Date,Transact. No.,Symbol,Buyer,Seller,Quantity,Rate,Amount
2020-09-07,2020090701028042,ACLBSL,38,52,11,709.00,"7,799.00"
2020-09-07,2020090701028041,ACLBSL,33,54,10,703.00,"7,030.00"
2020-09-07,2020090701027915,ACLBSL,1,29,10,705.00,"7,050.00"
2020-09-07,2020090701027914,ACLBSL,1,45,10,705.00,"7,050.00"
2020-09-07,2020090701027904,ACLBSL,33,36,217,703.00,"152,551.00"
2020-09-07,2020090701027751,ACLBSL,1,36,20,703.00,"14,060.00"
2020-09-07,2020090701027927,ADBL,34,51,10,424.00,"4,240.00"
2020-09-07,2020090701027776,ADBL,51,51,25,424.00,"10,600.00"
2020-09-07,2020090701027775,ADBL,51,49,50,424.00,"21,200.00"
2020-09-07,2020090701027774,ADBL,51,59,125,424.00,"53,000.00"
2020-09-07,2020090701027700,ADBL,36,48,150,423.00,"63,450.00"
2020-09-07,2020090701027699,ADBL,34,48,100,423.00,"42,300.00"
2020-09-07,2020090701028046,AHPC,58,33,100,120.00,"12,000.00"
2020-09-07,2020090701027771,AHPC,45,33,500,120.00,"60,000.00"
2020-09-07,2020090701027770,AHPC,58,33,895,120.00,"107,400.00"
2020-09-07,2020090701027930,AIL,34,51,10,511.00,"5,110.00"
2020-09-07,2020090701027929,AIL,34,57,10,511.00,"5,110.00"
2020-09-07,2020090701027928,AIL,34,41,10,511.00,"5,110.00"
2020-09-07,2020090701027918,AIL,55,1,20,508.00,"10,160.00"
2020-09-07,2020090701027917,AIL,29,1,80,508.00,"40,640.00"
2020-09-07,2020090701027819,AIL,29,16,10,508.00,"5,080.00"
2020-09-07,2020090701027817,AIL,58,41,60,510.00,"30,600.00"
2020-09-07,2020090701028045,AKPL,42,55,95,168.00,"15,960.00"
2020-09-07,2020090701028044,AKPL,42,40,405,168.00,"68,040.00"
2020-09-07,2020090701027888,AKPL,39,40,850,168.00,"142,800.00"
2020-09-07,2020090701027858,AKPL,34,40,10,168.00,"1,680.00"
2020-09-07,2020090701027853,AKPL,44,40,600,168.00,"100,800.00"
2020-09-07,2020090701027851,AKPL,58,44,10,167.00,"1,670.00"
2020-09-07,2020090701027717,AKPL,58,53,300,167.00,"50,100.00"
2020-09-07,2020090701027596,AKPL,58,38,100,167.00,"16,700.00"
2020-09-07,2020090701028048,ALICL,32,47,120,710.00,"85,200.00"
2020-09-07,2020090701028040,ALICL,1,56,87,709.00,"61,683.00"
2020-09-07,2020090701027960,ALICL,51,47,200,710.00,"142,000.00"
2020-09-07,2020090701027959,ALICL,47,47,20,710.00,"14,200.00"
2020-09-07,2020090701027958,ALICL,57,47,40,710.00,"28,400.00"
2020-09-07,2020090701027957,ALICL,32,47,250,715.00,"178,750.00"
2020-09-07,2020090701027652,ALICL,16,41,300,710.00,"213,000.00"
2020-09-07,2020090701027651,ALICL,41,41,11,710.00,"7,810.00"
2020-09-07,2020090701027921,ALICL,32,5,150,715.00,"107,250.00"
2020-09-07,2020090701027920,ALICL,32,57,100,715.00,"71,500.00"
2020-09-07,2020090701027866,ALICL,57,10,160,710.00,"113,600.00"
2020-09-07,2020090701027865,ALICL,1,10,311,710.00,"220,810.00"
2020-09-07,2020090701027711,ALICL,32,48,150,712.00,"106,800.00"
2020-09-07,2020090701027653,ALICL,1,41,89,710.00,"63,190.00"
2020-09-07,2020090701027823,API,21,58,10,128.00,"1,280.00"
2020-09-07,2020090701027681,API,58,58,200,128.00,"25,600.00"
2020-09-07,2020090701027954,BARUN,14,7,100,107.00,"10,700.00"
2020-09-07,2020090701027854,BFC,47,46,20,107.00,"2,140.00"
2020-09-07,2020090701028043,BOKL,34,47,38,232.00,"8,816.00"
2020-09-07,2020090701028031,BOKL,1,48,11,231.00,"2,541.00"
2020-09-07,2020090701028030,BOKL,29,48,100,231.00,"23,100.00"
2020-09-07,2020090701028029,BOKL,1,48,350,231.00,"80,850.00"
2020-09-07,2020090701028028,BOKL,41,48,200,231.00,"46,200.00"
2020-09-07,2020090701028027,BOKL,55,48,919,231.00,"212,289.00"
2020-09-07,2020090701027905,BPCL,51,14,227,380.00,"86,260.00"
2020-09-07,2020090701028066,CBBL,35,59,100,"1,097.00","109,700.00"
2020-09-07,2020090701028065,CBBL,43,59,354,"1,097.00","388,338.00"
2020-09-07,2020090701028037,CBBL,43,57,70,"1,097.00","76,790.00"
2020-09-07,2020090701028005,CBBL,43,44,46,"1,097.00","50,462.00"
2020-09-07,2020090701028004,CBBL,46,44,64,"1,097.00","70,208.00"
2020-09-07,2020090701028003,CBBL,35,44,90,"1,097.00","98,730.00"
2020-09-07,2020090701027814,CBBL,34,26,10,"1,098.00","10,980.00"
2020-09-07,2020090701027750,CBL,43,50,10,145.00,"1,450.00"
2020-09-07,2020090701027603,CBL,49,46,47,144.00,"6,768.00"
2020-09-07,2020090701027703,CCBL,34,19,456,171.00,"77,976.00"
2020-09-07,2020090701027773,CFCL,20,51,10,127.00,"1,270.00"
2020-09-07,2020090701027642,CHL,7,58,10,105.00,"1,050.00"
2020-09-07,2020090701027982,CIT,58,1,69,"3,250.00","224,250.00"
2020-09-07,2020090701027981,CIT,58,11,10,"3,250.00","32,500.00"
2020-09-07,2020090701027980,CIT,58,20,20,"3,250.00","65,000.00"
2020-09-07,2020090701027979,CIT,58,26,55,"3,250.00","178,750.00"
2020-09-07,2020090701027978,CIT,58,59,88,"3,250.00","286,000.00"
2020-09-07,2020090701027977,CIT,58,36,58,"3,245.00","188,210.00"
2020-09-07,2020090701027675,CIT,35,13,50,"3,245.00","162,250.00"
2020-09-07,2020090701027633,CIT,35,6,10,"3,245.00","32,450.00"
2020-09-07,2020090701027612,CIT,16,37,100,"3,250.00","325,000.00"
2020-09-07,2020090701027757,CIT,53,36,28,"3,234.00","90,552.00"
2020-09-07,2020090701027752,CIT,58,36,35,"3,234.00","113,190.00"
2020-09-07,2020090701027730,CIT,17,36,10,"3,234.00","32,340.00"
2020-09-07,2020090701027729,CIT,35,36,127,"3,245.00","412,115.00"
2020-09-07,2020090701027725,CIT,35,45,13,"3,245.00","42,185.00"
2020-09-07,2020090701027724,CIT,16,45,12,"3,250.00","39,000.00"
2020-09-07,2020090701027940,CIT,17,36,22,"3,245.00","71,390.00"
2020-09-07,2020090701027922,CIT,22,36,10,"3,245.00","32,450.00"
2020-09-07,2020090701027877,CIT,37,34,73,"3,250.00","237,250.00"
2020-09-07,2020090701027876,CIT,37,35,22,"3,249.00","71,478.00"
2020-09-07,2020090701027759,CIT,53,59,12,"3,250.00","39,000.00"
2020-09-07,2020090701027758,CIT,53,34,10,"3,249.00","32,490.00"
2020-09-07,2020090701027828,CLBSL,1,35,18,679.00,"12,222.00"
2020-09-07,2020090701027712,CLBSL,52,35,12,680.00,"8,160.00"
2020-09-07,2020090701027893,DDBL,42,14,20,863.00,"17,260.00"
2020-09-07,2020090701027892,DDBL,44,14,100,863.00,"86,300.00"
2020-09-07,2020090701027891,DDBL,44,14,10,863.00,"8,630.00"
2020-09-07,2020090701027879,DDBL,44,19,40,863.00,"34,520.00"
2020-09-07,2020090701027878,DDBL,33,19,160,864.00,"138,240.00"
2020-09-07,2020090701027784,DDBL,33,19,10,864.00,"8,640.00"
2020-09-07,2020090701027913,EBL,45,55,20,724.00,"14,480.00"
2020-09-07,2020090701027673,EBL,57,55,20,724.00,"14,480.00"
2020-09-07,2020090701027672,EBL,57,39,30,724.00,"21,720.00"
2020-09-07,2020090701027995,EIC,1,58,180,478.00,"86,040.00"
2020-09-07,2020090701027994,EIC,57,58,150,479.00,"71,850.00"
2020-09-07,2020090701027993,EIC,54,58,70,479.00,"33,530.00"
2020-09-07,2020090701027746,EIC,54,57,130,479.00,"62,270.00"
2020-09-07,2020090701027745,EIC,38,57,70,479.00,"33,530.00"
2020-09-07,2020090701027924,FMDBL,36,57,100,562.00,"56,200.00"
2020-09-07,2020090701027704,FMDBL,36,1,200,562.00,"112,400.00"
2020-09-07,2020090701027632,FMDBL,34,57,50,561.00,"28,050.00"
2020-09-07,2020090701027631,FMDBL,21,57,100,561.00,"56,100.00"
2020-09-07,2020090701027630,FMDBL,6,57,404,561.00,"226,644.00"
2020-09-07,2020090701027588,FMDBL,6,48,208,561.00,"116,688.00"
2020-09-07,2020090701028000,GBBL,32,39,100,237.00,"23,700.00"
2020-09-07,2020090701027999,GBBL,32,51,133,237.00,"31,521.00"
2020-09-07,2020090701027826,GBIME,59,1,10,263.00,"2,630.00"
2020-09-07,2020090701027962,GBLBS,39,21,164,530.00,"86,920.00"
2020-09-07,2020090701027961,GBLBS,13,21,171,530.00,"90,630.00"
2020-09-07,2020090701027813,GBLBS,13,54,200,530.00,"106,000.00"
2020-09-07,2020090701027812,GBLBS,45,54,50,531.00,"26,550.00"
2020-09-07,2020090701027811,GBLBS,7,54,50,531.00,"26,550.00"
2020-09-07,2020090701027743,GBLBS,45,45,50,532.00,"26,600.00"
2020-09-07,2020090701027723,GHL,43,26,20,68.00,"1,360.00"
2020-09-07,2020090701028063,GILB,42,34,35,"1,165.00","40,775.00"
2020-09-07,2020090701028062,GILB,55,34,150,"1,165.00","174,750.00"
2020-09-07,2020090701028061,GILB,29,34,50,"1,165.00","58,250.00"
2020-09-07,2020090701028060,GILB,50,34,10,"1,165.00","11,650.00"
2020-09-07,2020090701028059,GILB,25,34,10,"1,165.00","11,650.00"
2020-09-07,2020090701028058,GILB,25,34,10,"1,165.00","11,650.00"
2020-09-07,2020090701028057,GILB,47,34,109,"1,166.00","127,094.00"
2020-09-07,2020090701028056,GILB,14,34,50,"1,167.00","58,350.00"
2020-09-07,2020090701028023,GILB,14,57,50,"1,167.00","58,350.00"
2020-09-07,2020090701028034,GLBSL,45,35,11,771.00,"8,481.00"
2020-09-07,2020090701027976,GLBSL,56,35,19,772.00,"14,668.00"
2020-09-07,2020090701027641,GLICL,45,35,10,576.00,"5,760.00"
2020-09-07,2020090701027664,GUFL,54,46,10,124.00,"1,240.00"
2020-09-07,2020090701028016,HDHPC,50,45,10,96.00,960.00
2020-09-07,2020090701028064,HDL,1,6,65,"1,762.00","114,530.00"
2020-09-07,2020090701027919,HGI,26,54,500,464.00,"232,000.00"
2020-09-07,2020090701027997,HIDCL,33,34,500,143.00,"71,500.00"
2020-09-07,2020090701027950,HIDCL,33,50,291,143.00,"41,613.00"
2020-09-07,2020090701027949,HIDCL,49,50,100,143.00,"14,300.00"
2020-09-07,2020090701027948,HIDCL,45,50,200,143.00,"28,600.00"
2020-09-07,2020090701027947,HIDCL,6,50,10,143.00,"1,430.00"
2020-09-07,2020090701027946,HIDCL,58,50,25,143.00,"3,575.00"
2020-09-07,2020090701027945,HIDCL,28,50,374,143.00,"53,482.00"
2020-09-07,2020090701028077,IGI,11,19,100,514.00,"51,400.00"
2020-09-07,2020090701027850,ILBS,52,48,154,785.00,"120,890.00"
2020-09-07,2020090701028055,KMCDB,52,6,10,763.00,"7,630.00"
2020-09-07,2020090701027741,KPCL,25,39,50,128.00,"6,400.00"
2020-09-07,2020090701027610,LBBL,45,55,"1,449",181.00,"262,269.00"
2020-09-07,2020090701027609,LBBL,41,55,50,181.00,"9,050.00"
2020-09-07,2020090701027608,LBBL,34,55,100,181.00,"18,100.00"
2020-09-07,2020090701027607,LBBL,57,55,200,181.00,"36,200.00"
2020-09-07,2020090701027606,LBBL,28,55,500,181.00,"90,500.00"
2020-09-07,2020090701027605,LBBL,13,55,130,181.00,"23,530.00"
2020-09-07,2020090701027604,LBBL,51,55,471,181.00,"85,251.00"
2020-09-07,2020090701027720,LBL,6,19,394,235.00,"92,590.00"
2020-09-07,2020090701027719,LBL,11,19,"1,000",235.00,"235,000.00"
2020-09-07,2020090701027718,LBL,49,19,"1,606",235.00,"377,410.00"
2020-09-07,2020090701028076,MBL,25,14,401,224.00,"89,824.00"
2020-09-07,2020090701028075,MBL,35,14,250,224.00,"56,000.00"
2020-09-07,2020090701028074,MBL,22,14,500,224.00,"112,000.00"
2020-09-07,2020090701028073,MBL,51,14,100,224.00,"22,400.00"
2020-09-07,2020090701028072,MBL,14,14,100,224.00,"22,400.00"
2020-09-07,2020090701028071,MBL,38,14,300,224.00,"67,200.00"
2020-09-07,2020090701028070,MBL,45,14,49,224.00,"10,976.00"
2020-09-07,2020090701027964,MEGA,43,55,10,221.00,"2,210.00"
2020-09-07,2020090701027821,MEGA,59,13,109,220.00,"23,980.00"
2020-09-07,2020090701027820,MEGA,17,13,"3,541",220.00,"779,020.00"
2020-09-07,2020090701027637,MEGA,43,13,10,221.00,"2,210.00"
2020-09-07,2020090701028007,MERO,26,40,10,696.00,"6,960.00"
2020-09-07,2020090701027668,MERO,26,58,300,696.00,"208,800.00"
2020-09-07,2020090701027667,MERO,26,38,78,696.00,"54,288.00"
2020-09-07,2020090701027636,MERO,39,38,10,696.00,"6,960.00"
2020-09-07,2020090701028038,MFIL,34,26,100,284.00,"28,400.00"
2020-09-07,2020090701027938,MFIL,34,26,500,284.00,"142,000.00"
2020-09-07,2020090701027909,MLBBL,45,14,216,765.00,"165,240.00"
2020-09-07,2020090701027908,MLBBL,45,22,114,764.00,"87,096.00"
2020-09-07,2020090701027907,MLBBL,45,57,20,764.00,"15,280.00"
2020-09-07,2020090701027906,MLBBL,45,16,50,762.00,"38,100.00"
2020-09-07,2020090701027697,MLBL,33,52,16,194.00,"3,104.00"
2020-09-07,2020090701027895,MNBBL,26,59,280,321.00,"89,880.00"
2020-09-07,2020090701027894,MNBBL,37,59,20,321.00,"6,420.00"
2020-09-07,2020090701027590,MNBBL,54,22,50,322.00,"16,100.00"
2020-09-07,2020090701027589,MNBBL,45,22,178,323.00,"57,494.00"
2020-09-07,2020090701027593,MNBBL,34,22,165,322.00,"53,130.00"
2020-09-07,2020090701027592,MNBBL,33,22,"1,000",322.00,"322,000.00"
2020-09-07,2020090701027591,MNBBL,58,22,40,322.00,"12,880.00"
2020-09-07,2020090701028020,NABIL,58,51,25,849.00,"21,225.00"
2020-09-07,2020090701028019,NABIL,26,51,70,849.00,"59,430.00"
2020-09-07,2020090701028018,NABIL,32,51,490,849.00,"416,010.00"
2020-09-07,2020090701028017,NABIL,43,51,33,849.00,"28,017.00"
2020-09-07,2020090701027984,NABIL,32,54,10,849.00,"8,490.00"
2020-09-07,2020090701027983,NABIL,57,54,20,849.00,"16,980.00"
2020-09-07,2020090701027657,NABIL,45,45,70,849.00,"59,430.00"
2020-09-07,2020090701027890,NBB,45,50,45,198.00,"8,910.00"
2020-09-07,2020090701027889,NBB,43,50,39,198.00,"7,722.00"
2020-09-07,2020090701027656,NBB,43,17,61,198.00,"12,078.00"
2020-09-07,2020090701027655,NBB,38,17,439,198.00,"86,922.00"
2020-09-07,2020090701027635,NBB,38,50,"1,561",198.00,"309,078.00"
2020-09-07,2020090701027634,NBB,10,50,"2,439",198.00,"482,922.00"
2020-09-07,2020090701027618,NBB,29,34,300,199.00,"59,700.00"
2020-09-07,2020090701028032,NBL,19,22,200,299.00,"59,800.00"
2020-09-07,2020090701027944,NBL,10,22,118,299.00,"35,282.00"
2020-09-07,2020090701027848,NBL,47,47,165,298.00,"49,170.00"
2020-09-07,2020090701027847,NBL,11,47,200,298.00,"59,600.00"
2020-09-07,2020090701027846,NBL,48,47,50,298.00,"14,900.00"
2020-09-07,2020090701027845,NBL,56,47,100,298.00,"29,800.00"
2020-09-07,2020090701027772,NBL,42,42,300,299.00,"89,700.00"
2020-09-07,2020090701027716,NBL,59,42,182,299.00,"54,418.00"
2020-09-07,2020090701027715,NBL,59,13,118,299.00,"35,282.00"
2020-09-07,2020090701027832,NBL,1,47,500,298.00,"149,000.00"
2020-09-07,2020090701027831,NBL,17,47,200,298.00,"59,600.00"
2020-09-07,2020090701027830,NBL,1,47,200,298.00,"59,600.00"
2020-09-07,2020090701027829,NBL,34,47,785,298.00,"233,930.00"
2020-09-07,2020090701027804,NBL,6,22,82,299.00,"24,518.00"
2020-09-07,2020090701027803,NBL,6,42,18,299.00,"5,382.00"
2020-09-07,2020090701027838,NBL,34,47,50,298.00,"14,900.00"
2020-09-07,2020090701027837,NBL,49,47,"1,000",298.00,"298,000.00"
2020-09-07,2020090701027836,NBL,6,47,300,298.00,"89,400.00"
2020-09-07,2020090701027835,NBL,38,47,500,298.00,"149,000.00"
2020-09-07,2020090701027834,NBL,56,47,50,298.00,"14,900.00"
2020-09-07,2020090701027833,NBL,26,47,"1,000",298.00,"298,000.00"
2020-09-07,2020090701027844,NBL,45,47,500,298.00,"149,000.00"
2020-09-07,2020090701027843,NBL,41,47,150,298.00,"44,700.00"
2020-09-07,2020090701027842,NBL,34,47,150,298.00,"44,700.00"
2020-09-07,2020090701027841,NBL,1,47,100,298.00,"29,800.00"
2020-09-07,2020090701027840,NBL,14,47,500,298.00,"149,000.00"
2020-09-07,2020090701027839,NBL,39,47,500,298.00,"149,000.00"
2020-09-07,2020090701027988,NHPC,38,55,80,58.00,"4,640.00"
2020-09-07,2020090701027867,NHPC,38,55,10,58.00,580.00
2020-09-07,2020090701027808,NHPC,1,55,500,58.00,"29,000.00"
2020-09-07,2020090701027789,NHPC,6,55,10,58.00,580.00
2020-09-07,2020090701027788,NHPC,38,55,"2,000",58.00,"116,000.00"
2020-09-07,2020090701027787,NHPC,34,55,100,58.00,"5,800.00"
2020-09-07,2020090701027786,NHPC,17,55,"2,290",58.00,"132,820.00"
2020-09-07,2020090701027659,NHPC,50,55,10,59.00,590.00
2020-09-07,2020090701028022,NIB,41,36,178,420.00,"74,760.00"
2020-09-07,2020090701028021,NIB,51,36,30,420.00,"12,600.00"
2020-09-07,2020090701027987,NIB,51,52,20,420.00,"8,400.00"
2020-09-07,2020090701027986,NIB,52,52,36,420.00,"15,120.00"
2020-09-07,2020090701027985,NIB,43,52,100,420.00,"42,000.00"
2020-09-07,2020090701027886,NIB,35,36,80,421.00,"33,680.00"
2020-09-07,2020090701027687,NIB,17,45,29,421.00,"12,209.00"
2020-09-07,2020090701027693,NIB,52,37,54,421.00,"22,734.00"
2020-09-07,2020090701027692,NIB,45,37,200,421.00,"84,200.00"
2020-09-07,2020090701027691,NIB,11,37,100,421.00,"42,100.00"
2020-09-07,2020090701027690,NIB,43,37,50,421.00,"21,050.00"
2020-09-07,2020090701027689,NIB,1,37,100,421.00,"42,100.00"
2020-09-07,2020090701027688,NIB,17,37,50,421.00,"21,050.00"
2020-09-07,2020090701027869,NIB,52,36,200,421.00,"84,200.00"
2020-09-07,2020090701027727,NIB,35,36,200,421.00,"84,200.00"
2020-09-07,2020090701027726,NIB,29,36,312,421.00,"131,352.00"
2020-09-07,2020090701027696,NIB,29,37,138,421.00,"58,098.00"
2020-09-07,2020090701027695,NIB,36,37,"1,000",421.00,"421,000.00"
2020-09-07,2020090701027694,NIB,41,37,200,421.00,"84,200.00"
2020-09-07,2020090701028047,NICA,14,39,50,577.00,"28,850.00"
2020-09-07,2020090701027956,NICA,14,57,60,577.00,"34,620.00"
2020-09-07,2020090701027932,NICA,42,57,50,577.00,"28,850.00"
2020-09-07,2020090701027744,NICA,45,57,190,577.00,"109,630.00"
2020-09-07,2020090701027785,NICGF,45,56,"2,500",11.02,"27,550.00"
2020-09-07,2020090701028009,NICL,10,56,100,536.00,"53,600.00"
2020-09-07,2020090701028008,NICL,1,14,55,537.00,"29,535.00"
2020-09-07,2020090701027963,NICL,1,14,50,537.00,"26,850.00"
2020-09-07,2020090701027902,NICL,10,58,83,536.00,"44,488.00"
2020-09-07,2020090701027943,NIL,41,42,200,790.00,"158,000.00"
2020-09-07,2020090701027925,NIL,56,52,50,789.00,"39,450.00"
2020-09-07,2020090701027629,NIL,1,51,100,790.00,"79,000.00"
2020-09-07,2020090701027989,NLBBL,50,57,10,710.00,"7,100.00"
2020-09-07,2020090701028036,NLG,51,51,10,735.00,"7,350.00"
2020-09-07,2020090701027875,NLIC,57,58,440,"1,361.00","598,840.00"
2020-09-07,2020090701027874,NLIC,41,58,30,"1,361.00","40,830.00"
2020-09-07,2020090701027873,NLIC,38,58,15,"1,361.00","20,415.00"
2020-09-07,2020090701027872,NLIC,51,58,100,"1,361.00","136,100.00"
2020-09-07,2020090701027871,NLIC,26,58,365,"1,362.00","497,130.00"
2020-09-07,2020090701027870,NLIC,42,58,50,"1,362.00","68,100.00"
2020-09-07,2020090701028078,NLICL,55,29,500,759.00,"379,500.00"
2020-09-07,2020090701027882,NLICL,6,29,500,759.00,"379,500.00"
2020-09-07,2020090701027881,NLICL,6,43,200,759.00,"151,800.00"
2020-09-07,2020090701027880,NLICL,6,25,50,759.00,"37,950.00"
2020-09-07,2020090701027650,NLICL,6,37,100,758.00,"75,800.00"
2020-09-07,2020090701028051,NMB,33,42,29,419.00,"12,151.00"
2020-09-07,2020090701027797,NMB,34,42,100,420.00,"42,000.00"
2020-09-07,2020090701027754,NMB,33,38,50,419.00,"20,950.00"
2020-09-07,2020090701027733,NMB,33,41,300,419.00,"125,700.00"
2020-09-07,2020090701027714,NMB,26,42,30,420.00,"12,600.00"
2020-09-07,2020090701027686,NMB,33,56,200,419.00,"83,800.00"
2020-09-07,2020090701027621,NMB,14,35,600,419.00,"251,400.00"
2020-09-07,2020090701027620,NMB,51,35,30,419.00,"12,570.00"
2020-09-07,2020090701027619,NMB,36,35,393,419.00,"164,667.00"
2020-09-07,2020090701027587,NMB,36,38,147,419.00,"61,593.00"
2020-09-07,2020090701027627,NMB,33,35,"1,858",419.00,"778,502.00"
2020-09-07,2020090701027626,NMB,48,35,50,419.00,"20,950.00"
2020-09-07,2020090701027625,NMB,57,35,50,419.00,"20,950.00"
2020-09-07,2020090701027624,NMB,58,35,500,419.00,"209,500.00"
2020-09-07,2020090701027623,NMB,16,35,500,419.00,"209,500.00"
2020-09-07,2020090701027622,NMB,52,35,500,419.00,"209,500.00"
2020-09-07,2020090701027755,NMBMF,6,35,18,779.00,"14,022.00"
2020-09-07,2020090701028054,NRIC,29,52,20,856.00,"17,120.00"
2020-09-07,2020090701028052,NRIC,57,52,50,856.00,"42,800.00"
2020-09-07,2020090701028049,NRIC,6,52,100,856.00,"85,600.00"
2020-09-07,2020090701028024,NRIC,39,52,50,856.00,"42,800.00"
2020-09-07,2020090701028012,NRIC,59,52,500,856.00,"428,000.00"
2020-09-07,2020090701028011,NRIC,35,52,50,856.00,"42,800.00"
2020-09-07,2020090701027584,NRIC,55,55,100,856.00,"85,600.00"
2020-09-07,2020090701027583,NRIC,45,55,50,856.00,"42,800.00"
2020-09-07,2020090701027582,NRIC,57,55,10,856.00,"8,560.00"
2020-09-07,2020090701027581,NRIC,37,55,500,856.00,"428,000.00"
2020-09-07,2020090701027580,NRIC,42,55,20,856.00,"17,120.00"
2020-09-07,2020090701027579,NRIC,54,55,75,856.00,"64,200.00"
2020-09-07,2020090701027638,NRIC,58,38,30,856.00,"25,680.00"
2020-09-07,2020090701027611,NRIC,48,13,10,857.00,"8,570.00"
2020-09-07,2020090701027598,NRIC,44,13,20,857.00,"17,140.00"
2020-09-07,2020090701027597,NRIC,44,43,30,857.00,"25,710.00"
2020-09-07,2020090701027586,NRIC,57,55,45,856.00,"38,520.00"
2020-09-07,2020090701027585,NRIC,44,55,200,856.00,"171,200.00"
2020-09-07,2020090701027646,NRIC,25,40,100,856.00,"85,600.00"
2020-09-07,2020090701027645,NRIC,3,40,10,856.00,"8,560.00"
2020-09-07,2020090701027644,NRIC,34,40,10,856.00,"8,560.00"
2020-09-07,2020090701027643,NRIC,53,40,40,856.00,"34,240.00"
2020-09-07,2020090701027640,NRIC,53,38,60,856.00,"51,360.00"
2020-09-07,2020090701027639,NRIC,22,38,50,856.00,"42,800.00"
2020-09-07,2020090701027665,NRIC,42,14,150,857.00,"128,550.00"
2020-09-07,2020090701027661,NRIC,29,7,135,856.00,"115,560.00"
2020-09-07,2020090701027660,NRIC,26,7,65,856.00,"55,640.00"
2020-09-07,2020090701027649,NRIC,26,40,35,856.00,"29,960.00"
2020-09-07,2020090701027648,NRIC,51,40,100,856.00,"85,600.00"
2020-09-07,2020090701027647,NRIC,38,40,200,856.00,"171,200.00"
2020-09-07,2020090701027701,NRIC,29,42,40,856.00,"34,240.00"
2020-09-07,2020090701027685,NRIC,29,25,10,857.00,"8,570.00"
2020-09-07,2020090701027671,NRIC,40,25,270,857.00,"231,390.00"
2020-09-07,2020090701027670,NRIC,40,25,10,857.00,"8,570.00"
2020-09-07,2020090701027669,NRIC,40,13,20,857.00,"17,140.00"
2020-09-07,2020090701027666,NRIC,42,13,50,857.00,"42,850.00"
2020-09-07,2020090701027738,NRIC,45,38,20,856.00,"17,120.00"
2020-09-07,2020090701027737,NRIC,52,38,20,856.00,"17,120.00"
2020-09-07,2020090701027710,NRIC,57,7,5,856.00,"4,280.00"
2020-09-07,2020090701027709,NRIC,19,7,10,856.00,"8,560.00"
2020-09-07,2020090701027708,NRIC,29,7,25,856.00,"21,400.00"
2020-09-07,2020090701027702,NRIC,25,25,30,857.00,"25,710.00"
2020-09-07,2020090701027806,NRIC,17,29,10,856.00,"8,560.00"
2020-09-07,2020090701027793,NRIC,16,29,40,856.00,"34,240.00"
2020-09-07,2020090701027791,NRIC,40,38,200,856.00,"171,200.00"
2020-09-07,2020090701027782,NRIC,11,38,10,856.00,"8,560.00"
2020-09-07,2020090701027740,NRIC,52,38,50,856.00,"42,800.00"
2020-09-07,2020090701027739,NRIC,41,38,100,856.00,"85,600.00"
2020-09-07,2020090701027824,NRIC,37,40,40,856.00,"34,240.00"
2020-09-07,2020090701027822,NRIC,54,40,200,856.00,"171,200.00"
2020-09-07,2020090701027815,NRIC,45,40,100,856.00,"85,600.00"
2020-09-07,2020090701027810,NRIC,45,40,370,856.00,"316,720.00"
2020-09-07,2020090701027809,NRIC,45,26,10,856.00,"8,560.00"
2020-09-07,2020090701027807,NRIC,17,26,40,856.00,"34,240.00"
2020-09-07,2020090701027926,NRIC,33,29,50,856.00,"42,800.00"
2020-09-07,2020090701027923,NRIC,25,29,200,856.00,"171,200.00"
2020-09-07,2020090701027864,NRIC,29,29,20,856.00,"17,120.00"
2020-09-07,2020090701027855,NRIC,33,29,500,856.00,"428,000.00"
2020-09-07,2020090701027852,NRIC,34,29,10,856.00,"8,560.00"
2020-09-07,2020090701027825,NRIC,37,3,20,856.00,"17,120.00"
2020-09-07,2020090701028010,NRIC,41,52,20,856.00,"17,120.00"
2020-09-07,2020090701027975,NRIC,37,25,200,857.00,"171,400.00"
2020-09-07,2020090701027955,NRIC,46,25,40,857.00,"34,280.00"
2020-09-07,2020090701027936,NRIC,41,32,30,856.00,"25,680.00"
2020-09-07,2020090701027935,NRIC,41,41,30,856.00,"25,680.00"
2020-09-07,2020090701027934,NRIC,41,29,220,856.00,"188,320.00"
2020-09-07,2020090701027753,NRN,11,48,20,436.00,"8,720.00"
2020-09-07,2020090701028069,OHL,17,56,50,340.00,"17,000.00"
2020-09-07,2020090701027898,OHL,35,56,40,341.00,"13,640.00"
2020-09-07,2020090701027897,OHL,28,56,50,341.00,"17,050.00"
2020-09-07,2020090701027896,OHL,33,56,10,341.00,"3,410.00"
2020-09-07,2020090701028015,PCBL,44,49,"1,588",278.00,"441,464.00"
2020-09-07,2020090701028014,PCBL,44,47,300,278.00,"83,400.00"
2020-09-07,2020090701028013,PCBL,44,26,112,278.00,"31,136.00"
2020-09-07,2020090701027903,PCBL,19,26,110,278.00,"30,580.00"
2020-09-07,2020090701027762,PIC,33,35,150,734.00,"110,100.00"
2020-09-07,2020090701027761,PIC,52,35,50,734.00,"36,700.00"
2020-09-07,2020090701027760,PIC,57,35,25,734.00,"18,350.00"
2020-09-07,2020090701027728,PIC,56,44,360,735.00,"264,600.00"
2020-09-07,2020090701027734,PICL,58,7,30,532.00,"15,960.00"
2020-09-07,2020090701027674,PLIC,45,51,54,636.00,"34,344.00"
2020-09-07,2020090701027602,PLIC,45,25,100,636.00,"63,600.00"
2020-09-07,2020090701027682,PPCL,14,6,20,134.00,"2,680.00"
2020-09-07,2020090701028001,PRIN,37,19,65,579.00,"37,635.00"
2020-09-07,2020090701027953,PRIN,40,38,50,580.00,"29,000.00"
2020-09-07,2020090701027952,PRIN,40,38,100,580.00,"58,000.00"
2020-09-07,2020090701027951,PRIN,40,19,150,580.00,"87,000.00"
2020-09-07,2020090701027916,PRIN,37,45,35,579.00,"20,265.00"
2020-09-07,2020090701027713,PRIN,38,19,100,580.00,"58,000.00"
2020-09-07,2020090701028067,PRVU,36,34,116,229.00,"26,564.00"
2020-09-07,2020090701028006,PRVU,4,43,250,230.00,"57,500.00"
2020-09-07,2020090701027805,PRVU,36,57,196,229.00,"44,884.00"
2020-09-07,2020090701027595,PRVU,36,43,37,230.00,"8,510.00"
2020-09-07,2020090701027594,PRVU,36,14,163,230.00,"37,490.00"
2020-09-07,2020090701028053,RADHI,32,14,11,230.00,"2,530.00"
2020-09-07,2020090701028026,RADHI,43,25,11,230.00,"2,530.00"
2020-09-07,2020090701027684,RADHI,32,41,12,228.00,"2,736.00"
2020-09-07,2020090701027683,RADHI,32,41,12,228.00,"2,736.00"
2020-09-07,2020090701027816,RBCL,50,39,10,"9,755.00","97,550.00"
2020-09-07,2020090701027901,RHPC,45,1,200,101.00,"20,200.00"
2020-09-07,2020090701027900,RHPC,57,1,382,101.00,"38,582.00"
2020-09-07,2020090701027899,RHPC,32,1,622,101.00,"62,822.00"
2020-09-07,2020090701027863,RHPC,57,54,18,101.00,"1,818.00"
2020-09-07,2020090701028025,RHPL,34,37,10,163.00,"1,630.00"
2020-09-07,2020090701027931,RHPL,34,39,20,162.00,"3,240.00"
2020-09-07,2020090701027801,RHPL,50,6,10,161.00,"1,610.00"
2020-09-07,2020090701027800,RHPL,50,4,40,161.00,"6,440.00"
2020-09-07,2020090701027912,RMDC,38,6,140,874.00,"122,360.00"
2020-09-07,2020090701027911,RMDC,38,38,203,872.00,"177,016.00"
2020-09-07,2020090701027910,RMDC,38,33,50,871.00,"43,550.00"
2020-09-07,2020090701027885,RMDC,25,36,20,870.00,"17,400.00"
2020-09-07,2020090701027884,RMDC,50,36,50,870.00,"43,500.00"
2020-09-07,2020090701027883,RMDC,41,36,50,870.00,"43,500.00"
2020-09-07,2020090701027860,RMDC,50,33,50,871.00,"43,550.00"
2020-09-07,2020090701027857,RMDC,45,33,80,871.00,"69,680.00"
2020-09-07,2020090701027856,RMDC,45,58,20,871.00,"17,420.00"
2020-09-07,2020090701027849,RMDC,11,58,20,871.00,"17,420.00"
2020-09-07,2020090701027722,RMDC,6,58,60,871.00,"52,260.00"
2020-09-07,2020090701027721,RMDC,6,51,40,871.00,"34,840.00"
2020-09-07,2020090701027998,SANIMA,35,46,100,344.00,"34,400.00"
2020-09-07,2020090701027996,SANIMA,51,46,100,344.00,"34,400.00"
2020-09-07,2020090701027796,SBI,25,45,88,420.00,"36,960.00"
2020-09-07,2020090701027795,SBI,34,45,112,420.00,"47,040.00"
2020-09-07,2020090701027794,SBI,41,45,100,421.00,"42,100.00"
2020-09-07,2020090701027616,SBI,34,36,38,420.00,"15,960.00"
2020-09-07,2020090701027615,SBI,48,36,50,421.00,"21,050.00"
2020-09-07,2020090701027614,SBI,52,36,130,421.00,"54,730.00"
2020-09-07,2020090701027780,SBL,10,34,231,301.00,"69,531.00"
2020-09-07,2020090701027779,SBL,10,5,"1,000",301.00,"301,000.00"
2020-09-07,2020090701027778,SBL,10,19,21,301.00,"6,321.00"
2020-09-07,2020090701027777,SBL,10,50,"2,800",301.00,"842,800.00"
2020-09-07,2020090701027769,SCB,33,43,20,658.00,"13,160.00"
2020-09-07,2020090701027731,SFCL,28,33,100,112.00,"11,200.00"
2020-09-07,2020090701027887,SHIVM,1,28,20,700.00,"14,000.00"
2020-09-07,2020090701027799,SHIVM,1,28,100,700.00,"70,000.00"
2020-09-07,2020090701027798,SHIVM,49,28,"1,329",700.00,"930,300.00"
2020-09-07,2020090701027781,SHIVM,45,10,300,701.00,"210,300.00"
2020-09-07,2020090701027742,SHIVM,13,10,50,701.00,"35,050.00"
2020-09-07,2020090701027613,SHIVM,49,32,100,700.00,"70,000.00"
2020-09-07,2020090701027601,SHIVM,49,40,10,700.00,"7,000.00"
2020-09-07,2020090701027600,SHIVM,29,40,10,701.00,"7,010.00"
2020-09-07,2020090701027628,SHL,16,50,100,158.00,"15,800.00"
2020-09-07,2020090701027654,SHPC,38,45,25,257.00,"6,425.00"
2020-09-07,2020090701028033,SICL,58,33,310,"1,340.00","415,400.00"
2020-09-07,2020090701027992,SICL,39,33,25,"1,340.00","33,500.00"
2020-09-07,2020090701027991,SICL,39,38,165,"1,340.00","221,100.00"
2020-09-07,2020090701027990,SICL,39,58,10,"1,340.00","13,400.00"
2020-09-07,2020090701027827,SICL,58,46,90,"1,337.00","120,330.00"
2020-09-07,2020090701027763,SICL,35,46,20,"1,340.00","26,800.00"
2020-09-07,2020090701027790,SICL,45,46,18,"1,337.00","24,066.00"
2020-09-07,2020090701027768,SICL,45,46,50,"1,337.00","66,850.00"
2020-09-07,2020090701027767,SICL,42,46,20,"1,337.00","26,740.00"
2020-09-07,2020090701027766,SICL,6,46,270,"1,337.00","360,990.00"
2020-09-07,2020090701027765,SICL,45,46,182,"1,338.00","243,516.00"
2020-09-07,2020090701027764,SICL,56,46,100,"1,339.00","133,900.00"
2020-09-07,2020090701027942,SIFC,6,57,72,156.00,"11,232.00"
2020-09-07,2020090701027941,SIFC,6,56,"1,445",156.00,"225,420.00"
2020-09-07,2020090701027862,SIL,44,7,149,738.00,"109,962.00"
2020-09-07,2020090701027861,SIL,26,7,51,738.00,"37,638.00"
2020-09-07,2020090701027707,SIL,26,59,49,738.00,"36,162.00"
2020-09-07,2020090701027706,SIL,3,59,101,738.00,"74,538.00"
2020-09-07,2020090701028050,SINDU,34,11,10,127.00,"1,270.00"
2020-09-07,2020090701027698,SLBSL,52,41,10,795.00,"7,950.00"
2020-09-07,2020090701028039,SLICL,44,29,10,566.00,"5,660.00"
2020-09-07,2020090701027974,SLICL,57,29,500,566.00,"283,000.00"
2020-09-07,2020090701027973,SLICL,19,29,100,566.00,"56,600.00"
2020-09-07,2020090701027972,SLICL,6,29,40,566.00,"22,640.00"
2020-09-07,2020090701027971,SLICL,16,29,20,566.00,"11,320.00"
2020-09-07,2020090701027970,SLICL,38,29,100,566.00,"56,600.00"
2020-09-07,2020090701027783,SLICL,38,57,500,566.00,"283,000.00"
2020-09-07,2020090701027599,SLICL,14,45,100,567.00,"56,700.00"
2020-09-07,2020090701027969,SLICL,21,29,50,566.00,"28,300.00"
2020-09-07,2020090701027968,SLICL,58,29,500,566.00,"283,000.00"
2020-09-07,2020090701027967,SLICL,41,29,120,566.00,"67,920.00"
2020-09-07,2020090701027966,SLICL,3,29,50,566.00,"28,300.00"
2020-09-07,2020090701027965,SLICL,25,29,100,566.00,"56,600.00"
2020-09-07,2020090701027933,SLICL,4,34,495,566.00,"280,170.00"
2020-09-07,2020090701027736,SMB,34,1,10,866.00,"8,660.00"
2020-09-07,2020090701027735,SMB,34,59,10,860.00,"8,600.00"
2020-09-07,2020090701027802,SMFBS,33,45,30,974.00,"29,220.00"
2020-09-07,2020090701027859,SPDL,14,38,10,132.00,"1,320.00"
2020-09-07,2020090701027662,SRBL,46,6,200,229.00,"45,800.00"
2020-09-07,2020090701028035,STC,19,41,30,"3,082.00","92,460.00"
2020-09-07,2020090701027937,STC,34,41,10,"3,090.00","30,900.00"
2020-09-07,2020090701027749,STC,10,38,250,"3,095.00","773,750.00"
2020-09-07,2020090701027748,STC,10,34,10,"3,090.00","30,900.00"
2020-09-07,2020090701027747,STC,10,17,50,"3,090.00","154,500.00"
2020-09-07,2020090701027680,SWBBL,18,47,15,"1,256.00","18,840.00"
2020-09-07,2020090701027679,SWBBL,18,5,50,"1,255.00","62,750.00"
2020-09-07,2020090701027678,SWBBL,18,25,55,"1,254.00","68,970.00"
2020-09-07,2020090701027677,SWBBL,18,28,20,"1,254.00","25,080.00"
2020-09-07,2020090701027676,SWBBL,18,57,52,"1,254.00","65,208.00"
2020-09-07,2020090701028068,UIC,26,34,100,417.00,"41,700.00"
2020-09-07,2020090701027868,UIC,44,25,200,416.00,"83,200.00"
2020-09-07,2020090701027732,UIC,14,34,150,417.00,"62,550.00"
2020-09-07,2020090701027705,UIC,28,34,100,417.00,"41,700.00"
2020-09-07,2020090701027939,UPCL,48,42,100,101.00,"10,100.00"
2020-09-07,2020090701027818,UPCL,45,59,100,100.00,"10,000.00"
2020-09-07,2020090701027792,UPCL,45,37,70,100.00,"7,000.00"
2020-09-07,2020090701027756,UPCL,48,42,100,101.00,"10,100.00"
2020-09-07,2020090701027617,UPCL,45,42,600,100.00,"60,000.00"
2020-09-07,2020090701028002,UPPER,45,48,200,244.00,"48,800.00"
2020-09-07,2020090701027663,UPPER,57,48,100,244.00,"24,400.00"
2020-09-07,2020090701027658,UPPER,57,42,40,244.00,"9,760.00"
2020-09-07,2020090701027531,ACLBSL,25,36,10,703.00,"7,030.00"
2020-09-07,2020090701027379,ACLBSL,33,36,353,703.00,"248,159.00"
2020-09-07,2020090701027220,ACLBSL,33,26,10,703.00,"7,030.00"
2020-09-07,2020090701027252,ADBL,38,59,200,424.00,"84,800.00"
2020-09-07,2020090701027211,ADBL,41,59,150,424.00,"63,600.00"
2020-09-07,2020090701027553,AHPC,58,51,"1,000",120.00,"120,000.00"
2020-09-07,2020090701027507,AIL,29,51,10,508.00,"5,080.00"
2020-09-07,2020090701027441,AIL,46,26,20,510.00,"10,200.00"
2020-09-07,2020090701027440,AIL,46,26,30,510.00,"15,300.00"
2020-09-07,2020090701027439,AIL,46,32,10,510.00,"5,100.00"
2020-09-07,2020090701027438,AIL,46,26,10,510.00,"5,100.00"
2020-09-07,2020090701027437,AIL,46,58,20,510.00,"10,200.00"
2020-09-07,2020090701027427,AIL,14,36,70,509.00,"35,630.00"
2020-09-07,2020090701027298,AIL,14,57,10,509.00,"5,090.00"
2020-09-07,2020090701027240,AIL,14,51,10,509.00,"5,090.00"
2020-09-07,2020090701027181,AIL,14,42,10,509.00,"5,090.00"
2020-09-07,2020090701027436,AIL,46,56,10,509.00,"5,090.00"
2020-09-07,2020090701027432,AIL,29,36,100,508.00,"50,800.00"
2020-09-07,2020090701027431,AIL,45,36,50,508.00,"25,400.00"
2020-09-07,2020090701027430,AIL,44,36,100,508.00,"50,800.00"
2020-09-07,2020090701027429,AIL,36,36,80,508.00,"40,640.00"
2020-09-07,2020090701027428,AIL,58,36,100,509.00,"50,900.00"
2020-09-07,2020090701027541,AKJCL,51,39,200,67.00,"13,400.00"
2020-09-07,2020090701027305,AKJCL,42,38,175,66.00,"11,550.00"
2020-09-07,2020090701027304,AKJCL,45,38,25,67.00,"1,675.00"
2020-09-07,2020090701027297,AKJCL,45,14,175,67.00,"11,725.00"
2020-09-07,2020090701027412,AKPL,34,40,10,168.00,"1,680.00"
2020-09-07,2020090701027113,AKPL,58,36,"3,500",167.00,"584,500.00"
2020-09-07,2020090701027138,AKPL,58,16,10,167.00,"1,670.00"
2020-09-07,2020090701027215,AKPL,58,10,200,167.00,"33,400.00"
2020-09-07,2020090701027566,ALBSL,28,13,76,922.00,"70,072.00"
2020-09-07,2020090701027565,ALBSL,28,57,100,922.00,"92,200.00"
2020-09-07,2020090701027400,ALBSL,28,14,13,904.00,"11,752.00"
2020-09-07,2020090701027399,ALBSL,28,16,100,900.00,"90,000.00"
2020-09-07,2020090701027398,ALBSL,28,42,11,897.00,"9,867.00"
2020-09-07,2020090701027126,ALBSL,28,13,11,875.00,"9,625.00"
2020-09-07,2020090701027079,ALBSL,28,34,135,879.00,"118,665.00"
2020-09-07,2020090701027132,ALBSL,28,57,11,880.00,"9,680.00"
2020-09-07,2020090701027131,ALBSL,28,16,200,880.00,"176,000.00"
2020-09-07,2020090701027130,ALBSL,28,18,500,880.00,"440,000.00"
2020-09-07,2020090701027129,ALBSL,28,32,11,880.00,"9,680.00"
2020-09-07,2020090701027128,ALBSL,28,45,72,880.00,"63,360.00"
2020-09-07,2020090701027127,ALBSL,28,34,65,879.00,"57,135.00"
2020-09-07,2020090701027192,ALBSL,28,51,12,870.00,"10,440.00"
2020-09-07,2020090701027136,ALBSL,28,49,68,880.00,"59,840.00"
2020-09-07,2020090701027135,ALBSL,28,19,11,880.00,"9,680.00"
2020-09-07,2020090701027134,ALBSL,28,35,11,880.00,"9,680.00"
2020-09-07,2020090701027133,ALBSL,28,6,40,880.00,"35,200.00"
2020-09-07,2020090701027198,ALBSL,28,51,35,883.00,"30,905.00"
2020-09-07,2020090701027197,ALBSL,28,7,20,882.00,"17,640.00"
2020-09-07,2020090701027196,ALBSL,28,48,250,881.00,"220,250.00"
2020-09-07,2020090701027195,ALBSL,28,57,11,880.00,"9,680.00"
2020-09-07,2020090701027194,ALBSL,28,22,11,880.00,"9,680.00"
2020-09-07,2020090701027193,ALBSL,28,49,32,880.00,"28,160.00"
2020-09-07,2020090701027204,ALBSL,28,21,11,885.00,"9,735.00"
2020-09-07,2020090701027203,ALBSL,28,25,11,885.00,"9,735.00"
2020-09-07,2020090701027202,ALBSL,28,49,50,885.00,"44,250.00"
2020-09-07,2020090701027201,ALBSL,28,22,40,884.00,"35,360.00"
2020-09-07,2020090701027200,ALBSL,28,34,20,884.00,"17,680.00"
2020-09-07,2020090701027199,ALBSL,28,28,150,884.00,"132,600.00"
2020-09-07,2020090701027210,ALBSL,28,16,194,887.00,"172,078.00"
2020-09-07,2020090701027209,ALBSL,28,6,10,886.00,"8,860.00"
2020-09-07,2020090701027208,ALBSL,28,57,100,886.00,"88,600.00"
2020-09-07,2020090701027207,ALBSL,28,45,11,885.00,"9,735.00"
2020-09-07,2020090701027206,ALBSL,28,58,21,885.00,"18,585.00"
2020-09-07,2020090701027205,ALBSL,28,16,11,885.00,"9,735.00"
2020-09-07,2020090701027257,ALBSL,28,16,200,887.00,"177,400.00"
2020-09-07,2020090701027256,ALBSL,28,42,11,887.00,"9,757.00"
2020-09-07,2020090701027255,ALBSL,28,45,20,887.00,"17,740.00"
2020-09-07,2020090701027254,ALBSL,28,26,200,887.00,"177,400.00"
2020-09-07,2020090701027253,ALBSL,28,16,306,887.00,"271,422.00"
2020-09-07,2020090701027317,ALBSL,28,17,100,875.00,"87,500.00"
2020-09-07,2020090701027262,ALBSL,28,41,61,888.00,"54,168.00"
2020-09-07,2020090701027261,ALBSL,28,33,80,888.00,"71,040.00"
2020-09-07,2020090701027260,ALBSL,28,41,11,888.00,"9,768.00"
2020-09-07,2020090701027259,ALBSL,28,48,100,888.00,"88,800.00"
2020-09-07,2020090701027258,ALBSL,28,25,11,888.00,"9,768.00"
2020-09-07,2020090701027323,ALBSL,28,32,105,895.00,"93,975.00"
2020-09-07,2020090701027322,ALBSL,28,16,100,895.00,"89,500.00"
2020-09-07,2020090701027321,ALBSL,28,32,45,895.00,"40,275.00"
2020-09-07,2020090701027320,ALBSL,28,37,11,893.00,"9,823.00"
2020-09-07,2020090701027319,ALBSL,28,41,83,888.00,"73,704.00"
2020-09-07,2020090701027318,ALBSL,28,48,220,880.00,"193,600.00"
2020-09-07,2020090701027329,ALBSL,28,14,87,904.00,"78,648.00"
2020-09-07,2020090701027328,ALBSL,28,49,11,895.00,"9,845.00"
2020-09-07,2020090701027327,ALBSL,28,16,11,895.00,"9,845.00"
2020-09-07,2020090701027326,ALBSL,28,58,166,895.00,"148,570.00"
2020-09-07,2020090701027325,ALBSL,28,6,50,895.00,"44,750.00"
2020-09-07,2020090701027324,ALBSL,28,49,11,895.00,"9,845.00"
2020-09-07,2020090701027354,ALICL,45,48,50,712.00,"35,600.00"
2020-09-07,2020090701027284,ALICL,43,25,50,711.00,"35,550.00"
2020-09-07,2020090701027283,ALICL,25,25,50,711.00,"35,550.00"
2020-09-07,2020090701027374,API,6,36,"1,017",128.00,"130,176.00"
2020-09-07,2020090701027373,API,6,58,10,128.00,"1,280.00"
2020-09-07,2020090701027372,API,6,54,255,128.00,"32,640.00"
2020-09-07,2020090701027332,BOKL,34,32,100,232.00,"23,200.00"
2020-09-07,2020090701027331,BOKL,59,32,13,232.00,"3,016.00"
2020-09-07,2020090701027309,CBBL,35,42,10,"1,097.00","10,970.00"
2020-09-07,2020090701027112,CBBL,39,47,10,"1,097.00","10,970.00"
2020-09-07,2020090701027406,CBL,49,6,441,144.00,"63,504.00"
2020-09-07,2020090701027391,CBL,28,50,200,145.00,"29,000.00"
2020-09-07,2020090701027168,CCBL,55,59,200,172.00,"34,400.00"
2020-09-07,2020090701027167,CCBL,55,32,900,172.00,"154,800.00"
2020-09-07,2020090701027459,CHCL,40,26,20,435.00,"8,700.00"
2020-09-07,2020090701027316,CHCL,40,21,96,435.00,"41,760.00"
2020-09-07,2020090701027315,CHCL,40,21,190,435.00,"82,650.00"
2020-09-07,2020090701027569,CIT,5,42,20,"3,249.00","64,980.00"
2020-09-07,2020090701027504,CIT,18,42,10,"3,249.00","32,490.00"
2020-09-07,2020090701027503,CIT,18,50,10,"3,249.00","32,490.00"
2020-09-07,2020090701027502,CIT,18,45,10,"3,249.00","32,490.00"
2020-09-07,2020090701027443,CIT,22,58,10,"3,248.00","32,480.00"
2020-09-07,2020090701027442,CIT,22,57,12,"3,240.00","38,880.00"
2020-09-07,2020090701027242,CIT,58,35,206,"3,245.00","668,470.00"
2020-09-07,2020090701027162,CIT,58,36,10,"3,240.00","32,400.00"
2020-09-07,2020090701027161,CIT,58,34,10,"3,239.00","32,390.00"
2020-09-07,2020090701027407,CIT,20,57,100,"3,240.00","324,000.00"
2020-09-07,2020090701027404,CIT,19,57,10,"3,240.00","32,400.00"
2020-09-07,2020090701027402,CIT,26,57,48,"3,245.00","155,760.00"
2020-09-07,2020090701027383,CIT,26,41,22,"3,245.00","71,390.00"
2020-09-07,2020090701027295,CIT,7,58,10,"3,248.00","32,480.00"
2020-09-07,2020090701027243,CIT,26,35,10,"3,245.00","32,450.00"
2020-09-07,2020090701027311,DDBL,47,19,100,864.00,"86,400.00"
2020-09-07,2020090701027080,DDBL,45,8,100,865.00,"86,500.00"
2020-09-07,2020090701027563,EBL,11,55,10,724.00,"7,240.00"
2020-09-07,2020090701027294,EBL,11,55,10,724.00,"7,240.00"
2020-09-07,2020090701027445,EIC,38,58,230,479.00,"110,170.00"
2020-09-07,2020090701027276,EIC,29,58,100,479.00,"47,900.00"
2020-09-07,2020090701027492,FMDBL,6,45,100,561.00,"56,100.00"
2020-09-07,2020090701027460,FMDBL,6,14,150,561.00,"84,150.00"
2020-09-07,2020090701027296,FMDBL,6,45,200,561.00,"112,200.00"
2020-09-07,2020090701027286,FMDBL,6,1,358,561.00,"200,838.00"
2020-09-07,2020090701027547,GBBL,57,33,116,236.00,"27,376.00"
2020-09-07,2020090701027231,GBBL,57,42,20,236.00,"4,720.00"
2020-09-07,2020090701027499,GBIME,1,13,75,261.00,"19,575.00"
2020-09-07,2020090701027494,GBIME,37,13,445,260.00,"115,700.00"
2020-09-07,2020090701027493,GBIME,49,13,155,260.00,"40,300.00"
2020-09-07,2020090701027452,GBIME,41,13,300,261.00,"78,300.00"
2020-09-07,2020090701027446,GBIME,6,13,270,261.00,"70,470.00"
2020-09-07,2020090701027422,GBIME,38,13,200,261.00,"52,200.00"
2020-09-07,2020090701027081,GBIME,41,42,200,261.00,"52,200.00"
2020-09-07,2020090701027421,GBIME,41,13,100,261.00,"26,100.00"
2020-09-07,2020090701027420,GBIME,57,13,105,261.00,"27,405.00"
2020-09-07,2020090701027250,GBIME,57,47,95,261.00,"24,795.00"
2020-09-07,2020090701027249,GBIME,22,47,200,261.00,"52,200.00"
2020-09-07,2020090701027248,GBIME,21,47,150,261.00,"39,150.00"
2020-09-07,2020090701027247,GBIME,41,47,500,261.00,"130,500.00"
2020-09-07,2020090701027105,GBLBS,33,1,450,532.00,"239,400.00"
2020-09-07,2020090701027230,GFCL,50,34,50,150.00,"7,500.00"
2020-09-07,2020090701027341,GLBSL,32,35,20,773.00,"15,460.00"
2020-09-07,2020090701027361,GLICL,6,6,90,575.00,"51,750.00"
2020-09-07,2020090701027360,GLICL,6,25,75,575.00,"43,125.00"
2020-09-07,2020090701027435,GMFIL,13,57,10,126.00,"1,260.00"
2020-09-07,2020090701027491,GRDBL,35,52,30,115.00,"3,450.00"
2020-09-07,2020090701027490,GRDBL,42,52,20,115.00,"2,300.00"
2020-09-07,2020090701027302,HDL,13,38,70,"1,759.00","123,130.00"
2020-09-07,2020090701027299,HDL,38,38,50,"1,759.00","87,950.00"
2020-09-07,2020090701027148,HDL,41,38,50,"1,759.00","87,950.00"
2020-09-07,2020090701027350,HIDCL,28,6,500,143.00,"71,500.00"
2020-09-07,2020090701027418,HURJA,25,42,40,100.00,"4,000.00"
2020-09-07,2020090701027540,IGI,46,49,100,514.00,"51,400.00"
2020-09-07,2020090701027238,IGI,11,57,40,512.00,"20,480.00"
2020-09-07,2020090701027237,IGI,26,57,160,512.00,"81,920.00"
2020-09-07,2020090701027518,ILBS,52,42,83,785.00,"65,155.00"
2020-09-07,2020090701027517,ILBS,52,33,10,785.00,"7,850.00"
2020-09-07,2020090701027516,ILBS,52,33,50,785.00,"39,250.00"
2020-09-07,2020090701027515,ILBS,52,39,30,784.00,"23,520.00"
2020-09-07,2020090701027514,ILBS,52,8,11,783.00,"8,613.00"
2020-09-07,2020090701027241,KBL,38,38,480,188.00,"90,240.00"
2020-09-07,2020090701027235,KBL,38,38,330,188.00,"62,040.00"
2020-09-07,2020090701027234,KBL,55,38,"1,500",188.00,"282,000.00"
2020-09-07,2020090701027233,KBL,19,38,500,188.00,"94,000.00"
2020-09-07,2020090701027232,KBL,40,38,670,188.00,"125,960.00"
2020-09-07,2020090701027228,KBL,40,6,600,188.00,"112,800.00"
2020-09-07,2020090701027141,KBL,40,6,16,188.00,"3,008.00"
2020-09-07,2020090701027214,KMCDB,52,1,10,763.00,"7,630.00"
2020-09-07,2020090701027213,KMCDB,52,38,10,757.00,"7,570.00"
2020-09-07,2020090701027090,KMCDB,52,40,10,756.00,"7,560.00"
2020-09-07,2020090701027555,KPCL,29,1,100,126.00,"12,600.00"
2020-09-07,2020090701027278,KPCL,25,55,10,124.00,"1,240.00"
2020-09-07,2020090701027277,KPCL,25,52,25,124.00,"3,100.00"
2020-09-07,2020090701027390,LBBL,51,44,29,181.00,"5,249.00"
2020-09-07,2020090701027239,LBBL,54,33,47,182.00,"8,554.00"
2020-09-07,2020090701027110,LGIL,45,47,800,512.00,"409,600.00"
2020-09-07,2020090701027109,LGIL,21,47,200,513.00,"102,600.00"
2020-09-07,2020090701027561,MBL,40,14,50,225.00,"11,250.00"
2020-09-07,2020090701027352,MBL,59,46,100,225.00,"22,500.00"
2020-09-07,2020090701027089,MBL,34,46,144,225.00,"32,400.00"
2020-09-07,2020090701027458,MEGA,17,41,959,220.00,"210,980.00"
2020-09-07,2020090701027457,MEGA,34,41,231,220.00,"50,820.00"
2020-09-07,2020090701027456,MEGA,48,41,310,220.00,"68,200.00"
2020-09-07,2020090701027500,MERO,39,4,50,691.00,"34,550.00"
2020-09-07,2020090701027483,MERO,26,45,200,695.00,"139,000.00"
2020-09-07,2020090701027482,MERO,26,35,19,695.00,"13,205.00"
2020-09-07,2020090701027108,MERO,39,38,43,691.00,"29,713.00"
2020-09-07,2020090701027447,MFIL,43,26,10,284.00,"2,840.00"
2020-09-07,2020090701027218,MFIL,34,45,23,283.00,"6,509.00"
2020-09-07,2020090701027217,MFIL,34,36,200,283.00,"56,600.00"
2020-09-07,2020090701027464,MNBBL,45,26,22,323.00,"7,106.00"
2020-09-07,2020090701027463,MNBBL,42,26,50,323.00,"16,150.00"
2020-09-07,2020090701027423,NABIL,40,54,10,850.00,"8,500.00"
2020-09-07,2020090701027229,NABIL,32,54,50,850.00,"42,500.00"
2020-09-07,2020090701027166,NABIL,28,54,10,850.00,"8,500.00"
2020-09-07,2020090701027165,NABIL,28,25,90,850.00,"76,500.00"
2020-09-07,2020090701027106,NABIL,57,25,10,850.00,"8,500.00"
2020-09-07,2020090701027548,NADEP,45,41,40,671.00,"26,840.00"
2020-09-07,2020090701027153,NBB,10,6,"2,000",198.00,"396,000.00"
2020-09-07,2020090701027145,NBB,1,34,100,199.00,"19,900.00"
2020-09-07,2020090701027122,NBB,10,42,100,198.00,"19,800.00"
2020-09-07,2020090701027098,NBB,38,34,100,199.00,"19,900.00"
2020-09-07,2020090701027550,NBL,34,43,200,298.00,"59,600.00"
2020-09-07,2020090701027484,NBL,52,13,500,299.00,"149,500.00"
2020-09-07,2020090701027397,NBL,52,13,500,299.00,"149,500.00"
2020-09-07,2020090701027396,NBL,36,13,150,299.00,"44,850.00"
2020-09-07,2020090701027395,NBL,26,13,43,299.00,"12,857.00"
2020-09-07,2020090701027394,NBL,38,13,300,299.00,"89,700.00"
2020-09-07,2020090701027291,NBL,6,39,100,299.00,"29,900.00"
2020-09-07,2020090701027100,NBL,57,34,50,299.00,"14,950.00"
2020-09-07,2020090701027099,NBL,4,34,43,299.00,"12,857.00"
2020-09-07,2020090701027378,NBL,26,10,57,299.00,"17,043.00"
2020-09-07,2020090701027377,NBL,36,10,200,299.00,"59,800.00"
2020-09-07,2020090701027376,NBL,40,10,100,299.00,"29,900.00"
2020-09-07,2020090701027375,NBL,6,10,143,299.00,"42,757.00"
2020-09-07,2020090701027301,NBL,6,52,57,299.00,"17,043.00"
2020-09-07,2020090701027300,NBL,17,25,300,300.00,"90,000.00"
2020-09-07,2020090701027568,NCCB,16,58,30,195.00,"5,850.00"
2020-09-07,2020090701027567,NCCB,42,58,63,195.00,"12,285.00"
2020-09-07,2020090701027479,NGPL,21,16,500,139.00,"69,500.00"
2020-09-07,2020090701027522,NHPC,17,59,710,58.00,"41,180.00"
2020-09-07,2020090701027521,NHPC,32,59,"1,190",58.00,"69,020.00"
2020-09-07,2020090701027449,NHPC,34,59,100,59.00,"5,900.00"
2020-09-07,2020090701027121,NHPC,50,58,10,60.00,600.00
2020-09-07,2020090701027454,NIB,17,13,21,421.00,"8,841.00"
2020-09-07,2020090701027164,NIB,28,45,20,422.00,"8,440.00"
2020-09-07,2020090701027163,NIB,28,1,50,422.00,"21,100.00"
2020-09-07,2020090701027343,NIBPO,37,42,231,360.00,"83,160.00"
2020-09-07,2020090701027342,NIBPO,37,38,"1,661",360.00,"597,960.00"
2020-09-07,2020090701027554,NICA,45,39,10,577.00,"5,770.00"
2020-09-07,2020090701027501,NICA,35,42,10,577.00,"5,770.00"
2020-09-07,2020090701027467,NICA,45,47,10,578.00,"5,780.00"
2020-09-07,2020090701027401,NICA,14,48,200,577.00,"115,400.00"
2020-09-07,2020090701027381,NICA,36,6,50,576.00,"28,800.00"
2020-09-07,2020090701027380,NICA,14,6,50,577.00,"28,850.00"
2020-09-07,2020090701027451,NICL,26,14,636,537.00,"341,532.00"
2020-09-07,2020090701027388,NICL,26,10,364,537.00,"195,468.00"
2020-09-07,2020090701027387,NICL,16,10,20,537.00,"10,740.00"
2020-09-07,2020090701027386,NICL,26,10,100,537.00,"53,700.00"
2020-09-07,2020090701027385,NICL,34,10,200,537.00,"107,400.00"
2020-09-07,2020090701027384,NICL,6,10,86,537.00,"46,182.00"
2020-09-07,2020090701027363,NICL,6,6,49,538.00,"26,362.00"
2020-09-07,2020090701027263,NICL,6,44,"1,566",537.00,"840,942.00"
2020-09-07,2020090701027433,NIL,32,38,113,790.00,"89,270.00"
2020-09-07,2020090701027330,NIL,56,39,50,789.00,"39,450.00"
2020-09-07,2020090701027266,NIL,56,14,22,789.00,"17,358.00"
2020-09-07,2020090701027265,NIL,38,14,10,790.00,"7,900.00"
2020-09-07,2020090701027264,NIL,38,14,18,790.00,"14,220.00"
2020-09-07,2020090701027151,NIL,38,3,50,790.00,"39,500.00"
2020-09-07,2020090701027150,NIL,38,34,10,790.00,"7,900.00"
2020-09-07,2020090701027512,NLIC,48,38,10,"1,366.00","13,660.00"
2020-09-07,2020090701027251,NLIC,42,39,50,"1,366.00","68,300.00"
2020-09-07,2020090701027450,NLICL,36,6,100,755.00,"75,500.00"
2020-09-07,2020090701027310,NLICL,48,44,20,756.00,"15,120.00"
2020-09-07,2020090701027147,NLICL,16,44,20,756.00,"15,120.00"
2020-09-07,2020090701027146,NLICL,44,44,"1,480",756.00,"1,118,880.00"
2020-09-07,2020090701027111,NLICL,44,6,20,756.00,"15,120.00"
2020-09-07,2020090701027495,NMB,36,35,60,419.00,"25,140.00"
2020-09-07,2020090701027489,NMB,36,48,400,419.00,"167,600.00"
2020-09-07,2020090701027216,NMB,33,55,200,419.00,"83,800.00"
2020-09-07,2020090701027169,NMB,33,56,300,419.00,"125,700.00"
2020-09-07,2020090701027143,NMB,41,48,72,419.00,"30,168.00"
2020-09-07,2020090701027142,NMB,41,48,78,419.00,"32,682.00"
2020-09-07,2020090701027570,NRIC,54,41,100,856.00,"85,600.00"
2020-09-07,2020090701027562,NRIC,57,43,10,857.00,"8,570.00"
2020-09-07,2020090701027544,NRIC,7,21,5,857.00,"4,285.00"
2020-09-07,2020090701027543,NRIC,44,21,35,857.00,"29,995.00"
2020-09-07,2020090701027542,NRIC,44,33,15,857.00,"12,855.00"
2020-09-07,2020090701027539,NRIC,54,29,325,856.00,"278,200.00"
2020-09-07,2020090701027119,NRIC,59,29,300,857.00,"257,100.00"
2020-09-07,2020090701027118,NRIC,17,29,100,857.00,"85,700.00"
2020-09-07,2020090701027117,NRIC,22,29,100,857.00,"85,700.00"
2020-09-07,2020090701027116,NRIC,6,29,50,857.00,"42,850.00"
2020-09-07,2020090701027115,NRIC,39,29,100,857.00,"85,700.00"
2020-09-07,2020090701027114,NRIC,59,29,303,857.00,"259,671.00"
2020-09-07,2020090701027270,NRIC,56,29,25,857.00,"21,425.00"
2020-09-07,2020090701027269,NRIC,57,29,470,857.00,"402,790.00"
2020-09-07,2020090701027267,NRIC,44,25,40,858.00,"34,320.00"
2020-09-07,2020090701027212,NRIC,34,25,10,858.00,"8,580.00"
2020-09-07,2020090701027149,NRIC,57,26,530,857.00,"454,210.00"
2020-09-07,2020090701027120,NRIC,47,29,45,857.00,"38,565.00"
2020-09-07,2020090701027279,NRIC,26,55,665,857.00,"569,905.00"
2020-09-07,2020090701027275,NRIC,26,29,335,857.00,"287,095.00"
2020-09-07,2020090701027274,NRIC,57,29,20,857.00,"17,140.00"
2020-09-07,2020090701027273,NRIC,53,29,50,857.00,"42,850.00"
2020-09-07,2020090701027272,NRIC,35,29,50,857.00,"42,850.00"
2020-09-07,2020090701027271,NRIC,35,29,50,857.00,"42,850.00"
2020-09-07,2020090701027293,NRIC,38,55,10,857.00,"8,570.00"
2020-09-07,2020090701027292,NRIC,52,55,50,857.00,"42,850.00"
2020-09-07,2020090701027285,NRIC,39,55,300,857.00,"257,100.00"
2020-09-07,2020090701027282,NRIC,34,55,20,857.00,"17,140.00"
2020-09-07,2020090701027281,NRIC,25,55,50,857.00,"42,850.00"
2020-09-07,2020090701027280,NRIC,29,55,10,857.00,"8,570.00"
2020-09-07,2020090701027356,NRIC,6,38,412,856.00,"352,672.00"
2020-09-07,2020090701027355,NRIC,6,11,200,856.00,"171,200.00"
2020-09-07,2020090701027353,NRIC,29,55,50,857.00,"42,850.00"
2020-09-07,2020090701027349,NRIC,32,55,50,857.00,"42,850.00"
2020-09-07,2020090701027344,NRIC,6,16,40,856.00,"34,240.00"
2020-09-07,2020090701027303,NRIC,6,16,40,856.00,"34,240.00"
2020-09-07,2020090701027382,NRIC,38,55,100,857.00,"85,700.00"
2020-09-07,2020090701027366,NRIC,1,58,92,856.00,"78,752.00"
2020-09-07,2020090701027365,NRIC,40,58,10,856.00,"8,560.00"
2020-09-07,2020090701027364,NRIC,1,58,32,856.00,"27,392.00"
2020-09-07,2020090701027358,NRIC,1,38,68,856.00,"58,208.00"
2020-09-07,2020090701027357,NRIC,45,38,20,856.00,"17,120.00"
2020-09-07,2020090701027424,NRIC,59,17,40,856.00,"34,240.00"
2020-09-07,2020090701027419,NRIC,42,55,200,857.00,"171,400.00"
2020-09-07,2020090701027410,NRIC,22,55,50,856.00,"42,800.00"
2020-09-07,2020090701027409,NRIC,45,55,69,856.00,"59,064.00"
2020-09-07,2020090701027408,NRIC,1,55,78,856.00,"66,768.00"
2020-09-07,2020090701027403,NRIC,1,52,30,856.00,"25,680.00"
2020-09-07,2020090701027469,NRIC,26,38,200,856.00,"171,200.00"
2020-09-07,2020090701027468,NRIC,59,38,480,856.00,"410,880.00"
2020-09-07,2020090701027462,NRIC,59,45,40,856.00,"34,240.00"
2020-09-07,2020090701027461,NRIC,59,38,30,856.00,"25,680.00"
2020-09-07,2020090701027455,NRIC,59,38,10,856.00,"8,560.00"
2020-09-07,2020090701027444,NRIC,45,55,300,857.00,"257,100.00"
2020-09-07,2020090701027486,NRIC,52,55,195,857.00,"167,115.00"
2020-09-07,2020090701027481,NRIC,57,42,530,856.00,"453,680.00"
2020-09-07,2020090701027473,NRIC,57,38,410,856.00,"350,960.00"
2020-09-07,2020090701027472,NRIC,48,38,150,856.00,"128,400.00"
2020-09-07,2020090701027471,NRIC,54,38,"1,000",856.00,"856,000.00"
2020-09-07,2020090701027470,NRIC,22,38,200,856.00,"171,200.00"
2020-09-07,2020090701027510,NRIC,3,20,100,856.00,"85,600.00"
2020-09-07,2020090701027509,NRIC,57,20,60,856.00,"51,360.00"
2020-09-07,2020090701027508,NRIC,11,20,20,857.00,"17,140.00"
2020-09-07,2020090701027506,NRIC,29,33,10,857.00,"8,570.00"
2020-09-07,2020090701027488,NRIC,52,33,15,857.00,"12,855.00"
2020-09-07,2020090701027487,NRIC,52,43,40,857.00,"34,280.00"
2020-09-07,2020090701027538,NRIC,14,29,115,856.00,"98,440.00"
2020-09-07,2020090701027537,NRIC,57,29,150,856.00,"128,400.00"
2020-09-07,2020090701027536,NRIC,58,29,30,856.00,"25,680.00"
2020-09-07,2020090701027535,NRIC,48,29,200,856.00,"171,200.00"
2020-09-07,2020090701027534,NRIC,1,29,180,856.00,"154,080.00"
2020-09-07,2020090701027511,NRIC,1,20,120,856.00,"102,720.00"
2020-09-07,2020090701027340,NRN,26,48,80,436.00,"34,880.00"
2020-09-07,2020090701027339,NRN,26,38,10,436.00,"4,360.00"
2020-09-07,2020090701027338,NRN,26,39,10,436.00,"4,360.00"
2020-09-07,2020090701027337,NRN,26,34,10,436.00,"4,360.00"
2020-09-07,2020090701027336,NRN,26,44,100,436.00,"43,600.00"
2020-09-07,2020090701027335,NRN,26,5,90,436.00,"39,240.00"
2020-09-07,2020090701027453,OHL,22,56,350,342.00,"119,700.00"
2020-09-07,2020090701027434,OHL,22,45,150,342.00,"51,300.00"
2020-09-07,2020090701027557,PCBL,46,38,22,277.00,"6,094.00"
2020-09-07,2020090701027556,PCBL,43,38,300,277.00,"83,100.00"
2020-09-07,2020090701027190,PFL,44,44,14,151.00,"2,114.00"
2020-09-07,2020090701027189,PFL,44,38,"1,312",151.00,"198,112.00"
2020-09-07,2020090701027188,PFL,44,21,200,150.00,"30,000.00"
2020-09-07,2020090701027187,PFL,44,52,67,150.00,"10,050.00"
2020-09-07,2020090701027186,PFL,44,42,228,150.00,"34,200.00"
2020-09-07,2020090701027185,PFL,44,53,46,150.00,"6,900.00"
2020-09-07,2020090701027184,PFL,44,35,29,150.00,"4,350.00"
2020-09-07,2020090701027183,PFL,44,47,14,150.00,"2,100.00"
2020-09-07,2020090701027182,PFL,44,29,90,150.00,"13,500.00"
2020-09-07,2020090701027478,PIC,10,44,100,735.00,"73,500.00"
2020-09-07,2020090701027477,PIC,57,44,20,735.00,"14,700.00"
2020-09-07,2020090701027476,PIC,33,44,10,735.00,"7,350.00"
2020-09-07,2020090701027417,PIC,35,35,340,736.00,"250,240.00"
2020-09-07,2020090701027416,PIC,33,35,100,737.00,"73,700.00"
2020-09-07,2020090701027415,PIC,59,35,60,737.00,"44,220.00"
2020-09-07,2020090701027180,PIC,56,25,150,739.00,"110,850.00"
2020-09-07,2020090701027246,PICL,49,7,345,532.00,"183,540.00"
2020-09-07,2020090701027268,PLIC,45,5,111,636.00,"70,596.00"
2020-09-07,2020090701027245,PLIC,45,6,400,636.00,"254,400.00"
2020-09-07,2020090701027219,PLIC,18,35,50,635.00,"31,750.00"
2020-09-07,2020090701027571,PMHPL,52,56,10,95.00,950.00
2020-09-07,2020090701027290,PPCL,55,22,20,133.00,"2,660.00"
2020-09-07,2020090701027289,PPCL,55,26,200,133.00,"26,600.00"
2020-09-07,2020090701027288,PPCL,55,39,30,133.00,"3,990.00"
2020-09-07,2020090701027287,PPCL,55,10,10,132.00,"1,320.00"
2020-09-07,2020090701027191,PRIN,36,19,100,580.00,"58,000.00"
2020-09-07,2020090701027175,PRIN,40,44,223,578.00,"128,894.00"
2020-09-07,2020090701027174,PRIN,51,44,50,578.00,"28,900.00"
2020-09-07,2020090701027173,PRIN,50,44,50,578.00,"28,900.00"
2020-09-07,2020090701027172,PRIN,41,44,500,578.00,"289,000.00"
2020-09-07,2020090701027171,PRIN,59,44,477,578.00,"275,706.00"
2020-09-07,2020090701027170,PRIN,38,44,200,579.00,"115,800.00"
2020-09-07,2020090701027123,PRIN,46,19,100,580.00,"58,000.00"
2020-09-07,2020090701027348,PRVU,34,14,304,230.00,"69,920.00"
2020-09-07,2020090701027095,PRVU,22,14,116,230.00,"26,680.00"
2020-09-07,2020090701027498,RADHI,47,51,12,225.00,"2,700.00"
2020-09-07,2020090701027497,RADHI,47,41,11,225.00,"2,475.00"
2020-09-07,2020090701027496,RADHI,47,46,12,225.00,"2,700.00"
2020-09-07,2020090701027236,RHPC,57,55,100,101.00,"10,100.00"
2020-09-07,2020090701027097,RHPL,29,37,10,160.00,"1,600.00"
2020-09-07,2020090701027480,RMDC,22,51,10,871.00,"8,710.00"
2020-09-07,2020090701027334,RMDC,50,51,50,871.00,"43,550.00"
2020-09-07,2020090701027227,RMDC,10,51,80,871.00,"69,680.00"
2020-09-07,2020090701027101,RMDC,38,51,20,871.00,"17,420.00"
2020-09-07,2020090701027082,RMDC,39,51,100,870.00,"87,000.00"
2020-09-07,2020090701027560,SABSL,44,50,200,846.00,"169,200.00"
2020-09-07,2020090701027485,SABSL,44,36,200,842.00,"168,400.00"
2020-09-07,2020090701027389,SABSL,44,57,11,845.00,"9,295.00"
2020-09-07,2020090701027346,SABSL,44,53,33,844.00,"27,852.00"
2020-09-07,2020090701027345,SABSL,44,34,13,844.00,"10,972.00"
2020-09-07,2020090701027179,SABSL,44,34,200,840.00,"168,000.00"
2020-09-07,2020090701027178,SABSL,44,42,20,840.00,"16,800.00"
2020-09-07,2020090701027177,SABSL,44,41,28,840.00,"23,520.00"
2020-09-07,2020090701027093,SABSL,14,51,11,836.00,"9,196.00"
2020-09-07,2020090701027092,SABSL,14,28,11,836.00,"9,196.00"
2020-09-07,2020090701027091,SABSL,14,49,10,835.00,"8,350.00"
2020-09-07,2020090701027413,SANIMA,35,46,100,344.00,"34,400.00"
2020-09-07,2020090701027104,SAPDBL,14,19,17,118.00,"2,006.00"
2020-09-07,2020090701027103,SAPDBL,25,19,10,118.00,"1,180.00"
2020-09-07,2020090701027102,SAPDBL,34,19,113,118.00,"13,334.00"
2020-09-07,2020090701027244,SBL,55,52,400,300.00,"120,000.00"
2020-09-07,2020090701027578,SDLBSL,56,42,10,825.00,"8,250.00"
2020-09-07,2020090701027577,SDLBSL,56,28,10,825.00,"8,250.00"
2020-09-07,2020090701027576,SDLBSL,56,57,100,825.00,"82,500.00"
2020-09-07,2020090701027575,SDLBSL,56,41,10,825.00,"8,250.00"
2020-09-07,2020090701027574,SDLBSL,56,45,10,825.00,"8,250.00"
2020-09-07,2020090701027573,SDLBSL,56,44,10,824.00,"8,240.00"
2020-09-07,2020090701027572,SDLBSL,56,11,10,824.00,"8,240.00"
2020-09-07,2020090701027448,SDLBSL,50,28,10,819.00,"8,190.00"
2020-09-07,2020090701027308,SDLBSL,58,41,10,820.00,"8,200.00"
2020-09-07,2020090701027307,SDLBSL,43,41,10,820.00,"8,200.00"
2020-09-07,2020090701027306,SDLBSL,54,41,30,820.00,"24,600.00"
2020-09-07,2020090701027530,SHINE,51,57,462,233.00,"107,646.00"
2020-09-07,2020090701027529,SHINE,38,57,50,234.00,"11,700.00"
2020-09-07,2020090701027528,SHINE,41,57,100,234.00,"23,400.00"
2020-09-07,2020090701027527,SHINE,29,57,100,234.00,"23,400.00"
2020-09-07,2020090701027526,SHINE,57,57,50,234.00,"11,700.00"
2020-09-07,2020090701027525,SHINE,40,57,200,234.00,"46,800.00"
2020-09-07,2020090701027524,SHINE,45,57,"1,988",234.00,"465,192.00"
2020-09-07,2020090701027523,SHINE,44,57,50,235.00,"11,750.00"
2020-09-07,2020090701027552,SHIVM,46,38,50,702.00,"35,100.00"
2020-09-07,2020090701027551,SHIVM,46,35,50,701.00,"35,050.00"
2020-09-07,2020090701027546,SHIVM,49,4,500,700.00,"350,000.00"
2020-09-07,2020090701027466,SHIVM,49,4,61,700.00,"42,700.00"
2020-09-07,2020090701027465,SHIVM,57,4,439,700.00,"307,300.00"
2020-09-07,2020090701027392,SHIVM,57,4,500,700.00,"350,000.00"
2020-09-07,2020090701027088,SHIVM,57,38,61,700.00,"42,700.00"
2020-09-07,2020090701027087,SHIVM,26,38,50,700.00,"35,000.00"
2020-09-07,2020090701027086,SHIVM,45,38,150,700.00,"105,000.00"
2020-09-07,2020090701027085,SHIVM,50,38,90,701.00,"63,090.00"
2020-09-07,2020090701027520,SHPC,6,45,150,257.00,"38,550.00"
2020-09-07,2020090701027519,SHPC,6,56,50,257.00,"12,850.00"
2020-09-07,2020090701027359,SHPC,59,56,50,257.00,"12,850.00"
2020-09-07,2020090701027549,SIC,18,13,20,868.00,"17,360.00"
2020-09-07,2020090701027545,SIC,14,46,218,867.00,"189,006.00"
2020-09-07,2020090701027094,SIC,45,46,132,868.00,"114,576.00"
2020-09-07,2020090701027564,SICL,59,51,100,"1,341.00","134,100.00"
2020-09-07,2020090701027533,SICL,55,11,10,"1,340.00","13,400.00"
2020-09-07,2020090701027532,SICL,55,36,58,"1,340.00","77,720.00"
2020-09-07,2020090701027107,SICL,35,45,20,"1,339.00","26,780.00"
2020-09-07,2020090701027371,SICL,33,19,45,"1,339.00","60,255.00"
2020-09-07,2020090701027370,SICL,33,45,90,"1,339.00","120,510.00"
2020-09-07,2020090701027333,SICL,45,42,18,"1,338.00","24,084.00"
2020-09-07,2020090701027125,SICL,6,39,30,"1,337.00","40,110.00"
2020-09-07,2020090701027124,SICL,33,39,20,"1,337.00","26,740.00"
2020-09-07,2020090701027369,SIL,3,44,99,738.00,"73,062.00"
2020-09-07,2020090701027368,SIL,35,44,100,738.00,"73,800.00"
2020-09-07,2020090701027367,SIL,48,44,751,738.00,"554,238.00"
2020-09-07,2020090701027505,SJCL,50,52,220,145.00,"31,900.00"
2020-09-07,2020090701027475,SJCL,43,52,540,144.00,"77,760.00"
2020-09-07,2020090701027474,SJCL,48,52,"1,000",144.00,"144,000.00"
2020-09-07,2020090701027154,SJCL,57,52,310,146.00,"45,260.00"
2020-09-07,2020090701027140,SJCL,57,41,230,146.00,"33,580.00"
2020-09-07,2020090701027139,SJCL,10,41,270,146.00,"39,420.00"
2020-09-07,2020090701027160,SJCL,1,52,200,145.00,"29,000.00"
2020-09-07,2020090701027159,SJCL,56,52,"1,000",145.00,"145,000.00"
2020-09-07,2020090701027158,SJCL,19,52,90,145.00,"13,050.00"
2020-09-07,2020090701027157,SJCL,40,52,500,145.00,"72,500.00"
2020-09-07,2020090701027156,SJCL,43,52,580,145.00,"84,100.00"
2020-09-07,2020090701027155,SJCL,50,52,100,146.00,"14,600.00"
2020-09-07,2020090701027226,SKBBL,37,28,93,"1,348.00","125,364.00"
2020-09-07,2020090701027225,SKBBL,37,49,50,"1,348.00","67,400.00"
2020-09-07,2020090701027224,SKBBL,37,28,20,"1,348.00","26,960.00"
2020-09-07,2020090701027223,SKBBL,37,22,100,"1,347.00","134,700.00"
2020-09-07,2020090701027222,SKBBL,37,11,87,"1,347.00","117,189.00"
2020-09-07,2020090701027221,SKBBL,37,41,100,"1,343.00","134,300.00"
2020-09-07,2020090701027096,SLBBL,55,13,210,840.00,"176,400.00"
2020-09-07,2020090701027351,SLBSL,57,52,20,790.00,"15,800.00"
2020-09-07,2020090701027176,SLBSL,16,55,13,790.00,"10,270.00"
2020-09-07,2020090701027559,SLICL,4,34,200,566.00,"113,200.00"
2020-09-07,2020090701027558,SLICL,10,34,100,567.00,"56,700.00"
2020-09-07,2020090701027362,SLICL,10,41,100,567.00,"56,700.00"
2020-09-07,2020090701027347,SLICL,10,34,100,567.00,"56,700.00"
2020-09-07,2020090701027083,SPARS,47,51,26,923.00,"23,998.00"
2020-09-07,2020090701027414,SPDL,6,4,15,130.00,"1,950.00"
2020-09-07,2020090701027411,SRBL,4,59,100,229.00,"22,900.00"
2020-09-07,2020090701027426,STC,19,34,30,"3,060.00","91,800.00"
2020-09-07,2020090701027425,STC,38,34,50,"3,060.00","153,000.00"
2020-09-07,2020090701027152,UIC,6,34,10,417.00,"4,170.00"
2020-09-07,2020090701027137,UIC,58,34,250,417.00,"104,250.00"
2020-09-07,2020090701027513,UPCL,42,42,120,101.00,"12,120.00"
2020-09-07,2020090701027393,UPCL,6,13,600,100.00,"60,000.00"
2020-09-07,2020090701027314,UPCL,6,14,100,100.00,"10,000.00"
2020-09-07,2020090701027313,UPCL,6,14,100,100.00,"10,000.00"
2020-09-07,2020090701027312,UPCL,5,14,50,100.00,"5,000.00"
2020-09-07,2020090701027144,UPCL,5,6,100,100.00,"10,000.00"
2020-09-07,2020090701027084,UPCL,5,38,50,100.00,"5,000.00"
2020-09-07,2020090701027405,UPPER,1,41,150,243.00,"36,450.00"
2020-09-07,2020090701026802,ACLBSL,33,52,20,703.00,"14,060.00"
2020-09-07,2020090701026861,ADBL,6,57,112,422.00,"47,264.00"
2020-09-07,2020090701026775,ADBL,33,45,25,423.00,"10,575.00"
2020-09-07,2020090701026771,ADBL,6,26,53,422.00,"22,366.00"
2020-09-07,2020090701026669,ADBL,11,45,25,423.00,"10,575.00"
2020-09-07,2020090701027046,AIL,14,57,130,509.00,"66,170.00"
2020-09-07,2020090701026972,AIL,36,42,10,508.00,"5,080.00"
2020-09-07,2020090701026906,AIL,26,57,100,509.00,"50,900.00"
2020-09-07,2020090701026895,AIL,36,16,10,508.00,"5,080.00"
2020-09-07,2020090701026731,AIL,36,26,50,508.00,"25,400.00"
2020-09-07,2020090701026697,AIL,36,26,70,508.00,"35,560.00"
2020-09-07,2020090701026661,AIL,36,59,10,508.00,"5,080.00"
2020-09-07,2020090701026617,AIL,36,6,10,508.00,"5,080.00"
2020-09-07,2020090701026602,AIL,36,58,10,508.00,"5,080.00"
2020-09-07,2020090701027067,AKJCL,42,55,97,66.00,"6,402.00"
2020-09-07,2020090701027066,AKJCL,43,55,100,66.00,"6,600.00"
2020-09-07,2020090701027065,AKJCL,35,55,200,66.00,"13,200.00"
2020-09-07,2020090701027064,AKJCL,52,55,40,66.00,"2,640.00"
2020-09-07,2020090701027063,AKJCL,6,55,63,66.00,"4,158.00"
2020-09-07,2020090701026581,AKPL,58,5,213,167.00,"35,571.00"
2020-09-07,2020090701026638,AKPL,42,55,500,168.00,"84,000.00"
2020-09-07,2020090701026778,AKPL,58,10,"2,000",167.00,"334,000.00"
2020-09-07,2020090701026748,AKPL,58,16,600,167.00,"100,200.00"
2020-09-07,2020090701026723,AKPL,58,45,"1,500",167.00,"250,500.00"
2020-09-07,2020090701026824,AKPL,34,55,10,168.00,"1,680.00"
2020-09-07,2020090701026810,AKPL,58,51,50,167.00,"8,350.00"
2020-09-07,2020090701026892,AKPL,58,58,10,167.00,"1,670.00"
2020-09-07,2020090701026891,AKPL,58,22,13,167.00,"2,171.00"
2020-09-07,2020090701026978,AKPL,58,14,431,167.00,"71,977.00"
2020-09-07,2020090701026977,AKPL,58,14,569,167.00,"95,023.00"
2020-09-07,2020090701026942,AKPL,55,40,125,168.00,"21,000.00"
2020-09-07,2020090701026941,AKPL,55,36,200,168.00,"33,600.00"
2020-09-07,2020090701026940,AKPL,55,55,175,168.00,"29,400.00"
2020-09-07,2020090701027060,AKPL,58,22,375,167.00,"62,625.00"
2020-09-07,2020090701027078,ALBSL,28,21,22,879.00,"19,338.00"
2020-09-07,2020090701027077,ALBSL,28,28,100,879.00,"87,900.00"
2020-09-07,2020090701027076,ALBSL,28,57,100,878.00,"87,800.00"
2020-09-07,2020090701027075,ALBSL,28,42,11,878.00,"9,658.00"
2020-09-07,2020090701027074,ALBSL,28,29,42,878.00,"36,876.00"
2020-09-07,2020090701027073,ALBSL,28,8,11,878.00,"9,658.00"
2020-09-07,2020090701026718,ALBSL,28,6,50,867.00,"43,350.00"
2020-09-07,2020090701026717,ALBSL,28,5,61,866.00,"52,826.00"
2020-09-07,2020090701026716,ALBSL,28,59,11,865.00,"9,515.00"
2020-09-07,2020090701026715,ALBSL,28,59,11,865.00,"9,515.00"
2020-09-07,2020090701026714,ALBSL,28,42,100,864.00,"86,400.00"
2020-09-07,2020090701026721,ALBSL,28,28,690,868.00,"598,920.00"
2020-09-07,2020090701026720,ALBSL,28,20,44,868.00,"38,192.00"
2020-09-07,2020090701026719,ALBSL,28,20,33,868.00,"28,644.00"
2020-09-07,2020090701026831,ALBSL,28,57,57,870.00,"49,590.00"
2020-09-07,2020090701026830,ALBSL,28,37,495,869.00,"430,155.00"
2020-09-07,2020090701026829,ALBSL,28,54,10,868.00,"8,680.00"
2020-09-07,2020090701026828,ALBSL,28,28,10,868.00,"8,680.00"
2020-09-07,2020090701026880,ALBSL,28,16,11,870.00,"9,570.00"
2020-09-07,2020090701026879,ALBSL,28,39,94,870.00,"81,780.00"
2020-09-07,2020090701026835,ALBSL,28,39,306,870.00,"266,220.00"
2020-09-07,2020090701026834,ALBSL,28,57,100,870.00,"87,000.00"
2020-09-07,2020090701026833,ALBSL,28,45,11,870.00,"9,570.00"
2020-09-07,2020090701026832,ALBSL,28,40,11,870.00,"9,570.00"
2020-09-07,2020090701026886,ALBSL,28,22,463,871.00,"403,273.00"
2020-09-07,2020090701026885,ALBSL,28,10,10,871.00,"8,710.00"
2020-09-07,2020090701026884,ALBSL,28,47,200,870.00,"174,000.00"
2020-09-07,2020090701026883,ALBSL,28,36,12,870.00,"10,440.00"
2020-09-07,2020090701026882,ALBSL,28,22,10,870.00,"8,700.00"
2020-09-07,2020090701026881,ALBSL,28,52,200,870.00,"174,000.00"
2020-09-07,2020090701026928,ALBSL,28,22,100,875.00,"87,500.00"
2020-09-07,2020090701026927,ALBSL,28,8,15,875.00,"13,125.00"
2020-09-07,2020090701026926,ALBSL,28,28,100,874.00,"87,400.00"
2020-09-07,2020090701026925,ALBSL,28,22,537,871.00,"467,727.00"
2020-09-07,2020090701026934,ALBSL,28,28,100,875.00,"87,500.00"
2020-09-07,2020090701026933,ALBSL,28,35,11,875.00,"9,625.00"
2020-09-07,2020090701026932,ALBSL,28,56,20,875.00,"17,500.00"
2020-09-07,2020090701026931,ALBSL,28,51,10,875.00,"8,750.00"
2020-09-07,2020090701026930,ALBSL,28,17,70,875.00,"61,250.00"
2020-09-07,2020090701026929,ALBSL,28,6,11,875.00,"9,625.00"
2020-09-07,2020090701026935,ALBSL,28,22,26,876.00,"22,776.00"
2020-09-07,2020090701027072,ALBSL,28,28,35,878.00,"30,730.00"
2020-09-07,2020090701027071,ALBSL,28,52,100,877.00,"87,700.00"
2020-09-07,2020090701027070,ALBSL,28,21,20,877.00,"17,540.00"
2020-09-07,2020090701027069,ALBSL,28,33,50,876.00,"43,800.00"
2020-09-07,2020090701027068,ALBSL,28,22,374,876.00,"327,624.00"
2020-09-07,2020090701026924,ALICL,25,57,50,711.00,"35,550.00"
2020-09-07,2020090701026923,ALICL,10,57,200,711.00,"142,200.00"
2020-09-07,2020090701026676,BARUN,49,19,105,106.00,"11,130.00"
2020-09-07,2020090701026893,BFC,8,26,90,105.00,"9,450.00"
2020-09-07,2020090701027037,BOKL,59,34,500,232.00,"116,000.00"
2020-09-07,2020090701026844,BOKL,59,22,487,232.00,"112,984.00"
2020-09-07,2020090701027040,BPCL,45,46,24,380.00,"9,120.00"
2020-09-07,2020090701027039,BPCL,45,55,90,380.00,"34,200.00"
2020-09-07,2020090701026842,BPCL,45,55,30,380.00,"11,400.00"
2020-09-07,2020090701026863,CBBL,18,39,50,"1,099.00","54,950.00"
2020-09-07,2020090701027045,CBL,28,44,200,145.00,"29,000.00"
2020-09-07,2020090701026818,CBL,46,50,47,145.00,"6,815.00"
2020-09-07,2020090701026680,CBL,19,50,40,145.00,"5,800.00"
2020-09-07,2020090701026643,CBL,49,48,30,144.00,"4,320.00"
2020-09-07,2020090701026903,CCBL,51,50,690,171.00,"117,990.00"
2020-09-07,2020090701026796,CCBL,45,50,270,171.00,"46,170.00"
2020-09-07,2020090701026620,CCBL,53,42,30,170.00,"5,100.00"
2020-09-07,2020090701026598,CCBL,28,50,500,171.00,"85,500.00"
2020-09-07,2020090701026809,CHCL,40,34,10,435.00,"4,350.00"
2020-09-07,2020090701026793,CHL,29,29,10,106.00,"1,060.00"
2020-09-07,2020090701026837,CIT,17,11,10,"3,233.00","32,330.00"
2020-09-07,2020090701026836,CIT,17,5,50,"3,233.00","161,650.00"
2020-09-07,2020090701026735,CIT,7,52,50,"3,221.00","161,050.00"
2020-09-07,2020090701026622,CIT,34,22,18,"3,220.00","57,960.00"
2020-09-07,2020090701026621,CIT,58,22,12,"3,220.00","38,640.00"
2020-09-07,2020090701026609,CIT,59,1,20,"3,221.00","64,420.00"
2020-09-07,2020090701026734,CMF1,43,1,100,10.45,"1,045.00"
2020-09-07,2020090701026614,CZBIL,54,43,27,194.00,"5,238.00"
2020-09-07,2020090701026613,CZBIL,54,49,66,194.00,"12,804.00"
2020-09-07,2020090701026610,DDBL,19,8,50,865.00,"43,250.00"
2020-09-07,2020090701026699,EIC,1,42,45,478.00,"21,510.00"
2020-09-07,2020090701026675,EIC,41,58,170,479.00,"81,430.00"
2020-09-07,2020090701026909,FMDBL,36,45,50,560.00,"28,000.00"
2020-09-07,2020090701026894,FMDBL,57,29,500,561.00,"280,500.00"
2020-09-07,2020090701026668,FMDBL,36,42,100,560.00,"56,000.00"
2020-09-07,2020090701026822,FOWAD,43,45,20,"1,577.00","31,540.00"
2020-09-07,2020090701026698,GBBL,1,51,30,237.00,"7,110.00"
2020-09-07,2020090701026747,GBIME,41,47,"2,350",261.00,"613,350.00"
2020-09-07,2020090701026646,GBIME,54,47,100,261.00,"26,100.00"
2020-09-07,2020090701026639,GBIME,35,47,500,261.00,"130,500.00"
2020-09-07,2020090701027043,GBLBS,7,39,50,531.00,"26,550.00"
2020-09-07,2020090701026843,GBLBS,13,42,29,530.00,"15,370.00"
2020-09-07,2020090701026739,GBLBS,13,42,100,530.00,"53,000.00"
2020-09-07,2020090701026687,GBLBS,50,41,15,531.00,"7,965.00"
2020-09-07,2020090701026654,GGBSL,6,58,20,791.00,"15,820.00"
2020-09-07,2020090701026653,GGBSL,56,58,20,794.00,"15,880.00"
2020-09-07,2020090701026908,GILB,29,34,500,"1,170.00","585,000.00"
2020-09-07,2020090701026907,GILB,38,34,100,"1,171.00","117,100.00"
2020-09-07,2020090701026817,GLICL,45,42,50,573.00,"28,650.00"
2020-09-07,2020090701026816,GLICL,57,42,50,574.00,"28,700.00"
2020-09-07,2020090701026815,GLICL,38,42,200,574.00,"114,800.00"
2020-09-07,2020090701026811,GLICL,38,14,50,574.00,"28,700.00"
2020-09-07,2020090701026786,GLICL,38,42,100,574.00,"57,400.00"
2020-09-07,2020090701026607,GMFIL,51,55,50,125.00,"6,250.00"
2020-09-07,2020090701026606,GMFIL,25,55,100,125.00,"12,500.00"
2020-09-07,2020090701026580,HBL,58,35,20,555.00,"11,100.00"
2020-09-07,2020090701026579,HBL,42,35,50,555.00,"27,750.00"
2020-09-07,2020090701027051,HDL,59,38,100,"1,759.00","175,900.00"
2020-09-07,2020090701027050,HDL,5,38,20,"1,759.00","35,180.00"
2020-09-07,2020090701027049,HDL,43,38,60,"1,759.00","105,540.00"
2020-09-07,2020090701027048,HDL,34,38,20,"1,760.00","35,200.00"
2020-09-07,2020090701027047,HDL,47,38,50,"1,760.00","88,000.00"
2020-09-07,2020090701027036,HDL,47,39,50,"1,760.00","88,000.00"
2020-09-07,2020090701026841,HIDCL,28,42,95,143.00,"13,585.00"
2020-09-07,2020090701026682,HIDCL,28,37,33,143.00,"4,719.00"
2020-09-07,2020090701026897,HPPL,50,54,20,160.00,"3,200.00"
2020-09-07,2020090701026898,ILBS,52,13,11,780.00,"8,580.00"
2020-09-07,2020090701026601,JSLBB,58,6,15,"1,375.00","20,625.00"
2020-09-07,2020090701026600,JSLBB,36,6,10,"1,375.00","13,750.00"
2020-09-07,2020090701026599,JSLBB,38,6,10,"1,375.00","13,750.00"
2020-09-07,2020090701026794,KBL,40,42,80,188.00,"15,040.00"
2020-09-07,2020090701027003,KPCL,29,48,135,122.00,"16,470.00"
2020-09-07,2020090701027002,KPCL,29,29,10,122.00,"1,220.00"
2020-09-07,2020090701027001,KPCL,29,58,10,122.00,"1,220.00"
2020-09-07,2020090701027000,KPCL,29,32,10,122.00,"1,220.00"
2020-09-07,2020090701026999,KPCL,29,34,10,122.00,"1,220.00"
2020-09-07,2020090701026998,KPCL,29,41,220,122.00,"26,840.00"
2020-09-07,2020090701026780,KPCL,43,4,10,121.00,"1,210.00"
2020-09-07,2020090701026985,KPCL,29,33,10,122.00,"1,220.00"
2020-09-07,2020090701026984,KPCL,29,58,491,122.00,"59,902.00"
2020-09-07,2020090701026983,KPCL,29,42,500,122.00,"61,000.00"
2020-09-07,2020090701026982,KPCL,29,1,10,122.00,"1,220.00"
2020-09-07,2020090701026981,KPCL,29,14,10,122.00,"1,220.00"
2020-09-07,2020090701026980,KPCL,29,58,10,122.00,"1,220.00"
2020-09-07,2020090701026991,KPCL,29,37,210,122.00,"25,620.00"
2020-09-07,2020090701026990,KPCL,29,11,"1,040",122.00,"126,880.00"
2020-09-07,2020090701026989,KPCL,29,36,10,122.00,"1,220.00"
2020-09-07,2020090701026988,KPCL,29,41,60,122.00,"7,320.00"
2020-09-07,2020090701026987,KPCL,29,57,10,122.00,"1,220.00"
2020-09-07,2020090701026986,KPCL,29,13,500,122.00,"61,000.00"
2020-09-07,2020090701026997,KPCL,29,58,10,122.00,"1,220.00"
2020-09-07,2020090701026996,KPCL,29,50,10,122.00,"1,220.00"
2020-09-07,2020090701026995,KPCL,29,58,10,122.00,"1,220.00"
2020-09-07,2020090701026994,KPCL,29,11,100,122.00,"12,200.00"
2020-09-07,2020090701026993,KPCL,29,45,10,122.00,"1,220.00"
2020-09-07,2020090701026992,KPCL,29,37,10,122.00,"1,220.00"
2020-09-07,2020090701026873,LBBL,55,35,300,182.00,"54,600.00"
2020-09-07,2020090701026750,LBBL,45,42,46,181.00,"8,326.00"
2020-09-07,2020090701026922,LICN,56,6,50,"1,460.00","73,000.00"
2020-09-07,2020090701026799,LICN,43,45,7,"1,453.00","10,171.00"
2020-09-07,2020090701026798,LICN,43,32,13,"1,453.00","18,889.00"
2020-09-07,2020090701026797,LICN,35,32,37,"1,453.00","53,761.00"
2020-09-07,2020090701026919,MBL,59,46,400,225.00,"90,000.00"
2020-09-07,2020090701026827,MBL,45,5,51,224.00,"11,424.00"
2020-09-07,2020090701026677,MEGA,38,13,340,221.00,"75,140.00"
2020-09-07,2020090701026644,MEGA,38,8,410,221.00,"90,610.00"
2020-09-07,2020090701026864,MERO,34,42,100,694.00,"69,400.00"
2020-09-07,2020090701026730,MFIL,44,36,50,283.00,"14,150.00"
2020-09-07,2020090701026729,MFIL,44,52,250,283.00,"70,750.00"
2020-09-07,2020090701027056,MLBBL,34,28,92,763.00,"70,196.00"
2020-09-07,2020090701026732,MLBBL,45,59,100,760.00,"76,000.00"
2020-09-07,2020090701026624,MLBBL,17,35,176,755.00,"132,880.00"
2020-09-07,2020090701026623,MLBBL,20,35,24,755.00,"18,120.00"
2020-09-07,2020090701026800,MLBL,33,25,236,194.00,"45,784.00"
2020-09-07,2020090701026683,MLBL,33,26,100,194.00,"19,400.00"
2020-09-07,2020090701026939,MNBBL,42,52,50,323.00,"16,150.00"
2020-09-07,2020090701026938,MNBBL,29,52,50,323.00,"16,150.00"
2020-09-07,2020090701026918,MSMBS,41,14,10,701.00,"7,010.00"
2020-09-07,2020090701026666,MSMBS,58,47,35,700.00,"24,500.00"
2020-09-07,2020090701026665,MSMBS,58,1,15,700.00,"10,500.00"
2020-09-07,2020090701026707,NABIL,14,25,100,850.00,"85,000.00"
2020-09-07,2020090701026776,NADEP,45,38,324,671.00,"217,404.00"
2020-09-07,2020090701026726,NADEP,38,38,50,670.00,"33,500.00"
2020-09-07,2020090701026725,NADEP,45,38,150,670.00,"100,500.00"
2020-09-07,2020090701026724,NADEP,45,38,178,670.00,"119,260.00"
2020-09-07,2020090701026728,NADEP,45,38,112,669.00,"74,928.00"
2020-09-07,2020090701026727,NADEP,39,38,10,669.00,"6,690.00"
2020-09-07,2020090701026662,NBB,10,42,50,198.00,"9,900.00"
2020-09-07,2020090701026877,NBF2,49,42,500,10.25,"5,125.00"
2020-09-07,2020090701027062,NBL,4,26,260,299.00,"77,740.00"
2020-09-07,2020090701026969,NBL,4,47,197,299.00,"58,903.00"
2020-09-07,2020090701026968,NBL,34,47,20,299.00,"5,980.00"
2020-09-07,2020090701026967,NBL,50,47,200,299.00,"59,800.00"
2020-09-07,2020090701026966,NBL,22,47,13,299.00,"3,887.00"
2020-09-07,2020090701026965,NBL,43,47,200,299.00,"59,800.00"
2020-09-07,2020090701026946,NBL,47,47,50,299.00,"14,950.00"
2020-09-07,2020090701026945,NBL,52,47,100,299.00,"29,900.00"
2020-09-07,2020090701026944,NBL,51,47,25,299.00,"7,475.00"
2020-09-07,2020090701026943,NBL,29,47,48,299.00,"14,352.00"
2020-09-07,2020090701026647,NBL,39,25,100,300.00,"30,000.00"
2020-09-07,2020090701026952,NBL,16,47,"1,000",299.00,"299,000.00"
2020-09-07,2020090701026951,NBL,48,47,"1,299",299.00,"388,401.00"
2020-09-07,2020090701026950,NBL,41,47,100,299.00,"29,900.00"
2020-09-07,2020090701026949,NBL,1,47,100,299.00,"29,900.00"
2020-09-07,2020090701026948,NBL,26,47,150,299.00,"44,850.00"
2020-09-07,2020090701026947,NBL,47,47,100,299.00,"29,900.00"
2020-09-07,2020090701026958,NBL,16,47,"1,000",299.00,"299,000.00"
2020-09-07,2020090701026957,NBL,13,47,500,299.00,"149,500.00"
2020-09-07,2020090701026956,NBL,8,47,"1,000",299.00,"299,000.00"
2020-09-07,2020090701026955,NBL,28,47,200,299.00,"59,800.00"
2020-09-07,2020090701026954,NBL,45,47,200,299.00,"59,800.00"
2020-09-07,2020090701026953,NBL,45,47,100,299.00,"29,900.00"
2020-09-07,2020090701026964,NBL,11,47,"1,000",299.00,"299,000.00"
2020-09-07,2020090701026963,NBL,39,47,100,299.00,"29,900.00"
2020-09-07,2020090701026962,NBL,40,47,100,299.00,"29,900.00"
2020-09-07,2020090701026961,NBL,25,47,500,299.00,"149,500.00"
2020-09-07,2020090701026960,NBL,58,47,"1,000",299.00,"299,000.00"
2020-09-07,2020090701026959,NBL,56,47,15,299.00,"4,485.00"
2020-09-07,2020090701026679,NCCB,58,6,"3,000",194.00,"582,000.00"
2020-09-07,2020090701026921,NEF,41,41,"2,414",9.21,"22,232.90"
2020-09-07,2020090701026823,NHDL,58,41,10,164.00,"1,640.00"
2020-09-07,2020090701026976,NHPC,46,38,10,59.00,590.00
2020-09-07,2020090701026774,NHPC,32,55,810,58.00,"46,980.00"
2020-09-07,2020090701026773,NHPC,47,55,100,58.00,"5,800.00"
2020-09-07,2020090701026772,NHPC,6,55,160,58.00,"9,280.00"
2020-09-07,2020090701026865,NIB,13,1,30,421.00,"12,630.00"
2020-09-07,2020090701026974,NICA,36,7,25,576.00,"14,400.00"
2020-09-07,2020090701026973,NICA,50,7,75,576.00,"43,200.00"
2020-09-07,2020090701026904,NICA,33,39,22,577.00,"12,694.00"
2020-09-07,2020090701026746,NICA,50,40,125,576.00,"72,000.00"
2020-09-07,2020090701026745,NICA,37,40,100,576.00,"57,600.00"
2020-09-07,2020090701026744,NICA,33,40,200,576.00,"115,200.00"
2020-09-07,2020090701026611,NICA,10,39,577,577.00,"332,929.00"
2020-09-07,2020090701026743,NICA,42,40,20,576.00,"11,520.00"
2020-09-07,2020090701026742,NICA,47,40,30,576.00,"17,280.00"
2020-09-07,2020090701026741,NICA,4,40,25,576.00,"14,400.00"
2020-09-07,2020090701026688,NICA,14,39,480,577.00,"276,960.00"
2020-09-07,2020090701026660,NICA,14,35,20,577.00,"11,540.00"
2020-09-07,2020090701026642,NICA,58,35,30,577.00,"17,310.00"
2020-09-07,2020090701026814,NICL,6,16,200,539.00,"107,800.00"
2020-09-07,2020090701026627,NICL,6,42,10,537.00,"5,370.00"
2020-09-07,2020090701026899,NIL,38,47,10,790.00,"7,900.00"
2020-09-07,2020090701026784,NIL,38,45,50,790.00,"39,500.00"
2020-09-07,2020090701026783,NIL,38,41,150,790.00,"118,500.00"
2020-09-07,2020090701026782,NIL,38,47,12,790.00,"9,480.00"
2020-09-07,2020090701026770,NIL,18,47,100,790.00,"79,000.00"
2020-09-07,2020090701026681,NIL,56,39,50,789.00,"39,450.00"
2020-09-07,2020090701026612,NIL,56,39,50,789.00,"39,450.00"
2020-09-07,2020090701027033,NLIC,42,52,50,"1,360.00","68,000.00"
2020-09-07,2020090701027032,NLIC,33,52,200,"1,360.00","272,000.00"
2020-09-07,2020090701027031,NLIC,52,52,50,"1,360.00","68,000.00"
2020-09-07,2020090701027030,NLIC,29,52,10,"1,360.00","13,600.00"
2020-09-07,2020090701027029,NLIC,1,52,100,"1,361.00","136,100.00"
2020-09-07,2020090701027028,NLIC,57,52,20,"1,361.00","27,220.00"
2020-09-07,2020090701026626,NLIC,42,26,10,"1,368.00","13,680.00"
2020-09-07,2020090701026597,NLIC,29,54,60,"1,367.00","82,020.00"
2020-09-07,2020090701027009,NLIC,44,52,300,"1,365.00","409,500.00"
2020-09-07,2020090701027008,NLIC,50,52,200,"1,366.00","273,200.00"
2020-09-07,2020090701027007,NLIC,55,52,100,"1,366.00","136,600.00"
2020-09-07,2020090701027006,NLIC,25,52,138,"1,366.00","188,508.00"
2020-09-07,2020090701026769,NLIC,25,39,140,"1,366.00","191,240.00"
2020-09-07,2020090701026768,NLIC,48,39,10,"1,367.00","13,670.00"
2020-09-07,2020090701027015,NLIC,28,52,50,"1,363.00","68,150.00"
2020-09-07,2020090701027014,NLIC,36,52,10,"1,363.00","13,630.00"
2020-09-07,2020090701027013,NLIC,14,52,50,"1,363.00","68,150.00"
2020-09-07,2020090701027012,NLIC,54,52,200,"1,364.00","272,800.00"
2020-09-07,2020090701027011,NLIC,57,52,10,"1,364.00","13,640.00"
2020-09-07,2020090701027010,NLIC,22,52,200,"1,364.00","272,800.00"
2020-09-07,2020090701027021,NLIC,33,52,45,"1,361.00","61,245.00"
2020-09-07,2020090701027020,NLIC,51,52,10,"1,362.00","13,620.00"
2020-09-07,2020090701027019,NLIC,28,52,50,"1,362.00","68,100.00"
2020-09-07,2020090701027018,NLIC,21,52,50,"1,362.00","68,100.00"
2020-09-07,2020090701027017,NLIC,11,52,300,"1,362.00","408,600.00"
2020-09-07,2020090701027016,NLIC,38,52,100,"1,363.00","136,300.00"
2020-09-07,2020090701027027,NLIC,47,52,100,"1,361.00","136,100.00"
2020-09-07,2020090701027026,NLIC,28,52,100,"1,361.00","136,100.00"
2020-09-07,2020090701027025,NLIC,49,52,200,"1,361.00","272,200.00"
2020-09-07,2020090701027024,NLIC,8,52,100,"1,361.00","136,100.00"
2020-09-07,2020090701027023,NLIC,22,52,50,"1,361.00","68,050.00"
2020-09-07,2020090701027022,NLIC,45,52,100,"1,361.00","136,100.00"
2020-09-07,2020090701026971,NMB,54,35,50,420.00,"21,000.00"
2020-09-07,2020090701026896,NMB,36,35,50,420.00,"21,000.00"
2020-09-07,2020090701026890,NMB,41,25,222,419.00,"93,018.00"
2020-09-07,2020090701026889,NMB,46,25,200,419.00,"83,800.00"
2020-09-07,2020090701026888,NMB,14,25,78,419.00,"32,682.00"
2020-09-07,2020090701026785,NMB,16,35,100,420.00,"42,000.00"
2020-09-07,2020090701026691,NMB,14,13,"1,922",419.00,"805,318.00"
2020-09-07,2020090701026690,NMB,34,13,10,419.00,"4,190.00"
2020-09-07,2020090701026689,NMB,10,13,68,419.00,"28,492.00"
2020-09-07,2020090701026640,NMB,10,35,100,419.00,"41,900.00"
2020-09-07,2020090701026625,NMB,36,35,300,420.00,"126,000.00"
2020-09-07,2020090701026795,NMFBS,58,36,20,"1,535.00","30,700.00"
2020-09-07,2020090701027061,NRIC,29,25,50,858.00,"42,900.00"
2020-09-07,2020090701027042,NRIC,59,5,40,857.00,"34,280.00"
2020-09-07,2020090701026970,NRIC,46,25,100,858.00,"85,800.00"
2020-09-07,2020090701026937,NRIC,59,33,97,857.00,"83,129.00"
2020-09-07,2020090701026936,NRIC,52,25,100,858.00,"85,800.00"
2020-09-07,2020090701026887,NRIC,59,50,30,857.00,"25,710.00"
2020-09-07,2020090701026583,NRIC,54,57,30,857.00,"25,710.00"
2020-09-07,2020090701026616,NRIC,17,34,50,857.00,"42,850.00"
2020-09-07,2020090701026608,NRIC,59,34,100,857.00,"85,700.00"
2020-09-07,2020090701026595,NRIC,42,34,70,857.00,"59,990.00"
2020-09-07,2020090701026594,NRIC,38,34,50,857.00,"42,850.00"
2020-09-07,2020090701026593,NRIC,48,34,30,857.00,"25,710.00"
2020-09-07,2020090701026584,NRIC,48,57,10,857.00,"8,570.00"
2020-09-07,2020090701026663,NRIC,45,54,50,857.00,"42,850.00"
2020-09-07,2020090701026658,NRIC,45,52,20,857.00,"17,140.00"
2020-09-07,2020090701026657,NRIC,45,17,40,857.00,"34,280.00"
2020-09-07,2020090701026656,NRIC,45,34,280,857.00,"239,960.00"
2020-09-07,2020090701026636,NRIC,6,36,40,856.00,"34,240.00"
2020-09-07,2020090701026634,NRIC,6,14,40,856.00,"34,240.00"
2020-09-07,2020090701026804,NRIC,45,42,200,857.00,"171,400.00"
2020-09-07,2020090701026803,NRIC,17,42,50,857.00,"42,850.00"
2020-09-07,2020090701026792,NRIC,32,14,50,857.00,"42,850.00"
2020-09-07,2020090701026779,NRIC,6,42,30,856.00,"25,680.00"
2020-09-07,2020090701026701,NRIC,45,14,40,857.00,"34,280.00"
2020-09-07,2020090701026667,NRIC,25,14,20,858.00,"17,160.00"
2020-09-07,2020090701026867,NRIC,6,47,110,858.00,"94,380.00"
2020-09-07,2020090701026866,NRIC,6,14,297,858.00,"254,826.00"
2020-09-07,2020090701026838,NRIC,59,28,50,857.00,"42,850.00"
2020-09-07,2020090701026821,NRIC,59,6,140,857.00,"119,980.00"
2020-09-07,2020090701026820,NRIC,59,38,40,857.00,"34,280.00"
2020-09-07,2020090701026812,NRIC,59,42,250,857.00,"214,250.00"
2020-09-07,2020090701026878,NRIC,59,14,50,857.00,"42,850.00"
2020-09-07,2020090701026872,NRIC,6,25,333,858.00,"285,714.00"
2020-09-07,2020090701026871,NRIC,6,43,100,858.00,"85,800.00"
2020-09-07,2020090701026870,NRIC,6,52,40,858.00,"34,320.00"
2020-09-07,2020090701026869,NRIC,6,32,100,858.00,"85,800.00"
2020-09-07,2020090701026868,NRIC,6,58,20,858.00,"17,160.00"
2020-09-07,2020090701027038,NUBL,43,28,30,965.00,"28,950.00"
2020-09-07,2020090701027052,PIC,59,28,20,737.00,"14,740.00"
2020-09-07,2020090701026605,PIC,54,32,10,740.00,"7,400.00"
2020-09-07,2020090701026604,PIC,54,47,100,740.00,"74,000.00"
2020-09-07,2020090701026603,PIC,54,53,151,740.00,"111,740.00"
2020-09-07,2020090701026592,PIC,59,40,420,737.00,"309,540.00"
2020-09-07,2020090701026591,PIC,44,40,180,737.00,"132,660.00"
2020-09-07,2020090701026590,PIC,18,40,100,738.00,"73,800.00"
2020-09-07,2020090701026975,PICL,49,34,200,532.00,"106,400.00"
2020-09-07,2020090701026905,PICL,49,34,15,532.00,"7,980.00"
2020-09-07,2020090701026862,PICL,6,1,50,533.00,"26,650.00"
2020-09-07,2020090701026767,PICL,49,6,100,532.00,"53,200.00"
2020-09-07,2020090701027054,PLIC,18,22,100,635.00,"63,500.00"
2020-09-07,2020090701026910,PLIC,22,16,12,634.00,"7,608.00"
2020-09-07,2020090701026876,PLIC,18,7,500,635.00,"317,500.00"
2020-09-07,2020090701026875,PLIC,28,7,500,635.00,"317,500.00"
2020-09-07,2020090701026781,PLIC,28,57,500,635.00,"317,500.00"
2020-09-07,2020090701026648,PLIC,45,57,500,635.00,"317,500.00"
2020-09-07,2020090701026619,PLIC,45,8,200,635.00,"127,000.00"
2020-09-07,2020090701026618,PLIC,45,39,200,635.00,"127,000.00"
2020-09-07,2020090701026582,PMHPL,37,32,470,94.00,"44,180.00"
2020-09-07,2020090701026722,PPCL,22,41,10,131.00,"1,310.00"
2020-09-07,2020090701026615,PPCL,22,41,10,131.00,"1,310.00"
2020-09-07,2020090701027005,PRIN,37,19,50,580.00,"29,000.00"
2020-09-07,2020090701027004,PRIN,37,33,200,580.00,"116,000.00"
2020-09-07,2020090701026840,PRIN,10,25,101,580.00,"58,580.00"
2020-09-07,2020090701026839,PRIN,10,28,58,580.00,"33,640.00"
2020-09-07,2020090701026693,PRVU,17,14,200,230.00,"46,000.00"
2020-09-07,2020090701027035,RBCL,28,13,30,"9,770.00","293,100.00"
2020-09-07,2020090701026902,RHPC,34,55,100,101.00,"10,100.00"
2020-09-07,2020090701026819,RHPL,34,39,10,162.00,"1,620.00"
2020-09-07,2020090701026791,RHPL,34,39,10,162.00,"1,620.00"
2020-09-07,2020090701026790,RHPL,34,57,10,162.00,"1,620.00"
2020-09-07,2020090701026789,RHPL,34,38,40,161.00,"6,440.00"
2020-09-07,2020090701026713,RHPL,29,52,"3,615",160.00,"578,400.00"
2020-09-07,2020090701026712,RHPL,43,52,"1,940",160.00,"310,400.00"
2020-09-07,2020090701026711,RHPL,25,52,100,161.00,"16,100.00"
2020-09-07,2020090701026710,RHPL,50,52,100,161.00,"16,100.00"
2020-09-07,2020090701026709,RHPL,57,52,830,161.00,"133,630.00"
2020-09-07,2020090701026708,RHPL,10,52,580,161.00,"93,380.00"
2020-09-07,2020090701026637,RHPL,57,16,30,161.00,"4,830.00"
2020-09-07,2020090701027055,RMDC,6,51,100,870.00,"87,000.00"
2020-09-07,2020090701026808,RMDC,25,38,85,869.00,"73,865.00"
2020-09-07,2020090701026807,RMDC,51,38,35,869.00,"30,415.00"
2020-09-07,2020090701026806,RMDC,1,38,10,869.00,"8,690.00"
2020-09-07,2020090701026652,RMDC,34,37,70,868.00,"60,760.00"
2020-09-07,2020090701026651,RMDC,4,37,20,869.00,"17,380.00"
2020-09-07,2020090701026650,RMDC,39,37,60,869.00,"52,140.00"
2020-09-07,2020090701026649,RMDC,38,37,50,870.00,"43,500.00"
2020-09-07,2020090701026856,RSDC,34,38,56,514.00,"28,784.00"
2020-09-07,2020090701026855,RSDC,42,38,100,514.00,"51,400.00"
2020-09-07,2020090701026854,RSDC,52,38,100,514.00,"51,400.00"
2020-09-07,2020090701026853,RSDC,56,38,50,515.00,"25,750.00"
2020-09-07,2020090701026852,RSDC,34,38,30,515.00,"15,450.00"
2020-09-07,2020090701026851,RSDC,43,38,10,515.00,"5,150.00"
2020-09-07,2020090701026850,RSDC,45,38,10,515.00,"5,150.00"
2020-09-07,2020090701026849,RSDC,34,38,20,515.00,"10,300.00"
2020-09-07,2020090701026848,RSDC,42,38,100,516.00,"51,600.00"
2020-09-07,2020090701026847,RSDC,57,38,50,516.00,"25,800.00"
2020-09-07,2020090701026846,RSDC,22,38,44,516.00,"22,704.00"
2020-09-07,2020090701026845,RSDC,1,38,30,517.00,"15,510.00"
2020-09-07,2020090701026801,SABSL,10,46,500,832.00,"416,000.00"
2020-09-07,2020090701026740,SABSL,44,34,11,830.00,"9,130.00"
2020-09-07,2020090701026860,SANIMA,57,7,50,344.00,"17,200.00"
2020-09-07,2020090701026859,SANIMA,42,7,150,344.00,"51,600.00"
2020-09-07,2020090701026738,SANIMA,57,25,65,344.00,"22,360.00"
2020-09-07,2020090701026737,SANIMA,57,41,127,344.00,"43,688.00"
2020-09-07,2020090701026736,SANIMA,57,45,190,344.00,"65,360.00"
2020-09-07,2020090701026633,SBL,55,59,180,300.00,"54,000.00"
2020-09-07,2020090701026632,SBL,6,59,20,300.00,"6,000.00"
2020-09-07,2020090701026631,SBL,48,59,100,300.00,"30,000.00"
2020-09-07,2020090701026630,SBL,25,59,100,300.00,"30,000.00"
2020-09-07,2020090701026629,SBL,38,59,100,300.00,"30,000.00"
2020-09-07,2020090701026628,SBL,32,59,500,300.00,"150,000.00"
2020-09-07,2020090701027057,SCB,35,43,300,659.00,"197,700.00"
2020-09-07,2020090701026764,SCB,52,49,144,660.00,"95,040.00"
2020-09-07,2020090701026763,SCB,52,51,20,660.00,"13,200.00"
2020-09-07,2020090701026762,SCB,52,25,200,660.00,"132,000.00"
2020-09-07,2020090701026761,SCB,52,8,20,660.00,"13,200.00"
2020-09-07,2020090701026754,SCB,52,50,"1,500",654.00,"981,000.00"
2020-09-07,2020090701026753,SCB,52,34,33,654.00,"21,582.00"
2020-09-07,2020090701026752,SCB,52,43,220,654.00,"143,880.00"
2020-09-07,2020090701026751,SCB,52,56,40,653.00,"26,120.00"
2020-09-07,2020090701026760,SCB,52,26,50,660.00,"33,000.00"
2020-09-07,2020090701026759,SCB,52,1,20,660.00,"13,200.00"
2020-09-07,2020090701026758,SCB,52,16,100,660.00,"66,000.00"
2020-09-07,2020090701026757,SCB,52,4,208,656.00,"136,448.00"
2020-09-07,2020090701026756,SCB,52,57,245,655.00,"160,475.00"
2020-09-07,2020090701026755,SCB,52,48,200,655.00,"131,000.00"
2020-09-07,2020090701026696,SDLBSL,57,59,10,820.00,"8,200.00"
2020-09-07,2020090701027059,SHIVM,50,17,110,701.00,"77,110.00"
2020-09-07,2020090701027053,SHIVM,45,17,50,701.00,"35,050.00"
2020-09-07,2020090701026916,SHIVM,50,17,40,701.00,"28,040.00"
2020-09-07,2020090701026766,SHIVM,48,38,"2,000",701.00,"1,402,000.00"
2020-09-07,2020090701026765,SHIVM,36,38,700,701.00,"490,700.00"
2020-09-07,2020090701026686,SHIVM,1,38,10,702.00,"7,020.00"
2020-09-07,2020090701026685,SHIVM,29,38,200,702.00,"140,400.00"
2020-09-07,2020090701026684,SHIVM,42,38,240,702.00,"168,480.00"
2020-09-07,2020090701026645,SHIVM,25,6,100,703.00,"70,300.00"
2020-09-07,2020090701026664,SHL,5,50,100,158.00,"15,800.00"
2020-09-07,2020090701027034,SIC,14,47,15,867.00,"13,005.00"
2020-09-07,2020090701026825,SIC,14,35,20,867.00,"17,340.00"
2020-09-07,2020090701026706,SIC,14,26,15,866.00,"12,990.00"
2020-09-07,2020090701026705,SIC,49,26,25,866.00,"21,650.00"
2020-09-07,2020090701026979,SICL,35,45,50,"1,339.00","66,950.00"
2020-09-07,2020090701026901,SICL,33,50,80,"1,337.00","106,960.00"
2020-09-07,2020090701026900,SICL,14,50,70,"1,337.00","93,590.00"
2020-09-07,2020090701026874,SICL,35,45,30,"1,339.00","40,170.00"
2020-09-07,2020090701026826,SICL,35,45,50,"1,339.00","66,950.00"
2020-09-07,2020090701026635,SICL,35,45,30,"1,339.00","40,170.00"
2020-09-07,2020090701026596,SICL,35,45,30,"1,339.00","40,170.00"
2020-09-07,2020090701026777,SICL,35,45,20,"1,339.00","26,780.00"
2020-09-07,2020090701026733,SICL,35,45,20,"1,339.00","26,780.00"
2020-09-07,2020090701026692,SICL,14,14,30,"1,337.00","40,110.00"
2020-09-07,2020090701026678,SICL,35,45,30,"1,339.00","40,170.00"
2020-09-07,2020090701026749,SJCL,57,16,20,146.00,"2,920.00"
2020-09-07,2020090701026917,SLBBL,10,6,20,837.00,"16,740.00"
2020-09-07,2020090701027044,SLBSL,16,55,25,790.00,"19,750.00"
2020-09-07,2020090701026805,SLBSL,34,6,10,790.00,"7,900.00"
2020-09-07,2020090701027041,SLICL,4,6,200,566.00,"113,200.00"
2020-09-07,2020090701026674,SLICL,34,28,150,567.00,"85,050.00"
2020-09-07,2020090701026589,SLICL,6,28,50,567.00,"28,350.00"
2020-09-07,2020090701026588,SLICL,6,42,100,567.00,"56,700.00"
2020-09-07,2020090701026587,SLICL,6,36,100,567.00,"56,700.00"
2020-09-07,2020090701026586,SLICL,6,42,200,567.00,"113,400.00"
2020-09-07,2020090701026585,SLICL,6,41,50,567.00,"28,350.00"
2020-09-07,2020090701026673,SMFBS,11,4,70,965.00,"67,550.00"
2020-09-07,2020090701026672,SMFBS,50,4,100,965.00,"96,500.00"
2020-09-07,2020090701026671,SMFBS,51,4,10,965.00,"9,650.00"
2020-09-07,2020090701026670,SMFBS,39,4,20,966.00,"19,320.00"
2020-09-07,2020090701027058,SPDL,3,16,10,130.00,"1,300.00"
2020-09-07,2020090701026695,SPDL,6,57,150,131.00,"19,650.00"
2020-09-07,2020090701026694,SPDL,6,13,15,130.00,"1,950.00"
2020-09-07,2020090701026813,SRBL,28,59,100,229.00,"22,900.00"
2020-09-07,2020090701026920,STC,10,51,15,"3,089.00","46,335.00"
2020-09-07,2020090701026655,UIC,18,34,100,417.00,"41,700.00"
2020-09-07,2020090701026641,UIC,58,26,15,416.00,"6,240.00"
2020-09-07,2020090701026858,UNHPL,57,45,150,69.00,"10,350.00"
2020-09-07,2020090701026857,UNHPL,57,19,50,69.00,"3,450.00"
2020-09-07,2020090701026915,UPCL,26,42,490,101.00,"49,490.00"
2020-09-07,2020090701026914,UPCL,26,14,50,101.00,"5,050.00"
2020-09-07,2020090701026913,UPCL,26,7,400,101.00,"40,400.00"
2020-09-07,2020090701026912,UPCL,26,14,50,101.00,"5,050.00"
2020-09-07,2020090701026911,UPCL,26,41,10,101.00,"1,010.00"
2020-09-07,2020090701026788,UPCL,42,13,100,100.00,"10,000.00"
2020-09-07,2020090701026787,UPCL,26,13,"2,390",100.00,"239,000.00"
2020-09-07,2020090701026704,UPCL,58,41,40,101.00,"4,040.00"
2020-09-07,2020090701026703,UPCL,58,57,50,101.00,"5,050.00"
2020-09-07,2020090701026702,UPCL,58,57,10,101.00,"1,010.00"
2020-09-07,2020090701026659,UPCL,26,59,100,100.00,"10,000.00"
2020-09-07,2020090701026700,UPPER,34,25,500,242.00,"121,000.00"
2020-09-07,2020090701026515,ACLBSL,33,4,10,703.00,"7,030.00"
2020-09-07,2020090701026514,ACLBSL,33,38,254,703.00,"178,562.00"
2020-09-07,2020090701026513,ACLBSL,33,59,42,702.00,"29,484.00"
2020-09-07,2020090701026512,ACLBSL,33,6,10,702.00,"7,020.00"
2020-09-07,2020090701026511,ACLBSL,33,41,210,701.00,"147,210.00"
2020-09-07,2020090701026510,ACLBSL,33,29,10,701.00,"7,010.00"
2020-09-07,2020090701026509,ACLBSL,33,1,30,701.00,"21,030.00"
2020-09-07,2020090701026508,ACLBSL,33,57,10,700.00,"7,000.00"
2020-09-07,2020090701026507,ACLBSL,33,29,10,700.00,"7,000.00"
2020-09-07,2020090701026506,ACLBSL,33,37,31,700.00,"21,700.00"
2020-09-07,2020090701026571,AHPC,58,55,100,120.00,"12,000.00"
2020-09-07,2020090701026572,AIL,36,6,10,508.00,"5,080.00"
2020-09-07,2020090701026543,AIL,36,17,10,508.00,"5,080.00"
2020-09-07,2020090701026454,AIL,36,59,10,508.00,"5,080.00"
2020-09-07,2020090701026368,AIL,46,57,10,509.00,"5,090.00"
2020-09-07,2020090701026367,AIL,6,57,50,509.00,"25,450.00"
2020-09-07,2020090701026366,AIL,7,57,20,509.00,"10,180.00"
2020-09-07,2020090701026341,AIL,11,58,10,510.00,"5,100.00"
2020-09-07,2020090701026340,AIL,11,42,10,510.00,"5,100.00"
2020-09-07,2020090701026260,AIL,7,58,10,509.00,"5,090.00"
2020-09-07,2020090701026243,AIL,7,46,10,509.00,"5,090.00"
2020-09-07,2020090701026457,AKJCL,42,14,15,67.00,"1,005.00"
2020-09-07,2020090701026371,AKJCL,6,42,20,66.00,"1,320.00"
2020-09-07,2020090701026489,AKPL,58,48,45,167.00,"7,515.00"
2020-09-07,2020090701026488,AKPL,18,48,100,167.00,"16,700.00"
2020-09-07,2020090701026487,AKPL,44,48,100,167.00,"16,700.00"
2020-09-07,2020090701026486,AKPL,58,48,"2,755",167.00,"460,085.00"
2020-09-07,2020090701026396,AKPL,58,17,200,167.00,"33,400.00"
2020-09-07,2020090701026226,AKPL,58,46,39,167.00,"6,513.00"
2020-09-07,2020090701026201,AKPL,58,57,500,167.00,"83,500.00"
2020-09-07,2020090701026196,AKPL,58,4,10,167.00,"1,670.00"
2020-09-07,2020090701026449,ALICL,54,39,50,711.00,"35,550.00"
2020-09-07,2020090701026448,ALICL,1,39,265,711.00,"188,415.00"
2020-09-07,2020090701026447,ALICL,19,39,100,712.00,"71,200.00"
2020-09-07,2020090701026446,ALICL,57,39,50,712.00,"35,600.00"
2020-09-07,2020090701026445,ALICL,38,39,300,712.00,"213,600.00"
2020-09-07,2020090701026444,ALICL,49,39,20,712.00,"14,240.00"
2020-09-07,2020090701026443,ALICL,50,39,"1,000",713.00,"713,000.00"
2020-09-07,2020090701026392,ALICL,55,39,200,715.00,"143,000.00"
2020-09-07,2020090701026179,ALICL,55,1,100,715.00,"71,500.00"
2020-09-07,2020090701026546,API,14,54,100,128.00,"12,800.00"
2020-09-07,2020090701026545,API,57,54,45,128.00,"5,760.00"
2020-09-07,2020090701026422,API,57,4,11,128.00,"1,408.00"
2020-09-07,2020090701026279,API,57,46,30,128.00,"3,840.00"
2020-09-07,2020090701026224,API,57,46,164,128.00,"20,992.00"
2020-09-07,2020090701026291,BOKL,34,39,300,232.00,"69,600.00"
2020-09-07,2020090701026290,BPCL,45,55,176,380.00,"66,880.00"
2020-09-07,2020090701026227,BPCL,11,55,10,380.00,"3,800.00"
2020-09-07,2020090701026285,CBBL,18,8,100,"1,099.00","109,900.00"
2020-09-07,2020090701026376,CCBL,26,50,500,171.00,"85,500.00"
2020-09-07,2020090701026205,CCBL,26,50,40,171.00,"6,840.00"
2020-09-07,2020090701026345,CHCL,40,52,50,434.00,"21,700.00"
2020-09-07,2020090701026570,CIT,7,1,150,"3,221.00","483,150.00"
2020-09-07,2020090701026523,CIT,35,1,25,"3,221.00","80,525.00"
2020-09-07,2020090701026501,CIT,58,1,50,"3,221.00","161,050.00"
2020-09-07,2020090701026496,CIT,13,1,160,"3,221.00","515,360.00"
2020-09-07,2020090701026495,CIT,45,1,30,"3,225.00","96,750.00"
2020-09-07,2020090701026494,CIT,54,1,25,"3,232.00","80,800.00"
2020-09-07,2020090701026109,CIT,20,28,22,"3,230.00","71,060.00"
2020-09-07,2020090701026096,CIT,45,10,13,"3,230.00","41,990.00"
2020-09-07,2020090701026281,CIT,21,22,10,"3,230.00","32,300.00"
2020-09-07,2020090701026231,CIT,47,33,20,"3,226.00","64,520.00"
2020-09-07,2020090701026230,CIT,19,33,100,"3,226.00","322,600.00"
2020-09-07,2020090701026222,CIT,20,11,17,"3,230.00","54,910.00"
2020-09-07,2020090701026221,CIT,20,28,58,"3,230.00","187,340.00"
2020-09-07,2020090701026110,CIT,49,28,20,"3,230.00","64,600.00"
2020-09-07,2020090701026493,CIT,18,1,35,"3,232.00","113,120.00"
2020-09-07,2020090701026461,CIT,58,22,50,"3,232.00","161,600.00"
2020-09-07,2020090701026460,CIT,58,45,50,"3,232.00","161,600.00"
2020-09-07,2020090701026456,CIT,20,56,25,"3,230.00","80,750.00"
2020-09-07,2020090701026455,CIT,38,56,10,"3,230.00","32,300.00"
2020-09-07,2020090701026282,CIT,13,22,40,"3,230.00","129,200.00"
2020-09-07,2020090701026453,CLBSL,52,17,18,680.00,"12,240.00"
2020-09-07,2020090701026434,DDBL,42,19,40,866.00,"34,640.00"
2020-09-07,2020090701026433,DDBL,35,19,350,866.00,"303,100.00"
2020-09-07,2020090701026336,EBL,47,18,100,722.00,"72,200.00"
2020-09-07,2020090701026303,EBL,1,35,50,725.00,"36,250.00"
2020-09-07,2020090701026233,EBLCP,42,56,101,670.00,"67,670.00"
2020-09-07,2020090701026232,EBLCP,42,56,20,670.00,"13,400.00"
2020-09-07,2020090701026452,EIC,38,33,15,480.00,"7,200.00"
2020-09-07,2020090701026451,EIC,38,55,160,480.00,"76,800.00"
2020-09-07,2020090701026450,EIC,38,6,25,479.00,"11,975.00"
2020-09-07,2020090701026195,EIC,46,6,20,479.00,"9,580.00"
2020-09-07,2020090701026122,EIC,40,6,55,479.00,"26,345.00"
2020-09-07,2020090701026121,EIC,40,49,345,479.00,"165,255.00"
2020-09-07,2020090701026120,EIC,40,19,600,479.00,"287,400.00"
2020-09-07,2020090701026080,EIC,42,19,100,479.00,"47,900.00"
2020-09-07,2020090701026398,FMDBL,51,6,90,561.00,"50,490.00"
2020-09-07,2020090701026353,FMDBL,6,38,580,559.00,"324,220.00"
2020-09-07,2020090701026352,FMDBL,29,38,100,559.00,"55,900.00"
2020-09-07,2020090701026351,FMDBL,8,38,320,559.00,"178,880.00"
2020-09-07,2020090701026339,GBBL,57,14,180,236.00,"42,480.00"
2020-09-07,2020090701026569,GBIME,51,47,10,261.00,"2,610.00"
2020-09-07,2020090701026536,GBIME,7,47,200,261.00,"52,200.00"
2020-09-07,2020090701026535,GBIME,56,47,100,261.00,"26,100.00"
2020-09-07,2020090701026534,GBIME,16,47,100,261.00,"26,100.00"
2020-09-07,2020090701026533,GBIME,17,47,100,261.00,"26,100.00"
2020-09-07,2020090701026532,GBIME,17,47,50,261.00,"13,050.00"
2020-09-07,2020090701026140,GBIME,58,47,40,263.00,"10,520.00"
2020-09-07,2020090701026125,GBIME,1,47,15,263.00,"3,945.00"
2020-09-07,2020090701026188,GBIME,20,57,100,262.00,"26,200.00"
2020-09-07,2020090701026187,GBIME,4,57,500,262.00,"131,000.00"
2020-09-07,2020090701026186,GBIME,16,57,40,262.00,"10,480.00"
2020-09-07,2020090701026185,GBIME,34,57,100,262.00,"26,200.00"
2020-09-07,2020090701026184,GBIME,47,57,159,262.00,"41,658.00"
2020-09-07,2020090701026180,GBIME,13,47,"1,000",263.00,"263,000.00"
2020-09-07,2020090701026311,GBIME,52,28,300,261.00,"78,300.00"
2020-09-07,2020090701026310,GBIME,19,28,50,261.00,"13,050.00"
2020-09-07,2020090701026309,GBIME,45,28,100,261.00,"26,100.00"
2020-09-07,2020090701026308,GBIME,46,28,500,261.00,"130,500.00"
2020-09-07,2020090701026307,GBIME,34,28,264,261.00,"68,904.00"
2020-09-07,2020090701026199,GBIME,40,57,100,262.00,"26,200.00"
2020-09-07,2020090701026317,GBIME,6,28,200,261.00,"52,200.00"
2020-09-07,2020090701026316,GBIME,44,28,77,261.00,"20,097.00"
2020-09-07,2020090701026315,GBIME,36,28,100,261.00,"26,100.00"
