Date,Transact. No.,Symbol,Buyer,Seller,Quantity,Rate,Amount
2019-09-26,2019092601005142,ADBL,6,39,61,410.00,"25,010.00"
2019-09-26,2019092601005141,ADBL,29,39,39,410.00,"15,990.00"
2019-09-26,2019092601004821,ADBL,47,45,100,411.00,"41,100.00"
2019-09-26,2019092601004701,ADBL,29,57,250,410.00,"102,500.00"
2019-09-26,2019092601004945,AHPC,26,26,115,95.00,"10,925.00"
2019-09-26,2019092601004944,AHPC,7,26,490,95.00,"46,550.00"
2019-09-26,2019092601004907,AHPC,7,26,510,95.00,"48,450.00"
2019-09-26,2019092601004906,AHPC,43,26,50,95.00,"4,750.00"
2019-09-26,2019092601004905,AHPC,48,26,324,95.00,"30,780.00"
2019-09-26,2019092601005139,AKBSL,34,14,10,407.00,"4,070.00"
2019-09-26,2019092601004937,AKBSL,34,43,30,407.00,"12,210.00"
2019-09-26,2019092601004936,AKBSL,48,43,50,407.00,"20,350.00"
2019-09-26,2019092601004935,AKBSL,54,43,20,408.00,"8,160.00"
2019-09-26,2019092601004707,AKBSL,48,20,10,408.00,"4,080.00"
2019-09-26,2019092601004691,AKBSL,48,7,10,408.00,"4,080.00"
2019-09-26,2019092601004929,ALBSL,39,40,10,416.00,"4,160.00"
2019-09-26,2019092601004876,ALBSL,41,55,15,424.00,"6,360.00"
2019-09-26,2019092601004924,ALICL,57,39,223,310.00,"69,130.00"
2019-09-26,2019092601004894,ALICL,48,39,100,310.00,"31,000.00"
2019-09-26,2019092601005060,API,25,41,29,115.00,"3,335.00"
2019-09-26,2019092601005059,API,25,21,40,114.00,"4,560.00"
2019-09-26,2019092601005058,API,25,41,500,113.00,"56,500.00"
2019-09-26,2019092601005057,API,25,43,481,113.00,"54,353.00"
2019-09-26,2019092601005004,API,25,43,19,113.00,"2,147.00"
2019-09-26,2019092601005003,API,25,41,381,112.00,"42,672.00"
2019-09-26,2019092601004871,API,34,26,347,109.00,"37,823.00"
2019-09-26,2019092601004870,API,1,26,100,110.00,"11,000.00"
2019-09-26,2019092601004867,API,25,56,29,111.00,"3,219.00"
2019-09-26,2019092601004966,API,25,41,119,112.00,"13,328.00"
2019-09-26,2019092601004965,API,25,56,381,112.00,"42,672.00"
2019-09-26,2019092601004964,API,25,39,"1,000",111.00,"111,000.00"
2019-09-26,2019092601004947,API,38,56,400,110.00,"44,000.00"
2019-09-26,2019092601004946,API,6,56,500,110.00,"55,000.00"
2019-09-26,2019092601004893,API,25,56,50,111.00,"5,550.00"
2019-09-26,2019092601004931,BFC,28,19,72,87.00,"6,264.00"
2019-09-26,2019092601004930,BFC,46,19,179,87.00,"15,573.00"
2019-09-26,2019092601005072,BOKL,22,13,714,250.00,"178,500.00"
2019-09-26,2019092601004940,BOKL,34,26,19,251.00,"4,769.00"
2019-09-26,2019092601004925,BOKL,19,26,25,251.00,"6,275.00"
2019-09-26,2019092601004783,BOKL,22,43,80,250.00,"20,000.00"
2019-09-26,2019092601004782,BOKL,8,43,420,250.00,"105,000.00"
2019-09-26,2019092601004684,BOKL,29,26,160,251.00,"40,160.00"
2019-09-26,2019092601004661,BOKL,8,44,100,250.00,"25,000.00"
2019-09-26,2019092601005045,BPCL,33,43,10,357.00,"3,570.00"
2019-09-26,2019092601005087,CBBL,34,51,200,956.00,"191,200.00"
2019-09-26,2019092601005086,CBBL,19,51,20,956.00,"19,120.00"
2019-09-26,2019092601005085,CBBL,6,51,100,957.00,"95,700.00"
2019-09-26,2019092601004828,CBBL,45,51,10,960.00,"9,600.00"
2019-09-26,2019092601004809,CBBL,39,51,30,960.00,"28,800.00"
2019-09-26,2019092601004778,CBBL,3,51,10,960.00,"9,600.00"
2019-09-26,2019092601004777,CBBL,6,51,50,960.00,"48,000.00"
2019-09-26,2019092601004776,CBBL,14,51,20,960.00,"19,200.00"
2019-09-26,2019092601004775,CBBL,19,51,20,965.00,"19,300.00"
2019-09-26,2019092601004774,CBBL,6,51,20,965.00,"19,300.00"
2019-09-26,2019092601004773,CBBL,45,51,20,966.00,"19,320.00"
2019-09-26,2019092601005023,CBL,43,58,10,142.00,"1,420.00"
2019-09-26,2019092601004851,CBL,45,53,"3,800",141.00,"535,800.00"
2019-09-26,2019092601004679,CBL,45,21,100,141.00,"14,100.00"
2019-09-26,2019092601005032,CCBL,40,54,150,153.00,"22,950.00"
2019-09-26,2019092601004917,CCBL,40,53,502,153.00,"76,806.00"
2019-09-26,2019092601004843,CCBL,50,52,119,154.00,"18,326.00"
2019-09-26,2019092601004842,CCBL,50,39,200,154.00,"30,800.00"
2019-09-26,2019092601004841,CCBL,50,13,184,154.00,"28,336.00"
2019-09-26,2019092601004840,CCBL,50,34,65,154.00,"10,010.00"
2019-09-26,2019092601005034,CHCL,28,13,32,411.00,"13,152.00"
2019-09-26,2019092601005033,CHCL,40,13,168,411.00,"69,048.00"
2019-09-26,2019092601004758,CHCL,40,53,32,411.00,"13,152.00"
2019-09-26,2019092601004757,CHCL,45,53,200,411.00,"82,200.00"
2019-09-26,2019092601004756,CHCL,56,53,279,411.00,"114,669.00"
2019-09-26,2019092601004755,CHCL,13,53,75,411.00,"30,825.00"
2019-09-26,2019092601004754,CHCL,45,53,184,411.00,"75,624.00"
2019-09-26,2019092601004753,CHCL,17,53,100,412.00,"41,200.00"
2019-09-26,2019092601004752,CHCL,41,53,30,412.00,"12,360.00"
2019-09-26,2019092601004751,CHCL,42,53,100,413.00,"41,300.00"
2019-09-26,2019092601005070,CIT,58,11,50,"1,780.00","89,000.00"
2019-09-26,2019092601005002,CIT,19,13,100,"1,776.00","177,600.00"
2019-09-26,2019092601005001,CIT,47,13,12,"1,776.00","21,312.00"
2019-09-26,2019092601004666,CIT,34,11,50,"1,780.00","89,000.00"
2019-09-26,2019092601004928,CLBSL,7,58,22,476.00,"10,472.00"
2019-09-26,2019092601004927,CLBSL,48,58,30,477.00,"14,310.00"
2019-09-26,2019092601004926,CLBSL,48,58,25,480.00,"12,000.00"
2019-09-26,2019092601005140,CZBIL,57,37,75,193.00,"14,475.00"
2019-09-26,2019092601005081,CZBIL,29,1,100,192.00,"19,200.00"
2019-09-26,2019092601004849,CZBIL,29,16,239,192.00,"45,888.00"
2019-09-26,2019092601004848,CZBIL,52,16,23,193.00,"4,439.00"
2019-09-26,2019092601004847,CZBIL,45,16,38,193.00,"7,334.00"
2019-09-26,2019092601004846,DDBL,49,38,146,715.00,"104,390.00"
2019-09-26,2019092601004721,DDBL,49,51,734,715.00,"524,810.00"
2019-09-26,2019092601004678,DDBL,34,38,23,716.00,"16,468.00"
2019-09-26,2019092601004677,DDBL,44,38,60,717.00,"43,020.00"
2019-09-26,2019092601005133,EBL,45,41,20,557.00,"11,140.00"
2019-09-26,2019092601004824,EBL,33,35,130,557.00,"72,410.00"
2019-09-26,2019092601004748,EBL,33,11,20,557.00,"11,140.00"
2019-09-26,2019092601005091,FMDBL,45,57,70,370.00,"25,900.00"
2019-09-26,2019092601005088,FMDBL,34,42,300,369.00,"110,700.00"
2019-09-26,2019092601005069,FMDBL,34,57,80,370.00,"29,600.00"
2019-09-26,2019092601004836,FMDBL,34,11,20,370.00,"7,400.00"
2019-09-26,2019092601004835,FMDBL,55,11,20,370.00,"7,400.00"
2019-09-26,2019092601005135,GBLBS,13,42,60,315.00,"18,900.00"
2019-09-26,2019092601005134,GBLBS,13,19,200,315.00,"63,000.00"
2019-09-26,2019092601005126,GBLBS,18,8,60,314.00,"18,840.00"
2019-09-26,2019092601004788,GBLBS,18,1,115,314.00,"36,110.00"
2019-09-26,2019092601004787,GBLBS,37,1,85,314.00,"26,690.00"
2019-09-26,2019092601004766,GBLBS,37,1,400,314.00,"125,600.00"
2019-09-26,2019092601004982,GLICL,29,43,50,354.00,"17,700.00"
2019-09-26,2019092601004987,GMFBS,13,40,10,461.00,"4,610.00"
2019-09-26,2019092601004953,GMFBS,13,40,10,461.00,"4,610.00"
2019-09-26,2019092601004901,GMFBS,13,40,10,461.00,"4,610.00"
2019-09-26,2019092601005040,GRDBL,22,43,40,104.00,"4,160.00"
2019-09-26,2019092601005084,HBL,51,10,50,487.00,"24,350.00"
2019-09-26,2019092601005017,HBL,45,10,10,487.00,"4,870.00"
2019-09-26,2019092601004933,HBL,40,10,150,487.00,"73,050.00"
2019-09-26,2019092601004932,HBL,56,10,100,487.00,"48,700.00"
2019-09-26,2019092601004912,HBL,22,10,200,488.00,"97,600.00"
2019-09-26,2019092601004892,HBL,1,10,104,488.00,"50,752.00"
2019-09-26,2019092601005120,HIDCL,32,39,273,130.00,"35,490.00"
2019-09-26,2019092601005119,HIDCL,5,39,100,130.00,"13,000.00"
2019-09-26,2019092601005118,HIDCL,34,39,200,130.00,"26,000.00"
2019-09-26,2019092601005117,HIDCL,52,39,100,130.00,"13,000.00"
2019-09-26,2019092601005116,HIDCL,14,39,500,130.00,"65,000.00"
2019-09-26,2019092601005115,HIDCL,40,39,100,130.00,"13,000.00"
2019-09-26,2019092601005114,HIDCL,43,39,100,130.00,"13,000.00"
2019-09-26,2019092601005113,HIDCL,51,39,200,130.00,"26,000.00"
2019-09-26,2019092601005112,HIDCL,52,39,200,130.00,"26,000.00"
2019-09-26,2019092601005111,HIDCL,26,39,227,130.00,"29,510.00"
2019-09-26,2019092601004689,HIDCL,26,54,73,130.00,"9,490.00"
2019-09-26,2019092601004688,HIDCL,26,54,150,130.00,"19,500.00"
2019-09-26,2019092601004819,ICFC,49,58,150,153.00,"22,950.00"
2019-09-26,2019092601004818,ICFC,57,58,50,153.00,"7,650.00"
2019-09-26,2019092601004986,IGI,36,13,60,285.00,"17,100.00"
2019-09-26,2019092601004985,IGI,13,13,100,286.00,"28,600.00"
2019-09-26,2019092601004984,IGI,26,13,20,290.00,"5,800.00"
2019-09-26,2019092601004813,ILBS,48,34,10,423.00,"4,230.00"
2019-09-26,2019092601004980,JBBL,25,32,71,156.00,"11,076.00"
2019-09-26,2019092601004979,JBBL,25,57,500,155.00,"77,500.00"
2019-09-26,2019092601005127,JFL,58,42,50,195.00,"9,750.00"
2019-09-26,2019092601004852,JFL,20,34,10,197.00,"1,970.00"
2019-09-26,2019092601004823,JFL,58,46,40,195.00,"7,800.00"
2019-09-26,2019092601004739,JFL,58,42,100,195.00,"19,500.00"
2019-09-26,2019092601005096,KBL,33,6,100,175.00,"17,500.00"
2019-09-26,2019092601004997,KBL,59,41,118,176.00,"20,768.00"
2019-09-26,2019092601004996,KBL,59,51,82,176.00,"14,432.00"
2019-09-26,2019092601004977,KBL,33,36,149,175.00,"26,075.00"
2019-09-26,2019092601004664,KBL,33,43,64,175.00,"11,200.00"
2019-09-26,2019092601004663,KBL,16,43,200,175.00,"35,000.00"
2019-09-26,2019092601004662,KBL,58,43,36,175.00,"6,300.00"
2019-09-26,2019092601004793,KSBBL,33,19,12,138.00,"1,656.00"
2019-09-26,2019092601004764,KSBBL,25,19,200,139.00,"27,800.00"
2019-09-26,2019092601004763,KSBBL,1,19,200,139.00,"27,800.00"
2019-09-26,2019092601004762,KSBBL,57,19,100,139.00,"13,900.00"
2019-09-26,2019092601004761,KSBBL,57,19,66,139.00,"9,174.00"
2019-09-26,2019092601004665,KSBBL,57,40,50,139.00,"6,950.00"
2019-09-26,2019092601004983,LBL,32,44,180,209.00,"37,620.00"
2019-09-26,2019092601004874,LBL,51,44,100,209.00,"20,900.00"
2019-09-26,2019092601004767,LBL,45,44,46,209.00,"9,614.00"
2019-09-26,2019092601004760,LBL,7,44,500,209.00,"104,500.00"
2019-09-26,2019092601004759,LBL,28,44,45,209.00,"9,405.00"
2019-09-26,2019092601004736,LGIL,44,17,20,347.00,"6,940.00"
2019-09-26,2019092601004735,LGIL,13,17,100,347.00,"34,700.00"
2019-09-26,2019092601004734,LGIL,45,17,25,347.00,"8,675.00"
2019-09-26,2019092601004733,LGIL,44,17,400,348.00,"139,200.00"
2019-09-26,2019092601004732,LGIL,6,17,100,348.00,"34,800.00"
2019-09-26,2019092601004731,LGIL,53,17,100,348.00,"34,800.00"
2019-09-26,2019092601004730,LGIL,7,17,100,348.00,"34,800.00"
2019-09-26,2019092601004729,LGIL,38,17,55,348.00,"19,140.00"
2019-09-26,2019092601004728,LGIL,6,17,50,349.00,"17,450.00"
2019-09-26,2019092601004727,LGIL,3,17,50,349.00,"17,450.00"
2019-09-26,2019092601005038,LICN,32,28,270,"1,004.00","271,080.00"
2019-09-26,2019092601005037,LICN,32,25,10,"1,003.00","10,030.00"
2019-09-26,2019092601004995,LICN,28,35,100,"1,000.00","100,000.00"
2019-09-26,2019092601004853,LICN,28,58,90,"1,000.00","90,000.00"
2019-09-26,2019092601005094,LLBS,40,45,40,655.00,"26,200.00"
2019-09-26,2019092601004902,LLBS,41,45,10,663.00,"6,630.00"
2019-09-26,2019092601005128,MBL,44,29,90,243.00,"21,870.00"
2019-09-26,2019092601005105,MBL,44,5,50,243.00,"12,150.00"
2019-09-26,2019092601005090,MBL,48,58,370,243.00,"89,910.00"
2019-09-26,2019092601005089,MBL,48,3,100,243.00,"24,300.00"
2019-09-26,2019092601005080,MBL,53,3,100,243.00,"24,300.00"
2019-09-26,2019092601005071,MBL,40,17,500,243.00,"121,500.00"
2019-09-26,2019092601004687,MBL,45,17,20,243.00,"4,860.00"
2019-09-26,2019092601004719,MBL,32,17,50,242.00,"12,100.00"
2019-09-26,2019092601004718,MBL,1,17,80,242.00,"19,360.00"
2019-09-26,2019092601004717,MBL,25,17,500,242.00,"121,000.00"
2019-09-26,2019092601004716,MBL,45,17,40,242.00,"9,680.00"
2019-09-26,2019092601004715,MBL,57,17,130,242.00,"31,460.00"
2019-09-26,2019092601004710,MBL,37,17,100,243.00,"24,300.00"
2019-09-26,2019092601004854,MBL,14,57,529,242.00,"128,018.00"
2019-09-26,2019092601004770,MBL,14,17,271,242.00,"65,582.00"
2019-09-26,2019092601004769,MBL,6,17,100,242.00,"24,200.00"
2019-09-26,2019092601004768,MBL,52,17,800,242.00,"193,600.00"
2019-09-26,2019092601004726,MBL,38,17,20,243.00,"4,860.00"
2019-09-26,2019092601004720,MBL,52,17,200,242.00,"48,400.00"
2019-09-26,2019092601004910,MBL,49,17,150,243.00,"36,450.00"
2019-09-26,2019092601004903,MBL,40,17,500,243.00,"121,500.00"
2019-09-26,2019092601004873,MBL,1,17,636,243.00,"154,548.00"
2019-09-26,2019092601004872,MBL,1,56,364,243.00,"88,452.00"
2019-09-26,2019092601004856,MBL,55,57,"1,371",242.00,"331,782.00"
2019-09-26,2019092601004855,MBL,48,57,100,242.00,"24,200.00"
2019-09-26,2019092601005050,MBL,50,17,10,243.00,"2,430.00"
2019-09-26,2019092601005010,MBL,49,17,100,243.00,"24,300.00"
2019-09-26,2019092601004991,MBL,40,5,151,242.00,"36,542.00"
2019-09-26,2019092601004990,MBL,39,5,20,242.00,"4,840.00"
2019-09-26,2019092601004989,MBL,32,5,200,242.00,"48,400.00"
2019-09-26,2019092601004988,MBL,55,5,629,242.00,"152,218.00"
2019-09-26,2019092601005056,MBL,52,17,100,243.00,"24,300.00"
2019-09-26,2019092601005055,MBL,14,5,16,242.00,"3,872.00"
2019-09-26,2019092601005054,MBL,48,5,35,242.00,"8,470.00"
2019-09-26,2019092601005053,MBL,48,5,200,242.00,"48,400.00"
2019-09-26,2019092601005052,MBL,41,5,100,242.00,"24,200.00"
2019-09-26,2019092601005051,MBL,40,5,149,242.00,"36,058.00"
2019-09-26,2019092601005099,MEGA,43,20,10,190.00,"1,900.00"
2019-09-26,2019092601004682,MEGA,21,41,49,189.00,"9,261.00"
2019-09-26,2019092601004681,MEGA,39,41,50,189.00,"9,450.00"
2019-09-26,2019092601004680,MEGA,41,41,153,189.00,"28,917.00"
2019-09-26,2019092601004880,MEGA,34,38,100,189.00,"18,900.00"
2019-09-26,2019092601004879,MEGA,4,38,200,189.00,"37,800.00"
2019-09-26,2019092601004878,MEGA,49,38,802,189.00,"151,578.00"
2019-09-26,2019092601004877,MEGA,21,38,151,189.00,"28,539.00"
2019-09-26,2019092601004837,MEGA,45,20,50,190.00,"9,500.00"
2019-09-26,2019092601004919,MEGA,57,38,20,189.00,"3,780.00"
2019-09-26,2019092601004918,MEGA,11,38,253,189.00,"47,817.00"
2019-09-26,2019092601004881,MEGA,11,38,747,189.00,"141,183.00"
2019-09-26,2019092601004975,MEGA,32,38,"1,000",189.00,"189,000.00"
2019-09-26,2019092601004934,MEGA,44,20,400,190.00,"76,000.00"
2019-09-26,2019092601004921,MEGA,34,38,150,189.00,"28,350.00"
2019-09-26,2019092601004920,MEGA,32,38,"1,000",189.00,"189,000.00"
2019-09-26,2019092601004976,MEGA,11,38,50,189.00,"9,450.00"
2019-09-26,2019092601005098,MHNL,22,39,30,81.00,"2,430.00"
2019-09-26,2019092601004954,MHNL,48,39,30,81.00,"2,430.00"
2019-09-26,2019092601004834,MHNL,48,39,30,81.00,"2,430.00"
2019-09-26,2019092601004833,MHNL,48,39,30,81.00,"2,430.00"
2019-09-26,2019092601004832,MHNL,48,39,30,81.00,"2,430.00"
2019-09-26,2019092601004831,MHNL,48,39,40,81.00,"3,240.00"
2019-09-26,2019092601004830,MHNL,48,39,20,81.00,"1,620.00"
2019-09-26,2019092601004817,MLBL,8,19,"1,500",208.00,"312,000.00"
2019-09-26,2019092601004742,MLBL,8,19,159,208.00,"33,072.00"
2019-09-26,2019092601004741,MLBL,33,19,200,208.00,"41,600.00"
2019-09-26,2019092601004740,MLBL,43,19,240,208.00,"49,920.00"
2019-09-26,2019092601004672,MLBL,33,19,200,209.00,"41,800.00"
2019-09-26,2019092601005043,MNBBL,56,19,100,301.00,"30,100.00"
2019-09-26,2019092601005018,MNBBL,56,41,100,301.00,"30,100.00"
2019-09-26,2019092601004915,MNBBL,8,53,15,302.00,"4,530.00"
2019-09-26,2019092601004909,MNBBL,56,42,62,301.00,"18,662.00"
2019-09-26,2019092601004908,MNBBL,42,42,48,301.00,"14,448.00"
2019-09-26,2019092601004896,MNBBL,42,49,40,301.00,"12,040.00"
2019-09-26,2019092601004792,MNBBL,19,53,100,302.00,"30,200.00"
2019-09-26,2019092601004722,MNBBL,42,3,75,301.00,"22,575.00"
2019-09-26,2019092601004993,MPFL,42,51,35,103.00,"3,605.00"
2019-09-26,2019092601004992,MPFL,45,51,15,103.00,"1,545.00"
2019-09-26,2019092601004696,MSLB,14,33,18,920.00,"16,560.00"
2019-09-26,2019092601004750,MSMBS,40,34,11,460.00,"5,060.00"
2019-09-26,2019092601005108,NABIL,38,38,15,759.00,"11,385.00"
2019-09-26,2019092601005101,NABIL,46,38,96,759.00,"72,864.00"
2019-09-26,2019092601005049,NABIL,38,38,164,759.00,"124,476.00"
2019-09-26,2019092601004948,NABIL,46,43,138,758.00,"104,604.00"
2019-09-26,2019092601004898,NABIL,42,43,72,758.00,"54,576.00"
2019-09-26,2019092601004897,NABIL,42,16,28,758.00,"21,224.00"
2019-09-26,2019092601004820,NABIL,38,10,85,757.00,"64,345.00"
2019-09-26,2019092601004786,NADEP,58,34,10,410.00,"4,100.00"
2019-09-26,2019092601004785,NADEP,58,42,20,407.00,"8,140.00"
2019-09-26,2019092601004916,NAGRO,22,40,10,720.00,"7,200.00"
2019-09-26,2019092601004814,NAGRO,22,49,30,720.00,"21,600.00"
2019-09-26,2019092601004962,NBB,46,53,100,206.00,"20,600.00"
2019-09-26,2019092601004961,NBB,19,53,85,206.00,"17,510.00"
2019-09-26,2019092601004822,NBB,45,45,50,207.00,"10,350.00"
2019-09-26,2019092601005146,NBL,33,10,10,312.00,"3,120.00"
2019-09-26,2019092601005132,NBL,43,10,10,312.00,"3,120.00"
2019-09-26,2019092601005125,NBL,39,10,10,312.00,"3,120.00"
2019-09-26,2019092601005075,NBL,6,53,490,309.00,"151,410.00"
2019-09-26,2019092601005074,NBL,11,53,100,309.00,"30,900.00"
2019-09-26,2019092601005073,NBL,25,53,10,309.00,"3,090.00"
2019-09-26,2019092601004888,NBL,52,34,41,310.00,"12,710.00"
2019-09-26,2019092601004795,NBL,53,34,"1,550",310.00,"480,500.00"
2019-09-26,2019092601004794,NBL,53,38,100,310.00,"31,000.00"
2019-09-26,2019092601004659,NBL,53,13,"1,350",310.00,"418,500.00"
2019-09-26,2019092601005066,NBL,44,41,150,310.00,"46,500.00"
2019-09-26,2019092601005065,NBL,44,34,"1,109",310.00,"343,790.00"
2019-09-26,2019092601005016,NBL,37,34,100,310.00,"31,000.00"
2019-09-26,2019092601004998,NBL,34,34,200,310.00,"62,000.00"
2019-09-26,2019092601004960,NBL,25,13,290,309.00,"89,610.00"
2019-09-26,2019092601004959,NBL,29,13,110,309.00,"33,990.00"
2019-09-26,2019092601005107,NCCB,42,13,435,194.00,"84,390.00"
2019-09-26,2019092601005106,NCCB,3,13,465,194.00,"90,210.00"
2019-09-26,2019092601005012,NCCB,3,19,35,194.00,"6,790.00"
2019-09-26,2019092601005011,NCCB,3,19,105,194.00,"20,370.00"
2019-09-26,2019092601004860,NCCB,57,19,50,195.00,"9,750.00"
2019-09-26,2019092601004859,NCCB,45,19,10,195.00,"1,950.00"
2019-09-26,2019092601004887,NHPC,20,56,100,52.00,"5,200.00"
2019-09-26,2019092601004651,NHPC,44,1,"3,420",51.00,"174,420.00"
2019-09-26,2019092601005131,NIB,22,45,91,435.00,"39,585.00"
2019-09-26,2019092601005083,NIB,22,53,60,435.00,"26,100.00"
2019-09-26,2019092601005082,NIB,22,10,49,435.00,"21,315.00"
2019-09-26,2019092601004725,NIB,1,11,65,433.00,"28,145.00"
2019-09-26,2019092601004674,NIB,57,6,155,433.00,"67,115.00"
2019-09-26,2019092601004670,NIBPO,56,34,40,406.00,"16,240.00"
2019-09-26,2019092601004669,NIBPO,13,34,100,407.00,"40,700.00"
2019-09-26,2019092601004668,NIBPO,45,34,20,407.00,"8,140.00"
2019-09-26,2019092601005121,NICA,33,19,300,375.00,"112,500.00"
2019-09-26,2019092601005064,NICA,33,51,621,375.00,"232,875.00"
2019-09-26,2019092601005063,NICA,59,51,350,375.00,"131,250.00"
2019-09-26,2019092601005062,NICA,33,51,29,375.00,"10,875.00"
2019-09-26,2019092601005014,NICA,22,55,165,376.00,"62,040.00"
2019-09-26,2019092601005013,NICA,22,45,35,376.00,"13,160.00"
2019-09-26,2019092601004974,NIL,39,39,10,353.00,"3,530.00"
2019-09-26,2019092601004968,NIL,57,54,272,352.00,"95,744.00"
2019-09-26,2019092601004811,NIL,56,11,50,351.00,"17,550.00"
2019-09-26,2019092601004810,NIL,41,11,100,351.00,"35,100.00"
2019-09-26,2019092601005068,NLIC,38,53,25,756.00,"18,900.00"
2019-09-26,2019092601005067,NLIC,38,53,100,756.00,"75,600.00"
2019-09-26,2019092601005008,NLIC,51,14,93,755.00,"70,215.00"
2019-09-26,2019092601005007,NLIC,11,14,30,755.00,"22,650.00"
2019-09-26,2019092601005006,NLIC,45,14,100,755.00,"75,500.00"
2019-09-26,2019092601005005,NLIC,26,14,267,755.00,"201,585.00"
2019-09-26,2019092601004994,NLIC,39,53,75,756.00,"56,700.00"
2019-09-26,2019092601004866,NLIC,26,42,39,755.00,"29,445.00"
2019-09-26,2019092601004686,NLIC,25,14,50,756.00,"37,800.00"
2019-09-26,2019092601004685,NLIC,25,54,22,756.00,"16,632.00"
2019-09-26,2019092601004660,NLICL,25,47,10,472.00,"4,720.00"
2019-09-26,2019092601005031,NTC,59,6,10,627.00,"6,270.00"
2019-09-26,2019092601005030,NTC,49,42,138,619.00,"85,422.00"
2019-09-26,2019092601005029,NTC,49,42,300,620.00,"186,000.00"
2019-09-26,2019092601005028,NTC,5,42,500,620.00,"310,000.00"
2019-09-26,2019092601005027,NTC,49,42,30,620.00,"18,600.00"
2019-09-26,2019092601005026,NTC,59,42,10,620.00,"6,200.00"
2019-09-26,2019092601004675,NTC,54,54,50,622.00,"31,100.00"
2019-09-26,2019092601005025,NTC,54,42,22,622.00,"13,684.00"
2019-09-26,2019092601004957,NTC,54,47,128,622.00,"79,616.00"
2019-09-26,2019092601004956,NTC,7,47,22,623.00,"13,706.00"
2019-09-26,2019092601005130,NUBL,42,39,88,850.00,"74,800.00"
2019-09-26,2019092601005129,NUBL,42,45,80,850.00,"68,000.00"
2019-09-26,2019092601005077,NUBL,45,34,50,846.00,"42,300.00"
2019-09-26,2019092601004939,PCBL,42,54,127,261.00,"33,147.00"
2019-09-26,2019092601004938,PCBL,41,54,22,261.00,"5,742.00"
2019-09-26,2019092601004723,PCBL,29,52,500,262.00,"131,000.00"
2019-09-26,2019092601005078,PFL,13,38,534,133.00,"71,022.00"
2019-09-26,2019092601004683,PFL,55,38,200,133.00,"26,600.00"
2019-09-26,2019092601004858,PIC,39,45,75,367.00,"27,525.00"
2019-09-26,2019092601004857,PIC,28,45,25,369.00,"9,225.00"
2019-09-26,2019092601004838,PIC,51,45,30,370.00,"11,100.00"
2019-09-26,2019092601004690,PIC,25,45,10,370.00,"3,700.00"
2019-09-26,2019092601005138,PICL,6,40,123,422.00,"51,906.00"
2019-09-26,2019092601005137,PICL,6,26,190,422.00,"80,180.00"
2019-09-26,2019092601004745,PICL,43,45,100,416.00,"41,600.00"
2019-09-26,2019092601004694,PICL,6,45,60,417.00,"25,020.00"
2019-09-26,2019092601004798,PPCL,26,37,80,95.00,"7,600.00"
2019-09-26,2019092601004671,PPCL,3,37,40,95.00,"3,800.00"
2019-09-26,2019092601005035,PRIN,33,53,600,300.00,"180,000.00"
2019-09-26,2019092601004789,PRIN,26,10,20,304.00,"6,080.00"
2019-09-26,2019092601004648,PRIN,33,17,90,300.00,"27,000.00"
2019-09-26,2019092601004647,PRIN,36,17,100,300.00,"30,000.00"
2019-09-26,2019092601004971,PRVU,46,57,201,257.00,"51,657.00"
2019-09-26,2019092601004970,PRVU,33,57,519,257.00,"133,383.00"
2019-09-26,2019092601004955,PRVU,49,38,100,258.00,"25,800.00"
2019-09-26,2019092601004883,PRVU,41,38,200,258.00,"51,600.00"
2019-09-26,2019092601004650,RBCL,13,6,20,"8,500.00","170,000.00"
2019-09-26,2019092601004649,RBCL,6,6,10,"8,500.00","85,000.00"
2019-09-26,2019092601005092,RHPL,57,17,30,157.00,"4,710.00"
2019-09-26,2019092601005022,RHPL,57,35,80,157.00,"12,560.00"
2019-09-26,2019092601005021,RHPL,18,35,170,157.00,"26,690.00"
2019-09-26,2019092601004972,RHPL,18,17,30,157.00,"4,710.00"
2019-09-26,2019092601004943,RHPL,18,39,40,157.00,"6,280.00"
2019-09-26,2019092601004923,RHPL,18,17,30,157.00,"4,710.00"
2019-09-26,2019092601004654,RHPL,22,34,860,157.00,"135,020.00"
2019-09-26,2019092601004653,RHPL,40,34,500,157.00,"78,500.00"
2019-09-26,2019092601004652,RHPL,54,34,170,157.00,"26,690.00"
2019-09-26,2019092601004900,RHPL,18,39,30,157.00,"4,710.00"
2019-09-26,2019092601004899,RHPL,22,39,10,157.00,"1,570.00"
2019-09-26,2019092601004845,RHPL,22,39,40,157.00,"6,280.00"
2019-09-26,2019092601004790,RHPL,22,17,30,157.00,"4,710.00"
2019-09-26,2019092601004749,RHPL,22,21,30,157.00,"4,710.00"
2019-09-26,2019092601004738,RHPL,22,48,30,157.00,"4,710.00"
2019-09-26,2019092601004882,RMDC,40,37,140,587.00,"82,180.00"
2019-09-26,2019092601004808,RMDC,29,37,500,587.00,"293,500.00"
2019-09-26,2019092601004807,RMDC,14,37,100,587.00,"58,700.00"
2019-09-26,2019092601004806,RMDC,21,37,500,588.00,"294,000.00"
2019-09-26,2019092601004805,RMDC,5,37,100,588.00,"58,800.00"
2019-09-26,2019092601004804,RMDC,45,37,10,588.00,"5,880.00"
2019-09-26,2019092601004803,RMDC,34,37,90,588.00,"52,920.00"
2019-09-26,2019092601004802,RMDC,22,37,100,589.00,"58,900.00"
2019-09-26,2019092601004801,RMDC,34,37,50,589.00,"29,450.00"
2019-09-26,2019092601004800,RMDC,36,37,10,590.00,"5,900.00"
2019-09-26,2019092601004969,SABSL,47,40,10,454.00,"4,540.00"
2019-09-26,2019092601004839,SABSL,47,17,10,454.00,"4,540.00"
2019-09-26,2019092601004827,SABSL,7,1,40,459.00,"18,360.00"
2019-09-26,2019092601004826,SABSL,7,45,10,458.00,"4,580.00"
2019-09-26,2019092601004825,SABSL,7,22,10,456.00,"4,560.00"
2019-09-26,2019092601004699,SABSL,47,22,10,454.00,"4,540.00"
2019-09-26,2019092601005110,SADBL,32,49,50,138.00,"6,900.00"
2019-09-26,2019092601005109,SADBL,32,28,50,138.00,"6,900.00"
2019-09-26,2019092601004797,SADBL,25,49,50,138.00,"6,900.00"
2019-09-26,2019092601004796,SADBL,25,34,150,138.00,"20,700.00"
2019-09-26,2019092601004981,SANIMA,17,56,67,345.00,"23,115.00"
2019-09-26,2019092601004889,SANIMA,17,8,354,345.00,"122,130.00"
2019-09-26,2019092601004869,SANIMA,6,8,113,345.00,"38,985.00"
2019-09-26,2019092601004868,SANIMA,10,8,33,345.00,"11,385.00"
2019-09-26,2019092601004713,SANIMA,10,22,67,345.00,"23,115.00"
2019-09-26,2019092601004712,SANIMA,25,22,33,345.00,"11,385.00"
2019-09-26,2019092601004708,SANIMA,25,35,50,345.00,"17,250.00"
2019-09-26,2019092601005009,SBI,6,53,40,405.00,"16,200.00"
2019-09-26,2019092601004950,SBI,52,53,35,405.00,"14,175.00"
2019-09-26,2019092601004844,SBL,33,42,100,326.00,"32,600.00"
2019-09-26,2019092601004697,SBL,51,52,100,327.00,"32,700.00"
2019-09-26,2019092601004673,SBL,33,16,35,326.00,"11,410.00"
2019-09-26,2019092601004942,SCB,50,44,50,556.00,"27,800.00"
2019-09-26,2019092601004913,SCB,5,44,100,556.00,"55,600.00"
2019-09-26,2019092601004812,SCB,56,44,100,556.00,"55,600.00"
2019-09-26,2019092601004693,SCB,45,54,10,555.00,"5,550.00"
2019-09-26,2019092601004692,SCB,26,54,10,555.00,"5,550.00"
2019-09-26,2019092601005076,SDESI,45,43,100,604.00,"60,400.00"
2019-09-26,2019092601005097,SHINE,33,17,69,246.00,"16,974.00"
2019-09-26,2019092601005039,SHIVM,39,40,50,542.00,"27,100.00"
2019-09-26,2019092601005036,SHIVM,39,13,60,542.00,"32,520.00"
2019-09-26,2019092601004967,SHIVM,33,6,140,543.00,"76,020.00"
2019-09-26,2019092601004861,SHIVM,39,38,20,542.00,"10,840.00"
2019-09-26,2019092601004744,SHIVM,21,17,35,541.00,"18,935.00"
2019-09-26,2019092601004743,SHIVM,6,17,15,542.00,"8,130.00"
2019-09-26,2019092601004704,SHIVM,6,34,100,542.00,"54,200.00"
2019-09-26,2019092601004703,SHIVM,6,45,60,542.00,"32,520.00"
2019-09-26,2019092601004952,SHL,6,22,100,214.00,"21,400.00"
2019-09-26,2019092601004951,SHL,6,22,100,214.00,"21,400.00"
2019-09-26,2019092601005079,SHPC,51,35,100,183.00,"18,300.00"
2019-09-26,2019092601004973,SIC,42,52,16,480.00,"7,680.00"
2019-09-26,2019092601004695,SIC,26,52,20,480.00,"9,600.00"
2019-09-26,2019092601005123,SICL,47,35,50,705.00,"35,250.00"
2019-09-26,2019092601004780,SIL,39,50,500,380.00,"190,000.00"
2019-09-26,2019092601004746,SIL,25,58,10,384.00,"3,840.00"
2019-09-26,2019092601005145,SJCL,59,25,140,164.00,"22,960.00"
2019-09-26,2019092601005144,SJCL,57,25,100,164.00,"16,400.00"
2019-09-26,2019092601005143,SJCL,43,25,260,164.00,"42,640.00"
2019-09-26,2019092601005122,SJCL,43,55,10,164.00,"1,640.00"
2019-09-26,2019092601005061,SJCL,43,17,20,164.00,"3,280.00"
2019-09-26,2019092601004667,SJCL,35,55,10,164.00,"1,640.00"
2019-09-26,2019092601004702,SJCL,35,39,20,164.00,"3,280.00"
2019-09-26,2019092601004700,SJCL,35,55,10,164.00,"1,640.00"
2019-09-26,2019092601004676,SJCL,35,34,30,164.00,"4,920.00"
2019-09-26,2019092601004771,SJCL,35,39,20,164.00,"3,280.00"
2019-09-26,2019092601004765,SJCL,35,55,20,164.00,"3,280.00"
2019-09-26,2019092601004747,SJCL,35,55,10,164.00,"1,640.00"
2019-09-26,2019092601004724,SJCL,35,55,10,164.00,"1,640.00"
2019-09-26,2019092601004714,SJCL,35,17,20,164.00,"3,280.00"
2019-09-26,2019092601004706,SJCL,35,21,20,164.00,"3,280.00"
2019-09-26,2019092601004829,SJCL,48,55,10,164.00,"1,640.00"
2019-09-26,2019092601004816,SJCL,35,55,10,164.00,"1,640.00"
2019-09-26,2019092601004815,SJCL,35,17,20,164.00,"3,280.00"
2019-09-26,2019092601004799,SJCL,35,39,20,164.00,"3,280.00"
2019-09-26,2019092601004784,SJCL,35,55,10,164.00,"1,640.00"
2019-09-26,2019092601004781,SJCL,35,48,20,164.00,"3,280.00"
2019-09-26,2019092601004850,SJCL,48,55,10,164.00,"1,640.00"
2019-09-26,2019092601004911,SJCL,48,39,20,164.00,"3,280.00"
2019-09-26,2019092601004890,SJCL,48,55,10,164.00,"1,640.00"
2019-09-26,2019092601004884,SJCL,48,39,20,164.00,"3,280.00"
2019-09-26,2019092601004958,SJCL,45,39,20,164.00,"3,280.00"
2019-09-26,2019092601004949,SJCL,45,17,20,164.00,"3,280.00"
2019-09-26,2019092601005048,SJCL,21,51,20,165.00,"3,300.00"
2019-09-26,2019092601005047,SJCL,21,51,20,165.00,"3,300.00"
2019-09-26,2019092601005046,SJCL,21,55,10,165.00,"1,650.00"
2019-09-26,2019092601005000,SJCL,43,17,10,164.00,"1,640.00"
2019-09-26,2019092601004999,SJCL,45,17,10,164.00,"1,640.00"
2019-09-26,2019092601004978,SKBBL,17,44,58,895.00,"51,910.00"
2019-09-26,2019092601004904,SKBBL,17,28,50,895.00,"44,750.00"
2019-09-26,2019092601005020,SLBBL,50,53,10,531.00,"5,310.00"
2019-09-26,2019092601005019,SLBBL,44,53,50,532.00,"26,600.00"
2019-09-26,2019092601005095,SLICL,25,6,20,263.00,"5,260.00"
2019-09-26,2019092601005093,SMB,21,42,30,419.00,"12,570.00"
2019-09-26,2019092601004772,SMFBS,34,43,10,795.00,"7,950.00"
2019-09-26,2019092601004886,SMFDB,1,58,17,510.00,"8,670.00"
2019-09-26,2019092601004885,SMFDB,14,58,30,511.00,"15,330.00"
2019-09-26,2019092601004791,SMFDB,45,53,100,515.00,"51,500.00"
2019-09-26,2019092601004963,SPARS,34,34,70,539.00,"37,730.00"
2019-09-26,2019092601004779,SPARS,54,10,50,537.00,"26,850.00"
2019-09-26,2019092601005104,SPDL,22,39,200,72.00,"14,400.00"
2019-09-26,2019092601005044,SPDL,56,39,20,72.00,"1,440.00"
2019-09-26,2019092601005015,SRBL,22,4,20,231.00,"4,620.00"
2019-09-26,2019092601004895,SWBBL,56,35,13,893.00,"11,609.00"
2019-09-26,2019092601004705,TMDBL,57,17,50,146.00,"7,300.00"
2019-09-26,2019092601004862,TRH,33,58,10,280.00,"2,800.00"
2019-09-26,2019092601004737,UIC,26,1,270,263.00,"71,010.00"
2019-09-26,2019092601004698,UNHPL,1,8,50,51.00,"2,550.00"
2019-09-26,2019092601005024,UNL,32,42,10,"18,350.00","183,500.00"
2019-09-26,2019092601005136,UPCL,49,34,300,78.00,"23,400.00"
2019-09-26,2019092601005103,UPCL,49,34,300,78.00,"23,400.00"
2019-09-26,2019092601005102,UPCL,49,39,50,78.00,"3,900.00"
2019-09-26,2019092601004941,UPCL,49,25,50,78.00,"3,900.00"
2019-09-26,2019092601005042,UPPER,59,37,100,231.00,"23,100.00"
2019-09-26,2019092601005041,UPPER,7,37,61,231.00,"14,091.00"
2019-09-26,2019092601004711,UPPER,47,1,40,231.00,"9,240.00"
2019-09-26,2019092601004709,UPPER,25,57,20,232.00,"4,640.00"
2019-09-26,2019092601004658,UPPER,47,54,49,231.00,"11,319.00"
2019-09-26,2019092601004657,UPPER,51,54,40,231.00,"9,240.00"
2019-09-26,2019092601004656,UPPER,34,54,30,231.00,"6,930.00"
2019-09-26,2019092601004655,UPPER,14,54,170,231.00,"39,270.00"
2019-09-26,2019092601004922,UPPER,42,57,200,232.00,"46,400.00"
2019-09-26,2019092601004914,UPPER,7,19,50,231.00,"11,550.00"
2019-09-26,2019092601004865,UPPER,7,13,389,231.00,"89,859.00"
2019-09-26,2019092601004864,UPPER,41,13,500,231.00,"115,500.00"
2019-09-26,2019092601004863,UPPER,47,13,11,231.00,"2,541.00"
2019-09-26,2019092601005124,VLBS,33,45,50,539.00,"26,950.00"
2019-09-26,2019092601005100,VLBS,54,45,10,539.00,"5,390.00"
2019-09-26,2019092601004891,VLBS,54,59,47,530.00,"24,910.00"
2019-09-26,2019092601004875,VLBS,33,59,16,530.00,"8,480.00"
2019-09-26,2019092601004515,ADBL,26,45,40,411.00,"16,440.00"
2019-09-26,2019092601004502,ADBL,29,34,336,410.00,"137,760.00"
2019-09-26,2019092601004500,AHPC,59,55,100,96.00,"9,600.00"
2019-09-26,2019092601004499,AHPC,59,20,400,96.00,"38,400.00"
2019-09-26,2019092601004557,AKBSL,26,25,10,414.00,"4,140.00"
2019-09-26,2019092601004556,AKBSL,26,18,10,413.00,"4,130.00"
2019-09-26,2019092601004444,AKBSL,17,17,10,409.00,"4,090.00"
2019-09-26,2019092601004353,AKBSL,48,38,10,408.00,"4,080.00"
2019-09-26,2019092601004291,AKBSL,47,47,10,412.00,"4,120.00"
2019-09-26,2019092601004275,AKBSL,17,38,10,408.00,"4,080.00"
2019-09-26,2019092601004274,AKBSL,17,49,10,408.00,"4,080.00"
2019-09-26,2019092601004260,AKBSL,17,49,10,408.00,"4,080.00"
2019-09-26,2019092601004210,AKJCL,47,47,10,53.00,530.00
2019-09-26,2019092601004472,AKPL,25,4,12,135.00,"1,620.00"
2019-09-26,2019092601004471,AKPL,25,41,13,134.00,"1,742.00"
2019-09-26,2019092601004451,AKPL,25,35,10,133.00,"1,330.00"
2019-09-26,2019092601004450,AKPL,25,41,10,132.00,"1,320.00"
2019-09-26,2019092601004435,AKPL,41,40,282,131.00,"36,942.00"
2019-09-26,2019092601004490,ALBSL,41,8,130,416.00,"54,080.00"
2019-09-26,2019092601004489,ALBSL,16,8,100,416.00,"41,600.00"
2019-09-26,2019092601004486,ALBSL,13,8,50,417.00,"20,850.00"
2019-09-26,2019092601004485,ALBSL,39,8,30,417.00,"12,510.00"
2019-09-26,2019092601004484,ALBSL,52,8,60,419.00,"25,140.00"
2019-09-26,2019092601004483,ALBSL,39,8,50,423.00,"21,150.00"
2019-09-26,2019092601004217,ALBSL,6,1,10,426.00,"4,260.00"
2019-09-26,2019092601004202,ALBSL,6,1,10,426.00,"4,260.00"
2019-09-26,2019092601004174,ALBSL,6,1,10,426.00,"4,260.00"
2019-09-26,2019092601004418,ALBSL,6,43,10,425.00,"4,250.00"
2019-09-26,2019092601004311,ALBSL,28,45,10,430.00,"4,300.00"
2019-09-26,2019092601004310,ALBSL,28,52,40,429.00,"17,160.00"
2019-09-26,2019092601004309,ALBSL,28,34,50,428.00,"21,400.00"
2019-09-26,2019092601004289,ALBSL,39,33,50,426.00,"21,300.00"
2019-09-26,2019092601004288,ALBSL,6,33,50,426.00,"21,300.00"
2019-09-26,2019092601004482,ALBSL,6,8,60,425.00,"25,500.00"
2019-09-26,2019092601004598,ALICL,57,39,50,310.00,"15,500.00"
2019-09-26,2019092601004597,ALICL,39,39,50,310.00,"15,500.00"
2019-09-26,2019092601004596,ALICL,21,39,100,310.00,"31,000.00"
2019-09-26,2019092601004595,ALICL,48,39,200,310.00,"62,000.00"
2019-09-26,2019092601004594,ALICL,37,39,500,311.00,"155,500.00"
2019-09-26,2019092601004593,ALICL,45,39,50,311.00,"15,550.00"
2019-09-26,2019092601004592,ALICL,53,39,10,311.00,"3,110.00"
2019-09-26,2019092601004591,ALICL,26,39,65,312.00,"20,280.00"
2019-09-26,2019092601004590,ALICL,52,39,243,312.00,"75,816.00"
2019-09-26,2019092601004494,ALICL,52,20,150,312.00,"46,800.00"
2019-09-26,2019092601004474,ALICL,57,34,120,313.00,"37,560.00"
2019-09-26,2019092601004473,ALICL,57,21,50,313.00,"15,650.00"
2019-09-26,2019092601004633,API,41,56,500,110.00,"55,000.00"
2019-09-26,2019092601004632,API,43,56,50,110.00,"5,500.00"
2019-09-26,2019092601004631,API,38,56,"2,000",110.00,"220,000.00"
2019-09-26,2019092601004630,API,48,56,500,110.00,"55,000.00"
2019-09-26,2019092601004629,API,52,56,500,110.00,"55,000.00"
2019-09-26,2019092601004628,API,25,56,100,111.00,"11,100.00"
2019-09-26,2019092601004272,API,6,25,39,112.00,"4,368.00"
2019-09-26,2019092601004493,API,26,25,911,111.00,"101,121.00"
2019-09-26,2019092601004492,API,22,25,100,112.00,"11,200.00"
2019-09-26,2019092601004491,API,7,25,139,112.00,"15,568.00"
2019-09-26,2019092601004280,API,25,43,20,113.00,"2,260.00"
2019-09-26,2019092601004279,API,25,1,11,113.00,"1,243.00"
2019-09-26,2019092601004273,API,7,25,361,112.00,"40,432.00"
2019-09-26,2019092601004627,API,6,56,521,111.00,"57,831.00"
2019-09-26,2019092601004612,API,57,56,51,112.00,"5,712.00"
2019-09-26,2019092601004545,API,25,43,100,113.00,"11,300.00"
2019-09-26,2019092601004520,API,6,56,"1,256",111.00,"139,416.00"
2019-09-26,2019092601004519,API,26,56,89,111.00,"9,879.00"
2019-09-26,2019092601004501,API,25,43,150,113.00,"16,950.00"
2019-09-26,2019092601004523,BFC,42,39,200,88.00,"17,600.00"
2019-09-26,2019092601004456,BNT,16,44,40,"6,197.00","247,880.00"
2019-09-26,2019092601004634,BOKL,11,26,200,251.00,"50,200.00"
2019-09-26,2019092601004623,BOKL,47,26,26,251.00,"6,526.00"
2019-09-26,2019092601004622,BOKL,47,44,74,251.00,"18,574.00"
2019-09-26,2019092601004565,BOKL,8,25,480,250.00,"120,000.00"
2019-09-26,2019092601004302,BOKL,1,44,800,251.00,"200,800.00"
2019-09-26,2019092601004222,BOKL,44,44,50,251.00,"12,550.00"
2019-09-26,2019092601004176,BOKL,42,44,500,251.00,"125,500.00"
2019-09-26,2019092601004147,BOKL,41,44,10,251.00,"2,510.00"
2019-09-26,2019092601004529,BPCL,17,53,44,353.00,"15,532.00"
2019-09-26,2019092601004173,BPCL,41,43,18,356.00,"6,408.00"
2019-09-26,2019092601004542,CBBL,51,43,71,969.00,"68,799.00"
2019-09-26,2019092601004246,CBBL,19,45,30,967.00,"29,010.00"
2019-09-26,2019092601004245,CBBL,48,45,50,967.00,"48,350.00"
2019-09-26,2019092601004244,CBBL,58,45,10,968.00,"9,680.00"
2019-09-26,2019092601004243,CBBL,28,45,10,969.00,"9,690.00"
2019-09-26,2019092601004169,CBBL,51,34,10,970.00,"9,700.00"
2019-09-26,2019092601004253,CCBL,40,14,25,153.00,"3,825.00"
2019-09-26,2019092601004252,CCBL,40,16,55,153.00,"8,415.00"
2019-09-26,2019092601004156,CIT,13,10,497,"1,775.00","882,175.00"
2019-09-26,2019092601004155,CIT,41,10,28,"1,775.00","49,700.00"
2019-09-26,2019092601004154,CIT,41,10,10,"1,775.00","17,750.00"
2019-09-26,2019092601004153,CIT,49,10,40,"1,775.00","71,000.00"
2019-09-26,2019092601004152,CIT,37,10,166,"1,776.00","294,816.00"
2019-09-26,2019092601004151,CIT,58,10,100,"1,776.00","177,600.00"
2019-09-26,2019092601004150,CIT,25,10,30,"1,776.00","53,280.00"
2019-09-26,2019092601004149,CIT,36,10,10,"1,776.00","17,760.00"
2019-09-26,2019092601004148,CIT,46,10,19,"1,780.00","33,820.00"
2019-09-26,2019092601004185,CZBIL,47,47,10,193.00,"1,930.00"
2019-09-26,2019092601004568,DBBL,49,21,300,127.00,"38,100.00"
2019-09-26,2019092601004481,DBBL,49,52,100,127.00,"12,700.00"
2019-09-26,2019092601004346,DBBL,56,1,20,128.00,"2,560.00"
2019-09-26,2019092601004319,DDBL,54,38,20,718.00,"14,360.00"
2019-09-26,2019092601004495,EBL,33,43,200,557.00,"111,400.00"
2019-09-26,2019092601004476,EBL,33,44,550,557.00,"306,350.00"
2019-09-26,2019092601004462,EBL,46,44,400,557.00,"222,800.00"
2019-09-26,2019092601004461,EBL,42,44,50,557.00,"27,850.00"
2019-09-26,2019092601004411,EBL,42,17,300,557.00,"167,100.00"
2019-09-26,2019092601004497,FMDBL,42,6,40,371.00,"14,840.00"
2019-09-26,2019092601004487,FMDBL,17,6,10,372.00,"3,720.00"
2019-09-26,2019092601004548,GBBL,39,10,76,208.00,"15,808.00"
2019-09-26,2019092601004226,GBBL,39,39,500,208.00,"104,000.00"
2019-09-26,2019092601004610,GBLBS,37,19,15,314.00,"4,710.00"
2019-09-26,2019092601004528,GBLBS,29,21,75,314.00,"23,550.00"
2019-09-26,2019092601004527,GBLBS,25,21,25,315.00,"7,875.00"
2019-09-26,2019092601004236,GBLBS,29,34,424,314.00,"133,136.00"
2019-09-26,2019092601004235,GBLBS,36,34,111,314.00,"34,854.00"
2019-09-26,2019092601004234,GBLBS,14,34,40,314.00,"12,560.00"
2019-09-26,2019092601004233,GBLBS,37,34,139,314.00,"43,646.00"
2019-09-26,2019092601004547,GHL,51,8,30,63.00,"1,890.00"
2019-09-26,2019092601004535,GHL,51,8,30,63.00,"1,890.00"
2019-09-26,2019092601004522,GHL,51,8,30,63.00,"1,890.00"
2019-09-26,2019092601004525,GLICL,25,59,10,361.00,"3,610.00"
2019-09-26,2019092601004510,GLICL,25,40,50,354.00,"17,700.00"
2019-09-26,2019092601004463,GLICL,34,48,195,349.00,"68,055.00"
2019-09-26,2019092601004390,GLICL,25,40,50,354.00,"17,700.00"
2019-09-26,2019092601004170,GLICL,57,40,50,348.00,"17,400.00"
2019-09-26,2019092601004526,GMFBS,38,57,10,465.00,"4,650.00"
2019-09-26,2019092601004348,GMFBS,40,40,10,463.00,"4,630.00"
2019-09-26,2019092601004332,HDL,32,13,250,"1,428.00","357,000.00"
2019-09-26,2019092601004460,HGI,43,28,100,264.00,"26,400.00"
2019-09-26,2019092601004459,HGI,43,28,27,264.00,"7,128.00"
2019-09-26,2019092601004458,HGI,43,28,43,264.00,"11,352.00"
2019-09-26,2019092601004457,HGI,43,28,43,264.00,"11,352.00"
2019-09-26,2019092601004563,HIDCL,26,42,50,130.00,"6,500.00"
2019-09-26,2019092601004507,HIDCL,57,25,"1,000",131.00,"131,000.00"
2019-09-26,2019092601004475,HPPL,22,33,690,136.00,"93,840.00"
2019-09-26,2019092601004388,HPPL,45,33,10,136.00,"1,360.00"
2019-09-26,2019092601004387,HPPL,45,34,10,135.00,"1,350.00"
2019-09-26,2019092601004281,HPPL,45,19,520,134.00,"69,680.00"
2019-09-26,2019092601004567,ILBS,17,17,10,424.00,"4,240.00"
2019-09-26,2019092601004537,ILBS,17,17,10,424.00,"4,240.00"
2019-09-26,2019092601004443,ILBS,48,43,10,423.00,"4,230.00"
2019-09-26,2019092601004334,ILBS,55,7,200,425.00,"85,000.00"
2019-09-26,2019092601004308,ILBS,48,10,196,426.00,"83,496.00"
2019-09-26,2019092601004307,ILBS,48,10,30,426.00,"12,780.00"
2019-09-26,2019092601004271,ILBS,47,47,10,429.00,"4,290.00"
2019-09-26,2019092601004175,ILBS,48,40,20,426.00,"8,520.00"
2019-09-26,2019092601004164,ILBS,48,40,10,426.00,"4,260.00"
2019-09-26,2019092601004161,JBBL,25,14,39,155.00,"6,045.00"
2019-09-26,2019092601004160,JBBL,25,38,"1,000",155.00,"155,000.00"
2019-09-26,2019092601004159,JBBL,25,40,170,155.00,"26,350.00"
2019-09-26,2019092601004643,KBL,25,51,200,176.00,"35,200.00"
2019-09-26,2019092601004446,KBL,58,40,100,175.00,"17,500.00"
2019-09-26,2019092601004325,KSBBL,49,19,422,140.00,"59,080.00"
2019-09-26,2019092601004181,KSBBL,49,51,578,140.00,"80,920.00"
2019-09-26,2019092601004413,LBBL,42,44,708,169.00,"119,652.00"
2019-09-26,2019092601004412,LBBL,33,44,92,169.00,"15,548.00"
2019-09-26,2019092601004401,LBBL,33,44,408,169.00,"68,952.00"
2019-09-26,2019092601004400,LBBL,53,44,120,169.00,"20,280.00"
2019-09-26,2019092601004399,LBBL,7,44,100,169.00,"16,900.00"
2019-09-26,2019092601004398,LBBL,19,44,300,169.00,"50,700.00"
2019-09-26,2019092601004397,LBBL,44,44,50,169.00,"8,450.00"
2019-09-26,2019092601004396,LBBL,8,44,22,169.00,"3,718.00"
2019-09-26,2019092601004157,LBL,28,38,16,209.00,"3,344.00"
2019-09-26,2019092601004426,LICN,25,58,10,"1,000.00","10,000.00"
2019-09-26,2019092601004292,LICN,32,25,10,991.00,"9,910.00"
2019-09-26,2019092601004642,MBL,57,17,370,242.00,"89,540.00"
2019-09-26,2019092601004641,MBL,51,17,500,242.00,"121,000.00"
2019-09-26,2019092601004640,MBL,50,17,130,242.00,"31,460.00"
2019-09-26,2019092601004616,MBL,28,17,100,243.00,"24,300.00"
2019-09-26,2019092601004608,MBL,33,17,391,243.00,"95,013.00"
2019-09-26,2019092601004600,MBL,33,17,500,243.00,"121,500.00"
2019-09-26,2019092601004167,MBL,42,58,500,243.00,"121,500.00"
2019-09-26,2019092601004290,MBL,57,29,100,244.00,"24,400.00"
2019-09-26,2019092601004219,MBL,57,43,500,243.00,"121,500.00"
2019-09-26,2019092601004206,MBL,50,43,70,242.00,"16,940.00"
2019-09-26,2019092601004205,MBL,1,43,25,242.00,"6,050.00"
2019-09-26,2019092601004204,MBL,32,43,300,242.00,"72,600.00"
2019-09-26,2019092601004187,MBL,48,58,100,243.00,"24,300.00"
2019-09-26,2019092601004570,MBL,50,34,500,243.00,"121,500.00"
2019-09-26,2019092601004504,MBL,1,22,500,244.00,"122,000.00"
2019-09-26,2019092601004389,MBL,42,29,100,244.00,"24,400.00"
2019-09-26,2019092601004367,MBL,46,29,200,244.00,"48,800.00"
2019-09-26,2019092601004357,MBL,50,59,50,243.00,"12,150.00"
2019-09-26,2019092601004356,MBL,38,59,50,243.00,"12,150.00"
2019-09-26,2019092601004578,MBL,58,58,"2,000",243.00,"486,000.00"
2019-09-26,2019092601004577,MBL,42,58,100,243.00,"24,300.00"
2019-09-26,2019092601004576,MBL,52,58,200,243.00,"48,600.00"
2019-09-26,2019092601004575,MBL,57,58,100,243.00,"24,300.00"
2019-09-26,2019092601004574,MBL,19,58,200,243.00,"48,600.00"
2019-09-26,2019092601004573,MBL,50,58,450,243.00,"109,350.00"
2019-09-26,2019092601004585,MBL,33,58,109,243.00,"26,487.00"
2019-09-26,2019092601004583,MBL,54,58,41,243.00,"9,963.00"
2019-09-26,2019092601004582,MBL,41,58,100,243.00,"24,300.00"
2019-09-26,2019092601004581,MBL,25,58,50,243.00,"12,150.00"
2019-09-26,2019092601004580,MBL,1,58,150,243.00,"36,450.00"
2019-09-26,2019092601004579,MBL,42,58,500,243.00,"121,500.00"
2019-09-26,2019092601004534,MDB,34,8,22,241.00,"5,302.00"
2019-09-26,2019092601004639,MEGA,41,20,47,189.00,"8,883.00"
2019-09-26,2019092601004638,MEGA,59,20,200,189.00,"37,800.00"
2019-09-26,2019092601004637,MEGA,32,20,200,189.00,"37,800.00"
2019-09-26,2019092601004636,MEGA,6,20,100,189.00,"18,900.00"
2019-09-26,2019092601004635,MEGA,49,20,11,189.00,"2,079.00"
2019-09-26,2019092601004203,MEGA,42,20,50,190.00,"9,500.00"
2019-09-26,2019092601004198,MEGA,22,40,34,189.00,"6,426.00"
2019-09-26,2019092601004197,MEGA,36,40,166,189.00,"31,374.00"
2019-09-26,2019092601004377,MEGA,40,40,1,187.00,187.00
2019-09-26,2019092601004351,MEGA,41,20,50,190.00,"9,500.00"
2019-09-26,2019092601004393,MEGA,55,20,20,190.00,"3,800.00"
2019-09-26,2019092601004452,MEGA,29,20,100,190.00,"19,000.00"
2019-09-26,2019092601004550,MEGA,49,25,259,189.00,"48,951.00"
2019-09-26,2019092601004549,MEGA,22,25,41,189.00,"7,749.00"
2019-09-26,2019092601004533,MEGA,57,20,100,190.00,"19,000.00"
2019-09-26,2019092601004587,MEGA,49,58,30,189.00,"5,670.00"
2019-09-26,2019092601004508,MLBBL,6,58,26,450.00,"11,700.00"
2019-09-26,2019092601004369,MLBL,1,19,201,209.00,"42,009.00"
2019-09-26,2019092601004509,MNBBL,42,54,64,301.00,"19,264.00"
2019-09-26,2019092601004178,MNBBL,13,53,372,301.00,"111,972.00"
2019-09-26,2019092601004177,MNBBL,43,53,128,301.00,"38,528.00"
2019-09-26,2019092601004314,MNBBL,42,13,273,301.00,"82,173.00"
2019-09-26,2019092601004313,MNBBL,35,13,200,301.00,"60,200.00"
2019-09-26,2019092601004312,MNBBL,13,13,128,301.00,"38,528.00"
2019-09-26,2019092601004349,MSLB,14,45,25,920.00,"23,000.00"
2019-09-26,2019092601004208,NADEP,48,32,370,405.00,"149,850.00"
2019-09-26,2019092601004607,NBB,19,6,15,206.00,"3,090.00"
2019-09-26,2019092601004606,NBB,19,6,500,206.00,"103,000.00"
2019-09-26,2019092601004605,NBB,39,6,50,206.00,"10,300.00"
2019-09-26,2019092601004415,NBB,10,41,200,206.00,"41,200.00"
2019-09-26,2019092601004365,NBB,56,42,"1,000",206.00,"206,000.00"
2019-09-26,2019092601004211,NBB,6,40,400,207.00,"82,800.00"
2019-09-26,2019092601004200,NBB,44,53,200,207.00,"41,400.00"
2019-09-26,2019092601004604,NBB,26,6,250,206.00,"51,500.00"
2019-09-26,2019092601004603,NBB,39,6,50,206.00,"10,300.00"
2019-09-26,2019092601004602,NBB,52,6,131,206.00,"26,986.00"
2019-09-26,2019092601004569,NBB,6,45,20,207.00,"4,140.00"
2019-09-26,2019092601004468,NBB,41,48,249,207.00,"51,543.00"
2019-09-26,2019092601004416,NBB,52,41,869,206.00,"179,014.00"
2019-09-26,2019092601004560,NBL,47,13,100,310.00,"31,000.00"
2019-09-26,2019092601004559,NBL,8,13,50,310.00,"15,500.00"
2019-09-26,2019092601004506,NBL,8,6,950,310.00,"294,500.00"
2019-09-26,2019092601004505,NBL,6,6,50,310.00,"15,500.00"
2019-09-26,2019092601004297,NBL,44,41,350,311.00,"108,850.00"
2019-09-26,2019092601004296,NBL,44,41,150,311.00,"46,650.00"
2019-09-26,2019092601004295,NBL,6,10,50,310.00,"15,500.00"
2019-09-26,2019092601004294,NBL,42,10,50,310.00,"15,500.00"
2019-09-26,2019092601004414,NCCB,45,35,100,195.00,"19,500.00"
2019-09-26,2019092601004479,NIB,57,20,25,433.00,"10,825.00"
2019-09-26,2019092601004478,NIB,22,20,102,434.00,"44,268.00"
2019-09-26,2019092601004470,NIB,22,54,198,434.00,"85,932.00"
2019-09-26,2019092601004355,NIB,13,54,169,434.00,"73,346.00"
2019-09-26,2019092601004354,NIB,13,45,81,434.00,"35,154.00"
2019-09-26,2019092601004276,NICA,33,14,335,375.00,"125,625.00"
2019-09-26,2019092601004371,NICL,25,25,18,266.00,"4,788.00"
2019-09-26,2019092601004358,NICL,25,34,112,263.00,"29,456.00"
2019-09-26,2019092601004317,NICL,56,35,400,260.00,"104,000.00"
2019-09-26,2019092601004316,NICL,56,57,200,260.00,"52,000.00"
2019-09-26,2019092601004315,NICL,56,45,42,260.00,"10,920.00"
2019-09-26,2019092601004521,NIL,41,21,10,351.00,"3,510.00"
2019-09-26,2019092601004455,NIL,36,51,100,353.00,"35,300.00"
2019-09-26,2019092601004536,NLG,25,45,10,578.00,"5,780.00"
2019-09-26,2019092601004544,NLIC,44,6,50,756.00,"37,800.00"
2019-09-26,2019092601004503,NLIC,26,41,50,755.00,"37,750.00"
2019-09-26,2019092601004447,NLIC,26,36,100,755.00,"75,500.00"
2019-09-26,2019092601004441,NLIC,26,4,20,755.00,"15,100.00"
2019-09-26,2019092601004402,NLIC,13,6,50,756.00,"37,800.00"
2019-09-26,2019092601004385,NLIC,13,40,51,756.00,"38,556.00"
2019-09-26,2019092601004384,NLIC,13,22,91,756.00,"68,796.00"
2019-09-26,2019092601004269,NLIC,16,22,51,756.00,"38,556.00"
2019-09-26,2019092601004261,NLIC,16,6,44,756.00,"33,264.00"
2019-09-26,2019092601004242,NLIC,59,14,10,757.00,"7,570.00"
2019-09-26,2019092601004439,NLICL,41,36,29,466.00,"13,514.00"
2019-09-26,2019092601004438,NLICL,41,36,10,466.00,"4,660.00"
2019-09-26,2019092601004437,NLICL,42,36,10,470.00,"4,700.00"
2019-09-26,2019092601004436,NLICL,39,36,99,470.00,"46,530.00"
2019-09-26,2019092601004433,NLICL,56,43,100,471.00,"47,100.00"
2019-09-26,2019092601004432,NLICL,56,47,100,471.00,"47,100.00"
2019-09-26,2019092601004379,NLICL,39,42,401,470.00,"188,470.00"
2019-09-26,2019092601004378,NLICL,14,42,99,470.00,"46,530.00"
2019-09-26,2019092601004184,NLICL,14,55,100,470.00,"47,000.00"
2019-09-26,2019092601004410,NMBMF,28,51,50,"1,044.00","52,200.00"
2019-09-26,2019092601004409,NMBMF,28,51,53,"1,044.00","55,332.00"
2019-09-26,2019092601004300,NMFBS,33,8,369,"1,685.00","621,765.00"
2019-09-26,2019092601004299,NMFBS,33,14,50,"1,684.00","84,200.00"
2019-09-26,2019092601004298,NMFBS,33,55,20,"1,684.00","33,680.00"
2019-09-26,2019092601004626,NTC,59,6,10,627.00,"6,270.00"
2019-09-26,2019092601004625,NTC,59,59,50,625.00,"31,250.00"
2019-09-26,2019092601004624,NTC,59,42,10,625.00,"6,250.00"
2019-09-26,2019092601004268,NTC,59,42,10,625.00,"6,250.00"
2019-09-26,2019092601004282,PIC,28,40,50,369.00,"18,450.00"
2019-09-26,2019092601004231,PPCL,18,43,10,94.00,940.00
2019-09-26,2019092601004166,PPCL,47,47,10,95.00,950.00
2019-09-26,2019092601004646,PRIN,16,17,500,300.00,"150,000.00"
2019-09-26,2019092601004645,PRIN,45,17,50,300.00,"15,000.00"
2019-09-26,2019092601004644,PRIN,34,17,260,301.00,"78,260.00"
2019-09-26,2019092601004408,PRIN,34,48,240,301.00,"72,240.00"
2019-09-26,2019092601004407,PRIN,5,48,200,302.00,"60,400.00"
2019-09-26,2019092601004406,PRIN,26,48,10,303.00,"3,030.00"
2019-09-26,2019092601004405,PRIN,26,48,50,303.00,"15,150.00"
2019-09-26,2019092601004331,PRIN,26,25,100,303.00,"30,300.00"
2019-09-26,2019092601004572,PRVU,29,38,100,258.00,"25,800.00"
2019-09-26,2019092601004516,PRVU,33,57,240,257.00,"61,680.00"
2019-09-26,2019092601004514,PRVU,40,38,500,258.00,"129,000.00"
2019-09-26,2019092601004442,PRVU,54,38,100,258.00,"25,800.00"
2019-09-26,2019092601004383,PRVU,32,38,"1,176",258.00,"303,408.00"
2019-09-26,2019092601004306,PRVU,32,52,100,258.00,"25,800.00"
2019-09-26,2019092601004305,PRVU,32,40,200,258.00,"51,600.00"
2019-09-26,2019092601004286,PRVU,59,57,20,259.00,"5,180.00"
2019-09-26,2019092601004256,PRVU,32,34,524,258.00,"135,192.00"
2019-09-26,2019092601004255,PRVU,19,34,100,258.00,"25,800.00"
2019-09-26,2019092601004254,PRVU,32,34,376,258.00,"97,008.00"
2019-09-26,2019092601004172,PRVU,32,38,26,258.00,"6,708.00"
2019-09-26,2019092601004488,RADHI,56,51,11,132.00,"1,452.00"
2019-09-26,2019092601004562,RBCL,6,36,20,"8,500.00","170,000.00"
2019-09-26,2019092601004561,RBCL,21,36,30,"8,520.00","255,600.00"
2019-09-26,2019092601004541,RBCL,39,36,10,"8,530.00","85,300.00"
2019-09-26,2019092601004609,RHPL,54,41,40,157.00,"6,280.00"
2019-09-26,2019092601004584,RHPL,54,20,40,157.00,"6,280.00"
2019-09-26,2019092601004543,RHPL,54,20,40,157.00,"6,280.00"
2019-09-26,2019092601004524,RHPL,54,20,40,157.00,"6,280.00"
2019-09-26,2019092601004511,RHPL,54,39,30,157.00,"4,710.00"
2019-09-26,2019092601004467,RHPL,54,43,40,157.00,"6,280.00"
2019-09-26,2019092601004195,RHPL,57,20,40,157.00,"6,280.00"
2019-09-26,2019092601004180,RHPL,57,43,40,157.00,"6,280.00"
2019-09-26,2019092601004171,RHPL,57,20,40,157.00,"6,280.00"
2019-09-26,2019092601004240,RHPL,57,20,40,157.00,"6,280.00"
2019-09-26,2019092601004239,RHPL,57,53,40,157.00,"6,280.00"
2019-09-26,2019092601004228,RHPL,57,48,30,157.00,"4,710.00"
2019-09-26,2019092601004227,RHPL,57,47,30,157.00,"4,710.00"
2019-09-26,2019092601004218,RHPL,57,20,40,157.00,"6,280.00"
2019-09-26,2019092601004209,RHPL,57,48,30,157.00,"4,710.00"
2019-09-26,2019092601004326,RHPL,57,20,40,157.00,"6,280.00"
2019-09-26,2019092601004304,RHPL,57,20,40,157.00,"6,280.00"
2019-09-26,2019092601004303,RHPL,57,43,40,157.00,"6,280.00"
2019-09-26,2019092601004287,RHPL,57,20,40,157.00,"6,280.00"
2019-09-26,2019092601004267,RHPL,57,20,40,157.00,"6,280.00"
2019-09-26,2019092601004250,RHPL,57,43,40,157.00,"6,280.00"
2019-09-26,2019092601004370,RHPL,54,39,40,157.00,"6,280.00"
2019-09-26,2019092601004366,RHPL,54,41,30,157.00,"4,710.00"
2019-09-26,2019092601004352,RHPL,54,43,50,157.00,"7,850.00"
2019-09-26,2019092601004350,RHPL,54,20,40,157.00,"6,280.00"
2019-09-26,2019092601004336,RHPL,54,7,240,157.00,"37,680.00"
2019-09-26,2019092601004335,RHPL,57,7,260,157.00,"40,820.00"
2019-09-26,2019092601004445,RHPL,54,20,40,157.00,"6,280.00"
2019-09-26,2019092601004404,RHPL,54,20,40,157.00,"6,280.00"
2019-09-26,2019092601004394,RHPL,54,21,30,157.00,"4,710.00"
2019-09-26,2019092601004392,RHPL,54,39,10,157.00,"1,570.00"
2019-09-26,2019092601004376,RHPL,54,20,40,157.00,"6,280.00"
2019-09-26,2019092601004372,RHPL,54,16,40,157.00,"6,280.00"
2019-09-26,2019092601004199,RMDC,58,37,120,588.00,"70,560.00"
2019-09-26,2019092601004194,RMDC,26,37,50,588.00,"29,400.00"
2019-09-26,2019092601004193,RMDC,53,37,200,588.00,"117,600.00"
2019-09-26,2019092601004192,RMDC,44,37,84,590.00,"49,560.00"
2019-09-26,2019092601004191,RMDC,29,37,200,591.00,"118,200.00"
2019-09-26,2019092601004190,RMDC,20,37,10,596.00,"5,960.00"
2019-09-26,2019092601004189,RMDC,14,37,50,597.00,"29,850.00"
2019-09-26,2019092601004188,RMDC,28,37,290,597.00,"173,130.00"
2019-09-26,2019092601004168,RMDC,45,40,10,598.00,"5,980.00"
2019-09-26,2019092601004165,RMDC,45,38,10,599.00,"5,990.00"
2019-09-26,2019092601004285,RRHP,58,40,10,104.00,"1,040.00"
2019-09-26,2019092601004284,RRHP,58,40,10,104.00,"1,040.00"
2019-09-26,2019092601004320,RSDC,41,53,71,323.00,"22,933.00"
2019-09-26,2019092601004564,SABSL,47,51,10,454.00,"4,540.00"
2019-09-26,2019092601004464,SABSL,17,17,10,455.00,"4,550.00"
2019-09-26,2019092601004249,SABSL,13,44,10,455.00,"4,550.00"
2019-09-26,2019092601004248,SABSL,13,59,10,454.00,"4,540.00"
2019-09-26,2019092601004247,SABSL,13,49,10,454.00,"4,540.00"
2019-09-26,2019092601004241,SABSL,17,49,10,453.00,"4,530.00"
2019-09-26,2019092601004230,SABSL,17,58,10,453.00,"4,530.00"
2019-09-26,2019092601004611,SANIMA,25,38,17,345.00,"5,865.00"
2019-09-26,2019092601004466,SANIMA,17,38,26,345.00,"8,970.00"
2019-09-26,2019092601004465,SANIMA,32,38,114,345.00,"39,330.00"
2019-09-26,2019092601004423,SANIMA,17,16,24,345.00,"8,280.00"
2019-09-26,2019092601004422,SANIMA,53,16,50,345.00,"17,250.00"
2019-09-26,2019092601004421,SANIMA,48,16,30,345.00,"10,350.00"
2019-09-26,2019092601004420,SANIMA,32,16,76,345.00,"26,220.00"
2019-09-26,2019092601004221,SANIMA,42,45,500,346.00,"173,000.00"
2019-09-26,2019092601004214,SANIMA,21,45,200,346.00,"69,200.00"
2019-09-26,2019092601004163,SANIMA,42,45,317,346.00,"109,682.00"
2019-09-26,2019092601004162,SANIMA,42,43,183,346.00,"63,318.00"
2019-09-26,2019092601004621,SBL,44,36,50,327.00,"16,350.00"
2019-09-26,2019092601004620,SBL,44,36,100,327.00,"32,700.00"
2019-09-26,2019092601004619,SBL,1,36,850,327.00,"277,950.00"
2019-09-26,2019092601004554,SBL,1,26,650,327.00,"212,550.00"
2019-09-26,2019092601004553,SBL,17,26,200,327.00,"65,400.00"
2019-09-26,2019092601004552,SBL,51,26,50,327.00,"16,350.00"
2019-09-26,2019092601004183,SBL,51,5,115,327.00,"37,605.00"
2019-09-26,2019092601004182,SBL,51,5,15,327.00,"4,905.00"
2019-09-26,2019092601004551,SBL,38,26,100,327.00,"32,700.00"
2019-09-26,2019092601004375,SBL,38,40,100,327.00,"32,700.00"
2019-09-26,2019092601004374,SBL,42,40,500,327.00,"163,500.00"
2019-09-26,2019092601004265,SBL,11,19,61,328.00,"20,008.00"
2019-09-26,2019092601004216,SBL,58,19,437,328.00,"143,336.00"
2019-09-26,2019092601004215,SBL,58,13,63,328.00,"20,664.00"
2019-09-26,2019092601004571,SCB,26,45,10,555.00,"5,550.00"
2019-09-26,2019092601004449,SCB,43,44,100,556.00,"55,600.00"
2019-09-26,2019092601004448,SCB,10,44,50,556.00,"27,800.00"
2019-09-26,2019092601004347,SCB,10,44,50,557.00,"27,850.00"
2019-09-26,2019092601004278,SCB,41,44,500,557.00,"278,500.00"
2019-09-26,2019092601004558,SHIVM,6,45,40,542.00,"21,680.00"
2019-09-26,2019092601004518,SHIVM,49,21,20,542.00,"10,840.00"
2019-09-26,2019092601004517,SHIVM,56,21,200,542.00,"108,400.00"
2019-09-26,2019092601004599,SHPC,36,22,65,185.00,"12,025.00"
2019-09-26,2019092601004512,SIL,39,42,50,380.00,"19,000.00"
2019-09-26,2019092601004395,SIL,40,42,50,381.00,"19,050.00"
2019-09-26,2019092601004301,SIL,40,25,150,381.00,"57,150.00"
2019-09-26,2019092601004403,SINDU,26,1,50,127.00,"6,350.00"
2019-09-26,2019092601004615,SJCL,35,44,20,164.00,"3,280.00"
2019-09-26,2019092601004196,SJCL,35,48,20,165.00,"3,300.00"
2019-09-26,2019092601004179,SJCL,35,20,20,165.00,"3,300.00"
2019-09-26,2019092601004158,SJCL,35,20,20,165.00,"3,300.00"
2019-09-26,2019092601004220,SJCL,35,48,10,165.00,"1,650.00"
2019-09-26,2019092601004207,SJCL,35,20,20,165.00,"3,300.00"
2019-09-26,2019092601004201,SJCL,35,43,20,165.00,"3,300.00"
2019-09-26,2019092601004259,SJCL,35,47,20,165.00,"3,300.00"
2019-09-26,2019092601004251,SJCL,35,20,20,165.00,"3,300.00"
2019-09-26,2019092601004238,SJCL,35,47,20,165.00,"3,300.00"
2019-09-26,2019092601004237,SJCL,35,47,20,165.00,"3,300.00"
2019-09-26,2019092601004229,SJCL,35,53,20,165.00,"3,300.00"
2019-09-26,2019092601004224,SJCL,35,20,20,165.00,"3,300.00"
2019-09-26,2019092601004333,SJCL,35,20,20,165.00,"3,300.00"
2019-09-26,2019092601004321,SJCL,35,43,20,165.00,"3,300.00"
2019-09-26,2019092601004318,SJCL,35,20,20,165.00,"3,300.00"
2019-09-26,2019092601004293,SJCL,35,20,20,165.00,"3,300.00"
2019-09-26,2019092601004277,SJCL,35,20,20,165.00,"3,300.00"
2019-09-26,2019092601004270,SJCL,35,43,20,165.00,"3,300.00"
2019-09-26,2019092601004380,SJCL,35,39,20,165.00,"3,300.00"
2019-09-26,2019092601004373,SJCL,35,41,20,165.00,"3,300.00"
2019-09-26,2019092601004368,SJCL,35,43,20,165.00,"3,300.00"
2019-09-26,2019092601004363,SJCL,35,20,20,165.00,"3,300.00"
2019-09-26,2019092601004440,SJCL,32,50,"1,400",165.00,"231,000.00"
2019-09-26,2019092601004434,SJCL,32,55,10,165.00,"1,650.00"
2019-09-26,2019092601004417,SJCL,32,20,20,165.00,"3,300.00"
2019-09-26,2019092601004386,SJCL,32,20,20,165.00,"3,300.00"
2019-09-26,2019092601004382,SJCL,35,16,20,165.00,"3,300.00"
2019-09-26,2019092601004513,SJCL,35,55,10,164.00,"1,640.00"
2019-09-26,2019092601004498,SJCL,35,55,10,164.00,"1,640.00"
2019-09-26,2019092601004496,SJCL,35,43,20,164.00,"3,280.00"
2019-09-26,2019092601004480,SJCL,35,55,10,164.00,"1,640.00"
2019-09-26,2019092601004453,SJCL,35,20,20,164.00,"3,280.00"
2019-09-26,2019092601004546,SJCL,35,55,10,164.00,"1,640.00"
2019-09-26,2019092601004532,SJCL,35,20,20,164.00,"3,280.00"
2019-09-26,2019092601004530,SJCL,35,55,10,164.00,"1,640.00"
2019-09-26,2019092601004613,SJCL,35,55,10,164.00,"1,640.00"
2019-09-26,2019092601004601,SJCL,35,20,20,164.00,"3,280.00"
2019-09-26,2019092601004588,SJCL,35,55,10,164.00,"1,640.00"
2019-09-26,2019092601004566,SJCL,35,55,10,164.00,"1,640.00"
2019-09-26,2019092601004555,SJCL,35,20,20,164.00,"3,280.00"
2019-09-26,2019092601004586,SKBBL,17,50,82,895.00,"73,390.00"
2019-09-26,2019092601004419,SKBBL,17,43,123,895.00,"110,085.00"
2019-09-26,2019092601004324,SKBBL,39,33,"1,350",896.00,"1,209,600.00"
2019-09-26,2019092601004431,SLICL,58,40,50,258.00,"12,900.00"
2019-09-26,2019092601004430,SLICL,52,40,40,258.00,"10,320.00"
2019-09-26,2019092601004429,SLICL,16,40,30,260.00,"7,800.00"
2019-09-26,2019092601004428,SLICL,14,40,100,260.00,"26,000.00"
2019-09-26,2019092601004427,SLICL,26,40,118,260.00,"30,680.00"
2019-09-26,2019092601004345,SLICL,26,6,82,260.00,"21,320.00"
2019-09-26,2019092601004338,SLICL,33,6,225,262.00,"58,950.00"
2019-09-26,2019092601004337,SLICL,45,6,100,263.00,"26,300.00"
2019-09-26,2019092601004344,SLICL,48,6,20,260.00,"5,200.00"
2019-09-26,2019092601004343,SLICL,42,6,50,260.00,"13,000.00"
2019-09-26,2019092601004342,SLICL,32,6,50,261.00,"13,050.00"
2019-09-26,2019092601004341,SLICL,57,6,210,261.00,"54,810.00"
2019-09-26,2019092601004340,SLICL,41,6,100,261.00,"26,100.00"
2019-09-26,2019092601004339,SLICL,38,6,163,261.00,"42,543.00"
2019-09-26,2019092601004381,SMATA,25,50,10,545.00,"5,450.00"
2019-09-26,2019092601004266,SMATA,55,50,41,550.00,"22,550.00"
2019-09-26,2019092601004264,SMFBS,58,58,90,786.00,"70,740.00"
2019-09-26,2019092601004263,SMFBS,22,58,10,786.00,"7,860.00"
2019-09-26,2019092601004262,SMFBS,34,58,100,786.00,"78,600.00"
2019-09-26,2019092601004469,SPARS,54,51,10,537.00,"5,370.00"
2019-09-26,2019092601004283,SPARS,3,43,10,538.00,"5,380.00"
2019-09-26,2019092601004477,SPDL,56,45,25,73.00,"1,825.00"
2019-09-26,2019092601004391,SPDL,56,56,10,72.00,720.00
2019-09-26,2019092601004213,SPDL,14,36,500,71.00,"35,500.00"
2019-09-26,2019092601004212,SPDL,14,56,10,71.00,710.00
2019-09-26,2019092601004330,SWBBL,28,8,70,905.00,"63,350.00"
2019-09-26,2019092601004329,SWBBL,28,14,50,904.00,"45,200.00"
2019-09-26,2019092601004328,SWBBL,28,38,80,903.00,"72,240.00"
2019-09-26,2019092601004225,SWBBL,54,38,20,903.00,"18,060.00"
2019-09-26,2019092601004540,UFL,39,26,379,173.00,"65,567.00"
2019-09-26,2019092601004539,UFL,6,26,150,173.00,"25,950.00"
2019-09-26,2019092601004538,UFL,40,26,71,173.00,"12,283.00"
2019-09-26,2019092601004323,UFL,40,26,10,173.00,"1,730.00"
2019-09-26,2019092601004322,UFL,39,26,50,174.00,"8,700.00"
2019-09-26,2019092601004618,UIC,26,25,50,263.00,"13,150.00"
2019-09-26,2019092601004617,UIC,26,7,180,263.00,"47,340.00"
2019-09-26,2019092601004327,UIC,33,51,100,262.00,"26,200.00"
2019-09-26,2019092601004614,UPCL,49,8,50,78.00,"3,900.00"
2019-09-26,2019092601004531,UPCL,49,39,50,78.00,"3,900.00"
2019-09-26,2019092601004258,UPCL,22,53,10,77.00,770.00
2019-09-26,2019092601004257,UPCL,57,53,40,78.00,"3,120.00"
2019-09-26,2019092601004232,UPCL,57,49,10,78.00,780.00
2019-09-26,2019092601004589,UPPER,26,19,40,232.00,"9,280.00"
2019-09-26,2019092601004454,UPPER,41,38,50,232.00,"11,600.00"
2019-09-26,2019092601004364,UPPER,41,39,50,232.00,"11,600.00"
2019-09-26,2019092601004362,UPPER,41,57,292,232.00,"67,744.00"
2019-09-26,2019092601004361,UPPER,25,57,300,232.00,"69,600.00"
2019-09-26,2019092601004360,UPPER,16,57,150,232.00,"34,800.00"
2019-09-26,2019092601004359,UPPER,13,57,258,232.00,"59,856.00"
2019-09-26,2019092601004223,UPPER,13,7,52,232.00,"12,064.00"
2019-09-26,2019092601004186,UPPER,13,40,40,232.00,"9,280.00"
2019-09-26,2019092601004142,ADBL,29,38,110,410.00,"45,100.00"
2019-09-26,2019092601004084,ADBL,29,38,65,410.00,"26,650.00"
2019-09-26,2019092601004083,ADBL,6,38,45,410.00,"18,450.00"
2019-09-26,2019092601003731,ADBL,6,32,155,410.00,"63,550.00"
2019-09-26,2019092601004014,AHPC,22,20,100,96.00,"9,600.00"
2019-09-26,2019092601003961,AHPC,48,45,76,95.00,"7,220.00"
2019-09-26,2019092601003960,AHPC,16,45,124,95.00,"11,780.00"
2019-09-26,2019092601003792,AHPC,28,43,"1,661",96.00,"159,456.00"
2019-09-26,2019092601003705,AHPC,56,43,50,96.00,"4,800.00"
2019-09-26,2019092601004053,AKBSL,38,42,10,408.00,"4,080.00"
2019-09-26,2019092601004050,AKBSL,38,7,10,408.00,"4,080.00"
2019-09-26,2019092601004044,AKBSL,38,42,10,408.00,"4,080.00"
2019-09-26,2019092601003843,AKBSL,38,34,20,408.00,"8,160.00"
2019-09-26,2019092601003842,AKBSL,58,34,30,408.00,"12,240.00"
2019-09-26,2019092601003736,AKBSL,58,34,10,408.00,"4,080.00"
2019-09-26,2019092601003663,AKJCL,49,40,20,52.00,"1,040.00"
2019-09-26,2019092601003647,AKJCL,49,40,20,52.00,"1,040.00"
2019-09-26,2019092601004127,ALBSL,40,40,10,428.00,"4,280.00"
2019-09-26,2019092601004009,ALBSL,6,32,100,426.00,"42,600.00"
2019-09-26,2019092601004000,ALBSL,6,43,10,426.00,"4,260.00"
2019-09-26,2019092601003946,ALBSL,17,36,10,427.00,"4,270.00"
2019-09-26,2019092601003978,ALICL,52,36,107,312.00,"33,384.00"
2019-09-26,2019092601003977,ALICL,52,36,19,312.00,"5,928.00"
2019-09-26,2019092601004061,API,6,41,161,112.00,"18,032.00"
2019-09-26,2019092601004060,API,51,41,39,112.00,"4,368.00"
2019-09-26,2019092601003996,API,51,28,261,112.00,"29,232.00"
2019-09-26,2019092601003682,API,57,40,49,110.00,"5,390.00"
2019-09-26,2019092601003681,API,14,40,100,110.00,"11,000.00"
2019-09-26,2019092601003680,API,35,40,200,110.00,"22,000.00"
2019-09-26,2019092601003673,API,43,40,33,111.00,"3,663.00"
2019-09-26,2019092601003679,API,25,40,100,110.00,"11,000.00"
2019-09-26,2019092601003678,API,22,40,30,111.00,"3,330.00"
2019-09-26,2019092601003677,API,37,40,"1,000",111.00,"111,000.00"
2019-09-26,2019092601003676,API,21,40,100,111.00,"11,100.00"
2019-09-26,2019092601003675,API,43,40,50,111.00,"5,550.00"
2019-09-26,2019092601003674,API,40,40,30,111.00,"3,330.00"
2019-09-26,2019092601003988,BFC,46,45,221,87.00,"19,227.00"
2019-09-26,2019092601003987,BFC,34,45,25,88.00,"2,200.00"
2019-09-26,2019092601004146,BOKL,38,44,250,251.00,"62,750.00"
2019-09-26,2019092601004145,BOKL,17,44,200,251.00,"50,200.00"
2019-09-26,2019092601004144,BOKL,29,44,20,251.00,"5,020.00"
2019-09-26,2019092601004143,BOKL,18,44,96,251.00,"24,096.00"
2019-09-26,2019092601004026,BOKL,18,10,55,251.00,"13,805.00"
2019-09-26,2019092601003822,BOKL,34,25,80,252.00,"20,160.00"
2019-09-26,2019092601003892,BPCL,41,36,22,356.00,"7,832.00"
2019-09-26,2019092601004063,CBL,45,7,51,141.00,"7,191.00"
2019-09-26,2019092601004115,CCBL,50,38,31,152.00,"4,712.00"
2019-09-26,2019092601004004,CCBL,50,42,93,152.00,"14,136.00"
2019-09-26,2019092601003997,CCBL,7,16,500,153.00,"76,500.00"
2019-09-26,2019092601003956,CCBL,50,42,16,152.00,"2,432.00"
2019-09-26,2019092601003846,CCBL,50,32,86,152.00,"13,072.00"
2019-09-26,2019092601003845,CCBL,22,32,100,152.00,"15,200.00"
2019-09-26,2019092601003844,CCBL,57,32,915,152.00,"139,080.00"
2019-09-26,2019092601003772,CCBL,51,16,100,153.00,"15,300.00"
2019-09-26,2019092601003659,CCBL,17,16,100,153.00,"15,300.00"
2019-09-26,2019092601003853,CHCL,45,42,16,411.00,"6,576.00"
2019-09-26,2019092601003852,CHCL,51,42,84,411.00,"34,524.00"
2019-09-26,2019092601004133,CIT,46,40,31,"1,780.00","55,180.00"
2019-09-26,2019092601004132,CIT,50,40,19,"1,780.00","33,820.00"
2019-09-26,2019092601003856,CIT,47,10,100,"1,780.00","178,000.00"
2019-09-26,2019092601003963,CZBIL,32,16,198,192.00,"38,016.00"
2019-09-26,2019092601003962,CZBIL,39,16,402,192.00,"77,184.00"
2019-09-26,2019092601003966,DBBL,49,10,420,127.00,"53,340.00"
2019-09-26,2019092601004064,DDBL,44,52,40,717.00,"28,680.00"
2019-09-26,2019092601003863,DDBL,34,32,100,716.00,"71,600.00"
2019-09-26,2019092601003862,DDBL,44,32,100,717.00,"71,700.00"
2019-09-26,2019092601003742,DDBL,34,42,77,716.00,"55,132.00"
2019-09-26,2019092601004139,EBL,42,6,150,557.00,"83,550.00"
2019-09-26,2019092601004046,EBL,52,6,50,557.00,"27,850.00"
2019-09-26,2019092601003928,EBL,38,43,100,557.00,"55,700.00"
2019-09-26,2019092601003927,EBL,38,55,195,557.00,"108,615.00"
2019-09-26,2019092601003926,EBL,38,53,100,557.00,"55,700.00"
2019-09-26,2019092601003783,EBL,41,55,20,557.00,"11,140.00"
2019-09-26,2019092601003780,EBL,28,55,35,557.00,"19,495.00"
2019-09-26,2019092601003779,EBL,13,55,50,557.00,"27,850.00"
2019-09-26,2019092601003708,EBL,13,53,50,557.00,"27,850.00"
2019-09-26,2019092601003707,EBL,10,53,50,557.00,"27,850.00"
2019-09-26,2019092601004058,EDBL,36,58,"1,000",272.00,"272,000.00"
2019-09-26,2019092601004124,EIC,28,7,250,239.00,"59,750.00"
2019-09-26,2019092601004123,EIC,8,7,50,240.00,"12,000.00"
2019-09-26,2019092601004122,EIC,38,7,200,240.00,"48,000.00"
2019-09-26,2019092601003945,EIC,14,46,100,240.00,"24,000.00"
2019-09-26,2019092601003944,EIC,20,46,200,240.00,"48,000.00"
2019-09-26,2019092601003943,EIC,51,46,200,241.00,"48,200.00"
2019-09-26,2019092601003864,EIC,6,38,150,242.00,"36,300.00"
2019-09-26,2019092601003847,FMDBL,44,55,100,372.00,"37,200.00"
2019-09-26,2019092601003777,FMDBL,42,42,53,371.00,"19,663.00"
2019-09-26,2019092601003734,FMDBL,26,42,10,371.00,"3,710.00"
2019-09-26,2019092601003733,FMDBL,7,42,100,371.00,"37,100.00"
2019-09-26,2019092601004066,FOWAD,45,36,29,"1,271.00","36,859.00"
2019-09-26,2019092601003901,FOWAD,59,36,19,"1,270.00","24,130.00"
2019-09-26,2019092601003929,GBBL,43,42,10,209.00,"2,090.00"
2019-09-26,2019092601004018,GBLBS,33,25,100,315.00,"31,500.00"
2019-09-26,2019092601003763,GBLBS,51,5,50,315.00,"15,750.00"
2019-09-26,2019092601003900,GHL,51,32,20,63.00,"1,260.00"
2019-09-26,2019092601003886,GLBSL,57,1,10,427.00,"4,270.00"
2019-09-26,2019092601003848,GLBSL,7,1,10,427.00,"4,270.00"
2019-09-26,2019092601003787,GLBSL,7,34,10,427.00,"4,270.00"
2019-09-26,2019092601004071,GMFBS,47,7,10,461.00,"4,610.00"
2019-09-26,2019092601003920,GMFBS,18,1,10,460.00,"4,600.00"
2019-09-26,2019092601003898,GMFBS,18,8,10,460.00,"4,600.00"
2019-09-26,2019092601003891,GMFBS,18,1,10,460.00,"4,600.00"
2019-09-26,2019092601004006,GRDBL,1,43,90,104.00,"9,360.00"
2019-09-26,2019092601003971,GRDBL,1,21,100,104.00,"10,400.00"
2019-09-26,2019092601003655,GRDBL,6,43,200,104.00,"20,800.00"
2019-09-26,2019092601003917,HBL,18,8,352,485.00,"170,720.00"
2019-09-26,2019092601003916,HBL,28,8,100,485.00,"48,500.00"
2019-09-26,2019092601003915,HBL,41,8,10,485.00,"4,850.00"
2019-09-26,2019092601003914,HBL,25,8,200,486.00,"97,200.00"
2019-09-26,2019092601003913,HBL,43,8,25,486.00,"12,150.00"
2019-09-26,2019092601003912,HBL,32,8,100,488.00,"48,800.00"
2019-09-26,2019092601003911,HBL,32,8,16,488.00,"7,808.00"
2019-09-26,2019092601003910,HBL,1,8,40,489.00,"19,560.00"
2019-09-26,2019092601003909,HBL,5,8,72,489.00,"35,208.00"
2019-09-26,2019092601003908,HBL,28,8,40,490.00,"19,600.00"
2019-09-26,2019092601003907,HBL,1,8,45,490.00,"22,050.00"
2019-09-26,2019092601004013,HDL,48,25,65,"1,457.00","94,705.00"
2019-09-26,2019092601004012,HDL,48,13,10,"1,457.00","14,570.00"
2019-09-26,2019092601003797,HPPL,22,1,20,131.00,"2,620.00"
2019-09-26,2019092601004118,ILBS,11,41,10,430.00,"4,300.00"
2019-09-26,2019092601004117,ILBS,11,8,200,430.00,"86,000.00"
2019-09-26,2019092601004054,ILBS,48,42,10,426.00,"4,260.00"
2019-09-26,2019092601004045,ILBS,48,42,10,426.00,"4,260.00"
2019-09-26,2019092601004038,ILBS,48,42,10,426.00,"4,260.00"
2019-09-26,2019092601004025,ILBS,48,42,10,426.00,"4,260.00"
2019-09-26,2019092601003770,ILBS,48,43,50,430.00,"21,500.00"
2019-09-26,2019092601003769,ILBS,48,44,10,430.00,"4,300.00"
2019-09-26,2019092601003761,ILBS,43,1,40,428.00,"17,120.00"
2019-09-26,2019092601003756,ILBS,43,56,10,428.00,"4,280.00"
2019-09-26,2019092601003748,ILBS,48,46,10,429.00,"4,290.00"
2019-09-26,2019092601003660,ILBS,39,58,10,429.00,"4,290.00"
2019-09-26,2019092601004078,JBBL,32,7,29,154.00,"4,466.00"
2019-09-26,2019092601003766,JBBL,32,58,23,154.00,"3,542.00"
2019-09-26,2019092601003765,JBBL,21,58,230,154.00,"35,420.00"
2019-09-26,2019092601003764,JBBL,49,58,47,154.00,"7,238.00"
2019-09-26,2019092601004062,JFL,58,58,500,195.00,"97,500.00"
2019-09-26,2019092601003942,JFL,41,42,44,194.00,"8,536.00"
2019-09-26,2019092601004072,KBL,11,57,100,176.00,"17,600.00"
2019-09-26,2019092601004041,KBL,10,57,100,176.00,"17,600.00"
2019-09-26,2019092601004040,KBL,19,57,100,176.00,"17,600.00"
2019-09-26,2019092601003806,KBL,44,33,100,177.00,"17,700.00"
2019-09-26,2019092601003805,KBL,44,39,200,177.00,"35,400.00"
2019-09-26,2019092601004140,KPCL,22,49,10,77.00,770.00
2019-09-26,2019092601004114,KSBBL,49,51,74,140.00,"10,360.00"
2019-09-26,2019092601004034,LBL,28,6,200,209.00,"41,800.00"
2019-09-26,2019092601003895,LBL,28,32,239,209.00,"49,951.00"
2019-09-26,2019092601003894,LBL,22,32,50,209.00,"10,450.00"
2019-09-26,2019092601003893,LBL,13,32,202,209.00,"42,218.00"
2019-09-26,2019092601003786,LBL,16,55,50,210.00,"10,500.00"
2019-09-26,2019092601004011,LGIL,45,50,40,350.00,"14,000.00"
2019-09-26,2019092601003670,LGIL,38,57,45,348.00,"15,660.00"
2019-09-26,2019092601003669,LGIL,33,57,155,348.00,"53,940.00"
2019-09-26,2019092601004111,MBL,33,58,500,243.00,"121,500.00"
2019-09-26,2019092601004110,MBL,38,58,"2,000",243.00,"486,000.00"
2019-09-26,2019092601004109,MBL,25,58,"1,000",243.00,"243,000.00"
2019-09-26,2019092601004108,MBL,55,58,"1,000",243.00,"243,000.00"
2019-09-26,2019092601004107,MBL,1,58,50,243.00,"12,150.00"
2019-09-26,2019092601004106,MBL,52,58,500,243.00,"121,500.00"
2019-09-26,2019092601003687,MBL,40,58,500,244.00,"122,000.00"
2019-09-26,2019092601003686,MBL,10,58,100,244.00,"24,400.00"
2019-09-26,2019092601003685,MBL,34,58,70,244.00,"17,080.00"
2019-09-26,2019092601003649,MBL,48,17,20,245.00,"4,900.00"
2019-09-26,2019092601003693,MBL,13,58,100,244.00,"24,400.00"
2019-09-26,2019092601003692,MBL,50,58,200,244.00,"48,800.00"
2019-09-26,2019092601003691,MBL,32,58,300,244.00,"73,200.00"
2019-09-26,2019092601003690,MBL,52,58,500,244.00,"122,000.00"
2019-09-26,2019092601003689,MBL,42,58,200,244.00,"48,800.00"
2019-09-26,2019092601003688,MBL,43,58,50,244.00,"12,200.00"
2019-09-26,2019092601003699,MBL,29,58,"1,000",244.00,"244,000.00"
2019-09-26,2019092601003698,MBL,50,58,"1,000",244.00,"244,000.00"
2019-09-26,2019092601003697,MBL,4,58,100,244.00,"24,400.00"
2019-09-26,2019092601003696,MBL,28,58,"2,125",244.00,"518,500.00"
2019-09-26,2019092601003695,MBL,47,58,50,244.00,"12,200.00"
2019-09-26,2019092601003694,MBL,1,58,200,244.00,"48,800.00"
2019-09-26,2019092601003785,MBL,17,17,200,245.00,"49,000.00"
2019-09-26,2019092601003704,MBL,1,58,155,244.00,"37,820.00"
2019-09-26,2019092601003703,MBL,25,58,100,244.00,"24,400.00"
2019-09-26,2019092601003702,MBL,49,58,200,244.00,"48,800.00"
2019-09-26,2019092601003701,MBL,47,58,50,244.00,"12,200.00"
2019-09-26,2019092601003700,MBL,33,58,"1,000",244.00,"244,000.00"
2019-09-26,2019092601003859,MBL,50,54,100,244.00,"24,400.00"
2019-09-26,2019092601003803,MBL,48,54,200,244.00,"48,800.00"
2019-09-26,2019092601003802,MBL,41,54,645,244.00,"157,380.00"
2019-09-26,2019092601003800,MBL,41,22,355,244.00,"86,620.00"
2019-09-26,2019092601003799,MBL,1,22,45,244.00,"10,980.00"
2019-09-26,2019092601003796,MBL,16,17,50,245.00,"12,250.00"
2019-09-26,2019092601004099,MBL,17,58,500,243.00,"121,500.00"
2019-09-26,2019092601004098,MBL,17,58,500,243.00,"121,500.00"
2019-09-26,2019092601004097,MBL,48,58,300,243.00,"72,900.00"
2019-09-26,2019092601004096,MBL,29,58,"1,000",243.00,"243,000.00"
2019-09-26,2019092601003982,MBL,39,43,45,244.00,"10,980.00"
2019-09-26,2019092601003981,MBL,39,54,55,244.00,"13,420.00"
2019-09-26,2019092601004105,MBL,57,58,"1,000",243.00,"243,000.00"
2019-09-26,2019092601004104,MBL,57,58,500,243.00,"121,500.00"
2019-09-26,2019092601004103,MBL,40,58,300,243.00,"72,900.00"
2019-09-26,2019092601004102,MBL,53,58,100,243.00,"24,300.00"
2019-09-26,2019092601004101,MBL,25,58,100,243.00,"24,300.00"
2019-09-26,2019092601004100,MBL,40,58,50,243.00,"12,150.00"
2019-09-26,2019092601003672,MEGA,49,36,20,189.00,"3,780.00"
2019-09-26,2019092601003757,MEGA,44,55,300,190.00,"57,000.00"
2019-09-26,2019092601003759,MEGA,49,14,500,189.00,"94,500.00"
2019-09-26,2019092601003804,MEGA,49,34,262,189.00,"49,518.00"
2019-09-26,2019092601003905,MEGA,1,32,34,189.00,"6,426.00"
2019-09-26,2019092601003904,MEGA,6,32,300,189.00,"56,700.00"
2019-09-26,2019092601003903,MEGA,49,32,167,189.00,"31,563.00"
2019-09-26,2019092601004017,MEGA,36,14,834,189.00,"157,626.00"
2019-09-26,2019092601004016,MEGA,34,14,100,189.00,"18,900.00"
2019-09-26,2019092601004015,MEGA,1,14,66,189.00,"12,474.00"
2019-09-26,2019092601004032,MEGA,16,20,79,190.00,"15,010.00"
2019-09-26,2019092601004031,MEGA,16,55,21,190.00,"3,990.00"
2019-09-26,2019092601003947,MERO,6,40,33,550.00,"18,150.00"
2019-09-26,2019092601003654,MERO,41,57,15,545.00,"8,175.00"
2019-09-26,2019092601003653,MERO,22,57,10,546.00,"5,460.00"
2019-09-26,2019092601003897,MHNL,58,41,30,81.00,"2,430.00"
2019-09-26,2019092601003896,MHNL,58,41,40,81.00,"3,240.00"
2019-09-26,2019092601003789,MHNL,18,47,40,80.00,"3,200.00"
2019-09-26,2019092601004126,MLBL,1,38,32,209.00,"6,688.00"
2019-09-26,2019092601003949,MLBL,1,42,16,209.00,"3,344.00"
2019-09-26,2019092601003667,MLBL,1,55,50,209.00,"10,450.00"
2019-09-26,2019092601004125,MNBBL,43,1,200,301.00,"60,200.00"
2019-09-26,2019092601004082,MNBBL,43,34,172,301.00,"51,772.00"
2019-09-26,2019092601004081,MNBBL,48,34,100,301.00,"30,100.00"
2019-09-26,2019092601004080,MNBBL,42,34,100,301.00,"30,100.00"
2019-09-26,2019092601004079,MNBBL,56,34,28,301.00,"8,428.00"
2019-09-26,2019092601003839,MNBBL,56,51,500,301.00,"150,500.00"
2019-09-26,2019092601003737,MNBBL,56,53,472,301.00,"142,072.00"
2019-09-26,2019092601003665,MNBBL,44,53,28,301.00,"8,428.00"
2019-09-26,2019092601003664,MNBBL,44,10,972,301.00,"292,572.00"
2019-09-26,2019092601004131,NABIL,38,10,15,758.00,"11,370.00"
2019-09-26,2019092601004069,NABIL,46,57,50,756.00,"37,800.00"
2019-09-26,2019092601003958,NABIL,46,42,16,756.00,"12,096.00"
2019-09-26,2019092601003957,NABIL,22,42,40,756.00,"30,240.00"
2019-09-26,2019092601003918,NABIL,22,18,10,756.00,"7,560.00"
2019-09-26,2019092601004039,NADEP,5,17,70,405.00,"28,350.00"
2019-09-26,2019092601003902,NADEP,58,58,"1,408",402.00,"566,016.00"
2019-09-26,2019092601003840,NADEP,5,19,30,405.00,"12,150.00"
2019-09-26,2019092601004130,NAGRO,22,43,10,720.00,"7,200.00"
2019-09-26,2019092601004028,NBL,7,53,"1,400",310.00,"434,000.00"
2019-09-26,2019092601003973,NBL,29,17,190,309.00,"58,710.00"
2019-09-26,2019092601003972,NBL,7,17,148,309.00,"45,732.00"
2019-09-26,2019092601003941,NBL,7,52,52,309.00,"16,068.00"
2019-09-26,2019092601003940,NBL,25,52,148,309.00,"45,732.00"
2019-09-26,2019092601003826,NBL,25,13,852,309.00,"263,268.00"
2019-09-26,2019092601003750,NBL,43,32,75,309.00,"23,175.00"
2019-09-26,2019092601003749,NBL,56,32,64,309.00,"19,776.00"
2019-09-26,2019092601003825,NBL,45,13,200,309.00,"61,800.00"
2019-09-26,2019092601003824,NBL,43,13,100,309.00,"30,900.00"
2019-09-26,2019092601003823,NBL,34,13,848,309.00,"262,032.00"
2019-09-26,2019092601003753,NBL,34,32,152,309.00,"46,968.00"
2019-09-26,2019092601003752,NBL,45,32,30,309.00,"9,270.00"
2019-09-26,2019092601003751,NBL,43,32,50,309.00,"15,450.00"
2019-09-26,2019092601004049,NCCB,45,4,200,195.00,"39,000.00"
2019-09-26,2019092601004048,NCCB,45,52,400,195.00,"78,000.00"
2019-09-26,2019092601004047,NCCB,45,42,190,195.00,"37,050.00"
2019-09-26,2019092601003939,NCCB,3,36,16,194.00,"3,104.00"
2019-09-26,2019092601003924,NCCB,44,42,10,195.00,"1,950.00"
2019-09-26,2019092601003923,NCCB,44,50,90,195.00,"17,550.00"
2019-09-26,2019092601003937,NHPC,56,32,400,50.00,"20,000.00"
2019-09-26,2019092601003936,NHPC,57,32,300,50.00,"15,000.00"
2019-09-26,2019092601003935,NHPC,25,32,300,50.00,"15,000.00"
2019-09-26,2019092601004136,NIB,56,45,100,434.00,"43,400.00"
2019-09-26,2019092601004089,NIB,42,45,19,434.00,"8,246.00"
2019-09-26,2019092601004088,NIB,42,35,11,434.00,"4,774.00"
2019-09-26,2019092601003855,NIB,57,13,14,433.00,"6,062.00"
2019-09-26,2019092601003854,NIB,34,13,46,433.00,"19,918.00"
2019-09-26,2019092601003970,NICA,33,16,150,375.00,"56,250.00"
2019-09-26,2019092601003782,NICA,33,22,500,375.00,"187,500.00"
2019-09-26,2019092601003767,NICA,22,45,50,376.00,"18,800.00"
2019-09-26,2019092601003762,NICA,33,32,436,375.00,"163,500.00"
2019-09-26,2019092601003738,NICA,51,45,50,376.00,"18,800.00"
2019-09-26,2019092601003951,NLG,40,45,10,572.00,"5,720.00"
2019-09-26,2019092601003887,NLG,37,42,247,561.00,"138,567.00"
2019-09-26,2019092601004037,NLIC,16,35,30,756.00,"22,680.00"
2019-09-26,2019092601003995,NLIC,26,36,92,755.00,"69,460.00"
2019-09-26,2019092601003994,NLIC,17,36,16,756.00,"12,096.00"
2019-09-26,2019092601003993,NLIC,45,36,28,756.00,"21,168.00"
2019-09-26,2019092601003741,NLIC,22,57,50,757.00,"37,850.00"
2019-09-26,2019092601003711,NLIC,45,36,22,756.00,"16,632.00"
2019-09-26,2019092601003661,NLIC,45,53,50,756.00,"37,800.00"
2019-09-26,2019092601004085,NLICL,14,16,398,470.00,"187,060.00"
2019-09-26,2019092601004070,NLICL,14,25,50,470.00,"23,500.00"
2019-09-26,2019092601004029,NLICL,14,51,191,470.00,"89,770.00"
2019-09-26,2019092601003998,NLICL,14,42,32,470.00,"15,040.00"
2019-09-26,2019092601004043,NMBMF,33,58,500,"1,044.00","522,000.00"
2019-09-26,2019092601004042,NMBMF,33,7,25,"1,044.00","26,100.00"
2019-09-26,2019092601004035,NMBMF,28,17,39,"1,030.00","40,170.00"
2019-09-26,2019092601003794,NMFBS,45,44,16,"1,680.00","26,880.00"
2019-09-26,2019092601003793,NMFBS,45,6,15,"1,679.00","25,185.00"
2019-09-26,2019092601004010,NTC,16,6,20,627.00,"12,540.00"
2019-09-26,2019092601003658,OHL,6,45,20,518.00,"10,360.00"
2019-09-26,2019092601003662,PIC,28,6,25,369.00,"9,225.00"
2019-09-26,2019092601003784,PICL,45,45,50,420.00,"21,000.00"
2019-09-26,2019092601003938,PLIC,35,13,50,320.00,"16,000.00"
2019-09-26,2019092601003771,PLIC,51,53,50,320.00,"16,000.00"
2019-09-26,2019092601004138,PPCL,18,43,10,94.00,940.00
2019-09-26,2019092601004005,PPCL,18,43,10,94.00,940.00
2019-09-26,2019092601003925,PPCL,18,43,10,94.00,940.00
2019-09-26,2019092601003986,PRVU,32,41,200,258.00,"51,600.00"
2019-09-26,2019092601003985,PRVU,32,58,50,258.00,"12,900.00"
2019-09-26,2019092601003984,PRVU,32,34,"2,348",258.00,"605,784.00"
2019-09-26,2019092601003979,PRVU,6,34,77,258.00,"19,866.00"
2019-09-26,2019092601003906,PRVU,4,34,500,258.00,"129,000.00"
2019-09-26,2019092601003820,PRVU,14,34,100,258.00,"25,800.00"
2019-09-26,2019092601003819,PRVU,17,34,500,258.00,"129,000.00"
2019-09-26,2019092601003818,PRVU,17,34,200,258.00,"51,600.00"
2019-09-26,2019092601003817,PRVU,19,34,100,258.00,"25,800.00"
2019-09-26,2019092601003816,PRVU,4,34,175,258.00,"45,150.00"
2019-09-26,2019092601003950,RADHI,56,16,11,132.00,"1,452.00"
2019-09-26,2019092601003758,RADHI,56,59,12,132.00,"1,584.00"
2019-09-26,2019092601004141,RHPL,57,20,40,157.00,"6,280.00"
2019-09-26,2019092601004134,RHPL,57,47,30,157.00,"4,710.00"
2019-09-26,2019092601004128,RHPL,57,20,40,157.00,"6,280.00"
2019-09-26,2019092601004113,RHPL,57,47,30,157.00,"4,710.00"
2019-09-26,2019092601004112,RHPL,57,20,40,157.00,"6,280.00"
2019-09-26,2019092601004055,RHPL,57,20,40,157.00,"6,280.00"
2019-09-26,2019092601003807,RHPL,51,48,30,158.00,"4,740.00"
2019-09-26,2019092601003791,RHPL,57,20,40,157.00,"6,280.00"
2019-09-26,2019092601003774,RHPL,57,20,40,157.00,"6,280.00"
2019-09-26,2019092601003760,RHPL,57,20,40,157.00,"6,280.00"
2019-09-26,2019092601003739,RHPL,57,20,40,157.00,"6,280.00"
2019-09-26,2019092601003735,RHPL,57,36,40,157.00,"6,280.00"
2019-09-26,2019092601003813,RHPL,39,47,40,158.00,"6,320.00"
2019-09-26,2019092601003812,RHPL,39,59,40,158.00,"6,320.00"
2019-09-26,2019092601003811,RHPL,39,47,10,158.00,"1,580.00"
2019-09-26,2019092601003810,RHPL,57,20,40,157.00,"6,280.00"
2019-09-26,2019092601003809,RHPL,51,47,30,158.00,"4,740.00"
2019-09-26,2019092601003808,RHPL,51,47,40,158.00,"6,320.00"
2019-09-26,2019092601003888,RHPL,57,20,40,157.00,"6,280.00"
2019-09-26,2019092601003851,RHPL,57,43,40,157.00,"6,280.00"
2019-09-26,2019092601003850,RHPL,57,20,10,157.00,"1,570.00"
2019-09-26,2019092601003849,RHPL,39,20,30,158.00,"4,740.00"
2019-09-26,2019092601003815,RHPL,39,47,40,158.00,"6,320.00"
2019-09-26,2019092601003814,RHPL,39,47,40,158.00,"6,320.00"
2019-09-26,2019092601004036,RHPL,57,43,50,157.00,"7,850.00"
2019-09-26,2019092601003999,RHPL,57,20,40,157.00,"6,280.00"
2019-09-26,2019092601003967,RHPL,57,20,40,157.00,"6,280.00"
2019-09-26,2019092601003952,RHPL,57,43,40,157.00,"6,280.00"
2019-09-26,2019092601003948,RHPL,57,20,40,157.00,"6,280.00"
2019-09-26,2019092601003922,RHPL,57,20,40,157.00,"6,280.00"
2019-09-26,2019092601003710,RMDC,45,33,100,600.00,"60,000.00"
2019-09-26,2019092601003933,RSDC,41,53,35,323.00,"11,305.00"
2019-09-26,2019092601003932,RSDC,33,53,65,323.00,"20,995.00"
2019-09-26,2019092601004057,SABSL,43,42,10,452.00,"4,520.00"
2019-09-26,2019092601004027,SABSL,43,42,10,452.00,"4,520.00"
2019-09-26,2019092601003745,SABSL,43,48,10,452.00,"4,520.00"
2019-09-26,2019092601003706,SABSL,43,34,10,452.00,"4,520.00"
2019-09-26,2019092601004087,SAEF,32,47,300,8.32,"2,496.00"
2019-09-26,2019092601004095,SANIMA,32,8,"1,424",345.00,"491,280.00"
2019-09-26,2019092601004094,SANIMA,16,8,300,345.00,"103,500.00"
2019-09-26,2019092601004093,SANIMA,33,8,50,345.00,"17,250.00"
2019-09-26,2019092601004092,SANIMA,35,8,150,345.00,"51,750.00"
2019-09-26,2019092601004091,SANIMA,1,8,26,345.00,"8,970.00"
2019-09-26,2019092601004090,SANIMA,21,8,50,345.00,"17,250.00"
2019-09-26,2019092601004056,SANIMA,11,43,100,346.00,"34,600.00"
2019-09-26,2019092601003965,SANIMA,38,43,100,346.00,"34,600.00"
2019-09-26,2019092601003954,SANIMA,21,57,150,345.00,"51,750.00"
2019-09-26,2019092601003953,SANIMA,16,57,50,345.00,"17,250.00"
2019-09-26,2019092601003921,SANIMA,16,52,250,345.00,"86,250.00"
2019-09-26,2019092601003650,SANIMA,6,59,100,345.00,"34,500.00"
2019-09-26,2019092601003657,SBI,4,21,200,403.00,"80,600.00"
2019-09-26,2019092601004120,SBL,17,5,170,327.00,"55,590.00"
2019-09-26,2019092601004119,SBL,6,5,200,327.00,"65,400.00"
2019-09-26,2019092601003754,SBL,51,19,50,328.00,"16,400.00"
2019-09-26,2019092601004077,SCB,42,44,20,557.00,"11,140.00"
2019-09-26,2019092601004008,SEF,3,25,"2,000",8.80,"17,600.00"
2019-09-26,2019092601003790,SEF,3,36,700,8.80,"6,160.00"
2019-09-26,2019092601003776,SFFIL,19,29,20,195.00,"3,900.00"
2019-09-26,2019092601003775,SFFIL,19,34,100,195.00,"19,500.00"
2019-09-26,2019092601003755,SFFIL,19,51,100,194.00,"19,400.00"
2019-09-26,2019092601004030,SHIVM,21,36,10,541.00,"5,410.00"
2019-09-26,2019092601004023,SHIVM,42,36,35,542.00,"18,970.00"
2019-09-26,2019092601004022,SHIVM,14,36,20,542.00,"10,840.00"
2019-09-26,2019092601004021,SHIVM,39,36,500,542.00,"271,000.00"
2019-09-26,2019092601004020,SHIVM,39,36,10,542.00,"5,420.00"
2019-09-26,2019092601004019,SHIVM,35,36,125,542.00,"67,750.00"
2019-09-26,2019092601003919,SHIVM,35,45,25,542.00,"13,550.00"
2019-09-26,2019092601003801,SHIVM,35,34,50,542.00,"27,100.00"
2019-09-26,2019092601003743,SHIVM,58,34,40,543.00,"21,720.00"
2019-09-26,2019092601003652,SHIVM,49,34,10,543.00,"5,430.00"
2019-09-26,2019092601003976,SHL,6,32,150,213.00,"31,950.00"
2019-09-26,2019092601004068,SHPC,36,55,35,185.00,"6,475.00"
2019-09-26,2019092601004067,SHPC,17,55,65,185.00,"12,025.00"
2019-09-26,2019092601003991,SICL,22,57,50,710.00,"35,500.00"
2019-09-26,2019092601003990,SICL,28,57,70,710.00,"49,700.00"
2019-09-26,2019092601003666,SICL,28,7,30,710.00,"21,300.00"
2019-09-26,2019092601003740,SIL,39,59,290,380.00,"110,200.00"
2019-09-26,2019092601004137,SJCL,35,47,20,165.00,"3,300.00"
2019-09-26,2019092601004135,SJCL,35,20,20,165.00,"3,300.00"
2019-09-26,2019092601004121,SJCL,35,47,10,165.00,"1,650.00"
2019-09-26,2019092601004116,SJCL,35,20,20,165.00,"3,300.00"
2019-09-26,2019092601004086,SJCL,35,43,20,165.00,"3,300.00"
2019-09-26,2019092601004076,SJCL,35,6,"1,460",165.00,"240,900.00"
2019-09-26,2019092601003716,SJCL,18,47,20,166.00,"3,320.00"
2019-09-26,2019092601003648,SJCL,57,47,20,165.00,"3,300.00"
2019-09-26,2019092601003722,SJCL,18,47,20,166.00,"3,320.00"
2019-09-26,2019092601003721,SJCL,18,47,20,166.00,"3,320.00"
2019-09-26,2019092601003720,SJCL,18,47,20,166.00,"3,320.00"
2019-09-26,2019092601003719,SJCL,18,47,20,166.00,"3,320.00"
2019-09-26,2019092601003718,SJCL,18,47,20,166.00,"3,320.00"
2019-09-26,2019092601003717,SJCL,18,47,20,166.00,"3,320.00"
2019-09-26,2019092601003728,SJCL,18,47,20,166.00,"3,320.00"
2019-09-26,2019092601003727,SJCL,18,47,20,166.00,"3,320.00"
2019-09-26,2019092601003726,SJCL,18,47,20,166.00,"3,320.00"
2019-09-26,2019092601003725,SJCL,18,47,20,166.00,"3,320.00"
2019-09-26,2019092601003724,SJCL,18,47,20,166.00,"3,320.00"
2019-09-26,2019092601003723,SJCL,18,47,20,166.00,"3,320.00"
2019-09-26,2019092601003746,SJCL,22,20,20,165.00,"3,300.00"
2019-09-26,2019092601003744,SJCL,22,39,20,165.00,"3,300.00"
2019-09-26,2019092601003732,SJCL,57,48,10,165.00,"1,650.00"
2019-09-26,2019092601003730,SJCL,18,47,20,166.00,"3,320.00"
2019-09-26,2019092601003729,SJCL,18,47,20,166.00,"3,320.00"
2019-09-26,2019092601003788,SJCL,22,47,10,165.00,"1,650.00"
2019-09-26,2019092601003781,SJCL,22,47,20,165.00,"3,300.00"
2019-09-26,2019092601003778,SJCL,22,20,20,165.00,"3,300.00"
2019-09-26,2019092601003773,SJCL,22,47,20,165.00,"3,300.00"
2019-09-26,2019092601003768,SJCL,22,20,20,165.00,"3,300.00"
2019-09-26,2019092601003828,SJCL,39,47,20,166.00,"3,320.00"
2019-09-26,2019092601003827,SJCL,39,47,10,166.00,"1,660.00"
2019-09-26,2019092601003821,SJCL,22,20,20,165.00,"3,300.00"
2019-09-26,2019092601003798,SJCL,22,20,20,165.00,"3,300.00"
2019-09-26,2019092601003795,SJCL,22,47,20,165.00,"3,300.00"
2019-09-26,2019092601003834,SJCL,39,47,20,166.00,"3,320.00"
2019-09-26,2019092601003833,SJCL,39,47,20,166.00,"3,320.00"
2019-09-26,2019092601003832,SJCL,39,47,20,166.00,"3,320.00"
2019-09-26,2019092601003831,SJCL,39,47,20,166.00,"3,320.00"
2019-09-26,2019092601003830,SJCL,39,47,20,166.00,"3,320.00"
2019-09-26,2019092601003829,SJCL,39,47,20,166.00,"3,320.00"
2019-09-26,2019092601003857,SJCL,22,20,20,165.00,"3,300.00"
2019-09-26,2019092601003841,SJCL,22,47,20,165.00,"3,300.00"
2019-09-26,2019092601003838,SJCL,22,36,20,165.00,"3,300.00"
2019-09-26,2019092601003837,SJCL,39,47,10,166.00,"1,660.00"
2019-09-26,2019092601003836,SJCL,39,47,20,166.00,"3,320.00"
2019-09-26,2019092601003835,SJCL,39,47,20,166.00,"3,320.00"
2019-09-26,2019092601003869,SJCL,58,47,20,166.00,"3,320.00"
2019-09-26,2019092601003868,SJCL,58,47,20,166.00,"3,320.00"
2019-09-26,2019092601003867,SJCL,58,49,20,166.00,"3,320.00"
2019-09-26,2019092601003866,SJCL,58,47,20,166.00,"3,320.00"
2019-09-26,2019092601003865,SJCL,58,47,10,166.00,"1,660.00"
2019-09-26,2019092601003858,SJCL,22,43,20,165.00,"3,300.00"
2019-09-26,2019092601003875,SJCL,58,47,20,166.00,"3,320.00"
2019-09-26,2019092601003874,SJCL,58,47,20,166.00,"3,320.00"
2019-09-26,2019092601003873,SJCL,58,47,20,166.00,"3,320.00"
2019-09-26,2019092601003872,SJCL,58,47,20,166.00,"3,320.00"
2019-09-26,2019092601003871,SJCL,58,47,20,166.00,"3,320.00"
2019-09-26,2019092601003870,SJCL,58,47,20,166.00,"3,320.00"
2019-09-26,2019092601003881,SJCL,58,47,20,166.00,"3,320.00"
2019-09-26,2019092601003880,SJCL,58,47,20,166.00,"3,320.00"
2019-09-26,2019092601003879,SJCL,58,47,20,166.00,"3,320.00"
2019-09-26,2019092601003878,SJCL,58,47,20,166.00,"3,320.00"
2019-09-26,2019092601003877,SJCL,58,47,20,166.00,"3,320.00"
2019-09-26,2019092601003876,SJCL,58,47,20,166.00,"3,320.00"
2019-09-26,2019092601003899,SJCL,22,20,20,165.00,"3,300.00"
2019-09-26,2019092601003883,SJCL,58,52,150,166.00,"24,900.00"
2019-09-26,2019092601003882,SJCL,58,55,20,166.00,"3,320.00"
2019-09-26,2019092601003980,SJCL,22,20,20,165.00,"3,300.00"
2019-09-26,2019092601003969,SJCL,22,43,20,165.00,"3,300.00"
2019-09-26,2019092601003968,SJCL,40,52,10,166.00,"1,660.00"
2019-09-26,2019092601003959,SJCL,22,40,10,165.00,"1,650.00"
2019-09-26,2019092601003955,SJCL,22,20,20,165.00,"3,300.00"
2019-09-26,2019092601003934,SJCL,22,20,20,165.00,"3,300.00"
2019-09-26,2019092601004003,SJCL,22,20,20,165.00,"3,300.00"
2019-09-26,2019092601003989,SJCL,40,52,10,166.00,"1,660.00"
2019-09-26,2019092601003983,SJCL,22,40,10,165.00,"1,650.00"
2019-09-26,2019092601004075,SJCL,59,6,90,165.00,"14,850.00"
2019-09-26,2019092601004074,SJCL,22,6,570,165.00,"94,050.00"
2019-09-26,2019092601004059,SJCL,22,20,20,165.00,"3,300.00"
2019-09-26,2019092601004024,SJCL,57,52,100,166.00,"16,600.00"
2019-09-26,2019092601003715,SKBBL,39,21,150,896.00,"134,400.00"
2019-09-26,2019092601003714,SKBBL,22,21,10,896.00,"8,960.00"
2019-09-26,2019092601003713,SKBBL,45,21,20,896.00,"17,920.00"
2019-09-26,2019092601004073,SLICL,45,1,100,263.00,"26,300.00"
2019-09-26,2019092601003974,SLICL,33,47,100,262.00,"26,200.00"
2019-09-26,2019092601003975,SMATA,55,33,100,550.00,"55,000.00"
2019-09-26,2019092601003712,SMFDB,43,53,19,519.00,"9,861.00"
2019-09-26,2019092601003651,SPARS,39,34,10,538.00,"5,380.00"
2019-09-26,2019092601003964,SPDL,25,16,15,70.00,"1,050.00"
2019-09-26,2019092601004065,SRBL,7,33,140,230.00,"32,200.00"
2019-09-26,2019092601004052,SRBL,4,4,161,231.00,"37,191.00"
2019-09-26,2019092601004051,SRBL,4,4,139,231.00,"32,109.00"
2019-09-26,2019092601004002,SRBL,7,47,59,230.00,"13,570.00"
2019-09-26,2019092601004001,SRBL,7,45,256,230.00,"58,880.00"
2019-09-26,2019092601003890,SRBL,50,45,234,230.00,"53,820.00"
2019-09-26,2019092601003889,SRBL,50,32,266,230.00,"61,180.00"
2019-09-26,2019092601003668,UMHL,43,41,10,105.00,"1,050.00"
2019-09-26,2019092601004129,UPCL,22,49,40,78.00,"3,120.00"
2019-09-26,2019092601003885,UPCL,22,51,50,78.00,"3,900.00"
2019-09-26,2019092601003884,UPCL,22,38,10,78.00,780.00
2019-09-26,2019092601004033,UPPER,40,40,73,232.00,"16,936.00"
2019-09-26,2019092601004007,UPPER,22,54,124,232.00,"28,768.00"
2019-09-26,2019092601003992,UPPER,11,54,300,232.00,"69,600.00"
2019-09-26,2019092601003931,UPPER,44,54,76,232.00,"17,632.00"
2019-09-26,2019092601003930,UPPER,44,21,24,232.00,"5,568.00"
2019-09-26,2019092601003671,UPPER,45,40,40,232.00,"9,280.00"
2019-09-26,2019092601003656,UPPER,45,40,40,232.00,"9,280.00"
2019-09-26,2019092601003861,UPPER,14,36,30,231.00,"6,930.00"
2019-09-26,2019092601003860,UPPER,42,36,20,231.00,"4,620.00"
2019-09-26,2019092601003747,UPPER,13,21,26,232.00,"6,032.00"
2019-09-26,2019092601003709,UPPER,13,49,10,232.00,"2,320.00"
2019-09-26,2019092601003684,UPPER,13,56,464,232.00,"107,648.00"
2019-09-26,2019092601003683,UPPER,45,56,218,232.00,"50,576.00"
2019-09-26,2019092601003612,ADBL,14,36,207,409.00,"84,663.00"
2019-09-26,2019092601003611,ADBL,22,36,117,409.00,"47,853.00"
2019-09-26,2019092601003610,ADBL,1,36,72,410.00,"29,520.00"
2019-09-26,2019092601003410,ADBL,6,6,500,410.00,"205,000.00"
2019-09-26,2019092601003399,ADBL,35,32,87,410.00,"35,670.00"
2019-09-26,2019092601003398,ADBL,49,32,500,410.00,"205,000.00"
2019-09-26,2019092601003360,ADBL,49,32,10,411.00,"4,110.00"
2019-09-26,2019092601003397,ADBL,19,32,38,410.00,"15,580.00"
2019-09-26,2019092601003396,ADBL,11,32,200,410.00,"82,000.00"
2019-09-26,2019092601003395,ADBL,45,32,20,410.00,"8,200.00"
2019-09-26,2019092601003363,ADBL,6,41,200,410.00,"82,000.00"
2019-09-26,2019092601003362,ADBL,6,32,890,410.00,"364,900.00"
2019-09-26,2019092601003361,ADBL,32,32,100,411.00,"41,100.00"
2019-09-26,2019092601003577,AKBSL,39,39,10,409.00,"4,090.00"
2019-09-26,2019092601003552,AKBSL,39,16,10,408.00,"4,080.00"
2019-09-26,2019092601003525,AKBSL,51,40,10,408.00,"4,080.00"
2019-09-26,2019092601003514,AKBSL,51,16,10,408.00,"4,080.00"
2019-09-26,2019092601003433,AKBSL,51,16,10,408.00,"4,080.00"
2019-09-26,2019092601003318,AKBSL,51,40,10,408.00,"4,080.00"
2019-09-26,2019092601003237,AKBSL,51,39,10,408.00,"4,080.00"
2019-09-26,2019092601003224,AKBSL,51,39,10,408.00,"4,080.00"
2019-09-26,2019092601003198,AKBSL,51,39,10,408.00,"4,080.00"
2019-09-26,2019092601003186,AKBSL,51,39,10,408.00,"4,080.00"
2019-09-26,2019092601003591,AKJCL,49,40,20,52.00,"1,040.00"
2019-09-26,2019092601003562,AKJCL,49,40,20,52.00,"1,040.00"
2019-09-26,2019092601003541,AKJCL,49,40,10,52.00,520.00
2019-09-26,2019092601003473,AKJCL,49,40,20,52.00,"1,040.00"
2019-09-26,2019092601003445,AKJCL,1,40,20,53.00,"1,060.00"
2019-09-26,2019092601003432,AKJCL,1,32,10,53.00,530.00
2019-09-26,2019092601003430,AKJCL,1,32,10,53.00,530.00
2019-09-26,2019092601003427,AKJCL,1,32,20,53.00,"1,060.00"
2019-09-26,2019092601003422,AKJCL,1,32,20,53.00,"1,060.00"
2019-09-26,2019092601003347,AKJCL,1,40,20,53.00,"1,060.00"
2019-09-26,2019092601003607,ALBSL,39,50,10,430.00,"4,300.00"
2019-09-26,2019092601003606,ALBSL,39,45,10,428.00,"4,280.00"
2019-09-26,2019092601003524,ALBSL,6,45,10,426.00,"4,260.00"
2019-09-26,2019092601003485,ALBSL,54,40,10,426.00,"4,260.00"
2019-09-26,2019092601003316,ALBSL,39,55,10,426.00,"4,260.00"
2019-09-26,2019092601003307,ALBSL,39,55,10,426.00,"4,260.00"
2019-09-26,2019092601003377,ALICL,34,38,200,313.00,"62,600.00"
2019-09-26,2019092601003376,ALICL,40,38,455,313.00,"142,415.00"
2019-09-26,2019092601003188,ALICL,40,32,305,313.00,"95,465.00"
2019-09-26,2019092601003184,ALICL,40,5,140,313.00,"43,820.00"
2019-09-26,2019092601003214,API,42,28,150,112.00,"16,800.00"
2019-09-26,2019092601003213,API,34,28,89,112.00,"9,968.00"
2019-09-26,2019092601003369,BFC,14,19,100,88.00,"8,800.00"
2019-09-26,2019092601003368,BFC,33,19,100,88.00,"8,800.00"
2019-09-26,2019092601003367,BFC,33,19,237,88.00,"20,856.00"
2019-09-26,2019092601003631,BOKL,18,36,180,251.00,"45,180.00"
2019-09-26,2019092601003346,BOKL,45,36,100,251.00,"25,100.00"
2019-09-26,2019092601003333,BOKL,8,47,"1,000",250.00,"250,000.00"
2019-09-26,2019092601003334,BPCL,47,6,200,354.00,"70,800.00"
2019-09-26,2019092601003426,CBBL,34,45,100,970.00,"97,000.00"
2019-09-26,2019092601003596,CBL,45,29,110,141.00,"15,510.00"
2019-09-26,2019092601003444,CBL,16,58,100,142.00,"14,200.00"
2019-09-26,2019092601003437,CBL,45,53,400,141.00,"56,400.00"
2019-09-26,2019092601003262,CBL,45,53,58,141.00,"8,178.00"
2019-09-26,2019092601003261,CBL,22,53,120,141.00,"16,920.00"
2019-09-26,2019092601003260,CBL,40,53,100,141.00,"14,100.00"
2019-09-26,2019092601003259,CBL,57,53,222,141.00,"31,302.00"
2019-09-26,2019092601003635,CCBL,45,16,250,153.00,"38,250.00"
2019-09-26,2019092601003634,CCBL,25,16,100,153.00,"15,300.00"
2019-09-26,2019092601003406,CCBL,38,38,9,149.00,"1,341.00"
2019-09-26,2019092601003162,CFCL,39,46,100,112.00,"11,200.00"
2019-09-26,2019092601003609,CHCL,56,10,100,412.00,"41,200.00"
2019-09-26,2019092601003608,CHCL,56,6,200,412.00,"82,400.00"
2019-09-26,2019092601003315,CHCL,51,26,46,411.00,"18,906.00"
2019-09-26,2019092601003314,CHCL,45,26,200,411.00,"82,200.00"
2019-09-26,2019092601003313,CHCL,16,26,154,411.00,"63,294.00"
2019-09-26,2019092601003339,CMF1,54,43,"1,000",9.29,"9,290.00"
2019-09-26,2019092601003324,CMF1,54,43,"5,000",9.29,"46,450.00"
2019-09-26,2019092601003303,CMF1,54,57,300,9.28,"2,784.00"
2019-09-26,2019092601003217,DDBL,49,51,"1,000",720.00,"720,000.00"
2019-09-26,2019092601003158,DHPL,42,34,100,55.00,"5,500.00"
2019-09-26,2019092601003337,EBL,45,43,100,557.00,"55,700.00"
2019-09-26,2019092601003289,EBL,11,16,50,556.00,"27,800.00"
2019-09-26,2019092601003288,EBL,32,16,10,556.00,"5,560.00"
2019-09-26,2019092601003222,EBL,32,37,90,556.00,"50,040.00"
2019-09-26,2019092601003221,EBL,49,37,10,556.00,"5,560.00"
2019-09-26,2019092601003459,EDBL,53,36,680,270.00,"183,600.00"
2019-09-26,2019092601003458,EDBL,39,36,300,270.00,"81,000.00"
2019-09-26,2019092601003457,EDBL,21,36,20,270.00,"5,400.00"
2019-09-26,2019092601003356,EIC,33,56,160,240.00,"38,400.00"
2019-09-26,2019092601003355,EIC,33,32,150,240.00,"36,000.00"
2019-09-26,2019092601003265,EIC,50,5,100,239.00,"23,900.00"
2019-09-26,2019092601003254,EIC,40,56,10,240.00,"2,400.00"
2019-09-26,2019092601003412,FOWAD,59,38,50,"1,266.00","63,300.00"
2019-09-26,2019092601003411,FOWAD,40,38,50,"1,267.00","63,350.00"
2019-09-26,2019092601003575,GBLBS,37,6,61,314.00,"19,154.00"
2019-09-26,2019092601003574,GBLBS,58,6,20,314.00,"6,280.00"
2019-09-26,2019092601003559,GBLBS,58,41,60,314.00,"18,840.00"
2019-09-26,2019092601003558,GBLBS,58,53,20,314.00,"6,280.00"
2019-09-26,2019092601003266,GBLBS,48,53,50,314.00,"15,700.00"
2019-09-26,2019092601003241,GBLBS,48,48,50,314.00,"15,700.00"
2019-09-26,2019092601003240,GBLBS,26,48,50,314.00,"15,700.00"
2019-09-26,2019092601003239,GBLBS,29,48,500,314.00,"157,000.00"
2019-09-26,2019092601003238,GBLBS,26,48,100,314.00,"31,400.00"
2019-09-26,2019092601003507,GLBSL,47,47,10,429.00,"4,290.00"
2019-09-26,2019092601003599,GLICL,43,42,64,345.00,"22,080.00"
2019-09-26,2019092601003521,GLICL,47,42,16,350.00,"5,600.00"
2019-09-26,2019092601003520,GLICL,48,42,50,350.00,"17,500.00"
2019-09-26,2019092601003519,GLICL,34,42,100,350.00,"35,000.00"
2019-09-26,2019092601003518,GLICL,36,42,10,352.00,"3,520.00"
2019-09-26,2019092601003517,GLICL,51,42,30,355.00,"10,650.00"
2019-09-26,2019092601003516,GLICL,53,42,10,355.00,"3,550.00"
2019-09-26,2019092601003233,GLICL,34,42,10,357.00,"3,570.00"
2019-09-26,2019092601003200,GRDBL,6,42,300,104.00,"31,200.00"
2019-09-26,2019092601003189,GRDBL,19,42,200,104.00,"20,800.00"
2019-09-26,2019092601003545,HBL,1,58,55,490.00,"26,950.00"
2019-09-26,2019092601003544,HBL,44,58,10,490.00,"4,900.00"
2019-09-26,2019092601003210,HBL,44,37,40,490.00,"19,600.00"
2019-09-26,2019092601003209,HBL,49,37,10,490.00,"4,900.00"
2019-09-26,2019092601003208,HBL,45,37,50,490.00,"24,500.00"
2019-09-26,2019092601003439,HDL,32,32,80,"1,448.00","115,840.00"
2019-09-26,2019092601003533,HGI,42,5,47,263.00,"12,361.00"
2019-09-26,2019092601003488,HIDCL,17,55,49,131.00,"6,419.00"
2019-09-26,2019092601003350,HIDCL,52,55,31,131.00,"4,061.00"
2019-09-26,2019092601003320,HIDCL,52,8,21,131.00,"2,751.00"
2019-09-26,2019092601003174,HIDCL,57,8,79,131.00,"10,349.00"
2019-09-26,2019092601003178,HPPL,4,40,10,133.00,"1,330.00"
2019-09-26,2019092601003576,ILBS,48,7,200,428.00,"85,600.00"
2019-09-26,2019092601003564,ILBS,11,16,10,424.00,"4,240.00"
2019-09-26,2019092601003435,ILBS,47,47,10,423.00,"4,230.00"
2019-09-26,2019092601003157,JBBL,49,45,500,154.00,"77,000.00"
2019-09-26,2019092601003579,JOSHI,51,16,20,54.00,"1,080.00"
2019-09-26,2019092601003534,JOSHI,1,16,20,55.00,"1,100.00"
2019-09-26,2019092601003442,JOSHI,1,16,20,55.00,"1,100.00"
2019-09-26,2019092601003383,JOSHI,1,16,20,55.00,"1,100.00"
2019-09-26,2019092601003477,KBL,50,22,242,176.00,"42,592.00"
2019-09-26,2019092601003476,KBL,50,6,500,176.00,"88,000.00"
2019-09-26,2019092601003475,KBL,50,50,14,176.00,"2,464.00"
2019-09-26,2019092601003387,KBL,7,50,100,176.00,"17,600.00"
2019-09-26,2019092601003187,KBL,39,1,200,175.00,"35,000.00"
2019-09-26,2019092601003161,KBL,52,59,21,176.00,"3,696.00"
2019-09-26,2019092601003153,KBL,44,59,68,176.00,"11,968.00"
2019-09-26,2019092601003152,KBL,44,38,132,176.00,"23,232.00"
2019-09-26,2019092601003500,KPCL,22,32,10,77.00,770.00
2019-09-26,2019092601003272,KPCL,22,39,10,77.00,770.00
2019-09-26,2019092601003495,KPCL,22,32,10,77.00,770.00
