Date,Transact. No.,Symbol,Buyer,Seller,Quantity,Rate,Amount
2019-12-29,2019122901006202,ADBL,19,51,50,370.00,"18,500.00"
2019-12-29,2019122901006179,ADBL,34,4,718,367.00,"263,506.00"
2019-12-29,2019122901006164,ADBL,34,4,116,367.00,"42,572.00"
2019-12-29,2019122901006163,ADBL,43,4,100,367.00,"36,700.00"
2019-12-29,2019122901006162,ADBL,42,4,100,367.00,"36,700.00"
2019-12-29,2019122901006161,ADBL,32,4,500,367.00,"183,500.00"
2019-12-29,2019122901006160,ADBL,42,4,22,367.00,"8,074.00"
2019-12-29,2019122901006159,ADBL,41,4,668,367.00,"245,156.00"
2019-12-29,2019122901006158,ADBL,49,4,70,368.00,"25,760.00"
2019-12-29,2019122901006157,ADBL,35,4,17,369.00,"6,273.00"
2019-12-29,2019122901006054,ADBL,35,11,83,369.00,"30,627.00"
2019-12-29,2019122901005994,AKJCL,54,17,10,57.00,570.00
2019-12-29,2019122901005955,AKPL,45,39,532,109.00,"57,988.00"
2019-12-29,2019122901006074,ALBSL,14,45,10,478.00,"4,780.00"
2019-12-29,2019122901006073,ALBSL,14,44,10,475.00,"4,750.00"
2019-12-29,2019122901006369,API,25,49,17,107.00,"1,819.00"
2019-12-29,2019122901006345,API,16,19,471,105.00,"49,455.00"
2019-12-29,2019122901006344,API,59,19,356,105.00,"37,380.00"
2019-12-29,2019122901006245,API,34,45,500,106.00,"53,000.00"
2019-12-29,2019122901006244,API,34,6,307,106.00,"32,542.00"
2019-12-29,2019122901006171,API,59,46,144,105.00,"15,120.00"
2019-12-29,2019122901006170,API,7,46,356,105.00,"37,380.00"
2019-12-29,2019122901006242,BBC,19,56,20,"1,700.00","34,000.00"
2019-12-29,2019122901006007,BBC,58,56,20,"1,691.00","33,820.00"
2019-12-29,2019122901006354,BOKL,14,5,100,213.00,"21,300.00"
2019-12-29,2019122901006335,BOKL,42,5,500,213.00,"106,500.00"
2019-12-29,2019122901006334,BOKL,32,5,500,213.00,"106,500.00"
2019-12-29,2019122901006333,BOKL,10,5,100,213.00,"21,300.00"
2019-12-29,2019122901006302,BOKL,59,5,200,214.00,"42,800.00"
2019-12-29,2019122901006332,BOKL,1,5,100,213.00,"21,300.00"
2019-12-29,2019122901006331,BOKL,4,5,60,213.00,"12,780.00"
2019-12-29,2019122901006330,BOKL,32,5,500,213.00,"106,500.00"
2019-12-29,2019122901006329,BOKL,40,5,572,213.00,"121,836.00"
2019-12-29,2019122901006304,BOKL,18,5,16,214.00,"3,424.00"
2019-12-29,2019122901006303,BOKL,6,5,20,214.00,"4,280.00"
2019-12-29,2019122901006336,BPCL,43,7,10,303.00,"3,030.00"
2019-12-29,2019122901006253,BPCL,8,45,59,302.00,"17,818.00"
2019-12-29,2019122901006423,CBBL,19,1,15,788.00,"11,820.00"
2019-12-29,2019122901006422,CBBL,44,1,10,792.00,"7,920.00"
2019-12-29,2019122901006152,CBBL,44,40,40,792.00,"31,680.00"
2019-12-29,2019122901006087,CBBL,44,45,150,792.00,"118,800.00"
2019-12-29,2019122901006268,CBL,43,1,10,135.00,"1,350.00"
2019-12-29,2019122901006226,CCBL,49,1,341,164.00,"55,924.00"
2019-12-29,2019122901006079,CCBL,40,48,60,163.00,"9,780.00"
2019-12-29,2019122901006078,CCBL,32,48,140,163.00,"22,820.00"
2019-12-29,2019122901006053,CCBL,37,1,33,164.00,"5,412.00"
2019-12-29,2019122901006052,CCBL,37,13,82,164.00,"13,448.00"
2019-12-29,2019122901006300,CHCL,56,44,176,356.00,"62,656.00"
2019-12-29,2019122901006299,CHCL,52,44,100,356.00,"35,600.00"
2019-12-29,2019122901006298,CHCL,49,44,200,356.00,"71,200.00"
2019-12-29,2019122901006297,CHCL,7,44,10,356.00,"3,560.00"
2019-12-29,2019122901006296,CHCL,35,44,100,356.00,"35,600.00"
2019-12-29,2019122901006295,CHCL,56,44,137,356.00,"48,772.00"
2019-12-29,2019122901006001,CHL,17,17,34,94.00,"3,196.00"
2019-12-29,2019122901006398,CIT,57,58,5,"2,000.00","10,000.00"
2019-12-29,2019122901006234,CIT,36,22,100,"2,018.00","201,800.00"
2019-12-29,2019122901006203,CIT,56,46,30,"2,015.00","60,450.00"
2019-12-29,2019122901006177,CIT,56,42,43,"2,010.00","86,430.00"
2019-12-29,2019122901006176,CIT,56,25,25,"2,009.00","50,225.00"
2019-12-29,2019122901006165,CIT,38,33,33,"2,008.00","66,264.00"
2019-12-29,2019122901006047,CIT,56,45,25,"2,001.00","50,025.00"
2019-12-29,2019122901006008,CIT,14,45,40,"2,001.00","80,040.00"
2019-12-29,2019122901006003,CIT,56,45,50,"2,002.00","100,100.00"
2019-12-29,2019122901005992,CIT,56,25,20,"2,002.00","40,040.00"
2019-12-29,2019122901005956,CIT,14,25,10,"2,001.00","20,010.00"
2019-12-29,2019122901006252,CLBSL,50,7,23,540.00,"12,420.00"
2019-12-29,2019122901006435,CZBIL,45,19,300,182.00,"54,600.00"
2019-12-29,2019122901006434,CZBIL,45,19,500,182.00,"91,000.00"
2019-12-29,2019122901006065,CZBIL,45,47,500,182.00,"91,000.00"
2019-12-29,2019122901006017,CZBIL,57,17,10,182.00,"1,820.00"
2019-12-29,2019122901006016,CZBIL,57,34,100,182.00,"18,200.00"
2019-12-29,2019122901006015,CZBIL,57,35,292,182.00,"53,144.00"
2019-12-29,2019122901006195,DBBL,52,35,500,135.00,"67,500.00"
2019-12-29,2019122901006194,DBBL,4,35,490,135.00,"66,150.00"
2019-12-29,2019122901006384,DDBL,53,28,100,855.00,"85,500.00"
2019-12-29,2019122901006383,DDBL,41,28,400,855.00,"342,000.00"
2019-12-29,2019122901006382,DDBL,21,28,429,855.00,"366,795.00"
2019-12-29,2019122901006381,DDBL,45,28,200,856.00,"171,200.00"
2019-12-29,2019122901006380,DDBL,53,28,200,856.00,"171,200.00"
2019-12-29,2019122901006379,DDBL,33,28,300,857.00,"257,100.00"
2019-12-29,2019122901005981,DDBL,50,53,245,859.00,"210,455.00"
2019-12-29,2019122901005971,DDBL,50,53,255,859.00,"219,045.00"
2019-12-29,2019122901006378,DDBL,20,28,80,857.00,"68,560.00"
2019-12-29,2019122901006377,DDBL,44,28,100,858.00,"85,800.00"
2019-12-29,2019122901006376,DDBL,6,28,50,858.00,"42,900.00"
2019-12-29,2019122901006108,DDBL,20,7,20,857.00,"17,140.00"
2019-12-29,2019122901006107,DDBL,34,7,150,858.00,"128,700.00"
2019-12-29,2019122901006106,DDBL,6,7,30,858.00,"25,740.00"
2019-12-29,2019122901006240,EBL,32,19,200,525.00,"105,000.00"
2019-12-29,2019122901006217,EBL,32,14,200,525.00,"105,000.00"
2019-12-29,2019122901006216,EBL,6,14,300,525.00,"157,500.00"
2019-12-29,2019122901006401,EDBL,43,36,10,289.00,"2,890.00"
2019-12-29,2019122901006301,FMDBL,41,58,152,316.00,"48,032.00"
2019-12-29,2019122901006220,FOWAD,45,57,20,"1,380.00","27,600.00"
2019-12-29,2019122901006219,FOWAD,57,57,29,"1,380.00","40,020.00"
2019-12-29,2019122901006002,FOWAD,57,57,21,"1,380.00","28,980.00"
2019-12-29,2019122901006119,GBBL,37,10,450,200.00,"90,000.00"
2019-12-29,2019122901006320,GBLBS,6,14,222,314.00,"69,708.00"
2019-12-29,2019122901006319,GBLBS,1,14,100,314.00,"31,400.00"
2019-12-29,2019122901006318,GBLBS,42,14,100,314.00,"31,400.00"
2019-12-29,2019122901006317,GBLBS,44,14,118,314.00,"37,052.00"
2019-12-29,2019122901006284,GBLBS,44,34,50,314.00,"15,700.00"
2019-12-29,2019122901006046,GBLBS,36,13,15,315.00,"4,725.00"
2019-12-29,2019122901006045,GBLBS,36,44,15,315.00,"4,725.00"
2019-12-29,2019122901006431,GFCL,32,59,35,136.00,"4,760.00"
2019-12-29,2019122901006183,GGBSL,3,49,10,596.00,"5,960.00"
2019-12-29,2019122901006182,GGBSL,3,49,10,596.00,"5,960.00"
2019-12-29,2019122901006391,GLBSL,47,56,10,446.00,"4,460.00"
2019-12-29,2019122901005966,GLBSL,1,22,40,446.00,"17,840.00"
2019-12-29,2019122901005965,GLBSL,42,22,50,446.00,"22,300.00"
2019-12-29,2019122901005964,GLBSL,1,22,10,446.00,"4,460.00"
2019-12-29,2019122901006075,GLICL,53,16,73,452.00,"32,996.00"
2019-12-29,2019122901006058,GLICL,53,48,80,452.00,"36,160.00"
2019-12-29,2019122901006057,GLICL,53,35,57,452.00,"25,764.00"
2019-12-29,2019122901006056,GLICL,53,25,90,451.00,"40,590.00"
2019-12-29,2019122901006055,GLICL,53,38,200,449.00,"89,800.00"
2019-12-29,2019122901006396,GRDBL,46,58,150,103.00,"15,450.00"
2019-12-29,2019122901006395,GRDBL,46,57,410,103.00,"42,230.00"
2019-12-29,2019122901006081,HBL,41,58,350,505.00,"176,750.00"
2019-12-29,2019122901006060,HBL,41,58,282,505.00,"142,410.00"
2019-12-29,2019122901006041,HBL,35,58,18,508.00,"9,144.00"
2019-12-29,2019122901006011,HBL,35,14,500,506.00,"253,000.00"
2019-12-29,2019122901006430,HDL,7,28,10,"1,194.00","11,940.00"
2019-12-29,2019122901006368,HDL,26,28,30,"1,194.00","35,820.00"
2019-12-29,2019122901006192,HGI,25,40,20,281.00,"5,620.00"
2019-12-29,2019122901006012,HIDCL,6,34,100,145.00,"14,500.00"
2019-12-29,2019122901006128,HURJA,7,50,20,102.00,"2,040.00"
2019-12-29,2019122901006410,ILBS,29,46,20,513.00,"10,260.00"
2019-12-29,2019122901006342,ILBS,10,46,10,523.00,"5,230.00"
2019-12-29,2019122901006028,ILBS,29,54,30,513.00,"15,390.00"
2019-12-29,2019122901006027,ILBS,38,54,50,513.00,"25,650.00"
2019-12-29,2019122901006400,JBBL,49,58,10,168.00,"1,680.00"
2019-12-29,2019122901006210,JFL,16,1,189,199.00,"37,611.00"
2019-12-29,2019122901006209,JFL,16,32,300,199.00,"59,700.00"
2019-12-29,2019122901006092,KADBL,42,4,294,239.00,"70,266.00"
2019-12-29,2019122901006091,KADBL,6,4,206,239.00,"49,234.00"
2019-12-29,2019122901006068,KADBL,6,13,100,239.00,"23,900.00"
2019-12-29,2019122901006343,KBL,8,43,10,179.00,"1,790.00"
2019-12-29,2019122901006084,KBL,8,43,11,179.00,"1,969.00"
2019-12-29,2019122901006083,KBL,8,40,75,178.00,"13,350.00"
2019-12-29,2019122901006082,KBL,8,44,279,178.00,"49,662.00"
2019-12-29,2019122901005996,KBL,32,6,72,177.00,"12,744.00"
2019-12-29,2019122901005995,KBL,34,6,155,177.00,"27,435.00"
2019-12-29,2019122901005989,KBL,49,44,221,178.00,"39,338.00"
2019-12-29,2019122901005988,KBL,49,38,79,178.00,"14,062.00"
2019-12-29,2019122901006229,KPCL,51,17,10,84.00,840.00
2019-12-29,2019122901006228,KPCL,51,35,10,84.00,840.00
2019-12-29,2019122901006227,KPCL,51,39,10,84.00,840.00
2019-12-29,2019122901006337,LBBL,33,1,100,193.00,"19,300.00"
2019-12-29,2019122901006312,LBBL,33,10,400,193.00,"77,200.00"
2019-12-29,2019122901005953,LBBL,57,25,500,193.00,"96,500.00"
2019-12-29,2019122901006294,LICN,33,16,25,"1,045.00","26,125.00"
2019-12-29,2019122901006293,LICN,33,56,150,"1,045.00","156,750.00"
2019-12-29,2019122901006292,LICN,33,32,145,"1,045.00","151,525.00"
2019-12-29,2019122901006214,LICN,25,50,15,"1,045.00","15,675.00"
2019-12-29,2019122901006213,LICN,25,47,50,"1,044.00","52,200.00"
2019-12-29,2019122901006212,LICN,25,55,10,"1,044.00","10,440.00"
2019-12-29,2019122901006211,LICN,25,48,80,"1,040.00","83,200.00"
2019-12-29,2019122901006000,LICN,59,28,250,"1,039.00","259,750.00"
2019-12-29,2019122901005999,LICN,59,26,40,"1,038.00","41,520.00"
2019-12-29,2019122901006166,LLBS,18,35,12,670.00,"8,040.00"
2019-12-29,2019122901006359,LVF1,28,6,"2,500",8.97,"22,425.00"
2019-12-29,2019122901006148,MBL,8,40,175,216.00,"37,800.00"
2019-12-29,2019122901006147,MBL,37,40,206,216.00,"44,496.00"
2019-12-29,2019122901005963,MBL,37,3,36,216.00,"7,776.00"
2019-12-29,2019122901006424,MEGA,43,5,10,182.00,"1,820.00"
2019-12-29,2019122901006137,MEGA,11,5,50,182.00,"9,100.00"
2019-12-29,2019122901006136,MEGA,11,5,450,182.00,"81,900.00"
2019-12-29,2019122901006339,MFIL,19,41,100,145.00,"14,500.00"
2019-12-29,2019122901006276,MNBBL,47,1,70,273.00,"19,110.00"
2019-12-29,2019122901006145,MNBBL,45,6,295,274.00,"80,830.00"
2019-12-29,2019122901006417,MSLB,45,21,16,901.00,"14,416.00"
2019-12-29,2019122901006416,MSLB,43,21,10,901.00,"9,010.00"
2019-12-29,2019122901006201,MSLB,43,39,26,901.00,"23,426.00"
2019-12-29,2019122901006200,MSLB,43,39,26,901.00,"23,426.00"
2019-12-29,2019122901006199,MSLB,43,39,26,901.00,"23,426.00"
2019-12-29,2019122901006198,MSLB,43,40,12,900.00,"10,800.00"
2019-12-29,2019122901006443,NABIL,4,49,100,674.00,"67,400.00"
2019-12-29,2019122901006338,NABIL,4,6,80,674.00,"53,920.00"
2019-12-29,2019122901006287,NABIL,33,6,100,675.00,"67,500.00"
2019-12-29,2019122901006286,NABIL,32,6,320,675.00,"216,000.00"
2019-12-29,2019122901006089,NABIL,56,32,500,676.00,"338,000.00"
2019-12-29,2019122901005980,NABIL,4,32,500,676.00,"338,000.00"
2019-12-29,2019122901006415,NADEP,58,33,190,470.00,"89,300.00"
2019-12-29,2019122901006414,NADEP,58,42,100,470.00,"47,000.00"
2019-12-29,2019122901006413,NADEP,58,43,200,470.00,"94,000.00"
2019-12-29,2019122901006412,NADEP,58,51,90,470.00,"42,300.00"
2019-12-29,2019122901006411,NADEP,58,29,143,469.00,"67,067.00"
2019-12-29,2019122901006197,NADEP,18,48,100,468.00,"46,800.00"
2019-12-29,2019122901006096,NADEP,58,41,200,466.00,"93,200.00"
2019-12-29,2019122901006095,NADEP,32,41,100,467.00,"46,700.00"
2019-12-29,2019122901006323,NBB,56,14,200,187.00,"37,400.00"
2019-12-29,2019122901006404,NBL,13,4,100,267.00,"26,700.00"
2019-12-29,2019122901006403,NBL,13,1,100,267.00,"26,700.00"
2019-12-29,2019122901006402,NBL,13,57,300,267.00,"80,100.00"
2019-12-29,2019122901006394,NBL,56,52,900,266.00,"239,400.00"
2019-12-29,2019122901006393,NBL,34,52,100,266.00,"26,600.00"
2019-12-29,2019122901006392,NBL,32,52,500,266.00,"133,000.00"
2019-12-29,2019122901005975,NBL,47,53,400,266.00,"106,400.00"
2019-12-29,2019122901005974,NBL,17,53,100,266.00,"26,600.00"
2019-12-29,2019122901006366,NBL,35,57,100,267.00,"26,700.00"
2019-12-29,2019122901006322,NBL,33,13,100,267.00,"26,700.00"
2019-12-29,2019122901006224,NBL,32,18,100,266.00,"26,600.00"
2019-12-29,2019122901006218,NBL,32,38,400,266.00,"106,400.00"
2019-12-29,2019122901006038,NBL,47,38,600,266.00,"159,600.00"
2019-12-29,2019122901006032,NBL,43,13,100,267.00,"26,700.00"
2019-12-29,2019122901006447,NCCB,33,40,50,202.00,"10,100.00"
2019-12-29,2019122901006436,NCCB,8,40,10,202.00,"2,020.00"
2019-12-29,2019122901006076,NCCB,36,40,50,202.00,"10,100.00"
2019-12-29,2019122901006061,NCCB,38,37,118,201.00,"23,718.00"
2019-12-29,2019122901006010,NCCB,50,37,500,201.00,"100,500.00"
2019-12-29,2019122901005985,NEF,26,35,"2,414",7.27,"17,549.78"
2019-12-29,2019122901006350,NGPL,49,38,10,111.00,"1,110.00"
2019-12-29,2019122901006405,NIB,13,25,44,433.00,"19,052.00"
2019-12-29,2019122901006269,NIB,13,41,13,433.00,"5,629.00"
2019-12-29,2019122901006238,NIB,44,41,287,433.00,"124,271.00"
2019-12-29,2019122901006237,NIB,44,34,18,433.00,"7,794.00"
2019-12-29,2019122901006236,NIB,44,17,195,433.00,"84,435.00"
2019-12-29,2019122901006146,NIB,54,56,16,431.00,"6,896.00"
2019-12-29,2019122901005976,NIB,51,39,342,431.00,"147,402.00"
2019-12-29,2019122901005952,NIB,51,32,658,431.00,"283,598.00"
2019-12-29,2019122901005951,NIB,41,32,142,431.00,"61,202.00"
2019-12-29,2019122901006109,NIB,42,17,306,432.00,"132,192.00"
2019-12-29,2019122901006094,NIB,54,39,338,431.00,"145,678.00"
2019-12-29,2019122901006093,NIB,51,39,517,431.00,"222,827.00"
2019-12-29,2019122901006066,NIB,51,46,50,431.00,"21,550.00"
2019-12-29,2019122901005987,NIB,51,43,200,431.00,"86,200.00"
2019-12-29,2019122901005977,NIB,51,39,233,431.00,"100,423.00"
2019-12-29,2019122901006206,NIBPO,8,51,450,405.00,"182,250.00"
2019-12-29,2019122901006205,NIBPO,8,42,45,405.00,"18,225.00"
2019-12-29,2019122901006033,NIBPO,11,51,20,405.00,"8,100.00"
2019-12-29,2019122901006013,NIBPO,11,51,30,405.00,"12,150.00"
2019-12-29,2019122901006450,NICA,32,49,10,408.00,"4,080.00"
2019-12-29,2019122901006409,NICA,45,16,100,409.00,"40,900.00"
2019-12-29,2019122901006374,NICA,32,56,147,408.00,"59,976.00"
2019-12-29,2019122901006373,NICA,14,56,100,408.00,"40,800.00"
2019-12-29,2019122901006372,NICA,54,56,477,408.00,"194,616.00"
2019-12-29,2019122901006156,NICA,54,33,23,408.00,"9,384.00"
2019-12-29,2019122901006072,NICA,49,57,550,407.00,"223,850.00"
2019-12-29,2019122901006048,NICA,49,33,77,408.00,"31,416.00"
2019-12-29,2019122901006311,NICL,43,20,10,294.00,"2,940.00"
2019-12-29,2019122901006230,NLBBL,45,21,50,478.00,"23,900.00"
2019-12-29,2019122901006207,NLBBL,19,21,100,479.00,"47,900.00"
2019-12-29,2019122901006308,NLG,58,39,10,600.00,"6,000.00"
2019-12-29,2019122901006307,NLG,58,33,10,600.00,"6,000.00"
2019-12-29,2019122901006239,NLG,13,49,50,592.00,"29,600.00"
2019-12-29,2019122901006181,NLG,13,5,321,592.00,"190,032.00"
2019-12-29,2019122901006180,NLG,50,5,300,593.00,"177,900.00"
2019-12-29,2019122901006449,NLIC,56,34,10,937.00,"9,370.00"
2019-12-29,2019122901006437,NLIC,52,43,50,935.00,"46,750.00"
2019-12-29,2019122901006367,NLIC,40,43,50,935.00,"46,750.00"
2019-12-29,2019122901006321,NLIC,7,58,100,935.00,"93,500.00"
2019-12-29,2019122901006278,NLIC,13,19,25,936.00,"23,400.00"
2019-12-29,2019122901006277,NLIC,13,14,100,936.00,"93,600.00"
2019-12-29,2019122901006031,NLIC,38,43,11,935.00,"10,285.00"
2019-12-29,2019122901006030,NLIC,50,43,50,935.00,"46,750.00"
2019-12-29,2019122901006029,NLIC,58,43,20,935.00,"18,700.00"
2019-12-29,2019122901006004,NLIC,58,46,200,935.00,"187,000.00"
2019-12-29,2019122901006126,NLIC,1,4,100,935.00,"93,500.00"
2019-12-29,2019122901006098,NLIC,48,35,50,936.00,"46,800.00"
2019-12-29,2019122901006086,NLIC,58,58,6,930.00,"5,580.00"
2019-12-29,2019122901006071,NLIC,1,39,100,935.00,"93,500.00"
2019-12-29,2019122901006064,NLIC,56,28,300,936.00,"280,800.00"
2019-12-29,2019122901006051,NLIC,58,43,219,935.00,"204,765.00"
2019-12-29,2019122901006241,NLIC,7,3,60,935.00,"56,100.00"
2019-12-29,2019122901006193,NLIC,11,53,94,934.00,"87,796.00"
2019-12-29,2019122901006190,NLIC,52,4,100,935.00,"93,500.00"
2019-12-29,2019122901006149,NLIC,1,58,300,935.00,"280,500.00"
2019-12-29,2019122901006133,NLIC,56,53,206,936.00,"192,816.00"
2019-12-29,2019122901006130,NLIC,36,53,200,936.00,"187,200.00"
2019-12-29,2019122901006349,NLICL,43,25,100,478.00,"47,800.00"
2019-12-29,2019122901006273,NLICL,45,41,100,477.00,"47,700.00"
2019-12-29,2019122901006174,NLICL,25,25,14,478.00,"6,692.00"
2019-12-29,2019122901006173,NLICL,25,17,50,477.00,"23,850.00"
2019-12-29,2019122901006172,NLICL,25,35,11,477.00,"5,247.00"
2019-12-29,2019122901006118,NLICL,52,37,100,472.00,"47,200.00"
2019-12-29,2019122901006117,NLICL,52,45,50,472.00,"23,600.00"
2019-12-29,2019122901006116,NLICL,52,39,103,470.00,"48,410.00"
2019-12-29,2019122901006275,NMB,22,26,300,323.00,"96,900.00"
2019-12-29,2019122901006274,NMB,33,26,287,323.00,"92,701.00"
2019-12-29,2019122901006233,NMB,35,38,100,324.00,"32,400.00"
2019-12-29,2019122901006135,NMB,33,54,"1,213",323.00,"391,799.00"
2019-12-29,2019122901006134,NMB,41,54,787,323.00,"254,201.00"
2019-12-29,2019122901006428,NMFBS,33,19,30,"1,221.00","36,630.00"
2019-12-29,2019122901006427,NMFBS,33,19,20,"1,222.00","24,440.00"
2019-12-29,2019122901006371,NMFBS,33,19,80,"1,222.00","97,760.00"
2019-12-29,2019122901006370,NMFBS,19,19,20,"1,223.00","24,460.00"
2019-12-29,2019122901006444,NSEWA,52,11,10,525.00,"5,250.00"
2019-12-29,2019122901006375,NSEWA,58,46,10,525.00,"5,250.00"
2019-12-29,2019122901006271,NSEWA,19,42,10,520.00,"5,200.00"
2019-12-29,2019122901005979,NSEWA,56,56,10,521.00,"5,210.00"
2019-12-29,2019122901006363,NTC,32,8,455,659.00,"299,845.00"
2019-12-29,2019122901006280,NTC,43,8,40,659.00,"26,360.00"
2019-12-29,2019122901006279,NTC,43,52,10,659.00,"6,590.00"
2019-12-29,2019122901006069,NTC,32,52,40,659.00,"26,360.00"
2019-12-29,2019122901005998,NTC,39,52,50,659.00,"32,950.00"
2019-12-29,2019122901005997,NTC,39,8,450,659.00,"296,550.00"
2019-12-29,2019122901006070,OHL,45,17,240,442.00,"106,080.00"
2019-12-29,2019122901006442,PCBL,34,57,10,279.00,"2,790.00"
2019-12-29,2019122901006421,PCBL,45,32,150,279.00,"41,850.00"
2019-12-29,2019122901006420,PCBL,45,48,209,279.00,"58,311.00"
2019-12-29,2019122901006419,PCBL,45,47,27,279.00,"7,533.00"
2019-12-29,2019122901006418,PCBL,45,6,612,279.00,"170,748.00"
2019-12-29,2019122901006365,PCBL,58,57,200,278.00,"55,600.00"
2019-12-29,2019122901006105,PCBL,38,25,61,278.00,"16,958.00"
2019-12-29,2019122901006104,PCBL,17,25,20,278.00,"5,560.00"
2019-12-29,2019122901006103,PCBL,1,25,25,278.00,"6,950.00"
2019-12-29,2019122901006088,PCBL,47,6,50,279.00,"13,950.00"
2019-12-29,2019122901006062,PCBL,7,6,100,279.00,"27,900.00"
2019-12-29,2019122901005967,PCBL,1,6,100,279.00,"27,900.00"
2019-12-29,2019122901006178,PCBL,38,17,40,278.00,"11,120.00"
2019-12-29,2019122901006169,PCBL,47,6,25,279.00,"6,975.00"
2019-12-29,2019122901006151,PCBL,38,34,300,278.00,"83,400.00"
2019-12-29,2019122901006120,PCBL,38,47,200,278.00,"55,600.00"
2019-12-29,2019122901006111,PCBL,38,25,311,278.00,"86,458.00"
2019-12-29,2019122901006110,PCBL,38,25,89,278.00,"24,742.00"
2019-12-29,2019122901006222,PCBL,21,57,22,278.00,"6,116.00"
2019-12-29,2019122901006221,PCBL,8,57,53,278.00,"14,734.00"
2019-12-29,2019122901006188,PCBL,8,38,47,278.00,"13,066.00"
2019-12-29,2019122901006187,PCBL,13,38,280,278.00,"77,840.00"
2019-12-29,2019122901006186,PCBL,6,38,"1,000",278.00,"278,000.00"
2019-12-29,2019122901006185,PCBL,38,38,149,278.00,"41,422.00"
2019-12-29,2019122901006313,PCBL,44,6,132,279.00,"36,828.00"
2019-12-29,2019122901006306,PCBL,29,6,600,279.00,"167,400.00"
2019-12-29,2019122901006285,PCBL,58,39,269,278.00,"74,782.00"
2019-12-29,2019122901006251,PCBL,34,6,"1,000",279.00,"279,000.00"
2019-12-29,2019122901006225,PCBL,34,6,"1,000",279.00,"279,000.00"
2019-12-29,2019122901006223,PCBL,58,57,925,278.00,"257,150.00"
2019-12-29,2019122901006006,PFL,13,1,39,129.00,"5,031.00"
2019-12-29,2019122901006310,PIC,57,42,50,403.00,"20,150.00"
2019-12-29,2019122901006196,PIC,25,56,18,407.00,"7,326.00"
2019-12-29,2019122901006250,PLIC,47,1,75,356.00,"26,700.00"
2019-12-29,2019122901006249,PLIC,47,50,100,355.00,"35,500.00"
2019-12-29,2019122901006248,PLIC,47,4,80,354.00,"28,320.00"
2019-12-29,2019122901006247,PLIC,47,45,50,354.00,"17,700.00"
2019-12-29,2019122901006246,PLIC,47,21,100,353.00,"35,300.00"
2019-12-29,2019122901006131,PLIC,49,40,45,351.00,"15,795.00"
2019-12-29,2019122901006077,PPCL,51,17,20,108.00,"2,160.00"
2019-12-29,2019122901005973,PPCL,51,17,20,108.00,"2,160.00"
2019-12-29,2019122901006143,PRIN,36,58,923,333.00,"307,359.00"
2019-12-29,2019122901006142,PRIN,36,56,500,333.00,"166,500.00"
2019-12-29,2019122901006141,PRIN,36,11,80,333.00,"26,640.00"
2019-12-29,2019122901006140,PRIN,36,47,447,332.00,"148,404.00"
2019-12-29,2019122901006139,PRIN,36,58,50,332.00,"16,600.00"
2019-12-29,2019122901006243,PROFL,45,45,571,98.00,"55,958.00"
2019-12-29,2019122901006204,PROFL,45,45,571,98.00,"55,958.00"
2019-12-29,2019122901006167,PROFL,45,45,594,98.00,"58,212.00"
2019-12-29,2019122901006102,PROFL,45,45,571,98.00,"55,958.00"
2019-12-29,2019122901006059,PROFL,45,45,571,98.00,"55,958.00"
2019-12-29,2019122901006034,PROFL,45,45,571,98.00,"55,958.00"
2019-12-29,2019122901006018,PROFL,45,45,594,98.00,"58,212.00"
2019-12-29,2019122901005986,PROFL,45,45,571,98.00,"55,958.00"
2019-12-29,2019122901005958,PROFL,45,45,571,98.00,"55,958.00"
2019-12-29,2019122901006390,PRVU,45,41,300,225.00,"67,500.00"
2019-12-29,2019122901006328,PRVU,43,38,40,223.00,"8,920.00"
2019-12-29,2019122901006327,PRVU,6,38,150,223.00,"33,450.00"
2019-12-29,2019122901006326,PRVU,29,38,300,223.00,"66,900.00"
2019-12-29,2019122901006325,PRVU,37,38,500,223.00,"111,500.00"
2019-12-29,2019122901006324,PRVU,57,38,670,223.00,"149,410.00"
2019-12-29,2019122901006232,PRVU,57,1,30,223.00,"6,690.00"
2019-12-29,2019122901006231,PRVU,1,1,70,223.00,"15,610.00"
2019-12-29,2019122901006168,PRVU,45,38,340,224.00,"76,160.00"
2019-12-29,2019122901006191,RHPL,57,28,500,169.00,"84,500.00"
2019-12-29,2019122901006265,RSDC,36,37,239,315.00,"75,285.00"
2019-12-29,2019122901006264,RSDC,8,37,16,316.00,"5,056.00"
2019-12-29,2019122901006263,RSDC,48,37,66,316.00,"20,856.00"
2019-12-29,2019122901006426,SABSL,19,50,10,549.00,"5,490.00"
2019-12-29,2019122901006425,SABSL,19,7,80,541.00,"43,280.00"
2019-12-29,2019122901006155,SABSL,28,7,50,541.00,"27,050.00"
2019-12-29,2019122901006154,SABSL,48,7,50,541.00,"27,050.00"
2019-12-29,2019122901006153,SABSL,13,7,20,542.00,"10,840.00"
2019-12-29,2019122901006085,SADBL,4,48,541,144.00,"77,904.00"
2019-12-29,2019122901006040,SADBL,4,44,359,144.00,"51,696.00"
2019-12-29,2019122901006039,SADBL,4,48,"1,000",144.00,"144,000.00"
2019-12-29,2019122901006208,SANIMA,34,28,200,311.00,"62,200.00"
2019-12-29,2019122901006184,SANIMA,34,28,300,311.00,"93,300.00"
2019-12-29,2019122901006063,SAPDBL,10,40,170,123.00,"20,910.00"
2019-12-29,2019122901006097,SBI,28,47,200,355.00,"71,000.00"
2019-12-29,2019122901006315,SBL,6,48,200,288.00,"57,600.00"
2019-12-29,2019122901006101,SCB,44,40,20,528.00,"10,560.00"
2019-12-29,2019122901006256,SFFIL,45,14,200,193.00,"38,600.00"
2019-12-29,2019122901006138,SFFIL,6,32,29,191.00,"5,539.00"
2019-12-29,2019122901006115,SFFIL,6,32,200,192.00,"38,400.00"
2019-12-29,2019122901006114,SFFIL,6,42,90,192.00,"17,280.00"
2019-12-29,2019122901006113,SFFIL,6,44,50,192.00,"9,600.00"
2019-12-29,2019122901006112,SFFIL,6,38,40,191.00,"7,640.00"
2019-12-29,2019122901005978,SFFIL,32,32,321,190.00,"60,990.00"
2019-12-29,2019122901006408,SHINE,56,1,110,234.00,"25,740.00"
2019-12-29,2019122901006407,SHINE,56,51,200,234.00,"46,800.00"
2019-12-29,2019122901006406,SHINE,56,52,190,234.00,"44,460.00"
2019-12-29,2019122901006351,SHINE,59,52,10,234.00,"2,340.00"
2019-12-29,2019122901006446,SHIVM,58,34,50,441.00,"22,050.00"
2019-12-29,2019122901006445,SHIVM,58,17,300,441.00,"132,300.00"
2019-12-29,2019122901006433,SHIVM,44,45,50,440.00,"22,000.00"
2019-12-29,2019122901006397,SHIVM,47,17,500,441.00,"220,500.00"
2019-12-29,2019122901006389,SHIVM,44,14,248,440.00,"109,120.00"
2019-12-29,2019122901006388,SHIVM,19,14,100,440.00,"44,000.00"
2019-12-29,2019122901006019,SHIVM,22,22,100,441.00,"44,100.00"
2019-12-29,2019122901005969,SHIVM,58,45,374,441.00,"164,934.00"
2019-12-29,2019122901006042,SHIVM,54,56,200,441.00,"88,200.00"
2019-12-29,2019122901006036,SHIVM,51,14,33,440.00,"14,520.00"
2019-12-29,2019122901006035,SHIVM,41,14,567,440.00,"249,480.00"
2019-12-29,2019122901006026,SHIVM,57,25,200,441.00,"88,200.00"
2019-12-29,2019122901006025,SHIVM,13,25,100,441.00,"44,100.00"
2019-12-29,2019122901006024,SHIVM,22,25,200,441.00,"88,200.00"
2019-12-29,2019122901006123,SHIVM,51,22,50,441.00,"22,050.00"
2019-12-29,2019122901006122,SHIVM,51,22,50,441.00,"22,050.00"
2019-12-29,2019122901006121,SHIVM,51,56,100,441.00,"44,100.00"
2019-12-29,2019122901006067,SHIVM,49,14,200,440.00,"88,000.00"
2019-12-29,2019122901006044,SHIVM,49,3,33,440.00,"14,520.00"
2019-12-29,2019122901006043,SHIVM,51,3,67,440.00,"29,480.00"
2019-12-29,2019122901006259,SHIVM,52,10,300,441.00,"132,300.00"
2019-12-29,2019122901006258,SHIVM,16,10,50,441.00,"22,050.00"
2019-12-29,2019122901006257,SHIVM,45,10,500,441.00,"220,500.00"
2019-12-29,2019122901006215,SHIVM,25,33,500,441.00,"220,500.00"
2019-12-29,2019122901006125,SHIVM,51,22,50,441.00,"22,050.00"
2019-12-29,2019122901006124,SHIVM,51,22,50,441.00,"22,050.00"
2019-12-29,2019122901006360,SHIVM,39,17,160,441.00,"70,560.00"
2019-12-29,2019122901006282,SHIVM,35,34,226,442.00,"99,892.00"
2019-12-29,2019122901006281,SHIVM,35,53,300,442.00,"132,600.00"
2019-12-29,2019122901006262,SHIVM,58,10,33,440.00,"14,520.00"
2019-12-29,2019122901006261,SHIVM,35,10,400,440.00,"176,000.00"
2019-12-29,2019122901006260,SHIVM,49,10,17,440.00,"7,480.00"
2019-12-29,2019122901006387,SHIVM,58,14,100,440.00,"44,000.00"
2019-12-29,2019122901006386,SHIVM,42,14,25,440.00,"11,000.00"
2019-12-29,2019122901006385,SHIVM,58,14,27,440.00,"11,880.00"
2019-12-29,2019122901006364,SHIVM,58,17,400,441.00,"176,400.00"
2019-12-29,2019122901006362,SHIVM,51,17,500,441.00,"220,500.00"
2019-12-29,2019122901006361,SHIVM,19,17,140,441.00,"61,740.00"
2019-12-29,2019122901006022,SHL,8,44,127,182.00,"23,114.00"
2019-12-29,2019122901006021,SHL,8,55,100,182.00,"18,200.00"
2019-12-29,2019122901006020,SHL,8,42,600,182.00,"109,200.00"
2019-12-29,2019122901006358,SIC,39,38,10,507.00,"5,070.00"
2019-12-29,2019122901006357,SIC,39,21,15,505.00,"7,575.00"
2019-12-29,2019122901006356,SIC,39,56,100,499.00,"49,900.00"
2019-12-29,2019122901006355,SIC,39,43,30,498.00,"14,940.00"
2019-12-29,2019122901006272,SICL,33,18,50,850.00,"42,500.00"
2019-12-29,2019122901006127,SICL,43,43,"7,912",850.00,"6,725,200.00"
2019-12-29,2019122901006080,SICL,50,51,100,850.00,"85,000.00"
2019-12-29,2019122901006005,SICL,49,45,100,850.00,"85,000.00"
2019-12-29,2019122901006305,SIL,25,34,15,410.00,"6,150.00"
2019-12-29,2019122901006050,SIL,45,11,475,404.00,"191,900.00"
2019-12-29,2019122901006049,SIL,49,11,25,405.00,"10,125.00"
2019-12-29,2019122901006014,SJCL,45,10,10,155.00,"1,550.00"
2019-12-29,2019122901005993,SJCL,45,10,10,155.00,"1,550.00"
2019-12-29,2019122901005983,SJCL,45,10,10,155.00,"1,550.00"
2019-12-29,2019122901005959,SJCL,45,10,10,155.00,"1,550.00"
2019-12-29,2019122901006429,SKBBL,58,10,20,998.00,"19,960.00"
2019-12-29,2019122901006353,SKBBL,57,25,32,985.00,"31,520.00"
2019-12-29,2019122901006352,SKBBL,36,25,98,989.00,"96,922.00"
2019-12-29,2019122901006316,SKBBL,57,38,250,985.00,"246,250.00"
2019-12-29,2019122901006309,SKBBL,45,38,50,985.00,"49,250.00"
2019-12-29,2019122901006291,SKBBL,36,25,52,983.00,"51,116.00"
2019-12-29,2019122901005970,SKBBL,58,5,50,997.00,"49,850.00"
2019-12-29,2019122901005968,SKBBL,42,25,200,993.00,"198,600.00"
2019-12-29,2019122901005957,SKBBL,58,58,60,995.00,"59,700.00"
2019-12-29,2019122901006189,SKBBL,26,45,10,990.00,"9,900.00"
2019-12-29,2019122901006144,SKBBL,36,45,336,985.00,"330,960.00"
2019-12-29,2019122901006129,SKBBL,36,5,24,985.00,"23,640.00"
2019-12-29,2019122901006023,SKBBL,36,5,10,998.00,"9,980.00"
2019-12-29,2019122901005991,SKBBL,58,5,16,998.00,"15,968.00"
2019-12-29,2019122901005982,SKBBL,46,5,41,985.00,"40,385.00"
2019-12-29,2019122901006290,SKBBL,25,25,200,985.00,"197,000.00"
2019-12-29,2019122901006289,SKBBL,34,25,50,985.00,"49,250.00"
2019-12-29,2019122901006288,SKBBL,36,25,400,985.00,"394,000.00"
2019-12-29,2019122901006267,SKBBL,36,5,240,985.00,"236,400.00"
2019-12-29,2019122901006266,SKBBL,29,5,10,989.00,"9,890.00"
2019-12-29,2019122901006254,SKBBL,29,56,50,989.00,"49,450.00"
2019-12-29,2019122901005990,SLBBL,37,29,10,552.00,"5,520.00"
2019-12-29,2019122901005972,SLBBL,34,10,14,544.00,"7,616.00"
2019-12-29,2019122901006432,SLICL,44,34,20,296.00,"5,920.00"
2019-12-29,2019122901006100,SLICL,42,55,83,294.00,"24,402.00"
2019-12-29,2019122901006132,SMB,34,6,10,602.00,"6,020.00"
2019-12-29,2019122901006099,SMB,34,7,30,602.00,"18,060.00"
2019-12-29,2019122901006090,SMFDB,42,35,19,645.00,"12,255.00"
2019-12-29,2019122901005954,SMFDB,17,35,100,646.00,"64,600.00"
2019-12-29,2019122901006399,SPARS,32,58,100,550.00,"55,000.00"
2019-12-29,2019122901006283,SPARS,32,33,10,550.00,"5,500.00"
2019-12-29,2019122901006255,SRBL,17,5,581,215.00,"124,915.00"
2019-12-29,2019122901005962,SRBL,17,5,269,215.00,"57,835.00"
2019-12-29,2019122901005961,SRBL,53,5,10,215.00,"2,150.00"
2019-12-29,2019122901005960,SRBL,14,5,721,215.00,"155,015.00"
2019-12-29,2019122901005984,STC,34,49,20,"1,929.00","38,580.00"
2019-12-29,2019122901006448,SWBBL,50,22,290,815.00,"236,350.00"
2019-12-29,2019122901006175,UFL,16,28,360,177.00,"63,720.00"
2019-12-29,2019122901006150,UFL,52,56,15,176.00,"2,640.00"
2019-12-29,2019122901006341,UIC,45,41,10,287.00,"2,870.00"
2019-12-29,2019122901006340,UIC,45,29,25,287.00,"7,175.00"
2019-12-29,2019122901006270,UIC,29,40,200,283.00,"56,600.00"
2019-12-29,2019122901006235,UIC,29,40,70,283.00,"19,810.00"
2019-12-29,2019122901006441,UPPER,25,47,10,236.00,"2,360.00"
2019-12-29,2019122901006440,UPPER,25,52,200,235.00,"47,000.00"
2019-12-29,2019122901006439,UPPER,25,59,50,235.00,"11,750.00"
2019-12-29,2019122901006438,UPPER,25,14,40,235.00,"9,400.00"
2019-12-29,2019122901006348,UPPER,58,58,40,234.00,"9,360.00"
2019-12-29,2019122901006347,UPPER,58,58,200,234.00,"46,800.00"
2019-12-29,2019122901006009,UPPER,6,18,200,233.00,"46,600.00"
2019-12-29,2019122901006346,UPPER,58,49,10,234.00,"2,340.00"
2019-12-29,2019122901006314,UPPER,58,49,40,234.00,"9,360.00"
2019-12-29,2019122901006037,UPPER,6,16,110,233.00,"25,630.00"
2019-12-29,2019122901005843,ADBL,29,19,15,369.00,"5,535.00"
2019-12-29,2019122901005832,ADBL,49,25,30,368.00,"11,040.00"
2019-12-29,2019122901005831,ADBL,41,25,150,368.00,"55,200.00"
2019-12-29,2019122901005830,ADBL,5,25,20,368.00,"7,360.00"
2019-12-29,2019122901005829,ADBL,52,25,27,368.00,"9,936.00"
2019-12-29,2019122901005517,ADBL,52,17,76,368.00,"27,968.00"
2019-12-29,2019122901005516,ADBL,34,17,100,368.00,"36,800.00"
2019-12-29,2019122901005515,ADBL,3,17,100,368.00,"36,800.00"
2019-12-29,2019122901005514,ADBL,17,17,200,368.00,"73,600.00"
2019-12-29,2019122901005513,ADBL,53,17,24,368.00,"8,832.00"
2019-12-29,2019122901005595,AKJCL,29,17,20,57.00,"1,140.00"
2019-12-29,2019122901005664,AKPL,45,44,13,109.00,"1,417.00"
2019-12-29,2019122901005483,ALBSL,13,13,10,472.00,"4,720.00"
2019-12-29,2019122901005607,ALICL,46,38,200,359.00,"71,800.00"
2019-12-29,2019122901005495,API,7,57,644,105.00,"67,620.00"
2019-12-29,2019122901005494,API,34,57,272,105.00,"28,560.00"
2019-12-29,2019122901005921,BOKL,42,5,100,214.00,"21,400.00"
2019-12-29,2019122901005920,BOKL,26,5,"2,019",214.00,"432,066.00"
2019-12-29,2019122901005764,BPCL,42,6,200,301.00,"60,200.00"
2019-12-29,2019122901005694,BPCL,7,49,12,301.00,"3,612.00"
2019-12-29,2019122901005663,BPCL,36,49,100,301.00,"30,100.00"
2019-12-29,2019122901005631,BPCL,6,49,100,301.00,"30,100.00"
2019-12-29,2019122901005627,BPCL,8,21,141,300.00,"42,300.00"
2019-12-29,2019122901005626,BPCL,29,21,45,300.00,"13,500.00"
2019-12-29,2019122901005520,BPCL,45,49,50,301.00,"15,050.00"
2019-12-29,2019122901005519,BPCL,42,49,468,302.00,"141,336.00"
2019-12-29,2019122901005511,BPCL,42,52,32,302.00,"9,664.00"
2019-12-29,2019122901005625,BPCL,14,21,300,300.00,"90,000.00"
2019-12-29,2019122901005624,BPCL,11,21,14,300.00,"4,200.00"
2019-12-29,2019122901005603,BPCL,45,49,100,301.00,"30,100.00"
2019-12-29,2019122901005523,BPCL,45,49,20,301.00,"6,020.00"
2019-12-29,2019122901005522,BPCL,47,49,50,301.00,"15,050.00"
2019-12-29,2019122901005521,BPCL,45,49,100,301.00,"30,100.00"
2019-12-29,2019122901005749,CBL,26,25,282,134.00,"37,788.00"
2019-12-29,2019122901005748,CBL,59,25,118,134.00,"15,812.00"
2019-12-29,2019122901005456,CBL,59,6,157,134.00,"21,038.00"
2019-12-29,2019122901005662,CCBL,32,6,132,163.00,"21,516.00"
2019-12-29,2019122901005478,CCBL,32,6,36,163.00,"5,868.00"
2019-12-29,2019122901005642,CHCL,13,44,10,358.00,"3,580.00"
2019-12-29,2019122901005628,CHCL,56,4,23,356.00,"8,188.00"
2019-12-29,2019122901005794,CHL,17,58,10,94.00,940.00
2019-12-29,2019122901005793,CHL,17,47,10,94.00,940.00
2019-12-29,2019122901005792,CHL,17,16,10,94.00,940.00
2019-12-29,2019122901005785,CIT,39,40,100,"2,000.00","200,000.00"
2019-12-29,2019122901005743,CIT,41,46,10,"2,000.00","20,000.00"
2019-12-29,2019122901005742,CIT,41,46,10,"2,000.00","20,000.00"
2019-12-29,2019122901005618,CIT,49,58,10,"2,000.00","20,000.00"
2019-12-29,2019122901005617,CIT,25,58,40,"2,000.00","80,000.00"
2019-12-29,2019122901005616,CIT,56,58,40,"2,000.00","80,000.00"
2019-12-29,2019122901005529,CIT,57,7,41,"2,002.00","82,082.00"
2019-12-29,2019122901005615,CIT,42,58,10,"2,000.00","20,000.00"
2019-12-29,2019122901005614,CIT,14,58,15,"2,001.00","30,015.00"
2019-12-29,2019122901005533,CIT,14,7,56,"2,001.00","112,056.00"
2019-12-29,2019122901005532,CIT,28,7,200,"2,001.00","400,200.00"
2019-12-29,2019122901005531,CIT,22,7,50,"2,002.00","100,100.00"
2019-12-29,2019122901005530,CIT,43,7,30,"2,002.00","60,060.00"
2019-12-29,2019122901005847,CLBSL,38,35,11,545.00,"5,995.00"
2019-12-29,2019122901005938,CORBL,32,25,500,109.00,"54,500.00"
2019-12-29,2019122901005937,CORBL,32,38,100,109.00,"10,900.00"
2019-12-29,2019122901005904,DBBL,4,13,10,135.00,"1,350.00"
2019-12-29,2019122901005796,DBBL,52,45,500,135.00,"67,500.00"
2019-12-29,2019122901005720,DBBL,4,45,500,135.00,"67,500.00"
2019-12-29,2019122901005637,DBBL,25,13,10,134.00,"1,340.00"
2019-12-29,2019122901005751,DDBL,57,53,150,860.00,"129,000.00"
2019-12-29,2019122901005645,DDBL,45,4,140,859.00,"120,260.00"
2019-12-29,2019122901005611,DDBL,26,4,50,859.00,"42,950.00"
2019-12-29,2019122901005913,EBL,6,19,200,525.00,"105,000.00"
2019-12-29,2019122901005711,EBL,6,19,500,525.00,"262,500.00"
2019-12-29,2019122901005656,EIC,26,45,200,265.00,"53,000.00"
2019-12-29,2019122901005505,EIC,17,26,50,266.00,"13,300.00"
2019-12-29,2019122901005779,FMDBL,34,45,400,316.00,"126,400.00"
2019-12-29,2019122901005867,FOWAD,46,57,50,"1,380.00","69,000.00"
2019-12-29,2019122901005866,FOWAD,37,57,50,"1,380.00","69,000.00"
2019-12-29,2019122901005865,FOWAD,45,57,20,"1,380.00","27,600.00"
2019-12-29,2019122901005864,FOWAD,45,57,50,"1,380.00","69,000.00"
2019-12-29,2019122901005863,FOWAD,45,57,15,"1,380.00","20,700.00"
2019-12-29,2019122901005862,FOWAD,22,57,20,"1,380.00","27,600.00"
2019-12-29,2019122901005557,FOWAD,49,14,10,"1,381.00","13,810.00"
2019-12-29,2019122901005861,FOWAD,47,57,30,"1,380.00","41,400.00"
2019-12-29,2019122901005860,FOWAD,57,57,20,"1,380.00","27,600.00"
2019-12-29,2019122901005859,FOWAD,22,57,10,"1,380.00","13,800.00"
2019-12-29,2019122901005858,FOWAD,6,57,100,"1,381.00","138,100.00"
2019-12-29,2019122901005857,FOWAD,7,57,35,"1,382.00","48,370.00"
2019-12-29,2019122901005558,FOWAD,36,14,47,"1,381.00","64,907.00"
2019-12-29,2019122901005508,GBLBS,44,26,100,314.00,"31,400.00"
2019-12-29,2019122901005474,GBLBS,58,45,10,316.00,"3,160.00"
2019-12-29,2019122901005763,GGBSL,25,54,60,599.00,"35,940.00"
2019-12-29,2019122901005481,GILB,45,35,27,830.00,"22,410.00"
2019-12-29,2019122901005892,GLICL,50,45,200,448.00,"89,600.00"
2019-12-29,2019122901005499,GLICL,58,34,600,445.00,"267,000.00"
2019-12-29,2019122901005484,GLICL,45,34,100,445.00,"44,500.00"
2019-12-29,2019122901005932,GMFBS,1,33,10,563.00,"5,630.00"
2019-12-29,2019122901005489,GMFBS,1,35,10,556.00,"5,560.00"
2019-12-29,2019122901005620,GUFL,3,41,10,113.00,"1,130.00"
2019-12-29,2019122901005619,GUFL,3,38,13,111.00,"1,443.00"
2019-12-29,2019122901005678,HBL,46,58,456,506.00,"230,736.00"
2019-12-29,2019122901005566,HBL,4,14,200,504.00,"100,800.00"
2019-12-29,2019122901005852,HGI,45,40,50,284.00,"14,200.00"
2019-12-29,2019122901005786,HIDCL,54,13,31,144.00,"4,464.00"
2019-12-29,2019122901005735,HIDCL,26,6,79,144.00,"11,376.00"
2019-12-29,2019122901005710,HIDCL,26,57,13,144.00,"1,872.00"
2019-12-29,2019122901005709,HIDCL,26,16,13,144.00,"1,872.00"
2019-12-29,2019122901005697,HIDCL,26,57,11,144.00,"1,584.00"
2019-12-29,2019122901005693,HIDCL,26,57,11,144.00,"1,584.00"
2019-12-29,2019122901005497,HIDCL,41,35,37,144.00,"5,328.00"
2019-12-29,2019122901005460,HIDCL,41,59,518,144.00,"74,592.00"
2019-12-29,2019122901005685,HIDCL,26,57,231,144.00,"33,264.00"
2019-12-29,2019122901005684,HIDCL,26,16,25,144.00,"3,600.00"
2019-12-29,2019122901005562,HIDCL,26,5,116,144.00,"16,704.00"
2019-12-29,2019122901005561,HIDCL,6,5,20,144.00,"2,880.00"
2019-12-29,2019122901005560,HIDCL,41,5,364,144.00,"52,416.00"
2019-12-29,2019122901005554,HIDCL,48,48,"2,000",145.00,"290,000.00"
2019-12-29,2019122901005536,HPPL,13,13,10,139.00,"1,390.00"
2019-12-29,2019122901005506,HPPL,51,35,10,138.00,"1,380.00"
2019-12-29,2019122901005905,HURJA,7,35,10,102.00,"1,020.00"
2019-12-29,2019122901005528,HURJA,7,35,20,102.00,"2,040.00"
2019-12-29,2019122901005540,ILBS,10,57,100,515.00,"51,500.00"
2019-12-29,2019122901005454,ILBS,48,57,100,515.00,"51,500.00"
2019-12-29,2019122901005933,JFL,51,1,31,199.00,"6,169.00"
2019-12-29,2019122901005816,JSLBB,48,10,100,"1,181.00","118,100.00"
2019-12-29,2019122901005805,JSLBB,45,10,200,"1,182.00","236,400.00"
2019-12-29,2019122901005797,JSLBB,57,10,245,"1,183.00","289,835.00"
2019-12-29,2019122901005784,JSLBB,57,8,200,"1,183.00","236,600.00"
2019-12-29,2019122901005750,KADBL,6,1,100,239.00,"23,900.00"
2019-12-29,2019122901005641,KADBL,6,1,300,239.00,"71,700.00"
2019-12-29,2019122901005640,KADBL,6,47,284,239.00,"67,876.00"
2019-12-29,2019122901005639,KADBL,6,28,10,238.00,"2,380.00"
2019-12-29,2019122901005502,KADBL,4,47,300,239.00,"71,700.00"
2019-12-29,2019122901005501,KADBL,4,13,700,239.00,"167,300.00"
2019-12-29,2019122901005476,KADBL,4,39,194,237.00,"45,978.00"
2019-12-29,2019122901005462,KADBL,5,39,17,237.00,"4,029.00"
2019-12-29,2019122901005461,KADBL,5,39,200,237.00,"47,400.00"
2019-12-29,2019122901005822,KBL,34,3,50,177.00,"8,850.00"
2019-12-29,2019122901005772,KBL,34,5,300,177.00,"53,100.00"
2019-12-29,2019122901005771,KBL,34,17,10,177.00,"1,770.00"
2019-12-29,2019122901005769,KBL,34,40,312,177.00,"55,224.00"
2019-12-29,2019122901005636,KBL,34,14,173,177.00,"30,621.00"
2019-12-29,2019122901005629,KBL,49,14,77,177.00,"13,629.00"
2019-12-29,2019122901005451,KBL,49,39,23,177.00,"4,071.00"
2019-12-29,2019122901005695,KPCL,51,35,10,83.00,830.00
2019-12-29,2019122901005776,KSBBL,33,35,13,133.00,"1,729.00"
2019-12-29,2019122901005775,KSBBL,22,35,150,133.00,"19,950.00"
2019-12-29,2019122901005774,KSBBL,21,35,750,133.00,"99,750.00"
2019-12-29,2019122901005475,KSBBL,57,34,40,134.00,"5,360.00"
2019-12-29,2019122901005898,LBBL,48,1,"1,000",193.00,"193,000.00"
2019-12-29,2019122901005897,LBBL,34,1,100,193.00,"19,300.00"
2019-12-29,2019122901005896,LBBL,28,1,15,193.00,"2,895.00"
2019-12-29,2019122901005895,LBBL,25,1,50,193.00,"9,650.00"
2019-12-29,2019122901005894,LBBL,40,1,254,193.00,"49,022.00"
2019-12-29,2019122901005623,LBBL,40,22,46,193.00,"8,878.00"
2019-12-29,2019122901005622,LBBL,25,22,24,193.00,"4,632.00"
2019-12-29,2019122901005708,LBL,25,22,100,192.00,"19,200.00"
2019-12-29,2019122901005571,LBL,42,1,50,191.00,"9,550.00"
2019-12-29,2019122901005789,LEMF,47,35,"5,000",6.95,"34,750.00"
2019-12-29,2019122901005604,LEMF,34,35,"5,000",7.08,"35,400.00"
2019-12-29,2019122901005491,LGIL,50,51,518,330.00,"170,940.00"
2019-12-29,2019122901005453,LGIL,50,42,220,330.00,"72,600.00"
2019-12-29,2019122901005452,LGIL,13,42,60,330.00,"19,800.00"
2019-12-29,2019122901005477,LICN,41,48,20,"1,040.00","20,800.00"
2019-12-29,2019122901005813,LLBS,34,35,28,661.00,"18,508.00"
2019-12-29,2019122901005752,LLBS,34,35,28,665.00,"18,620.00"
2019-12-29,2019122901005578,LLBS,28,8,24,664.00,"15,936.00"
2019-12-29,2019122901005799,MBL,37,33,200,216.00,"43,200.00"
2019-12-29,2019122901005803,MDB,43,21,12,243.00,"2,916.00"
2019-12-29,2019122901005729,MDB,43,7,390,243.00,"94,770.00"
2019-12-29,2019122901005728,MDB,28,7,19,243.00,"4,617.00"
2019-12-29,2019122901005727,MDB,1,7,100,243.00,"24,300.00"
2019-12-29,2019122901005726,MDB,44,7,50,244.00,"12,200.00"
2019-12-29,2019122901005836,MEGA,51,35,157,181.00,"28,417.00"
2019-12-29,2019122901005767,MEGA,51,6,59,181.00,"10,679.00"
2019-12-29,2019122901005766,MEGA,57,6,100,181.00,"18,100.00"
2019-12-29,2019122901005480,MEGA,1,5,50,182.00,"9,100.00"
2019-12-29,2019122901005765,MEGA,57,6,50,181.00,"9,050.00"
2019-12-29,2019122901005588,MEGA,59,5,500,182.00,"91,000.00"
2019-12-29,2019122901005853,MERO,49,33,48,445.00,"21,360.00"
2019-12-29,2019122901005538,MERO,49,6,38,445.00,"16,910.00"
2019-12-29,2019122901005467,MERO,49,50,14,445.00,"6,230.00"
2019-12-29,2019122901005466,MERO,42,50,86,445.00,"38,270.00"
2019-12-29,2019122901005891,MFIL,32,13,"1,000",144.00,"144,000.00"
2019-12-29,2019122901005890,MFIL,32,13,"1,000",144.00,"144,000.00"
2019-12-29,2019122901005834,MFIL,32,13,"1,000",144.00,"144,000.00"
2019-12-29,2019122901005572,MFIL,38,40,817,143.00,"116,831.00"
2019-12-29,2019122901005756,MNBBL,14,6,50,274.00,"13,700.00"
2019-12-29,2019122901005747,MNBBL,47,17,117,273.00,"31,941.00"
2019-12-29,2019122901005746,MNBBL,42,17,40,273.00,"10,920.00"
2019-12-29,2019122901005500,MNBBL,1,6,100,274.00,"27,400.00"
2019-12-29,2019122901005804,MPFL,14,41,20,105.00,"2,100.00"
2019-12-29,2019122901005949,NABIL,32,5,50,675.00,"33,750.00"
2019-12-29,2019122901005948,NABIL,35,5,150,675.00,"101,250.00"
2019-12-29,2019122901005744,NABIL,4,6,600,676.00,"405,600.00"
2019-12-29,2019122901005584,NABIL,40,6,79,678.00,"53,562.00"
2019-12-29,2019122901005583,NABIL,40,6,21,675.00,"14,175.00"
2019-12-29,2019122901005550,NABIL,34,6,479,675.00,"323,325.00"
2019-12-29,2019122901005547,NABIL,34,19,21,675.00,"14,175.00"
2019-12-29,2019122901005471,NABIL,34,19,10,675.00,"6,750.00"
2019-12-29,2019122901005783,NADEP,33,29,17,469.00,"7,973.00"
2019-12-29,2019122901005782,NADEP,33,45,12,469.00,"5,628.00"
2019-12-29,2019122901005518,NADEP,16,26,100,467.00,"46,700.00"
2019-12-29,2019122901005585,NBB,42,33,100,187.00,"18,700.00"
2019-12-29,2019122901005900,NBL,51,35,50,265.00,"13,250.00"
2019-12-29,2019122901005881,NBL,43,13,300,267.00,"80,100.00"
2019-12-29,2019122901005880,NBL,43,29,100,267.00,"26,700.00"
2019-12-29,2019122901005828,NBL,13,22,"1,615",266.00,"429,590.00"
2019-12-29,2019122901005827,NBL,13,36,800,266.00,"212,800.00"
2019-12-29,2019122901005826,NBL,13,47,200,266.00,"53,200.00"
2019-12-29,2019122901005543,NBL,14,36,250,265.00,"66,250.00"
2019-12-29,2019122901005487,NBL,14,57,95,265.00,"25,175.00"
2019-12-29,2019122901005486,NBL,43,57,25,265.00,"6,625.00"
2019-12-29,2019122901005687,NBL,14,49,100,265.00,"26,500.00"
2019-12-29,2019122901005677,NBL,41,47,200,266.00,"53,200.00"
2019-12-29,2019122901005635,NBL,36,47,84,266.00,"22,344.00"
2019-12-29,2019122901005634,NBL,36,25,100,266.00,"26,600.00"
2019-12-29,2019122901005633,NBL,36,49,116,266.00,"30,856.00"
2019-12-29,2019122901005632,NBL,36,25,300,266.00,"79,800.00"
2019-12-29,2019122901005825,NBL,13,29,200,266.00,"53,200.00"
2019-12-29,2019122901005824,NBL,13,47,"2,000",266.00,"532,000.00"
2019-12-29,2019122901005823,NBL,13,47,"1,716",266.00,"456,456.00"
2019-12-29,2019122901005755,NBL,51,25,845,265.00,"223,925.00"
2019-12-29,2019122901005754,NBL,34,25,100,265.00,"26,500.00"
2019-12-29,2019122901005753,NBL,14,25,55,265.00,"14,575.00"
2019-12-29,2019122901005931,NCCB,57,37,200,201.00,"40,200.00"
2019-12-29,2019122901005930,NCCB,57,37,300,201.00,"60,300.00"
2019-12-29,2019122901005929,NCCB,46,37,382,201.00,"76,782.00"
2019-12-29,2019122901005906,NCCB,46,38,200,201.00,"40,200.00"
2019-12-29,2019122901005725,NCCB,46,34,300,201.00,"60,300.00"
2019-12-29,2019122901005724,NCCB,45,34,25,201.00,"5,025.00"
2019-12-29,2019122901005657,NCCB,22,40,30,202.00,"6,060.00"
2019-12-29,2019122901005643,NCCB,46,48,882,201.00,"177,282.00"
2019-12-29,2019122901005947,NEF,41,35,"2,345",7.30,"17,118.50"
2019-12-29,2019122901005887,NEF,40,38,"10,000",7.35,"73,500.00"
2019-12-29,2019122901005791,NHPC,34,16,900,50.00,"45,000.00"
2019-12-29,2019122901005790,NHPC,58,16,100,51.00,"5,100.00"
2019-12-29,2019122901005526,NHPC,34,57,500,50.00,"25,000.00"
2019-12-29,2019122901005525,NHPC,32,57,"1,000",50.00,"50,000.00"
2019-12-29,2019122901005524,NHPC,25,57,500,50.00,"25,000.00"
2019-12-29,2019122901005922,NIB,35,17,100,432.00,"43,200.00"
2019-12-29,2019122901005883,NIB,51,17,30,432.00,"12,960.00"
2019-12-29,2019122901005821,NIB,45,17,64,432.00,"27,648.00"
2019-12-29,2019122901005812,NIB,41,13,28,431.00,"12,068.00"
2019-12-29,2019122901005811,NIB,41,17,130,431.00,"56,030.00"
2019-12-29,2019122901005810,NIB,26,17,20,431.00,"8,620.00"
2019-12-29,2019122901005665,NIB,26,42,30,431.00,"12,930.00"
2019-12-29,2019122901005644,NIB,1,26,44,431.00,"18,964.00"
2019-12-29,2019122901005621,NIB,49,26,44,431.00,"18,964.00"
2019-12-29,2019122901005537,NIB,22,17,100,432.00,"43,200.00"
2019-12-29,2019122901005686,NIBLPF,43,35,"1,424",7.00,"9,968.00"
2019-12-29,2019122901005886,NICA,49,39,23,408.00,"9,384.00"
2019-12-29,2019122901005770,NICA,51,36,100,408.00,"40,800.00"
2019-12-29,2019122901005504,NICA,46,6,610,408.00,"248,880.00"
2019-12-29,2019122901005503,NICA,46,56,145,408.00,"59,160.00"
2019-12-29,2019122901005549,NICGF,5,16,200,8.64,"1,728.00"
2019-12-29,2019122901005788,NICL,10,57,75,292.00,"21,900.00"
2019-12-29,2019122901005606,NICL,46,57,30,292.00,"8,760.00"
2019-12-29,2019122901005581,NICL,32,57,500,292.00,"146,000.00"
2019-12-29,2019122901005559,NICL,34,57,149,292.00,"43,508.00"
2019-12-29,2019122901005911,NIL,36,49,242,411.00,"99,462.00"
2019-12-29,2019122901005910,NIL,36,6,280,410.00,"114,800.00"
2019-12-29,2019122901005909,NIL,36,6,100,410.00,"41,000.00"
2019-12-29,2019122901005908,NIL,36,6,224,410.00,"91,840.00"
2019-12-29,2019122901005907,NIL,36,32,137,409.00,"56,033.00"
2019-12-29,2019122901005936,NLIC,39,52,100,935.00,"93,500.00"
2019-12-29,2019122901005820,NLIC,58,53,48,936.00,"44,928.00"
2019-12-29,2019122901005818,NLIC,45,53,152,937.00,"142,424.00"
2019-12-29,2019122901005817,NLIC,45,44,268,937.00,"251,116.00"
2019-12-29,2019122901005808,NLIC,56,44,217,937.00,"203,329.00"
2019-12-29,2019122901005807,NLIC,56,59,45,937.00,"42,165.00"
2019-12-29,2019122901005542,NLIC,56,11,94,931.00,"87,514.00"
2019-12-29,2019122901005541,NLIC,56,35,44,931.00,"40,964.00"
2019-12-29,2019122901005465,NLIC,45,34,150,930.00,"139,500.00"
2019-12-29,2019122901005464,NLIC,45,16,25,929.00,"23,225.00"
2019-12-29,2019122901005463,NLIC,56,49,100,927.00,"92,700.00"
2019-12-29,2019122901005717,NLIC,45,1,100,934.00,"93,400.00"
2019-12-29,2019122901005716,NLIC,45,46,150,934.00,"140,100.00"
2019-12-29,2019122901005705,NLIC,53,13,247,933.00,"230,451.00"
2019-12-29,2019122901005704,NLIC,34,13,100,933.00,"93,300.00"
2019-12-29,2019122901005630,NLIC,42,11,50,932.00,"46,600.00"
2019-12-29,2019122901005552,NLIC,56,53,500,931.00,"465,500.00"
2019-12-29,2019122901005802,NLIC,45,53,300,936.00,"280,800.00"
2019-12-29,2019122901005801,NLIC,45,51,30,936.00,"28,080.00"
2019-12-29,2019122901005739,NLIC,38,44,191,936.00,"178,776.00"
2019-12-29,2019122901005738,NLIC,38,56,100,935.00,"93,500.00"
2019-12-29,2019122901005737,NLIC,38,22,22,935.00,"20,570.00"
2019-12-29,2019122901005736,NLIC,38,44,22,935.00,"20,570.00"
2019-12-29,2019122901005707,NLICL,19,39,100,470.00,"47,000.00"
2019-12-29,2019122901005706,NLICL,34,39,200,471.00,"94,200.00"
2019-12-29,2019122901005587,NLICL,11,45,200,472.00,"94,400.00"
2019-12-29,2019122901005918,NMB,41,13,12,323.00,"3,876.00"
2019-12-29,2019122901005723,NMB,41,44,201,323.00,"64,923.00"
2019-12-29,2019122901005722,NMB,56,44,100,323.00,"32,300.00"
2019-12-29,2019122901005721,NMB,45,44,699,323.00,"225,777.00"
2019-12-29,2019122901005612,NMB,45,10,200,323.00,"64,600.00"
2019-12-29,2019122901005567,NMB,44,44,1,317.00,317.00
2019-12-29,2019122901005760,NMBHF1,5,35,"4,161",8.42,"35,035.62"
2019-12-29,2019122901005901,NSEWA,56,56,10,521.00,"5,210.00"
2019-12-29,2019122901005681,NSEWA,1,11,30,521.00,"15,630.00"
2019-12-29,2019122901005680,NSEWA,41,11,20,521.00,"10,420.00"
2019-12-29,2019122901005679,NSEWA,19,11,290,522.00,"151,380.00"
2019-12-29,2019122901005576,NSEWA,19,48,200,522.00,"104,400.00"
2019-12-29,2019122901005555,NSEWA,19,16,10,522.00,"5,220.00"
2019-12-29,2019122901005564,NTC,22,8,50,659.00,"32,950.00"
2019-12-29,2019122901005854,OHL,45,17,50,438.00,"21,900.00"
2019-12-29,2019122901005914,PCBL,1,32,135,278.00,"37,530.00"
2019-12-29,2019122901005902,PCBL,51,6,60,279.00,"16,740.00"
2019-12-29,2019122901005876,PCBL,1,55,350,278.00,"97,300.00"
2019-12-29,2019122901005875,PCBL,1,56,"1,490",278.00,"414,220.00"
2019-12-29,2019122901005874,PCBL,57,56,400,278.00,"111,200.00"
2019-12-29,2019122901005873,PCBL,34,56,100,278.00,"27,800.00"
2019-12-29,2019122901005539,PCBL,14,21,24,278.00,"6,672.00"
2019-12-29,2019122901005534,PCBL,38,54,100,279.00,"27,900.00"
2019-12-29,2019122901005507,PCBL,14,21,12,278.00,"3,336.00"
2019-12-29,2019122901005582,PCBL,14,49,31,278.00,"8,618.00"
2019-12-29,2019122901005580,PCBL,13,54,30,279.00,"8,370.00"
2019-12-29,2019122901005577,PCBL,14,21,39,278.00,"10,842.00"
2019-12-29,2019122901005575,PCBL,14,14,200,278.00,"55,600.00"
2019-12-29,2019122901005565,PCBL,14,13,22,278.00,"6,116.00"
2019-12-29,2019122901005551,PCBL,14,21,13,278.00,"3,614.00"
2019-12-29,2019122901005660,PCBL,41,43,752,279.00,"209,808.00"
2019-12-29,2019122901005659,PCBL,41,43,500,279.00,"139,500.00"
2019-12-29,2019122901005658,PCBL,41,54,582,279.00,"162,378.00"
2019-12-29,2019122901005655,PCBL,34,54,21,279.00,"5,859.00"
2019-12-29,2019122901005605,PCBL,34,54,19,279.00,"5,301.00"
2019-12-29,2019122901005590,PCBL,14,49,480,278.00,"133,440.00"
2019-12-29,2019122901005773,PCBL,37,51,100,279.00,"27,900.00"
2019-12-29,2019122901005768,PCBL,45,51,85,279.00,"23,715.00"
2019-12-29,2019122901005676,PCBL,14,26,23,278.00,"6,394.00"
2019-12-29,2019122901005675,PCBL,41,26,100,278.00,"27,800.00"
2019-12-29,2019122901005674,PCBL,14,26,109,278.00,"30,302.00"
2019-12-29,2019122901005661,PCBL,41,51,127,279.00,"35,433.00"
2019-12-29,2019122901005839,PCBL,45,4,70,278.00,"19,460.00"
2019-12-29,2019122901005833,PCBL,19,51,500,279.00,"139,500.00"
2019-12-29,2019122901005787,PCBL,43,41,30,278.00,"8,340.00"
2019-12-29,2019122901005781,PCBL,43,26,23,278.00,"6,394.00"
2019-12-29,2019122901005780,PCBL,14,26,177,278.00,"49,206.00"
2019-12-29,2019122901005777,PCBL,39,51,49,279.00,"13,671.00"
2019-12-29,2019122901005872,PCBL,39,56,50,278.00,"13,900.00"
2019-12-29,2019122901005871,PCBL,40,6,311,279.00,"86,769.00"
2019-12-29,2019122901005870,PCBL,40,52,100,279.00,"27,900.00"
2019-12-29,2019122901005869,PCBL,40,51,89,279.00,"24,831.00"
2019-12-29,2019122901005841,PCBL,39,4,391,278.00,"108,698.00"
2019-12-29,2019122901005840,PCBL,43,4,47,278.00,"13,066.00"
2019-12-29,2019122901005806,PLIC,49,58,85,351.00,"29,835.00"
2019-12-29,2019122901005579,PMHPL,10,16,10,84.00,840.00
2019-12-29,2019122901005798,PPCL,49,55,30,107.00,"3,210.00"
2019-12-29,2019122901005591,PPCL,49,16,30,107.00,"3,210.00"
2019-12-29,2019122901005472,PPCL,49,28,15,107.00,"1,605.00"
2019-12-29,2019122901005457,PPCL,49,35,30,107.00,"3,210.00"
2019-12-29,2019122901005691,PRIN,34,25,154,331.00,"50,974.00"
2019-12-29,2019122901005653,PROFL,45,45,"49,950",98.00,"4,895,100.00"
2019-12-29,2019122901005594,PROFL,45,45,50,99.00,"4,950.00"
2019-12-29,2019122901005849,PRVU,4,34,297,224.00,"66,528.00"
2019-12-29,2019122901005848,PRVU,4,38,303,224.00,"67,872.00"
2019-12-29,2019122901005838,PRVU,1,33,180,223.00,"40,140.00"
2019-12-29,2019122901005837,PRVU,43,33,20,223.00,"4,460.00"
2019-12-29,2019122901005596,RADHI,43,16,12,138.00,"1,656.00"
2019-12-29,2019122901005527,RADHI,43,44,11,138.00,"1,518.00"
2019-12-29,2019122901005469,RADHI,40,40,11,139.00,"1,529.00"
2019-12-29,2019122901005835,RHPL,49,7,"1,000",168.00,"168,000.00"
2019-12-29,2019122901005703,RHPL,45,41,40,169.00,"6,760.00"
2019-12-29,2019122901005702,RHPL,45,52,40,169.00,"6,760.00"
2019-12-29,2019122901005701,RHPL,45,52,40,169.00,"6,760.00"
2019-12-29,2019122901005700,RHPL,45,52,40,169.00,"6,760.00"
2019-12-29,2019122901005699,RHPL,45,52,40,169.00,"6,760.00"
2019-12-29,2019122901005488,RHPL,45,16,30,167.00,"5,010.00"
2019-12-29,2019122901005473,RHPL,45,44,40,167.00,"6,680.00"
2019-12-29,2019122901005600,RHPL,14,48,500,167.00,"83,500.00"
2019-12-29,2019122901005599,RHPL,45,48,150,167.00,"25,050.00"
2019-12-29,2019122901005586,RHPL,45,48,200,167.00,"33,400.00"
2019-12-29,2019122901005574,RHPL,13,13,30,168.00,"5,040.00"
2019-12-29,2019122901005535,RHPL,45,16,30,167.00,"5,010.00"
2019-12-29,2019122901005490,RHPL,13,13,30,168.00,"5,040.00"
2019-12-29,2019122901005669,RHPL,6,38,500,167.00,"83,500.00"
2019-12-29,2019122901005668,RHPL,40,38,70,167.00,"11,690.00"
2019-12-29,2019122901005667,RHPL,40,16,40,167.00,"6,680.00"
2019-12-29,2019122901005613,RHPL,40,44,40,167.00,"6,680.00"
2019-12-29,2019122901005602,RHPL,40,48,50,167.00,"8,350.00"
2019-12-29,2019122901005601,RHPL,26,48,300,167.00,"50,100.00"
2019-12-29,2019122901005698,RHPL,45,59,20,169.00,"3,380.00"
2019-12-29,2019122901005696,RHPL,49,38,380,168.00,"63,840.00"
2019-12-29,2019122901005673,RHPL,38,38,50,167.00,"8,350.00"
2019-12-29,2019122901005672,RHPL,59,38,300,167.00,"50,100.00"
2019-12-29,2019122901005671,RHPL,45,38,500,167.00,"83,500.00"
2019-12-29,2019122901005670,RHPL,45,38,500,167.00,"83,500.00"
2019-12-29,2019122901005846,RLFL,34,35,91,109.00,"9,919.00"
2019-12-29,2019122901005683,RRHP,47,16,10,97.00,970.00
2019-12-29,2019122901005593,RRHP,47,35,10,97.00,970.00
2019-12-29,2019122901005544,RRHP,47,44,10,97.00,970.00
2019-12-29,2019122901005925,RSDC,48,21,16,316.00,"5,056.00"
2019-12-29,2019122901005573,RSDC,36,26,100,315.00,"31,500.00"
2019-12-29,2019122901005759,SADBL,1,48,"1,000",142.00,"142,000.00"
2019-12-29,2019122901005758,SADBL,4,48,300,142.00,"42,600.00"
2019-12-29,2019122901005889,SAEF,57,25,"1,000",8.51,"8,510.00"
2019-12-29,2019122901005654,SAEF,57,35,900,8.51,"7,659.00"
2019-12-29,2019122901005879,SANIMA,34,4,68,311.00,"21,148.00"
2019-12-29,2019122901005878,SANIMA,45,4,30,311.00,"9,330.00"
2019-12-29,2019122901005877,SANIMA,52,4,102,311.00,"31,722.00"
2019-12-29,2019122901005928,SAPDBL,10,13,50,123.00,"6,150.00"
2019-12-29,2019122901005924,SBI,36,44,178,353.00,"62,834.00"
2019-12-29,2019122901005923,SBI,45,44,32,354.00,"11,328.00"
2019-12-29,2019122901005882,SBL,7,55,500,289.00,"144,500.00"
2019-12-29,2019122901005819,SBL,6,6,500,288.00,"144,000.00"
2019-12-29,2019122901005553,SEF,3,35,"5,000",8.70,"43,500.00"
2019-12-29,2019122901005919,SFFIL,6,38,20,191.00,"3,820.00"
2019-12-29,2019122901005916,SFFIL,32,14,89,190.00,"16,910.00"
2019-12-29,2019122901005809,SFFIL,43,58,100,190.00,"19,000.00"
2019-12-29,2019122901005944,SHINE,40,45,200,233.00,"46,600.00"
2019-12-29,2019122901005943,SHINE,40,57,400,233.00,"93,200.00"
2019-12-29,2019122901005941,SHIVM,57,45,201,441.00,"88,641.00"
2019-12-29,2019122901005940,SHIVM,19,45,25,441.00,"11,025.00"
2019-12-29,2019122901005939,SHIVM,58,45,100,441.00,"44,100.00"
2019-12-29,2019122901005888,SHIVM,58,40,100,441.00,"44,100.00"
2019-12-29,2019122901005856,SHIVM,58,1,300,441.00,"132,300.00"
2019-12-29,2019122901005855,SHIVM,39,1,200,442.00,"88,400.00"
2019-12-29,2019122901005546,SHIVM,14,50,160,442.00,"70,720.00"
2019-12-29,2019122901005545,SHIVM,45,50,40,442.00,"17,680.00"
2019-12-29,2019122901005498,SHIVM,35,47,200,443.00,"88,600.00"
2019-12-29,2019122901005648,SHIVM,35,11,100,441.00,"44,100.00"
2019-12-29,2019122901005647,SHIVM,44,11,154,441.00,"67,914.00"
2019-12-29,2019122901005646,SHIVM,22,11,90,442.00,"39,780.00"
2019-12-29,2019122901005570,SHIVM,22,38,110,442.00,"48,620.00"
2019-12-29,2019122901005569,SHIVM,45,38,20,442.00,"8,840.00"
2019-12-29,2019122901005568,SHIVM,14,38,140,442.00,"61,880.00"
2019-12-29,2019122901005713,SHIVM,42,42,25,441.00,"11,025.00"
2019-12-29,2019122901005692,SHIVM,26,17,44,441.00,"19,404.00"
2019-12-29,2019122901005689,SHIVM,26,6,56,441.00,"24,696.00"
2019-12-29,2019122901005688,SHIVM,17,6,44,441.00,"19,404.00"
2019-12-29,2019122901005650,SHIVM,17,11,56,441.00,"24,696.00"
2019-12-29,2019122901005649,SHIVM,19,11,200,441.00,"88,200.00"
2019-12-29,2019122901005734,SHIVM,41,25,433,440.00,"190,520.00"
2019-12-29,2019122901005733,SHIVM,51,25,500,440.00,"220,000.00"
2019-12-29,2019122901005732,SHIVM,5,25,25,441.00,"11,025.00"
2019-12-29,2019122901005719,SHIVM,5,25,25,441.00,"11,025.00"
2019-12-29,2019122901005718,SHIVM,32,25,975,441.00,"429,975.00"
2019-12-29,2019122901005714,SHIVM,32,42,25,441.00,"11,025.00"
2019-12-29,2019122901005762,SIC,25,43,20,498.00,"9,960.00"
2019-12-29,2019122901005761,SIC,25,58,180,495.00,"89,100.00"
2019-12-29,2019122901005715,SIC,37,6,66,493.00,"32,538.00"
2019-12-29,2019122901005934,SJCL,42,10,10,155.00,"1,550.00"
2019-12-29,2019122901005899,SJCL,42,10,10,155.00,"1,550.00"
2019-12-29,2019122901005868,SJCL,42,10,10,155.00,"1,550.00"
2019-12-29,2019122901005479,SJCL,42,44,20,155.00,"3,100.00"
2019-12-29,2019122901005690,SJCL,42,16,20,155.00,"3,100.00"
2019-12-29,2019122901005638,SJCL,42,44,20,155.00,"3,100.00"
2019-12-29,2019122901005512,SJCL,42,16,20,155.00,"3,100.00"
2019-12-29,2019122901005496,SJCL,42,16,20,155.00,"3,100.00"
2019-12-29,2019122901005935,SKBBL,58,5,50,995.00,"49,750.00"
2019-12-29,2019122901005927,SKBBL,58,34,10,993.00,"9,930.00"
2019-12-29,2019122901005926,SKBBL,58,38,83,993.00,"82,419.00"
2019-12-29,2019122901005917,SKBBL,58,5,95,992.00,"94,240.00"
2019-12-29,2019122901005915,SKBBL,56,5,59,985.00,"58,115.00"
2019-12-29,2019122901005893,SKBBL,56,45,41,985.00,"40,385.00"
2019-12-29,2019122901005609,SKBBL,42,5,56,992.00,"55,552.00"
2019-12-29,2019122901005608,SKBBL,42,53,10,991.00,"9,910.00"
2019-12-29,2019122901005563,SKBBL,36,35,14,985.00,"13,790.00"
2019-12-29,2019122901005482,SKBBL,17,48,23,980.00,"22,540.00"
2019-12-29,2019122901005455,SKBBL,19,51,60,978.00,"58,680.00"
2019-12-29,2019122901005884,SKBBL,26,10,63,990.00,"62,370.00"
2019-12-29,2019122901005851,SKBBL,36,11,36,985.00,"35,460.00"
2019-12-29,2019122901005850,SKBBL,25,11,12,986.00,"11,832.00"
2019-12-29,2019122901005652,SKBBL,42,45,33,993.00,"32,769.00"
2019-12-29,2019122901005651,SKBBL,42,42,41,993.00,"40,713.00"
2019-12-29,2019122901005610,SKBBL,42,10,160,993.00,"158,880.00"
2019-12-29,2019122901005903,SLBBL,37,29,10,552.00,"5,520.00"
2019-12-29,2019122901005885,SLBBL,19,10,20,545.00,"10,900.00"
2019-12-29,2019122901005815,SLICL,16,34,270,296.00,"79,920.00"
2019-12-29,2019122901005814,SLICL,16,26,30,296.00,"8,880.00"
2019-12-29,2019122901005800,SLICL,17,29,970,295.00,"286,150.00"
2019-12-29,2019122901005778,SLICL,6,41,85,294.00,"24,990.00"
2019-12-29,2019122901005757,SLICL,11,29,30,295.00,"8,850.00"
2019-12-29,2019122901005598,SLICL,10,25,68,294.00,"19,992.00"
2019-12-29,2019122901005741,SMB,40,58,20,601.00,"12,020.00"
2019-12-29,2019122901005740,SMB,17,58,20,601.00,"12,020.00"
2019-12-29,2019122901005682,SMFBS,35,42,10,894.00,"8,940.00"
2019-12-29,2019122901005950,SMFDB,32,35,200,646.00,"129,200.00"
2019-12-29,2019122901005592,SMFDB,46,40,50,640.00,"32,000.00"
2019-12-29,2019122901005556,SMFDB,41,43,120,641.00,"76,920.00"
2019-12-29,2019122901005942,SRBL,14,5,"1,000",215.00,"215,000.00"
2019-12-29,2019122901005730,SRBL,49,5,125,216.00,"27,000.00"
2019-12-29,2019122901005548,SRBL,14,40,100,215.00,"21,500.00"
2019-12-29,2019122901005485,SRBL,14,47,15,215.00,"3,225.00"
2019-12-29,2019122901005470,SRBL,1,5,50,216.00,"10,800.00"
2019-12-29,2019122901005946,STC,19,49,80,"1,929.00","154,320.00"
2019-12-29,2019122901005945,STC,19,52,30,"1,929.00","57,870.00"
2019-12-29,2019122901005842,STC,7,52,20,"1,929.00","38,580.00"
2019-12-29,2019122901005731,STC,47,34,100,"1,929.00","192,900.00"
2019-12-29,2019122901005666,STC,38,52,40,"1,929.00","77,160.00"
2019-12-29,2019122901005597,STC,38,52,60,"1,929.00","115,740.00"
2019-12-29,2019122901005589,STC,34,38,40,"1,929.00","77,160.00"
2019-12-29,2019122901005468,STC,34,58,25,"1,929.00","48,225.00"
2019-12-29,2019122901005459,STC,28,58,175,"1,929.00","337,575.00"
2019-12-29,2019122901005458,STC,28,58,25,"1,929.00","48,225.00"
2019-12-29,2019122901005912,UNHPL,38,42,50,56.00,"2,800.00"
2019-12-29,2019122901005795,UNHPL,16,16,50,55.00,"2,750.00"
2019-12-29,2019122901005712,UPCL,26,16,50,72.00,"3,600.00"
2019-12-29,2019122901005845,UPPER,22,18,50,233.00,"11,650.00"
2019-12-29,2019122901005844,UPPER,52,18,50,233.00,"11,650.00"
2019-12-29,2019122901005745,UPPER,52,16,50,233.00,"11,650.00"
2019-12-29,2019122901005510,UPPER,40,49,60,234.00,"14,040.00"
2019-12-29,2019122901005509,UPPER,40,16,40,234.00,"9,360.00"
2019-12-29,2019122901005493,UPPER,40,35,50,234.00,"11,700.00"
2019-12-29,2019122901005492,UPPER,40,35,50,234.00,"11,700.00"
2019-12-29,2019122901005349,ADBL,53,41,894,368.00,"328,992.00"
2019-12-29,2019122901005181,AHPC,49,49,48,90.00,"4,320.00"
2019-12-29,2019122901005180,AHPC,37,49,30,90.00,"2,700.00"
2019-12-29,2019122901005179,AHPC,6,49,30,90.00,"2,700.00"
2019-12-29,2019122901005321,AKJCL,29,7,40,57.00,"2,280.00"
2019-12-29,2019122901005152,AKJCL,42,35,20,56.00,"1,120.00"
2019-12-29,2019122901005044,AKJCL,29,51,10,57.00,570.00
2019-12-29,2019122901005335,AKPL,45,35,13,109.00,"1,417.00"
2019-12-29,2019122901005131,AKPL,45,32,143,109.00,"15,587.00"
2019-12-29,2019122901005103,AKPL,45,32,974,109.00,"106,166.00"
2019-12-29,2019122901005102,AKPL,45,22,26,109.00,"2,834.00"
2019-12-29,2019122901005310,ALICL,43,44,154,358.00,"55,132.00"
2019-12-29,2019122901005309,ALICL,57,44,500,358.00,"179,000.00"
2019-12-29,2019122901005308,ALICL,13,44,80,358.00,"28,640.00"
2019-12-29,2019122901005307,ALICL,57,44,500,359.00,"179,500.00"
2019-12-29,2019122901005306,ALICL,34,44,200,359.00,"71,800.00"
2019-12-29,2019122901005305,ALICL,34,44,466,359.00,"167,294.00"
2019-12-29,2019122901005110,ALICL,45,16,100,360.00,"36,000.00"
2019-12-29,2019122901005356,BARUN,39,35,10,82.00,820.00
2019-12-29,2019122901005167,BARUN,21,13,100,83.00,"8,300.00"
2019-12-29,2019122901005377,BOKL,42,57,10,216.00,"2,160.00"
2019-12-29,2019122901005364,BOKL,26,5,"1,981",214.00,"423,934.00"
2019-12-29,2019122901005363,BOKL,45,5,19,214.00,"4,066.00"
2019-12-29,2019122901005351,BOKL,45,5,138,215.00,"29,670.00"
2019-12-29,2019122901005283,BOKL,45,4,500,215.00,"107,500.00"
2019-12-29,2019122901005282,BOKL,45,22,362,215.00,"77,830.00"
2019-12-29,2019122901005009,BOKL,40,5,12,214.00,"2,568.00"
2019-12-29,2019122901005008,BOKL,40,5,13,214.00,"2,782.00"
2019-12-29,2019122901005138,BOKL,45,25,31,214.00,"6,634.00"
2019-12-29,2019122901005025,BOKL,42,22,10,215.00,"2,150.00"
2019-12-29,2019122901005019,BOKL,17,5,"1,075",214.00,"230,050.00"
2019-12-29,2019122901005011,BOKL,17,5,925,214.00,"197,950.00"
2019-12-29,2019122901005010,BOKL,40,5,50,214.00,"10,700.00"
2019-12-29,2019122901005367,BPCL,14,35,22,302.00,"6,644.00"
2019-12-29,2019122901005176,BPCL,32,7,47,303.00,"14,241.00"
2019-12-29,2019122901005175,BPCL,32,45,196,303.00,"59,388.00"
2019-12-29,2019122901005174,BPCL,32,35,57,303.00,"17,271.00"
2019-12-29,2019122901005344,CBL,59,6,362,134.00,"48,508.00"
2019-12-29,2019122901005031,CBL,59,49,100,134.00,"13,400.00"
2019-12-29,2019122901005014,CBL,59,56,"1,263",134.00,"169,242.00"
2019-12-29,2019122901005013,CBL,43,56,50,134.00,"6,700.00"
2019-12-29,2019122901005012,CBL,43,56,256,134.00,"34,304.00"
2019-12-29,2019122901005256,CCBL,45,6,30,164.00,"4,920.00"
2019-12-29,2019122901005238,CCBL,39,6,680,164.00,"111,520.00"
2019-12-29,2019122901005237,CCBL,39,8,49,164.00,"8,036.00"
2019-12-29,2019122901005236,CCBL,39,57,51,164.00,"8,364.00"
2019-12-29,2019122901005235,CCBL,39,21,620,164.00,"101,680.00"
2019-12-29,2019122901005173,CCBL,32,6,73,163.00,"11,899.00"
2019-12-29,2019122901005274,CHCL,21,44,100,358.00,"35,800.00"
2019-12-29,2019122901005372,CIT,57,34,59,"2,002.00","118,118.00"
2019-12-29,2019122901005371,CIT,34,34,50,"2,003.00","100,150.00"
2019-12-29,2019122901005370,CIT,41,34,30,"2,003.00","60,090.00"
2019-12-29,2019122901005369,CIT,45,34,40,"2,005.00","80,200.00"
2019-12-29,2019122901005368,CIT,8,34,40,"2,005.00","80,200.00"
2019-12-29,2019122901005336,CIT,45,5,10,"2,005.00","20,050.00"
2019-12-29,2019122901005171,CIT,16,28,50,"2,008.00","100,400.00"
2019-12-29,2019122901005287,CIT,33,14,20,"2,005.00","40,100.00"
2019-12-29,2019122901005286,CIT,38,14,30,"2,006.00","60,180.00"
2019-12-29,2019122901005285,CIT,41,14,50,"2,007.00","100,350.00"
2019-12-29,2019122901005223,CIT,17,47,10,"2,007.00","20,070.00"
2019-12-29,2019122901005222,CIT,35,47,10,"2,007.00","20,070.00"
2019-12-29,2019122901005172,CIT,16,28,50,"2,008.00","100,400.00"
2019-12-29,2019122901005426,CLBSL,50,35,11,540.00,"5,940.00"
2019-12-29,2019122901005358,CMF1,34,16,200,8.82,"1,764.00"
2019-12-29,2019122901005436,CZBIL,57,35,10,181.00,"1,810.00"
2019-12-29,2019122901005280,CZBIL,17,35,300,181.00,"54,300.00"
2019-12-29,2019122901005313,EBL,56,32,200,525.00,"105,000.00"
2019-12-29,2019122901005312,EBL,56,29,51,525.00,"26,775.00"
2019-12-29,2019122901005161,EBL,32,29,20,525.00,"10,500.00"
2019-12-29,2019122901005160,EBL,44,29,50,525.00,"26,250.00"
2019-12-29,2019122901005159,EBL,45,29,500,525.00,"262,500.00"
2019-12-29,2019122901005158,EBL,7,29,100,525.00,"52,500.00"
2019-12-29,2019122901005157,EBL,8,29,24,525.00,"12,600.00"
2019-12-29,2019122901005047,EBL,8,35,300,525.00,"157,500.00"
2019-12-29,2019122901004985,EBL,8,35,100,525.00,"52,500.00"
2019-12-29,2019122901005391,FMDBL,11,45,100,316.00,"31,600.00"
2019-12-29,2019122901005098,FOWAD,20,20,19,"1,381.00","26,239.00"
2019-12-29,2019122901005097,FOWAD,22,57,20,"1,388.00","27,760.00"
2019-12-29,2019122901005090,FOWAD,20,20,19,"1,381.00","26,239.00"
2019-12-29,2019122901005030,FOWAD,6,57,300,"1,381.00","414,300.00"
2019-12-29,2019122901005029,FOWAD,32,57,50,"1,382.00","69,100.00"
2019-12-29,2019122901005028,FOWAD,21,57,20,"1,382.00","27,640.00"
2019-12-29,2019122901005027,FOWAD,21,57,10,"1,382.00","13,820.00"
2019-12-29,2019122901005026,FOWAD,43,57,25,"1,383.00","34,575.00"
2019-12-29,2019122901005277,GBBL,37,57,293,200.00,"58,600.00"
2019-12-29,2019122901005276,GBBL,21,57,67,200.00,"13,400.00"
2019-12-29,2019122901005425,GBLBS,58,52,90,316.00,"28,440.00"
2019-12-29,2019122901005406,GBLBS,6,52,100,316.00,"31,600.00"
2019-12-29,2019122901005091,GBLBS,41,52,10,316.00,"3,160.00"
2019-12-29,2019122901005065,GBLBS,16,35,5,316.00,"1,580.00"
2019-12-29,2019122901005064,GBLBS,41,35,10,316.00,"3,160.00"
2019-12-29,2019122901005333,GLBSL,13,13,10,451.00,"4,510.00"
2019-12-29,2019122901005413,GLICL,58,7,900,444.00,"399,600.00"
2019-12-29,2019122901005314,GLICL,58,3,100,444.00,"44,400.00"
2019-12-29,2019122901005079,GLICL,58,56,161,444.00,"71,484.00"
2019-12-29,2019122901005214,GMFBS,35,33,190,563.00,"106,970.00"
2019-12-29,2019122901005213,GMFBS,35,38,10,563.00,"5,630.00"
2019-12-29,2019122901005100,GMFBS,40,40,10,564.00,"5,640.00"
2019-12-29,2019122901005302,HDL,21,58,60,"1,184.00","71,040.00"
2019-12-29,2019122901005301,HDL,45,58,200,"1,184.00","236,800.00"
2019-12-29,2019122901005300,HDL,49,58,100,"1,185.00","118,500.00"
2019-12-29,2019122901005299,HDL,45,58,140,"1,185.00","165,900.00"
2019-12-29,2019122901005212,HDL,45,58,10,"1,185.00","11,850.00"
2019-12-29,2019122901005211,HDL,51,58,20,"1,185.00","23,700.00"
2019-12-29,2019122901005210,HDL,11,58,100,"1,185.00","118,500.00"
2019-12-29,2019122901005209,HDL,40,58,10,"1,185.00","11,850.00"
2019-12-29,2019122901005208,HDL,5,58,10,"1,186.00","11,860.00"
2019-12-29,2019122901005207,HDL,35,58,200,"1,186.00","237,200.00"
2019-12-29,2019122901005206,HDL,55,58,50,"1,187.00","59,350.00"
2019-12-29,2019122901005205,HDL,57,58,100,"1,190.00","119,000.00"
2019-12-29,2019122901005215,HGI,25,39,80,281.00,"22,480.00"
2019-12-29,2019122901005449,HIDCL,41,5,81,144.00,"11,664.00"
2019-12-29,2019122901005448,HIDCL,26,5,300,144.00,"43,200.00"
2019-12-29,2019122901005447,HIDCL,42,5,50,144.00,"7,200.00"
2019-12-29,2019122901005446,HIDCL,21,5,69,144.00,"9,936.00"
2019-12-29,2019122901005428,HIDCL,21,34,131,144.00,"18,864.00"
2019-12-29,2019122901005427,HIDCL,34,34,60,144.00,"8,640.00"
2019-12-29,2019122901005304,HIDCL,34,6,40,144.00,"5,760.00"
2019-12-29,2019122901005303,HIDCL,10,6,39,144.00,"5,616.00"
2019-12-29,2019122901005118,HIDCL,10,58,61,144.00,"8,784.00"
2019-12-29,2019122901005189,HPPL,18,52,500,139.00,"69,500.00"
2019-12-29,2019122901005053,HPPL,13,13,20,140.00,"2,800.00"
2019-12-29,2019122901005407,HURJA,7,35,20,102.00,"2,040.00"
2019-12-29,2019122901005374,HURJA,7,16,20,102.00,"2,040.00"
2019-12-29,2019122901005348,ICFC,58,47,405,160.00,"64,800.00"
2019-12-29,2019122901005347,ICFC,45,47,300,160.00,"48,000.00"
2019-12-29,2019122901005346,ICFC,45,47,35,160.00,"5,600.00"
2019-12-29,2019122901005345,ICFC,49,47,360,162.00,"58,320.00"
2019-12-29,2019122901004984,ICFC,49,44,490,162.00,"79,380.00"
2019-12-29,2019122901005142,IGI,34,7,10,301.00,"3,010.00"
2019-12-29,2019122901005141,IGI,48,7,50,301.00,"15,050.00"
2019-12-29,2019122901005316,ILBS,13,13,10,517.00,"5,170.00"
2019-12-29,2019122901005077,ILBS,1,57,150,517.00,"77,550.00"
2019-12-29,2019122901005450,JBBL,17,33,200,167.00,"33,400.00"
2019-12-29,2019122901005112,JBBL,5,58,100,168.00,"16,800.00"
2019-12-29,2019122901005096,JBBL,17,56,262,167.00,"43,754.00"
2019-12-29,2019122901005429,JFL,48,46,392,199.00,"78,008.00"
2019-12-29,2019122901005260,JFL,45,46,150,199.00,"29,850.00"
2019-12-29,2019122901005259,JFL,45,59,50,199.00,"9,950.00"
2019-12-29,2019122901005048,JFL,51,49,19,198.00,"3,762.00"
2019-12-29,2019122901004961,JFL,34,1,"1,180",198.00,"233,640.00"
2019-12-29,2019122901005315,KADBL,5,1,100,237.00,"23,700.00"
2019-12-29,2019122901005232,KADBL,4,45,30,237.00,"7,110.00"
2019-12-29,2019122901005231,KADBL,4,17,176,237.00,"41,712.00"
2019-12-29,2019122901005230,KADBL,4,4,50,237.00,"11,850.00"
2019-12-29,2019122901005069,KADBL,5,4,50,236.00,"11,800.00"
2019-12-29,2019122901005068,KADBL,5,42,"1,000",236.00,"236,000.00"
2019-12-29,2019122901005412,KBL,43,6,198,176.00,"34,848.00"
2019-12-29,2019122901005411,KBL,25,6,29,176.00,"5,104.00"
2019-12-29,2019122901005271,KBL,25,6,21,176.00,"3,696.00"
2019-12-29,2019122901005226,KBL,56,39,50,177.00,"8,850.00"
2019-12-29,2019122901005225,KBL,35,39,162,177.00,"28,674.00"
2019-12-29,2019122901005125,KBL,35,57,137,177.00,"24,249.00"
2019-12-29,2019122901005051,KBL,34,11,20,177.00,"3,540.00"
2019-12-29,2019122901004976,KBL,34,42,450,177.00,"79,650.00"
2019-12-29,2019122901005124,KBL,28,57,363,177.00,"64,251.00"
2019-12-29,2019122901005088,KBL,28,43,637,177.00,"112,749.00"
2019-12-29,2019122901005087,KBL,42,43,100,177.00,"17,700.00"
2019-12-29,2019122901005086,KBL,16,43,263,177.00,"46,551.00"
2019-12-29,2019122901005083,KBL,16,43,737,177.00,"130,449.00"
2019-12-29,2019122901005082,KBL,34,43,263,177.00,"46,551.00"
2019-12-29,2019122901005337,KKHC,42,34,16,51.00,816.00
2019-12-29,2019122901005386,KPCL,51,16,10,83.00,830.00
2019-12-29,2019122901005318,KSBBL,49,49,8,134.00,"1,072.00"
2019-12-29,2019122901005270,KSBBL,49,35,48,135.00,"6,480.00"
2019-12-29,2019122901005195,KSBBL,57,49,48,134.00,"6,432.00"
2019-12-29,2019122901005267,LBL,43,49,76,190.00,"14,440.00"
2019-12-29,2019122901005254,LGIL,13,39,30,330.00,"9,900.00"
2019-12-29,2019122901005154,MBL,37,25,20,216.00,"4,320.00"
2019-12-29,2019122901004957,MBL,59,50,90,217.00,"19,530.00"
2019-12-29,2019122901005375,MEGA,43,6,200,181.00,"36,200.00"
2019-12-29,2019122901005015,MEGA,43,35,196,181.00,"35,476.00"
2019-12-29,2019122901005166,MERO,42,34,10,445.00,"4,450.00"
2019-12-29,2019122901005273,MFIL,32,55,"1,000",144.00,"144,000.00"
2019-12-29,2019122901005272,MFIL,32,52,50,144.00,"7,200.00"
2019-12-29,2019122901004973,MFIL,19,52,"1,000",144.00,"144,000.00"
2019-12-29,2019122901005281,MLBL,49,8,30,171.00,"5,130.00"
2019-12-29,2019122901005164,MNBBL,42,53,200,273.00,"54,600.00"
2019-12-29,2019122901005143,MNBBL,42,51,110,273.00,"30,030.00"
2019-12-29,2019122901005132,MSLB,52,52,50,899.00,"44,950.00"
2019-12-29,2019122901005433,NABIL,5,19,20,675.00,"13,500.00"
2019-12-29,2019122901005432,NABIL,25,19,14,675.00,"9,450.00"
2019-12-29,2019122901005422,NABIL,4,29,400,676.00,"270,400.00"
2019-12-29,2019122901005365,NABIL,25,32,200,675.00,"135,000.00"
2019-12-29,2019122901005043,NABIL,25,41,86,675.00,"58,050.00"
2019-12-29,2019122901005042,NABIL,25,41,14,675.00,"9,450.00"
2019-12-29,2019122901004993,NABIL,25,35,286,675.00,"193,050.00"
2019-12-29,2019122901004992,NABIL,32,35,14,675.00,"9,450.00"
2019-12-29,2019122901005227,NBB,25,49,"1,023",186.00,"190,278.00"
2019-12-29,2019122901005224,NBB,25,32,400,186.00,"74,400.00"
2019-12-29,2019122901005129,NBB,25,1,500,186.00,"93,000.00"
2019-12-29,2019122901005119,NBB,25,6,100,186.00,"18,600.00"
2019-12-29,2019122901005099,NBB,25,43,180,186.00,"33,480.00"
2019-12-29,2019122901005379,NBL,14,45,500,265.00,"132,500.00"
2019-12-29,2019122901005378,NBL,26,45,200,265.00,"53,000.00"
2019-12-29,2019122901005279,NBL,26,53,300,265.00,"79,500.00"
2019-12-29,2019122901005278,NBL,13,53,50,265.00,"13,250.00"
2019-12-29,2019122901005269,NBL,25,49,34,266.00,"9,044.00"
2019-12-29,2019122901005268,NBL,25,3,66,266.00,"17,556.00"
2019-12-29,2019122901005242,NBL,13,56,"1,000",265.00,"265,000.00"
2019-12-29,2019122901005187,NBL,59,3,95,266.00,"25,270.00"
2019-12-29,2019122901005101,NBL,46,3,100,266.00,"26,600.00"
2019-12-29,2019122901005405,NCCB,5,48,100,201.00,"20,100.00"
2019-12-29,2019122901005404,NCCB,42,48,100,201.00,"20,100.00"
2019-12-29,2019122901005403,NCCB,4,48,499,201.00,"100,299.00"
2019-12-29,2019122901005402,NCCB,1,48,200,201.00,"40,200.00"
2019-12-29,2019122901005401,NCCB,14,48,500,201.00,"100,500.00"
2019-12-29,2019122901005400,NCCB,17,48,474,201.00,"95,274.00"
2019-12-29,2019122901005066,NCCB,17,19,400,201.00,"80,400.00"
2019-12-29,2019122901004991,NCCB,37,40,100,202.00,"20,200.00"
2019-12-29,2019122901005234,NHPC,39,50,470,51.00,"23,970.00"
2019-12-29,2019122901005233,NHPC,39,35,30,51.00,"1,530.00"
2019-12-29,2019122901005418,NIB,38,56,44,432.00,"19,008.00"
2019-12-29,2019122901005417,NIB,32,56,30,432.00,"12,960.00"
2019-12-29,2019122901005416,NIB,34,56,200,432.00,"86,400.00"
2019-12-29,2019122901005415,NIB,35,56,50,432.00,"21,600.00"
2019-12-29,2019122901005414,NIB,48,56,76,432.00,"32,832.00"
2019-12-29,2019122901004975,NIB,34,57,44,433.00,"19,052.00"
2019-12-29,2019122901004968,NIB,34,57,20,433.00,"8,660.00"
2019-12-29,2019122901004967,NIB,59,57,24,433.00,"10,392.00"
2019-12-29,2019122901004958,NIB,59,57,44,433.00,"19,052.00"
2019-12-29,2019122901005037,NIB,29,51,30,433.00,"12,990.00"
2019-12-29,2019122901005034,NIB,29,39,50,434.00,"21,700.00"
2019-12-29,2019122901005023,NIB,34,57,44,433.00,"19,052.00"
2019-12-29,2019122901005017,NIB,34,57,44,433.00,"19,052.00"
2019-12-29,2019122901005007,NIB,34,57,44,433.00,"19,052.00"
2019-12-29,2019122901004990,NIB,49,39,30,434.00,"13,020.00"
2019-12-29,2019122901005073,NIB,45,17,50,433.00,"21,650.00"
2019-12-29,2019122901005072,NIB,45,17,56,433.00,"24,248.00"
2019-12-29,2019122901005046,NIB,45,57,44,433.00,"19,052.00"
2019-12-29,2019122901005040,NIB,26,51,500,433.00,"216,500.00"
2019-12-29,2019122901005039,NIB,37,51,444,433.00,"192,252.00"
2019-12-29,2019122901005038,NIB,35,51,20,433.00,"8,660.00"
2019-12-29,2019122901005135,NIB,42,33,100,432.00,"43,200.00"
2019-12-29,2019122901005134,NIB,1,33,100,432.00,"43,200.00"
2019-12-29,2019122901005111,NIB,7,43,63,433.00,"27,279.00"
2019-12-29,2019122901005109,NIB,7,34,137,433.00,"59,321.00"
2019-12-29,2019122901005084,NIB,26,34,124,433.00,"53,692.00"
2019-12-29,2019122901005074,NIB,26,17,126,433.00,"54,558.00"
2019-12-29,2019122901005221,NIB,52,39,44,433.00,"19,052.00"
2019-12-29,2019122901005216,NIB,52,39,44,433.00,"19,052.00"
2019-12-29,2019122901005186,NIB,52,43,37,433.00,"16,021.00"
2019-12-29,2019122901005150,NIB,48,38,44,432.00,"19,008.00"
2019-12-29,2019122901005137,NIB,48,33,80,432.00,"34,560.00"
2019-12-29,2019122901005136,NIB,53,33,100,432.00,"43,200.00"
2019-12-29,2019122901005342,NIB,17,39,206,434.00,"89,404.00"
2019-12-29,2019122901005341,NIB,17,52,27,433.00,"11,691.00"
2019-12-29,2019122901005340,NIB,17,43,77,433.00,"33,341.00"
2019-12-29,2019122901005317,NIB,52,52,21,433.00,"9,093.00"
2019-12-29,2019122901005262,NIB,52,48,10,433.00,"4,330.00"
2019-12-29,2019122901005253,NIB,52,39,44,433.00,"19,052.00"
2019-12-29,2019122901005419,NIBLPF,43,16,"1,263",7.00,"8,841.00"
2019-12-29,2019122901005229,NIBLPF,43,35,"1,313",7.00,"9,191.00"
2019-12-29,2019122901005228,NIBLPF,45,35,"1,212",7.05,"8,544.60"
2019-12-29,2019122901005108,NIBLPF,45,13,"2,525",7.05,"17,801.25"
2019-12-29,2019122901005366,NIBPO,8,17,130,404.00,"52,520.00"
2019-12-29,2019122901005264,NIBPO,13,17,870,404.00,"351,480.00"
2019-12-29,2019122901005263,NIBPO,13,39,130,404.00,"52,520.00"
2019-12-29,2019122901005298,NIBSF1,41,8,217,8.36,"1,814.12"
2019-12-29,2019122901005387,NICA,11,6,10,406.00,"4,060.00"
2019-12-29,2019122901005385,NICA,53,6,300,406.00,"121,800.00"
2019-12-29,2019122901005384,NICA,44,6,500,406.00,"203,000.00"
2019-12-29,2019122901005383,NICA,44,6,60,407.00,"24,420.00"
2019-12-29,2019122901005382,NICA,56,6,100,407.00,"40,700.00"
2019-12-29,2019122901005381,NICA,36,6,400,407.00,"162,800.00"
2019-12-29,2019122901005380,NICA,56,6,20,408.00,"8,160.00"
2019-12-29,2019122901005355,NICA,11,56,11,408.00,"4,488.00"
2019-12-29,2019122901004959,NICAD8283,8,39,50,"1,011.00","50,550.00"
2019-12-29,2019122901005431,NICL,34,7,331,292.00,"96,652.00"
2019-12-29,2019122901005361,NICL,50,44,"2,000",293.00,"586,000.00"
2019-12-29,2019122901005360,NICL,17,44,250,293.00,"73,250.00"
2019-12-29,2019122901005359,NICL,38,44,70,294.00,"20,580.00"
2019-12-29,2019122901004983,NIL,45,41,580,408.00,"236,640.00"
2019-12-29,2019122901004982,NIL,57,41,200,408.00,"81,600.00"
2019-12-29,2019122901004981,NIL,44,41,200,408.00,"81,600.00"
2019-12-29,2019122901004980,NIL,26,41,20,408.00,"8,160.00"
2019-12-29,2019122901004979,NLBBL,19,50,50,480.00,"24,000.00"
2019-12-29,2019122901004978,NLBBL,22,50,500,480.00,"240,000.00"
2019-12-29,2019122901004977,NLBBL,36,50,35,481.00,"16,835.00"
2019-12-29,2019122901005445,NLIC,56,49,200,927.00,"185,400.00"
2019-12-29,2019122901005435,NLIC,56,3,140,927.00,"129,780.00"
2019-12-29,2019122901005434,NLIC,53,3,60,928.00,"55,680.00"
2019-12-29,2019122901005388,NLIC,53,14,40,928.00,"37,120.00"
2019-12-29,2019122901005339,NLIC,7,4,51,928.00,"47,328.00"
2019-12-29,2019122901005284,NLIC,38,51,15,928.00,"13,920.00"
2019-12-29,2019122901004953,NLIC,28,39,212,929.00,"196,948.00"
2019-12-29,2019122901004952,NLIC,7,39,200,930.00,"186,000.00"
2019-12-29,2019122901004951,NLIC,8,39,51,930.00,"47,430.00"
2019-12-29,2019122901005093,NLIC,7,35,50,928.00,"46,400.00"
2019-12-29,2019122901005092,NLIC,38,35,16,928.00,"14,848.00"
2019-12-29,2019122901004974,NLIC,38,35,34,928.00,"31,552.00"
2019-12-29,2019122901004956,NLIC,38,39,150,928.00,"139,200.00"
2019-12-29,2019122901004955,NLIC,29,39,100,929.00,"92,900.00"
2019-12-29,2019122901004954,NLIC,41,39,100,929.00,"92,900.00"
2019-12-29,2019122901005376,NLICL,13,45,42,472.00,"19,824.00"
2019-12-29,2019122901005022,NLICL,13,45,80,472.00,"37,760.00"
2019-12-29,2019122901004972,NLICL,13,45,178,472.00,"84,016.00"
2019-12-29,2019122901004966,NLICL,33,45,22,473.00,"10,406.00"
2019-12-29,2019122901005295,NMB,45,56,101,323.00,"32,623.00"
2019-12-29,2019122901005294,NMB,28,56,38,323.00,"12,274.00"
2019-12-29,2019122901005243,NMB,28,32,100,323.00,"32,300.00"
2019-12-29,2019122901005155,NMBHF1,56,35,"4,161",8.43,"35,077.23"
2019-12-29,2019122901005153,NMFBS,13,13,1,"1,220.00","1,220.00"
2019-12-29,2019122901005162,NNLB,13,52,100,494.00,"49,400.00"
2019-12-29,2019122901005390,NSEWA,33,35,120,523.00,"62,760.00"
2019-12-29,2019122901005127,NSEWA,34,35,40,523.00,"20,920.00"
2019-12-29,2019122901005190,NTC,6,18,20,659.00,"13,180.00"
2019-12-29,2019122901005168,NTC,6,26,30,659.00,"19,770.00"
2019-12-29,2019122901005389,OHL,45,17,150,438.00,"65,700.00"
2019-12-29,2019122901005113,OHL,14,57,200,438.00,"87,600.00"
2019-12-29,2019122901005423,PCBL,49,54,81,279.00,"22,599.00"
2019-12-29,2019122901005410,PCBL,14,54,167,279.00,"46,593.00"
2019-12-29,2019122901005409,PCBL,14,47,43,279.00,"11,997.00"
2019-12-29,2019122901005408,PCBL,14,54,790,279.00,"220,410.00"
2019-12-29,2019122901005399,PCBL,14,54,210,279.00,"58,590.00"
2019-12-29,2019122901005398,PCBL,14,5,26,279.00,"7,254.00"
2019-12-29,2019122901005117,PCBL,38,49,500,278.00,"139,000.00"
2019-12-29,2019122901005114,PCBL,42,52,13,279.00,"3,627.00"
2019-12-29,2019122901005089,PCBL,51,42,50,279.00,"13,950.00"
2019-12-29,2019122901005036,PCBL,38,41,191,278.00,"53,098.00"
2019-12-29,2019122901005035,PCBL,6,41,"1,009",278.00,"280,502.00"
2019-12-29,2019122901005024,PCBL,38,42,"1,000",279.00,"279,000.00"
2019-12-29,2019122901005188,PCBL,28,38,12,278.00,"3,336.00"
2019-12-29,2019122901005185,PCBL,28,58,233,278.00,"64,774.00"
2019-12-29,2019122901005184,PCBL,45,58,30,278.00,"8,340.00"
2019-12-29,2019122901005183,PCBL,7,58,100,278.00,"27,800.00"
2019-12-29,2019122901005182,PCBL,38,58,145,278.00,"40,310.00"
2019-12-29,2019122901005149,PCBL,38,49,81,278.00,"22,518.00"
2019-12-29,2019122901005357,PCBL,14,56,162,278.00,"45,036.00"
2019-12-29,2019122901005334,PCBL,45,52,52,279.00,"14,508.00"
2019-12-29,2019122901005261,PCBL,14,36,700,278.00,"194,600.00"
2019-12-29,2019122901005220,PCBL,14,56,208,278.00,"57,824.00"
2019-12-29,2019122901005219,PCBL,53,56,100,278.00,"27,800.00"
2019-12-29,2019122901005218,PCBL,28,56,255,278.00,"70,890.00"
2019-12-29,2019122901005397,PCBL,14,45,28,279.00,"7,812.00"
2019-12-29,2019122901005396,PCBL,14,19,300,279.00,"83,700.00"
2019-12-29,2019122901005395,PCBL,14,51,200,279.00,"55,800.00"
2019-12-29,2019122901005394,PCBL,14,47,100,279.00,"27,900.00"
2019-12-29,2019122901005393,PCBL,14,52,35,279.00,"9,765.00"
2019-12-29,2019122901005392,PCBL,14,47,101,279.00,"28,179.00"
2019-12-29,2019122901005076,PIC,16,57,100,403.00,"40,300.00"
2019-12-29,2019122901005016,PIC,16,7,100,403.00,"40,300.00"
2019-12-29,2019122901005177,PLIC,49,57,"1,000",351.00,"351,000.00"
2019-12-29,2019122901004989,PLIC,37,51,50,350.00,"17,500.00"
2019-12-29,2019122901004988,PLIC,42,51,50,350.00,"17,500.00"
2019-12-29,2019122901004987,PLIC,43,51,200,350.00,"70,000.00"
2019-12-29,2019122901004986,PLIC,45,51,45,351.00,"15,795.00"
2019-12-29,2019122901004971,PLIC,45,51,50,352.00,"17,600.00"
2019-12-29,2019122901004970,PLIC,57,51,200,352.00,"70,400.00"
2019-12-29,2019122901004969,PLIC,42,51,30,353.00,"10,590.00"
2019-12-29,2019122901005373,PMHPL,10,35,10,84.00,840.00
2019-12-29,2019122901005241,PPCL,49,35,30,107.00,"3,210.00"
2019-12-29,2019122901005240,PPCL,49,42,10,107.00,"1,070.00"
2019-12-29,2019122901005239,PPCL,49,8,30,107.00,"3,210.00"
2019-12-29,2019122901005169,PPCL,1,45,10,106.00,"1,060.00"
2019-12-29,2019122901005193,PRVU,43,38,15,223.00,"3,345.00"
2019-12-29,2019122901005163,PRVU,43,38,15,223.00,"3,345.00"
2019-12-29,2019122901005055,PRVU,41,36,"2,000",224.00,"448,000.00"
2019-12-29,2019122901005054,PRVU,53,36,"2,402",224.00,"538,048.00"
2019-12-29,2019122901005061,PRVU,56,36,300,224.00,"67,200.00"
2019-12-29,2019122901005060,PRVU,34,36,200,224.00,"44,800.00"
2019-12-29,2019122901005059,PRVU,51,36,200,224.00,"44,800.00"
2019-12-29,2019122901005058,PRVU,43,36,25,224.00,"5,600.00"
2019-12-29,2019122901005057,PRVU,8,36,"1,000",224.00,"224,000.00"
2019-12-29,2019122901005056,PRVU,8,36,500,224.00,"112,000.00"
2019-12-29,2019122901005145,PRVU,14,38,870,224.00,"194,880.00"
2019-12-29,2019122901005144,PRVU,41,38,827,224.00,"185,248.00"
2019-12-29,2019122901005063,PRVU,41,36,173,224.00,"38,752.00"
2019-12-29,2019122901005062,PRVU,46,36,200,224.00,"44,800.00"
2019-12-29,2019122901005197,RADHI,14,38,11,138.00,"1,518.00"
2019-12-29,2019122901005170,RADHI,14,38,11,138.00,"1,518.00"
2019-12-29,2019122901005362,RHPC,10,3,101,70.00,"7,070.00"
2019-12-29,2019122901005350,RHPL,57,38,200,168.00,"33,600.00"
2019-12-29,2019122901005291,RHPL,13,13,40,168.00,"6,720.00"
2019-12-29,2019122901005266,RHPL,45,6,10,167.00,"1,670.00"
2019-12-29,2019122901005191,RHPL,45,35,30,167.00,"5,010.00"
2019-12-29,2019122901005165,RHPL,45,45,10,167.00,"1,670.00"
2019-12-29,2019122901005126,RHPL,40,40,30,168.00,"5,040.00"
2019-12-29,2019122901005116,RHPL,13,13,50,168.00,"8,400.00"
2019-12-29,2019122901005021,RHPL,40,40,30,168.00,"5,040.00"
2019-12-29,2019122901005353,RMDC,43,50,20,535.00,"10,700.00"
2019-12-29,2019122901005343,RRHP,47,40,10,97.00,970.00
2019-12-29,2019122901005196,RRHP,47,40,10,97.00,970.00
2019-12-29,2019122901005296,RSDC,48,38,18,316.00,"5,688.00"
2019-12-29,2019122901005067,RSDC,8,6,86,316.00,"27,176.00"
2019-12-29,2019122901005217,SABSL,13,26,10,542.00,"5,420.00"
2019-12-29,2019122901005192,SABSL,13,26,10,542.00,"5,420.00"
2019-12-29,2019122901005133,SABSL,40,40,10,543.00,"5,430.00"
2019-12-29,2019122901005178,SAEF,57,35,"1,000",8.51,"8,510.00"
2019-12-29,2019122901005320,SANIMA,52,8,98,311.00,"30,478.00"
2019-12-29,2019122901005319,SANIMA,34,8,216,311.00,"67,176.00"
2019-12-29,2019122901005354,SAPDBL,10,57,400,123.00,"49,200.00"
2019-12-29,2019122901005265,SAPDBL,10,35,143,123.00,"17,589.00"
2019-12-29,2019122901005049,SAPDBL,10,34,560,123.00,"68,880.00"
2019-12-29,2019122901005095,SBL,14,43,379,287.00,"108,773.00"
2019-12-29,2019122901005094,SBL,14,43,103,287.00,"29,561.00"
2019-12-29,2019122901005020,SBL,14,49,117,287.00,"33,579.00"
2019-12-29,2019122901005430,SCB,44,41,45,528.00,"23,760.00"
2019-12-29,2019122901005121,SCB,44,41,100,528.00,"52,800.00"
2019-12-29,2019122901005050,SCB,44,45,153,528.00,"80,784.00"
2019-12-29,2019122901005080,SFCL,3,38,20,98.00,"1,960.00"
2019-12-29,2019122901005081,SFFIL,32,57,90,190.00,"17,100.00"
2019-12-29,2019122901005437,SHIVM,1,32,50,444.00,"22,200.00"
2019-12-29,2019122901005352,SHIVM,46,28,300,443.00,"132,900.00"
2019-12-29,2019122901005275,SHIVM,45,39,50,442.00,"22,100.00"
2019-12-29,2019122901005252,SHIVM,45,7,10,442.00,"4,420.00"
2019-12-29,2019122901005078,SHIVM,45,50,"1,000",442.00,"442,000.00"
2019-12-29,2019122901005071,SHIVM,45,37,400,442.00,"176,800.00"
2019-12-29,2019122901005070,SHIVM,21,37,100,442.00,"44,200.00"
2019-12-29,2019122901005323,SINDU,34,16,368,135.00,"49,680.00"
2019-12-29,2019122901005115,SINDU,46,16,132,135.00,"17,820.00"
2019-12-29,2019122901005424,SJCL,13,10,10,156.00,"1,560.00"
2019-12-29,2019122901005251,SJCL,13,13,20,156.00,"3,120.00"
2019-12-29,2019122901005250,SJCL,13,10,10,156.00,"1,560.00"
2019-12-29,2019122901005249,SJCL,13,13,20,156.00,"3,120.00"
2019-12-29,2019122901005248,SJCL,13,10,10,156.00,"1,560.00"
2019-12-29,2019122901005075,SJCL,39,40,10,155.00,"1,550.00"
2019-12-29,2019122901005041,SJCL,40,16,10,156.00,"1,560.00"
2019-12-29,2019122901005140,SJCL,40,10,10,156.00,"1,560.00"
2019-12-29,2019122901005139,SJCL,40,10,10,156.00,"1,560.00"
2019-12-29,2019122901005130,SJCL,42,35,20,155.00,"3,100.00"
2019-12-29,2019122901005123,SJCL,13,10,10,156.00,"1,560.00"
2019-12-29,2019122901005122,SJCL,13,16,10,156.00,"1,560.00"
2019-12-29,2019122901005085,SJCL,42,42,20,155.00,"3,100.00"
2019-12-29,2019122901005247,SJCL,13,13,20,156.00,"3,120.00"
2019-12-29,2019122901005246,SJCL,13,10,10,156.00,"1,560.00"
2019-12-29,2019122901005245,SJCL,13,10,10,156.00,"1,560.00"
2019-12-29,2019122901005244,SJCL,13,13,20,156.00,"3,120.00"
2019-12-29,2019122901005156,SJCL,42,45,10,155.00,"1,550.00"
2019-12-29,2019122901005151,SJCL,42,40,20,155.00,"3,100.00"
2019-12-29,2019122901005440,SKBBL,44,48,16,980.00,"15,680.00"
2019-12-29,2019122901005439,SKBBL,26,48,23,981.00,"22,563.00"
2019-12-29,2019122901005338,SKBBL,26,51,77,981.00,"75,537.00"
2019-12-29,2019122901005198,SKBBL,44,11,14,980.00,"13,720.00"
2019-12-29,2019122901005006,SKBBL,42,39,30,980.00,"29,400.00"
2019-12-29,2019122901005005,SKBBL,17,39,500,980.00,"490,000.00"
2019-12-29,2019122901004998,SKBBL,55,39,100,982.00,"98,200.00"
2019-12-29,2019122901004997,SKBBL,52,39,150,982.00,"147,300.00"
2019-12-29,2019122901004996,SKBBL,28,39,70,982.00,"68,740.00"
2019-12-29,2019122901004995,SKBBL,6,39,100,983.00,"98,300.00"
2019-12-29,2019122901004994,SKBBL,45,39,20,983.00,"19,660.00"
2019-12-29,2019122901005004,SKBBL,59,39,20,980.00,"19,600.00"
2019-12-29,2019122901005003,SKBBL,45,39,500,981.00,"490,500.00"
2019-12-29,2019122901005002,SKBBL,45,39,10,981.00,"9,810.00"
2019-12-29,2019122901005001,SKBBL,47,39,100,982.00,"98,200.00"
2019-12-29,2019122901005000,SKBBL,35,39,100,982.00,"98,200.00"
2019-12-29,2019122901004999,SKBBL,57,39,20,982.00,"19,640.00"
2019-12-29,2019122901005444,SLBBL,37,51,10,554.00,"5,540.00"
2019-12-29,2019122901005199,SLBBL,44,3,92,547.00,"50,324.00"
2019-12-29,2019122901005204,SLBBL,20,46,78,547.00,"42,666.00"
2019-12-29,2019122901005203,SLBBL,20,55,230,547.00,"125,810.00"
2019-12-29,2019122901005202,SLBBL,20,57,100,547.00,"54,700.00"
2019-12-29,2019122901005201,SLBBL,20,57,92,547.00,"50,324.00"
2019-12-29,2019122901005200,SLBBL,44,57,208,547.00,"113,776.00"
2019-12-29,2019122901005297,SLBBL,21,46,22,547.00,"12,034.00"
2019-12-29,2019122901005292,SLICL,26,39,70,293.00,"20,510.00"
2019-12-29,2019122901005289,SLICL,26,6,213,293.00,"62,409.00"
2019-12-29,2019122901005288,SLICL,33,6,179,293.00,"52,447.00"
2019-12-29,2019122901005033,SLICL,33,39,"1,821",293.00,"533,553.00"
2019-12-29,2019122901005032,SLICL,45,39,179,293.00,"52,447.00"
2019-12-29,2019122901004965,SLICL,45,36,21,293.00,"6,153.00"
2019-12-29,2019122901004964,SLICL,26,36,200,293.00,"58,600.00"
2019-12-29,2019122901004963,SLICL,34,36,14,294.00,"4,116.00"
2019-12-29,2019122901005148,SMB,1,22,10,600.00,"6,000.00"
2019-12-29,2019122901005147,SMB,51,22,10,600.00,"6,000.00"
2019-12-29,2019122901005146,SMB,54,22,10,600.00,"6,000.00"
2019-12-29,2019122901005443,SMFDB,41,4,90,641.00,"57,690.00"
2019-12-29,2019122901005442,SMFDB,37,4,10,642.00,"6,420.00"
2019-12-29,2019122901005441,SMFDB,38,4,100,642.00,"64,200.00"
2019-12-29,2019122901005045,SPARS,18,33,290,550.00,"159,500.00"
2019-12-29,2019122901005128,SRBL,49,5,244,216.00,"52,704.00"
2019-12-29,2019122901005120,SRBL,14,49,244,215.00,"52,460.00"
2019-12-29,2019122901005438,STC,28,58,100,"1,929.00","192,900.00"
2019-12-29,2019122901005421,STC,51,58,75,"1,929.00","144,675.00"
2019-12-29,2019122901005420,STC,51,49,25,"1,929.00","48,225.00"
2019-12-29,2019122901005324,STC,52,49,50,"1,929.00","96,450.00"
2019-12-29,2019122901005322,STC,33,49,25,"1,929.00","48,225.00"
2019-12-29,2019122901005258,STC,59,49,100,"1,929.00","192,900.00"
2019-12-29,2019122901005257,STC,59,58,100,"1,929.00","192,900.00"
2019-12-29,2019122901005194,SWBBL,28,16,50,815.00,"40,750.00"
2019-12-29,2019122901005255,TRH,53,45,480,265.00,"127,200.00"
2019-12-29,2019122901005311,UIC,29,21,500,283.00,"141,500.00"
2019-12-29,2019122901005332,UPPER,35,38,209,232.00,"48,488.00"
2019-12-29,2019122901005331,UPPER,59,38,100,232.00,"23,200.00"
2019-12-29,2019122901005330,UPPER,38,38,100,232.00,"23,200.00"
2019-12-29,2019122901005329,UPPER,42,38,100,233.00,"23,300.00"
2019-12-29,2019122901005104,UPPER,43,35,51,233.00,"11,883.00"
2019-12-29,2019122901005018,UPPER,43,42,50,233.00,"11,650.00"
2019-12-29,2019122901004962,UPPER,40,49,50,234.00,"11,700.00"
2019-12-29,2019122901004960,UPPER,43,40,50,233.00,"11,650.00"
2019-12-29,2019122901005107,UPPER,17,35,59,233.00,"13,747.00"
2019-12-29,2019122901005106,UPPER,44,35,150,233.00,"34,950.00"
2019-12-29,2019122901005105,UPPER,1,35,100,233.00,"23,300.00"
2019-12-29,2019122901005290,UPPER,17,52,60,233.00,"13,980.00"
2019-12-29,2019122901005328,UPPER,41,38,10,233.00,"2,330.00"
2019-12-29,2019122901005327,UPPER,59,38,50,233.00,"11,650.00"
2019-12-29,2019122901005326,UPPER,52,38,200,233.00,"46,600.00"
2019-12-29,2019122901005325,UPPER,17,38,31,233.00,"7,223.00"
2019-12-29,2019122901005293,UPPER,40,40,293,233.00,"68,269.00"
2019-12-29,2019122901005052,VLBS,33,51,10,615.00,"6,150.00"
2019-12-29,2019122901004863,ADBL,45,41,25,369.00,"9,225.00"
2019-12-29,2019122901004862,ADBL,45,11,83,369.00,"30,627.00"
2019-12-29,2019122901004838,ADBL,53,29,26,368.00,"9,568.00"
2019-12-29,2019122901004803,ADBL,53,35,56,368.00,"20,608.00"
2019-12-29,2019122901004801,ADBL,41,52,332,367.00,"121,844.00"
2019-12-29,2019122901004800,ADBL,45,52,20,367.00,"7,340.00"
2019-12-29,2019122901004799,ADBL,6,52,50,368.00,"18,400.00"
2019-12-29,2019122901004798,ADBL,6,52,31,368.00,"11,408.00"
2019-12-29,2019122901004792,AHPC,46,35,150,89.00,"13,350.00"
2019-12-29,2019122901004791,AHPC,1,35,90,89.00,"8,010.00"
2019-12-29,2019122901004808,AKJCL,42,35,20,56.00,"1,120.00"
2019-12-29,2019122901004830,AKPL,43,32,500,108.00,"54,000.00"
2019-12-29,2019122901004829,AKPL,43,32,"1,000",108.00,"108,000.00"
2019-12-29,2019122901004828,AKPL,1,32,474,108.00,"51,192.00"
2019-12-29,2019122901004772,AKPL,1,58,13,108.00,"1,404.00"
2019-12-29,2019122901004771,ALBSL,40,40,10,472.00,"4,720.00"
2019-12-29,2019122901004742,ALBSL,58,58,400,475.00,"190,000.00"
2019-12-29,2019122901004690,ALBSL,14,14,10,472.00,"4,720.00"
2019-12-29,2019122901004612,ALBSL,47,8,430,479.00,"205,970.00"
2019-12-29,2019122901004626,ALICL,16,13,203,360.00,"73,080.00"
2019-12-29,2019122901004508,ALICL,43,13,500,360.00,"180,000.00"
2019-12-29,2019122901004706,API,34,58,11,105.00,"1,155.00"
2019-12-29,2019122901004475,API,34,41,217,105.00,"22,785.00"
2019-12-29,2019122901004474,API,42,41,283,105.00,"29,715.00"
2019-12-29,2019122901004473,BARUN,34,1,10,82.00,820.00
2019-12-29,2019122901004472,BARUN,29,1,140,82.00,"11,480.00"
2019-12-29,2019122901004456,BARUN,29,41,310,82.00,"25,420.00"
2019-12-29,2019122901004455,BARUN,57,41,200,83.00,"16,600.00"
2019-12-29,2019122901004866,BOKLPO,32,22,"37,100",137.00,"5,082,700.00"
2019-12-29,2019122901004819,BPCL,14,49,74,302.00,"22,348.00"
2019-12-29,2019122901004818,BPCL,19,49,26,302.00,"7,852.00"
2019-12-29,2019122901004786,CBL,52,1,20,135.00,"2,700.00"
2019-12-29,2019122901004785,CBL,40,1,35,135.00,"4,725.00"
2019-12-29,2019122901004721,CBL,42,47,100,136.00,"13,600.00"
2019-12-29,2019122901004567,CBL,40,5,930,135.00,"125,550.00"
2019-12-29,2019122901004928,CCBL,32,58,119,163.00,"19,397.00"
2019-12-29,2019122901004594,CFCL,32,43,237,115.00,"27,255.00"
2019-12-29,2019122901004639,CHCL,56,19,140,356.00,"49,840.00"
2019-12-29,2019122901004638,CHCL,45,19,150,356.00,"53,400.00"
2019-12-29,2019122901004637,CHCL,42,19,10,356.00,"3,560.00"
2019-12-29,2019122901004636,CHCL,44,19,50,356.00,"17,800.00"
2019-12-29,2019122901004903,CIT,36,34,100,"2,008.00","200,800.00"
2019-12-29,2019122901004694,CIT,34,34,1,"2,000.00","2,000.00"
2019-12-29,2019122901004580,CLBSL,38,29,170,539.00,"91,630.00"
2019-12-29,2019122901004723,CZBIL,42,35,100,182.00,"18,200.00"
2019-12-29,2019122901004941,DBBL,57,21,"1,000",135.00,"135,000.00"
2019-12-29,2019122901004705,DBBL,56,11,400,135.00,"54,000.00"
2019-12-29,2019122901004661,DBBL,25,36,400,134.00,"53,600.00"
2019-12-29,2019122901004660,DBBL,38,36,100,134.00,"13,400.00"
2019-12-29,2019122901004659,DBBL,37,36,500,134.00,"67,000.00"
2019-12-29,2019122901004658,DBBL,28,36,"1,000",134.00,"134,000.00"
2019-12-29,2019122901004840,DDBL,57,10,100,858.00,"85,800.00"
2019-12-29,2019122901004839,DDBL,26,10,100,859.00,"85,900.00"
2019-12-29,2019122901004591,DDBL,57,3,100,858.00,"85,800.00"
2019-12-29,2019122901004544,DDBL,21,7,71,855.00,"60,705.00"
2019-12-29,2019122901004543,DDBL,34,7,100,855.00,"85,500.00"
2019-12-29,2019122901004542,DDBL,22,7,33,855.00,"28,215.00"
2019-12-29,2019122901004539,DDBL,22,7,67,855.00,"57,285.00"
2019-12-29,2019122901004538,DDBL,53,7,200,856.00,"171,200.00"
2019-12-29,2019122901004537,DDBL,45,7,200,857.00,"171,400.00"
2019-12-29,2019122901004536,DDBL,45,7,33,858.00,"28,314.00"
2019-12-29,2019122901004770,DHPL,47,58,10,52.00,520.00
2019-12-29,2019122901004937,EBL,8,25,160,525.00,"84,000.00"
2019-12-29,2019122901004898,EBL,8,29,261,525.00,"137,025.00"
2019-12-29,2019122901004897,EBL,56,29,189,526.00,"99,414.00"
2019-12-29,2019122901004781,EBL,8,58,50,525.00,"26,250.00"
2019-12-29,2019122901004668,EIC,39,56,200,267.00,"53,400.00"
2019-12-29,2019122901004532,FOWAD,34,57,11,"1,388.00","15,268.00"
2019-12-29,2019122901004945,GBBL,4,7,200,201.00,"40,200.00"
2019-12-29,2019122901004811,GBBL,45,7,28,201.00,"5,628.00"
2019-12-29,2019122901004810,GBBL,45,28,15,201.00,"3,015.00"
2019-12-29,2019122901004773,GBBL,39,28,200,201.00,"40,200.00"
2019-12-29,2019122901004604,GBLBS,44,16,150,314.00,"47,100.00"
2019-12-29,2019122901004710,GGBSL,11,54,40,599.00,"23,960.00"
2019-12-29,2019122901004726,GIMES1,26,58,500,6.92,"3,460.00"
2019-12-29,2019122901004725,GIMES1,34,58,500,6.92,"3,460.00"
2019-12-29,2019122901004724,GIMES1,25,58,"1,000",6.93,"6,930.00"
2019-12-29,2019122901004895,GLICL,50,45,100,445.00,"44,500.00"
2019-12-29,2019122901004766,GLICL,38,7,100,447.00,"44,700.00"
2019-12-29,2019122901004704,GMFBS,58,36,10,560.00,"5,600.00"
2019-12-29,2019122901004609,HBL,13,14,50,504.00,"25,200.00"
2019-12-29,2019122901004480,HBL,13,52,250,504.00,"126,000.00"
2019-12-29,2019122901004577,HDL,40,58,190,"1,185.00","225,150.00"
2019-12-29,2019122901004576,HDL,11,58,20,"1,185.00","23,700.00"
2019-12-29,2019122901004575,HDL,5,58,20,"1,185.00","23,700.00"
2019-12-29,2019122901004574,HDL,13,58,300,"1,185.00","355,500.00"
2019-12-29,2019122901004573,HDL,22,58,130,"1,185.00","154,050.00"
2019-12-29,2019122901004572,HDL,6,58,100,"1,186.00","118,600.00"
2019-12-29,2019122901004571,HDL,34,58,20,"1,186.00","23,720.00"
2019-12-29,2019122901004570,HDL,5,58,200,"1,186.00","237,200.00"
2019-12-29,2019122901004569,HDL,58,58,20,"1,186.00","23,720.00"
2019-12-29,2019122901004500,HDL,22,48,50,"1,190.00","59,500.00"
2019-12-29,2019122901004608,HIDCL,1,11,205,145.00,"29,725.00"
2019-12-29,2019122901004578,ILBS,40,59,10,518.00,"5,180.00"
2019-12-29,2019122901004549,ILBS,40,4,10,518.00,"5,180.00"
2019-12-29,2019122901004909,JBBL,42,58,250,168.00,"42,000.00"
2019-12-29,2019122901004719,JFL,34,6,310,198.00,"61,380.00"
2019-12-29,2019122901004698,JFL,54,6,180,198.00,"35,640.00"
2019-12-29,2019122901004697,JFL,54,21,20,198.00,"3,960.00"
2019-12-29,2019122901004517,JFL,6,46,204,198.00,"40,392.00"
2019-12-29,2019122901004516,JFL,58,46,"1,000",198.00,"198,000.00"
2019-12-29,2019122901004515,JFL,17,46,53,198.00,"10,494.00"
2019-12-29,2019122901004514,JFL,57,46,200,198.00,"39,600.00"
2019-12-29,2019122901004513,JFL,45,46,10,198.00,"1,980.00"
2019-12-29,2019122901004506,JFL,37,1,20,199.00,"3,980.00"
2019-12-29,2019122901004696,KADBL,5,42,"1,000",235.00,"235,000.00"
2019-12-29,2019122901004692,KBL,34,40,145,177.00,"25,665.00"
2019-12-29,2019122901004644,KBL,34,11,180,178.00,"32,040.00"
2019-12-29,2019122901004643,KBL,34,39,12,178.00,"2,136.00"
2019-12-29,2019122901004642,KBL,34,6,275,178.00,"48,950.00"
2019-12-29,2019122901004641,KBL,34,45,253,178.00,"45,034.00"
2019-12-29,2019122901004596,KBL,34,29,122,177.00,"21,594.00"
2019-12-29,2019122901004595,KBL,42,29,478,177.00,"84,606.00"
2019-12-29,2019122901004566,KBL,34,45,80,178.00,"14,240.00"
2019-12-29,2019122901004831,LBL,56,1,50,191.00,"9,550.00"
2019-12-29,2019122901004794,LBL,17,1,100,191.00,"19,100.00"
2019-12-29,2019122901004744,MBL,37,58,38,216.00,"8,208.00"
2019-12-29,2019122901004743,MBL,26,58,12,216.00,"2,592.00"
2019-12-29,2019122901004602,MDB,6,7,500,244.00,"122,000.00"
2019-12-29,2019122901004582,MDB,43,7,"1,000",244.00,"244,000.00"
2019-12-29,2019122901004491,MEGA,42,5,100,182.00,"18,200.00"
2019-12-29,2019122901004490,MEGA,8,5,600,182.00,"109,200.00"
2019-12-29,2019122901004703,MEGA,43,58,104,181.00,"18,824.00"
