Date,Transact. No.,Symbol,Buyer,Seller,Quantity,Rate,Amount
2019-01-17,2019011701004891,ADBL,19,7,105,345.00,"36,225.00"
2019-01-17,2019011701004865,ADBL,19,7,100,345.00,"34,500.00"
2019-01-17,2019011701004656,ADBL,19,7,50,345.00,"17,250.00"
2019-01-17,2019011701004655,ADBL,45,7,19,345.00,"6,555.00"
2019-01-17,2019011701004619,ADBL,55,7,31,346.00,"10,726.00"
2019-01-17,2019011701004609,ADBL,55,7,100,346.00,"34,600.00"
2019-01-17,2019011701004405,ADBL,46,42,69,347.00,"23,943.00"
2019-01-17,2019011701004404,ADBL,46,46,31,347.00,"10,757.00"
2019-01-17,2019011701004815,AKJCL,51,8,10,89.00,890.00
2019-01-17,2019011701004692,AKJCL,51,8,20,89.00,"1,780.00"
2019-01-17,2019011701004527,AKJCL,51,47,20,89.00,"1,780.00"
2019-01-17,2019011701004486,AKJCL,51,8,20,89.00,"1,780.00"
2019-01-17,2019011701004419,AKJCL,51,8,20,89.00,"1,780.00"
2019-01-17,2019011701004757,AKPL,39,45,13,192.00,"2,496.00"
2019-01-17,2019011701004735,AKPL,39,45,13,191.00,"2,483.00"
2019-01-17,2019011701004426,AKPL,29,20,10,193.00,"1,930.00"
2019-01-17,2019011701004425,AKPL,29,20,10,193.00,"1,930.00"
2019-01-17,2019011701004424,AKPL,29,20,10,193.00,"1,930.00"
2019-01-17,2019011701004423,AKPL,29,20,10,193.00,"1,930.00"
2019-01-17,2019011701004422,AKPL,29,20,10,193.00,"1,930.00"
2019-01-17,2019011701004421,AKPL,29,53,200,192.00,"38,400.00"
2019-01-17,2019011701004410,AKPL,45,55,10,191.00,"1,910.00"
2019-01-17,2019011701004846,ALICL,57,18,300,630.00,"189,000.00"
2019-01-17,2019011701004743,ALICL,45,45,393,631.00,"247,983.00"
2019-01-17,2019011701004721,ALICL,25,19,50,633.00,"31,650.00"
2019-01-17,2019011701004717,ALICL,45,14,570,631.00,"359,670.00"
2019-01-17,2019011701004658,ALICL,45,53,37,631.00,"23,347.00"
2019-01-17,2019011701004538,AMFI,45,4,10,725.00,"7,250.00"
2019-01-17,2019011701004887,BOKL,26,43,84,264.00,"22,176.00"
2019-01-17,2019011701004886,BOKL,51,43,251,264.00,"66,264.00"
2019-01-17,2019011701004621,BOKL,26,43,165,265.00,"43,725.00"
2019-01-17,2019011701004620,BOKL,26,36,185,265.00,"49,025.00"
2019-01-17,2019011701004601,BOKL,51,34,259,264.00,"68,376.00"
2019-01-17,2019011701004517,BOKL,51,52,490,264.00,"129,360.00"
2019-01-17,2019011701004516,BOKL,42,52,20,264.00,"5,280.00"
2019-01-17,2019011701004515,BOKL,4,52,50,264.00,"13,200.00"
2019-01-17,2019011701004870,BPCL,5,1,10,378.00,"3,780.00"
2019-01-17,2019011701004869,BPCL,5,1,10,375.00,"3,750.00"
2019-01-17,2019011701004722,BPCL,4,13,30,374.00,"11,220.00"
2019-01-17,2019011701004657,CBBL,4,49,"1,000",886.00,"886,000.00"
2019-01-17,2019011701004762,CBBL,58,16,100,898.00,"89,800.00"
2019-01-17,2019011701004750,CBBL,58,29,100,890.00,"89,000.00"
2019-01-17,2019011701004749,CBBL,58,47,353,890.00,"314,170.00"
2019-01-17,2019011701004748,CBBL,58,49,"1,000",890.00,"890,000.00"
2019-01-17,2019011701004745,CBBL,58,34,"1,611",889.00,"1,432,179.00"
2019-01-17,2019011701004768,CBBL,58,53,50,907.00,"45,350.00"
2019-01-17,2019011701004767,CBBL,58,45,30,905.00,"27,150.00"
2019-01-17,2019011701004766,CBBL,58,58,200,905.00,"181,000.00"
2019-01-17,2019011701004765,CBBL,58,34,20,904.00,"18,080.00"
2019-01-17,2019011701004764,CBBL,58,1,60,903.00,"54,180.00"
2019-01-17,2019011701004763,CBBL,58,32,270,898.00,"242,460.00"
2019-01-17,2019011701004830,CBBL,58,34,10,925.00,"9,250.00"
2019-01-17,2019011701004829,CBBL,58,39,10,925.00,"9,250.00"
2019-01-17,2019011701004826,CBBL,58,39,10,925.00,"9,250.00"
2019-01-17,2019011701004855,CBL,43,16,10,162.00,"1,620.00"
2019-01-17,2019011701004674,CBL,59,13,80,161.00,"12,880.00"
2019-01-17,2019011701004673,CBL,53,13,500,161.00,"80,500.00"
2019-01-17,2019011701004672,CBL,49,13,308,161.00,"49,588.00"
2019-01-17,2019011701004832,CCBL,38,49,290,171.00,"49,590.00"
2019-01-17,2019011701004831,CCBL,40,49,161,171.00,"27,531.00"
2019-01-17,2019011701004756,CCBL,40,42,839,171.00,"143,469.00"
2019-01-17,2019011701004755,CCBL,5,42,125,171.00,"21,375.00"
2019-01-17,2019011701004754,CCBL,44,42,263,172.00,"45,236.00"
2019-01-17,2019011701004707,CCBL,44,6,737,172.00,"126,764.00"
2019-01-17,2019011701004671,CCBL,35,6,100,172.00,"17,200.00"
2019-01-17,2019011701004550,CCBL,5,4,33,171.00,"5,643.00"
2019-01-17,2019011701004475,CCBL,38,6,700,172.00,"120,400.00"
2019-01-17,2019011701004610,CHCL,25,40,455,540.00,"245,700.00"
2019-01-17,2019011701004532,CHCL,55,55,23,539.00,"12,397.00"
2019-01-17,2019011701004531,CHCL,29,55,100,539.00,"53,900.00"
2019-01-17,2019011701004446,CHCL,58,40,45,540.00,"24,300.00"
2019-01-17,2019011701004792,CHL,55,55,10,103.00,"1,030.00"
2019-01-17,2019011701004894,CIT,38,40,20,"2,745.00","54,900.00"
2019-01-17,2019011701004893,CIT,38,5,30,"2,740.00","82,200.00"
2019-01-17,2019011701004856,CIT,25,45,10,"2,735.00","27,350.00"
2019-01-17,2019011701004833,CIT,25,28,16,"2,733.00","43,728.00"
2019-01-17,2019011701004823,CIT,19,28,50,"2,734.00","136,700.00"
2019-01-17,2019011701004822,CIT,13,28,34,"2,734.00","92,956.00"
2019-01-17,2019011701004639,CIT,14,42,30,"2,745.00","82,350.00"
2019-01-17,2019011701004494,CIT,10,45,50,"2,740.00","137,000.00"
2019-01-17,2019011701004493,CIT,45,45,70,"2,740.00","191,800.00"
2019-01-17,2019011701004445,CIT,45,16,30,"2,740.00","82,200.00"
2019-01-17,2019011701004444,CIT,17,16,20,"2,740.00","54,800.00"
2019-01-17,2019011701004715,CIT,50,45,50,"2,735.00","136,750.00"
2019-01-17,2019011701004714,CIT,22,45,50,"2,736.00","136,800.00"
2019-01-17,2019011701004713,CIT,16,45,50,"2,736.00","136,800.00"
2019-01-17,2019011701004712,CIT,14,45,30,"2,740.00","82,200.00"
2019-01-17,2019011701004697,CIT,38,57,50,"2,745.00","137,250.00"
2019-01-17,2019011701004654,CIT,14,21,10,"2,740.00","27,400.00"
2019-01-17,2019011701004821,CIT,13,10,100,"2,734.00","273,400.00"
2019-01-17,2019011701004820,CIT,22,10,30,"2,735.00","82,050.00"
2019-01-17,2019011701004790,CIT,22,13,20,"2,735.00","54,700.00"
2019-01-17,2019011701004747,CIT,13,45,66,"2,734.00","180,444.00"
2019-01-17,2019011701004746,CIT,14,45,20,"2,734.00","54,680.00"
2019-01-17,2019011701004716,CIT,42,45,50,"2,735.00","136,750.00"
2019-01-17,2019011701004849,CZBIL,57,40,50,218.00,"10,900.00"
2019-01-17,2019011701004824,CZBIL,1,40,10,218.00,"2,180.00"
2019-01-17,2019011701004732,CZBIL,38,14,47,217.00,"10,199.00"
2019-01-17,2019011701004662,CZBIL,17,14,300,217.00,"65,100.00"
2019-01-17,2019011701004585,CZBIL,16,4,32,216.00,"6,912.00"
2019-01-17,2019011701004498,CZBIL,33,14,500,217.00,"108,500.00"
2019-01-17,2019011701004877,DBBL,42,16,538,128.00,"68,864.00"
2019-01-17,2019011701004825,DDBL,44,33,10,583.00,"5,830.00"
2019-01-17,2019011701004664,DDBL,28,33,50,576.00,"28,800.00"
2019-01-17,2019011701004663,DDBL,40,33,50,577.00,"28,850.00"
2019-01-17,2019011701004837,EBL,14,49,93,530.00,"49,290.00"
2019-01-17,2019011701004555,EBL,25,37,26,528.00,"13,728.00"
2019-01-17,2019011701004473,EBL,25,57,133,528.00,"70,224.00"
2019-01-17,2019011701004472,EBL,35,57,100,529.00,"52,900.00"
2019-01-17,2019011701004471,EBL,37,57,30,529.00,"15,870.00"
2019-01-17,2019011701004470,EBL,42,57,87,529.00,"46,023.00"
2019-01-17,2019011701004736,EBL,47,42,20,532.00,"10,640.00"
2019-01-17,2019011701004559,EBL,57,37,13,528.00,"6,864.00"
2019-01-17,2019011701004558,EBL,25,37,200,528.00,"105,600.00"
2019-01-17,2019011701004557,EBL,21,37,100,528.00,"52,800.00"
2019-01-17,2019011701004556,EBL,25,37,100,528.00,"52,800.00"
2019-01-17,2019011701004795,FMDBL,57,17,10,390.00,"3,900.00"
2019-01-17,2019011701004720,FMDBL,6,47,84,388.00,"32,592.00"
2019-01-17,2019011701004561,FMDBL,14,38,59,385.00,"22,715.00"
2019-01-17,2019011701004417,FMDBL,47,58,30,382.00,"11,460.00"
2019-01-17,2019011701004848,GBBL,39,49,246,189.00,"46,494.00"
2019-01-17,2019011701004678,GBBL,32,26,50,190.00,"9,500.00"
2019-01-17,2019011701004677,GBBL,32,26,141,190.00,"26,790.00"
2019-01-17,2019011701004547,GBBL,32,19,110,190.00,"20,900.00"
2019-01-17,2019011701004534,GBIME,57,22,100,268.00,"26,800.00"
2019-01-17,2019011701004859,GDBL,42,53,100,192.00,"19,200.00"
2019-01-17,2019011701004858,GDBL,42,26,123,192.00,"23,616.00"
2019-01-17,2019011701004834,GDBL,32,26,177,192.00,"33,984.00"
2019-01-17,2019011701004530,GDBL,32,19,200,191.00,"38,200.00"
2019-01-17,2019011701004791,GLICL,25,56,88,725.00,"63,800.00"
2019-01-17,2019011701004841,GUFL,40,29,400,104.00,"41,600.00"
2019-01-17,2019011701004500,GUFL,29,32,"1,000",105.00,"105,000.00"
2019-01-17,2019011701004813,HBL,22,19,74,455.00,"33,670.00"
2019-01-17,2019011701004812,HBL,21,19,50,455.00,"22,750.00"
2019-01-17,2019011701004828,HDL,58,40,280,"1,384.00","387,520.00"
2019-01-17,2019011701004706,HGI,38,16,20,404.00,"8,080.00"
2019-01-17,2019011701004624,HIDCL,21,14,45,149.00,"6,705.00"
2019-01-17,2019011701004623,HIDCL,43,14,329,149.00,"49,021.00"
2019-01-17,2019011701004622,HIDCL,47,14,14,150.00,"2,100.00"
2019-01-17,2019011701004551,HIDCL,47,4,56,150.00,"8,400.00"
2019-01-17,2019011701004742,HPPL,49,13,160,185.00,"29,600.00"
2019-01-17,2019011701004496,IGI,17,7,75,453.00,"33,975.00"
2019-01-17,2019011701004495,IGI,17,7,215,455.00,"97,825.00"
2019-01-17,2019011701004598,JBBL,35,28,39,139.00,"5,421.00"
2019-01-17,2019011701004597,JBBL,35,11,61,139.00,"8,479.00"
2019-01-17,2019011701004805,JBNL,40,44,"1,039",168.00,"174,552.00"
2019-01-17,2019011701004804,JBNL,5,44,201,168.00,"33,768.00"
2019-01-17,2019011701004803,JBNL,57,44,"2,000",168.00,"336,000.00"
2019-01-17,2019011701004802,JBNL,43,44,150,168.00,"25,200.00"
2019-01-17,2019011701004801,JBNL,38,44,500,168.00,"84,000.00"
2019-01-17,2019011701004800,JBNL,26,44,100,168.00,"16,800.00"
2019-01-17,2019011701004799,JBNL,26,44,10,168.00,"1,680.00"
2019-01-17,2019011701004741,JBNL,38,45,500,169.00,"84,500.00"
2019-01-17,2019011701004733,JBNL,26,48,27,168.00,"4,536.00"
2019-01-17,2019011701004454,JBNL,5,45,142,169.00,"23,998.00"
2019-01-17,2019011701004453,JBNL,5,50,108,169.00,"18,252.00"
2019-01-17,2019011701004643,JEFL,32,28,420,130.00,"54,600.00"
2019-01-17,2019011701004618,JEFL,32,28,"1,000",130.00,"130,000.00"
2019-01-17,2019011701004596,JEFL,32,16,"1,420",130.00,"184,600.00"
2019-01-17,2019011701004457,JEFL,32,34,70,130.00,"9,100.00"
2019-01-17,2019011701004682,KBBL,33,41,490,213.00,"104,370.00"
2019-01-17,2019011701004867,KBL,58,49,116,251.00,"29,116.00"
2019-01-17,2019011701004793,KEBL,39,47,500,180.00,"90,000.00"
2019-01-17,2019011701004785,KEBL,52,47,100,181.00,"18,100.00"
2019-01-17,2019011701004784,KEBL,51,47,100,182.00,"18,200.00"
2019-01-17,2019011701004553,KEBL,52,44,102,183.00,"18,666.00"
2019-01-17,2019011701004409,KEBL,55,44,100,183.00,"18,300.00"
2019-01-17,2019011701004452,KPCL,45,35,10,101.00,"1,010.00"
2019-01-17,2019011701004485,KPCL,45,3,10,101.00,"1,010.00"
2019-01-17,2019011701004469,KPCL,45,8,10,101.00,"1,010.00"
2019-01-17,2019011701004509,KPCL,45,3,10,101.00,"1,010.00"
2019-01-17,2019011701004492,KPCL,45,3,10,101.00,"1,010.00"
2019-01-17,2019011701004535,KPCL,22,3,10,101.00,"1,010.00"
2019-01-17,2019011701004522,KPCL,45,3,10,101.00,"1,010.00"
2019-01-17,2019011701004590,KPCL,22,3,10,101.00,"1,010.00"
2019-01-17,2019011701004568,KPCL,22,3,10,101.00,"1,010.00"
2019-01-17,2019011701004549,KPCL,22,3,10,101.00,"1,010.00"
2019-01-17,2019011701004816,KSBBL,6,52,20,140.00,"2,800.00"
2019-01-17,2019011701004479,LBBL,5,5,126,171.00,"21,546.00"
2019-01-17,2019011701004467,LBBL,50,36,150,172.00,"25,800.00"
2019-01-17,2019011701004466,LBBL,50,49,"1,000",172.00,"172,000.00"
2019-01-17,2019011701004465,LBBL,50,55,400,172.00,"68,800.00"
2019-01-17,2019011701004734,LICN,34,34,300,"1,755.00","526,500.00"
2019-01-17,2019011701004638,LICN,25,35,10,"1,764.00","17,640.00"
2019-01-17,2019011701004637,LICN,25,1,20,"1,763.00","35,260.00"
2019-01-17,2019011701004554,LICN,49,45,100,"1,760.00","176,000.00"
2019-01-17,2019011701004885,LLBS,21,5,62,814.00,"50,468.00"
2019-01-17,2019011701004878,LLBS,42,45,30,804.00,"24,120.00"
2019-01-17,2019011701004676,LLBS,57,5,10,814.00,"8,140.00"
2019-01-17,2019011701004627,LLBS,48,45,100,805.00,"80,500.00"
2019-01-17,2019011701004626,LLBS,55,45,20,805.00,"16,100.00"
2019-01-17,2019011701004774,MBL,14,48,"1,000",209.00,"209,000.00"
2019-01-17,2019011701004628,MBL,47,51,311,210.00,"65,310.00"
2019-01-17,2019011701004456,MBL,35,51,139,210.00,"29,190.00"
2019-01-17,2019011701004428,MBL,35,19,418,210.00,"87,780.00"
2019-01-17,2019011701004840,MEGA,13,33,446,170.00,"75,820.00"
2019-01-17,2019011701004705,MEGA,36,33,100,170.00,"17,000.00"
2019-01-17,2019011701004665,MEGA,36,33,200,170.00,"34,000.00"
2019-01-17,2019011701004641,MEGA,21,4,26,169.00,"4,394.00"
2019-01-17,2019011701004617,MEGA,56,36,500,169.00,"84,500.00"
2019-01-17,2019011701004616,MEGA,57,36,100,169.00,"16,900.00"
2019-01-17,2019011701004482,MEGA,35,17,200,170.00,"34,000.00"
2019-01-17,2019011701004481,MEGA,41,17,452,170.00,"76,840.00"
2019-01-17,2019011701004615,MEGA,6,36,100,169.00,"16,900.00"
2019-01-17,2019011701004614,MEGA,34,36,300,169.00,"50,700.00"
2019-01-17,2019011701004600,MEGA,42,33,11,170.00,"1,870.00"
2019-01-17,2019011701004533,MEGA,42,52,41,170.00,"6,970.00"
2019-01-17,2019011701004484,MEGA,42,17,448,170.00,"76,160.00"
2019-01-17,2019011701004483,MEGA,42,17,100,170.00,"17,000.00"
2019-01-17,2019011701004650,MLBL,50,45,152,170.00,"25,840.00"
2019-01-17,2019011701004520,MLBL,32,16,400,171.00,"68,400.00"
2019-01-17,2019011701004873,MNBBL,49,14,121,351.00,"42,471.00"
2019-01-17,2019011701004729,MNBBL,49,43,250,351.00,"87,750.00"
2019-01-17,2019011701004836,MSMBS,51,28,12,561.00,"6,732.00"
2019-01-17,2019011701004809,NABILP,42,19,150,730.00,"109,500.00"
2019-01-17,2019011701004808,NABILP,42,26,100,729.00,"72,900.00"
2019-01-17,2019011701004807,NABILP,42,40,400,729.00,"291,600.00"
2019-01-17,2019011701004806,NABILP,42,41,25,728.00,"18,200.00"
2019-01-17,2019011701004709,NABILP,49,41,75,728.00,"54,600.00"
2019-01-17,2019011701004753,NADEP,48,13,70,797.00,"55,790.00"
2019-01-17,2019011701004752,NADEP,19,13,50,798.00,"39,900.00"
2019-01-17,2019011701004751,NADEP,41,13,20,798.00,"15,960.00"
2019-01-17,2019011701004570,NADEP,52,4,10,800.00,"8,000.00"
2019-01-17,2019011701004782,NBB,44,28,"1,101",188.00,"206,988.00"
2019-01-17,2019011701004781,NBB,38,28,100,188.00,"18,800.00"
2019-01-17,2019011701004780,NBB,38,28,100,188.00,"18,800.00"
2019-01-17,2019011701004779,NBB,42,28,50,188.00,"9,400.00"
2019-01-17,2019011701004778,NBB,45,28,160,188.00,"30,080.00"
2019-01-17,2019011701004777,NBB,57,28,50,188.00,"9,400.00"
2019-01-17,2019011701004776,NBB,49,28,"1,043",188.00,"196,084.00"
2019-01-17,2019011701004775,NBB,29,28,96,189.00,"18,144.00"
2019-01-17,2019011701004772,NBB,29,49,404,189.00,"76,356.00"
2019-01-17,2019011701004771,NBB,45,49,96,189.00,"18,144.00"
2019-01-17,2019011701004761,NBBL,52,35,40,785.00,"31,400.00"
2019-01-17,2019011701004818,NBL,57,44,50,293.00,"14,650.00"
2019-01-17,2019011701004669,NBL,28,44,950,293.00,"278,350.00"
2019-01-17,2019011701004668,NBL,28,41,50,293.00,"14,650.00"
2019-01-17,2019011701004529,NBL,47,34,120,292.00,"35,040.00"
2019-01-17,2019011701004528,NBL,22,34,80,292.00,"23,360.00"
2019-01-17,2019011701004490,NBL,35,6,500,293.00,"146,500.00"
2019-01-17,2019011701004489,NBL,35,33,885,293.00,"259,305.00"
2019-01-17,2019011701004680,NCCB,41,55,150,217.00,"32,550.00"
2019-01-17,2019011701004586,NCCB,20,54,649,216.00,"140,184.00"
2019-01-17,2019011701004584,NCCB,20,41,251,216.00,"54,216.00"
2019-01-17,2019011701004583,NCCB,57,41,100,216.00,"21,600.00"
2019-01-17,2019011701004582,NCCB,42,41,149,216.00,"32,184.00"
2019-01-17,2019011701004581,NCCB,42,37,247,216.00,"53,352.00"
2019-01-17,2019011701004451,NCCB,42,32,"1,604",216.00,"346,464.00"
2019-01-17,2019011701004441,NHDL,48,20,10,147.00,"1,470.00"
2019-01-17,2019011701004420,NHDL,48,20,10,147.00,"1,470.00"
2019-01-17,2019011701004413,NHDL,48,20,10,147.00,"1,470.00"
2019-01-17,2019011701004710,NHPC,20,58,100,69.00,"6,900.00"
2019-01-17,2019011701004640,NHPC,51,17,550,68.00,"37,400.00"
2019-01-17,2019011701004631,NIB,45,59,100,543.00,"54,300.00"
2019-01-17,2019011701004497,NIB,56,51,56,544.00,"30,464.00"
2019-01-17,2019011701004595,NIBPO,4,13,58,488.00,"28,304.00"
2019-01-17,2019011701004594,NIBPO,22,13,107,488.00,"52,216.00"
2019-01-17,2019011701004521,NIBPO,22,20,300,488.00,"146,400.00"
2019-01-17,2019011701004504,NIBPO,22,40,93,488.00,"45,384.00"
2019-01-17,2019011701004675,NICA,43,50,43,396.00,"17,028.00"
2019-01-17,2019011701004611,NICA,17,50,130,396.00,"51,480.00"
2019-01-17,2019011701004608,NICA,16,38,235,395.00,"92,825.00"
2019-01-17,2019011701004607,NICA,35,38,30,395.00,"11,850.00"
2019-01-17,2019011701004606,NICA,53,38,200,395.00,"79,000.00"
2019-01-17,2019011701004605,NICA,22,38,100,395.00,"39,500.00"
2019-01-17,2019011701004604,NICA,49,38,200,395.00,"79,000.00"
2019-01-17,2019011701004603,NICA,41,38,105,395.00,"41,475.00"
2019-01-17,2019011701004523,NICA,17,50,327,396.00,"129,492.00"
2019-01-17,2019011701004514,NICA,17,50,60,396.00,"23,760.00"
2019-01-17,2019011701004503,NICA,17,1,89,396.00,"35,244.00"
2019-01-17,2019011701004502,NICA,17,53,24,396.00,"9,504.00"
2019-01-17,2019011701004897,NICL,58,37,100,570.00,"57,000.00"
2019-01-17,2019011701004896,NICL,52,37,21,570.00,"11,970.00"
2019-01-17,2019011701004895,NICL,43,37,225,571.00,"128,475.00"
2019-01-17,2019011701004889,NICL,58,7,"1,400",575.00,"805,000.00"
2019-01-17,2019011701004888,NICL,58,47,21,575.00,"12,075.00"
2019-01-17,2019011701004876,NICL,43,37,90,571.00,"51,390.00"
2019-01-17,2019011701004625,NICL,46,21,104,572.00,"59,488.00"
2019-01-17,2019011701004744,NICL,46,25,22,572.00,"12,584.00"
2019-01-17,2019011701004786,NICL,43,13,100,571.00,"57,100.00"
2019-01-17,2019011701004770,NICL,43,10,85,571.00,"48,535.00"
2019-01-17,2019011701004769,NICL,46,10,874,572.00,"499,928.00"
2019-01-17,2019011701004700,NIL,42,48,35,550.00,"19,250.00"
2019-01-17,2019011701004699,NIL,42,51,200,549.00,"109,800.00"
2019-01-17,2019011701004698,NIL,42,22,165,548.00,"90,420.00"
2019-01-17,2019011701004580,NIL,43,45,100,545.00,"54,500.00"
2019-01-17,2019011701004633,NLG,22,53,50,852.00,"42,600.00"
2019-01-17,2019011701004632,NLG,53,53,50,853.00,"42,650.00"
2019-01-17,2019011701004798,NLIC,25,45,200,"1,120.00","224,000.00"
2019-01-17,2019011701004759,NLIC,14,43,2,"1,120.00","2,240.00"
2019-01-17,2019011701004758,NLIC,14,41,17,"1,120.00","19,040.00"
2019-01-17,2019011701004702,NLIC,14,4,17,"1,120.00","19,040.00"
2019-01-17,2019011701004653,NLIC,14,50,14,"1,120.00","15,680.00"
2019-01-17,2019011701004652,NLIC,14,50,31,"1,120.00","34,720.00"
2019-01-17,2019011701004651,NLIC,58,50,17,"1,120.00","19,040.00"
2019-01-17,2019011701004474,NLIC,28,50,10,"1,121.00","11,210.00"
2019-01-17,2019011701004468,NLIC,32,58,13,"1,120.00","14,560.00"
2019-01-17,2019011701004875,NLICL,56,48,26,698.00,"18,148.00"
2019-01-17,2019011701004854,NLICL,14,48,50,700.00,"35,000.00"
2019-01-17,2019011701004853,NLICL,50,48,10,700.00,"7,000.00"
2019-01-17,2019011701004852,NLICL,13,48,200,700.00,"140,000.00"
2019-01-17,2019011701004851,NLICL,14,48,100,701.00,"70,100.00"
2019-01-17,2019011701004552,NLICL,58,48,14,704.00,"9,856.00"
2019-01-17,2019011701004448,NLICL,44,52,20,700.00,"14,000.00"
2019-01-17,2019011701004447,NLICL,45,52,50,700.00,"35,000.00"
2019-01-17,2019011701004545,NLICL,56,33,91,698.00,"63,518.00"
2019-01-17,2019011701004544,NLICL,45,33,20,698.00,"13,960.00"
2019-01-17,2019011701004543,NLICL,34,33,200,699.00,"139,800.00"
2019-01-17,2019011701004542,NLICL,50,33,19,699.00,"13,281.00"
2019-01-17,2019011701004541,NLICL,6,33,170,700.00,"119,000.00"
2019-01-17,2019011701004449,NLICL,6,52,30,700.00,"21,000.00"
2019-01-17,2019011701004564,NMB,58,35,13,324.00,"4,212.00"
2019-01-17,2019011701004635,NMBMF,28,26,70,"1,120.00","78,400.00"
2019-01-17,2019011701004519,NMBMF,38,10,76,"1,115.00","84,740.00"
2019-01-17,2019011701004687,NMFBS,53,28,10,"1,626.00","16,260.00"
2019-01-17,2019011701004686,NMFBS,33,28,10,"1,626.00","16,260.00"
2019-01-17,2019011701004685,NMFBS,49,28,100,"1,627.00","162,700.00"
2019-01-17,2019011701004684,NMFBS,34,28,25,"1,630.00","40,750.00"
2019-01-17,2019011701004868,NNLB,49,58,50,630.00,"31,500.00"
2019-01-17,2019011701004589,NSEWA,42,28,10,610.00,"6,100.00"
2019-01-17,2019011701004524,NSEWA,18,26,10,617.00,"6,170.00"
2019-01-17,2019011701004499,NSEWA,42,58,10,610.00,"6,100.00"
2019-01-17,2019011701004434,NSEWA,42,53,50,612.00,"30,600.00"
2019-01-17,2019011701004433,NSEWA,42,48,10,610.00,"6,100.00"
2019-01-17,2019011701004432,NSEWA,42,48,10,610.00,"6,100.00"
2019-01-17,2019011701004431,NSEWA,42,48,10,610.00,"6,100.00"
2019-01-17,2019011701004430,NSEWA,42,29,10,610.00,"6,100.00"
2019-01-17,2019011701004406,NSEWA,17,58,10,600.00,"6,000.00"
2019-01-17,2019011701004827,NTC,7,32,10,733.00,"7,330.00"
2019-01-17,2019011701004566,NTC,6,43,50,726.00,"36,300.00"
2019-01-17,2019011701004565,NTC,22,43,500,727.00,"363,500.00"
2019-01-17,2019011701004567,NTC,34,43,950,726.00,"689,700.00"
2019-01-17,2019011701004703,PCBL,26,58,100,328.00,"32,800.00"
2019-01-17,2019011701004681,PFL,13,4,12,133.00,"1,596.00"
2019-01-17,2019011701004881,PIC,33,34,83,"1,067.00","88,561.00"
2019-01-17,2019011701004880,PIC,25,34,18,"1,068.00","19,224.00"
2019-01-17,2019011701004879,PIC,35,34,18,"1,072.00","19,296.00"
2019-01-17,2019011701004872,PIC,36,1,11,"1,075.00","11,825.00"
2019-01-17,2019011701004871,PIC,36,40,97,"1,074.00","104,178.00"
2019-01-17,2019011701004845,PIC,35,51,50,"1,072.00","53,600.00"
2019-01-17,2019011701004455,PIC,33,47,22,"1,068.00","23,496.00"
2019-01-17,2019011701004844,PIC,35,14,32,"1,072.00","34,304.00"
2019-01-17,2019011701004839,PIC,25,44,82,"1,068.00","87,576.00"
2019-01-17,2019011701004838,PIC,33,44,68,"1,068.00","72,624.00"
2019-01-17,2019011701004819,PIC,33,45,10,"1,068.00","10,680.00"
2019-01-17,2019011701004789,PIC,35,45,100,"1,069.00","106,900.00"
2019-01-17,2019011701004645,PIC,49,14,100,"1,072.00","107,200.00"
2019-01-17,2019011701004725,PLIC,53,45,50,501.00,"25,050.00"
2019-01-17,2019011701004461,PLIC,35,57,190,501.00,"95,190.00"
2019-01-17,2019011701004460,PLIC,49,57,100,501.00,"50,100.00"
2019-01-17,2019011701004459,PLIC,47,57,100,503.00,"50,300.00"
2019-01-17,2019011701004458,PLIC,42,57,400,504.00,"201,600.00"
2019-01-17,2019011701004463,PLIC,1,57,10,500.00,"5,000.00"
2019-01-17,2019011701004462,PLIC,29,57,200,500.00,"100,000.00"
2019-01-17,2019011701004634,PMHPL,39,8,10,113.00,"1,130.00"
2019-01-17,2019011701004411,PMHPL,16,8,10,115.00,"1,150.00"
2019-01-17,2019011701004760,PRIN,34,58,109,455.00,"49,595.00"
2019-01-17,2019011701004864,PRVU,28,38,"1,840",243.00,"447,120.00"
2019-01-17,2019011701004863,PRVU,46,38,"1,000",243.00,"243,000.00"
2019-01-17,2019011701004862,PRVU,36,38,160,243.00,"38,880.00"
2019-01-17,2019011701004407,PRVU,38,55,250,244.00,"61,000.00"
2019-01-17,2019011701004569,RADHI,13,58,135,170.00,"22,950.00"
2019-01-17,2019011701004724,RBCL,50,35,10,"9,500.00","95,000.00"
2019-01-17,2019011701004723,RBCL,13,35,10,"9,500.00","95,000.00"
2019-01-17,2019011701004415,RBCL,34,35,10,"9,500.00","95,000.00"
2019-01-17,2019011701004414,RBCL,34,35,15,"9,500.00","142,500.00"
2019-01-17,2019011701004670,RLFL,1,32,"1,820",117.00,"212,940.00"
2019-01-17,2019011701004613,RLFL,17,32,500,117.00,"58,500.00"
2019-01-17,2019011701004526,RLFL,1,32,394,117.00,"46,098.00"
2019-01-17,2019011701004649,RRHP,29,41,10,102.00,"1,020.00"
2019-01-17,2019011701004578,RRHP,29,50,10,102.00,"1,020.00"
2019-01-17,2019011701004577,RRHP,29,8,10,102.00,"1,020.00"
2019-01-17,2019011701004576,RRHP,29,8,10,102.00,"1,020.00"
2019-01-17,2019011701004575,RRHP,29,8,10,102.00,"1,020.00"
2019-01-17,2019011701004574,RRHP,29,59,10,102.00,"1,020.00"
2019-01-17,2019011701004573,RRHP,29,8,10,102.00,"1,020.00"
2019-01-17,2019011701004572,RRHP,29,8,10,102.00,"1,020.00"
2019-01-17,2019011701004571,RRHP,29,22,10,102.00,"1,020.00"
2019-01-17,2019011701004843,SADBL,16,33,10,149.00,"1,490.00"
2019-01-17,2019011701004704,SADBL,59,1,10,147.00,"1,470.00"
2019-01-17,2019011701004683,SADBL,16,13,10,150.00,"1,500.00"
2019-01-17,2019011701004602,SADBL,16,58,10,149.00,"1,490.00"
2019-01-17,2019011701004435,SADBL,59,1,10,147.00,"1,470.00"
2019-01-17,2019011701004847,SANIMA,59,44,500,306.00,"153,000.00"
2019-01-17,2019011701004794,SANIMA,10,49,114,305.00,"34,770.00"
2019-01-17,2019011701004548,SANIMA,16,44,50,306.00,"15,300.00"
2019-01-17,2019011701004866,SBL,26,26,368,293.00,"107,824.00"
2019-01-17,2019011701004835,SBL,26,26,500,293.00,"146,500.00"
2019-01-17,2019011701004783,SBL,26,26,500,293.00,"146,500.00"
2019-01-17,2019011701004644,SBL,5,6,10,291.00,"2,910.00"
2019-01-17,2019011701004599,SBL,46,59,300,290.00,"87,000.00"
2019-01-17,2019011701004487,SBL,46,13,200,290.00,"58,000.00"
2019-01-17,2019011701004478,SBL,19,6,50,291.00,"14,550.00"
2019-01-17,2019011701004861,SCB,44,51,50,589.00,"29,450.00"
2019-01-17,2019011701004860,SCB,51,51,350,589.00,"206,150.00"
2019-01-17,2019011701004719,SCB,6,38,10,590.00,"5,900.00"
2019-01-17,2019011701004711,SCB,48,38,10,590.00,"5,900.00"
2019-01-17,2019011701004694,SCB,45,38,30,590.00,"17,700.00"
2019-01-17,2019011701004693,SCB,45,38,60,590.00,"35,400.00"
2019-01-17,2019011701004691,SCB,45,19,40,590.00,"23,600.00"
2019-01-17,2019011701004612,SCB,58,51,18,591.00,"10,638.00"
2019-01-17,2019011701004536,SDESI,17,58,32,615.00,"19,680.00"
2019-01-17,2019011701004438,SDESI,17,28,200,616.00,"123,200.00"
2019-01-17,2019011701004437,SDESI,14,28,79,617.00,"48,743.00"
2019-01-17,2019011701004402,SDESI,14,40,21,617.00,"12,957.00"
2019-01-17,2019011701004401,SDESI,8,40,10,617.00,"6,170.00"
2019-01-17,2019011701004400,SDESI,33,40,200,617.00,"123,400.00"
2019-01-17,2019011701004399,SDESI,33,40,100,618.00,"61,800.00"
2019-01-17,2019011701004398,SDESI,33,40,10,618.00,"6,180.00"
2019-01-17,2019011701004701,SEF,5,45,"1,000",9.33,"9,330.00"
2019-01-17,2019011701004488,SHINE,28,41,51,250.00,"12,750.00"
2019-01-17,2019011701004477,SHPC,36,10,660,237.00,"156,420.00"
2019-01-17,2019011701004443,SICL,26,28,21,930.00,"19,530.00"
2019-01-17,2019011701004442,SICL,17,28,79,930.00,"73,470.00"
2019-01-17,2019011701004648,SIFC,43,26,60,135.00,"8,100.00"
2019-01-17,2019011701004890,SIL,25,17,200,660.00,"132,000.00"
2019-01-17,2019011701004728,SIL,49,28,220,656.00,"144,320.00"
2019-01-17,2019011701004727,SIL,42,28,50,658.00,"32,900.00"
2019-01-17,2019011701004726,SIL,56,28,16,658.00,"10,528.00"
2019-01-17,2019011701004892,SKBBL,22,59,20,897.00,"17,940.00"
2019-01-17,2019011701004884,SKBBL,33,16,54,887.00,"47,898.00"
2019-01-17,2019011701004883,SKBBL,19,16,12,885.00,"10,620.00"
2019-01-17,2019011701004882,SKBBL,19,10,25,884.00,"22,100.00"
2019-01-17,2019011701004814,SKBBL,36,10,25,884.00,"22,100.00"
2019-01-17,2019011701004731,SKBBL,10,33,87,883.00,"76,821.00"
2019-01-17,2019011701004730,SKBBL,10,34,116,882.00,"102,312.00"
2019-01-17,2019011701004588,SKBBL,42,33,50,882.00,"44,100.00"
2019-01-17,2019011701004587,SKBBL,42,29,140,881.00,"123,340.00"
2019-01-17,2019011701004562,SKBBL,26,20,50,880.00,"44,000.00"
2019-01-17,2019011701004408,SKBBL,6,29,10,881.00,"8,810.00"
2019-01-17,2019011701004403,SKBBL,51,33,13,883.00,"11,479.00"
2019-01-17,2019011701004857,SLBBL,45,42,50,538.00,"26,900.00"
2019-01-17,2019011701004591,SLBBL,14,59,50,530.00,"26,500.00"
2019-01-17,2019011701004630,SLBBL,39,59,40,529.00,"21,160.00"
2019-01-17,2019011701004592,SLBBL,43,59,50,530.00,"26,500.00"
2019-01-17,2019011701004661,SLBS,42,58,100,"1,051.00","105,100.00"
2019-01-17,2019011701004797,SLICL,53,39,100,556.00,"55,600.00"
2019-01-17,2019011701004796,SLICL,35,39,100,557.00,"55,700.00"
2019-01-17,2019011701004773,SMB,19,28,20,643.00,"12,860.00"
2019-01-17,2019011701004508,SMFDB,1,21,100,710.00,"71,000.00"
2019-01-17,2019011701004507,SMFDB,21,21,30,710.00,"21,300.00"
2019-01-17,2019011701004506,SMFDB,1,21,50,711.00,"35,550.00"
2019-01-17,2019011701004505,SMFDB,38,21,10,711.00,"7,110.00"
2019-01-17,2019011701004440,SMFDB,38,10,50,715.00,"35,750.00"
2019-01-17,2019011701004439,SMFDB,42,10,17,715.00,"12,155.00"
2019-01-17,2019011701004563,SRBL,38,59,400,215.00,"86,000.00"
2019-01-17,2019011701004429,SRBL,19,8,50,216.00,"10,800.00"
2019-01-17,2019011701004788,SWBBL,57,44,50,861.00,"43,050.00"
2019-01-17,2019011701004787,SWBBL,45,44,50,861.00,"43,050.00"
2019-01-17,2019011701004708,SWBBL,34,21,150,868.00,"130,200.00"
2019-01-17,2019011701004667,TRH,35,33,180,250.00,"45,000.00"
2019-01-17,2019011701004646,TRH,55,33,300,252.00,"75,600.00"
2019-01-17,2019011701004811,UIC,43,29,50,778.00,"38,900.00"
2019-01-17,2019011701004810,UIC,49,29,100,780.00,"78,000.00"
2019-01-17,2019011701004817,UPPER,49,49,40,311.00,"12,440.00"
2019-01-17,2019011701004696,UPPER,49,20,40,311.00,"12,440.00"
2019-01-17,2019011701004679,UPPER,49,20,40,311.00,"12,440.00"
2019-01-17,2019011701004666,UPPER,49,20,50,311.00,"15,550.00"
2019-01-17,2019011701004647,UPPER,49,26,50,311.00,"15,550.00"
2019-01-17,2019011701004412,UPPER,49,10,50,311.00,"15,550.00"
2019-01-17,2019011701004450,UPPER,49,10,40,311.00,"12,440.00"
2019-01-17,2019011701004436,UPPER,49,10,40,311.00,"12,440.00"
2019-01-17,2019011701004427,UPPER,49,10,40,311.00,"12,440.00"
2019-01-17,2019011701004418,UPPER,49,10,50,311.00,"15,550.00"
2019-01-17,2019011701004416,UPPER,49,40,50,311.00,"15,550.00"
2019-01-17,2019011701004491,UPPER,49,25,40,311.00,"12,440.00"
2019-01-17,2019011701004480,UPPER,49,25,50,311.00,"15,550.00"
2019-01-17,2019011701004476,UPPER,49,10,50,311.00,"15,550.00"
2019-01-17,2019011701004464,UPPER,49,25,10,311.00,"3,110.00"
2019-01-17,2019011701004513,UPPER,49,25,50,311.00,"15,550.00"
2019-01-17,2019011701004501,UPPER,49,25,50,311.00,"15,550.00"
2019-01-17,2019011701004546,UPPER,49,25,50,311.00,"15,550.00"
2019-01-17,2019011701004537,UPPER,49,25,50,311.00,"15,550.00"
2019-01-17,2019011701004525,UPPER,49,25,50,311.00,"15,550.00"
2019-01-17,2019011701004518,UPPER,49,54,50,311.00,"15,550.00"
2019-01-17,2019011701004579,UPPER,49,25,50,311.00,"15,550.00"
2019-01-17,2019011701004560,UPPER,49,25,50,311.00,"15,550.00"
2019-01-17,2019011701004642,UPPER,49,26,50,311.00,"15,550.00"
2019-01-17,2019011701004636,UPPER,49,54,40,311.00,"12,440.00"
2019-01-17,2019011701004629,UPPER,49,26,40,311.00,"12,440.00"
2019-01-17,2019011701004593,UPPER,49,25,50,311.00,"15,550.00"
2019-01-17,2019011701004842,WOMI,26,58,52,"1,150.00","59,800.00"
2019-01-17,2019011701004718,WOMI,26,33,323,"1,150.00","371,450.00"
2019-01-17,2019011701004695,WOMI,59,39,50,"1,155.00","57,750.00"
2019-01-17,2019011701004690,WOMI,26,38,45,"1,150.00","51,750.00"
2019-01-17,2019011701004689,WOMI,43,38,20,"1,150.00","23,000.00"
2019-01-17,2019011701004688,WOMI,37,38,25,"1,150.00","28,750.00"
2019-01-17,2019011701004660,WOMI,22,25,100,"1,151.00","115,100.00"
2019-01-17,2019011701004659,WOMI,43,25,50,"1,153.00","57,650.00"
2019-01-17,2019011701004333,ADBL,45,55,131,345.00,"45,195.00"
2019-01-17,2019011701004158,ADBL,45,22,24,345.00,"8,280.00"
2019-01-17,2019011701004111,ADBL,45,25,26,345.00,"8,970.00"
2019-01-17,2019011701004110,ADBL,5,25,17,346.00,"5,882.00"
2019-01-17,2019011701003917,ADBL,5,41,33,346.00,"11,418.00"
2019-01-17,2019011701003916,ADBL,57,41,87,346.00,"30,102.00"
2019-01-17,2019011701004207,AHPC,34,26,"1,063",105.00,"111,615.00"
2019-01-17,2019011701004201,AHPC,40,26,100,105.00,"10,500.00"
2019-01-17,2019011701004140,AHPC,45,26,"1,000",105.00,"105,000.00"
2019-01-17,2019011701004139,AHPC,17,26,300,105.00,"31,500.00"
2019-01-17,2019011701004374,AKJCL,51,8,20,89.00,"1,780.00"
2019-01-17,2019011701004244,AKJCL,51,8,10,89.00,890.00
2019-01-17,2019011701004191,AKJCL,51,8,10,89.00,890.00
2019-01-17,2019011701004104,AKJCL,51,8,20,89.00,"1,780.00"
2019-01-17,2019011701004060,AKJCL,51,8,10,89.00,890.00
2019-01-17,2019011701004008,AKPL,45,29,10,188.00,"1,880.00"
2019-01-17,2019011701004303,ALICL,57,28,50,630.00,"31,500.00"
2019-01-17,2019011701004247,ALICL,57,35,176,630.00,"110,880.00"
2019-01-17,2019011701004246,ALICL,57,35,24,631.00,"15,144.00"
2019-01-17,2019011701004145,ALICL,7,19,50,633.00,"31,650.00"
2019-01-17,2019011701004072,ALICL,54,33,150,633.00,"94,950.00"
2019-01-17,2019011701003984,ALICL,25,33,50,635.00,"31,750.00"
2019-01-17,2019011701003983,ALICL,25,35,104,634.00,"65,936.00"
2019-01-17,2019011701003932,ALICL,57,28,376,631.00,"237,256.00"
2019-01-17,2019011701004286,API,25,52,30,152.00,"4,560.00"
2019-01-17,2019011701004258,API,13,25,420,150.00,"63,000.00"
2019-01-17,2019011701003961,API,26,26,"4,179",148.00,"618,492.00"
2019-01-17,2019011701003960,API,26,26,"6,000",148.00,"888,000.00"
2019-01-17,2019011701003959,API,41,26,200,148.00,"29,600.00"
2019-01-17,2019011701003958,API,29,26,100,148.00,"14,800.00"
2019-01-17,2019011701003957,API,58,26,"1,000",148.00,"148,000.00"
2019-01-17,2019011701003956,API,32,26,100,148.00,"14,800.00"
2019-01-17,2019011701003955,API,5,26,200,149.00,"29,800.00"
2019-01-17,2019011701003954,API,52,26,"1,000",149.00,"149,000.00"
2019-01-17,2019011701003914,BARUN,21,39,150,108.00,"16,200.00"
2019-01-17,2019011701004271,BNT,4,4,80,"6,600.00","528,000.00"
2019-01-17,2019011701004347,BOKL,29,36,45,265.00,"11,925.00"
2019-01-17,2019011701003968,BOKL,49,36,100,265.00,"26,500.00"
2019-01-17,2019011701003967,BOKL,43,36,20,265.00,"5,300.00"
2019-01-17,2019011701003966,BOKL,21,36,150,265.00,"39,750.00"
2019-01-17,2019011701004045,BPCL,14,22,500,374.00,"187,000.00"
2019-01-17,2019011701004013,CBBL,45,58,100,883.00,"88,300.00"
2019-01-17,2019011701004376,CBL,51,13,701,162.00,"113,562.00"
2019-01-17,2019011701004375,CBL,51,42,299,162.00,"48,438.00"
2019-01-17,2019011701004306,CCBL,38,51,300,172.00,"51,600.00"
2019-01-17,2019011701004016,CCBL,35,18,147,172.00,"25,284.00"
2019-01-17,2019011701003908,CCBL,42,18,300,172.00,"51,600.00"
2019-01-17,2019011701004186,CFCL,28,41,10,113.00,"1,130.00"
2019-01-17,2019011701004170,CHCL,29,6,70,540.00,"37,800.00"
2019-01-17,2019011701004169,CHCL,22,6,10,540.00,"5,400.00"
2019-01-17,2019011701004364,CIT,17,16,80,"2,740.00","219,200.00"
2019-01-17,2019011701004363,CIT,51,16,10,"2,740.00","27,400.00"
2019-01-17,2019011701004362,CIT,39,13,22,"2,741.00","60,302.00"
2019-01-17,2019011701004236,CIT,42,5,50,"2,740.00","137,000.00"
2019-01-17,2019011701004172,CIT,25,58,50,"2,741.00","137,050.00"
2019-01-17,2019011701004118,CIT,25,46,60,"2,741.00","164,460.00"
2019-01-17,2019011701004079,CIT,25,21,90,"2,741.00","246,690.00"
2019-01-17,2019011701004078,CIT,58,21,10,"2,741.00","27,410.00"
2019-01-17,2019011701004002,CIT,22,16,47,"2,745.00","129,015.00"
2019-01-17,2019011701003970,CIT,33,16,20,"2,745.00","54,900.00"
2019-01-17,2019011701003919,CIT,14,53,50,"2,742.00","137,100.00"
2019-01-17,2019011701003913,CIT,14,33,50,"2,742.00","137,100.00"
2019-01-17,2019011701004245,CLBSL,45,34,169,703.00,"118,807.00"
2019-01-17,2019011701004220,CLBSL,45,34,150,703.00,"105,450.00"
2019-01-17,2019011701004115,CLBSL,45,34,16,690.00,"11,040.00"
2019-01-17,2019011701004114,CLBSL,41,34,50,695.00,"34,750.00"
2019-01-17,2019011701004377,CZBIL,48,14,500,217.00,"108,500.00"
2019-01-17,2019011701004368,CZBIL,48,14,350,217.00,"75,950.00"
2019-01-17,2019011701004325,CZBIL,57,14,303,217.00,"65,751.00"
2019-01-17,2019011701004324,CZBIL,57,42,10,217.00,"2,170.00"
2019-01-17,2019011701004323,CZBIL,57,45,187,217.00,"40,579.00"
2019-01-17,2019011701003945,CZBIL,48,42,10,216.00,"2,160.00"
2019-01-17,2019011701003943,CZBIL,48,38,140,216.00,"30,240.00"
2019-01-17,2019011701004029,DBBL,58,48,485,128.00,"62,080.00"
2019-01-17,2019011701004309,DDBL,40,32,150,577.00,"86,550.00"
2019-01-17,2019011701004192,DDBL,44,21,10,582.00,"5,820.00"
2019-01-17,2019011701004184,DDBL,44,14,100,581.00,"58,100.00"
2019-01-17,2019011701004165,DDBL,44,13,116,580.00,"67,280.00"
2019-01-17,2019011701004179,EBL,42,52,33,529.00,"17,457.00"
2019-01-17,2019011701004121,EBL,14,52,967,529.00,"511,543.00"
2019-01-17,2019011701004019,EBL,14,16,33,529.00,"17,457.00"
2019-01-17,2019011701004051,EDBL,22,56,325,280.00,"91,000.00"
2019-01-17,2019011701004318,FMDBL,47,5,40,382.00,"15,280.00"
2019-01-17,2019011701004317,FMDBL,51,5,20,382.00,"7,640.00"
2019-01-17,2019011701004021,FOWAD,21,21,392,"1,557.00","610,344.00"
2019-01-17,2019011701003951,FOWAD,42,42,20,"1,557.00","31,140.00"
2019-01-17,2019011701004353,GBBL,32,50,499,190.00,"94,810.00"
2019-01-17,2019011701004227,GBBL,32,16,20,190.00,"3,800.00"
2019-01-17,2019011701004142,GBBL,32,25,230,190.00,"43,700.00"
2019-01-17,2019011701004356,GBIME,38,37,100,268.00,"26,800.00"
2019-01-17,2019011701004263,GBIME,49,37,292,267.00,"77,964.00"
2019-01-17,2019011701004262,GBIME,47,37,20,267.00,"5,340.00"
2019-01-17,2019011701004261,GBIME,57,37,288,267.00,"76,896.00"
2019-01-17,2019011701004260,GBIME,22,37,50,268.00,"13,400.00"
2019-01-17,2019011701004053,GBIME,42,37,150,269.00,"40,350.00"
2019-01-17,2019011701004087,GDBL,32,11,43,191.00,"8,213.00"
2019-01-17,2019011701004086,GDBL,32,55,260,191.00,"49,660.00"
2019-01-17,2019011701004289,GLICL,58,58,40,730.00,"29,200.00"
2019-01-17,2019011701004015,GRDBL,55,46,150,108.00,"16,200.00"
2019-01-17,2019011701004014,GRDBL,55,29,50,107.00,"5,350.00"
2019-01-17,2019011701004130,HATH,22,45,200,119.00,"23,800.00"
2019-01-17,2019011701004050,HBL,42,16,17,455.00,"7,735.00"
2019-01-17,2019011701004307,HGI,7,58,170,404.00,"68,680.00"
2019-01-17,2019011701004298,HGI,53,58,30,404.00,"12,120.00"
2019-01-17,2019011701004256,HGI,25,39,100,404.00,"40,400.00"
2019-01-17,2019011701004276,HIDCL,47,25,30,150.00,"4,500.00"
2019-01-17,2019011701004275,HIDCL,50,25,70,150.00,"10,500.00"
2019-01-17,2019011701004208,HIDCL,40,44,100,151.00,"15,100.00"
2019-01-17,2019011701004124,HPPL,49,22,20,185.00,"3,700.00"
2019-01-17,2019011701004266,ICFC,21,22,100,156.00,"15,600.00"
2019-01-17,2019011701004106,IGI,17,52,100,459.00,"45,900.00"
2019-01-17,2019011701004105,IGI,17,45,10,455.00,"4,550.00"
2019-01-17,2019011701004117,IGI,17,11,100,460.00,"46,000.00"
2019-01-17,2019011701004251,JBNL,57,50,500,169.00,"84,500.00"
2019-01-17,2019011701004233,JBNL,47,50,20,169.00,"3,380.00"
2019-01-17,2019011701004210,JEFL,32,1,10,130.00,"1,300.00"
2019-01-17,2019011701004369,JFL,58,3,"4,880",170.00,"829,600.00"
2019-01-17,2019011701004346,JFL,56,28,429,169.00,"72,501.00"
2019-01-17,2019011701004345,JFL,17,28,50,169.00,"8,450.00"
2019-01-17,2019011701004277,JFL,22,3,20,171.00,"3,420.00"
2019-01-17,2019011701004274,JFL,51,3,100,172.00,"17,200.00"
2019-01-17,2019011701004366,KBBL,28,41,10,213.00,"2,130.00"
2019-01-17,2019011701004171,KBL,16,20,100,251.00,"25,100.00"
2019-01-17,2019011701004166,KBL,14,20,400,251.00,"100,400.00"
2019-01-17,2019011701003925,KBL,14,6,100,251.00,"25,100.00"
2019-01-17,2019011701004302,KMCDB,48,33,12,920.00,"11,040.00"
2019-01-17,2019011701004238,KNBL,21,8,181,117.00,"21,177.00"
2019-01-17,2019011701004237,KNBL,6,8,30,117.00,"3,510.00"
2019-01-17,2019011701004213,KNBL,17,33,240,118.00,"28,320.00"
2019-01-17,2019011701004388,KPCL,45,8,10,101.00,"1,010.00"
2019-01-17,2019011701004076,KPCL,45,8,10,101.00,"1,010.00"
2019-01-17,2019011701004093,KPCL,45,41,10,101.00,"1,010.00"
2019-01-17,2019011701004123,KPCL,45,8,10,101.00,"1,010.00"
2019-01-17,2019011701004113,KPCL,45,22,10,101.00,"1,010.00"
2019-01-17,2019011701004125,KPCL,45,41,10,101.00,"1,010.00"
2019-01-17,2019011701004174,KPCL,45,41,10,101.00,"1,010.00"
2019-01-17,2019011701004159,KPCL,45,41,10,101.00,"1,010.00"
2019-01-17,2019011701004206,KPCL,45,8,10,101.00,"1,010.00"
2019-01-17,2019011701004196,KPCL,45,41,10,101.00,"1,010.00"
2019-01-17,2019011701004252,KPCL,45,8,10,101.00,"1,010.00"
2019-01-17,2019011701004234,KPCL,45,41,10,101.00,"1,010.00"
2019-01-17,2019011701004361,KPCL,45,8,10,101.00,"1,010.00"
2019-01-17,2019011701004332,KRBL,57,5,500,99.00,"49,500.00"
2019-01-17,2019011701004032,KRBL,49,8,200,100.00,"20,000.00"
2019-01-17,2019011701004291,LBBL,50,57,"1,000",171.00,"171,000.00"
2019-01-17,2019011701004163,LBBL,50,57,"1,000",171.00,"171,000.00"
2019-01-17,2019011701004205,LBL,47,19,15,217.00,"3,255.00"
2019-01-17,2019011701004204,LBL,22,19,100,217.00,"21,700.00"
2019-01-17,2019011701004203,LBL,22,19,10,217.00,"2,170.00"
2019-01-17,2019011701004202,LBL,22,19,100,217.00,"21,700.00"
2019-01-17,2019011701004098,LBL,11,32,10,218.00,"2,180.00"
2019-01-17,2019011701004382,LGIL,50,33,119,548.00,"65,212.00"
2019-01-17,2019011701004381,LGIL,43,33,100,549.00,"54,900.00"
2019-01-17,2019011701004380,LGIL,7,33,100,550.00,"55,000.00"
2019-01-17,2019011701004379,LGIL,14,33,100,550.00,"55,000.00"
2019-01-17,2019011701004058,MBL,35,45,200,210.00,"42,000.00"
2019-01-17,2019011701004057,MBL,35,41,69,210.00,"14,490.00"
2019-01-17,2019011701004056,MBL,35,13,174,210.00,"36,540.00"
2019-01-17,2019011701004054,MBL,25,13,788,210.00,"165,480.00"
2019-01-17,2019011701004235,MDB,55,41,110,286.00,"31,460.00"
2019-01-17,2019011701004257,MEGA,41,54,43,170.00,"7,310.00"
2019-01-17,2019011701003931,MEGA,41,38,"1,792",170.00,"304,640.00"
2019-01-17,2019011701003930,MEGA,44,38,100,170.00,"17,000.00"
2019-01-17,2019011701003929,MEGA,59,38,100,170.00,"17,000.00"
2019-01-17,2019011701003928,MEGA,42,38,"1,000",170.00,"170,000.00"
2019-01-17,2019011701003927,MEGA,22,38,100,170.00,"17,000.00"
2019-01-17,2019011701003926,MEGA,44,38,"1,908",170.00,"324,360.00"
2019-01-17,2019011701004200,MLBL,47,16,100,171.00,"17,100.00"
2019-01-17,2019011701004195,MNBBL,49,57,360,351.00,"126,360.00"
2019-01-17,2019011701004194,MNBBL,37,57,200,351.00,"70,200.00"
2019-01-17,2019011701004193,MNBBL,50,57,940,352.00,"330,880.00"
2019-01-17,2019011701004395,NABIL,57,3,20,844.00,"16,880.00"
2019-01-17,2019011701004268,NABIL,56,3,25,844.00,"21,100.00"
2019-01-17,2019011701004250,NABIL,29,37,110,840.00,"92,400.00"
2019-01-17,2019011701004249,NABIL,51,37,10,840.00,"8,400.00"
2019-01-17,2019011701004248,NABIL,47,37,20,841.00,"16,820.00"
2019-01-17,2019011701004081,NABIL,47,3,80,841.00,"67,280.00"
2019-01-17,2019011701003948,NABIL,17,3,30,842.00,"25,260.00"
2019-01-17,2019011701004080,NABIL,13,3,20,841.00,"16,820.00"
2019-01-17,2019011701004041,NABIL,13,3,80,841.00,"67,280.00"
2019-01-17,2019011701004040,NABIL,32,3,20,841.00,"16,820.00"
2019-01-17,2019011701004023,NABIL,32,36,180,841.00,"151,380.00"
2019-01-17,2019011701004022,NABIL,22,36,80,841.00,"67,280.00"
2019-01-17,2019011701003949,NABIL,45,3,50,842.00,"42,100.00"
2019-01-17,2019011701004270,NABILP,55,40,100,729.00,"72,900.00"
2019-01-17,2019011701004269,NABILP,45,40,500,729.00,"364,500.00"
2019-01-17,2019011701004099,NABILP,49,56,"1,000",728.00,"728,000.00"
2019-01-17,2019011701004024,NABILP,45,6,500,729.00,"364,500.00"
2019-01-17,2019011701004020,NABILP,49,14,325,728.00,"236,600.00"
2019-01-17,2019011701004334,NADEP,19,48,10,800.00,"8,000.00"
2019-01-17,2019011701003941,NADEP,19,29,10,800.00,"8,000.00"
2019-01-17,2019011701003940,NADEP,11,29,10,800.00,"8,000.00"
2019-01-17,2019011701003939,NADEP,11,29,30,800.00,"24,000.00"
2019-01-17,2019011701003938,NADEP,39,29,10,801.00,"8,010.00"
2019-01-17,2019011701004012,NBB,45,38,104,189.00,"19,656.00"
2019-01-17,2019011701004011,NBB,34,38,40,189.00,"7,560.00"
2019-01-17,2019011701003936,NBB,34,13,460,189.00,"86,940.00"
2019-01-17,2019011701003935,NBB,32,13,100,189.00,"18,900.00"
2019-01-17,2019011701004387,NBL,43,33,115,293.00,"33,695.00"
2019-01-17,2019011701004386,NBL,43,44,885,293.00,"259,305.00"
2019-01-17,2019011701004242,NBL,57,44,"1,000",293.00,"293,000.00"
2019-01-17,2019011701004178,NBL,35,44,50,293.00,"14,650.00"
2019-01-17,2019011701004150,NBL,22,1,920,292.00,"268,640.00"
2019-01-17,2019011701004149,NBL,50,1,"1,000",292.00,"292,000.00"
2019-01-17,2019011701004073,NBL,21,49,100,292.00,"29,200.00"
2019-01-17,2019011701004043,NBL,42,44,65,293.00,"19,045.00"
2019-01-17,2019011701004042,NBL,42,36,35,293.00,"10,255.00"
2019-01-17,2019011701004031,NBL,42,36,40,293.00,"11,720.00"
2019-01-17,2019011701003989,NBL,42,36,10,293.00,"2,930.00"
2019-01-17,2019011701003971,NBL,49,36,250,293.00,"73,250.00"
2019-01-17,2019011701004148,NBL,34,1,280,292.00,"81,760.00"
2019-01-17,2019011701004103,NBL,34,49,"1,720",292.00,"502,240.00"
2019-01-17,2019011701004102,NBL,41,49,100,292.00,"29,200.00"
2019-01-17,2019011701004101,NBL,41,49,330,292.00,"96,360.00"
2019-01-17,2019011701004100,NBL,38,49,900,292.00,"262,800.00"
2019-01-17,2019011701004074,NBL,38,49,100,292.00,"29,200.00"
2019-01-17,2019011701004357,NCCB,49,55,200,217.00,"43,400.00"
2019-01-17,2019011701004280,NCCB,34,55,99,217.00,"21,483.00"
2019-01-17,2019011701004279,NCCB,34,28,501,217.00,"108,717.00"
2019-01-17,2019011701003988,NCCB,32,32,500,216.00,"108,000.00"
2019-01-17,2019011701003987,NCCB,42,32,301,216.00,"65,016.00"
2019-01-17,2019011701003986,NCCB,29,32,"1,000",216.00,"216,000.00"
2019-01-17,2019011701003985,NCCB,51,32,200,216.00,"43,200.00"
2019-01-17,2019011701004075,NGPL,37,1,11,132.00,"1,452.00"
2019-01-17,2019011701004241,NHDL,48,59,10,147.00,"1,470.00"
2019-01-17,2019011701004085,NHDL,48,1,10,147.00,"1,470.00"
2019-01-17,2019011701004187,NHPC,14,17,100,68.00,"6,800.00"
2019-01-17,2019011701004083,NHPC,43,17,"1,000",68.00,"68,000.00"
2019-01-17,2019011701004069,NHPC,37,17,"1,400",67.00,"93,800.00"
2019-01-17,2019011701004068,NHPC,56,17,"1,000",67.00,"67,000.00"
2019-01-17,2019011701004067,NHPC,56,17,"1,000",67.00,"67,000.00"
2019-01-17,2019011701004066,NHPC,56,17,"1,000",67.00,"67,000.00"
2019-01-17,2019011701003922,NHPC,38,17,200,68.00,"13,600.00"
2019-01-17,2019011701003921,NHPC,46,17,300,68.00,"20,400.00"
2019-01-17,2019011701004065,NHPC,52,17,100,67.00,"6,700.00"
2019-01-17,2019011701004064,NHPC,25,17,"1,000",67.00,"67,000.00"
2019-01-17,2019011701004063,NHPC,37,17,"1,000",67.00,"67,000.00"
2019-01-17,2019011701004062,NHPC,35,17,500,67.00,"33,500.00"
2019-01-17,2019011701004061,NHPC,42,17,"1,000",67.00,"67,000.00"
2019-01-17,2019011701004003,NHPC,25,17,300,68.00,"20,400.00"
2019-01-17,2019011701004304,NIB,58,17,"1,100",542.00,"596,200.00"
2019-01-17,2019011701004141,NIB,51,17,100,542.00,"54,200.00"
2019-01-17,2019011701003903,NIB,35,13,150,543.00,"81,450.00"
2019-01-17,2019011701003902,NIB,45,13,10,543.00,"5,430.00"
2019-01-17,2019011701004129,NIBPO,16,58,200,490.00,"98,000.00"
2019-01-17,2019011701004314,NICA,41,41,45,395.00,"17,775.00"
2019-01-17,2019011701004313,NICA,10,41,55,395.00,"21,725.00"
2019-01-17,2019011701004308,NICA,36,53,30,396.00,"11,880.00"
2019-01-17,2019011701004281,NICA,5,53,40,396.00,"15,840.00"
2019-01-17,2019011701004273,NICA,10,26,445,395.00,"175,775.00"
2019-01-17,2019011701004272,NICA,17,26,11,395.00,"4,345.00"
2019-01-17,2019011701004001,NICA,54,26,200,395.00,"79,000.00"
2019-01-17,2019011701003899,NICA,49,52,150,396.00,"59,400.00"
2019-01-17,2019011701004144,NICA,17,25,489,395.00,"193,155.00"
2019-01-17,2019011701004143,NICA,54,25,511,395.00,"201,845.00"
2019-01-17,2019011701004009,NICA,54,48,100,395.00,"39,500.00"
2019-01-17,2019011701004007,NICA,21,38,870,396.00,"344,520.00"
2019-01-17,2019011701004006,NICA,21,50,50,396.00,"19,800.00"
2019-01-17,2019011701004005,NICA,21,52,167,396.00,"66,132.00"
2019-01-17,2019011701004155,NICL,45,37,"1,000",570.00,"570,000.00"
2019-01-17,2019011701004154,NICL,44,37,"1,000",571.00,"571,000.00"
2019-01-17,2019011701004153,NICL,46,37,660,572.00,"377,520.00"
2019-01-17,2019011701004152,NICL,58,37,250,573.00,"143,250.00"
2019-01-17,2019011701004097,NICL,57,13,300,574.00,"172,200.00"
2019-01-17,2019011701004096,NICL,50,13,100,574.00,"57,400.00"
2019-01-17,2019011701004109,NIL,29,57,50,545.00,"27,250.00"
2019-01-17,2019011701004127,NLBBL,58,6,70,478.00,"33,460.00"
2019-01-17,2019011701004350,NLG,53,36,10,855.00,"8,550.00"
2019-01-17,2019011701004336,NLG,25,36,100,855.00,"85,500.00"
2019-01-17,2019011701004335,NLG,33,36,500,855.00,"427,500.00"
2019-01-17,2019011701004310,NLIC,43,50,100,"1,121.00","112,100.00"
2019-01-17,2019011701004297,NLIC,43,44,100,"1,121.00","112,100.00"
2019-01-17,2019011701004288,NLIC,14,21,19,"1,120.00","21,280.00"
2019-01-17,2019011701004156,NLICL,34,53,895,700.00,"626,500.00"
2019-01-17,2019011701003898,NLICL,38,53,35,700.00,"24,500.00"
2019-01-17,2019011701004396,NMB,57,7,67,323.00,"21,641.00"
2019-01-17,2019011701004385,NMB,14,7,100,324.00,"32,400.00"
2019-01-17,2019011701004384,NMB,16,7,50,324.00,"16,200.00"
2019-01-17,2019011701004230,NMB,16,20,100,324.00,"32,400.00"
2019-01-17,2019011701004221,NMB,16,20,300,324.00,"97,200.00"
2019-01-17,2019011701004394,NMBMF,45,10,140,"1,115.00","156,100.00"
2019-01-17,2019011701004393,NMBMF,17,10,200,"1,116.00","223,200.00"
2019-01-17,2019011701004392,NNLB,49,45,50,630.00,"31,500.00"
2019-01-17,2019011701004372,NSEWA,35,35,10,601.00,"6,010.00"
2019-01-17,2019011701004331,NSEWA,17,25,10,600.00,"6,000.00"
2019-01-17,2019011701004316,NSEWA,18,45,20,609.00,"12,180.00"
2019-01-17,2019011701004315,NSEWA,18,25,10,605.00,"6,050.00"
2019-01-17,2019011701004349,PFL,48,22,200,134.00,"26,800.00"
2019-01-17,2019011701004348,PFL,41,22,100,134.00,"13,400.00"
2019-01-17,2019011701004340,PFL,51,22,12,135.00,"1,620.00"
2019-01-17,2019011701004326,PIC,25,33,50,"1,070.00","53,500.00"
2019-01-17,2019011701004312,PIC,33,29,100,"1,067.00","106,700.00"
2019-01-17,2019011701004092,PIC,33,46,200,"1,067.00","213,400.00"
2019-01-17,2019011701004091,PIC,42,46,100,"1,068.00","106,800.00"
2019-01-17,2019011701004090,PIC,48,46,100,"1,069.00","106,900.00"
2019-01-17,2019011701004164,PLIC,42,53,100,505.00,"50,500.00"
2019-01-17,2019011701004089,PLIC,32,53,375,505.00,"189,375.00"
2019-01-17,2019011701004320,PMHPL,43,6,10,116.00,"1,160.00"
2019-01-17,2019011701004295,PMHPL,16,42,10,115.00,"1,150.00"
2019-01-17,2019011701004294,PMHPL,16,22,50,115.00,"5,750.00"
2019-01-17,2019011701004293,PMHPL,16,42,10,115.00,"1,150.00"
2019-01-17,2019011701004292,PMHPL,16,42,10,115.00,"1,150.00"
2019-01-17,2019011701004267,PMHPL,39,8,10,113.00,"1,130.00"
2019-01-17,2019011701004094,PMHPL,49,22,10,112.00,"1,120.00"
2019-01-17,2019011701003944,PMHPL,47,58,10,111.00,"1,110.00"
2019-01-17,2019011701003934,PMHPL,13,58,10,113.00,"1,130.00"
2019-01-17,2019011701004240,PMHPL,39,41,10,113.00,"1,130.00"
2019-01-17,2019011701004212,PMHPL,49,8,10,112.00,"1,120.00"
2019-01-17,2019011701004198,PMHPL,49,41,10,112.00,"1,120.00"
2019-01-17,2019011701004183,PMHPL,49,41,10,112.00,"1,120.00"
2019-01-17,2019011701004137,PMHPL,49,41,10,112.00,"1,120.00"
2019-01-17,2019011701004107,PMHPL,49,41,10,112.00,"1,120.00"
2019-01-17,2019011701004360,PRIN,34,28,256,455.00,"116,480.00"
2019-01-17,2019011701004359,PRIN,45,28,244,455.00,"111,020.00"
2019-01-17,2019011701004219,PRIN,45,28,56,455.00,"25,480.00"
2019-01-17,2019011701004218,PRIN,28,28,200,456.00,"91,200.00"
2019-01-17,2019011701004217,PRIN,42,28,200,456.00,"91,200.00"
2019-01-17,2019011701004052,PRIN,51,22,100,458.00,"45,800.00"
2019-01-17,2019011701004027,PRIN,22,22,39,457.00,"17,823.00"
2019-01-17,2019011701004026,PRIN,26,22,100,457.00,"45,700.00"
2019-01-17,2019011701004025,PRIN,6,22,50,457.00,"22,850.00"
2019-01-17,2019011701004182,PRVU,6,16,500,244.00,"122,000.00"
2019-01-17,2019011701004181,PRVU,59,16,"1,000",244.00,"244,000.00"
2019-01-17,2019011701004180,PRVU,59,16,500,244.00,"122,000.00"
2019-01-17,2019011701004370,PURBL,28,6,10,151.00,"1,510.00"
2019-01-17,2019011701003904,PURBL,50,8,264,149.00,"39,336.00"
2019-01-17,2019011701004339,RADHI,13,59,11,173.00,"1,903.00"
2019-01-17,2019011701004338,RADHI,13,59,11,173.00,"1,903.00"
2019-01-17,2019011701004120,RADHI,13,39,11,173.00,"1,903.00"
2019-01-17,2019011701004082,RADHI,13,22,11,170.00,"1,870.00"
2019-01-17,2019011701004285,RBCL,22,40,20,"9,505.00","190,100.00"
2019-01-17,2019011701004049,RBCL,34,14,20,"9,506.00","190,120.00"
2019-01-17,2019011701004048,RBCL,28,14,10,"9,506.00","95,060.00"
2019-01-17,2019011701004047,RBCL,41,14,10,"9,511.00","95,110.00"
2019-01-17,2019011701004229,RHPC,51,37,89,99.00,"8,811.00"
2019-01-17,2019011701004352,RLFL,1,5,106,117.00,"12,402.00"
2019-01-17,2019011701004344,RLFL,39,5,"1,000",118.00,"118,000.00"
2019-01-17,2019011701004343,RLFL,17,5,200,118.00,"23,600.00"
2019-01-17,2019011701004342,RLFL,59,5,60,118.00,"7,080.00"
2019-01-17,2019011701004341,RLFL,1,5,500,119.00,"59,500.00"
2019-01-17,2019011701004287,RLFL,18,5,34,120.00,"4,080.00"
2019-01-17,2019011701003924,RRHP,58,47,100,104.00,"10,400.00"
2019-01-17,2019011701003942,RSDC,36,6,70,396.00,"27,720.00"
2019-01-17,2019011701004300,SADBL,39,1,50,150.00,"7,500.00"
2019-01-17,2019011701004138,SADBL,58,36,15,153.00,"2,295.00"
2019-01-17,2019011701004108,SADBL,16,58,20,149.00,"2,980.00"
2019-01-17,2019011701004197,SANIMA,57,11,200,304.00,"60,800.00"
2019-01-17,2019011701003901,SANIMA,58,51,20,305.00,"6,100.00"
2019-01-17,2019011701004390,SBBLJ,20,5,500,208.00,"104,000.00"
2019-01-17,2019011701004389,SBBLJ,20,22,100,207.00,"20,700.00"
2019-01-17,2019011701003912,SBL,46,59,477,290.00,"138,330.00"
2019-01-17,2019011701003911,SBL,39,59,138,290.00,"40,020.00"
2019-01-17,2019011701004365,SCB,38,17,20,592.00,"11,840.00"
2019-01-17,2019011701004290,SCB,56,17,25,592.00,"14,800.00"
2019-01-17,2019011701004161,SCB,45,51,10,590.00,"5,900.00"
2019-01-17,2019011701004160,SCB,33,51,390,590.00,"230,100.00"
2019-01-17,2019011701004136,SCB,33,51,210,590.00,"123,900.00"
2019-01-17,2019011701003910,SCB,45,51,10,593.00,"5,930.00"
2019-01-17,2019011701004135,SCB,22,51,50,590.00,"29,500.00"
2019-01-17,2019011701004134,SCB,25,51,200,590.00,"118,000.00"
2019-01-17,2019011701004133,SCB,51,51,500,590.00,"295,000.00"
2019-01-17,2019011701004132,SCB,40,51,50,590.00,"29,500.00"
2019-01-17,2019011701004131,SCB,58,51,30,590.00,"17,700.00"
2019-01-17,2019011701004038,SCB,58,16,20,590.00,"11,800.00"
2019-01-17,2019011701004397,SDESI,33,40,59,619.00,"36,521.00"
2019-01-17,2019011701004305,SDESI,33,39,11,619.00,"6,809.00"
2019-01-17,2019011701004157,SDESI,14,38,200,621.00,"124,200.00"
2019-01-17,2019011701003997,SDESI,33,35,135,620.00,"83,700.00"
2019-01-17,2019011701003996,SDESI,34,35,100,620.00,"62,000.00"
2019-01-17,2019011701003995,SDESI,6,35,20,620.00,"12,400.00"
2019-01-17,2019011701003905,SDESI,33,48,20,626.00,"12,520.00"
2019-01-17,2019011701003994,SDESI,33,35,100,621.00,"62,100.00"
2019-01-17,2019011701003993,SDESI,33,35,20,621.00,"12,420.00"
2019-01-17,2019011701003992,SDESI,14,35,15,622.00,"9,330.00"
2019-01-17,2019011701003991,SDESI,5,35,10,625.00,"6,250.00"
2019-01-17,2019011701003950,SDESI,36,38,50,628.00,"31,400.00"
2019-01-17,2019011701003906,SDESI,45,48,40,626.00,"25,040.00"
2019-01-17,2019011701004355,SFFIL,6,42,400,226.00,"90,400.00"
2019-01-17,2019011701003953,SHINE,28,26,248,246.00,"61,008.00"
2019-01-17,2019011701003952,SHINE,14,26,14,246.00,"3,444.00"
2019-01-17,2019011701004243,SHPC,43,10,355,237.00,"84,135.00"
2019-01-17,2019011701004071,SIL,42,17,200,660.00,"132,000.00"
2019-01-17,2019011701003915,SIL,56,45,50,658.00,"32,900.00"
2019-01-17,2019011701004373,SKBBL,19,26,45,884.00,"39,780.00"
2019-01-17,2019011701004018,SKBBL,26,49,50,884.00,"44,200.00"
2019-01-17,2019011701004017,SKBBL,26,45,250,883.00,"220,750.00"
2019-01-17,2019011701003907,SKBBL,45,49,10,881.00,"8,810.00"
2019-01-17,2019011701003900,SKBBL,3,16,25,880.00,"22,000.00"
2019-01-17,2019011701003990,SLBBL,13,42,100,530.00,"53,000.00"
2019-01-17,2019011701004225,SLBBL,39,57,30,530.00,"15,900.00"
2019-01-17,2019011701004224,SLBBL,25,57,100,530.00,"53,000.00"
2019-01-17,2019011701004232,SLBBL,39,57,26,529.00,"13,754.00"
2019-01-17,2019011701004231,SLBBL,53,57,100,529.00,"52,900.00"
2019-01-17,2019011701004351,SLICL,6,39,353,564.00,"199,092.00"
2019-01-17,2019011701004319,SLICL,6,29,35,564.00,"19,740.00"
2019-01-17,2019011701004301,SLICL,25,29,165,565.00,"93,225.00"
2019-01-17,2019011701004255,SLICL,25,26,35,565.00,"19,775.00"
2019-01-17,2019011701004254,SLICL,25,26,25,566.00,"14,150.00"
2019-01-17,2019011701003974,SLICL,1,58,50,566.00,"28,300.00"
2019-01-17,2019011701003973,SLICL,35,58,570,567.00,"323,190.00"
2019-01-17,2019011701003972,SLICL,25,58,50,567.00,"28,350.00"
2019-01-17,2019011701003980,SLICL,6,58,112,564.00,"63,168.00"
2019-01-17,2019011701003979,SLICL,25,58,150,564.00,"84,600.00"
2019-01-17,2019011701003978,SLICL,26,58,100,565.00,"56,500.00"
2019-01-17,2019011701003977,SLICL,53,58,300,565.00,"169,500.00"
2019-01-17,2019011701003976,SLICL,32,58,68,566.00,"38,488.00"
2019-01-17,2019011701003975,SLICL,58,58,100,566.00,"56,600.00"
2019-01-17,2019011701004329,SMATA,36,58,50,"1,200.00","60,000.00"
2019-01-17,2019011701004328,SMATA,39,58,10,"1,201.00","12,010.00"
2019-01-17,2019011701004327,SMATA,28,58,100,"1,202.00","120,200.00"
2019-01-17,2019011701004322,SRBL,38,26,100,215.00,"21,500.00"
2019-01-17,2019011701004321,SRBL,19,26,65,215.00,"13,975.00"
2019-01-17,2019011701004223,SRBL,19,40,35,215.00,"7,525.00"
2019-01-17,2019011701004222,SRBL,49,40,160,215.00,"34,400.00"
2019-01-17,2019011701004239,TRH,55,48,200,257.00,"51,400.00"
2019-01-17,2019011701004253,UFL,39,5,267,160.00,"42,720.00"
2019-01-17,2019011701004391,UPPER,49,58,30,311.00,"9,330.00"
2019-01-17,2019011701004383,UPPER,49,40,40,311.00,"12,440.00"
2019-01-17,2019011701004378,UPPER,49,40,40,311.00,"12,440.00"
2019-01-17,2019011701004371,UPPER,49,40,40,311.00,"12,440.00"
2019-01-17,2019011701004367,UPPER,49,40,40,311.00,"12,440.00"
2019-01-17,2019011701003937,UPPER,28,34,50,311.00,"15,550.00"
2019-01-17,2019011701003933,UPPER,28,39,40,311.00,"12,440.00"
2019-01-17,2019011701003923,UPPER,28,39,40,311.00,"12,440.00"
2019-01-17,2019011701003918,UPPER,28,39,40,311.00,"12,440.00"
2019-01-17,2019011701003909,UPPER,28,39,50,311.00,"15,550.00"
2019-01-17,2019011701003965,UPPER,28,21,50,311.00,"15,550.00"
2019-01-17,2019011701003964,UPPER,28,39,40,311.00,"12,440.00"
2019-01-17,2019011701003963,UPPER,28,56,50,311.00,"15,550.00"
2019-01-17,2019011701003962,UPPER,28,8,50,311.00,"15,550.00"
2019-01-17,2019011701003947,UPPER,28,56,50,311.00,"15,550.00"
2019-01-17,2019011701003946,UPPER,28,39,40,311.00,"12,440.00"
2019-01-17,2019011701003999,UPPER,28,39,50,311.00,"15,550.00"
2019-01-17,2019011701003998,UPPER,28,39,50,311.00,"15,550.00"
2019-01-17,2019011701003982,UPPER,28,41,20,311.00,"6,220.00"
2019-01-17,2019011701003981,UPPER,28,39,50,311.00,"15,550.00"
2019-01-17,2019011701003969,UPPER,28,56,20,311.00,"6,220.00"
2019-01-17,2019011701004034,UPPER,28,40,50,311.00,"15,550.00"
2019-01-17,2019011701004033,UPPER,28,56,40,311.00,"12,440.00"
2019-01-17,2019011701004030,UPPER,28,39,40,311.00,"12,440.00"
2019-01-17,2019011701004010,UPPER,28,39,550,311.00,"171,050.00"
2019-01-17,2019011701004004,UPPER,28,39,40,311.00,"12,440.00"
2019-01-17,2019011701004000,UPPER,28,41,30,311.00,"9,330.00"
2019-01-17,2019011701004046,UPPER,32,20,50,311.00,"15,550.00"
2019-01-17,2019011701004044,UPPER,32,40,40,311.00,"12,440.00"
2019-01-17,2019011701004039,UPPER,32,40,50,311.00,"15,550.00"
2019-01-17,2019011701004037,UPPER,32,39,40,311.00,"12,440.00"
2019-01-17,2019011701004036,UPPER,32,39,22,311.00,"6,842.00"
2019-01-17,2019011701004035,UPPER,28,39,18,311.00,"5,598.00"
2019-01-17,2019011701004084,UPPER,32,39,50,311.00,"15,550.00"
2019-01-17,2019011701004077,UPPER,32,20,40,311.00,"12,440.00"
2019-01-17,2019011701004070,UPPER,32,20,50,311.00,"15,550.00"
2019-01-17,2019011701004059,UPPER,32,39,40,311.00,"12,440.00"
2019-01-17,2019011701004055,UPPER,32,40,40,311.00,"12,440.00"
2019-01-17,2019011701004112,UPPER,32,56,40,311.00,"12,440.00"
2019-01-17,2019011701004095,UPPER,32,39,40,311.00,"12,440.00"
2019-01-17,2019011701004088,UPPER,32,41,50,311.00,"15,550.00"
2019-01-17,2019011701004122,UPPER,32,26,40,311.00,"12,440.00"
2019-01-17,2019011701004119,UPPER,32,41,50,311.00,"15,550.00"
2019-01-17,2019011701004116,UPPER,32,39,40,311.00,"12,440.00"
2019-01-17,2019011701004151,UPPER,32,39,50,311.00,"15,550.00"
2019-01-17,2019011701004147,UPPER,32,40,40,311.00,"12,440.00"
2019-01-17,2019011701004146,UPPER,32,41,40,311.00,"12,440.00"
2019-01-17,2019011701004128,UPPER,32,56,50,311.00,"15,550.00"
2019-01-17,2019011701004126,UPPER,32,39,50,311.00,"15,550.00"
2019-01-17,2019011701004173,UPPER,49,56,50,311.00,"15,550.00"
2019-01-17,2019011701004168,UPPER,49,41,50,311.00,"15,550.00"
2019-01-17,2019011701004167,UPPER,32,40,48,311.00,"14,928.00"
2019-01-17,2019011701004162,UPPER,32,19,40,311.00,"12,440.00"
2019-01-17,2019011701004189,UPPER,49,41,40,311.00,"12,440.00"
2019-01-17,2019011701004188,UPPER,49,39,40,311.00,"12,440.00"
2019-01-17,2019011701004185,UPPER,49,56,40,311.00,"12,440.00"
2019-01-17,2019011701004177,UPPER,49,19,40,311.00,"12,440.00"
2019-01-17,2019011701004176,UPPER,49,39,50,311.00,"15,550.00"
2019-01-17,2019011701004175,UPPER,49,40,50,311.00,"15,550.00"
2019-01-17,2019011701004211,UPPER,49,41,50,311.00,"15,550.00"
2019-01-17,2019011701004209,UPPER,49,44,40,311.00,"12,440.00"
2019-01-17,2019011701004199,UPPER,49,40,50,311.00,"15,550.00"
2019-01-17,2019011701004190,UPPER,49,40,50,311.00,"15,550.00"
2019-01-17,2019011701004226,UPPER,49,41,50,311.00,"15,550.00"
2019-01-17,2019011701004216,UPPER,49,5,40,311.00,"12,440.00"
2019-01-17,2019011701004215,UPPER,49,39,50,311.00,"15,550.00"
2019-01-17,2019011701004214,UPPER,49,40,50,311.00,"15,550.00"
2019-01-17,2019011701004259,UPPER,49,10,50,311.00,"15,550.00"
2019-01-17,2019011701004228,UPPER,49,26,50,311.00,"15,550.00"
2019-01-17,2019011701004299,UPPER,49,7,50,311.00,"15,550.00"
2019-01-17,2019011701004296,UPPER,49,10,50,311.00,"15,550.00"
2019-01-17,2019011701004283,UPPER,49,7,50,311.00,"15,550.00"
2019-01-17,2019011701004282,UPPER,49,10,50,311.00,"15,550.00"
2019-01-17,2019011701004265,UPPER,49,7,40,311.00,"12,440.00"
2019-01-17,2019011701004264,UPPER,49,56,50,311.00,"15,550.00"
2019-01-17,2019011701004358,UPPER,49,40,40,311.00,"12,440.00"
2019-01-17,2019011701004354,UPPER,49,40,50,311.00,"15,550.00"
2019-01-17,2019011701004337,UPPER,49,40,50,311.00,"15,550.00"
2019-01-17,2019011701004330,UPPER,49,40,40,311.00,"12,440.00"
2019-01-17,2019011701004311,UPPER,49,7,50,311.00,"15,550.00"
2019-01-17,2019011701004278,WOMI,29,39,150,"1,155.00","173,250.00"
2019-01-17,2019011701003814,ADBL,57,26,79,346.00,"27,334.00"
2019-01-17,2019011701003774,ADBL,19,46,30,347.00,"10,410.00"
2019-01-17,2019011701003618,ADBL,42,46,70,347.00,"24,290.00"
2019-01-17,2019011701003588,ADBL,57,55,34,346.00,"11,764.00"
2019-01-17,2019011701003587,ADBL,11,55,166,346.00,"57,436.00"
2019-01-17,2019011701003482,ADBL,35,46,30,347.00,"10,410.00"
2019-01-17,2019011701003439,ADBL,14,46,139,347.00,"48,233.00"
2019-01-17,2019011701003662,AKJCL,51,58,20,89.00,"1,780.00"
2019-01-17,2019011701003566,AKJCL,51,41,10,89.00,890.00
2019-01-17,2019011701003515,AKJCL,25,25,10,90.00,900.00
2019-01-17,2019011701003513,AKJCL,25,25,10,90.00,900.00
2019-01-17,2019011701003511,AKJCL,25,41,10,90.00,900.00
2019-01-17,2019011701003510,AKJCL,25,25,20,90.00,"1,800.00"
2019-01-17,2019011701003507,AKJCL,25,25,20,90.00,"1,800.00"
2019-01-17,2019011701003501,AKJCL,25,25,20,90.00,"1,800.00"
2019-01-17,2019011701003493,AKJCL,25,25,20,90.00,"1,800.00"
2019-01-17,2019011701003484,AKJCL,25,25,20,90.00,"1,800.00"
2019-01-17,2019011701003478,AKJCL,25,25,20,90.00,"1,800.00"
2019-01-17,2019011701003425,AKJCL,51,36,20,89.00,"1,780.00"
2019-01-17,2019011701003865,AKPL,16,13,10,185.00,"1,850.00"
2019-01-17,2019011701003862,ALICL,57,36,100,631.00,"63,100.00"
2019-01-17,2019011701003834,ALICL,54,45,200,633.00,"126,600.00"
2019-01-17,2019011701003833,ALICL,54,45,100,633.00,"63,300.00"
2019-01-17,2019011701003765,ALICL,14,45,200,632.00,"126,400.00"
2019-01-17,2019011701003883,AMFI,45,32,30,725.00,"21,750.00"
2019-01-17,2019011701003882,AMFI,29,32,10,726.00,"7,260.00"
2019-01-17,2019011701003881,AMFI,57,32,50,726.00,"36,300.00"
2019-01-17,2019011701003880,AMFI,22,32,20,727.00,"14,540.00"
2019-01-17,2019011701003516,AMFI,36,41,10,730.00,"7,300.00"
2019-01-17,2019011701003720,API,52,26,500,150.00,"75,000.00"
2019-01-17,2019011701003719,API,4,26,200,150.00,"30,000.00"
2019-01-17,2019011701003718,API,39,26,100,150.00,"15,000.00"
2019-01-17,2019011701003717,API,42,26,500,150.00,"75,000.00"
2019-01-17,2019011701003629,API,42,26,921,151.00,"139,071.00"
2019-01-17,2019011701003887,BARUN,21,39,400,108.00,"43,200.00"
2019-01-17,2019011701003518,BHBL,28,6,900,138.00,"124,200.00"
2019-01-17,2019011701003666,BOKL,49,25,100,266.00,"26,600.00"
2019-01-17,2019011701003614,BOKL,16,25,100,266.00,"26,600.00"
2019-01-17,2019011701003598,BOKL,16,43,400,266.00,"106,400.00"
2019-01-17,2019011701003597,BOKL,16,42,100,266.00,"26,600.00"
2019-01-17,2019011701003421,BOKL,49,42,100,266.00,"26,600.00"
2019-01-17,2019011701003596,BPCL,46,17,120,371.00,"44,520.00"
2019-01-17,2019011701003595,BPCL,6,17,180,371.00,"66,780.00"
2019-01-17,2019011701003572,BPCL,6,41,10,371.00,"3,710.00"
2019-01-17,2019011701003521,BPCL,6,41,10,371.00,"3,710.00"
2019-01-17,2019011701003508,BPCL,29,29,11,373.00,"4,103.00"
2019-01-17,2019011701003402,BPCL,41,22,200,372.00,"74,400.00"
2019-01-17,2019011701003401,BPCL,25,22,500,372.00,"186,000.00"
2019-01-17,2019011701003400,BPCL,6,22,10,372.00,"3,720.00"
2019-01-17,2019011701003868,CBBL,34,34,"4,970",881.00,"4,378,570.00"
2019-01-17,2019011701003867,CBBL,58,34,30,882.00,"26,460.00"
2019-01-17,2019011701003827,CBBL,34,34,"5,250",881.00,"4,625,250.00"
2019-01-17,2019011701003826,CBBL,22,34,500,881.00,"440,500.00"
2019-01-17,2019011701003825,CBBL,33,34,"2,000",885.00,"1,770,000.00"
2019-01-17,2019011701003824,CBBL,40,34,200,885.00,"177,000.00"
2019-01-17,2019011701003446,CBBL,58,34,10,890.00,"8,900.00"
2019-01-17,2019011701003445,CBBL,58,21,20,890.00,"17,800.00"
2019-01-17,2019011701003823,CBBL,29,34,50,886.00,"44,300.00"
2019-01-17,2019011701003822,CBBL,58,34,"2,000",886.00,"1,772,000.00"
2019-01-17,2019011701003664,CBBL,58,32,30,892.00,"26,760.00"
2019-01-17,2019011701003622,CBBL,33,38,500,890.00,"445,000.00"
2019-01-17,2019011701003621,CBBL,33,29,50,890.00,"44,500.00"
2019-01-17,2019011701003620,CBBL,33,34,490,890.00,"436,100.00"
2019-01-17,2019011701003438,CBL,34,42,626,162.00,"101,412.00"
2019-01-17,2019011701003437,CBL,34,41,374,162.00,"60,588.00"
2019-01-17,2019011701003433,CBL,49,29,54,161.00,"8,694.00"
2019-01-17,2019011701003878,CCBL,5,42,132,171.00,"22,572.00"
2019-01-17,2019011701003877,CCBL,21,42,68,171.00,"11,628.00"
2019-01-17,2019011701003759,CCBL,45,18,53,172.00,"9,116.00"
2019-01-17,2019011701003648,CCBL,45,6,11,172.00,"1,892.00"
2019-01-17,2019011701003647,CCBL,45,48,300,172.00,"51,600.00"
2019-01-17,2019011701003646,CCBL,45,25,43,172.00,"7,396.00"
2019-01-17,2019011701003645,CCBL,45,19,204,172.00,"35,088.00"
2019-01-17,2019011701003644,CCBL,45,29,450,172.00,"77,400.00"
2019-01-17,2019011701003643,CCBL,45,7,439,172.00,"75,508.00"
2019-01-17,2019011701003875,CEFL,25,57,20,133.00,"2,660.00"
2019-01-17,2019011701003743,CEFL,21,57,50,133.00,"6,650.00"
2019-01-17,2019011701003891,CIT,14,19,49,"2,742.00","134,358.00"
2019-01-17,2019011701003886,CIT,14,40,42,"2,742.00","115,164.00"
2019-01-17,2019011701003885,CIT,49,40,50,"2,745.00","137,250.00"
2019-01-17,2019011701003884,CIT,7,40,12,"2,746.00","32,952.00"
2019-01-17,2019011701003861,CIT,14,14,20,"2,748.00","54,960.00"
2019-01-17,2019011701003859,CIT,7,21,20,"2,746.00","54,920.00"
2019-01-17,2019011701003523,CIT,1,59,45,"2,766.00","124,470.00"
2019-01-17,2019011701003522,CIT,13,59,10,"2,767.00","27,670.00"
2019-01-17,2019011701003512,CIT,19,43,50,"2,768.00","138,400.00"
2019-01-17,2019011701003668,CIT,17,35,100,"2,758.00","275,800.00"
2019-01-17,2019011701003667,CIT,17,35,10,"2,760.00","27,600.00"
2019-01-17,2019011701003606,CIT,17,40,190,"2,760.00","524,400.00"
2019-01-17,2019011701003605,CIT,18,40,50,"2,761.00","138,050.00"
2019-01-17,2019011701003604,CIT,22,40,10,"2,761.00","27,610.00"
2019-01-17,2019011701003561,CIT,39,59,100,"2,765.00","276,500.00"
2019-01-17,2019011701003726,CIT,50,20,25,"2,758.00","68,950.00"
2019-01-17,2019011701003715,CIT,50,57,45,"2,758.00","124,110.00"
2019-01-17,2019011701003714,CIT,25,57,150,"2,758.00","413,700.00"
2019-01-17,2019011701003688,CIT,25,5,100,"2,758.00","275,800.00"
2019-01-17,2019011701003670,CIT,28,35,48,"2,758.00","132,384.00"
2019-01-17,2019011701003669,CIT,43,35,30,"2,758.00","82,740.00"
2019-01-17,2019011701003764,CIT,33,42,37,"2,756.00","101,972.00"
2019-01-17,2019011701003763,CIT,39,42,13,"2,756.00","35,828.00"
2019-01-17,2019011701003749,CIT,40,53,84,"2,757.00","231,588.00"
2019-01-17,2019011701003748,CIT,40,10,16,"2,757.00","44,112.00"
2019-01-17,2019011701003747,CIT,14,10,34,"2,758.00","93,772.00"
2019-01-17,2019011701003727,CIT,14,20,16,"2,758.00","44,128.00"
2019-01-17,2019011701003776,CIT,42,11,14,"2,750.00","38,500.00"
2019-01-17,2019011701003771,CIT,22,47,100,"2,753.00","275,300.00"
2019-01-17,2019011701003770,CIT,38,47,10,"2,754.00","27,540.00"
2019-01-17,2019011701003769,CIT,34,47,50,"2,755.00","137,750.00"
2019-01-17,2019011701003768,CIT,26,47,61,"2,755.00","168,055.00"
2019-01-17,2019011701003767,CIT,33,47,63,"2,756.00","173,628.00"
2019-01-17,2019011701003812,CIT,16,11,100,"2,748.00","274,800.00"
2019-01-17,2019011701003804,CIT,18,43,10,"2,750.00","27,500.00"
2019-01-17,2019011701003801,CIT,6,47,10,"2,753.00","27,530.00"
2019-01-17,2019011701003796,CIT,45,53,16,"2,748.00","43,968.00"
2019-01-17,2019011701003791,CIT,45,21,50,"2,748.00","137,400.00"
2019-01-17,2019011701003790,CIT,57,21,50,"2,750.00","137,500.00"
2019-01-17,2019011701003852,CIT,14,14,20,"2,748.00","54,960.00"
2019-01-17,2019011701003851,CIT,7,40,168,"2,746.00","461,328.00"
2019-01-17,2019011701003850,CIT,25,40,32,"2,747.00","87,904.00"
2019-01-17,2019011701003845,CIT,16,14,10,"2,748.00","27,480.00"
2019-01-17,2019011701003844,CIT,16,59,40,"2,748.00","109,920.00"
2019-01-17,2019011701003813,CIT,16,59,50,"2,748.00","137,400.00"
2019-01-17,2019011701003729,CZBIL,1,1,195,216.00,"42,120.00"
2019-01-17,2019011701003728,CZBIL,53,1,105,216.00,"22,680.00"
2019-01-17,2019011701003803,DBBL,58,48,15,128.00,"1,920.00"
2019-01-17,2019011701003463,DBBL,58,37,217,128.00,"27,776.00"
2019-01-17,2019011701003462,DBBL,47,37,15,128.00,"1,920.00"
2019-01-17,2019011701003538,EBL,25,5,41,528.00,"21,648.00"
2019-01-17,2019011701003537,EBL,22,5,100,528.00,"52,800.00"
2019-01-17,2019011701003536,EBL,32,5,100,528.00,"52,800.00"
2019-01-17,2019011701003529,EBL,45,5,10,530.00,"5,300.00"
2019-01-17,2019011701003528,EBL,21,5,10,530.00,"5,300.00"
2019-01-17,2019011701003535,EBL,46,5,100,528.00,"52,800.00"
2019-01-17,2019011701003534,EBL,16,5,100,528.00,"52,800.00"
2019-01-17,2019011701003533,EBL,32,5,500,529.00,"264,500.00"
2019-01-17,2019011701003532,EBL,11,5,35,529.00,"18,515.00"
2019-01-17,2019011701003531,EBL,34,5,100,529.00,"52,900.00"
2019-01-17,2019011701003530,EBL,48,5,105,529.00,"55,545.00"
2019-01-17,2019011701003820,EIC,39,56,100,875.00,"87,500.00"
2019-01-17,2019011701003690,FMDBL,34,28,143,381.00,"54,483.00"
2019-01-17,2019011701003689,FMDBL,57,28,357,382.00,"136,374.00"
2019-01-17,2019011701003677,FMDBL,57,28,143,382.00,"54,626.00"
2019-01-17,2019011701003676,FMDBL,56,28,30,382.00,"11,460.00"
2019-01-17,2019011701003675,FMDBL,26,28,200,383.00,"76,600.00"
2019-01-17,2019011701003674,FMDBL,13,28,27,383.00,"10,341.00"
2019-01-17,2019011701003673,FMDBL,19,28,100,384.00,"38,400.00"
2019-01-17,2019011701003846,FOWAD,47,34,10,"1,558.00","15,580.00"
2019-01-17,2019011701003755,FOWAD,36,34,60,"1,531.00","91,860.00"
2019-01-17,2019011701003556,FOWAD,34,34,50,"1,535.00","76,750.00"
2019-01-17,2019011701003574,GBIME,57,37,200,269.00,"53,800.00"
2019-01-17,2019011701003573,GBIME,57,28,300,269.00,"80,700.00"
2019-01-17,2019011701003460,GBIME,11,13,345,268.00,"92,460.00"
2019-01-17,2019011701003417,GBIME,49,13,100,268.00,"26,800.00"
2019-01-17,2019011701003520,GDBL,32,43,100,190.00,"19,000.00"
2019-01-17,2019011701003816,GLICL,25,26,37,725.00,"26,825.00"
2019-01-17,2019011701003815,GLICL,55,26,12,725.00,"8,700.00"
2019-01-17,2019011701003809,GLICL,55,25,88,725.00,"63,800.00"
2019-01-17,2019011701003808,GLICL,10,25,200,726.00,"145,200.00"
2019-01-17,2019011701003524,GUFL,57,29,"2,000",106.00,"212,000.00"
2019-01-17,2019011701003795,HGI,1,28,100,400.00,"40,000.00"
2019-01-17,2019011701003794,HGI,50,28,200,401.00,"80,200.00"
2019-01-17,2019011701003793,HGI,39,28,100,401.00,"40,100.00"
2019-01-17,2019011701003792,HGI,34,28,100,402.00,"40,200.00"
2019-01-17,2019011701003526,HGI,39,57,150,401.00,"60,150.00"
2019-01-17,2019011701003525,HGI,32,57,50,401.00,"20,050.00"
2019-01-17,2019011701003422,HGI,42,46,200,402.00,"80,400.00"
2019-01-17,2019011701003404,HGI,50,32,200,405.00,"81,000.00"
2019-01-17,2019011701003403,HGI,50,51,100,404.00,"40,400.00"
2019-01-17,2019011701003806,HPPL,49,52,10,185.00,"1,850.00"
2019-01-17,2019011701003805,HPPL,1,52,10,186.00,"1,860.00"
2019-01-17,2019011701003757,HPPL,1,39,20,186.00,"3,720.00"
2019-01-17,2019011701003665,HPPL,26,38,10,186.00,"1,860.00"
2019-01-17,2019011701003564,IGI,17,17,50,450.00,"22,500.00"
2019-01-17,2019011701003594,IGI,17,21,25,450.00,"11,250.00"
2019-01-17,2019011701003426,JBBL,49,50,23,138.00,"3,174.00"
2019-01-17,2019011701003742,JBNL,34,50,200,169.00,"33,800.00"
2019-01-17,2019011701003444,JEFL,32,5,"1,000",130.00,"130,000.00"
2019-01-17,2019011701003766,KBL,54,29,730,250.00,"182,500.00"
2019-01-17,2019011701003602,KBL,41,29,200,250.00,"50,000.00"
2019-01-17,2019011701003555,KBL,46,29,70,250.00,"17,500.00"
2019-01-17,2019011701003554,KBL,46,50,"2,000",250.00,"500,000.00"
2019-01-17,2019011701003553,KBL,46,41,200,250.00,"50,000.00"
2019-01-17,2019011701003552,KBL,46,50,30,250.00,"7,500.00"
2019-01-17,2019011701003854,KEBL,37,44,275,183.00,"50,325.00"
2019-01-17,2019011701003853,KEBL,45,44,23,184.00,"4,232.00"
2019-01-17,2019011701003658,KPCL,45,58,10,101.00,"1,010.00"
2019-01-17,2019011701003741,KRBL,49,20,100,100.00,"10,000.00"
2019-01-17,2019011701003740,KRBL,41,20,200,100.00,"20,000.00"
2019-01-17,2019011701003800,LBBL,28,5,"1,000",171.00,"171,000.00"
2019-01-17,2019011701003457,LGIL,41,42,50,554.00,"27,700.00"
2019-01-17,2019011701003563,LICN,25,16,20,"1,740.00","34,800.00"
2019-01-17,2019011701003549,LICN,25,17,70,"1,750.00","122,500.00"
2019-01-17,2019011701003465,LLBS,42,21,20,804.00,"16,080.00"
2019-01-17,2019011701003876,MBL,25,13,147,208.00,"30,576.00"
2019-01-17,2019011701003589,MBL,25,25,"3,554",210.00,"746,340.00"
2019-01-17,2019011701003466,MBL,25,21,65,208.00,"13,520.00"
2019-01-17,2019011701003633,MEGA,18,38,50,171.00,"8,550.00"
2019-01-17,2019011701003627,MEGA,18,38,50,171.00,"8,550.00"
2019-01-17,2019011701003613,MEGA,18,38,50,171.00,"8,550.00"
2019-01-17,2019011701003450,MEGA,44,29,38,170.00,"6,460.00"
2019-01-17,2019011701003481,MNBBL,57,56,177,352.00,"62,304.00"
2019-01-17,2019011701003480,MNBBL,57,56,360,352.00,"126,720.00"
2019-01-17,2019011701003479,MNBBL,57,28,500,352.00,"176,000.00"
2019-01-17,2019011701003453,MPFL,28,26,10,161.00,"1,610.00"
2019-01-17,2019011701003817,MSMBS,51,26,11,561.00,"6,171.00"
2019-01-17,2019011701003848,NABIL,38,3,200,842.00,"168,400.00"
2019-01-17,2019011701003499,NABIL,51,3,90,840.00,"75,600.00"
2019-01-17,2019011701003498,NABIL,10,3,10,840.00,"8,400.00"
2019-01-17,2019011701003888,NABILP,49,22,200,728.00,"145,600.00"
2019-01-17,2019011701003870,NABILP,49,40,"1,000",728.00,"728,000.00"
2019-01-17,2019011701003869,NABILP,49,55,400,728.00,"291,200.00"
2019-01-17,2019011701003616,NADEP,11,56,10,800.00,"8,000.00"
2019-01-17,2019011701003505,NBB,17,28,100,189.00,"18,900.00"
2019-01-17,2019011701003504,NBB,59,28,100,189.00,"18,900.00"
2019-01-17,2019011701003503,NBB,43,28,20,189.00,"3,780.00"
2019-01-17,2019011701003502,NBB,20,28,308,189.00,"58,212.00"
2019-01-17,2019011701003494,NBB,22,58,50,190.00,"9,500.00"
2019-01-17,2019011701003752,NBL,21,1,100,292.00,"29,200.00"
2019-01-17,2019011701003487,NBL,42,36,15,293.00,"4,395.00"
2019-01-17,2019011701003423,NBL,28,51,20,294.00,"5,880.00"
2019-01-17,2019011701003707,NCCB,38,32,200,216.00,"43,200.00"
2019-01-17,2019011701003706,NCCB,55,32,135,216.00,"29,160.00"
2019-01-17,2019011701003705,NCCB,41,32,"1,000",216.00,"216,000.00"
2019-01-17,2019011701003704,NCCB,8,32,500,216.00,"108,000.00"
2019-01-17,2019011701003703,NCCB,19,32,500,216.00,"108,000.00"
2019-01-17,2019011701003702,NCCB,54,32,700,216.00,"151,200.00"
2019-01-17,2019011701003430,NCCB,49,51,63,218.00,"13,734.00"
2019-01-17,2019011701003398,NCCB,50,29,74,217.00,"16,058.00"
2019-01-17,2019011701003695,NCCB,37,32,700,217.00,"151,900.00"
2019-01-17,2019011701003694,NCCB,45,32,750,217.00,"162,750.00"
2019-01-17,2019011701003693,NCCB,33,32,"3,000",217.00,"651,000.00"
2019-01-17,2019011701003692,NCCB,22,32,200,217.00,"43,400.00"
2019-01-17,2019011701003691,NCCB,50,32,60,217.00,"13,020.00"
2019-01-17,2019011701003431,NCCB,49,51,37,218.00,"8,066.00"
2019-01-17,2019011701003701,NCCB,39,32,300,216.00,"64,800.00"
2019-01-17,2019011701003700,NCCB,45,32,250,216.00,"54,000.00"
2019-01-17,2019011701003699,NCCB,45,32,700,216.00,"151,200.00"
2019-01-17,2019011701003698,NCCB,34,32,"1,500",216.00,"324,000.00"
2019-01-17,2019011701003697,NCCB,57,32,350,216.00,"75,600.00"
2019-01-17,2019011701003696,NCCB,7,32,50,217.00,"10,850.00"
2019-01-17,2019011701003896,NHDL,48,1,10,147.00,"1,470.00"
2019-01-17,2019011701003847,NHDL,48,1,10,147.00,"1,470.00"
2019-01-17,2019011701003818,NHDL,55,41,50,149.00,"7,450.00"
2019-01-17,2019011701003626,NHDL,48,41,10,147.00,"1,470.00"
2019-01-17,2019011701003807,NIB,28,13,20,543.00,"10,860.00"
2019-01-17,2019011701003738,NIB,1,14,94,540.00,"50,760.00"
2019-01-17,2019011701003737,NIB,56,14,38,540.00,"20,520.00"
2019-01-17,2019011701003736,NIB,6,14,50,540.00,"27,000.00"
2019-01-17,2019011701003735,NIB,49,14,100,540.00,"54,000.00"
2019-01-17,2019011701003734,NIB,1,14,50,540.00,"27,000.00"
2019-01-17,2019011701003412,NIB,49,14,100,540.00,"54,000.00"
2019-01-17,2019011701003411,NIB,29,14,10,540.00,"5,400.00"
2019-01-17,2019011701003410,NIB,22,14,10,540.00,"5,400.00"
2019-01-17,2019011701003409,NIB,29,14,40,540.00,"21,600.00"
2019-01-17,2019011701003607,NIB,6,14,20,542.00,"10,840.00"
2019-01-17,2019011701003447,NIB,22,57,22,541.00,"11,902.00"
2019-01-17,2019011701003416,NIB,56,14,100,540.00,"54,000.00"
2019-01-17,2019011701003415,NIB,16,14,500,540.00,"270,000.00"
2019-01-17,2019011701003414,NIB,52,14,200,540.00,"108,000.00"
2019-01-17,2019011701003413,NIB,53,14,40,540.00,"21,600.00"
2019-01-17,2019011701003682,NIB,32,57,300,540.00,"162,000.00"
2019-01-17,2019011701003681,NIB,32,57,70,541.00,"37,870.00"
2019-01-17,2019011701003680,NIB,58,57,50,541.00,"27,050.00"
2019-01-17,2019011701003610,NIB,58,14,100,541.00,"54,100.00"
2019-01-17,2019011701003609,NIB,57,14,300,541.00,"162,300.00"
2019-01-17,2019011701003608,NIB,22,14,78,541.00,"42,198.00"
2019-01-17,2019011701003733,NIB,42,14,170,540.00,"91,800.00"
2019-01-17,2019011701003687,NIB,42,57,30,540.00,"16,200.00"
2019-01-17,2019011701003686,NIB,25,57,200,540.00,"108,000.00"
2019-01-17,2019011701003685,NIB,28,57,50,540.00,"27,000.00"
2019-01-17,2019011701003684,NIB,42,57,250,540.00,"135,000.00"
2019-01-17,2019011701003683,NIB,6,57,50,540.00,"27,000.00"
2019-01-17,2019011701003829,NICA,54,32,40,395.00,"15,800.00"
2019-01-17,2019011701003783,NICA,54,26,149,395.00,"58,855.00"
2019-01-17,2019011701003782,NICA,57,26,200,395.00,"79,000.00"
2019-01-17,2019011701003781,NICA,41,26,100,395.00,"39,500.00"
2019-01-17,2019011701003780,NICA,51,26,100,395.00,"39,500.00"
2019-01-17,2019011701003779,NICA,21,26,251,395.00,"99,145.00"
2019-01-17,2019011701003406,NICA,19,55,80,396.00,"31,680.00"
2019-01-17,2019011701003745,NICA,22,52,300,396.00,"118,800.00"
2019-01-17,2019011701003744,NICA,57,52,220,396.00,"87,120.00"
2019-01-17,2019011701003624,NICA,57,21,30,396.00,"11,880.00"
2019-01-17,2019011701003623,NICA,10,21,20,396.00,"7,920.00"
2019-01-17,2019011701003435,NICA,10,1,280,396.00,"110,880.00"
2019-01-17,2019011701003434,NICA,19,1,20,396.00,"7,920.00"
2019-01-17,2019011701003615,NIL,53,57,40,545.00,"21,800.00"
2019-01-17,2019011701003577,NIL,53,47,160,545.00,"87,200.00"
2019-01-17,2019011701003679,NLIC,32,41,17,"1,120.00","19,040.00"
2019-01-17,2019011701003678,NLIC,35,38,10,"1,119.00","11,190.00"
2019-01-17,2019011701003600,NLIC,34,56,17,"1,119.00","19,023.00"
2019-01-17,2019011701003599,NLIC,34,56,17,"1,119.00","19,023.00"
2019-01-17,2019011701003811,NLICL,38,37,465,700.00,"325,500.00"
2019-01-17,2019011701003810,NLICL,44,37,35,700.00,"24,500.00"
2019-01-17,2019011701003778,NLICL,50,33,30,701.00,"21,030.00"
2019-01-17,2019011701003890,NMB,16,17,50,324.00,"16,200.00"
2019-01-17,2019011701003772,NMB,16,42,300,324.00,"97,200.00"
2019-01-17,2019011701003722,NMB,14,42,100,324.00,"32,400.00"
2019-01-17,2019011701003721,NMB,14,44,900,324.00,"291,600.00"
2019-01-17,2019011701003642,NMB,57,39,100,323.00,"32,300.00"
2019-01-17,2019011701003559,NMB,57,41,150,323.00,"48,450.00"
2019-01-17,2019011701003832,PCBL,25,55,500,327.00,"163,500.00"
2019-01-17,2019011701003831,PCBL,25,39,340,327.00,"111,180.00"
2019-01-17,2019011701003789,PCBL,19,14,281,326.00,"91,606.00"
2019-01-17,2019011701003788,PCBL,55,14,500,326.00,"163,000.00"
2019-01-17,2019011701003787,PCBL,16,14,144,326.00,"46,944.00"
2019-01-17,2019011701003775,PCBL,39,39,10,327.00,"3,270.00"
2019-01-17,2019011701003454,PCBL,57,21,12,326.00,"3,912.00"
2019-01-17,2019011701003657,PCBL,34,39,"1,500",327.00,"490,500.00"
2019-01-17,2019011701003656,PCBL,39,39,"5,000",327.00,"1,635,000.00"
2019-01-17,2019011701003641,PCBL,57,39,150,327.00,"49,050.00"
2019-01-17,2019011701003544,PCBL,16,38,300,326.00,"97,800.00"
2019-01-17,2019011701003456,PCBL,16,21,56,326.00,"18,256.00"
2019-01-17,2019011701003455,PCBL,35,21,30,326.00,"9,780.00"
2019-01-17,2019011701003830,PFL,55,44,50,137.00,"6,850.00"
2019-01-17,2019011701003583,PIC,33,7,109,"1,067.00","116,303.00"
2019-01-17,2019011701003582,PIC,42,7,39,"1,067.00","41,613.00"
2019-01-17,2019011701003581,PIC,34,7,100,"1,068.00","106,800.00"
2019-01-17,2019011701003580,PIC,32,7,100,"1,068.00","106,800.00"
2019-01-17,2019011701003579,PIC,37,7,89,"1,068.00","95,052.00"
2019-01-17,2019011701003578,PIC,37,41,11,"1,068.00","11,748.00"
2019-01-17,2019011701003568,PIC,36,59,50,"1,068.00","53,400.00"
2019-01-17,2019011701003551,PIC,36,57,50,"1,068.00","53,400.00"
2019-01-17,2019011701003550,PIC,56,57,50,"1,068.00","53,400.00"
2019-01-17,2019011701003837,PICL,10,28,140,711.00,"99,540.00"
2019-01-17,2019011701003836,PICL,46,28,200,712.00,"142,400.00"
2019-01-17,2019011701003835,PICL,33,28,50,716.00,"35,800.00"
2019-01-17,2019011701003819,PICL,33,28,100,716.00,"71,600.00"
2019-01-17,2019011701003495,PLIC,49,7,80,505.00,"40,400.00"
2019-01-17,2019011701003492,PLIC,49,22,20,505.00,"10,100.00"
2019-01-17,2019011701003750,PLIC,49,26,10,507.00,"5,070.00"
2019-01-17,2019011701003631,PLIC,32,44,25,505.00,"12,625.00"
2019-01-17,2019011701003630,PLIC,46,44,40,505.00,"20,200.00"
2019-01-17,2019011701003506,PLIC,46,7,20,505.00,"10,100.00"
2019-01-17,2019011701003889,PMHPL,13,13,10,113.00,"1,130.00"
2019-01-17,2019011701003864,PMHPL,13,1,10,113.00,"1,130.00"
2019-01-17,2019011701003655,PRVU,42,41,117,245.00,"28,665.00"
2019-01-17,2019011701003459,PRVU,48,38,700,245.00,"171,500.00"
2019-01-17,2019011701003458,PRVU,48,13,18,245.00,"4,410.00"
2019-01-17,2019011701003475,RADHI,13,20,11,173.00,"1,903.00"
2019-01-17,2019011701003474,RADHI,13,20,11,173.00,"1,903.00"
2019-01-17,2019011701003473,RADHI,13,20,11,173.00,"1,903.00"
2019-01-17,2019011701003472,RADHI,13,21,11,173.00,"1,903.00"
2019-01-17,2019011701003863,RBCL,8,25,40,"9,600.00","384,000.00"
2019-01-17,2019011701003798,RBCL,47,14,10,"9,600.00","96,000.00"
2019-01-17,2019011701003797,RBCL,57,14,10,"9,601.00","96,010.00"
2019-01-17,2019011701003661,RBCL,57,35,50,"9,601.00","480,050.00"
2019-01-17,2019011701003725,RBCLPO,54,34,20,"8,975.00","179,500.00"
2019-01-17,2019011701003724,RBCLPO,54,43,10,"8,975.00","89,750.00"
2019-01-17,2019011701003548,RBCLPO,33,34,20,"8,951.00","179,020.00"
2019-01-17,2019011701003547,RBCLPO,33,59,20,"8,950.00","179,000.00"
2019-01-17,2019011701003546,RBCLPO,33,32,10,"8,949.00","89,490.00"
2019-01-17,2019011701003842,RRHP,51,40,10,102.00,"1,020.00"
2019-01-17,2019011701003840,RRHP,58,51,10,103.00,"1,030.00"
2019-01-17,2019011701003839,RRHP,58,26,10,103.00,"1,030.00"
2019-01-17,2019011701003802,RRHP,22,40,10,102.00,"1,020.00"
2019-01-17,2019011701003799,RRHP,22,40,10,102.00,"1,020.00"
2019-01-17,2019011701003785,RRHP,22,40,10,102.00,"1,020.00"
2019-01-17,2019011701003777,RRHP,22,40,10,102.00,"1,020.00"
2019-01-17,2019011701003586,RRHP,22,41,10,102.00,"1,020.00"
2019-01-17,2019011701003491,RSDC,6,25,35,389.00,"13,615.00"
2019-01-17,2019011701003490,RSDC,5,25,100,391.00,"39,100.00"
2019-01-17,2019011701003489,RSDC,22,25,100,391.00,"39,100.00"
2019-01-17,2019011701003488,RSDC,5,25,20,392.00,"7,840.00"
2019-01-17,2019011701003477,RSDC,5,25,980,392.00,"384,160.00"
2019-01-17,2019011701003476,RSDC,19,25,20,393.00,"7,860.00"
2019-01-17,2019011701003654,SADBL,16,59,"3,000",147.00,"441,000.00"
2019-01-17,2019011701003653,SADBL,16,59,"2,000",147.00,"294,000.00"
2019-01-17,2019011701003652,SADBL,28,59,"2,000",148.00,"296,000.00"
2019-01-17,2019011701003651,SADBL,59,59,500,148.00,"74,000.00"
2019-01-17,2019011701003650,SADBL,41,59,"1,000",149.00,"149,000.00"
2019-01-17,2019011701003649,SADBL,17,59,"1,000",149.00,"149,000.00"
2019-01-17,2019011701003634,SADBL,44,59,140,151.00,"21,140.00"
2019-01-17,2019011701003640,SADBL,28,59,"1,000",150.00,"150,000.00"
2019-01-17,2019011701003639,SADBL,26,59,100,150.00,"15,000.00"
2019-01-17,2019011701003638,SADBL,58,59,90,150.00,"13,500.00"
2019-01-17,2019011701003637,SADBL,49,59,100,151.00,"15,100.00"
2019-01-17,2019011701003636,SADBL,6,59,"1,000",151.00,"151,000.00"
2019-01-17,2019011701003635,SADBL,49,59,"2,000",151.00,"302,000.00"
2019-01-17,2019011701003558,SANIMA,35,51,30,305.00,"9,150.00"
2019-01-17,2019011701003542,SANIMA,57,38,110,304.00,"33,440.00"
2019-01-17,2019011701003541,SANIMA,47,38,350,304.00,"106,400.00"
2019-01-17,2019011701003540,SANIMA,56,38,100,304.00,"30,400.00"
2019-01-17,2019011701003539,SANIMA,50,38,40,304.00,"12,160.00"
2019-01-17,2019011701003821,SBI,25,42,38,390.00,"14,820.00"
2019-01-17,2019011701003760,SBI,35,42,150,390.00,"58,500.00"
2019-01-17,2019011701003625,SBI,42,42,100,390.00,"39,000.00"
2019-01-17,2019011701003872,SBL,39,17,62,290.00,"17,980.00"
2019-01-17,2019011701003871,SBL,13,17,438,290.00,"127,020.00"
2019-01-17,2019011701003895,SCB,32,51,300,592.00,"177,600.00"
2019-01-17,2019011701003894,SCB,42,51,120,592.00,"71,040.00"
2019-01-17,2019011701003893,SCB,59,51,100,592.00,"59,200.00"
2019-01-17,2019011701003892,SCB,35,51,330,592.00,"195,360.00"
2019-01-17,2019011701003709,SCB,35,38,10,592.00,"5,920.00"
2019-01-17,2019011701003708,SCB,45,38,10,593.00,"5,930.00"
2019-01-17,2019011701003593,SHL,44,28,350,204.00,"71,400.00"
2019-01-17,2019011701003592,SHL,6,28,500,205.00,"102,500.00"
2019-01-17,2019011701003591,SHL,17,28,500,205.00,"102,500.00"
2019-01-17,2019011701003758,SKBBL,3,16,75,880.00,"66,000.00"
2019-01-17,2019011701003441,SKBBL,10,33,235,880.00,"206,800.00"
2019-01-17,2019011701003451,SLBBL,51,21,40,535.00,"21,400.00"
2019-01-17,2019011701003469,SLBBL,43,57,50,530.00,"26,500.00"
2019-01-17,2019011701003468,SLBBL,17,57,200,532.00,"106,400.00"
2019-01-17,2019011701003467,SLBBL,51,57,60,535.00,"32,100.00"
2019-01-17,2019011701003470,SLBBL,59,57,200,530.00,"106,000.00"
2019-01-17,2019011701003730,SLICL,56,33,20,567.00,"11,340.00"
2019-01-17,2019011701003716,SLICL,25,33,29,568.00,"16,472.00"
2019-01-17,2019011701003432,SLICL,28,16,10,570.00,"5,700.00"
2019-01-17,2019011701003784,TRH,57,50,200,253.00,"50,600.00"
2019-01-17,2019011701003762,TRH,55,41,300,250.00,"75,000.00"
2019-01-17,2019011701003751,TRH,54,41,100,250.00,"25,000.00"
2019-01-17,2019011701003611,TRH,57,50,100,249.00,"24,900.00"
2019-01-17,2019011701003756,UIC,38,38,160,790.00,"126,400.00"
2019-01-17,2019011701003723,UMHL,5,38,26,121.00,"3,146.00"
2019-01-17,2019011701003879,UPPER,28,39,40,311.00,"12,440.00"
2019-01-17,2019011701003874,UPPER,28,1,50,311.00,"15,550.00"
2019-01-17,2019011701003866,UPPER,28,26,40,311.00,"12,440.00"
2019-01-17,2019011701003860,UPPER,28,1,40,311.00,"12,440.00"
2019-01-17,2019011701003849,UPPER,28,56,50,311.00,"15,550.00"
2019-01-17,2019011701003843,UPPER,28,1,40,311.00,"12,440.00"
2019-01-17,2019011701003419,UPPER,28,10,40,311.00,"12,440.00"
2019-01-17,2019011701003418,UPPER,28,40,40,311.00,"12,440.00"
2019-01-17,2019011701003408,UPPER,28,39,50,311.00,"15,550.00"
2019-01-17,2019011701003407,UPPER,28,10,40,311.00,"12,440.00"
2019-01-17,2019011701003405,UPPER,28,40,40,311.00,"12,440.00"
2019-01-17,2019011701003399,UPPER,28,40,50,311.00,"15,550.00"
2019-01-17,2019011701003436,UPPER,28,40,50,311.00,"15,550.00"
2019-01-17,2019011701003429,UPPER,28,39,40,311.00,"12,440.00"
2019-01-17,2019011701003428,UPPER,28,58,40,311.00,"12,440.00"
2019-01-17,2019011701003427,UPPER,28,40,50,311.00,"15,550.00"
2019-01-17,2019011701003424,UPPER,28,10,40,311.00,"12,440.00"
2019-01-17,2019011701003420,UPPER,28,39,50,311.00,"15,550.00"
2019-01-17,2019011701003449,UPPER,28,10,50,311.00,"15,550.00"
2019-01-17,2019011701003448,UPPER,28,39,50,311.00,"15,550.00"
2019-01-17,2019011701003443,UPPER,28,58,40,311.00,"12,440.00"
2019-01-17,2019011701003442,UPPER,28,39,40,311.00,"12,440.00"
2019-01-17,2019011701003440,UPPER,28,10,50,311.00,"15,550.00"
2019-01-17,2019011701003464,UPPER,28,39,40,311.00,"12,440.00"
2019-01-17,2019011701003461,UPPER,28,40,40,311.00,"12,440.00"
2019-01-17,2019011701003452,UPPER,28,39,40,311.00,"12,440.00"
2019-01-17,2019011701003496,UPPER,28,10,50,311.00,"15,550.00"
2019-01-17,2019011701003486,UPPER,28,39,50,311.00,"15,550.00"
2019-01-17,2019011701003485,UPPER,28,39,40,311.00,"12,440.00"
2019-01-17,2019011701003483,UPPER,28,40,40,311.00,"12,440.00"
2019-01-17,2019011701003471,UPPER,28,40,50,311.00,"15,550.00"
2019-01-17,2019011701003519,UPPER,28,10,50,311.00,"15,550.00"
2019-01-17,2019011701003517,UPPER,28,39,50,311.00,"15,550.00"
2019-01-17,2019011701003514,UPPER,28,10,50,311.00,"15,550.00"
2019-01-17,2019011701003509,UPPER,28,39,50,311.00,"15,550.00"
2019-01-17,2019011701003500,UPPER,28,39,40,311.00,"12,440.00"
2019-01-17,2019011701003497,UPPER,28,39,50,311.00,"15,550.00"
2019-01-17,2019011701003562,UPPER,28,26,50,311.00,"15,550.00"
2019-01-17,2019011701003560,UPPER,28,40,50,311.00,"15,550.00"
2019-01-17,2019011701003557,UPPER,28,40,50,311.00,"15,550.00"
2019-01-17,2019011701003545,UPPER,28,40,40,311.00,"12,440.00"
2019-01-17,2019011701003543,UPPER,28,45,122,311.00,"37,942.00"
2019-01-17,2019011701003527,UPPER,28,39,40,311.00,"12,440.00"
2019-01-17,2019011701003571,UPPER,28,26,50,311.00,"15,550.00"
2019-01-17,2019011701003570,UPPER,28,10,50,311.00,"15,550.00"
2019-01-17,2019011701003569,UPPER,28,26,40,311.00,"12,440.00"
2019-01-17,2019011701003567,UPPER,28,26,40,311.00,"12,440.00"
2019-01-17,2019011701003565,UPPER,28,10,50,311.00,"15,550.00"
2019-01-17,2019011701003601,UPPER,28,26,50,311.00,"15,550.00"
2019-01-17,2019011701003590,UPPER,28,26,40,311.00,"12,440.00"
2019-01-17,2019011701003584,UPPER,28,26,50,311.00,"15,550.00"
2019-01-17,2019011701003576,UPPER,28,26,50,311.00,"15,550.00"
2019-01-17,2019011701003575,UPPER,28,40,40,311.00,"12,440.00"
2019-01-17,2019011701003632,UPPER,28,1,50,311.00,"15,550.00"
2019-01-17,2019011701003628,UPPER,28,40,50,311.00,"15,550.00"
2019-01-17,2019011701003619,UPPER,28,10,50,311.00,"15,550.00"
2019-01-17,2019011701003617,UPPER,28,26,40,311.00,"12,440.00"
2019-01-17,2019011701003612,UPPER,28,26,40,311.00,"12,440.00"
2019-01-17,2019011701003603,UPPER,28,10,50,311.00,"15,550.00"
2019-01-17,2019011701003672,UPPER,28,10,50,311.00,"15,550.00"
2019-01-17,2019011701003671,UPPER,28,40,50,311.00,"15,550.00"
2019-01-17,2019011701003663,UPPER,28,40,40,311.00,"12,440.00"
2019-01-17,2019011701003660,UPPER,28,40,40,311.00,"12,440.00"
2019-01-17,2019011701003659,UPPER,28,10,50,311.00,"15,550.00"
2019-01-17,2019011701003754,UPPER,28,10,50,311.00,"15,550.00"
2019-01-17,2019011701003746,UPPER,28,51,50,311.00,"15,550.00"
2019-01-17,2019011701003739,UPPER,28,40,50,311.00,"15,550.00"
2019-01-17,2019011701003732,UPPER,28,10,50,311.00,"15,550.00"
2019-01-17,2019011701003731,UPPER,28,40,40,311.00,"12,440.00"
2019-01-17,2019011701003710,UPPER,28,40,50,311.00,"15,550.00"
2019-01-17,2019011701003841,UPPER,28,54,40,311.00,"12,440.00"
2019-01-17,2019011701003838,UPPER,28,39,40,311.00,"12,440.00"
2019-01-17,2019011701003828,UPPER,28,39,40,311.00,"12,440.00"
2019-01-17,2019011701003786,UPPER,28,41,50,311.00,"15,550.00"
2019-01-17,2019011701003773,UPPER,28,41,50,311.00,"15,550.00"
2019-01-17,2019011701003761,UPPER,28,13,40,311.00,"12,440.00"
2019-01-17,2019011701003753,WOMI,6,32,10,"1,162.00","11,620.00"
2019-01-17,2019011701003585,WOMI,41,1,17,"1,158.00","19,686.00"
2019-01-17,2019011701003256,ADBL,14,41,157,347.00,"54,479.00"
2019-01-17,2019011701003144,ADBL,14,37,104,347.00,"36,088.00"
2019-01-17,2019011701003061,AHPC,35,26,10,105.00,"1,050.00"
2019-01-17,2019011701003212,AKJCL,51,35,20,89.00,"1,780.00"
2019-01-17,2019011701003208,AKJCL,51,16,20,89.00,"1,780.00"
2019-01-17,2019011701003187,AKJCL,14,16,10,90.00,900.00
2019-01-17,2019011701003153,AKJCL,14,16,20,90.00,"1,800.00"
2019-01-17,2019011701003136,AKJCL,14,16,10,90.00,900.00
2019-01-17,2019011701003063,AKJCL,14,16,10,90.00,900.00
2019-01-17,2019011701003036,AKJCL,14,16,20,90.00,"1,800.00"
2019-01-17,2019011701003009,AKJCL,14,16,20,90.00,"1,800.00"
2019-01-17,2019011701003357,AKPL,16,35,13,185.00,"2,405.00"
2019-01-17,2019011701003320,AKPL,16,41,13,185.00,"2,405.00"
2019-01-17,2019011701003328,API,42,19,80,151.00,"12,080.00"
2019-01-17,2019011701003192,API,58,29,11,152.00,"1,672.00"
2019-01-17,2019011701003191,API,58,36,200,152.00,"30,400.00"
2019-01-17,2019011701003190,API,58,50,500,152.00,"76,000.00"
2019-01-17,2019011701003059,API,34,1,"2,126",150.00,"318,900.00"
2019-01-17,2019011701003058,API,34,26,"3,930",150.00,"589,500.00"
2019-01-17,2019011701003056,API,28,26,17,149.00,"2,533.00"
2019-01-17,2019011701003052,API,42,26,20,150.00,"3,000.00"
2019-01-17,2019011701002901,API,41,26,100,148.00,"14,800.00"
2019-01-17,2019011701002900,API,57,26,500,148.00,"74,000.00"
2019-01-17,2019011701002899,API,35,26,200,148.00,"29,600.00"
2019-01-17,2019011701002898,API,57,26,500,148.00,"74,000.00"
2019-01-17,2019011701003331,BARUN,41,39,60,108.00,"6,480.00"
2019-01-17,2019011701003330,BARUN,41,47,40,108.00,"4,320.00"
2019-01-17,2019011701003253,BOKL,21,13,350,265.00,"92,750.00"
2019-01-17,2019011701003252,BOKL,45,13,150,265.00,"39,750.00"
2019-01-17,2019011701003121,BOKL,45,43,100,265.00,"26,500.00"
2019-01-17,2019011701003120,BOKL,48,43,300,265.00,"79,500.00"
2019-01-17,2019011701003119,BOKL,48,43,200,265.00,"53,000.00"
2019-01-17,2019011701003099,BOKL,48,59,200,265.00,"53,000.00"
2019-01-17,2019011701003237,BPCL,6,50,19,372.00,"7,068.00"
2019-01-17,2019011701003157,BPCL,6,41,10,372.00,"3,720.00"
2019-01-17,2019011701003105,BPCL,38,38,10,373.00,"3,730.00"
2019-01-17,2019011701003050,BPCL,6,26,11,372.00,"4,092.00"
2019-01-17,2019011701003325,CBBL,58,21,10,890.00,"8,900.00"
2019-01-17,2019011701003324,CBBL,58,17,250,889.00,"222,250.00"
2019-01-17,2019011701003264,CBBL,58,50,30,888.00,"26,640.00"
2019-01-17,2019011701003263,CBBL,58,43,20,887.00,"17,740.00"
2019-01-17,2019011701003262,CBBL,58,22,100,887.00,"88,700.00"
2019-01-17,2019011701003076,CBBL,58,22,50,887.00,"44,350.00"
2019-01-17,2019011701003014,CBBL,58,22,50,887.00,"44,350.00"
2019-01-17,2019011701003312,CBL,45,42,75,162.00,"12,150.00"
2019-01-17,2019011701003311,CBL,45,37,375,162.00,"60,750.00"
2019-01-17,2019011701003051,CBL,49,36,500,161.00,"80,500.00"
2019-01-17,2019011701003015,CBL,49,6,840,161.00,"135,240.00"
2019-01-17,2019011701002919,CBL,25,37,10,162.00,"1,620.00"
2019-01-17,2019011701003334,CCBL,6,7,11,172.00,"1,892.00"
2019-01-17,2019011701003307,CCBL,6,6,1,172.00,172.00
2019-01-17,2019011701003283,CCBL,21,50,142,171.00,"24,282.00"
2019-01-17,2019011701003306,CFCL,32,41,23,111.00,"2,553.00"
2019-01-17,2019011701003260,CFCL,32,41,23,111.00,"2,553.00"
2019-01-17,2019011701003231,CFCL,32,41,23,111.00,"2,553.00"
2019-01-17,2019011701003376,CHCL,25,50,52,540.00,"28,080.00"
2019-01-17,2019011701003296,CHCL,19,50,20,540.00,"10,800.00"
2019-01-17,2019011701003075,CHCL,58,29,26,541.00,"14,066.00"
2019-01-17,2019011701003341,CIT,18,7,20,"2,770.00","55,400.00"
2019-01-17,2019011701003281,CIT,41,1,55,"2,770.00","152,350.00"
2019-01-17,2019011701003261,CIT,41,59,45,"2,770.00","124,650.00"
2019-01-17,2019011701003217,CIT,33,50,170,"2,770.00","470,900.00"
2019-01-17,2019011701003195,CIT,7,50,30,"2,770.00","83,100.00"
2019-01-17,2019011701003164,CIT,17,49,100,"2,766.00","276,600.00"
2019-01-17,2019011701002992,CIT,50,5,100,"2,775.00","277,500.00"
2019-01-17,2019011701002985,CIT,52,38,10,"2,770.00","27,700.00"
2019-01-17,2019011701003156,CIT,49,1,100,"2,770.00","277,000.00"
2019-01-17,2019011701003155,CIT,52,1,236,"2,770.00","653,720.00"
2019-01-17,2019011701003154,CIT,13,1,20,"2,775.00","55,500.00"
2019-01-17,2019011701003146,CIT,16,25,10,"2,775.00","27,750.00"
2019-01-17,2019011701003113,CIT,16,47,30,"2,775.00","83,250.00"
2019-01-17,2019011701003101,CIT,52,44,54,"2,770.00","149,580.00"
2019-01-17,2019011701003198,CLBSL,58,34,134,700.00,"93,800.00"
2019-01-17,2019011701003173,CZBIL,36,45,300,217.00,"65,100.00"
2019-01-17,2019011701002968,CZBIL,11,45,30,217.00,"6,510.00"
2019-01-17,2019011701002967,CZBIL,32,45,483,217.00,"104,811.00"
2019-01-17,2019011701003280,DBBL,26,42,114,127.00,"14,478.00"
2019-01-17,2019011701003272,DBBL,44,32,"1,500",128.00,"192,000.00"
2019-01-17,2019011701003271,DBBL,44,26,44,128.00,"5,632.00"
2019-01-17,2019011701003232,DBBL,26,50,47,127.00,"5,969.00"
2019-01-17,2019011701002922,DBBL,25,25,26,128.00,"3,328.00"
2019-01-17,2019011701003140,DDBL,25,37,10,585.00,"5,850.00"
2019-01-17,2019011701002929,DHPL,25,25,10,99.00,990.00
2019-01-17,2019011701003197,EBL,48,41,75,529.00,"39,675.00"
2019-01-17,2019011701003181,EBL,14,5,720,530.00,"381,600.00"
2019-01-17,2019011701002926,EBL,25,5,10,530.00,"5,300.00"
2019-01-17,2019011701002935,EDBL,56,19,240,275.00,"66,000.00"
2019-01-17,2019011701002934,EDBL,56,41,78,273.00,"21,294.00"
2019-01-17,2019011701003259,FMDBL,13,47,23,383.00,"8,809.00"
2019-01-17,2019011701003367,GBBL,22,28,500,191.00,"95,500.00"
2019-01-17,2019011701003366,GBBL,22,50,500,190.00,"95,000.00"
2019-01-17,2019011701003270,GBBL,39,41,19,189.00,"3,591.00"
2019-01-17,2019011701003222,GBBL,39,26,230,190.00,"43,700.00"
2019-01-17,2019011701003221,GBBL,39,50,985,190.00,"187,150.00"
2019-01-17,2019011701003220,GBBL,39,55,13,189.00,"2,457.00"
2019-01-17,2019011701003100,GBBL,55,50,15,190.00,"2,850.00"
2019-01-17,2019011701002903,GBBL,13,39,149,189.00,"28,161.00"
2019-01-17,2019011701003336,GBIME,42,13,35,268.00,"9,380.00"
2019-01-17,2019011701003177,GBIME,55,26,300,268.00,"80,400.00"
2019-01-17,2019011701003387,GBLBS,35,58,10,457.00,"4,570.00"
2019-01-17,2019011701003386,GBLBS,35,56,10,457.00,"4,570.00"
2019-01-17,2019011701003314,GBLBS,22,41,17,451.00,"7,667.00"
2019-01-17,2019011701003236,GBLBS,1,33,100,455.00,"45,500.00"
2019-01-17,2019011701003239,GDBL,32,22,100,190.00,"19,000.00"
2019-01-17,2019011701003235,GILB,41,13,50,"1,200.00","60,000.00"
2019-01-17,2019011701002944,GILB,25,25,19,"1,180.00","22,420.00"
2019-01-17,2019011701003273,GLICL,25,4,200,730.00,"146,000.00"
2019-01-17,2019011701003159,GUFL,58,32,400,106.00,"42,400.00"
2019-01-17,2019011701003064,GUFL,58,33,600,106.00,"63,600.00"
2019-01-17,2019011701003040,GUFL,47,32,500,107.00,"53,500.00"
2019-01-17,2019011701002943,GUFL,43,41,364,107.00,"38,948.00"
2019-01-17,2019011701002947,HBL,41,16,100,458.00,"45,800.00"
2019-01-17,2019011701002946,HBL,6,16,30,459.00,"13,770.00"
2019-01-17,2019011701003329,HGI,40,40,900,403.00,"362,700.00"
2019-01-17,2019011701003319,HGI,32,40,400,403.00,"161,200.00"
2019-01-17,2019011701002955,HIDCL,25,25,56,151.00,"8,456.00"
2019-01-17,2019011701003368,HPPL,26,35,10,186.00,"1,860.00"
2019-01-17,2019011701003326,HPPL,26,41,10,186.00,"1,860.00"
2019-01-17,2019011701003225,HPPL,16,50,90,186.00,"16,740.00"
2019-01-17,2019011701003135,HPPL,38,38,10,189.00,"1,890.00"
2019-01-17,2019011701003045,HPPL,25,22,250,188.00,"47,000.00"
2019-01-17,2019011701003044,HPPL,1,22,100,188.00,"18,800.00"
2019-01-17,2019011701003043,HPPL,53,22,30,188.00,"5,640.00"
2019-01-17,2019011701002962,HPPL,25,25,10,189.00,"1,890.00"
2019-01-17,2019011701002942,HPPL,53,56,10,188.00,"1,880.00"
2019-01-17,2019011701003318,JBBL,45,41,13,137.00,"1,781.00"
2019-01-17,2019011701003317,JBBL,45,50,13,137.00,"1,781.00"
2019-01-17,2019011701003243,JBBL,45,50,73,137.00,"10,001.00"
2019-01-17,2019011701003242,JBBL,26,50,13,137.00,"1,781.00"
2019-01-17,2019011701003241,JBBL,38,50,27,138.00,"3,726.00"
2019-01-17,2019011701003226,JBBL,26,41,13,137.00,"1,781.00"
2019-01-17,2019011701003024,JBBL,26,26,19,137.00,"2,603.00"
2019-01-17,2019011701003304,JBNL,41,50,122,169.00,"20,618.00"
2019-01-17,2019011701003303,JBNL,41,46,378,169.00,"63,882.00"
2019-01-17,2019011701003282,JBNL,26,41,41,168.00,"6,888.00"
2019-01-17,2019011701003125,JBNL,48,46,27,169.00,"4,563.00"
2019-01-17,2019011701003012,JEFL,16,1,10,132.00,"1,320.00"
