Date,Transact. No.,Symbol,Buyer,Seller,Quantity,Rate,Amount
2020-02-24,2020022401031041,ADBL,57,8,19,432.00,"8,208.00"
2020-02-24,2020022401031040,ADBL,57,28,30,431.00,"12,930.00"
2020-02-24,2020022401031039,ADBL,57,45,"1,500",430.00,"645,000.00"
2020-02-24,2020022401031038,ADBL,57,53,11,429.00,"4,719.00"
2020-02-24,2020022401031037,ADBL,57,39,300,428.00,"128,400.00"
2020-02-24,2020022401031234,AKPL,32,48,"3,000",137.00,"411,000.00"
2020-02-24,2020022401031094,AKPL,41,8,226,135.00,"30,510.00"
2020-02-24,2020022401031007,ALBSL,34,55,10,878.00,"8,780.00"
2020-02-24,2020022401031006,ALBSL,34,25,100,872.00,"87,200.00"
2020-02-24,2020022401031005,ALBSL,34,53,10,870.00,"8,700.00"
2020-02-24,2020022401031248,ALICL,58,58,50,647.00,"32,350.00"
2020-02-24,2020022401030879,ALICL,58,58,400,645.00,"258,000.00"
2020-02-24,2020022401031065,API,17,8,210,135.00,"28,350.00"
2020-02-24,2020022401030838,API,25,40,20,137.00,"2,740.00"
2020-02-24,2020022401030821,BARUN,22,49,10,96.00,960.00
2020-02-24,2020022401031028,BOKL,13,34,"1,000",260.00,"260,000.00"
2020-02-24,2020022401031289,CBBL,54,56,200,"1,265.00","253,000.00"
2020-02-24,2020022401031288,CBBL,54,35,50,"1,265.00","63,250.00"
2020-02-24,2020022401031223,CBBL,59,53,80,"1,262.00","100,960.00"
2020-02-24,2020022401031070,CBBL,54,58,212,"1,261.00","267,332.00"
2020-02-24,2020022401031072,CBL,43,52,10,158.00,"1,580.00"
2020-02-24,2020022401031222,CHCL,34,39,10,446.00,"4,460.00"
2020-02-24,2020022401031221,CHCL,34,34,12,445.00,"5,340.00"
2020-02-24,2020022401031050,CHCL,34,34,283,445.00,"125,935.00"
2020-02-24,2020022401031049,CHCL,34,48,117,442.00,"51,714.00"
2020-02-24,2020022401031022,CHCL,43,48,100,442.00,"44,200.00"
2020-02-24,2020022401030843,CHCL,38,48,50,442.00,"22,100.00"
2020-02-24,2020022401031225,CIT,32,53,20,"2,983.00","59,660.00"
2020-02-24,2020022401030971,CIT,16,11,170,"2,980.00","506,600.00"
2020-02-24,2020022401030970,CIT,14,11,100,"2,984.00","298,400.00"
2020-02-24,2020022401030969,CIT,6,11,180,"2,985.00","537,300.00"
2020-02-24,2020022401031238,CLBSL,41,13,167,"1,224.00","204,408.00"
2020-02-24,2020022401031158,CLBSL,53,13,20,"1,224.00","24,480.00"
2020-02-24,2020022401030928,CLBSL,17,57,11,"1,212.00","13,332.00"
2020-02-24,2020022401030847,CORBL,35,57,230,137.00,"31,510.00"
2020-02-24,2020022401031233,CZBIL,14,26,20,211.00,"4,220.00"
2020-02-24,2020022401030924,CZBIL,8,25,935,209.00,"195,415.00"
2020-02-24,2020022401030923,CZBIL,58,25,565,210.00,"118,650.00"
2020-02-24,2020022401031026,DDBL,14,40,130,"1,025.00","133,250.00"
2020-02-24,2020022401031025,DDBL,14,6,60,"1,024.00","61,440.00"
2020-02-24,2020022401031170,DHPL,57,18,200,55.00,"11,000.00"
2020-02-24,2020022401030985,DHPL,43,18,"1,949",56.00,"109,144.00"
2020-02-24,2020022401030984,DHPL,57,18,100,56.00,"5,600.00"
2020-02-24,2020022401030983,DHPL,57,18,100,56.00,"5,600.00"
2020-02-24,2020022401030982,DHPL,55,18,30,57.00,"1,710.00"
2020-02-24,2020022401031191,EBL,54,35,10,724.00,"7,240.00"
2020-02-24,2020022401031150,EBL,51,48,290,720.00,"208,800.00"
2020-02-24,2020022401031149,EBL,51,57,324,720.00,"233,280.00"
2020-02-24,2020022401031148,EBL,51,18,257,719.00,"184,783.00"
2020-02-24,2020022401031015,EBL,54,18,10,719.00,"7,190.00"
2020-02-24,2020022401031183,EDBL,56,33,45,393.00,"17,685.00"
2020-02-24,2020022401031111,EDBL,36,33,80,394.00,"31,520.00"
2020-02-24,2020022401031010,EDBL,35,33,50,395.00,"19,750.00"
2020-02-24,2020022401031109,EIC,14,59,20,473.00,"9,460.00"
2020-02-24,2020022401030991,EIC,14,32,80,472.00,"37,760.00"
2020-02-24,2020022401030990,EIC,14,38,355,467.00,"165,785.00"
2020-02-24,2020022401030836,EIC,6,38,300,467.00,"140,100.00"
2020-02-24,2020022401030808,EIC,29,4,500,467.00,"233,500.00"
2020-02-24,2020022401030798,EIC,56,1,350,467.00,"163,450.00"
2020-02-24,2020022401030797,EIC,22,1,50,467.00,"23,350.00"
2020-02-24,2020022401031236,FMDBL,38,44,80,628.00,"50,240.00"
2020-02-24,2020022401031235,FMDBL,38,51,20,627.00,"12,540.00"
2020-02-24,2020022401031159,FMDBL,3,51,50,627.00,"31,350.00"
2020-02-24,2020022401031087,FMDBL,55,48,100,628.00,"62,800.00"
2020-02-24,2020022401031011,FMDBL,5,48,109,625.00,"68,125.00"
2020-02-24,2020022401030955,FMDBL,41,48,200,625.00,"125,000.00"
2020-02-24,2020022401030942,FMDBL,38,39,170,625.00,"106,250.00"
2020-02-24,2020022401031217,FOWAD,32,54,38,"1,782.00","67,716.00"
2020-02-24,2020022401030997,GBBL,1,48,199,256.00,"50,944.00"
2020-02-24,2020022401030996,GBBL,45,48,100,256.00,"25,600.00"
2020-02-24,2020022401030995,GBBL,34,48,948,256.00,"242,688.00"
2020-02-24,2020022401030944,GBBL,34,55,100,256.00,"25,600.00"
2020-02-24,2020022401031244,GBIME,56,59,100,292.00,"29,200.00"
2020-02-24,2020022401031218,GBIME,59,59,10,292.00,"2,920.00"
2020-02-24,2020022401031103,GBIME,59,59,10,292.00,"2,920.00"
2020-02-24,2020022401031071,GBIME,41,38,200,290.00,"58,000.00"
2020-02-24,2020022401030998,GBIME,51,38,600,290.00,"174,000.00"
2020-02-24,2020022401030911,GBIME,7,38,100,290.00,"29,000.00"
2020-02-24,2020022401030811,GBIME,48,14,600,291.00,"174,600.00"
2020-02-24,2020022401030898,GBIME,34,38,16,290.00,"4,640.00"
2020-02-24,2020022401030897,GBIME,34,38,500,290.00,"145,000.00"
2020-02-24,2020022401030896,GBIME,35,38,100,290.00,"29,000.00"
2020-02-24,2020022401030895,GBIME,55,38,648,290.00,"187,920.00"
2020-02-24,2020022401030813,GBIME,32,14,100,291.00,"29,100.00"
2020-02-24,2020022401030812,GBIME,35,14,50,291.00,"14,550.00"
2020-02-24,2020022401030904,GBIME,42,38,50,290.00,"14,500.00"
2020-02-24,2020022401030903,GBIME,48,38,100,290.00,"29,000.00"
2020-02-24,2020022401030902,GBIME,17,38,200,290.00,"58,000.00"
2020-02-24,2020022401030901,GBIME,13,38,200,290.00,"58,000.00"
2020-02-24,2020022401030900,GBIME,1,38,100,290.00,"29,000.00"
2020-02-24,2020022401030899,GBIME,28,38,"2,000",290.00,"580,000.00"
2020-02-24,2020022401030910,GBIME,37,38,"1,000",290.00,"290,000.00"
2020-02-24,2020022401030909,GBIME,8,38,10,290.00,"2,900.00"
2020-02-24,2020022401030908,GBIME,59,38,"1,000",290.00,"290,000.00"
2020-02-24,2020022401030907,GBIME,28,38,"1,500",290.00,"435,000.00"
2020-02-24,2020022401030906,GBIME,42,38,25,290.00,"7,250.00"
2020-02-24,2020022401030905,GBIME,25,38,100,290.00,"29,000.00"
2020-02-24,2020022401031064,GBLBS,53,34,120,597.00,"71,640.00"
2020-02-24,2020022401031062,GBLBS,58,11,720,596.00,"429,120.00"
2020-02-24,2020022401030890,GBLBS,58,41,50,596.00,"29,800.00"
2020-02-24,2020022401030832,GBLBS,56,34,80,597.00,"47,760.00"
2020-02-24,2020022401031194,GILB,41,41,10,"1,523.00","15,230.00"
2020-02-24,2020022401031113,GLICL,3,13,500,850.00,"425,000.00"
2020-02-24,2020022401031193,GMFBS,59,32,90,"1,030.00","92,700.00"
2020-02-24,2020022401031186,GUFL,33,29,10,132.00,"1,320.00"
2020-02-24,2020022401031254,HBL,51,58,20,610.00,"12,200.00"
2020-02-24,2020022401031058,HBL,17,58,245,610.00,"149,450.00"
2020-02-24,2020022401031057,HBL,47,58,200,611.00,"122,200.00"
2020-02-24,2020022401031231,HDL,58,34,65,"1,670.00","108,550.00"
2020-02-24,2020022401031230,HDL,58,57,50,"1,669.00","83,450.00"
2020-02-24,2020022401031229,HDL,58,11,50,"1,669.00","83,450.00"
2020-02-24,2020022401031228,HDL,58,43,35,"1,668.00","58,380.00"
2020-02-24,2020022401031128,HDL,54,43,130,"1,668.00","216,840.00"
2020-02-24,2020022401031127,HDL,54,48,110,"1,662.00","182,820.00"
2020-02-24,2020022401030918,HDL,58,57,100,"1,660.00","166,000.00"
2020-02-24,2020022401030917,HDL,58,57,105,"1,660.00","174,300.00"
2020-02-24,2020022401030874,HDL,34,28,100,"1,661.00","166,100.00"
2020-02-24,2020022401030826,HDL,25,25,200,"1,662.00","332,400.00"
2020-02-24,2020022401031059,HDL,5,43,30,"1,660.00","49,800.00"
2020-02-24,2020022401031045,HDL,5,43,225,"1,660.00","373,500.00"
2020-02-24,2020022401031012,HDL,5,43,45,"1,660.00","74,700.00"
2020-02-24,2020022401030945,HDL,10,57,45,"1,660.00","74,700.00"
2020-02-24,2020022401030922,HDL,7,57,50,"1,660.00","83,000.00"
2020-02-24,2020022401030919,HDL,14,57,50,"1,660.00","83,000.00"
2020-02-24,2020022401031181,HGI,14,58,500,458.00,"229,000.00"
2020-02-24,2020022401031013,HGI,13,55,150,455.00,"68,250.00"
2020-02-24,2020022401030893,HIDCL,51,57,317,142.00,"45,014.00"
2020-02-24,2020022401031004,ICFC,45,38,877,201.00,"176,277.00"
2020-02-24,2020022401031182,ILBS,55,48,20,934.00,"18,680.00"
2020-02-24,2020022401031276,KBL,10,39,94,208.00,"19,552.00"
2020-02-24,2020022401031275,KBL,41,39,200,208.00,"41,600.00"
2020-02-24,2020022401031274,KBL,26,39,"1,000",208.00,"208,000.00"
2020-02-24,2020022401031273,KBL,33,39,"1,000",208.00,"208,000.00"
2020-02-24,2020022401031272,KBL,7,39,"1,500",208.00,"312,000.00"
2020-02-24,2020022401031271,KBL,41,39,500,208.00,"104,000.00"
2020-02-24,2020022401031258,KBL,11,39,100,209.00,"20,900.00"
2020-02-24,2020022401031257,KBL,32,39,800,209.00,"167,200.00"
2020-02-24,2020022401031264,KBL,25,39,100,209.00,"20,900.00"
2020-02-24,2020022401031263,KBL,34,39,10,209.00,"2,090.00"
2020-02-24,2020022401031262,KBL,25,39,500,209.00,"104,500.00"
2020-02-24,2020022401031261,KBL,32,39,500,209.00,"104,500.00"
2020-02-24,2020022401031260,KBL,58,39,100,209.00,"20,900.00"
2020-02-24,2020022401031259,KBL,6,39,150,209.00,"31,350.00"
2020-02-24,2020022401031270,KBL,34,39,150,209.00,"31,350.00"
2020-02-24,2020022401031269,KBL,32,39,"1,000",209.00,"209,000.00"
2020-02-24,2020022401031268,KBL,35,39,200,209.00,"41,800.00"
2020-02-24,2020022401031267,KBL,34,39,50,209.00,"10,450.00"
2020-02-24,2020022401031266,KBL,34,39,50,209.00,"10,450.00"
2020-02-24,2020022401031265,KBL,37,39,"1,000",209.00,"209,000.00"
2020-02-24,2020022401030894,KMCDB,53,1,10,"1,122.00","11,220.00"
2020-02-24,2020022401030819,KMCDB,53,1,10,"1,122.00","11,220.00"
2020-02-24,2020022401030947,KPCL,25,48,10,107.00,"1,070.00"
2020-02-24,2020022401030862,KPCL,25,52,20,108.00,"2,160.00"
2020-02-24,2020022401030861,KPCL,25,11,10,108.00,"1,080.00"
2020-02-24,2020022401030860,KPCL,25,38,10,108.00,"1,080.00"
2020-02-24,2020022401030859,KPCL,25,54,10,108.00,"1,080.00"
2020-02-24,2020022401031251,KSBBL,56,54,200,178.00,"35,600.00"
2020-02-24,2020022401030999,KSBBL,38,48,10,180.00,"1,800.00"
2020-02-24,2020022401030795,KSBBL,14,7,43,177.00,"7,611.00"
2020-02-24,2020022401030794,KSBBL,41,7,10,177.00,"1,770.00"
2020-02-24,2020022401030793,KSBBL,38,7,100,177.00,"17,700.00"
2020-02-24,2020022401030792,KSBBL,33,7,200,178.00,"35,600.00"
2020-02-24,2020022401030791,KSBBL,25,7,500,178.00,"89,000.00"
2020-02-24,2020022401030810,LBBL,43,34,200,205.00,"41,000.00"
2020-02-24,2020022401031284,LBL,13,32,12,247.00,"2,964.00"
2020-02-24,2020022401030892,LBL,55,32,200,247.00,"49,400.00"
2020-02-24,2020022401030891,LBL,33,32,88,247.00,"21,736.00"
2020-02-24,2020022401030835,LBL,14,7,100,249.00,"24,900.00"
2020-02-24,2020022401031220,LGIL,51,14,30,547.00,"16,410.00"
2020-02-24,2020022401031219,LGIL,32,14,30,547.00,"16,410.00"
2020-02-24,2020022401031114,LGIL,32,48,200,547.00,"109,400.00"
2020-02-24,2020022401031020,LGIL,5,51,50,548.00,"27,400.00"
2020-02-24,2020022401031180,LICN,17,25,28,"1,510.00","42,280.00"
2020-02-24,2020022401030963,LICN,17,4,100,"1,510.00","151,000.00"
2020-02-24,2020022401030864,LICN,17,57,250,"1,510.00","377,500.00"
2020-02-24,2020022401030839,LICN,17,53,40,"1,510.00","60,400.00"
2020-02-24,2020022401030872,LLBS,34,14,96,"1,253.00","120,288.00"
2020-02-24,2020022401030871,LLBS,28,14,113,"1,254.00","141,702.00"
2020-02-24,2020022401031018,MBL,32,57,100,254.00,"25,400.00"
2020-02-24,2020022401031009,MBL,51,14,100,253.00,"25,300.00"
2020-02-24,2020022401031281,MEGA,44,58,"1,440",229.00,"329,760.00"
2020-02-24,2020022401031280,MEGA,45,58,250,229.00,"57,250.00"
2020-02-24,2020022401031214,MEGA,33,43,200,230.00,"46,000.00"
2020-02-24,2020022401031213,MEGA,32,43,200,230.00,"46,000.00"
2020-02-24,2020022401031212,MEGA,42,43,500,230.00,"115,000.00"
2020-02-24,2020022401031211,MEGA,57,43,50,230.00,"11,500.00"
2020-02-24,2020022401030941,MEGA,17,36,600,231.00,"138,600.00"
2020-02-24,2020022401030913,MEGA,17,13,45,231.00,"10,395.00"
2020-02-24,2020022401030870,MEGA,17,34,158,231.00,"36,498.00"
2020-02-24,2020022401030869,MEGA,40,34,342,231.00,"79,002.00"
2020-02-24,2020022401031133,MEGA,41,39,200,231.00,"46,200.00"
2020-02-24,2020022401031132,MEGA,40,39,"1,000",231.00,"231,000.00"
2020-02-24,2020022401031131,MEGA,17,39,197,231.00,"45,507.00"
2020-02-24,2020022401031044,MEGA,43,13,10,232.00,"2,320.00"
2020-02-24,2020022401031139,MEGA,35,39,100,230.00,"23,000.00"
2020-02-24,2020022401031138,MEGA,37,39,100,230.00,"23,000.00"
2020-02-24,2020022401031137,MEGA,14,39,500,231.00,"115,500.00"
2020-02-24,2020022401031136,MEGA,8,39,500,231.00,"115,500.00"
2020-02-24,2020022401031135,MEGA,6,39,50,231.00,"11,550.00"
2020-02-24,2020022401031134,MEGA,58,39,"1,000",231.00,"231,000.00"
2020-02-24,2020022401031187,MEGA,43,38,10,231.00,"2,310.00"
2020-02-24,2020022401031165,MEGA,1,41,21,230.00,"4,830.00"
2020-02-24,2020022401031141,MEGA,1,39,103,230.00,"23,690.00"
2020-02-24,2020022401031140,MEGA,58,39,250,230.00,"57,500.00"
2020-02-24,2020022401031204,MEGA,37,43,500,230.00,"115,000.00"
2020-02-24,2020022401031203,MEGA,35,43,100,230.00,"23,000.00"
2020-02-24,2020022401031202,MEGA,6,43,50,230.00,"11,500.00"
2020-02-24,2020022401031201,MEGA,6,43,50,230.00,"11,500.00"
2020-02-24,2020022401031200,MEGA,22,43,200,230.00,"46,000.00"
2020-02-24,2020022401031199,MEGA,1,43,76,230.00,"17,480.00"
2020-02-24,2020022401031210,MEGA,46,43,500,230.00,"115,000.00"
2020-02-24,2020022401031209,MEGA,47,43,500,230.00,"115,000.00"
2020-02-24,2020022401031208,MEGA,56,43,100,230.00,"23,000.00"
2020-02-24,2020022401031207,MEGA,3,43,40,230.00,"9,200.00"
2020-02-24,2020022401031206,MEGA,58,43,200,230.00,"46,000.00"
2020-02-24,2020022401031205,MEGA,53,43,100,230.00,"23,000.00"
2020-02-24,2020022401031126,MERO,38,58,200,779.00,"155,800.00"
2020-02-24,2020022401031125,MERO,38,22,60,778.00,"46,680.00"
2020-02-24,2020022401031124,MERO,38,35,100,777.00,"77,700.00"
2020-02-24,2020022401031286,MNBBL,48,43,10,364.00,"3,640.00"
2020-02-24,2020022401031147,MNBBL,8,48,15,363.00,"5,445.00"
2020-02-24,2020022401030937,MNBBL,25,58,431,365.00,"157,315.00"
2020-02-24,2020022401030936,MNBBL,25,51,20,365.00,"7,300.00"
2020-02-24,2020022401030935,MNBBL,25,11,41,365.00,"14,965.00"
2020-02-24,2020022401030934,MNBBL,25,48,46,365.00,"16,790.00"
2020-02-24,2020022401030933,MNBBL,25,48,462,364.00,"168,168.00"
2020-02-24,2020022401030845,MNBBL,8,53,300,363.00,"108,900.00"
2020-02-24,2020022401031014,MSMBS,33,34,20,901.00,"18,020.00"
2020-02-24,2020022401030921,NADEP,19,44,23,808.00,"18,584.00"
2020-02-24,2020022401031171,NBB,33,7,500,225.00,"112,500.00"
2020-02-24,2020022401031163,NBB,59,37,60,225.00,"13,500.00"
2020-02-24,2020022401031162,NBB,59,51,40,225.00,"9,000.00"
2020-02-24,2020022401031108,NBB,45,55,100,224.00,"22,400.00"
2020-02-24,2020022401031107,NBB,29,55,500,224.00,"112,000.00"
2020-02-24,2020022401030956,NBB,38,51,160,225.00,"36,000.00"
2020-02-24,2020022401031290,NBL,51,14,10,290.00,"2,900.00"
2020-02-24,2020022401031277,NBL,53,59,50,289.00,"14,450.00"
2020-02-24,2020022401031256,NBL,33,59,50,289.00,"14,450.00"
2020-02-24,2020022401031255,NBL,33,13,50,289.00,"14,450.00"
2020-02-24,2020022401031166,NBL,22,13,50,289.00,"14,450.00"
2020-02-24,2020022401031093,NBL,43,14,10,290.00,"2,900.00"
2020-02-24,2020022401030986,NBL,33,25,500,288.00,"144,000.00"
2020-02-24,2020022401030925,NBL,33,58,"1,000",288.00,"288,000.00"
2020-02-24,2020022401030844,NBL,33,10,500,288.00,"144,000.00"
2020-02-24,2020022401030837,NBL,44,13,100,289.00,"28,900.00"
2020-02-24,2020022401030961,NCCBPO,58,56,"100,000",120.00,"12,000,000.00"
2020-02-24,2020022401031216,NGPL,21,33,704,142.00,"99,968.00"
2020-02-24,2020022401031215,NGPL,21,19,63,142.00,"8,946.00"
2020-02-24,2020022401031168,NGPL,21,14,"1,576",141.00,"222,216.00"
2020-02-24,2020022401031153,NGPL,22,14,424,141.00,"59,784.00"
2020-02-24,2020022401031152,NGPL,22,45,200,141.00,"28,200.00"
2020-02-24,2020022401031151,NGPL,22,16,90,141.00,"12,690.00"
2020-02-24,2020022401031120,NGPL,33,16,10,141.00,"1,410.00"
2020-02-24,2020022401031036,NGPL,41,33,10,140.00,"1,400.00"
2020-02-24,2020022401030930,NHDL,59,47,30,153.00,"4,590.00"
2020-02-24,2020022401031173,NIB,44,8,44,428.00,"18,832.00"
2020-02-24,2020022401031156,NIB,44,14,50,428.00,"21,400.00"
2020-02-24,2020022401031155,NIB,44,14,150,428.00,"64,200.00"
2020-02-24,2020022401031001,NIB,44,38,350,428.00,"149,800.00"
2020-02-24,2020022401030965,NIB,44,52,50,427.00,"21,350.00"
2020-02-24,2020022401030929,NIB,54,39,44,426.00,"18,744.00"
2020-02-24,2020022401031283,NIBLPF,32,57,"1,000",8.50,"8,500.00"
2020-02-24,2020022401031282,NIBLPF,34,57,"1,000",8.50,"8,500.00"
2020-02-24,2020022401030876,NIBPO,55,59,"2,963",374.00,"1,108,162.00"
2020-02-24,2020022401030875,NIBPO,17,59,37,374.00,"13,838.00"
2020-02-24,2020022401031253,NICA,46,58,100,594.00,"59,400.00"
2020-02-24,2020022401031226,NICA,44,58,475,592.00,"281,200.00"
2020-02-24,2020022401031091,NICA,10,58,165,594.00,"98,010.00"
2020-02-24,2020022401031090,NICA,10,48,535,593.00,"317,255.00"
2020-02-24,2020022401031088,NICA,44,51,25,592.00,"14,800.00"
2020-02-24,2020022401030992,NICA,17,51,100,592.00,"59,200.00"
2020-02-24,2020022401030939,NICA,32,48,15,593.00,"8,895.00"
2020-02-24,2020022401030807,NICA,17,34,500,592.00,"296,000.00"
2020-02-24,2020022401030806,NICA,17,34,100,592.00,"59,200.00"
2020-02-24,2020022401030805,NICA,57,34,400,592.00,"236,800.00"
2020-02-24,2020022401031188,NICL,44,28,200,494.00,"98,800.00"
2020-02-24,2020022401031023,NICL,54,38,300,492.00,"147,600.00"
2020-02-24,2020022401030949,NICL,44,38,200,492.00,"98,400.00"
2020-02-24,2020022401030940,NIL,43,41,120,662.00,"79,440.00"
2020-02-24,2020022401031252,NLBBL,53,38,50,903.00,"45,150.00"
2020-02-24,2020022401031033,NLBBL,34,58,200,899.00,"179,800.00"
2020-02-24,2020022401031032,NLBBL,28,58,500,899.00,"449,500.00"
2020-02-24,2020022401031031,NLBBL,49,58,"1,000",900.00,"900,000.00"
2020-02-24,2020022401031030,NLBBL,49,58,20,900.00,"18,000.00"
2020-02-24,2020022401031029,NLBBL,45,58,385,900.00,"346,500.00"
2020-02-24,2020022401030960,NLBBL,45,58,115,900.00,"103,500.00"
2020-02-24,2020022401030959,NLBBL,53,58,100,900.00,"90,000.00"
2020-02-24,2020022401030958,NLBBL,59,58,200,901.00,"180,200.00"
2020-02-24,2020022401030957,NLBBL,39,58,85,901.00,"76,585.00"
2020-02-24,2020022401030973,NLG,47,11,25,718.00,"17,950.00"
2020-02-24,2020022401030972,NLG,47,52,50,717.00,"35,850.00"
2020-02-24,2020022401030799,NLG,1,57,40,713.00,"28,520.00"
2020-02-24,2020022401031227,NLIC,32,20,50,"1,294.00","64,700.00"
2020-02-24,2020022401031179,NLIC,32,20,19,"1,294.00","24,586.00"
2020-02-24,2020022401031178,NLIC,32,51,31,"1,294.00","40,114.00"
2020-02-24,2020022401031063,NLIC,5,39,12,"1,293.00","15,516.00"
2020-02-24,2020022401030842,NLIC,57,11,14,"1,288.00","18,032.00"
2020-02-24,2020022401030841,NLIC,45,11,878,"1,288.00","1,130,864.00"
2020-02-24,2020022401030840,NLIC,41,11,110,"1,289.00","141,790.00"
2020-02-24,2020022401030831,NLIC,41,34,90,"1,289.00","116,010.00"
2020-02-24,2020022401030830,NLIC,6,34,10,"1,289.00","12,890.00"
2020-02-24,2020022401031143,NLICL,43,35,10,739.00,"7,390.00"
2020-02-24,2020022401031245,NMB,28,32,19,474.00,"9,006.00"
2020-02-24,2020022401031224,NMB,43,53,20,475.00,"9,500.00"
2020-02-24,2020022401031164,NMB,3,53,100,475.00,"47,500.00"
2020-02-24,2020022401031142,NMB,28,58,150,474.00,"71,100.00"
2020-02-24,2020022401031105,NMB,51,53,200,475.00,"95,000.00"
2020-02-24,2020022401031104,NMB,3,53,100,475.00,"47,500.00"
2020-02-24,2020022401030927,NMB,58,58,86,475.00,"40,850.00"
2020-02-24,2020022401030926,NMB,14,58,14,475.00,"6,650.00"
2020-02-24,2020022401030863,NMB,18,33,300,476.00,"142,800.00"
2020-02-24,2020022401031068,NMB,41,25,300,475.00,"142,500.00"
2020-02-24,2020022401031067,NMB,3,25,100,475.00,"47,500.00"
2020-02-24,2020022401031066,NMB,48,25,200,475.00,"95,000.00"
2020-02-24,2020022401030981,NMB,57,58,500,475.00,"237,500.00"
2020-02-24,2020022401030980,NMB,57,58,100,475.00,"47,500.00"
2020-02-24,2020022401030979,NMB,58,58,14,475.00,"6,650.00"
2020-02-24,2020022401031084,NMB,56,58,50,476.00,"23,800.00"
2020-02-24,2020022401031081,NMB,56,58,10,476.00,"4,760.00"
2020-02-24,2020022401031080,NMB,56,58,190,475.00,"90,250.00"
2020-02-24,2020022401031076,NMB,54,58,10,475.00,"4,750.00"
2020-02-24,2020022401031075,NMB,26,58,100,475.00,"47,500.00"
2020-02-24,2020022401031073,NMB,41,58,"2,700",475.00,"1,282,500.00"
2020-02-24,2020022401031092,NSEWA,13,53,10,882.00,"8,820.00"
2020-02-24,2020022401031086,NSEWA,13,8,10,875.00,"8,750.00"
2020-02-24,2020022401031241,NTC,59,41,10,666.00,"6,660.00"
2020-02-24,2020022401031240,NTC,59,41,40,665.00,"26,600.00"
2020-02-24,2020022401031019,NTC,25,58,10,660.00,"6,600.00"
2020-02-24,2020022401031172,NUBL,11,57,100,"1,142.00","114,200.00"
2020-02-24,2020022401031003,NUBL,44,41,200,"1,140.00","228,000.00"
2020-02-24,2020022401031002,NUBL,55,41,200,"1,141.00","228,200.00"
2020-02-24,2020022401030943,OHL,22,16,337,488.00,"164,456.00"
2020-02-24,2020022401031237,PCBL,22,34,600,318.00,"190,800.00"
2020-02-24,2020022401031177,PIC,17,57,122,701.00,"85,522.00"
2020-02-24,2020022401031176,PIC,48,57,25,701.00,"17,525.00"
2020-02-24,2020022401031175,PIC,35,57,53,702.00,"37,206.00"
2020-02-24,2020022401031169,PIC,35,39,18,702.00,"12,636.00"
2020-02-24,2020022401031123,PIC,35,54,129,702.00,"90,558.00"
2020-02-24,2020022401031122,PIC,5,54,10,702.00,"7,020.00"
2020-02-24,2020022401030848,PIC,38,54,50,703.00,"35,150.00"
2020-02-24,2020022401030954,PIC,34,13,102,703.00,"71,706.00"
2020-02-24,2020022401030953,PIC,34,48,150,703.00,"105,450.00"
2020-02-24,2020022401030952,PIC,34,44,40,703.00,"28,120.00"
2020-02-24,2020022401030951,PIC,34,47,55,703.00,"38,665.00"
2020-02-24,2020022401030950,PIC,34,54,52,703.00,"36,556.00"
2020-02-24,2020022401030931,PIC,28,13,100,702.00,"70,200.00"
2020-02-24,2020022401031121,PIC,11,54,60,702.00,"42,120.00"
2020-02-24,2020022401031016,PIC,1,37,50,704.00,"35,200.00"
2020-02-24,2020022401030989,PIC,11,48,90,702.00,"63,180.00"
2020-02-24,2020022401030988,PIC,28,48,200,702.00,"140,400.00"
2020-02-24,2020022401030987,PIC,34,48,210,703.00,"147,630.00"
2020-02-24,2020022401030974,PIC,34,53,100,703.00,"70,300.00"
2020-02-24,2020022401030850,PLIC,58,38,315,650.00,"204,750.00"
2020-02-24,2020022401030849,PLIC,58,28,185,650.00,"120,250.00"
2020-02-24,2020022401030834,PLIC,4,57,125,647.00,"80,875.00"
2020-02-24,2020022401030994,PMHPL,1,48,10,94.00,940.00
2020-02-24,2020022401031055,PPCL,14,47,10,131.00,"1,310.00"
2020-02-24,2020022401030803,PPCL,6,52,30,129.00,"3,870.00"
2020-02-24,2020022401031192,PRIN,36,4,50,513.00,"25,650.00"
2020-02-24,2020022401031130,PRIN,44,4,100,514.00,"51,400.00"
2020-02-24,2020022401031129,PRIN,32,4,71,514.00,"36,494.00"
2020-02-24,2020022401030920,PRVU,55,51,108,264.00,"28,512.00"
2020-02-24,2020022401030833,PRVU,53,58,"1,500",265.00,"397,500.00"
2020-02-24,2020022401030825,RADHI,38,45,11,187.00,"2,057.00"
2020-02-24,2020022401030824,RADHI,38,45,11,187.00,"2,057.00"
2020-02-24,2020022401030823,RADHI,38,41,12,185.00,"2,220.00"
2020-02-24,2020022401030822,RADHI,38,46,34,185.00,"6,290.00"
2020-02-24,2020022401031246,RBCLPO,39,59,20,"9,850.00","197,000.00"
2020-02-24,2020022401030946,RBCLPO,39,34,10,"9,850.00","98,500.00"
2020-02-24,2020022401031112,RHPL,49,14,50,167.00,"8,350.00"
2020-02-24,2020022401031017,RHPL,49,48,50,167.00,"8,350.00"
2020-02-24,2020022401030817,RHPL,49,57,40,167.00,"6,680.00"
2020-02-24,2020022401031185,RMDC,39,37,115,826.00,"94,990.00"
2020-02-24,2020022401031184,RMDC,22,37,50,826.00,"41,300.00"
2020-02-24,2020022401031060,RMDC,52,46,200,827.00,"165,400.00"
2020-02-24,2020022401031247,RSDC,37,44,90,664.00,"59,760.00"
2020-02-24,2020022401031174,RSDC,34,22,100,657.00,"65,700.00"
2020-02-24,2020022401031119,RSDC,38,33,246,658.00,"161,868.00"
2020-02-24,2020022401031118,RSDC,35,33,100,658.00,"65,800.00"
2020-02-24,2020022401031117,RSDC,57,33,70,659.00,"46,130.00"
2020-02-24,2020022401031116,RSDC,52,33,50,660.00,"33,000.00"
2020-02-24,2020022401030853,RSDC,26,7,284,662.00,"188,008.00"
2020-02-24,2020022401031115,RSDC,46,33,34,660.00,"22,440.00"
2020-02-24,2020022401030858,RSDC,46,7,466,660.00,"307,560.00"
2020-02-24,2020022401030857,RSDC,7,7,50,660.00,"33,000.00"
2020-02-24,2020022401030856,RSDC,8,7,200,660.00,"132,000.00"
2020-02-24,2020022401030855,RSDC,56,7,300,661.00,"198,300.00"
2020-02-24,2020022401030854,RSDC,48,7,100,661.00,"66,100.00"
2020-02-24,2020022401031279,SABSL,38,14,10,990.00,"9,900.00"
2020-02-24,2020022401030889,SABSL,45,34,132,982.00,"129,624.00"
2020-02-24,2020022401030888,SABSL,58,34,100,983.00,"98,300.00"
2020-02-24,2020022401030887,SABSL,58,34,200,983.00,"196,600.00"
2020-02-24,2020022401030886,SABSL,58,34,20,983.00,"19,660.00"
2020-02-24,2020022401031278,SAPDBL,4,25,386,157.00,"60,602.00"
2020-02-24,2020022401030967,SAPDBL,4,53,988,157.00,"155,116.00"
2020-02-24,2020022401031146,SBI,28,58,"1,270",475.00,"603,250.00"
2020-02-24,2020022401031145,SBI,48,58,100,475.00,"47,500.00"
2020-02-24,2020022401031144,SBI,42,58,95,475.00,"45,125.00"
2020-02-24,2020022401031096,SBI,42,6,205,475.00,"97,375.00"
2020-02-24,2020022401031095,SBI,17,6,500,475.00,"237,500.00"
2020-02-24,2020022401030968,SBI,25,8,200,476.00,"95,200.00"
2020-02-24,2020022401031154,SBL,48,54,478,347.00,"165,866.00"
2020-02-24,2020022401031079,SBL,38,54,30,347.00,"10,410.00"
2020-02-24,2020022401031078,SBL,59,54,250,347.00,"86,750.00"
2020-02-24,2020022401031077,SBL,8,54,242,347.00,"83,974.00"
2020-02-24,2020022401030809,SBL,8,44,22,347.00,"7,634.00"
2020-02-24,2020022401031074,SCB,25,41,104,716.00,"74,464.00"
2020-02-24,2020022401030916,SCB,37,42,135,714.00,"96,390.00"
2020-02-24,2020022401030915,SCB,37,53,10,712.00,"7,120.00"
2020-02-24,2020022401030914,SCB,37,4,18,710.00,"12,780.00"
2020-02-24,2020022401031061,SDESI,7,52,40,"1,100.00","44,000.00"
2020-02-24,2020022401030962,SDESI,41,58,173,"1,100.00","190,300.00"
2020-02-24,2020022401030829,SDESI,4,25,18,"1,114.00","20,052.00"
2020-02-24,2020022401030828,SDESI,4,47,300,"1,113.00","333,900.00"
2020-02-24,2020022401030827,SDESI,4,4,12,"1,112.00","13,344.00"
2020-02-24,2020022401031190,SEF,10,1,"2,000",9.80,"19,600.00"
2020-02-24,2020022401031189,SEF,10,1,"2,000",9.80,"19,600.00"
2020-02-24,2020022401031043,SEF,10,1,"2,000",9.81,"19,620.00"
2020-02-24,2020022401031042,SEF,10,1,"1,700",9.81,"16,677.00"
2020-02-24,2020022401031250,SHIVM,42,38,880,677.00,"595,760.00"
2020-02-24,2020022401031249,SHIVM,40,38,120,678.00,"81,360.00"
2020-02-24,2020022401030818,SHIVM,58,4,"3,200",680.00,"2,176,000.00"
2020-02-24,2020022401031034,SIC,7,26,100,802.00,"80,200.00"
2020-02-24,2020022401030938,SIC,57,35,50,800.00,"40,000.00"
2020-02-24,2020022401030885,SIC,57,4,20,800.00,"16,000.00"
2020-02-24,2020022401030884,SIC,58,4,130,800.00,"104,000.00"
2020-02-24,2020022401031239,SICL,22,46,82,"1,340.00","109,880.00"
2020-02-24,2020022401031198,SICL,13,46,50,"1,340.00","67,000.00"
2020-02-24,2020022401031167,SICL,11,46,10,"1,340.00","13,400.00"
2020-02-24,2020022401030816,SICL,33,5,55,"1,343.00","73,865.00"
2020-02-24,2020022401030814,SICL,6,5,100,"1,343.00","134,300.00"
2020-02-24,2020022401030802,SICL,1,56,136,"1,340.00","182,240.00"
2020-02-24,2020022401030801,SICL,20,56,104,"1,340.00","139,360.00"
2020-02-24,2020022401030796,SICL,11,5,100,"1,343.00","134,300.00"
2020-02-24,2020022401031047,SICL,51,46,50,"1,341.00","67,050.00"
2020-02-24,2020022401031046,SICL,57,46,50,"1,342.00","67,100.00"
2020-02-24,2020022401030977,SICL,36,57,30,"1,340.00","40,200.00"
2020-02-24,2020022401030976,SICL,1,57,64,"1,340.00","85,760.00"
2020-02-24,2020022401030975,SICL,57,57,100,"1,341.00","134,100.00"
2020-02-24,2020022401030912,SICL,33,46,45,"1,343.00","60,435.00"
2020-02-24,2020022401031098,SICL,44,46,100,"1,340.00","134,000.00"
2020-02-24,2020022401031097,SICL,14,46,58,"1,340.00","77,720.00"
2020-02-24,2020022401031085,SICL,53,13,50,"1,341.00","67,050.00"
2020-02-24,2020022401031054,SICL,14,46,42,"1,340.00","56,280.00"
2020-02-24,2020022401031053,SICL,36,46,370,"1,340.00","495,800.00"
2020-02-24,2020022401031051,SICL,51,13,250,"1,341.00","335,250.00"
2020-02-24,2020022401031197,SIL,25,33,100,634.00,"63,400.00"
2020-02-24,2020022401031196,SIL,25,44,100,632.00,"63,200.00"
2020-02-24,2020022401031195,SIL,25,44,100,632.00,"63,200.00"
2020-02-24,2020022401031106,SIL,44,46,500,630.00,"315,000.00"
2020-02-24,2020022401031089,SIL,44,57,300,630.00,"189,000.00"
2020-02-24,2020022401030948,SIL,11,44,100,632.00,"63,200.00"
2020-02-24,2020022401030877,SIL,44,44,50,630.00,"31,500.00"
2020-02-24,2020022401030804,SIL,26,47,160,625.00,"100,000.00"
2020-02-24,2020022401030932,SINDU,34,51,953,145.00,"138,185.00"
2020-02-24,2020022401030846,SJCL,59,57,20,161.00,"3,220.00"
2020-02-24,2020022401031048,SJCL,59,48,20,161.00,"3,220.00"
2020-02-24,2020022401030978,SJCL,59,46,300,161.00,"48,300.00"
2020-02-24,2020022401031161,SJCL,44,25,100,161.00,"16,100.00"
2020-02-24,2020022401031160,SJCL,59,25,200,161.00,"32,200.00"
2020-02-24,2020022401030867,SKBBL,14,38,109,"1,345.00","146,605.00"
2020-02-24,2020022401030866,SKBBL,14,55,200,"1,345.00","269,000.00"
2020-02-24,2020022401030865,SKBBL,14,21,37,"1,345.00","49,765.00"
2020-02-24,2020022401031157,SLBBL,37,37,500,"1,013.00","506,500.00"
2020-02-24,2020022401031000,SLBBL,34,39,100,"1,008.00","100,800.00"
2020-02-24,2020022401030868,SLBBL,34,32,100,"1,008.00","100,800.00"
2020-02-24,2020022401030800,SLBBL,34,32,101,"1,008.00","101,808.00"
2020-02-24,2020022401031027,SLBSL,38,34,10,"1,042.00","10,420.00"
2020-02-24,2020022401031287,SLICL,44,40,12,510.00,"6,120.00"
2020-02-24,2020022401031056,SLICL,28,56,100,509.00,"50,900.00"
2020-02-24,2020022401030966,SLICL,34,5,250,507.00,"126,750.00"
2020-02-24,2020022401030883,SLICL,34,5,250,507.00,"126,750.00"
2020-02-24,2020022401030882,SLICL,34,5,250,507.00,"126,750.00"
2020-02-24,2020022401030852,SLICL,55,5,200,507.00,"101,400.00"
2020-02-24,2020022401030851,SLICL,41,5,150,508.00,"76,200.00"
2020-02-24,2020022401030820,SLICL,41,51,50,507.00,"25,350.00"
2020-02-24,2020022401030815,SLICL,57,34,19,507.00,"9,633.00"
2020-02-24,2020022401031008,SMATA,35,34,15,904.00,"13,560.00"
2020-02-24,2020022401031110,SPARS,17,53,30,"1,020.00","30,600.00"
2020-02-24,2020022401031102,SRBL,32,51,"1,000",273.00,"273,000.00"
2020-02-24,2020022401031101,SRBL,32,25,100,273.00,"27,300.00"
2020-02-24,2020022401031100,SRBL,32,25,100,273.00,"27,300.00"
2020-02-24,2020022401031099,SRBL,32,34,39,272.00,"10,608.00"
2020-02-24,2020022401030993,SRBL,47,34,87,272.00,"23,664.00"
2020-02-24,2020022401030881,SRBL,47,34,100,272.00,"27,200.00"
2020-02-24,2020022401030880,SRBL,47,32,213,272.00,"57,936.00"
2020-02-24,2020022401031021,STC,5,51,10,"2,963.00","29,630.00"
2020-02-24,2020022401031285,SWBBL,7,58,42,"1,368.00","57,456.00"
2020-02-24,2020022401031232,SWBBL,42,58,402,"1,369.00","550,338.00"
2020-02-24,2020022401031243,TRH,25,14,500,305.00,"152,500.00"
2020-02-24,2020022401031242,TRH,57,14,500,305.00,"152,500.00"
2020-02-24,2020022401031035,UIC,56,54,120,433.00,"51,960.00"
2020-02-24,2020022401030964,UIC,56,54,24,433.00,"10,392.00"
2020-02-24,2020022401030873,UIC,39,35,100,435.00,"43,500.00"
2020-02-24,2020022401030878,UMHL,37,48,14,117.00,"1,638.00"
2020-02-24,2020022401031052,VLBS,37,37,500,"1,249.00","624,500.00"
2020-02-24,2020022401031083,WOMI,33,57,50,"1,182.00","59,100.00"
2020-02-24,2020022401031082,WOMI,33,38,67,"1,175.00","78,725.00"
2020-02-24,2020022401031069,WOMI,34,14,50,"1,170.00","58,500.00"
2020-02-24,2020022401031024,WOMI,38,39,20,"1,175.00","23,500.00"
2020-02-24,2020022401030786,ADBL,26,34,40,427.00,"17,080.00"
2020-02-24,2020022401030677,ADBL,26,41,160,427.00,"68,320.00"
2020-02-24,2020022401030676,ADBL,14,41,"1,000",427.00,"427,000.00"
2020-02-24,2020022401030675,ADBL,57,41,500,427.00,"213,500.00"
2020-02-24,2020022401030674,ADBL,41,41,100,427.00,"42,700.00"
2020-02-24,2020022401030673,ADBL,38,41,25,428.00,"10,700.00"
2020-02-24,2020022401030325,ADBL,14,45,500,430.00,"215,000.00"
2020-02-24,2020022401030672,ADBL,57,41,88,428.00,"37,664.00"
2020-02-24,2020022401030671,ADBL,42,41,25,428.00,"10,700.00"
2020-02-24,2020022401030670,ADBL,26,41,102,428.00,"43,656.00"
2020-02-24,2020022401030749,AKPL,13,40,"1,000",135.00,"135,000.00"
2020-02-24,2020022401030748,AKPL,13,40,500,135.00,"67,500.00"
2020-02-24,2020022401030776,ALBSL,58,34,250,865.00,"216,250.00"
2020-02-24,2020022401030775,ALBSL,34,34,227,866.00,"196,582.00"
2020-02-24,2020022401030665,ALBSL,34,58,73,866.00,"63,218.00"
2020-02-24,2020022401030664,ALBSL,34,58,78,866.00,"67,548.00"
2020-02-24,2020022401030663,ALBSL,3,58,49,867.00,"42,483.00"
2020-02-24,2020022401030761,ALICL,58,7,130,642.00,"83,460.00"
2020-02-24,2020022401030760,ALICL,52,7,200,642.00,"128,400.00"
2020-02-24,2020022401030759,ALICL,40,7,900,643.00,"578,700.00"
2020-02-24,2020022401030441,ALICL,40,22,100,643.00,"64,300.00"
2020-02-24,2020022401030389,ALICL,14,39,200,643.00,"128,600.00"
2020-02-24,2020022401030369,API,22,38,"1,500",136.00,"204,000.00"
2020-02-24,2020022401030304,API,25,40,25,137.00,"3,425.00"
2020-02-24,2020022401030713,BOKL,19,57,210,259.00,"54,390.00"
2020-02-24,2020022401030712,BPCL,7,7,151,395.00,"59,645.00"
2020-02-24,2020022401030489,BPCL,7,1,99,394.00,"39,006.00"
2020-02-24,2020022401030395,BPCL,53,33,15,393.00,"5,895.00"
2020-02-24,2020022401030426,CBBL,59,59,200,"1,260.00","252,000.00"
2020-02-24,2020022401030425,CBBL,52,59,30,"1,260.00","37,800.00"
2020-02-24,2020022401030617,CBL,37,40,"1,200",157.00,"188,400.00"
2020-02-24,2020022401030573,CBL,8,1,"2,146",156.00,"334,776.00"
2020-02-24,2020022401030572,CBL,37,1,"2,700",156.00,"421,200.00"
2020-02-24,2020022401030571,CBL,34,1,100,156.00,"15,600.00"
2020-02-24,2020022401030570,CBL,6,1,100,156.00,"15,600.00"
2020-02-24,2020022401030452,CBL,17,1,"2,348",157.00,"368,636.00"
2020-02-24,2020022401030315,CBL,17,34,"1,000",157.00,"157,000.00"
2020-02-24,2020022401030601,CCBL,1,34,124,191.00,"23,684.00"
2020-02-24,2020022401030600,CCBL,45,34,876,191.00,"167,316.00"
2020-02-24,2020022401030724,CHCL,38,38,50,442.00,"22,100.00"
2020-02-24,2020022401030723,CHCL,13,38,100,442.00,"44,200.00"
2020-02-24,2020022401030722,CHCL,56,38,100,442.00,"44,200.00"
2020-02-24,2020022401030721,CHCL,41,38,100,442.00,"44,200.00"
2020-02-24,2020022401030493,CHCL,56,43,322,443.00,"142,646.00"
2020-02-24,2020022401030320,CHCL,41,43,200,443.00,"88,600.00"
2020-02-24,2020022401030640,CIT,6,58,20,"2,985.00","59,700.00"
2020-02-24,2020022401030639,CIT,6,58,300,"2,986.00","895,800.00"
2020-02-24,2020022401030638,CIT,45,58,30,"2,986.00","89,580.00"
2020-02-24,2020022401030517,CIT,57,4,100,"2,998.00","299,800.00"
2020-02-24,2020022401030516,CIT,57,41,100,"2,998.00","299,800.00"
2020-02-24,2020022401030515,CIT,57,51,100,"2,997.00","299,700.00"
2020-02-24,2020022401030602,CLBSL,17,57,11,"1,212.00","13,332.00"
2020-02-24,2020022401030464,CLBSL,41,57,11,"1,211.00","13,321.00"
2020-02-24,2020022401030430,CLBSL,41,57,11,"1,211.00","13,321.00"
2020-02-24,2020022401030424,CLBSL,41,33,11,"1,211.00","13,321.00"
2020-02-24,2020022401030492,CZBIL,58,41,"1,221",210.00,"256,410.00"
2020-02-24,2020022401030599,DDBL,19,14,10,"1,023.00","10,230.00"
2020-02-24,2020022401030502,DDBL,41,6,200,"1,024.00","204,800.00"
2020-02-24,2020022401030501,DDBL,41,6,40,"1,024.00","40,960.00"
2020-02-24,2020022401030341,DDBL,41,58,260,"1,024.00","266,240.00"
2020-02-24,2020022401030340,DDBL,32,58,50,"1,024.00","51,200.00"
2020-02-24,2020022401030780,EBL,44,7,71,715.00,"50,765.00"
2020-02-24,2020022401030779,EBL,22,7,200,715.00,"143,000.00"
2020-02-24,2020022401030778,EBL,51,7,100,716.00,"71,600.00"
2020-02-24,2020022401030777,EBL,14,7,179,716.00,"128,164.00"
2020-02-24,2020022401030774,EBL,39,18,33,719.00,"23,727.00"
2020-02-24,2020022401030773,EBL,39,38,27,719.00,"19,413.00"
2020-02-24,2020022401030772,EBL,39,6,40,718.00,"28,720.00"
2020-02-24,2020022401030615,EBL,14,22,21,716.00,"15,036.00"
2020-02-24,2020022401030614,EBL,45,22,29,716.00,"20,764.00"
2020-02-24,2020022401030530,EBL,22,6,100,718.00,"71,800.00"
2020-02-24,2020022401030446,EDBL,25,33,100,397.00,"39,700.00"
2020-02-24,2020022401030741,EIC,56,38,345,468.00,"161,460.00"
2020-02-24,2020022401030740,EIC,56,46,"1,570",468.00,"734,760.00"
2020-02-24,2020022401030739,EIC,56,38,307,468.00,"143,676.00"
2020-02-24,2020022401030710,FMDBL,38,14,487,625.00,"304,375.00"
2020-02-24,2020022401030709,FMDBL,36,14,50,625.00,"31,250.00"
2020-02-24,2020022401030708,FMDBL,46,14,301,625.00,"188,125.00"
2020-02-24,2020022401030648,FMDBL,47,39,25,628.00,"15,700.00"
2020-02-24,2020022401030647,FMDBL,32,39,39,628.00,"24,492.00"
2020-02-24,2020022401030438,FMDBL,32,58,150,628.00,"94,200.00"
2020-02-24,2020022401030396,FMDBL,32,35,11,628.00,"6,908.00"
2020-02-24,2020022401030538,GBIME,48,13,400,291.00,"116,400.00"
2020-02-24,2020022401030537,GBIME,35,13,"1,500",291.00,"436,500.00"
2020-02-24,2020022401030536,GBIME,35,13,"1,300",291.00,"378,300.00"
2020-02-24,2020022401030788,GBLBS,58,48,10,596.00,"5,960.00"
2020-02-24,2020022401030758,GBLBS,58,48,15,596.00,"8,940.00"
2020-02-24,2020022401030568,GBLBS,41,49,240,596.00,"143,040.00"
2020-02-24,2020022401030460,GBLBS,14,49,20,596.00,"11,920.00"
2020-02-24,2020022401030327,GBLBS,58,49,20,596.00,"11,920.00"
2020-02-24,2020022401030514,GILB,14,14,20,"1,508.00","30,160.00"
2020-02-24,2020022401030490,GILB,19,42,22,"1,516.00","33,352.00"
2020-02-24,2020022401030729,GLICL,39,13,500,850.00,"425,000.00"
2020-02-24,2020022401030728,GLICL,39,56,170,850.00,"144,500.00"
2020-02-24,2020022401030727,GLICL,39,44,40,850.00,"34,000.00"
2020-02-24,2020022401030726,GLICL,39,46,50,849.00,"42,450.00"
2020-02-24,2020022401030642,GLICL,39,26,273,845.00,"230,685.00"
2020-02-24,2020022401030580,GLICL,7,52,100,844.00,"84,400.00"
2020-02-24,2020022401030397,GLICL,40,48,94,840.00,"78,960.00"
2020-02-24,2020022401030317,GMFBS,34,32,10,"1,042.00","10,420.00"
2020-02-24,2020022401030316,GMFBS,34,34,128,"1,031.00","131,968.00"
2020-02-24,2020022401030626,HDL,5,25,139,"1,662.00","231,018.00"
2020-02-24,2020022401030625,HDL,4,7,100,"1,661.00","166,100.00"
2020-02-24,2020022401030598,HDL,4,25,61,"1,662.00","101,382.00"
2020-02-24,2020022401030595,HDL,4,56,200,"1,662.00","332,400.00"
2020-02-24,2020022401030557,HDL,38,38,"1,250","1,661.00","2,076,250.00"
2020-02-24,2020022401030553,HDL,4,39,50,"1,662.00","83,100.00"
2020-02-24,2020022401030406,HDL,5,5,500,"1,662.00","831,000.00"
2020-02-24,2020022401030681,HIDCL,51,40,31,142.00,"4,402.00"
2020-02-24,2020022401030560,HIDCL,49,57,61,143.00,"8,723.00"
2020-02-24,2020022401030500,HIDCL,49,57,61,143.00,"8,723.00"
2020-02-24,2020022401030487,HIDCL,49,43,61,143.00,"8,723.00"
2020-02-24,2020022401030440,HIDCL,49,33,15,143.00,"2,145.00"
2020-02-24,2020022401030416,HIDCL,49,57,317,143.00,"45,331.00"
2020-02-24,2020022401030326,HIDCL,49,43,61,143.00,"8,723.00"
2020-02-24,2020022401030312,HIDCL,49,57,317,143.00,"45,331.00"
2020-02-24,2020022401030714,ILBS,28,51,180,927.00,"166,860.00"
2020-02-24,2020022401030649,ILBS,28,51,200,927.00,"185,400.00"
2020-02-24,2020022401030381,ILBS,28,18,10,927.00,"9,270.00"
2020-02-24,2020022401030354,JBBL,53,14,34,195.00,"6,630.00"
2020-02-24,2020022401030696,JFL,55,44,52,189.00,"9,828.00"
2020-02-24,2020022401030695,JFL,58,44,20,189.00,"3,780.00"
2020-02-24,2020022401030434,JSLBB,40,40,1,"1,911.00","1,911.00"
2020-02-24,2020022401030700,KBL,32,40,200,209.00,"41,800.00"
2020-02-24,2020022401030578,KBL,38,39,200,210.00,"42,000.00"
2020-02-24,2020022401030451,KBL,41,39,500,210.00,"105,000.00"
2020-02-24,2020022401030450,KBL,32,39,296,210.00,"62,160.00"
2020-02-24,2020022401030420,KBL,32,6,704,210.00,"147,840.00"
2020-02-24,2020022401030419,KBL,32,6,296,210.00,"62,160.00"
2020-02-24,2020022401030543,KKHC,55,43,10,55.00,550.00
2020-02-24,2020022401030363,KKHC,55,43,10,55.00,550.00
2020-02-24,2020022401030435,KMCDB,43,34,10,"1,122.00","11,220.00"
2020-02-24,2020022401030552,KMCDB,53,34,446,"1,122.00","500,412.00"
2020-02-24,2020022401030551,KMCDB,43,34,20,"1,122.00","22,440.00"
2020-02-24,2020022401030465,KMCDB,43,34,10,"1,122.00","11,220.00"
2020-02-24,2020022401030630,KPCL,25,45,"1,485",107.00,"158,895.00"
2020-02-24,2020022401030629,KPCL,25,17,160,107.00,"17,120.00"
2020-02-24,2020022401030790,KSBBL,52,7,147,178.00,"26,166.00"
2020-02-24,2020022401030659,KSBBL,52,34,100,178.00,"17,800.00"
2020-02-24,2020022401030486,KSBBL,52,33,12,178.00,"2,136.00"
2020-02-24,2020022401030348,KSBBL,52,5,741,178.00,"131,898.00"
2020-02-24,2020022401030347,KSBBL,34,5,65,178.00,"11,570.00"
2020-02-24,2020022401030771,LBBL,33,8,318,204.00,"64,872.00"
2020-02-24,2020022401030770,LBBL,25,8,100,204.00,"20,400.00"
2020-02-24,2020022401030769,LBBL,25,8,182,204.00,"37,128.00"
2020-02-24,2020022401030725,LBBL,25,3,300,204.00,"61,200.00"
2020-02-24,2020022401030539,LBL,33,33,12,247.00,"2,964.00"
2020-02-24,2020022401030720,LGIL,5,51,50,548.00,"27,400.00"
2020-02-24,2020022401030719,LGIL,58,51,100,548.00,"54,800.00"
2020-02-24,2020022401030498,LGIL,7,48,50,548.00,"27,400.00"
2020-02-24,2020022401030497,LGIL,7,25,500,548.00,"274,000.00"
2020-02-24,2020022401030619,LICN,17,57,500,"1,510.00","755,000.00"
2020-02-24,2020022401030353,LICN,56,54,20,"1,512.00","30,240.00"
2020-02-24,2020022401030292,LICN,17,47,50,"1,510.00","75,500.00"
2020-02-24,2020022401030688,MBL,48,57,"1,000",254.00,"254,000.00"
2020-02-24,2020022401030687,MBL,14,57,200,254.00,"50,800.00"
2020-02-24,2020022401030686,MBL,26,57,449,254.00,"114,046.00"
2020-02-24,2020022401030636,MBL,38,39,200,255.00,"51,000.00"
2020-02-24,2020022401030635,MBL,38,37,260,255.00,"66,300.00"
2020-02-24,2020022401030634,MBL,38,40,449,255.00,"114,495.00"
2020-02-24,2020022401030318,MBL,55,40,300,255.00,"76,500.00"
2020-02-24,2020022401030359,MEGA,32,13,200,232.00,"46,400.00"
2020-02-24,2020022401030358,MEGA,14,13,300,232.00,"69,600.00"
2020-02-24,2020022401030357,MEGA,14,13,500,232.00,"116,000.00"
2020-02-24,2020022401030449,MEGA,40,56,110,231.00,"25,410.00"
2020-02-24,2020022401030444,MEGA,40,34,548,231.00,"126,588.00"
2020-02-24,2020022401030443,MEGA,36,34,452,231.00,"104,412.00"
2020-02-24,2020022401030678,MERO,58,6,80,776.00,"62,080.00"
2020-02-24,2020022401030342,MERO,40,40,9,755.00,"6,795.00"
2020-02-24,2020022401030547,MERO,58,40,300,776.00,"232,800.00"
2020-02-24,2020022401030546,MERO,58,33,29,775.00,"22,475.00"
2020-02-24,2020022401030668,MERO,58,52,45,776.00,"34,920.00"
2020-02-24,2020022401030623,MLBBL,1,14,40,885.00,"35,400.00"
2020-02-24,2020022401030437,MLBL,51,33,20,238.00,"4,760.00"
2020-02-24,2020022401030624,MLBL,4,33,633,237.00,"150,021.00"
2020-02-24,2020022401030743,MNBBL,25,28,300,362.00,"108,600.00"
2020-02-24,2020022401030621,MNBBL,25,11,50,362.00,"18,100.00"
2020-02-24,2020022401030620,MNBBL,47,11,50,362.00,"18,100.00"
2020-02-24,2020022401030491,MNBBL,25,57,328,362.00,"118,736.00"
2020-02-24,2020022401030352,MSMBS,45,4,10,910.00,"9,100.00"
2020-02-24,2020022401030753,NABIL,54,35,10,800.00,"8,000.00"
2020-02-24,2020022401030656,NABIL,54,35,10,800.00,"8,000.00"
2020-02-24,2020022401030611,NABIL,6,11,51,797.00,"40,647.00"
2020-02-24,2020022401030559,NABIL,14,35,150,800.00,"120,000.00"
2020-02-24,2020022401030513,NABIL,6,41,268,797.00,"213,596.00"
2020-02-24,2020022401030512,NABIL,53,41,50,797.00,"39,850.00"
2020-02-24,2020022401030511,NABIL,42,41,25,798.00,"19,950.00"
2020-02-24,2020022401030393,NABIL,50,4,170,798.00,"135,660.00"
2020-02-24,2020022401030392,NABIL,57,4,100,798.00,"79,800.00"
2020-02-24,2020022401030391,NABIL,40,4,50,798.00,"39,900.00"
2020-02-24,2020022401030390,NABIL,22,4,180,799.00,"143,820.00"
2020-02-24,2020022401030766,NADEP,58,44,23,811.00,"18,653.00"
2020-02-24,2020022401030650,NADEP,58,51,19,811.00,"15,409.00"
2020-02-24,2020022401030503,NADEP,19,44,23,808.00,"18,584.00"
2020-02-24,2020022401030689,NBB,38,6,340,225.00,"76,500.00"
2020-02-24,2020022401030596,NBB,56,6,200,225.00,"45,000.00"
2020-02-24,2020022401030660,NBL,33,47,600,288.00,"172,800.00"
2020-02-24,2020022401030566,NBL,33,47,500,288.00,"144,000.00"
2020-02-24,2020022401030456,NBL,13,34,"2,000",289.00,"578,000.00"
2020-02-24,2020022401030423,NBL,13,6,100,289.00,"28,900.00"
2020-02-24,2020022401030768,NCCB,58,52,10,207.00,"2,070.00"
2020-02-24,2020022401030603,NCCB,10,33,11,205.00,"2,255.00"
2020-02-24,2020022401030402,NCCB,6,58,20,208.00,"4,160.00"
2020-02-24,2020022401030401,NCCB,6,53,800,206.00,"164,800.00"
2020-02-24,2020022401030331,NCCB,36,33,612,205.00,"125,460.00"
2020-02-24,2020022401030330,NCCB,52,33,100,205.00,"20,500.00"
2020-02-24,2020022401030329,NCCB,11,33,100,205.00,"20,500.00"
2020-02-24,2020022401030328,NCCB,52,33,54,205.00,"11,070.00"
2020-02-24,2020022401030322,NCCB,25,53,100,206.00,"20,600.00"
2020-02-24,2020022401030610,NGPL,21,43,11,139.00,"1,529.00"
2020-02-24,2020022401030417,NGPL,21,43,11,139.00,"1,529.00"
2020-02-24,2020022401030661,NHDL,59,8,500,150.00,"75,000.00"
2020-02-24,2020022401030550,NHDL,59,56,10,149.00,"1,490.00"
2020-02-24,2020022401030293,NHDL,33,1,300,147.00,"44,100.00"
2020-02-24,2020022401030734,NIB,7,17,"1,000",426.00,"426,000.00"
2020-02-24,2020022401030733,NIB,7,17,"1,000",426.00,"426,000.00"
2020-02-24,2020022401030732,NIB,7,17,339,426.00,"144,414.00"
2020-02-24,2020022401030609,NIB,45,17,10,426.00,"4,260.00"
2020-02-24,2020022401030608,NIB,52,17,50,426.00,"21,300.00"
2020-02-24,2020022401030607,NIB,28,17,601,426.00,"256,026.00"
2020-02-24,2020022401030482,NIB,28,11,66,426.00,"28,116.00"
2020-02-24,2020022401030481,NIB,58,11,34,427.00,"14,518.00"
2020-02-24,2020022401030466,NIB,6,38,20,428.00,"8,560.00"
2020-02-24,2020022401030365,NIB,58,14,166,427.00,"70,882.00"
2020-02-24,2020022401030364,NIB,33,14,34,427.00,"14,518.00"
2020-02-24,2020022401030747,NICA,57,58,100,595.00,"59,500.00"
2020-02-24,2020022401030632,NICA,39,58,100,596.00,"59,600.00"
2020-02-24,2020022401030510,NICA,39,41,545,595.00,"324,275.00"
2020-02-24,2020022401030509,NICA,39,53,400,595.00,"238,000.00"
2020-02-24,2020022401030508,NICA,39,42,108,595.00,"64,260.00"
2020-02-24,2020022401030507,NICA,39,39,700,595.00,"416,500.00"
2020-02-24,2020022401030506,NICA,39,58,"1,000",595.00,"595,000.00"
2020-02-24,2020022401030505,NICA,39,49,315,594.00,"187,110.00"
2020-02-24,2020022401030569,NICL,52,10,300,493.00,"147,900.00"
2020-02-24,2020022401030558,NICL,44,48,354,491.00,"173,814.00"
2020-02-24,2020022401030540,NICL,44,35,100,491.00,"49,100.00"
2020-02-24,2020022401030518,NICL,44,34,250,491.00,"122,750.00"
2020-02-24,2020022401030429,NICL,44,32,100,491.00,"49,100.00"
2020-02-24,2020022401030405,NICL,33,52,250,492.00,"123,000.00"
2020-02-24,2020022401030345,NICL,44,57,173,491.00,"84,943.00"
2020-02-24,2020022401030344,NICL,44,4,144,491.00,"70,704.00"
2020-02-24,2020022401030291,NICL,58,4,20,491.00,"9,820.00"
2020-02-24,2020022401030736,NIL,6,4,32,657.00,"21,024.00"
2020-02-24,2020022401030735,NIL,59,4,18,663.00,"11,934.00"
2020-02-24,2020022401030477,NIL,59,4,101,658.00,"66,458.00"
2020-02-24,2020022401030476,NIL,59,32,77,657.00,"50,589.00"
2020-02-24,2020022401030475,NIL,59,39,123,656.00,"80,688.00"
2020-02-24,2020022401030474,NIL,59,38,181,656.00,"118,736.00"
2020-02-24,2020022401030445,NLBBL,39,47,15,901.00,"13,515.00"
2020-02-24,2020022401030367,NLBBL,11,47,15,903.00,"13,545.00"
2020-02-24,2020022401030324,NLBBL,11,43,24,903.00,"21,672.00"
2020-02-24,2020022401030495,NLG,37,57,60,713.00,"42,780.00"
2020-02-24,2020022401030398,NLG,37,1,140,713.00,"99,820.00"
2020-02-24,2020022401030738,NLIC,33,51,69,"1,294.00","89,286.00"
2020-02-24,2020022401030737,NLIC,33,38,31,"1,290.00","39,990.00"
2020-02-24,2020022401030555,NLIC,6,17,55,"1,289.00","70,895.00"
2020-02-24,2020022401030422,NLIC,6,6,100,"1,289.00","128,900.00"
2020-02-24,2020022401030384,NLIC,6,51,35,"1,289.00","45,115.00"
2020-02-24,2020022401030294,NLIC,45,41,500,"1,288.00","644,000.00"
2020-02-24,2020022401030323,NLICL,42,41,500,736.00,"368,000.00"
2020-02-24,2020022401030787,NMB,14,38,150,475.00,"71,250.00"
2020-02-24,2020022401030680,NMB,14,58,36,475.00,"17,100.00"
2020-02-24,2020022401030679,NMB,32,58,264,475.00,"125,400.00"
2020-02-24,2020022401030526,NMB,32,22,236,475.00,"112,100.00"
2020-02-24,2020022401030412,NMB,32,53,500,475.00,"237,500.00"
2020-02-24,2020022401030411,NMB,35,53,50,475.00,"23,750.00"
2020-02-24,2020022401030410,NMB,22,53,300,475.00,"142,500.00"
2020-02-24,2020022401030409,NMB,4,53,150,475.00,"71,250.00"
2020-02-24,2020022401030362,NMB,25,41,99,475.00,"47,025.00"
2020-02-24,2020022401030361,NMB,25,41,342,475.00,"162,450.00"
2020-02-24,2020022401030360,NMB,41,41,59,476.00,"28,084.00"
2020-02-24,2020022401030306,NMB,39,33,100,477.00,"47,700.00"
2020-02-24,2020022401030654,NTC,59,42,20,667.00,"13,340.00"
2020-02-24,2020022401030427,NTC,43,58,10,658.00,"6,580.00"
2020-02-24,2020022401030754,PCBL,52,38,197,316.00,"62,252.00"
2020-02-24,2020022401030751,PCBL,52,26,84,316.00,"26,544.00"
2020-02-24,2020022401030750,PCBL,52,26,16,316.00,"5,056.00"
2020-02-24,2020022401030693,PCBL,52,22,184,316.00,"58,144.00"
2020-02-24,2020022401030692,PCBL,25,22,100,316.00,"31,600.00"
2020-02-24,2020022401030691,PCBL,6,22,50,316.00,"15,800.00"
2020-02-24,2020022401030690,PCBL,33,22,200,316.00,"63,200.00"
2020-02-24,2020022401030606,PCBL,14,58,379,320.00,"121,280.00"
2020-02-24,2020022401030605,PCBL,14,6,100,320.00,"32,000.00"
2020-02-24,2020022401030604,PCBL,14,29,21,319.00,"6,699.00"
2020-02-24,2020022401030633,PFL,58,33,11,164.00,"1,804.00"
2020-02-24,2020022401030755,PIC,28,41,100,702.00,"70,200.00"
2020-02-24,2020022401030521,PIC,28,14,100,702.00,"70,200.00"
2020-02-24,2020022401030520,PIC,26,14,100,702.00,"70,200.00"
2020-02-24,2020022401030484,PIC,33,33,300,703.00,"210,900.00"
2020-02-24,2020022401030483,PIC,34,33,50,703.00,"35,150.00"
2020-02-24,2020022401030332,PIC,51,37,200,704.00,"140,800.00"
2020-02-24,2020022401030295,PIC,37,37,50,704.00,"35,200.00"
2020-02-24,2020022401030711,PICL,32,57,20,530.00,"10,600.00"
2020-02-24,2020022401030707,PICL,39,57,100,530.00,"53,000.00"
2020-02-24,2020022401030662,PLIC,52,52,822,648.00,"532,656.00"
2020-02-24,2020022401030469,PLIC,4,39,180,647.00,"116,460.00"
2020-02-24,2020022401030383,PLIC,38,57,75,648.00,"48,600.00"
2020-02-24,2020022401030382,PLIC,38,56,100,648.00,"64,800.00"
2020-02-24,2020022401030373,PLIC,38,28,25,648.00,"16,200.00"
2020-02-24,2020022401030372,PLIC,58,28,100,648.00,"64,800.00"
2020-02-24,2020022401030371,PLIC,25,28,50,648.00,"32,400.00"
2020-02-24,2020022401030370,PLIC,49,28,25,648.00,"16,200.00"
2020-02-24,2020022401030394,PRIN,32,39,200,514.00,"102,800.00"
2020-02-24,2020022401030351,PRIN,32,17,29,514.00,"14,906.00"
2020-02-24,2020022401030350,PRIN,26,17,104,514.00,"53,456.00"
2020-02-24,2020022401030762,PRVU,55,22,"1,000",264.00,"264,000.00"
2020-02-24,2020022401030752,PRVU,53,58,"1,500",265.00,"397,500.00"
2020-02-24,2020022401030702,PRVU,55,33,12,264.00,"3,168.00"
2020-02-24,2020022401030655,PRVU,55,39,232,264.00,"61,248.00"
2020-02-24,2020022401030631,PRVU,55,4,100,264.00,"26,400.00"
2020-02-24,2020022401030549,PRVU,55,11,100,264.00,"26,400.00"
2020-02-24,2020022401030541,PRVU,55,13,448,264.00,"118,272.00"
2020-02-24,2020022401030439,PRVU,35,13,52,264.00,"13,728.00"
2020-02-24,2020022401030319,PRVU,35,7,250,264.00,"66,000.00"
2020-02-24,2020022401030305,PRVU,35,58,431,264.00,"113,784.00"
2020-02-24,2020022401030783,RADHI,38,1,11,184.00,"2,024.00"
2020-02-24,2020022401030782,RADHI,38,1,12,184.00,"2,208.00"
2020-02-24,2020022401030781,RADHI,38,43,12,183.00,"2,196.00"
2020-02-24,2020022401030565,RADHI,38,47,74,181.00,"13,394.00"
2020-02-24,2020022401030564,RADHI,38,42,12,180.00,"2,160.00"
2020-02-24,2020022401030472,RADHI,38,6,12,180.00,"2,160.00"
2020-02-24,2020022401030471,RADHI,38,22,11,180.00,"1,980.00"
2020-02-24,2020022401030470,RADHI,38,14,11,180.00,"1,980.00"
2020-02-24,2020022401030433,RADHI,38,38,10,178.00,"1,780.00"
2020-02-24,2020022401030488,RBCL,3,10,10,"11,299.00","112,990.00"
2020-02-24,2020022401030562,RBCLPO,3,7,10,"9,980.00","99,800.00"
2020-02-24,2020022401030746,RHPL,49,33,20,167.00,"3,340.00"
2020-02-24,2020022401030744,RHPL,49,57,40,167.00,"6,680.00"
2020-02-24,2020022401030579,RHPL,44,17,10,168.00,"1,680.00"
2020-02-24,2020022401030548,RHPL,49,57,40,167.00,"6,680.00"
2020-02-24,2020022401030535,RHPL,49,48,50,167.00,"8,350.00"
2020-02-24,2020022401030718,RMDC,49,13,100,827.00,"82,700.00"
2020-02-24,2020022401030717,RMDC,26,13,33,827.00,"27,291.00"
2020-02-24,2020022401030716,RMDC,52,13,18,828.00,"14,904.00"
2020-02-24,2020022401030545,RMDC,52,52,82,828.00,"67,896.00"
2020-02-24,2020022401030375,RMDC,52,41,40,828.00,"33,120.00"
2020-02-24,2020022401030374,RMDC,39,41,10,829.00,"8,290.00"
2020-02-24,2020022401030356,RMDC,39,53,40,829.00,"33,160.00"
2020-02-24,2020022401030355,RMDC,39,14,150,829.00,"124,350.00"
2020-02-24,2020022401030784,RSDC,26,33,16,662.00,"10,592.00"
2020-02-24,2020022401030652,RSDC,6,53,113,665.00,"75,145.00"
2020-02-24,2020022401030651,RSDC,6,34,87,665.00,"57,855.00"
2020-02-24,2020022401030628,RSDC,35,34,100,665.00,"66,500.00"
2020-02-24,2020022401030627,RSDC,44,34,13,665.00,"8,645.00"
2020-02-24,2020022401030494,RSDC,40,40,1,653.00,653.00
2020-02-24,2020022401030485,RSDC,51,34,300,666.00,"199,800.00"
2020-02-24,2020022401030349,RSDC,51,58,100,666.00,"66,600.00"
2020-02-24,2020022401030442,SADBL,36,57,146,178.00,"25,988.00"
2020-02-24,2020022401030303,SADBL,36,57,998,178.00,"177,644.00"
2020-02-24,2020022401030302,SADBL,53,57,100,178.00,"17,800.00"
2020-02-24,2020022401030301,SADBL,52,57,100,178.00,"17,800.00"
2020-02-24,2020022401030300,SADBL,14,57,100,179.00,"17,900.00"
2020-02-24,2020022401030299,SADBL,53,57,100,179.00,"17,900.00"
2020-02-24,2020022401030298,SADBL,48,57,300,179.00,"53,700.00"
2020-02-24,2020022401030645,SANIMA,14,44,452,390.00,"176,280.00"
2020-02-24,2020022401030644,SANIMA,14,58,48,390.00,"18,720.00"
2020-02-24,2020022401030597,SANIMA,55,34,500,389.00,"194,500.00"
2020-02-24,2020022401030789,SBL,19,44,100,348.00,"34,800.00"
2020-02-24,2020022401030785,SBL,8,53,336,347.00,"116,592.00"
2020-02-24,2020022401030763,SBL,8,44,300,347.00,"104,100.00"
2020-02-24,2020022401030745,SBL,8,44,200,347.00,"69,400.00"
2020-02-24,2020022401030705,SBL,8,44,200,347.00,"69,400.00"
2020-02-24,2020022401030653,SBL,8,44,200,347.00,"69,400.00"
2020-02-24,2020022401030335,SBL,33,10,250,349.00,"87,250.00"
2020-02-24,2020022401030314,SBL,33,44,250,349.00,"87,250.00"
2020-02-24,2020022401030313,SBL,48,44,50,350.00,"17,500.00"
2020-02-24,2020022401030428,SBL,34,44,100,348.00,"34,800.00"
2020-02-24,2020022401030366,SBL,34,44,216,348.00,"75,168.00"
2020-02-24,2020022401030339,SBL,34,10,55,348.00,"19,140.00"
2020-02-24,2020022401030338,SBL,34,10,500,348.00,"174,000.00"
2020-02-24,2020022401030337,SBL,29,10,500,348.00,"174,000.00"
2020-02-24,2020022401030336,SBL,34,10,"1,000",349.00,"349,000.00"
2020-02-24,2020022401030641,SBL,8,58,500,347.00,"173,500.00"
2020-02-24,2020022401030542,SBL,32,44,59,349.00,"20,591.00"
2020-02-24,2020022401030504,SBL,32,44,200,349.00,"69,800.00"
2020-02-24,2020022401030478,SBL,32,44,21,348.00,"7,308.00"
2020-02-24,2020022401030468,SBL,11,44,50,348.00,"17,400.00"
2020-02-24,2020022401030467,SBL,34,44,129,348.00,"44,892.00"
2020-02-24,2020022401030683,SCB,44,32,100,707.00,"70,700.00"
2020-02-24,2020022401030643,SCB,44,53,92,707.00,"65,044.00"
2020-02-24,2020022401030637,SCB,44,22,10,707.00,"7,070.00"
2020-02-24,2020022401030458,SCB,38,41,100,707.00,"70,700.00"
2020-02-24,2020022401030457,SCB,1,41,100,707.00,"70,700.00"
2020-02-24,2020022401030432,SCB,56,41,200,707.00,"141,400.00"
2020-02-24,2020022401030431,SCB,57,41,100,710.00,"71,000.00"
2020-02-24,2020022401030767,SDESI,41,59,27,"1,100.00","29,700.00"
2020-02-24,2020022401030554,SDESI,18,47,20,"1,100.00","22,000.00"
2020-02-24,2020022401030682,SFCL,33,10,291,105.00,"30,555.00"
2020-02-24,2020022401030378,SHINE,38,57,"2,000",302.00,"604,000.00"
2020-02-24,2020022401030377,SHINE,52,57,"1,000",304.00,"304,000.00"
2020-02-24,2020022401030376,SHINE,35,57,"2,000",305.00,"610,000.00"
2020-02-24,2020022401030380,SHINE,45,57,23,301.00,"6,923.00"
2020-02-24,2020022401030379,SHINE,1,57,100,301.00,"30,100.00"
2020-02-24,2020022401030593,SHIVM,32,4,600,680.00,"408,000.00"
2020-02-24,2020022401030592,SHIVM,42,4,500,680.00,"340,000.00"
2020-02-24,2020022401030591,SHIVM,7,4,200,680.00,"136,000.00"
2020-02-24,2020022401030590,SHIVM,40,4,250,680.00,"170,000.00"
2020-02-24,2020022401030589,SHIVM,49,4,300,680.00,"204,000.00"
2020-02-24,2020022401030408,SHIVM,58,57,500,683.00,"341,500.00"
2020-02-24,2020022401030404,SHIVM,7,57,50,683.00,"34,150.00"
2020-02-24,2020022401030403,SHIVM,32,57,500,684.00,"342,000.00"
2020-02-24,2020022401030343,SHIVM,7,39,50,683.00,"34,150.00"
2020-02-24,2020022401030297,SHIVM,56,38,50,684.00,"34,200.00"
2020-02-24,2020022401030296,SHIVM,56,39,50,684.00,"34,200.00"
2020-02-24,2020022401030529,SHIVM,55,38,750,682.00,"511,500.00"
2020-02-24,2020022401030528,SHIVM,37,38,250,682.00,"170,500.00"
2020-02-24,2020022401030519,SHIVM,38,57,100,683.00,"68,300.00"
2020-02-24,2020022401030455,SHIVM,37,25,250,682.00,"170,500.00"
2020-02-24,2020022401030454,SHIVM,34,25,300,682.00,"204,600.00"
2020-02-24,2020022401030453,SHIVM,50,25,250,682.00,"170,500.00"
2020-02-24,2020022401030588,SHIVM,25,4,100,681.00,"68,100.00"
2020-02-24,2020022401030587,SHIVM,34,4,"1,000",681.00,"681,000.00"
2020-02-24,2020022401030586,SHIVM,40,4,500,681.00,"340,500.00"
2020-02-24,2020022401030585,SHIVM,44,4,100,681.00,"68,100.00"
2020-02-24,2020022401030584,SHIVM,55,4,"1,000",682.00,"682,000.00"
2020-02-24,2020022401030583,SHIVM,55,4,250,682.00,"170,500.00"
2020-02-24,2020022401030387,SHL,35,34,100,198.00,"19,800.00"
2020-02-24,2020022401030407,SHPC,39,51,240,240.00,"57,600.00"
2020-02-24,2020022401030685,SIC,58,34,370,800.00,"296,000.00"
2020-02-24,2020022401030684,SIC,34,34,100,800.00,"80,000.00"
2020-02-24,2020022401030765,SICL,46,35,100,"1,342.00","134,200.00"
2020-02-24,2020022401030764,SICL,46,54,29,"1,342.00","38,918.00"
2020-02-24,2020022401030756,SICL,20,38,200,"1,340.00","268,000.00"
2020-02-24,2020022401030731,SICL,20,37,46,"1,340.00","61,640.00"
2020-02-24,2020022401030730,SICL,48,37,261,"1,340.00","349,740.00"
2020-02-24,2020022401030413,SICL,39,46,184,"1,340.00","246,560.00"
2020-02-24,2020022401030400,SICL,48,54,71,"1,342.00","95,282.00"
2020-02-24,2020022401030399,SICL,48,44,34,"1,342.00","45,628.00"
2020-02-24,2020022401030321,SICL,52,44,50,"1,342.00","67,100.00"
2020-02-24,2020022401030473,SICL,38,38,27,"1,339.00","36,153.00"
2020-02-24,2020022401030459,SICL,14,35,300,"1,340.00","402,000.00"
2020-02-24,2020022401030436,SICL,44,35,200,"1,340.00","268,000.00"
2020-02-24,2020022401030415,SICL,43,46,100,"1,340.00","134,000.00"
2020-02-24,2020022401030414,SICL,43,46,100,"1,340.00","134,000.00"
2020-02-24,2020022401030574,SICL,48,35,480,"1,340.00","643,200.00"
2020-02-24,2020022401030556,SICL,53,35,200,"1,340.00","268,000.00"
2020-02-24,2020022401030527,SICL,20,35,20,"1,340.00","26,800.00"
2020-02-24,2020022401030499,SICL,14,35,100,"1,340.00","134,000.00"
2020-02-24,2020022401030666,SICL,48,10,59,"1,340.00","79,060.00"
2020-02-24,2020022401030622,SICL,48,10,59,"1,340.00","79,060.00"
2020-02-24,2020022401030577,SICL,48,41,82,"1,340.00","109,880.00"
2020-02-24,2020022401030575,SICL,48,10,59,"1,340.00","79,060.00"
2020-02-24,2020022401030448,SIL,26,6,30,625.00,"18,750.00"
2020-02-24,2020022401030447,SIL,7,6,20,625.00,"12,500.00"
2020-02-24,2020022401030701,SJCL,59,17,20,161.00,"3,220.00"
2020-02-24,2020022401030694,SJCL,59,57,20,161.00,"3,220.00"
2020-02-24,2020022401030669,SJCL,59,34,500,161.00,"80,500.00"
2020-02-24,2020022401030646,SJCL,59,17,20,161.00,"3,220.00"
2020-02-24,2020022401030613,SJCL,59,17,20,161.00,"3,220.00"
2020-02-24,2020022401030594,SJCL,59,57,20,161.00,"3,220.00"
2020-02-24,2020022401030576,SJCL,59,48,20,161.00,"3,220.00"
2020-02-24,2020022401030544,SJCL,59,17,20,161.00,"3,220.00"
2020-02-24,2020022401030496,SJCL,59,17,20,161.00,"3,220.00"
2020-02-24,2020022401030704,SLBBL,41,8,50,"1,009.00","50,450.00"
2020-02-24,2020022401030703,SLBBL,26,8,50,"1,010.00","50,500.00"
2020-02-24,2020022401030582,SLICL,8,34,181,507.00,"91,767.00"
2020-02-24,2020022401030581,SLICL,8,6,19,507.00,"9,633.00"
2020-02-24,2020022401030525,SLICL,8,6,81,507.00,"41,067.00"
2020-02-24,2020022401030524,SLICL,8,48,119,507.00,"60,333.00"
2020-02-24,2020022401030311,SLICL,26,48,200,507.00,"101,400.00"
2020-02-24,2020022401030310,SLICL,25,48,500,507.00,"253,500.00"
2020-02-24,2020022401030309,SLICL,51,48,50,507.00,"25,350.00"
2020-02-24,2020022401030308,SLICL,14,48,100,508.00,"50,800.00"
2020-02-24,2020022401030307,SLICL,32,48,31,508.00,"15,748.00"
2020-02-24,2020022401030742,SMATA,34,22,12,901.00,"10,812.00"
2020-02-24,2020022401030667,SMATA,35,22,88,901.00,"79,288.00"
2020-02-24,2020022401030421,SMATA,35,57,12,901.00,"10,812.00"
2020-02-24,2020022401030346,SMB,11,8,10,"1,076.00","10,760.00"
2020-02-24,2020022401030658,SMFBS,37,34,13,"1,291.00","16,783.00"
2020-02-24,2020022401030386,SMFBS,32,34,80,"1,291.00","103,280.00"
2020-02-24,2020022401030385,SMFBS,34,34,40,"1,291.00","51,640.00"
2020-02-24,2020022401030523,SPDL,33,38,15,106.00,"1,590.00"
2020-02-24,2020022401030522,SPDL,33,38,15,106.00,"1,590.00"
2020-02-24,2020022401030561,SRBL,48,32,187,272.00,"50,864.00"
2020-02-24,2020022401030368,SRBL,48,13,840,272.00,"228,480.00"
2020-02-24,2020022401030699,SWBBL,42,11,98,"1,369.00","134,162.00"
2020-02-24,2020022401030698,SWBBL,41,11,20,"1,370.00","27,400.00"
2020-02-24,2020022401030697,SWBBL,45,11,22,"1,370.00","30,140.00"
2020-02-24,2020022401030715,UIC,56,36,148,433.00,"64,084.00"
2020-02-24,2020022401030567,UIC,39,44,200,438.00,"87,600.00"
2020-02-24,2020022401030618,UMHL,37,48,14,117.00,"1,638.00"
2020-02-24,2020022401030757,UPCL,33,14,200,83.00,"16,600.00"
2020-02-24,2020022401030706,UPCL,38,34,10,84.00,840.00
2020-02-24,2020022401030657,UPCL,33,48,50,83.00,"4,150.00"
2020-02-24,2020022401030463,UPCL,33,25,200,83.00,"16,600.00"
2020-02-24,2020022401030462,UPCL,33,14,50,83.00,"4,150.00"
2020-02-24,2020022401030461,UPCL,33,51,500,82.00,"41,000.00"
2020-02-24,2020022401030563,UPPER,33,44,300,245.00,"73,500.00"
2020-02-24,2020022401030534,UPPER,28,25,30,244.00,"7,320.00"
2020-02-24,2020022401030388,UPPER,43,33,50,244.00,"12,200.00"
2020-02-24,2020022401030533,UPPER,28,25,10,244.00,"2,440.00"
2020-02-24,2020022401030532,UPPER,28,25,10,244.00,"2,440.00"
2020-02-24,2020022401030531,UPPER,25,25,"1,450",244.00,"353,800.00"
2020-02-24,2020022401030480,UPPER,25,25,50,244.00,"12,200.00"
2020-02-24,2020022401030479,UPPER,43,25,50,244.00,"12,200.00"
2020-02-24,2020022401030418,UPPER,36,8,40,244.00,"9,760.00"
2020-02-24,2020022401030616,VLBS,13,41,50,"1,225.00","61,250.00"
2020-02-24,2020022401030612,WOMI,39,41,31,"1,168.00","36,208.00"
2020-02-24,2020022401030334,WOMI,33,10,178,"1,167.00","207,726.00"
2020-02-24,2020022401030333,WOMI,32,10,342,"1,168.00","399,456.00"
2020-02-24,2020022401030221,AKPL,22,25,"1,000",136.00,"136,000.00"
2020-02-24,2020022401030048,AKPL,56,51,"1,000",134.00,"134,000.00"
2020-02-24,2020022401029912,AKPL,26,40,300,135.00,"40,500.00"
2020-02-24,2020022401029905,AKPL,19,40,500,135.00,"67,500.00"
2020-02-24,2020022401029904,AKPL,35,40,"2,000",135.00,"270,000.00"
2020-02-24,2020022401029903,AKPL,41,40,500,135.00,"67,500.00"
2020-02-24,2020022401029902,AKPL,56,40,950,135.00,"128,250.00"
2020-02-24,2020022401029911,AKPL,57,40,100,135.00,"13,500.00"
2020-02-24,2020022401029910,AKPL,37,40,"2,000",135.00,"270,000.00"
2020-02-24,2020022401029909,AKPL,51,40,"1,000",135.00,"135,000.00"
2020-02-24,2020022401029908,AKPL,41,40,"1,000",135.00,"135,000.00"
2020-02-24,2020022401029907,AKPL,36,40,500,135.00,"67,500.00"
2020-02-24,2020022401029906,AKPL,28,40,"2,000",135.00,"270,000.00"
2020-02-24,2020022401030070,ALBSL,34,39,111,866.00,"96,126.00"
2020-02-24,2020022401030012,ALBSL,34,32,111,866.00,"96,126.00"
2020-02-24,2020022401030011,ALBSL,34,32,89,867.00,"77,163.00"
2020-02-24,2020022401030140,ALICL,52,5,100,645.00,"64,500.00"
2020-02-24,2020022401029941,ALICL,35,5,400,645.00,"258,000.00"
2020-02-24,2020022401029937,ALICL,38,38,399,642.00,"256,158.00"
2020-02-24,2020022401029936,ALICL,58,38,"1,000",642.00,"642,000.00"
2020-02-24,2020022401029935,ALICL,50,38,300,642.00,"192,600.00"
2020-02-24,2020022401029934,ALICL,14,38,300,642.00,"192,600.00"
2020-02-24,2020022401029933,ALICL,35,38,353,642.00,"226,626.00"
2020-02-24,2020022401029919,ALICL,33,38,500,645.00,"322,500.00"
2020-02-24,2020022401029950,API,17,43,26,135.00,"3,510.00"
2020-02-24,2020022401029949,API,17,22,56,135.00,"7,560.00"
2020-02-24,2020022401030038,BOKL,19,6,173,259.00,"44,807.00"
2020-02-24,2020022401030037,BOKL,5,6,38,259.00,"9,842.00"
2020-02-24,2020022401029900,BOKL,5,32,212,259.00,"54,908.00"
2020-02-24,2020022401029824,BOKL,5,17,750,259.00,"194,250.00"
2020-02-24,2020022401030175,BPCL,7,38,500,394.00,"197,000.00"
2020-02-24,2020022401029799,CBBL,4,43,90,"1,262.00","113,580.00"
2020-02-24,2020022401029798,CBBL,32,43,50,"1,262.00","63,100.00"
2020-02-24,2020022401029805,CBBL,41,43,200,"1,260.00","252,000.00"
2020-02-24,2020022401029804,CBBL,34,43,40,"1,260.00","50,400.00"
2020-02-24,2020022401029803,CBBL,44,43,500,"1,260.00","630,000.00"
2020-02-24,2020022401029802,CBBL,59,43,500,"1,261.00","630,500.00"
2020-02-24,2020022401029801,CBBL,35,43,120,"1,261.00","151,320.00"
2020-02-24,2020022401029800,CBBL,26,43,20,"1,261.00","25,220.00"
2020-02-24,2020022401030039,CBBL,6,37,100,"1,264.00","126,400.00"
2020-02-24,2020022401029867,CBBL,52,43,20,"1,260.00","25,200.00"
2020-02-24,2020022401029807,CBBL,20,43,60,"1,260.00","75,600.00"
2020-02-24,2020022401029806,CBBL,48,43,100,"1,260.00","126,000.00"
2020-02-24,2020022401030146,CCBL,40,40,3,188.00,564.00
2020-02-24,2020022401029875,CCBL,45,32,100,191.00,"19,100.00"
2020-02-24,2020022401029857,CCBL,45,17,500,191.00,"95,500.00"
2020-02-24,2020022401030055,CHCL,41,48,30,444.00,"13,320.00"
2020-02-24,2020022401029960,CHCL,41,4,70,444.00,"31,080.00"
2020-02-24,2020022401029959,CHCL,34,4,30,444.00,"13,320.00"
2020-02-24,2020022401029958,CHCL,4,4,300,444.00,"133,200.00"
2020-02-24,2020022401029957,CHCL,45,4,100,444.00,"44,400.00"
2020-02-24,2020022401030271,CIT,45,18,55,"2,986.00","164,230.00"
2020-02-24,2020022401030270,CIT,46,18,45,"2,990.00","134,550.00"
2020-02-24,2020022401029899,CIT,46,57,55,"2,990.00","164,450.00"
2020-02-24,2020022401030272,CLBSL,38,57,11,"1,208.00","13,288.00"
2020-02-24,2020022401030019,CLBSL,38,57,10,"1,207.00","12,070.00"
2020-02-24,2020022401029978,CLBSL,16,57,11,"1,206.00","13,266.00"
2020-02-24,2020022401029844,CLBSL,16,57,11,"1,206.00","13,266.00"
2020-02-24,2020022401030226,CZBIL,4,35,296,211.00,"62,456.00"
2020-02-24,2020022401030225,CZBIL,4,26,51,211.00,"10,761.00"
2020-02-24,2020022401030224,CZBIL,4,58,"1,473",211.00,"310,803.00"
2020-02-24,2020022401030168,CZBIL,58,54,35,210.00,"7,350.00"
2020-02-24,2020022401030124,CZBIL,58,52,100,210.00,"21,000.00"
2020-02-24,2020022401030123,CZBIL,58,17,"1,000",210.00,"210,000.00"
2020-02-24,2020022401030122,CZBIL,58,48,206,210.00,"43,260.00"
2020-02-24,2020022401030121,CZBIL,58,49,997,210.00,"209,370.00"
2020-02-24,2020022401030120,CZBIL,58,43,876,210.00,"183,960.00"
2020-02-24,2020022401030086,DDBL,29,40,20,"1,025.00","20,500.00"
2020-02-24,2020022401029975,DDBL,29,26,280,"1,025.00","287,000.00"
2020-02-24,2020022401029974,DDBL,35,26,20,"1,025.00","20,500.00"
2020-02-24,2020022401030287,DHPL,55,43,10,57.00,570.00
2020-02-24,2020022401029997,DHPL,55,43,10,57.00,570.00
2020-02-24,2020022401030189,EBL,45,39,71,716.00,"50,836.00"
2020-02-24,2020022401030188,EBL,35,39,100,716.00,"71,600.00"
2020-02-24,2020022401030187,EBL,44,39,100,717.00,"71,700.00"
2020-02-24,2020022401030186,EBL,52,39,90,717.00,"64,530.00"
2020-02-24,2020022401030185,EBL,44,39,200,718.00,"143,600.00"
2020-02-24,2020022401030184,EBL,51,39,100,718.00,"71,800.00"
2020-02-24,2020022401029832,EBL,49,6,100,721.00,"72,100.00"
2020-02-24,2020022401029834,EBL,17,6,88,720.00,"63,360.00"
2020-02-24,2020022401029833,EBL,44,6,200,720.00,"144,000.00"
2020-02-24,2020022401030183,EBL,59,39,100,719.00,"71,900.00"
2020-02-24,2020022401030089,EBL,52,38,73,719.00,"52,487.00"
2020-02-24,2020022401030041,EBL,52,39,127,719.00,"91,313.00"
2020-02-24,2020022401029956,EBL,32,57,100,720.00,"72,000.00"
2020-02-24,2020022401029955,EBL,45,57,"1,300",720.00,"936,000.00"
2020-02-24,2020022401029954,EBL,17,57,837,720.00,"602,640.00"
2020-02-24,2020022401030017,EIC,14,38,693,468.00,"324,324.00"
2020-02-24,2020022401030016,EIC,14,51,188,468.00,"87,984.00"
2020-02-24,2020022401029895,EIC,59,51,50,468.00,"23,400.00"
2020-02-24,2020022401029865,EIC,50,51,252,468.00,"117,936.00"
2020-02-24,2020022401029810,EIC,50,52,500,468.00,"234,000.00"
2020-02-24,2020022401030253,FMDBL,46,8,100,625.00,"62,500.00"
2020-02-24,2020022401030197,FMDBL,46,38,199,625.00,"124,375.00"
2020-02-24,2020022401030196,FMDBL,37,38,25,625.00,"15,625.00"
2020-02-24,2020022401030195,FMDBL,34,38,100,625.00,"62,500.00"
2020-02-24,2020022401030194,FMDBL,57,38,500,625.00,"312,500.00"
2020-02-24,2020022401030193,FMDBL,34,38,50,626.00,"31,300.00"
2020-02-24,2020022401029901,FMDBL,17,14,86,628.00,"54,008.00"
2020-02-24,2020022401030192,FMDBL,41,38,81,626.00,"50,706.00"
2020-02-24,2020022401030191,FMDBL,1,38,345,627.00,"216,315.00"
2020-02-24,2020022401030190,FMDBL,45,38,200,627.00,"125,400.00"
2020-02-24,2020022401030149,FMDBL,39,35,89,628.00,"55,892.00"
2020-02-24,2020022401029932,FMDBL,52,6,50,630.00,"31,500.00"
2020-02-24,2020022401029918,FMDBL,25,14,414,628.00,"259,992.00"
2020-02-24,2020022401029892,GBBL,20,17,978,257.00,"251,346.00"
2020-02-24,2020022401030117,GBIME,35,59,200,291.00,"58,200.00"
2020-02-24,2020022401030116,GBIME,13,59,100,291.00,"29,100.00"
2020-02-24,2020022401029831,GBIME,55,58,352,290.00,"102,080.00"
2020-02-24,2020022401029830,GBIME,41,58,457,290.00,"132,530.00"
2020-02-24,2020022401029829,GBIME,41,58,350,290.00,"101,500.00"
2020-02-24,2020022401029828,GBIME,29,58,100,290.00,"29,000.00"
2020-02-24,2020022401029827,GBIME,34,58,50,290.00,"14,500.00"
2020-02-24,2020022401029826,GBIME,32,58,291,290.00,"84,390.00"
2020-02-24,2020022401029825,GBIME,46,58,400,291.00,"116,400.00"
2020-02-24,2020022401029795,GBIME,46,52,100,291.00,"29,100.00"
2020-02-24,2020022401030216,GBLBS,58,49,20,596.00,"11,920.00"
2020-02-24,2020022401030052,GBLBS,53,38,55,595.00,"32,725.00"
2020-02-24,2020022401030044,GBLBS,53,17,100,595.00,"59,500.00"
2020-02-24,2020022401029812,GBLBS,53,40,105,595.00,"62,475.00"
2020-02-24,2020022401030246,GILB,40,40,1,"1,478.00","1,478.00"
2020-02-24,2020022401029980,GILB,14,58,80,"1,508.00","120,640.00"
2020-02-24,2020022401029979,GILB,6,58,20,"1,508.00","30,160.00"
2020-02-24,2020022401029891,GLBSL,43,32,50,835.00,"41,750.00"
2020-02-24,2020022401029890,GLBSL,51,32,24,835.00,"20,040.00"
2020-02-24,2020022401029889,GLBSL,57,32,55,836.00,"45,980.00"
2020-02-24,2020022401029888,GLBSL,46,42,30,837.00,"25,110.00"
2020-02-24,2020022401029873,GLBSL,57,44,24,836.00,"20,064.00"
2020-02-24,2020022401030290,GLICL,48,7,100,844.00,"84,400.00"
2020-02-24,2020022401030289,GLICL,48,7,100,844.00,"84,400.00"
2020-02-24,2020022401030088,GLICL,43,37,100,841.00,"84,100.00"
2020-02-24,2020022401030087,GLICL,49,37,200,841.00,"168,200.00"
2020-02-24,2020022401029814,GLICL,58,32,500,842.00,"421,000.00"
2020-02-24,2020022401030222,GMFBS,34,34,10,"1,031.00","10,310.00"
2020-02-24,2020022401030248,HDL,4,25,450,"1,662.00","747,900.00"
2020-02-24,2020022401030247,HDL,10,25,50,"1,663.00","83,150.00"
2020-02-24,2020022401029796,HDL,4,5,39,"1,662.00","64,818.00"
2020-02-24,2020022401030094,HIDCL,49,43,123,143.00,"17,589.00"
2020-02-24,2020022401030045,HIDCL,49,57,159,143.00,"22,737.00"
2020-02-24,2020022401029920,HIDCL,49,57,61,143.00,"8,723.00"
2020-02-24,2020022401029862,HIDCL,49,57,317,143.00,"45,331.00"
2020-02-24,2020022401029866,HURJA,33,56,20,108.00,"2,160.00"
2020-02-24,2020022401030152,ICFC,45,17,623,201.00,"125,223.00"
2020-02-24,2020022401030151,ICFC,49,17,377,201.00,"75,777.00"
2020-02-24,2020022401029988,JBBL,25,14,200,196.00,"39,200.00"
2020-02-24,2020022401029987,JBBL,58,14,375,196.00,"73,500.00"
2020-02-24,2020022401029986,JBBL,40,14,50,196.00,"9,800.00"
2020-02-24,2020022401029985,JBBL,35,14,141,196.00,"27,636.00"
2020-02-24,2020022401030257,JSLBB,33,32,30,"1,950.00","58,500.00"
2020-02-24,2020022401030118,JSLBB,34,57,11,"1,930.00","21,230.00"
2020-02-24,2020022401030178,KBL,32,58,255,210.00,"53,550.00"
2020-02-24,2020022401030137,KBL,38,44,100,211.00,"21,100.00"
2020-02-24,2020022401030079,KBL,32,59,449,210.00,"94,290.00"
2020-02-24,2020022401030078,KBL,32,59,156,210.00,"32,760.00"
2020-02-24,2020022401029864,KBL,32,44,30,210.00,"6,300.00"
2020-02-24,2020022401030258,KMCDB,43,34,10,"1,122.00","11,220.00"
2020-02-24,2020022401030241,KMCDB,43,34,10,"1,122.00","11,220.00"
2020-02-24,2020022401029823,KMCDB,43,28,10,"1,122.00","11,220.00"
2020-02-24,2020022401030138,KPCL,49,48,10,106.00,"1,060.00"
2020-02-24,2020022401030115,KPCL,49,56,10,106.00,"1,060.00"
2020-02-24,2020022401030176,KSBBL,34,40,14,178.00,"2,492.00"
2020-02-24,2020022401029894,LBL,11,42,235,247.00,"58,045.00"
2020-02-24,2020022401030278,LICN,57,14,100,"1,511.00","151,100.00"
2020-02-24,2020022401030218,LLBS,28,38,70,"1,254.00","87,780.00"
2020-02-24,2020022401030217,LLBS,37,38,100,"1,255.00","125,500.00"
2020-02-24,2020022401030033,LLBS,6,38,10,"1,264.00","12,640.00"
2020-02-24,2020022401029951,MDB,47,44,60,397.00,"23,820.00"
2020-02-24,2020022401029861,MDB,47,58,10,397.00,"3,970.00"
2020-02-24,2020022401030085,MEGA,36,53,500,231.00,"115,500.00"
2020-02-24,2020022401029872,MEGA,26,17,400,232.00,"92,800.00"
2020-02-24,2020022401029797,MEGA,32,13,500,233.00,"116,500.00"
2020-02-24,2020022401030276,MERO,22,38,196,770.00,"150,920.00"
2020-02-24,2020022401030275,MERO,57,38,200,770.00,"154,000.00"
2020-02-24,2020022401030274,MERO,59,38,25,771.00,"19,275.00"
2020-02-24,2020022401030273,MERO,32,38,60,772.00,"46,320.00"
2020-02-24,2020022401030096,MERO,32,39,40,772.00,"30,880.00"
2020-02-24,2020022401030095,MERO,58,39,32,772.00,"24,704.00"
2020-02-24,2020022401029886,MFIL,55,55,"1,000",229.00,"229,000.00"
2020-02-24,2020022401030228,MNBBL,25,38,180,362.00,"65,160.00"
2020-02-24,2020022401030165,MNBBL,25,56,117,362.00,"42,354.00"
2020-02-24,2020022401030164,MNBBL,25,57,234,362.00,"84,708.00"
2020-02-24,2020022401030156,MNBBL,25,37,141,362.00,"51,042.00"
2020-02-24,2020022401030114,MNBBL,32,32,100,361.00,"36,100.00"
2020-02-24,2020022401030080,MNBBL,32,32,150,361.00,"54,150.00"
2020-02-24,2020022401030043,MNBBL,1,37,159,362.00,"57,558.00"
2020-02-24,2020022401030001,MNBBL,1,14,500,362.00,"181,000.00"
2020-02-24,2020022401029811,MNBBL,57,48,40,364.00,"14,560.00"
2020-02-24,2020022401030130,MSMBS,26,51,100,918.00,"91,800.00"
2020-02-24,2020022401030129,MSMBS,42,51,212,918.00,"194,616.00"
2020-02-24,2020022401030219,NABIL,22,35,200,799.00,"159,800.00"
2020-02-24,2020022401030000,NABIL,22,59,200,799.00,"159,800.00"
2020-02-24,2020022401029845,NABIL,22,55,120,799.00,"95,880.00"
2020-02-24,2020022401030172,NBB,29,47,500,224.00,"112,000.00"
2020-02-24,2020022401030171,NBB,49,47,195,224.00,"43,680.00"
2020-02-24,2020022401030136,NBB,38,6,300,225.00,"67,500.00"
2020-02-24,2020022401030135,NBB,22,6,250,225.00,"56,250.00"
2020-02-24,2020022401030134,NBB,48,6,500,225.00,"112,500.00"
2020-02-24,2020022401030133,NBB,6,6,"1,000",225.00,"225,000.00"
2020-02-24,2020022401029982,NBB,28,45,86,226.00,"19,436.00"
2020-02-24,2020022401030132,NBB,28,6,"1,410",225.00,"317,250.00"
2020-02-24,2020022401030082,NBB,28,58,540,225.00,"121,500.00"
2020-02-24,2020022401029983,NBB,28,54,114,226.00,"25,764.00"
2020-02-24,2020022401030148,NBL,13,40,200,289.00,"57,800.00"
2020-02-24,2020022401030147,NBL,13,38,154,289.00,"44,506.00"
2020-02-24,2020022401030104,NBL,47,38,146,289.00,"42,194.00"
2020-02-24,2020022401030103,NBL,47,35,200,289.00,"57,800.00"
2020-02-24,2020022401030102,NBL,47,57,"1,085",289.00,"313,565.00"
2020-02-24,2020022401030101,NBL,47,49,300,289.00,"86,700.00"
2020-02-24,2020022401029990,NBL,26,32,90,289.00,"26,010.00"
2020-02-24,2020022401029896,NBL,33,40,"1,000",288.00,"288,000.00"
2020-02-24,2020022401029822,NBL,33,59,500,288.00,"144,000.00"
2020-02-24,2020022401030100,NBL,47,41,179,289.00,"51,731.00"
2020-02-24,2020022401030099,NBL,47,48,90,289.00,"26,010.00"
2020-02-24,2020022401030049,NBL,33,8,"2,000",288.00,"576,000.00"
2020-02-24,2020022401030042,NBL,33,42,100,288.00,"28,800.00"
2020-02-24,2020022401029992,NBL,26,48,910,289.00,"262,990.00"
2020-02-24,2020022401029991,NBL,26,8,"1,000",289.00,"289,000.00"
2020-02-24,2020022401030054,NCCB,6,53,100,206.00,"20,600.00"
2020-02-24,2020022401029972,NCCB,41,25,100,206.00,"20,600.00"
2020-02-24,2020022401029971,NCCB,48,25,500,206.00,"103,000.00"
2020-02-24,2020022401029970,NCCB,38,25,49,206.00,"10,094.00"
2020-02-24,2020022401029969,NCCB,8,25,150,206.00,"30,900.00"
2020-02-24,2020022401029968,NCCB,7,25,"1,000",206.00,"206,000.00"
2020-02-24,2020022401029853,NCCB,7,22,85,207.00,"17,595.00"
2020-02-24,2020022401029842,NCCB,7,54,"1,000",207.00,"207,000.00"
2020-02-24,2020022401029925,NCCB,58,25,100,207.00,"20,700.00"
2020-02-24,2020022401029924,NCCB,28,25,"2,000",207.00,"414,000.00"
2020-02-24,2020022401029923,NCCB,45,25,500,207.00,"103,500.00"
2020-02-24,2020022401029922,NCCB,22,25,100,207.00,"20,700.00"
2020-02-24,2020022401029921,NCCB,7,25,99,207.00,"20,493.00"
2020-02-24,2020022401029876,NCCB,7,39,38,207.00,"7,866.00"
2020-02-24,2020022401029961,NCCB,29,25,100,206.00,"20,600.00"
2020-02-24,2020022401029930,NCCB,56,25,50,207.00,"10,350.00"
2020-02-24,2020022401029929,NCCB,32,25,300,207.00,"62,100.00"
2020-02-24,2020022401029928,NCCB,17,25,100,207.00,"20,700.00"
2020-02-24,2020022401029927,NCCB,35,25,100,207.00,"20,700.00"
2020-02-24,2020022401029926,NCCB,52,25,150,207.00,"31,050.00"
2020-02-24,2020022401029967,NCCB,7,25,"1,000",206.00,"206,000.00"
2020-02-24,2020022401029966,NCCB,34,25,"2,000",206.00,"412,000.00"
2020-02-24,2020022401029965,NCCB,14,25,500,206.00,"103,000.00"
2020-02-24,2020022401029964,NCCB,6,25,500,206.00,"103,000.00"
2020-02-24,2020022401029963,NCCB,52,25,500,206.00,"103,000.00"
2020-02-24,2020022401029962,NCCB,33,25,"1,000",206.00,"206,000.00"
2020-02-24,2020022401030150,NGPL,21,43,11,139.00,"1,529.00"
2020-02-24,2020022401029913,NGPL,21,39,25,139.00,"3,475.00"
2020-02-24,2020022401029995,NGPL,21,43,20,139.00,"2,780.00"
2020-02-24,2020022401030215,NHDL,59,25,10,149.00,"1,490.00"
2020-02-24,2020022401030119,NHDL,59,38,10,149.00,"1,490.00"
2020-02-24,2020022401030077,NHDL,59,29,10,148.00,"1,480.00"
2020-02-24,2020022401030076,NHDL,59,36,300,148.00,"44,400.00"
2020-02-24,2020022401030075,NHDL,59,10,10,148.00,"1,480.00"
2020-02-24,2020022401030074,NHDL,59,13,30,148.00,"4,440.00"
2020-02-24,2020022401030073,NHDL,59,28,100,148.00,"14,800.00"
2020-02-24,2020022401029854,NHDL,33,40,80,147.00,"11,760.00"
2020-02-24,2020022401030004,NHPC,14,56,"1,000",61.00,"61,000.00"
2020-02-24,2020022401030288,NIB,33,14,50,427.00,"21,350.00"
2020-02-24,2020022401030158,NIB,33,51,300,427.00,"128,100.00"
2020-02-24,2020022401030161,NIBLPF,26,47,"1,201",8.44,"10,136.44"
2020-02-24,2020022401030160,NIBLPF,11,47,"5,465",8.45,"46,179.25"
2020-02-24,2020022401030159,NIBLPF,56,47,"10,000",8.46,"84,600.00"
2020-02-24,2020022401029989,NIBLPF,22,52,"2,000",8.47,"16,940.00"
2020-02-24,2020022401029887,NIBLPF,55,52,500,8.50,"4,250.00"
2020-02-24,2020022401030250,NIBPO,17,13,"1,963",374.00,"734,162.00"
2020-02-24,2020022401030249,NIBPO,55,13,"3,000",374.00,"1,122,000.00"
2020-02-24,2020022401030142,NIBPO,13,14,200,375.00,"75,000.00"
2020-02-24,2020022401029944,NIBPO,28,13,"4,930",375.00,"1,848,750.00"
2020-02-24,2020022401029943,NIBPO,51,13,100,375.00,"37,500.00"
2020-02-24,2020022401030261,NICA,8,49,685,594.00,"406,890.00"
2020-02-24,2020022401030260,NICA,8,42,108,594.00,"64,152.00"
2020-02-24,2020022401030259,NICA,8,45,207,594.00,"122,958.00"
2020-02-24,2020022401030227,NICA,8,45,500,594.00,"297,000.00"
2020-02-24,2020022401030163,NICA,8,58,500,593.00,"296,500.00"
2020-02-24,2020022401030105,NICA,57,22,500,592.00,"296,000.00"
2020-02-24,2020022401029791,NICA,21,26,125,590.00,"73,750.00"
2020-02-24,2020022401030063,NICA,57,11,100,592.00,"59,200.00"
2020-02-24,2020022401030036,NICA,39,58,500,593.00,"296,500.00"
2020-02-24,2020022401030035,NICA,39,1,201,592.00,"118,992.00"
2020-02-24,2020022401029794,NICA,29,26,175,590.00,"103,250.00"
2020-02-24,2020022401029793,NICA,28,26,100,590.00,"59,000.00"
2020-02-24,2020022401029792,NICA,52,26,100,590.00,"59,000.00"
2020-02-24,2020022401029860,NICGF,6,1,"3,000",9.80,"29,400.00"
2020-02-24,2020022401030268,NICL,34,22,250,490.00,"122,500.00"
2020-02-24,2020022401030267,NICL,48,22,50,490.00,"24,500.00"
2020-02-24,2020022401030266,NICL,42,22,100,490.00,"49,000.00"
2020-02-24,2020022401030265,NICL,57,22,100,490.00,"49,000.00"
2020-02-24,2020022401030243,NICL,58,4,20,491.00,"9,820.00"
2020-02-24,2020022401030081,NICL,33,4,316,491.00,"155,156.00"
2020-02-24,2020022401029869,NICL,33,37,500,491.00,"245,500.00"
2020-02-24,2020022401029868,NICL,33,37,184,491.00,"90,344.00"
2020-02-24,2020022401030170,NIL,6,39,24,655.00,"15,720.00"
2020-02-24,2020022401030169,NIL,38,39,200,655.00,"131,000.00"
2020-02-24,2020022401030126,NIL,28,38,500,656.00,"328,000.00"
2020-02-24,2020022401030125,NIL,58,38,280,656.00,"183,680.00"
2020-02-24,2020022401030111,NIL,58,56,220,656.00,"144,320.00"
2020-02-24,2020022401030110,NIL,51,56,80,656.00,"52,480.00"
2020-02-24,2020022401030062,NIL,34,32,160,657.00,"105,120.00"
2020-02-24,2020022401030061,NIL,54,32,100,657.00,"65,700.00"
2020-02-24,2020022401030060,NIL,42,32,163,657.00,"107,091.00"
2020-02-24,2020022401030015,NIL,28,4,399,658.00,"262,542.00"
2020-02-24,2020022401030005,NIL,28,39,257,658.00,"169,106.00"
2020-02-24,2020022401029977,NIL,28,39,344,658.00,"226,352.00"
2020-02-24,2020022401030058,NLBBL,11,38,52,903.00,"46,956.00"
2020-02-24,2020022401030057,NLBBL,8,38,200,904.00,"180,800.00"
2020-02-24,2020022401030056,NLBBL,41,38,468,905.00,"423,540.00"
2020-02-24,2020022401029863,NLBBL,41,38,32,905.00,"28,960.00"
2020-02-24,2020022401030143,NLG,16,7,100,714.00,"71,400.00"
2020-02-24,2020022401030109,NLIC,55,51,65,"1,289.00","83,785.00"
2020-02-24,2020022401029931,NLIC,55,33,85,"1,289.00","109,565.00"
2020-02-24,2020022401029813,NLICL,42,39,100,736.00,"73,600.00"
2020-02-24,2020022401030254,NMB,41,13,"1,000",476.00,"476,000.00"
2020-02-24,2020022401030162,NMB,41,18,250,476.00,"119,000.00"
2020-02-24,2020022401030127,NMB,41,33,100,476.00,"47,600.00"
2020-02-24,2020022401030112,NMB,41,53,500,476.00,"238,000.00"
2020-02-24,2020022401030030,NMB,41,38,91,476.00,"43,316.00"
2020-02-24,2020022401030029,NMB,57,38,210,476.00,"99,960.00"
2020-02-24,2020022401029885,NMB,41,42,500,476.00,"238,000.00"
2020-02-24,2020022401029884,NMB,41,33,500,476.00,"238,000.00"
2020-02-24,2020022401029883,NMB,41,40,200,476.00,"95,200.00"
2020-02-24,2020022401029850,NMB,57,40,"1,000",476.00,"476,000.00"
2020-02-24,2020022401030026,NMB,28,33,100,477.00,"47,700.00"
2020-02-24,2020022401030014,NMB,57,33,200,477.00,"95,400.00"
2020-02-24,2020022401030006,NMB,43,33,100,477.00,"47,700.00"
2020-02-24,2020022401029994,NMB,57,33,200,477.00,"95,400.00"
2020-02-24,2020022401029993,NMB,57,5,100,477.00,"47,700.00"
2020-02-24,2020022401029945,NMB,25,39,12,475.00,"5,700.00"
2020-02-24,2020022401029874,NMBMF,38,28,21,"1,100.00","23,100.00"
2020-02-24,2020022401030107,NTC,59,42,10,667.00,"6,670.00"
2020-02-24,2020022401030106,NTC,59,22,30,665.00,"19,950.00"
2020-02-24,2020022401030059,NTC,43,46,100,658.00,"65,800.00"
2020-02-24,2020022401030084,NUBL,44,28,50,"1,140.00","57,000.00"
2020-02-24,2020022401030083,NUBL,37,28,50,"1,141.00","57,050.00"
2020-02-24,2020022401030031,NUBL,44,59,500,"1,140.00","570,000.00"
2020-02-24,2020022401029849,NUBL,44,17,300,"1,140.00","342,000.00"
2020-02-24,2020022401030013,OHL,22,20,50,488.00,"24,400.00"
2020-02-24,2020022401030139,PCBL,32,51,500,317.00,"158,500.00"
2020-02-24,2020022401030145,PFL,58,25,300,164.00,"49,200.00"
2020-02-24,2020022401030166,PIC,37,52,50,704.00,"35,200.00"
2020-02-24,2020022401030113,PIC,6,6,200,705.00,"141,000.00"
2020-02-24,2020022401030098,PIC,34,28,450,703.00,"316,350.00"
2020-02-24,2020022401030097,PIC,4,28,470,703.00,"330,410.00"
2020-02-24,2020022401030092,PIC,4,39,60,703.00,"42,180.00"
2020-02-24,2020022401030091,PIC,10,39,240,704.00,"168,960.00"
2020-02-24,2020022401030010,PIC,10,39,200,704.00,"140,800.00"
2020-02-24,2020022401029953,PIC,10,17,40,704.00,"28,160.00"
2020-02-24,2020022401029952,PIC,33,17,15,704.00,"10,560.00"
2020-02-24,2020022401029843,PIC,33,48,20,704.00,"14,080.00"
2020-02-24,2020022401029835,PIC,33,32,530,704.00,"373,120.00"
2020-02-24,2020022401030240,PICL,37,57,500,530.00,"265,000.00"
2020-02-24,2020022401030239,PICL,38,57,10,530.00,"5,300.00"
2020-02-24,2020022401030238,PICL,16,57,500,532.00,"266,000.00"
2020-02-24,2020022401030237,PICL,33,57,50,532.00,"26,600.00"
2020-02-24,2020022401030236,PICL,49,57,50,532.00,"26,600.00"
2020-02-24,2020022401030235,PICL,16,57,200,532.00,"106,400.00"
2020-02-24,2020022401029858,PICL,25,38,14,538.00,"7,532.00"
2020-02-24,2020022401030234,PICL,57,57,100,532.00,"53,200.00"
2020-02-24,2020022401030233,PICL,33,57,100,533.00,"53,300.00"
2020-02-24,2020022401030232,PICL,51,57,100,533.00,"53,300.00"
2020-02-24,2020022401030154,PICL,34,57,100,534.00,"53,400.00"
2020-02-24,2020022401030141,PICL,10,57,50,535.00,"26,750.00"
2020-02-24,2020022401029859,PICL,52,38,100,538.00,"53,800.00"
2020-02-24,2020022401030025,PLIC,49,48,125,648.00,"81,000.00"
2020-02-24,2020022401030024,PLIC,58,48,200,648.00,"129,600.00"
2020-02-24,2020022401030023,PLIC,38,48,12,648.00,"7,776.00"
2020-02-24,2020022401030177,PMHPL,1,48,10,94.00,940.00
2020-02-24,2020022401029976,PPCL,6,40,30,129.00,"3,870.00"
2020-02-24,2020022401030040,PRIN,26,57,196,514.00,"100,744.00"
2020-02-24,2020022401030256,PRVU,35,48,267,264.00,"70,488.00"
2020-02-24,2020022401030153,PRVU,35,48,500,264.00,"132,000.00"
2020-02-24,2020022401030131,PRVU,35,32,500,264.00,"132,000.00"
2020-02-24,2020022401029981,PRVU,13,56,100,263.00,"26,300.00"
2020-02-24,2020022401029871,PRVU,13,58,"1,950",264.00,"514,800.00"
2020-02-24,2020022401029855,PRVU,44,6,804,263.00,"211,452.00"
2020-02-24,2020022401030213,RADHI,22,43,12,175.00,"2,100.00"
2020-02-24,2020022401030144,RADHI,38,38,10,178.00,"1,780.00"
2020-02-24,2020022401030242,RBCL,11,57,20,"11,200.00","224,000.00"
2020-02-24,2020022401029841,RBCL,55,38,10,"11,201.00","112,010.00"
2020-02-24,2020022401029840,RBCL,28,38,10,"11,201.00","112,010.00"
2020-02-24,2020022401029809,RBCL,28,42,10,"11,201.00","112,010.00"
2020-02-24,2020022401030277,RBCLPO,39,59,10,"9,850.00","98,500.00"
2020-02-24,2020022401030264,RHPC,38,45,10,91.00,910.00
2020-02-24,2020022401030200,RHPC,38,39,33,90.00,"2,970.00"
2020-02-24,2020022401030220,RHPL,49,59,40,167.00,"6,680.00"
2020-02-24,2020022401030167,RHPL,49,56,40,167.00,"6,680.00"
2020-02-24,2020022401030245,RRHP,51,17,10,105.00,"1,050.00"
2020-02-24,2020022401030108,RSDC,35,41,50,666.00,"33,300.00"
2020-02-24,2020022401030072,RSDC,35,25,43,666.00,"28,638.00"
2020-02-24,2020022401030071,RSDC,8,25,57,666.00,"37,962.00"
2020-02-24,2020022401030032,RSDC,8,14,40,666.00,"26,640.00"
2020-02-24,2020022401029996,RSDC,8,11,200,666.00,"133,200.00"
2020-02-24,2020022401030252,SAEF,41,50,"9,900",9.80,"97,020.00"
2020-02-24,2020022401030022,SANIMA,26,58,100,388.00,"38,800.00"
2020-02-24,2020022401030199,SBI,34,48,26,476.00,"12,376.00"
2020-02-24,2020022401030155,SBI,34,17,200,476.00,"95,200.00"
2020-02-24,2020022401030018,SBI,57,6,295,480.00,"141,600.00"
2020-02-24,2020022401029940,SBI,57,42,105,479.00,"50,295.00"
2020-02-24,2020022401029939,SBI,57,47,500,479.00,"239,500.00"
2020-02-24,2020022401029938,SBI,57,20,100,477.00,"47,700.00"
2020-02-24,2020022401030174,SCB,42,43,100,710.00,"71,000.00"
2020-02-24,2020022401030173,SCB,36,43,755,710.00,"536,050.00"
2020-02-24,2020022401030020,SCB,59,38,50,711.00,"35,550.00"
2020-02-24,2020022401029917,SCB,36,39,"1,245",710.00,"883,950.00"
2020-02-24,2020022401029916,SCB,7,39,200,710.00,"142,000.00"
2020-02-24,2020022401029915,SCB,33,39,20,710.00,"14,200.00"
2020-02-24,2020022401029914,SCB,33,8,20,710.00,"14,200.00"
2020-02-24,2020022401029879,SCB,33,17,60,710.00,"42,600.00"
2020-02-24,2020022401029878,SCB,48,17,40,710.00,"28,400.00"
2020-02-24,2020022401029877,SCB,33,17,100,711.00,"71,100.00"
2020-02-24,2020022401029870,SDESI,4,4,140,"1,113.00","155,820.00"
2020-02-24,2020022401029973,SFCL,33,22,50,105.00,"5,250.00"
2020-02-24,2020022401029839,SHINE,35,33,"1,300",305.00,"396,500.00"
2020-02-24,2020022401029838,SHINE,35,33,500,305.00,"152,500.00"
2020-02-24,2020022401029837,SHINE,35,7,361,305.00,"110,105.00"
2020-02-24,2020022401029836,SHINE,35,44,370,305.00,"112,850.00"
2020-02-24,2020022401029999,SHIVM,41,57,149,689.00,"102,661.00"
2020-02-24,2020022401029998,SHIVM,41,8,50,688.00,"34,400.00"
2020-02-24,2020022401029942,SHIVM,56,39,50,685.00,"34,250.00"
2020-02-24,2020022401030068,SHPC,45,28,450,239.00,"107,550.00"
2020-02-24,2020022401030067,SHPC,44,28,200,239.00,"47,800.00"
2020-02-24,2020022401030066,SHPC,34,28,100,239.00,"23,900.00"
2020-02-24,2020022401030065,SHPC,56,28,50,239.00,"11,950.00"
2020-02-24,2020022401030064,SHPC,39,28,200,239.00,"47,800.00"
2020-02-24,2020022401030263,SICL,39,44,200,"1,340.00","268,000.00"
2020-02-24,2020022401030262,SICL,39,44,16,"1,340.00","21,440.00"
2020-02-24,2020022401029817,SICL,41,10,100,"1,342.00","134,200.00"
2020-02-24,2020022401029816,SICL,41,43,40,"1,341.00","53,640.00"
2020-02-24,2020022401029815,SICL,41,44,29,"1,341.00","38,889.00"
2020-02-24,2020022401030034,SICL,7,39,16,"1,340.00","21,440.00"
2020-02-24,2020022401030003,SICL,17,39,178,"1,340.00","238,520.00"
2020-02-24,2020022401030002,SICL,17,36,72,"1,340.00","96,480.00"
2020-02-24,2020022401029893,SICL,38,36,28,"1,340.00","37,520.00"
2020-02-24,2020022401029856,SICL,38,39,72,"1,340.00","96,480.00"
2020-02-24,2020022401029818,SICL,41,44,331,"1,342.00","444,202.00"
2020-02-24,2020022401030202,SICL,7,44,84,"1,340.00","112,560.00"
2020-02-24,2020022401030201,SICL,20,44,105,"1,341.00","140,805.00"
2020-02-24,2020022401030157,SICL,14,44,83,"1,342.00","111,386.00"
2020-02-24,2020022401030128,SICL,20,5,100,"1,341.00","134,100.00"
2020-02-24,2020022401030244,SICL,58,44,50,"1,340.00","67,000.00"
2020-02-24,2020022401030230,SICL,25,44,400,"1,340.00","536,000.00"
2020-02-24,2020022401030229,SICL,22,44,34,"1,340.00","45,560.00"
2020-02-24,2020022401030214,SICL,13,44,500,"1,342.00","671,000.00"
2020-02-24,2020022401030204,SICL,22,44,266,"1,340.00","356,440.00"
2020-02-24,2020022401030203,SICL,44,44,700,"1,340.00","938,000.00"
2020-02-24,2020022401030269,SINDU,34,58,"1,428",145.00,"207,060.00"
2020-02-24,2020022401030231,SINDU,34,25,260,145.00,"37,700.00"
2020-02-24,2020022401030182,SINDU,35,57,100,147.00,"14,700.00"
2020-02-24,2020022401030212,SJCL,59,56,20,161.00,"3,220.00"
2020-02-24,2020022401029852,SKBBL,45,21,113,"1,345.00","151,985.00"
2020-02-24,2020022401029851,SKBBL,45,8,187,"1,345.00","251,515.00"
2020-02-24,2020022401029808,SKBBL,59,8,13,"1,345.00","17,485.00"
2020-02-24,2020022401030181,SLICL,32,6,19,508.00,"9,652.00"
2020-02-24,2020022401030180,SLICL,42,6,25,508.00,"12,700.00"
2020-02-24,2020022401030179,SLICL,44,6,756,508.00,"384,048.00"
2020-02-24,2020022401029897,SLICL,25,26,31,509.00,"15,779.00"
2020-02-24,2020022401030093,SLICL,44,50,100,508.00,"50,800.00"
2020-02-24,2020022401030007,SLICL,26,6,200,510.00,"102,000.00"
2020-02-24,2020022401029984,SLICL,26,53,100,510.00,"51,000.00"
2020-02-24,2020022401029898,SLICL,44,26,144,508.00,"73,152.00"
2020-02-24,2020022401029821,SMFBS,6,42,10,"1,316.00","13,160.00"
2020-02-24,2020022401029820,SMFBS,6,34,10,"1,315.00","13,150.00"
2020-02-24,2020022401029819,SMFBS,6,32,10,"1,314.00","13,140.00"
2020-02-24,2020022401030223,SRBL,48,47,314,272.00,"85,408.00"
2020-02-24,2020022401030069,SRBL,48,38,438,272.00,"119,136.00"
2020-02-24,2020022401029848,SRBL,48,4,221,272.00,"60,112.00"
2020-02-24,2020022401029847,SRBL,34,4,75,272.00,"20,400.00"
2020-02-24,2020022401029846,SRBL,41,4,56,272.00,"15,232.00"
2020-02-24,2020022401030251,STC,34,57,285,"2,955.00","842,175.00"
2020-02-24,2020022401030211,STC,34,57,215,"2,955.00","635,325.00"
2020-02-24,2020022401030210,STC,34,37,190,"2,950.00","560,500.00"
2020-02-24,2020022401030209,STC,34,39,100,"2,950.00","295,000.00"
2020-02-24,2020022401030208,STC,34,38,80,"2,949.00","235,920.00"
2020-02-24,2020022401030207,STC,34,34,20,"2,949.00","58,980.00"
2020-02-24,2020022401030206,STC,34,49,50,"2,900.00","145,000.00"
2020-02-24,2020022401030205,STC,34,48,20,"2,895.00","57,900.00"
2020-02-24,2020022401030051,SWBBL,45,6,200,"1,371.00","274,200.00"
2020-02-24,2020022401030050,SWBBL,58,6,50,"1,371.00","68,550.00"
2020-02-24,2020022401030090,TMDBL,14,58,"1,350",199.00,"268,650.00"
2020-02-24,2020022401030198,UIC,56,57,100,433.00,"43,300.00"
2020-02-24,2020022401030053,UMHL,34,17,14,116.00,"1,624.00"
2020-02-24,2020022401030021,UMHL,34,17,14,116.00,"1,624.00"
2020-02-24,2020022401030286,VLBS,57,41,200,"1,225.00","245,000.00"
2020-02-24,2020022401030285,VLBS,48,41,11,"1,226.00","13,486.00"
2020-02-24,2020022401030284,VLBS,32,41,30,"1,230.00","36,900.00"
2020-02-24,2020022401030283,VLBS,32,41,100,"1,230.00","123,000.00"
2020-02-24,2020022401030282,VLBS,26,41,20,"1,230.00","24,600.00"
2020-02-24,2020022401030281,VLBS,52,41,39,"1,230.00","47,970.00"
2020-02-24,2020022401030280,VLBS,14,41,50,"1,231.00","61,550.00"
2020-02-24,2020022401030279,VLBS,11,41,100,"1,232.00","123,200.00"
2020-02-24,2020022401030255,WOMI,32,4,100,"1,168.00","116,800.00"
2020-02-24,2020022401030047,WOMI,32,13,24,"1,168.00","28,032.00"
2020-02-24,2020022401030046,WOMI,40,13,16,"1,169.00","18,704.00"
2020-02-24,2020022401030028,WOMI,40,10,184,"1,169.00","215,096.00"
2020-02-24,2020022401030027,WOMI,48,10,63,"1,170.00","73,710.00"
2020-02-24,2020022401029882,WOMI,4,25,223,"1,173.00","261,579.00"
2020-02-24,2020022401029881,WOMI,39,25,50,"1,175.00","58,750.00"
2020-02-24,2020022401029880,WOMI,8,25,50,"1,176.00","58,800.00"
2020-02-24,2020022401030009,WOMI,48,38,37,"1,170.00","43,290.00"
2020-02-24,2020022401030008,WOMI,43,38,100,"1,170.00","117,000.00"
2020-02-24,2020022401029948,WOMI,40,10,100,"1,171.00","117,100.00"
2020-02-24,2020022401029947,WOMI,43,10,53,"1,171.00","62,063.00"
2020-02-24,2020022401029946,WOMI,40,10,100,"1,172.00","117,200.00"
2020-02-24,2020022401029582,AKJCL,34,56,10,57.00,570.00
2020-02-24,2020022401029385,AKPL,55,41,"1,000",136.00,"136,000.00"
2020-02-24,2020022401029732,ALICL,35,58,647,642.00,"415,374.00"
2020-02-24,2020022401029731,ALICL,56,58,500,642.00,"321,000.00"
2020-02-24,2020022401029730,ALICL,52,58,200,642.00,"128,400.00"
2020-02-24,2020022401029729,ALICL,25,58,100,642.00,"64,200.00"
2020-02-24,2020022401029728,ALICL,58,58,553,643.00,"355,579.00"
2020-02-24,2020022401029495,API,17,48,100,135.00,"13,500.00"
2020-02-24,2020022401029314,API,17,39,30,135.00,"4,050.00"
2020-02-24,2020022401029322,BFC,51,17,125,108.00,"13,500.00"
2020-02-24,2020022401029426,BOKL,59,25,100,260.00,"26,000.00"
2020-02-24,2020022401029396,BOKL,59,34,293,260.00,"76,180.00"
2020-02-24,2020022401029336,BOKL,58,34,300,260.00,"78,000.00"
2020-02-24,2020022401029335,BOKL,36,34,300,260.00,"78,000.00"
2020-02-24,2020022401029334,BOKL,52,34,27,260.00,"7,020.00"
2020-02-24,2020022401029333,BOKL,21,34,100,260.00,"26,000.00"
2020-02-24,2020022401029332,BOKL,44,34,580,260.00,"150,800.00"
2020-02-24,2020022401029639,BPCL,58,56,11,392.00,"4,312.00"
2020-02-24,2020022401029603,BPCL,58,7,171,392.00,"67,032.00"
2020-02-24,2020022401029602,BPCL,44,7,500,392.00,"196,000.00"
2020-02-24,2020022401029601,BPCL,14,7,90,392.00,"35,280.00"
2020-02-24,2020022401029600,BPCL,58,7,239,393.00,"93,927.00"
2020-02-24,2020022401029764,CBBL,4,53,10,"1,262.00","12,620.00"
2020-02-24,2020022401029763,CBBL,8,53,20,"1,262.00","25,240.00"
2020-02-24,2020022401029390,CBBL,26,38,20,"1,261.00","25,220.00"
2020-02-24,2020022401029720,CBL,28,1,200,158.00,"31,600.00"
2020-02-24,2020022401029352,CBL,17,38,551,157.00,"86,507.00"
2020-02-24,2020022401029350,CBL,17,39,11,157.00,"1,727.00"
2020-02-24,2020022401029784,CCBL,28,48,200,193.00,"38,600.00"
2020-02-24,2020022401029699,CCBL,32,38,500,192.00,"96,000.00"
2020-02-24,2020022401029484,CIT,26,25,50,"2,990.00","149,500.00"
2020-02-24,2020022401029629,CLBSL,7,51,150,"1,207.00","181,050.00"
2020-02-24,2020022401029576,CLBSL,1,57,11,"1,207.00","13,277.00"
2020-02-24,2020022401029520,CLBSL,43,34,11,"1,210.00","13,310.00"
2020-02-24,2020022401029416,CZBIL,8,38,183,209.00,"38,247.00"
2020-02-24,2020022401029689,DDBL,35,1,80,"1,025.00","82,000.00"
2020-02-24,2020022401029688,DDBL,38,1,50,"1,026.00","51,300.00"
2020-02-24,2020022401029752,EBL,14,59,356,722.00,"257,032.00"
2020-02-24,2020022401029398,EBL,14,39,15,722.00,"10,830.00"
2020-02-24,2020022401029342,EBL,14,58,129,722.00,"93,138.00"
2020-02-24,2020022401029341,EBL,22,58,490,722.00,"353,780.00"
2020-02-24,2020022401029753,EIC,50,52,128,468.00,"59,904.00"
2020-02-24,2020022401029705,EIC,50,11,120,468.00,"56,160.00"
2020-02-24,2020022401029580,EIC,6,26,740,469.00,"347,060.00"
2020-02-24,2020022401029786,FMDBL,17,42,114,628.00,"71,592.00"
2020-02-24,2020022401029785,FMDBL,45,42,86,628.00,"54,008.00"
2020-02-24,2020022401029759,FMDBL,45,18,500,628.00,"314,000.00"
2020-02-24,2020022401029718,FMDBL,45,7,44,628.00,"27,632.00"
2020-02-24,2020022401029607,FMDBL,35,7,56,629.00,"35,224.00"
2020-02-24,2020022401029567,FMDBL,35,48,44,629.00,"27,676.00"
2020-02-24,2020022401029566,FMDBL,41,48,200,629.00,"125,800.00"
2020-02-24,2020022401029497,FMDBL,41,42,100,629.00,"62,900.00"
2020-02-24,2020022401029496,FMDBL,41,7,100,629.00,"62,900.00"
2020-02-24,2020022401029434,FMDBL,6,6,83,630.00,"52,290.00"
2020-02-24,2020022401029433,FMDBL,6,33,17,630.00,"10,710.00"
2020-02-24,2020022401029672,FOWAD,32,53,20,"1,782.00","35,640.00"
2020-02-24,2020022401029671,FOWAD,42,53,10,"1,785.00","17,850.00"
2020-02-24,2020022401029449,FOWAD,42,47,10,"1,785.00","17,850.00"
2020-02-24,2020022401029448,FOWAD,54,47,10,"1,785.00","17,850.00"
2020-02-24,2020022401029661,GBIME,32,43,209,290.00,"60,610.00"
2020-02-24,2020022401029660,GBIME,22,43,100,290.00,"29,000.00"
2020-02-24,2020022401029659,GBIME,16,43,500,290.00,"145,000.00"
2020-02-24,2020022401029658,GBIME,59,43,318,290.00,"92,220.00"
2020-02-24,2020022401029565,GBIME,59,43,682,290.00,"197,780.00"
2020-02-24,2020022401029564,GBIME,11,43,50,290.00,"14,500.00"
2020-02-24,2020022401029462,GBIME,55,42,"2,000",292.00,"584,000.00"
2020-02-24,2020022401029461,GBIME,59,42,100,292.00,"29,200.00"
2020-02-24,2020022401029460,GBIME,59,42,124,292.00,"36,208.00"
2020-02-24,2020022401029440,GBIME,55,36,294,293.00,"86,142.00"
2020-02-24,2020022401029435,GBIME,42,36,200,293.00,"58,600.00"
2020-02-24,2020022401029339,GBIME,59,48,60,292.00,"17,520.00"
2020-02-24,2020022401029468,GBIME,8,42,400,292.00,"116,800.00"
2020-02-24,2020022401029467,GBIME,58,42,100,292.00,"29,200.00"
2020-02-24,2020022401029466,GBIME,32,42,500,292.00,"146,000.00"
2020-02-24,2020022401029465,GBIME,8,42,50,292.00,"14,600.00"
2020-02-24,2020022401029464,GBIME,49,42,"1,000",292.00,"292,000.00"
2020-02-24,2020022401029463,GBIME,8,42,500,292.00,"146,000.00"
2020-02-24,2020022401029474,GBIME,7,42,"2,000",292.00,"584,000.00"
2020-02-24,2020022401029473,GBIME,6,42,50,292.00,"14,600.00"
2020-02-24,2020022401029472,GBIME,41,42,500,292.00,"146,000.00"
2020-02-24,2020022401029471,GBIME,41,42,200,292.00,"58,400.00"
2020-02-24,2020022401029470,GBIME,41,42,200,292.00,"58,400.00"
2020-02-24,2020022401029469,GBIME,10,42,300,292.00,"87,600.00"
2020-02-24,2020022401029480,GBIME,8,42,10,291.00,"2,910.00"
2020-02-24,2020022401029479,GBIME,28,42,"5,000",291.00,"1,455,000.00"
2020-02-24,2020022401029478,GBIME,28,42,"1,000",291.00,"291,000.00"
2020-02-24,2020022401029477,GBIME,57,42,200,291.00,"58,200.00"
2020-02-24,2020022401029476,GBIME,37,42,450,291.00,"130,950.00"
2020-02-24,2020022401029475,GBIME,28,42,"5,000",292.00,"1,460,000.00"
2020-02-24,2020022401029563,GBIME,7,43,50,290.00,"14,500.00"
2020-02-24,2020022401029562,GBIME,11,43,169,291.00,"49,179.00"
2020-02-24,2020022401029511,GBIME,11,32,90,291.00,"26,190.00"
2020-02-24,2020022401029483,GBIME,11,42,241,291.00,"70,131.00"
2020-02-24,2020022401029482,GBIME,49,42,"3,000",291.00,"873,000.00"
2020-02-24,2020022401029481,GBIME,7,42,75,291.00,"21,825.00"
2020-02-24,2020022401029787,GBLBS,53,52,60,595.00,"35,700.00"
