Date,Transact. No.,Symbol,Buyer,Seller,Quantity,Rate,Amount
2019-06-20,2019062001005304,ADBL,55,25,659,406.00,"267,554.00"
2019-06-20,2019062001005303,ADBL,49,25,341,406.00,"138,446.00"
2019-06-20,2019062001005268,AKPL,41,49,10,188.00,"1,880.00"
2019-06-20,2019062001005276,ALBSL,39,39,10,400.00,"4,000.00"
2019-06-20,2019062001005120,ALICL,51,58,180,388.00,"69,840.00"
2019-06-20,2019062001005119,ALICL,50,58,20,388.00,"7,760.00"
2019-06-20,2019062001004960,ALICL,25,28,"1,000",390.00,"390,000.00"
2019-06-20,2019062001005143,API,25,57,50,148.00,"7,400.00"
2019-06-20,2019062001005038,API,34,13,100,146.00,"14,600.00"
2019-06-20,2019062001005037,API,54,13,150,146.00,"21,900.00"
2019-06-20,2019062001005036,API,47,13,500,146.00,"73,000.00"
2019-06-20,2019062001005035,API,37,13,100,146.00,"14,600.00"
2019-06-20,2019062001005034,API,6,13,150,146.00,"21,900.00"
2019-06-20,2019062001004917,API,25,57,50,148.00,"7,400.00"
2019-06-20,2019062001005317,BOKL,5,33,222,265.00,"58,830.00"
2019-06-20,2019062001005273,BOKL,5,6,20,266.00,"5,320.00"
2019-06-20,2019062001005211,BOKL,5,38,58,265.00,"15,370.00"
2019-06-20,2019062001005210,BOKL,5,42,101,265.00,"26,765.00"
2019-06-20,2019062001005209,BOKL,5,25,"1,000",265.00,"265,000.00"
2019-06-20,2019062001005208,BOKL,5,45,500,265.00,"132,500.00"
2019-06-20,2019062001005090,BOKL,43,59,300,264.00,"79,200.00"
2019-06-20,2019062001005185,BOKL,40,5,350,263.00,"92,050.00"
2019-06-20,2019062001005184,BOKL,46,5,100,264.00,"26,400.00"
2019-06-20,2019062001005183,BOKL,43,5,"1,500",264.00,"396,000.00"
2019-06-20,2019062001005182,BOKL,55,5,23,264.00,"6,072.00"
2019-06-20,2019062001005116,BOKL,48,39,500,265.00,"132,500.00"
2019-06-20,2019062001005091,BOKL,55,59,77,264.00,"20,328.00"
2019-06-20,2019062001005191,BOKL,46,5,500,262.00,"131,000.00"
2019-06-20,2019062001005190,BOKL,14,5,200,263.00,"52,600.00"
2019-06-20,2019062001005189,BOKL,35,5,200,263.00,"52,600.00"
2019-06-20,2019062001005188,BOKL,17,5,"2,000",263.00,"526,000.00"
2019-06-20,2019062001005187,BOKL,42,5,500,263.00,"131,500.00"
2019-06-20,2019062001005186,BOKL,59,5,100,263.00,"26,300.00"
2019-06-20,2019062001005207,BOKL,5,39,"1,288",265.00,"341,320.00"
2019-06-20,2019062001005196,BOKL,38,5,"1,000",262.00,"262,000.00"
2019-06-20,2019062001005195,BOKL,13,5,200,262.00,"52,400.00"
2019-06-20,2019062001005194,BOKL,13,5,100,262.00,"26,200.00"
2019-06-20,2019062001005193,BOKL,14,5,200,262.00,"52,400.00"
2019-06-20,2019062001005192,BOKL,33,5,500,262.00,"131,000.00"
2019-06-20,2019062001005160,BPCL,34,37,132,406.00,"53,592.00"
2019-06-20,2019062001005300,CBBL,41,49,10,932.00,"9,320.00"
2019-06-20,2019062001005152,CBL,43,16,10,147.00,"1,470.00"
2019-06-20,2019062001005140,CBL,49,16,10,147.00,"1,470.00"
2019-06-20,2019062001004888,CBL,33,36,261,145.00,"37,845.00"
2019-06-20,2019062001004887,CBL,26,36,100,145.00,"14,500.00"
2019-06-20,2019062001004886,CBL,42,36,120,145.00,"17,400.00"
2019-06-20,2019062001004885,CBL,17,36,300,145.00,"43,500.00"
2019-06-20,2019062001004878,CBL,52,36,500,146.00,"73,000.00"
2019-06-20,2019062001004884,CBL,47,36,200,145.00,"29,000.00"
2019-06-20,2019062001004883,CBL,38,36,300,145.00,"43,500.00"
2019-06-20,2019062001004882,CBL,55,36,200,145.00,"29,000.00"
2019-06-20,2019062001004881,CBL,47,36,500,145.00,"72,500.00"
2019-06-20,2019062001004880,CBL,34,36,49,145.00,"7,105.00"
2019-06-20,2019062001004879,CBL,7,36,"1,000",146.00,"146,000.00"
2019-06-20,2019062001005315,CCBL,45,52,170,171.00,"29,070.00"
2019-06-20,2019062001005134,CCBL,45,56,20,171.00,"3,420.00"
2019-06-20,2019062001005097,CCBL,45,16,484,170.00,"82,280.00"
2019-06-20,2019062001005063,CCBL,45,16,10,170.00,"1,700.00"
2019-06-20,2019062001005062,CCBL,45,45,500,170.00,"85,000.00"
2019-06-20,2019062001005061,CCBL,45,26,100,170.00,"17,000.00"
2019-06-20,2019062001005060,CCBL,45,57,390,170.00,"66,300.00"
2019-06-20,2019062001005030,CCBL,49,57,10,170.00,"1,700.00"
2019-06-20,2019062001004934,CCBL,34,17,846,169.00,"142,974.00"
2019-06-20,2019062001004933,CCBL,45,17,154,169.00,"26,026.00"
2019-06-20,2019062001005205,CHCL,44,6,13,511.00,"6,643.00"
2019-06-20,2019062001005109,CHCL,44,59,47,511.00,"24,017.00"
2019-06-20,2019062001005108,CHCL,25,59,78,511.00,"39,858.00"
2019-06-20,2019062001005043,CHCL,25,40,122,511.00,"62,342.00"
2019-06-20,2019062001005042,CHCL,5,40,38,511.00,"19,418.00"
2019-06-20,2019062001004891,CHCL,13,6,100,512.00,"51,200.00"
2019-06-20,2019062001004993,CHL,45,41,10,93.00,930.00
2019-06-20,2019062001004935,CMF1,32,21,300,9.65,"2,895.00"
2019-06-20,2019062001004984,CMF1,32,52,"1,000",9.65,"9,650.00"
2019-06-20,2019062001004965,CMF1,32,21,300,9.65,"2,895.00"
2019-06-20,2019062001004950,CZBIL,46,45,10,222.00,"2,220.00"
2019-06-20,2019062001005334,DBBL,33,26,500,146.00,"73,000.00"
2019-06-20,2019062001005333,DBBL,45,26,"1,500",146.00,"219,000.00"
2019-06-20,2019062001005107,DBBL,56,10,"1,000",146.00,"146,000.00"
2019-06-20,2019062001005016,DBBL,45,51,12,147.00,"1,764.00"
2019-06-20,2019062001004936,DBBL,36,59,24,145.00,"3,480.00"
2019-06-20,2019062001004929,DBBL,45,42,300,146.00,"43,800.00"
2019-06-20,2019062001004901,DBBL,36,38,35,145.00,"5,075.00"
2019-06-20,2019062001004928,DBBL,45,49,500,146.00,"73,000.00"
2019-06-20,2019062001004927,DBBL,45,1,"2,000",146.00,"292,000.00"
2019-06-20,2019062001004926,DBBL,45,42,20,146.00,"2,920.00"
2019-06-20,2019062001004925,DBBL,45,39,65,146.00,"9,490.00"
2019-06-20,2019062001004924,DBBL,45,46,620,146.00,"90,520.00"
2019-06-20,2019062001004922,DBBL,36,43,218,145.00,"31,610.00"
2019-06-20,2019062001005179,EBL,14,14,500,666.00,"333,000.00"
2019-06-20,2019062001004897,EBL,13,32,480,663.00,"318,240.00"
2019-06-20,2019062001004896,EBL,22,32,20,664.00,"13,280.00"
2019-06-20,2019062001004895,EBL,26,32,40,664.00,"26,560.00"
2019-06-20,2019062001004894,EBL,13,32,50,664.00,"33,200.00"
2019-06-20,2019062001005145,EBL,13,58,350,665.00,"232,750.00"
2019-06-20,2019062001005144,EBL,13,32,10,665.00,"6,650.00"
2019-06-20,2019062001005201,EIC,57,46,100,365.00,"36,500.00"
2019-06-20,2019062001005087,EIC,57,39,73,365.00,"26,645.00"
2019-06-20,2019062001004902,EIC,57,46,94,365.00,"34,310.00"
2019-06-20,2019062001005223,FMDBL,58,59,200,387.00,"77,400.00"
2019-06-20,2019062001005222,FMDBL,58,59,180,387.00,"69,660.00"
2019-06-20,2019062001005117,FMDBL,58,11,106,387.00,"41,022.00"
2019-06-20,2019062001005093,FOWAD,21,37,87,"1,350.00","117,450.00"
2019-06-20,2019062001005028,FOWAD,21,32,13,"1,350.00","17,550.00"
2019-06-20,2019062001005226,GBBL,45,8,677,225.00,"152,325.00"
2019-06-20,2019062001005308,GBIME,42,25,490,300.00,"147,000.00"
2019-06-20,2019062001005307,GBIME,58,25,50,300.00,"15,000.00"
2019-06-20,2019062001005306,GBIME,41,25,"1,000",300.00,"300,000.00"
2019-06-20,2019062001005305,GBIME,55,25,176,300.00,"52,800.00"
2019-06-20,2019062001005271,GBIME,55,41,172,300.00,"51,600.00"
2019-06-20,2019062001005142,GBIME,55,34,300,300.00,"90,000.00"
2019-06-20,2019062001005112,GBIME,55,1,100,300.00,"30,000.00"
2019-06-20,2019062001005329,GBLBS,41,21,10,351.00,"3,510.00"
2019-06-20,2019062001005031,GBLBS,34,51,15,358.00,"5,370.00"
2019-06-20,2019062001005150,GHL,57,49,30,82.00,"2,460.00"
2019-06-20,2019062001005101,GIMES1,28,17,"5,000",8.16,"40,800.00"
2019-06-20,2019062001005100,GIMES1,28,8,"5,000",8.16,"40,800.00"
2019-06-20,2019062001004871,GLICL,52,49,50,495.00,"24,750.00"
2019-06-20,2019062001005157,HBL,49,10,168,557.00,"93,576.00"
2019-06-20,2019062001004958,HGI,28,51,207,365.00,"75,555.00"
2019-06-20,2019062001005296,HIDCL,36,45,500,161.00,"80,500.00"
2019-06-20,2019062001005286,HIDCL,5,16,10,163.00,"1,630.00"
2019-06-20,2019062001005095,HIDCL,36,39,61,161.00,"9,821.00"
2019-06-20,2019062001005059,HIDCL,14,16,56,163.00,"9,128.00"
2019-06-20,2019062001004948,HIDCL,59,41,63,162.00,"10,206.00"
2019-06-20,2019062001005114,HPPL,18,39,10,179.00,"1,790.00"
2019-06-20,2019062001005310,HURJA,57,6,20,146.00,"2,920.00"
2019-06-20,2019062001004973,HURJA,57,29,10,146.00,"1,460.00"
2019-06-20,2019062001005022,IGI,42,53,200,380.00,"76,000.00"
2019-06-20,2019062001005283,JBBL,49,49,10,157.00,"1,570.00"
2019-06-20,2019062001005200,JBNL,40,32,450,209.00,"94,050.00"
2019-06-20,2019062001005199,JBNL,40,45,500,209.00,"104,500.00"
2019-06-20,2019062001004964,JBNL,14,4,"1,000",209.00,"209,000.00"
2019-06-20,2019062001004963,JBNL,14,37,44,209.00,"9,196.00"
2019-06-20,2019062001004962,JBNL,14,45,650,209.00,"135,850.00"
2019-06-20,2019062001004961,JBNL,14,51,"1,104",209.00,"230,736.00"
2019-06-20,2019062001005041,JFL,56,17,268,180.00,"48,240.00"
2019-06-20,2019062001005167,JOSHI,57,49,20,84.00,"1,680.00"
2019-06-20,2019062001004943,JSLBB,26,39,20,920.00,"18,400.00"
2019-06-20,2019062001005166,KBBL,43,54,50,235.00,"11,750.00"
2019-06-20,2019062001004992,KBBL,22,4,"1,000",236.00,"236,000.00"
2019-06-20,2019062001005342,KBL,45,17,200,215.00,"43,000.00"
2019-06-20,2019062001005327,KBL,51,17,10,215.00,"2,150.00"
2019-06-20,2019062001005175,KBL,49,48,480,214.00,"102,720.00"
2019-06-20,2019062001004849,KBL,14,1,400,215.00,"86,000.00"
2019-06-20,2019062001004848,KBL,14,25,49,215.00,"10,535.00"
2019-06-20,2019062001004847,KBL,14,25,200,215.00,"43,000.00"
2019-06-20,2019062001004846,KBL,14,37,27,215.00,"5,805.00"
2019-06-20,2019062001004845,KBL,14,58,400,215.00,"86,000.00"
2019-06-20,2019062001004844,KBL,14,50,956,215.00,"205,540.00"
2019-06-20,2019062001005121,KSBBL,57,46,50,155.00,"7,750.00"
2019-06-20,2019062001005115,KSBBL,38,40,214,153.00,"32,742.00"
2019-06-20,2019062001004903,KSBBL,10,32,"1,000",154.00,"154,000.00"
2019-06-20,2019062001005081,LBBL,33,42,100,198.00,"19,800.00"
2019-06-20,2019062001005080,LBBL,33,38,900,198.00,"178,200.00"
2019-06-20,2019062001005020,LBBL,33,59,100,197.00,"19,700.00"
2019-06-20,2019062001004957,LBL,35,50,19,220.00,"4,180.00"
2019-06-20,2019062001005073,MBL,16,6,150,265.00,"39,750.00"
2019-06-20,2019062001005072,MBL,1,6,"1,723",265.00,"456,595.00"
2019-06-20,2019062001005066,MBL,1,47,277,265.00,"73,405.00"
2019-06-20,2019062001005065,MBL,17,47,"2,000",265.00,"530,000.00"
2019-06-20,2019062001005064,MBL,40,47,723,265.00,"191,595.00"
2019-06-20,2019062001005027,MBL,40,6,"1,277",265.00,"338,405.00"
2019-06-20,2019062001005026,MBL,58,6,200,265.00,"53,000.00"
2019-06-20,2019062001005025,MBL,58,6,500,265.00,"132,500.00"
2019-06-20,2019062001005024,MBL,47,6,45,265.00,"11,925.00"
2019-06-20,2019062001005023,MBL,26,6,978,266.00,"260,148.00"
2019-06-20,2019062001004893,MBL,26,45,22,266.00,"5,852.00"
2019-06-20,2019062001005159,MDB,42,53,10,252.00,"2,520.00"
2019-06-20,2019062001005158,MDB,42,13,80,252.00,"20,160.00"
2019-06-20,2019062001005106,MEGA,49,33,27,203.00,"5,481.00"
2019-06-20,2019062001005070,MEGA,49,37,173,203.00,"35,119.00"
2019-06-20,2019062001005069,MEGA,34,37,327,203.00,"66,381.00"
2019-06-20,2019062001005046,MEGA,34,21,173,203.00,"35,119.00"
2019-06-20,2019062001005045,MEGA,10,21,30,203.00,"6,090.00"
2019-06-20,2019062001005044,MEGA,52,21,95,203.00,"19,285.00"
2019-06-20,2019062001004996,MEGA,52,57,105,203.00,"21,315.00"
2019-06-20,2019062001004995,MEGA,39,57,400,203.00,"81,200.00"
2019-06-20,2019062001004967,MEGA,39,13,"1,000",203.00,"203,000.00"
2019-06-20,2019062001004952,MEGA,39,32,500,203.00,"101,500.00"
2019-06-20,2019062001004915,MEGA,39,45,100,203.00,"20,300.00"
2019-06-20,2019062001004843,MEGA,14,40,608,203.00,"123,424.00"
2019-06-20,2019062001004938,MNBBL,49,1,"1,140",371.00,"422,940.00"
2019-06-20,2019062001004937,MNBBL,38,1,200,372.00,"74,400.00"
2019-06-20,2019062001005328,NABIL,47,25,200,812.00,"162,400.00"
2019-06-20,2019062001005316,NABILP,57,28,200,790.00,"158,000.00"
2019-06-20,2019062001005197,NABILP,57,6,24,790.00,"18,960.00"
2019-06-20,2019062001004949,NABILP,57,45,100,790.00,"79,000.00"
2019-06-20,2019062001005094,NABILP,57,36,708,790.00,"559,320.00"
2019-06-20,2019062001005270,NBB,49,22,10,225.00,"2,250.00"
2019-06-20,2019062001005269,NBB,13,45,285,223.00,"63,555.00"
2019-06-20,2019062001005141,NBB,13,39,50,223.00,"11,150.00"
2019-06-20,2019062001005098,NBB,35,49,200,224.00,"44,800.00"
2019-06-20,2019062001004966,NBB,41,49,"1,000",224.00,"224,000.00"
2019-06-20,2019062001005341,NBL,33,57,50,325.00,"16,250.00"
2019-06-20,2019062001004997,NBL,13,57,66,324.00,"21,384.00"
2019-06-20,2019062001004983,NBL,10,28,850,323.00,"274,550.00"
2019-06-20,2019062001004982,NBL,19,28,400,323.00,"129,200.00"
2019-06-20,2019062001004981,NBL,32,28,"1,000",323.00,"323,000.00"
2019-06-20,2019062001004980,NBL,14,28,400,323.00,"129,200.00"
2019-06-20,2019062001004890,NBL,28,34,200,324.00,"64,800.00"
2019-06-20,2019062001004877,NBL,52,34,50,324.00,"16,200.00"
2019-06-20,2019062001004979,NBL,17,28,500,323.00,"161,500.00"
2019-06-20,2019062001004978,NBL,53,28,150,323.00,"48,450.00"
2019-06-20,2019062001004977,NBL,59,28,500,323.00,"161,500.00"
2019-06-20,2019062001004976,NBL,52,28,200,323.00,"64,600.00"
2019-06-20,2019062001004972,NBL,35,57,750,324.00,"243,000.00"
2019-06-20,2019062001004971,NBL,35,34,"2,250",324.00,"729,000.00"
2019-06-20,2019062001005290,NCCB,34,56,308,258.00,"79,464.00"
2019-06-20,2019062001005289,NCCB,17,56,100,258.00,"25,800.00"
2019-06-20,2019062001005288,NCCB,1,56,500,258.00,"129,000.00"
2019-06-20,2019062001005287,NCCB,7,56,92,259.00,"23,828.00"
2019-06-20,2019062001005217,NCCB,7,58,408,259.00,"105,672.00"
2019-06-20,2019062001005216,NCCB,5,58,"1,000",259.00,"259,000.00"
2019-06-20,2019062001004946,NCCB,11,58,200,260.00,"52,000.00"
2019-06-20,2019062001004916,NCCB,59,58,500,260.00,"130,000.00"
2019-06-20,2019062001004909,NCCB,38,58,300,260.00,"78,000.00"
2019-06-20,2019062001005215,NCCB,6,58,592,259.00,"153,328.00"
2019-06-20,2019062001005171,NCCB,45,58,100,260.00,"26,000.00"
2019-06-20,2019062001005123,NCCB,8,58,100,260.00,"26,000.00"
2019-06-20,2019062001005068,NCCB,46,58,100,260.00,"26,000.00"
2019-06-20,2019062001004959,NCCB,37,58,500,260.00,"130,000.00"
2019-06-20,2019062001004951,NCCB,6,49,50,259.00,"12,950.00"
2019-06-20,2019062001005335,NIB,58,39,500,528.00,"264,000.00"
2019-06-20,2019062001005330,NIB,53,37,39,527.00,"20,553.00"
2019-06-20,2019062001005323,NIB,53,25,200,527.00,"105,400.00"
2019-06-20,2019062001005267,NIB,58,39,"1,000",528.00,"528,000.00"
2019-06-20,2019062001005165,NIB,53,32,44,527.00,"23,188.00"
2019-06-20,2019062001005135,NIB,53,6,360,527.00,"189,720.00"
2019-06-20,2019062001004870,NIB,53,45,100,527.00,"52,700.00"
2019-06-20,2019062001005099,NIB,13,39,500,528.00,"264,000.00"
2019-06-20,2019062001005096,NIB,53,32,145,527.00,"76,415.00"
2019-06-20,2019062001005088,NIB,37,39,39,528.00,"20,592.00"
2019-06-20,2019062001004975,NIB,56,39,200,528.00,"105,600.00"
2019-06-20,2019062001005272,NICA,38,4,200,471.00,"94,200.00"
2019-06-20,2019062001005214,NICA,39,4,200,471.00,"94,200.00"
2019-06-20,2019062001005213,NICA,39,4,"1,000",471.00,"471,000.00"
2019-06-20,2019062001005212,NICA,39,1,100,470.00,"47,000.00"
2019-06-20,2019062001005164,NICA,38,4,375,470.00,"176,250.00"
2019-06-20,2019062001005149,NICA,38,4,500,470.00,"235,000.00"
2019-06-20,2019062001005133,NICA,39,4,125,470.00,"58,750.00"
2019-06-20,2019062001004998,NICA,52,44,150,471.00,"70,650.00"
2019-06-20,2019062001004991,NICA,52,48,49,471.00,"23,079.00"
2019-06-20,2019062001004947,NICA,49,32,200,470.00,"94,000.00"
2019-06-20,2019062001004892,NICA,39,48,100,471.00,"47,100.00"
2019-06-20,2019062001004905,NICGF,58,21,300,9.58,"2,874.00"
2019-06-20,2019062001004869,NICGF,58,21,300,9.58,"2,874.00"
2019-06-20,2019062001005198,NICL,45,17,30,364.00,"10,920.00"
2019-06-20,2019062001005154,NICL,58,17,150,364.00,"54,600.00"
2019-06-20,2019062001005153,NICL,28,17,248,364.00,"90,272.00"
2019-06-20,2019062001005148,NICL,28,40,150,364.00,"54,600.00"
2019-06-20,2019062001005074,NICL,28,40,200,364.00,"72,800.00"
2019-06-20,2019062001005313,NIL,42,6,50,486.00,"24,300.00"
2019-06-20,2019062001005312,NIL,42,6,50,486.00,"24,300.00"
2019-06-20,2019062001005311,NIL,25,6,100,486.00,"48,600.00"
2019-06-20,2019062001004989,NLG,35,34,40,755.00,"30,200.00"
2019-06-20,2019062001004988,NLG,35,25,150,750.00,"112,500.00"
2019-06-20,2019062001004907,NLIC,37,37,17,902.00,"15,334.00"
2019-06-20,2019062001004876,NLIC,14,14,17,902.00,"15,334.00"
2019-06-20,2019062001005326,NLICL,43,59,10,627.00,"6,270.00"
2019-06-20,2019062001004906,NMBMF,7,58,10,"1,007.00","10,070.00"
2019-06-20,2019062001004954,NTC,55,58,50,697.00,"34,850.00"
2019-06-20,2019062001005181,OHL,42,10,225,636.00,"143,100.00"
2019-06-20,2019062001005180,OHL,42,39,58,634.00,"36,772.00"
2019-06-20,2019062001005009,OHL,42,26,30,632.00,"18,960.00"
2019-06-20,2019062001005220,PCBL,25,39,"1,000",288.00,"288,000.00"
2019-06-20,2019062001005219,PCBL,32,39,49,288.00,"14,112.00"
2019-06-20,2019062001005176,PCBL,50,39,50,288.00,"14,400.00"
2019-06-20,2019062001005169,PCBL,39,39,200,288.00,"57,600.00"
2019-06-20,2019062001005147,PCBL,38,39,50,288.00,"14,400.00"
2019-06-20,2019062001004910,PCBL,56,39,200,288.00,"57,600.00"
2019-06-20,2019062001004904,PCBL,42,21,100,287.00,"28,700.00"
2019-06-20,2019062001005336,PIC,13,42,450,"1,009.00","454,050.00"
2019-06-20,2019062001005162,PIC,42,42,150,"1,010.00","151,500.00"
2019-06-20,2019062001005015,PIC,13,41,90,"1,009.00","90,810.00"
2019-06-20,2019062001005014,PIC,1,41,10,"1,010.00","10,100.00"
2019-06-20,2019062001005013,PIC,39,41,100,"1,010.00","101,000.00"
2019-06-20,2019062001004974,PIC,48,1,50,"1,012.00","50,600.00"
2019-06-20,2019062001004969,PIC,59,40,50,"1,012.00","50,600.00"
2019-06-20,2019062001005309,PLIC,45,17,300,440.00,"132,000.00"
2019-06-20,2019062001005011,PLIC,48,40,10,435.00,"4,350.00"
2019-06-20,2019062001005010,PLIC,42,40,40,436.00,"17,440.00"
2019-06-20,2019062001005324,PPCL,6,25,441,146.00,"64,386.00"
2019-06-20,2019062001005302,PPCL,6,42,50,148.00,"7,400.00"
2019-06-20,2019062001005301,PPCL,6,47,150,147.00,"22,050.00"
2019-06-20,2019062001005266,PPCL,6,20,10,146.00,"1,460.00"
2019-06-20,2019062001005265,PPCL,6,20,10,146.00,"1,460.00"
2019-06-20,2019062001005264,PPCL,6,20,10,146.00,"1,460.00"
2019-06-20,2019062001005227,PPCL,6,16,30,142.00,"4,260.00"
2019-06-20,2019062001005233,PPCL,6,49,10,144.00,"1,440.00"
2019-06-20,2019062001005232,PPCL,6,26,200,143.00,"28,600.00"
2019-06-20,2019062001005231,PPCL,6,22,30,143.00,"4,290.00"
2019-06-20,2019062001005230,PPCL,6,22,30,143.00,"4,290.00"
2019-06-20,2019062001005229,PPCL,6,45,30,142.00,"4,260.00"
2019-06-20,2019062001005228,PPCL,6,16,30,142.00,"4,260.00"
2019-06-20,2019062001005239,PPCL,6,59,10,144.00,"1,440.00"
2019-06-20,2019062001005238,PPCL,6,59,10,144.00,"1,440.00"
2019-06-20,2019062001005237,PPCL,6,34,20,144.00,"2,880.00"
2019-06-20,2019062001005236,PPCL,6,34,20,144.00,"2,880.00"
2019-06-20,2019062001005235,PPCL,6,33,239,144.00,"34,416.00"
2019-06-20,2019062001005234,PPCL,6,42,10,144.00,"1,440.00"
2019-06-20,2019062001005245,PPCL,6,19,10,144.00,"1,440.00"
2019-06-20,2019062001005244,PPCL,6,49,30,144.00,"4,320.00"
2019-06-20,2019062001005243,PPCL,6,41,20,144.00,"2,880.00"
2019-06-20,2019062001005242,PPCL,6,22,30,144.00,"4,320.00"
2019-06-20,2019062001005241,PPCL,6,11,20,144.00,"2,880.00"
2019-06-20,2019062001005240,PPCL,6,59,10,144.00,"1,440.00"
2019-06-20,2019062001005251,PPCL,6,6,30,144.00,"4,320.00"
2019-06-20,2019062001005250,PPCL,6,6,30,144.00,"4,320.00"
2019-06-20,2019062001005249,PPCL,6,43,500,144.00,"72,000.00"
2019-06-20,2019062001005248,PPCL,6,19,10,144.00,"1,440.00"
2019-06-20,2019062001005247,PPCL,6,19,10,144.00,"1,440.00"
2019-06-20,2019062001005246,PPCL,6,19,10,144.00,"1,440.00"
2019-06-20,2019062001005257,PPCL,6,20,10,146.00,"1,460.00"
2019-06-20,2019062001005256,PPCL,6,20,10,146.00,"1,460.00"
2019-06-20,2019062001005255,PPCL,6,20,10,146.00,"1,460.00"
2019-06-20,2019062001005254,PPCL,6,20,10,146.00,"1,460.00"
2019-06-20,2019062001005253,PPCL,6,20,20,146.00,"2,920.00"
2019-06-20,2019062001005252,PPCL,6,49,30,146.00,"4,380.00"
2019-06-20,2019062001005263,PPCL,6,20,10,146.00,"1,460.00"
2019-06-20,2019062001005262,PPCL,6,20,10,146.00,"1,460.00"
2019-06-20,2019062001005261,PPCL,6,20,10,146.00,"1,460.00"
2019-06-20,2019062001005260,PPCL,6,20,10,146.00,"1,460.00"
2019-06-20,2019062001005259,PPCL,6,20,10,146.00,"1,460.00"
2019-06-20,2019062001005258,PPCL,6,20,10,146.00,"1,460.00"
2019-06-20,2019062001005129,PRIN,33,7,419,385.00,"161,315.00"
2019-06-20,2019062001004875,PRIN,22,57,200,383.00,"76,600.00"
2019-06-20,2019062001004874,PRIN,22,28,12,383.00,"4,596.00"
2019-06-20,2019062001005339,PRVU,44,29,10,269.00,"2,690.00"
2019-06-20,2019062001005163,PRVU,51,34,251,268.00,"67,268.00"
2019-06-20,2019062001005156,PRVU,38,21,381,267.00,"101,727.00"
2019-06-20,2019062001005155,PRVU,38,21,19,267.00,"5,073.00"
2019-06-20,2019062001004944,PRVU,7,5,100,268.00,"26,800.00"
2019-06-20,2019062001005146,PRVU,58,34,"1,000",268.00,"268,000.00"
2019-06-20,2019062001005104,PRVU,25,5,53,268.00,"14,204.00"
2019-06-20,2019062001005103,PRVU,25,26,"1,500",268.00,"402,000.00"
2019-06-20,2019062001005102,PRVU,25,5,30,268.00,"8,040.00"
2019-06-20,2019062001005058,PRVU,49,5,20,268.00,"5,360.00"
2019-06-20,2019062001005029,PRVU,38,40,270,267.00,"72,090.00"
2019-06-20,2019062001005340,RADHI,14,50,162,165.00,"26,730.00"
2019-06-20,2019062001005202,RADHI,14,34,11,165.00,"1,815.00"
2019-06-20,2019062001005170,RADHI,14,34,11,165.00,"1,815.00"
2019-06-20,2019062001005151,RADHI,14,34,11,165.00,"1,815.00"
2019-06-20,2019062001005138,RADHI,14,34,11,165.00,"1,815.00"
2019-06-20,2019062001005122,RADHI,14,34,11,165.00,"1,815.00"
2019-06-20,2019062001005111,RADHI,14,37,33,165.00,"5,445.00"
2019-06-20,2019062001005110,RADHI,40,37,78,165.00,"12,870.00"
2019-06-20,2019062001005282,RBCL,47,47,10,"9,525.00","95,250.00"
2019-06-20,2019062001005281,RBCL,6,47,20,"9,530.00","190,600.00"
2019-06-20,2019062001005280,RBCL,44,47,10,"9,540.00","95,400.00"
2019-06-20,2019062001005132,RBCL,35,13,10,"9,600.00","96,000.00"
2019-06-20,2019062001004921,RBCL,25,47,40,"9,600.00","384,000.00"
2019-06-20,2019062001004920,RBCL,40,47,10,"9,600.00","96,000.00"
2019-06-20,2019062001004866,RBCL,57,47,10,"9,603.00","96,030.00"
2019-06-20,2019062001004865,RBCL,6,47,20,"9,605.00","192,100.00"
2019-06-20,2019062001004864,RBCL,41,47,10,"9,606.00","96,060.00"
2019-06-20,2019062001004863,RBCL,47,47,10,"9,628.00","96,280.00"
2019-06-20,2019062001004862,RBCL,43,47,18,"9,629.00","173,322.00"
2019-06-20,2019062001005275,RHPC,51,40,600,91.00,"54,600.00"
2019-06-20,2019062001005274,RHPC,11,40,350,91.00,"31,850.00"
2019-06-20,2019062001005161,RHPC,58,40,"1,000",92.00,"92,000.00"
2019-06-20,2019062001004856,RLFL,43,59,13,126.00,"1,638.00"
2019-06-20,2019062001004855,RLFL,1,59,600,127.00,"76,200.00"
2019-06-20,2019062001004854,RLFL,35,59,500,127.00,"63,500.00"
2019-06-20,2019062001004853,RLFL,26,59,200,127.00,"25,400.00"
2019-06-20,2019062001004852,RLFL,39,59,650,127.00,"82,550.00"
2019-06-20,2019062001004851,RLFL,37,59,10,128.00,"1,280.00"
2019-06-20,2019062001004850,RLFL,22,59,30,128.00,"3,840.00"
2019-06-20,2019062001005322,RMDC,6,50,94,660.00,"62,040.00"
2019-06-20,2019062001005321,RMDC,6,33,23,658.00,"15,134.00"
2019-06-20,2019062001005320,RMDC,6,53,300,657.00,"197,100.00"
2019-06-20,2019062001005319,RMDC,6,41,83,657.00,"54,531.00"
2019-06-20,2019062001005089,RMDC,47,40,50,654.00,"32,700.00"
2019-06-20,2019062001004873,RRHP,45,34,170,113.00,"19,210.00"
2019-06-20,2019062001004872,RRHP,45,20,10,112.00,"1,120.00"
2019-06-20,2019062001004861,SADBL,57,58,10,153.00,"1,530.00"
2019-06-20,2019062001004860,SADBL,57,42,40,152.00,"6,080.00"
2019-06-20,2019062001005139,SANIMA,32,21,150,350.00,"52,500.00"
2019-06-20,2019062001005057,SANIMA,32,40,22,350.00,"7,700.00"
2019-06-20,2019062001005056,SANIMA,7,40,128,350.00,"44,800.00"
2019-06-20,2019062001005000,SANIMA,7,47,872,350.00,"305,200.00"
2019-06-20,2019062001004999,SANIMA,7,47,128,350.00,"44,800.00"
2019-06-20,2019062001004868,SANIMA,7,11,100,350.00,"35,000.00"
2019-06-20,2019062001005137,SBI,1,54,287,463.00,"132,881.00"
2019-06-20,2019062001005136,SBI,40,54,108,463.00,"50,004.00"
2019-06-20,2019062001005279,SBL,16,39,10,322.00,"3,220.00"
2019-06-20,2019062001005032,SCB,37,37,20,665.00,"13,300.00"
2019-06-20,2019062001004919,SCB,42,6,244,663.00,"161,772.00"
2019-06-20,2019062001004918,SCB,8,6,156,663.00,"103,428.00"
2019-06-20,2019062001004900,SCB,8,45,90,663.00,"59,670.00"
2019-06-20,2019062001004899,SCB,51,45,10,664.00,"6,640.00"
2019-06-20,2019062001005299,SHINE,6,45,10,261.00,"2,610.00"
2019-06-20,2019062001005298,SHINE,6,41,190,256.00,"48,640.00"
2019-06-20,2019062001005297,SHINE,6,57,300,255.00,"76,500.00"
2019-06-20,2019062001005067,SHINE,37,57,20,252.00,"5,040.00"
2019-06-20,2019062001005174,SHINE,6,41,10,256.00,"2,560.00"
2019-06-20,2019062001005173,SHINE,6,46,27,255.00,"6,885.00"
2019-06-20,2019062001005172,SHINE,6,57,380,252.00,"95,760.00"
2019-06-20,2019062001005285,SHIVM,19,21,170,655.00,"111,350.00"
2019-06-20,2019062001005284,SHIVM,19,50,30,654.00,"19,620.00"
2019-06-20,2019062001005225,SHIVM,21,50,50,654.00,"32,700.00"
2019-06-20,2019062001005224,SHIVM,38,50,20,654.00,"13,080.00"
2019-06-20,2019062001005204,SHIVM,38,38,280,654.00,"183,120.00"
2019-06-20,2019062001005203,SHIVM,36,38,20,654.00,"13,080.00"
2019-06-20,2019062001004898,SHIVM,1,5,100,655.00,"65,500.00"
2019-06-20,2019062001004889,SHIVM,58,5,400,655.00,"262,000.00"
2019-06-20,2019062001004859,SHIVM,37,38,50,654.00,"32,700.00"
2019-06-20,2019062001004858,SHIVM,35,38,100,655.00,"65,500.00"
2019-06-20,2019062001004857,SHIVM,17,38,150,655.00,"98,250.00"
2019-06-20,2019062001004923,SHIVM,52,5,200,655.00,"131,000.00"
2019-06-20,2019062001004914,SHIVM,45,21,300,654.00,"196,200.00"
2019-06-20,2019062001004913,SHIVM,42,21,300,654.00,"196,200.00"
2019-06-20,2019062001004912,SHIVM,40,21,200,654.00,"130,800.00"
2019-06-20,2019062001004911,SHIVM,37,21,100,654.00,"65,400.00"
2019-06-20,2019062001004908,SHIVM,1,5,120,655.00,"78,600.00"
2019-06-20,2019062001004953,SHIVM,52,8,200,655.00,"131,000.00"
2019-06-20,2019062001004945,SHIVM,45,13,200,654.00,"130,800.00"
2019-06-20,2019062001004942,SHIVM,58,38,300,655.00,"196,500.00"
2019-06-20,2019062001004941,SHIVM,58,38,50,655.00,"32,750.00"
2019-06-20,2019062001004940,SHIVM,58,38,200,655.00,"131,000.00"
2019-06-20,2019062001004939,SHIVM,58,5,180,655.00,"117,900.00"
2019-06-20,2019062001005077,SHIVM,45,14,370,654.00,"241,980.00"
2019-06-20,2019062001005052,SHIVM,51,8,50,655.00,"32,750.00"
2019-06-20,2019062001005051,SHIVM,45,26,670,654.00,"438,180.00"
2019-06-20,2019062001005047,SHIVM,45,14,"1,210",654.00,"791,340.00"
2019-06-20,2019062001004994,SHIVM,17,8,100,655.00,"65,500.00"
2019-06-20,2019062001004955,SHIVM,45,54,250,654.00,"163,500.00"
2019-06-20,2019062001005085,SHIVM,40,38,200,654.00,"130,800.00"
2019-06-20,2019062001005084,SHIVM,58,38,100,654.00,"65,400.00"
2019-06-20,2019062001005083,SHIVM,58,38,100,654.00,"65,400.00"
2019-06-20,2019062001005082,SHIVM,7,38,390,654.00,"255,060.00"
2019-06-20,2019062001005079,SHIVM,7,14,110,654.00,"71,940.00"
2019-06-20,2019062001005078,SHIVM,43,14,20,654.00,"13,080.00"
2019-06-20,2019062001005178,SHIVM,34,58,115,655.00,"75,325.00"
2019-06-20,2019062001005168,SHIVM,21,58,30,655.00,"19,650.00"
2019-06-20,2019062001005128,SHIVM,58,58,350,655.00,"229,250.00"
2019-06-20,2019062001005127,SHIVM,58,8,650,655.00,"425,750.00"
2019-06-20,2019062001005105,SHIVM,36,38,180,654.00,"117,720.00"
2019-06-20,2019062001005086,SHIVM,21,38,30,654.00,"19,620.00"
2019-06-20,2019062001005206,SHL,40,37,200,231.00,"46,200.00"
2019-06-20,2019062001005113,SHL,40,43,200,231.00,"46,200.00"
2019-06-20,2019062001005019,SHL,40,43,180,231.00,"41,580.00"
2019-06-20,2019062001005018,SHL,43,43,100,231.00,"23,100.00"
2019-06-20,2019062001005017,SHL,17,43,100,231.00,"23,100.00"
2019-06-20,2019062001004970,SHL,17,26,100,231.00,"23,100.00"
2019-06-20,2019062001004987,SHPC,33,45,239,251.00,"59,989.00"
2019-06-20,2019062001004986,SHPC,14,45,41,251.00,"10,291.00"
2019-06-20,2019062001004985,SHPC,59,45,400,252.00,"100,800.00"
2019-06-20,2019062001004956,SHPC,59,48,100,252.00,"25,200.00"
2019-06-20,2019062001005318,SICL,34,6,108,806.00,"87,048.00"
2019-06-20,2019062001005278,SICL,17,6,87,807.00,"70,209.00"
2019-06-20,2019062001005277,SICL,42,6,100,808.00,"80,800.00"
2019-06-20,2019062001005012,SIL,25,56,20,449.00,"8,980.00"
2019-06-20,2019062001005325,SKBBL,22,1,10,953.00,"9,530.00"
2019-06-20,2019062001005314,SKBBL,5,1,10,953.00,"9,530.00"
2019-06-20,2019062001005050,SKBBL,51,45,96,943.00,"90,528.00"
2019-06-20,2019062001005049,SKBBL,38,45,50,944.00,"47,200.00"
2019-06-20,2019062001005048,SKBBL,5,45,125,945.00,"118,125.00"
2019-06-20,2019062001004990,SKBBL,5,32,15,945.00,"14,175.00"
2019-06-20,2019062001005040,SLBBL,29,14,200,410.00,"82,000.00"
2019-06-20,2019062001005039,SLBBL,46,14,120,410.00,"49,200.00"
2019-06-20,2019062001005008,SLICL,16,13,140,456.00,"63,840.00"
2019-06-20,2019062001005007,SLICL,55,13,500,458.00,"229,000.00"
2019-06-20,2019062001005006,SLICL,29,13,100,458.00,"45,800.00"
2019-06-20,2019062001005005,SLICL,26,13,10,458.00,"4,580.00"
2019-06-20,2019062001005004,SLICL,38,13,200,459.00,"91,800.00"
2019-06-20,2019062001005003,SLICL,14,13,50,460.00,"23,000.00"
2019-06-20,2019062001005002,SLICL,34,13,50,460.00,"23,000.00"
2019-06-20,2019062001005001,SLICL,34,13,50,461.00,"23,050.00"
2019-06-20,2019062001005221,SMATA,48,40,10,"1,166.00","11,660.00"
2019-06-20,2019062001005130,SRBL,44,40,300,251.00,"75,300.00"
2019-06-20,2019062001005126,SRBL,44,40,100,251.00,"25,100.00"
2019-06-20,2019062001004968,SRBL,44,49,50,251.00,"12,550.00"
2019-06-20,2019062001005338,TRH,36,57,25,322.00,"8,050.00"
2019-06-20,2019062001005337,TRH,36,21,20,321.00,"6,420.00"
2019-06-20,2019062001005055,TRH,42,28,976,318.00,"310,368.00"
2019-06-20,2019062001005054,TRH,17,28,12,319.00,"3,828.00"
2019-06-20,2019062001005053,TRH,17,28,12,319.00,"3,828.00"
2019-06-20,2019062001005033,UIC,17,48,80,883.00,"70,640.00"
2019-06-20,2019062001005021,UIC,51,48,50,884.00,"44,200.00"
2019-06-20,2019062001004932,UIC,17,42,120,883.00,"105,960.00"
2019-06-20,2019062001004931,UIC,21,42,30,883.00,"26,490.00"
2019-06-20,2019062001004930,UIC,16,42,50,883.00,"44,150.00"
2019-06-20,2019062001005218,UPCL,17,39,50,92.00,"4,600.00"
2019-06-20,2019062001004867,UPCL,17,41,50,92.00,"4,600.00"
2019-06-20,2019062001005332,UPPER,37,25,140,269.00,"37,660.00"
2019-06-20,2019062001005331,UPPER,7,25,20,269.00,"5,380.00"
2019-06-20,2019062001005295,UPPER,43,34,34,271.00,"9,214.00"
2019-06-20,2019062001005294,UPPER,43,38,11,271.00,"2,981.00"
2019-06-20,2019062001005293,UPPER,43,22,50,270.00,"13,500.00"
2019-06-20,2019062001005292,UPPER,43,59,40,270.00,"10,800.00"
2019-06-20,2019062001005092,UPPER,48,33,45,270.00,"12,150.00"
2019-06-20,2019062001005076,UPPER,7,6,50,269.00,"13,450.00"
2019-06-20,2019062001005075,UPPER,48,33,50,270.00,"13,500.00"
2019-06-20,2019062001005071,UPPER,48,33,40,270.00,"10,800.00"
2019-06-20,2019062001005291,UPPER,43,41,265,270.00,"71,550.00"
2019-06-20,2019062001005177,UPPER,21,41,300,270.00,"81,000.00"
2019-06-20,2019062001005131,UPPER,7,29,30,269.00,"8,070.00"
2019-06-20,2019062001005125,UPPER,7,41,435,270.00,"117,450.00"
2019-06-20,2019062001005124,UPPER,7,33,65,270.00,"17,550.00"
2019-06-20,2019062001005118,UPPER,21,33,500,270.00,"135,000.00"
2019-06-20,2019062001004829,ADBL,49,21,659,406.00,"267,554.00"
2019-06-20,2019062001004828,ADBL,6,21,101,406.00,"41,006.00"
2019-06-20,2019062001004827,ADBL,50,21,958,406.00,"388,948.00"
2019-06-20,2019062001004826,ADBL,41,21,32,407.00,"13,024.00"
2019-06-20,2019062001004822,ADBL,41,43,468,407.00,"190,476.00"
2019-06-20,2019062001004821,ADBL,26,43,32,407.00,"13,024.00"
2019-06-20,2019062001004668,ADBL,26,40,100,407.00,"40,700.00"
2019-06-20,2019062001004528,ADBL,26,58,308,407.00,"125,356.00"
2019-06-20,2019062001004497,ADBL,26,29,60,407.00,"24,420.00"
2019-06-20,2019062001004413,AKPL,57,19,10,185.00,"1,850.00"
2019-06-20,2019062001004679,ALBSL,39,59,10,400.00,"4,000.00"
2019-06-20,2019062001004653,API,42,36,100,147.00,"14,700.00"
2019-06-20,2019062001004652,API,52,36,53,147.00,"7,791.00"
2019-06-20,2019062001004651,API,44,36,47,147.00,"6,909.00"
2019-06-20,2019062001004421,API,25,57,100,148.00,"14,800.00"
2019-06-20,2019062001004627,BFC,47,33,500,105.00,"52,500.00"
2019-06-20,2019062001004808,BOKL,43,26,200,264.00,"52,800.00"
2019-06-20,2019062001004711,BOKL,42,26,50,264.00,"13,200.00"
2019-06-20,2019062001004710,BOKL,42,26,100,264.00,"26,400.00"
2019-06-20,2019062001004592,BOKL,13,1,500,264.00,"132,000.00"
2019-06-20,2019062001004428,BOKL,50,11,499,264.00,"131,736.00"
2019-06-20,2019062001004416,BOKL,52,28,500,264.00,"132,000.00"
2019-06-20,2019062001004696,BPCL,34,26,54,404.00,"21,816.00"
2019-06-20,2019062001004695,BPCL,59,26,296,404.00,"119,584.00"
2019-06-20,2019062001004656,BPCL,36,28,207,406.00,"84,042.00"
2019-06-20,2019062001004655,BPCL,36,17,55,406.00,"22,330.00"
2019-06-20,2019062001004650,BPCL,59,45,33,404.00,"13,332.00"
2019-06-20,2019062001004583,BPCL,59,45,22,404.00,"8,888.00"
2019-06-20,2019062001004576,BPCL,59,33,149,404.00,"60,196.00"
2019-06-20,2019062001004575,BPCL,45,33,84,404.00,"33,936.00"
2019-06-20,2019062001004574,BPCL,45,33,167,405.00,"67,635.00"
2019-06-20,2019062001004572,BPCL,45,45,22,405.00,"8,910.00"
2019-06-20,2019062001004568,BPCL,45,11,11,405.00,"4,455.00"
2019-06-20,2019062001004786,CBL,35,41,928,147.00,"136,416.00"
2019-06-20,2019062001004758,CBL,35,45,72,147.00,"10,584.00"
2019-06-20,2019062001004649,CBL,8,36,900,147.00,"132,300.00"
2019-06-20,2019062001004648,CBL,8,56,540,147.00,"79,380.00"
2019-06-20,2019062001004602,CBL,34,56,500,146.00,"73,000.00"
2019-06-20,2019062001004601,CBL,21,56,50,146.00,"7,300.00"
2019-06-20,2019062001004472,CBL,48,11,200,146.00,"29,200.00"
2019-06-20,2019062001004471,CBL,36,11,500,146.00,"73,000.00"
2019-06-20,2019062001004470,CBL,38,11,40,146.00,"5,840.00"
2019-06-20,2019062001004594,CBL,34,56,100,146.00,"14,600.00"
2019-06-20,2019062001004593,CBL,38,56,691,146.00,"100,886.00"
2019-06-20,2019062001004565,CBL,38,14,49,146.00,"7,154.00"
2019-06-20,2019062001004515,CBL,38,11,260,146.00,"37,960.00"
2019-06-20,2019062001004514,CBL,28,11,740,146.00,"108,040.00"
2019-06-20,2019062001004473,CBL,28,11,260,146.00,"37,960.00"
2019-06-20,2019062001004600,CBL,38,56,500,146.00,"73,000.00"
2019-06-20,2019062001004599,CBL,29,56,150,146.00,"21,900.00"
2019-06-20,2019062001004598,CBL,55,56,200,146.00,"29,200.00"
2019-06-20,2019062001004597,CBL,35,56,50,146.00,"7,300.00"
2019-06-20,2019062001004596,CBL,38,56,100,146.00,"14,600.00"
2019-06-20,2019062001004595,CBL,7,56,300,146.00,"43,800.00"
2019-06-20,2019062001004818,CCBL,45,13,"1,846",169.00,"311,974.00"
2019-06-20,2019062001004817,CCBL,45,13,154,169.00,"26,026.00"
2019-06-20,2019062001004731,CCBL,45,45,10,169.00,"1,690.00"
2019-06-20,2019062001004632,CCBL,35,43,81,170.00,"13,770.00"
2019-06-20,2019062001004631,CCBL,48,43,500,170.00,"85,000.00"
2019-06-20,2019062001004630,CCBL,34,43,419,170.00,"71,230.00"
2019-06-20,2019062001004553,CCBL,34,25,42,170.00,"7,140.00"
2019-06-20,2019062001004552,CCBL,42,25,50,170.00,"8,500.00"
2019-06-20,2019062001004551,CCBL,52,25,28,170.00,"4,760.00"
2019-06-20,2019062001004466,CCBL,52,44,534,170.00,"90,780.00"
2019-06-20,2019062001004366,CCBL,52,32,150,170.00,"25,500.00"
2019-06-20,2019062001004520,CHCL,42,21,100,512.00,"51,200.00"
2019-06-20,2019062001004538,CIT,22,58,24,"2,510.00","60,240.00"
2019-06-20,2019062001004343,CZBIL,49,58,"1,250",222.00,"277,500.00"
2019-06-20,2019062001004823,DBBL,36,38,50,145.00,"7,250.00"
2019-06-20,2019062001004669,DBBL,55,49,100,145.00,"14,500.00"
2019-06-20,2019062001004629,DBBL,55,19,100,145.00,"14,500.00"
2019-06-20,2019062001004607,DBBL,42,33,"1,400",145.00,"203,000.00"
2019-06-20,2019062001004606,DBBL,42,43,173,145.00,"25,085.00"
2019-06-20,2019062001004605,DBBL,42,56,47,145.00,"6,815.00"
2019-06-20,2019062001004358,DBBL,32,10,565,145.00,"81,925.00"
2019-06-20,2019062001004604,DBBL,42,56,45,145.00,"6,525.00"
2019-06-20,2019062001004603,DBBL,42,10,299,145.00,"43,355.00"
2019-06-20,2019062001004532,DBBL,21,10,300,145.00,"43,500.00"
2019-06-20,2019062001004496,DBBL,33,10,"1,000",145.00,"145,000.00"
2019-06-20,2019062001004482,DBBL,44,45,"1,000",144.00,"144,000.00"
2019-06-20,2019062001004431,DBBL,44,19,14,144.00,"2,016.00"
2019-06-20,2019062001004684,DDBL,49,49,11,710.00,"7,810.00"
2019-06-20,2019062001004788,EBL,46,40,10,665.00,"6,650.00"
2019-06-20,2019062001004787,EBL,46,21,51,665.00,"33,915.00"
2019-06-20,2019062001004701,EBL,6,40,20,665.00,"13,300.00"
2019-06-20,2019062001004399,EDBL,26,45,13,295.00,"3,835.00"
2019-06-20,2019062001004398,EDBL,26,44,159,294.00,"46,746.00"
2019-06-20,2019062001004832,EIC,46,46,50,368.00,"18,400.00"
2019-06-20,2019062001004753,EIC,46,46,50,368.00,"18,400.00"
2019-06-20,2019062001004407,EIC,11,46,200,363.00,"72,600.00"
2019-06-20,2019062001004406,EIC,8,46,100,363.00,"36,300.00"
2019-06-20,2019062001004375,EIC,49,46,20,364.00,"7,280.00"
2019-06-20,2019062001004374,EIC,42,46,25,365.00,"9,125.00"
2019-06-20,2019062001004373,EIC,16,46,70,365.00,"25,550.00"
2019-06-20,2019062001004372,EIC,6,46,220,366.00,"80,520.00"
2019-06-20,2019062001004371,EIC,25,46,10,366.00,"3,660.00"
2019-06-20,2019062001004370,EIC,47,46,20,367.00,"7,340.00"
2019-06-20,2019062001004356,EIC,10,7,12,370.00,"4,440.00"
2019-06-20,2019062001004355,EIC,10,7,88,370.00,"32,560.00"
2019-06-20,2019062001004350,FMDBL,58,45,14,387.00,"5,418.00"
2019-06-20,2019062001004646,FOWAD,50,51,150,"1,358.00","203,700.00"
2019-06-20,2019062001004423,FOWAD,50,38,100,"1,359.00","135,900.00"
2019-06-20,2019062001004422,FOWAD,50,17,128,"1,358.00","173,824.00"
2019-06-20,2019062001004390,FOWAD,45,51,100,"1,350.00","135,000.00"
2019-06-20,2019062001004351,FOWAD,37,17,10,"1,358.00","13,580.00"
2019-06-20,2019062001004779,GBBL,19,8,823,226.00,"185,998.00"
2019-06-20,2019062001004541,GBBL,19,17,177,226.00,"40,002.00"
2019-06-20,2019062001004540,GBBL,59,17,149,226.00,"33,674.00"
2019-06-20,2019062001004659,GBIME,42,45,100,301.00,"30,100.00"
2019-06-20,2019062001004547,GBLBS,41,39,20,365.00,"7,300.00"
2019-06-20,2019062001004458,GDBL,8,53,700,214.00,"149,800.00"
2019-06-20,2019062001004457,GDBL,8,47,330,213.00,"70,290.00"
2019-06-20,2019062001004456,GDBL,8,13,400,213.00,"85,200.00"
2019-06-20,2019062001004464,GDBL,13,17,476,212.00,"100,912.00"
2019-06-20,2019062001004463,GDBL,8,32,152,214.00,"32,528.00"
2019-06-20,2019062001004462,GDBL,8,57,20,214.00,"4,280.00"
2019-06-20,2019062001004461,GDBL,8,53,150,214.00,"32,100.00"
2019-06-20,2019062001004460,GDBL,8,47,521,214.00,"111,494.00"
2019-06-20,2019062001004459,GDBL,8,49,"1,000",214.00,"214,000.00"
2019-06-20,2019062001004813,GDBL,14,14,46,212.00,"9,752.00"
2019-06-20,2019062001004546,GILB,38,7,22,"1,215.00","26,730.00"
2019-06-20,2019062001004411,GMFIL,8,58,"1,485",127.00,"188,595.00"
2019-06-20,2019062001004756,HBL,34,45,170,556.00,"94,520.00"
2019-06-20,2019062001004499,HDL,58,56,100,"1,710.00","171,000.00"
2019-06-20,2019062001004804,HGI,44,51,50,365.00,"18,250.00"
2019-06-20,2019062001004830,HIDCL,14,25,44,162.00,"7,128.00"
2019-06-20,2019062001004709,HIDCL,36,48,"1,974",161.00,"317,814.00"
2019-06-20,2019062001004573,HIDCL,1,48,26,161.00,"4,186.00"
2019-06-20,2019062001004420,HURJA,38,38,20,147.00,"2,940.00"
2019-06-20,2019062001004493,ICFC,49,29,100,162.00,"16,200.00"
2019-06-20,2019062001004492,ICFC,49,45,367,162.00,"59,454.00"
2019-06-20,2019062001004722,IGI,38,53,300,380.00,"114,000.00"
2019-06-20,2019062001004739,JBBL,58,57,344,156.00,"53,664.00"
2019-06-20,2019062001004654,JBBL,58,41,350,156.00,"54,600.00"
2019-06-20,2019062001004639,JBBL,10,41,170,156.00,"26,520.00"
2019-06-20,2019062001004638,JBBL,6,41,100,156.00,"15,600.00"
2019-06-20,2019062001004637,JBBL,6,41,100,156.00,"15,600.00"
2019-06-20,2019062001004636,JBBL,29,41,216,156.00,"33,696.00"
2019-06-20,2019062001004534,JBBL,29,45,284,156.00,"44,304.00"
2019-06-20,2019062001004533,JBBL,41,45,416,156.00,"64,896.00"
2019-06-20,2019062001004625,JBNL,39,51,70,209.00,"14,630.00"
2019-06-20,2019062001004582,JBNL,57,32,300,208.00,"62,400.00"
2019-06-20,2019062001004562,JBNL,32,51,330,209.00,"68,970.00"
2019-06-20,2019062001004561,JBNL,32,51,170,209.00,"35,530.00"
2019-06-20,2019062001004523,JBNL,37,51,44,209.00,"9,196.00"
2019-06-20,2019062001004469,JBNL,16,51,20,209.00,"4,180.00"
2019-06-20,2019062001004454,JBNL,58,51,100,209.00,"20,900.00"
2019-06-20,2019062001004448,JBNL,16,51,130,209.00,"27,170.00"
2019-06-20,2019062001004447,JBNL,16,33,70,209.00,"14,630.00"
2019-06-20,2019062001004615,JFL,56,22,47,180.00,"8,460.00"
2019-06-20,2019062001004614,JFL,56,17,100,180.00,"18,000.00"
2019-06-20,2019062001004613,JFL,56,45,70,180.00,"12,600.00"
2019-06-20,2019062001004612,JFL,56,41,15,180.00,"2,700.00"
2019-06-20,2019062001004535,JOSHI,57,58,20,84.00,"1,680.00"
2019-06-20,2019062001004345,JSLBB,26,7,10,924.00,"9,240.00"
2019-06-20,2019062001004346,JSLBB,26,21,20,925.00,"18,500.00"
2019-06-20,2019062001004691,KBL,49,1,20,214.00,"4,280.00"
2019-06-20,2019062001004633,KBL,37,50,27,215.00,"5,805.00"
2019-06-20,2019062001004476,KBL,49,36,500,214.00,"107,000.00"
2019-06-20,2019062001004657,LBBL,45,46,39,197.00,"7,683.00"
2019-06-20,2019062001004419,LBBL,33,33,100,197.00,"19,700.00"
2019-06-20,2019062001004418,LBBL,33,22,"1,178",197.00,"232,066.00"
2019-06-20,2019062001004479,LBL,50,41,10,219.00,"2,190.00"
2019-06-20,2019062001004478,LBL,57,41,320,219.00,"70,080.00"
2019-06-20,2019062001004477,LBL,4,41,170,220.00,"37,400.00"
2019-06-20,2019062001004401,LBL,4,38,30,220.00,"6,600.00"
2019-06-20,2019062001004400,LBL,4,49,100,220.00,"22,000.00"
2019-06-20,2019062001004820,LEMF,36,21,500,7.90,"3,950.00"
2019-06-20,2019062001004807,LEMF,36,21,500,7.90,"3,950.00"
2019-06-20,2019062001004453,LGIL,19,46,77,444.00,"34,188.00"
2019-06-20,2019062001004452,LGIL,44,46,50,444.00,"22,200.00"
2019-06-20,2019062001004451,LGIL,47,46,150,447.00,"67,050.00"
2019-06-20,2019062001004450,LGIL,45,46,100,447.00,"44,700.00"
2019-06-20,2019062001004579,LICN,28,4,100,"1,606.00","160,600.00"
2019-06-20,2019062001004559,LICN,28,4,200,"1,606.00","321,200.00"
2019-06-20,2019062001004558,LICN,26,4,50,"1,606.00","80,300.00"
2019-06-20,2019062001004557,LICN,16,4,300,"1,607.00","482,100.00"
2019-06-20,2019062001004556,LICN,35,4,10,"1,607.00","16,070.00"
2019-06-20,2019062001004555,LICN,59,4,20,"1,610.00","32,200.00"
2019-06-20,2019062001004475,LICN,59,28,30,"1,610.00","48,300.00"
2019-06-20,2019062001004708,LLBS,21,45,14,656.00,"9,184.00"
2019-06-20,2019062001004707,LLBS,34,45,10,668.00,"6,680.00"
2019-06-20,2019062001004743,MBL,50,45,26,266.00,"6,916.00"
2019-06-20,2019062001004446,MBL,50,29,24,266.00,"6,384.00"
2019-06-20,2019062001004445,MBL,49,29,100,266.00,"26,600.00"
2019-06-20,2019062001004444,MBL,45,29,119,266.00,"31,654.00"
2019-06-20,2019062001004443,MBL,18,29,200,266.00,"53,200.00"
2019-06-20,2019062001004794,MDB,35,49,50,250.00,"12,500.00"
2019-06-20,2019062001004455,MDB,46,13,50,252.00,"12,600.00"
2019-06-20,2019062001004810,MEGA,54,40,"1,503",203.00,"305,109.00"
2019-06-20,2019062001004803,MEGA,54,13,100,203.00,"20,300.00"
2019-06-20,2019062001004802,MEGA,54,53,397,203.00,"80,591.00"
2019-06-20,2019062001004761,MEGA,28,53,500,203.00,"101,500.00"
2019-06-20,2019062001004749,MEGA,28,53,103,203.00,"20,909.00"
2019-06-20,2019062001004748,MEGA,28,20,23,203.00,"4,669.00"
2019-06-20,2019062001004426,MEGA,43,1,49,203.00,"9,947.00"
2019-06-20,2019062001004408,MEGA,43,1,100,203.00,"20,300.00"
2019-06-20,2019062001004369,MEGA,43,45,151,203.00,"30,653.00"
2019-06-20,2019062001004344,MEGA,43,58,"1,700",203.00,"345,100.00"
2019-06-20,2019062001004549,MEGA,32,14,416,203.00,"84,448.00"
2019-06-20,2019062001004536,MEGA,32,14,200,203.00,"40,600.00"
2019-06-20,2019062001004485,MEGA,57,49,200,203.00,"40,600.00"
2019-06-20,2019062001004484,MEGA,17,49,"1,000",203.00,"203,000.00"
2019-06-20,2019062001004483,MEGA,55,49,49,203.00,"9,947.00"
2019-06-20,2019062001004427,MEGA,55,1,101,203.00,"20,503.00"
2019-06-20,2019062001004747,MEGA,28,33,874,203.00,"177,422.00"
2019-06-20,2019062001004647,MEGA,34,39,92,202.00,"18,584.00"
2019-06-20,2019062001004611,MEGA,34,21,55,202.00,"11,110.00"
2019-06-20,2019062001004591,MEGA,34,14,300,202.00,"60,600.00"
2019-06-20,2019062001004578,MEGA,34,25,109,202.00,"22,018.00"
2019-06-20,2019062001004550,MEGA,32,33,84,203.00,"17,052.00"
2019-06-20,2019062001004742,MFIL,1,45,60,125.00,"7,500.00"
2019-06-20,2019062001004741,MFIL,1,28,50,125.00,"6,250.00"
2019-06-20,2019062001004626,MFIL,41,36,109,124.00,"13,516.00"
2019-06-20,2019062001004831,MLBL,52,45,210,194.00,"40,740.00"
2019-06-20,2019062001004689,MLBL,37,37,64,193.00,"12,352.00"
2019-06-20,2019062001004658,MLBL,47,16,184,193.00,"35,512.00"
2019-06-20,2019062001004566,MLBL,45,51,32,192.00,"6,144.00"
2019-06-20,2019062001004517,MLBL,56,16,500,193.00,"96,500.00"
2019-06-20,2019062001004352,MNBBL,49,29,318,371.00,"117,978.00"
2019-06-20,2019062001004737,NABIL,45,17,10,812.00,"8,120.00"
2019-06-20,2019062001004730,NABIL,32,43,14,810.00,"11,340.00"
2019-06-20,2019062001004729,NABIL,57,43,25,810.00,"20,250.00"
2019-06-20,2019062001004728,NABIL,42,43,10,811.00,"8,110.00"
2019-06-20,2019062001004673,NABIL,47,17,20,812.00,"16,240.00"
2019-06-20,2019062001004672,NABIL,47,10,30,812.00,"24,360.00"
2019-06-20,2019062001004608,NABIL,5,17,17,812.00,"13,804.00"
2019-06-20,2019062001004825,NBL,52,34,500,324.00,"162,000.00"
2019-06-20,2019062001004793,NBL,49,57,100,324.00,"32,400.00"
2019-06-20,2019062001004784,NBL,49,57,200,324.00,"64,800.00"
2019-06-20,2019062001004777,NBL,57,57,"3,000",324.00,"972,000.00"
2019-06-20,2019062001004776,NBL,42,57,325,324.00,"105,300.00"
2019-06-20,2019062001004775,NBL,57,57,"1,000",324.00,"324,000.00"
2019-06-20,2019062001004635,NBL,7,21,400,325.00,"130,000.00"
2019-06-20,2019062001004762,NBL,7,57,120,325.00,"39,000.00"
2019-06-20,2019062001004755,NBL,52,57,200,325.00,"65,000.00"
2019-06-20,2019062001004714,NBL,25,57,80,325.00,"26,000.00"
2019-06-20,2019062001004676,NBL,28,57,"1,000",325.00,"325,000.00"
2019-06-20,2019062001004675,NBL,7,57,600,325.00,"195,000.00"
2019-06-20,2019062001004644,NBL,32,43,60,326.00,"19,560.00"
2019-06-20,2019062001004768,NBL,37,57,"1,000",324.00,"324,000.00"
2019-06-20,2019062001004767,NBL,46,57,460,324.00,"149,040.00"
2019-06-20,2019062001004766,NBL,52,57,50,324.00,"16,200.00"
2019-06-20,2019062001004765,NBL,7,57,130,325.00,"42,250.00"
2019-06-20,2019062001004764,NBL,7,19,700,325.00,"227,500.00"
2019-06-20,2019062001004763,NBL,7,17,50,325.00,"16,250.00"
2019-06-20,2019062001004774,NBL,26,57,900,324.00,"291,600.00"
2019-06-20,2019062001004773,NBL,16,57,"2,000",324.00,"648,000.00"
2019-06-20,2019062001004772,NBL,47,57,200,324.00,"64,800.00"
2019-06-20,2019062001004771,NBL,47,57,20,324.00,"6,480.00"
2019-06-20,2019062001004770,NBL,57,57,80,324.00,"25,920.00"
2019-06-20,2019062001004769,NBL,58,57,500,324.00,"162,000.00"
2019-06-20,2019062001004841,NCCB,38,32,200,260.00,"52,000.00"
2019-06-20,2019062001004840,NCCB,21,32,200,260.00,"52,000.00"
2019-06-20,2019062001004833,NCCB,36,58,50,261.00,"13,050.00"
2019-06-20,2019062001004812,NCCB,21,5,100,260.00,"26,000.00"
2019-06-20,2019062001004811,NCCB,25,5,200,260.00,"52,000.00"
2019-06-20,2019062001004760,NCCB,37,58,200,260.00,"52,000.00"
2019-06-20,2019062001004759,NCCB,39,58,"1,790",260.00,"465,400.00"
2019-06-20,2019062001004643,NCCB,39,51,10,260.00,"2,600.00"
2019-06-20,2019062001004642,NCCB,39,1,200,260.00,"52,000.00"
2019-06-20,2019062001004531,NCCB,32,4,500,260.00,"130,000.00"
2019-06-20,2019062001004403,NHDL,28,28,240,129.00,"30,960.00"
2019-06-20,2019062001004789,NIB,34,39,50,528.00,"26,400.00"
2019-06-20,2019062001004712,NIB,53,51,40,527.00,"21,080.00"
2019-06-20,2019062001004442,NIB,56,19,44,527.00,"23,188.00"
2019-06-20,2019062001004440,NIB,32,39,100,528.00,"52,800.00"
2019-06-20,2019062001004437,NIB,10,39,15,528.00,"7,920.00"
2019-06-20,2019062001004436,NIB,42,39,100,528.00,"52,800.00"
2019-06-20,2019062001004435,NIB,39,39,250,528.00,"132,000.00"
2019-06-20,2019062001004434,NIB,55,39,175,528.00,"92,400.00"
2019-06-20,2019062001004433,NIB,44,39,169,528.00,"89,232.00"
2019-06-20,2019062001004816,NICA,28,48,10,472.00,"4,720.00"
2019-06-20,2019062001004815,NICA,28,28,100,471.00,"47,100.00"
2019-06-20,2019062001004814,NICA,28,4,64,470.00,"30,080.00"
2019-06-20,2019062001004798,NICA,36,32,279,470.00,"131,130.00"
2019-06-20,2019062001004738,NICA,28,32,151,470.00,"70,970.00"
2019-06-20,2019062001004732,NICA,28,51,60,470.00,"28,200.00"
2019-06-20,2019062001004392,NICA,39,16,830,470.00,"390,100.00"
2019-06-20,2019062001004389,NICA,39,35,200,469.00,"93,800.00"
2019-06-20,2019062001004360,NICA,59,16,10,470.00,"4,700.00"
2019-06-20,2019062001004660,NICA,39,36,82,470.00,"38,540.00"
2019-06-20,2019062001004567,NICA,28,41,100,469.00,"46,900.00"
2019-06-20,2019062001004554,NICA,28,14,146,469.00,"68,474.00"
2019-06-20,2019062001004395,NICA,39,36,20,470.00,"9,400.00"
2019-06-20,2019062001004394,NICA,39,22,50,470.00,"23,500.00"
2019-06-20,2019062001004393,NICA,39,46,100,470.00,"47,000.00"
2019-06-20,2019062001004666,NICA,39,54,411,470.00,"193,170.00"
2019-06-20,2019062001004665,NICA,39,20,500,470.00,"235,000.00"
2019-06-20,2019062001004664,NICA,39,39,132,470.00,"62,040.00"
2019-06-20,2019062001004663,NICA,39,53,500,470.00,"235,000.00"
2019-06-20,2019062001004662,NICA,39,34,300,470.00,"141,000.00"
2019-06-20,2019062001004661,NICA,39,38,75,470.00,"35,250.00"
2019-06-20,2019062001004713,NICA,59,32,20,471.00,"9,420.00"
2019-06-20,2019062001004704,NICA,28,32,50,471.00,"23,550.00"
2019-06-20,2019062001004703,NICA,28,38,650,470.00,"305,500.00"
2019-06-20,2019062001004693,NICA,28,28,200,470.00,"94,000.00"
2019-06-20,2019062001004692,NICA,28,54,589,470.00,"276,830.00"
2019-06-20,2019062001004681,NICA,28,48,500,469.00,"234,500.00"
2019-06-20,2019062001004809,NICGF,58,52,"1,000",9.58,"9,580.00"
2019-06-20,2019062001004717,NICL,28,53,402,364.00,"146,328.00"
2019-06-20,2019062001004716,NICL,19,53,99,365.00,"36,135.00"
2019-06-20,2019062001004715,NICL,35,53,200,365.00,"73,000.00"
2019-06-20,2019062001004539,NICL,50,44,10,367.00,"3,670.00"
2019-06-20,2019062001004751,NIL,14,14,50,487.00,"24,350.00"
2019-06-20,2019062001004690,NIL,33,14,300,487.00,"146,100.00"
2019-06-20,2019062001004480,NLG,43,18,50,750.00,"37,500.00"
2019-06-20,2019062001004720,NLIC,56,45,17,901.00,"15,317.00"
2019-06-20,2019062001004610,NLIC,56,48,142,901.00,"127,942.00"
2019-06-20,2019062001004589,NLIC,6,48,44,902.00,"39,688.00"
2019-06-20,2019062001004588,NLIC,39,48,30,902.00,"27,060.00"
2019-06-20,2019062001004587,NLIC,49,48,10,902.00,"9,020.00"
2019-06-20,2019062001004586,NLIC,34,48,15,902.00,"13,530.00"
2019-06-20,2019062001004347,NLIC,42,42,33,903.00,"29,799.00"
2019-06-20,2019062001004585,NLIC,39,48,43,903.00,"38,829.00"
2019-06-20,2019062001004581,NLIC,42,51,16,903.00,"14,448.00"
2019-06-20,2019062001004500,NLIC,39,13,17,903.00,"15,351.00"
2019-06-20,2019062001004410,NLIC,42,13,17,903.00,"15,351.00"
2019-06-20,2019062001004349,NLIC,42,13,17,903.00,"15,351.00"
2019-06-20,2019062001004348,NLIC,42,13,17,903.00,"15,351.00"
2019-06-20,2019062001004719,NLICL,38,34,50,620.00,"31,000.00"
2019-06-20,2019062001004688,NLICL,28,55,40,627.00,"25,080.00"
2019-06-20,2019062001004687,NLICL,28,47,170,625.00,"106,250.00"
2019-06-20,2019062001004686,NLICL,28,57,160,625.00,"100,000.00"
2019-06-20,2019062001004685,NLICL,28,43,50,624.00,"31,200.00"
2019-06-20,2019062001004670,NLICL,28,57,50,625.00,"31,250.00"
2019-06-20,2019062001004680,NNLB,42,50,90,400.00,"36,000.00"
2019-06-20,2019062001004694,NUBL,16,33,100,832.00,"83,200.00"
2019-06-20,2019062001004498,OHL,28,34,22,631.00,"13,882.00"
2019-06-20,2019062001004506,PCBL,16,39,10,288.00,"2,880.00"
2019-06-20,2019062001004505,PCBL,16,32,371,288.00,"106,848.00"
2019-06-20,2019062001004502,PCBL,32,39,100,288.00,"28,800.00"
2019-06-20,2019062001004501,PCBL,32,39,55,288.00,"15,840.00"
2019-06-20,2019062001004405,PCBL,32,6,100,288.00,"28,800.00"
2019-06-20,2019062001004404,PCBL,32,49,45,288.00,"12,960.00"
2019-06-20,2019062001004795,PFL,1,41,13,137.00,"1,781.00"
2019-06-20,2019062001004699,PIC,26,57,89,"1,015.00","90,335.00"
2019-06-20,2019062001004698,PIC,26,48,11,"1,014.00","11,154.00"
2019-06-20,2019062001004697,PIC,26,36,400,"1,014.00","405,600.00"
2019-06-20,2019062001004667,PIC,59,45,11,"1,012.00","11,132.00"
2019-06-20,2019062001004511,PIC,59,45,32,"1,012.00","32,384.00"
2019-06-20,2019062001004491,PLIC,48,46,34,435.00,"14,790.00"
2019-06-20,2019062001004490,PLIC,48,46,50,435.00,"21,750.00"
2019-06-20,2019062001004489,PLIC,35,46,115,435.00,"50,025.00"
2019-06-20,2019062001004488,PLIC,52,46,100,435.00,"43,500.00"
2019-06-20,2019062001004487,PLIC,48,46,100,435.00,"43,500.00"
2019-06-20,2019062001004486,PLIC,5,46,32,436.00,"13,952.00"
2019-06-20,2019062001004781,PRIN,57,1,50,381.00,"19,050.00"
2019-06-20,2019062001004754,PRIN,29,11,100,380.00,"38,000.00"
2019-06-20,2019062001004740,PRIN,29,48,100,380.00,"38,000.00"
2019-06-20,2019062001004727,PRIN,29,32,44,380.00,"16,720.00"
2019-06-20,2019062001004726,PRIN,28,32,"1,000",380.00,"380,000.00"
2019-06-20,2019062001004725,PRIN,1,32,200,380.00,"76,000.00"
2019-06-20,2019062001004724,PRIN,13,32,200,380.00,"76,000.00"
2019-06-20,2019062001004723,PRIN,42,32,96,380.00,"36,480.00"
2019-06-20,2019062001004702,PRIN,21,1,50,381.00,"19,050.00"
2019-06-20,2019062001004609,PRIN,32,32,100,381.00,"38,100.00"
2019-06-20,2019062001004449,PRIN,45,32,60,382.00,"22,920.00"
2019-06-20,2019062001004842,PRVU,53,5,50,268.00,"13,400.00"
2019-06-20,2019062001004839,PRVU,38,45,211,267.00,"56,337.00"
2019-06-20,2019062001004838,PRVU,29,45,"1,700",267.00,"453,900.00"
2019-06-20,2019062001004837,PRVU,33,45,600,267.00,"160,200.00"
2019-06-20,2019062001004836,PRVU,36,45,500,267.00,"133,500.00"
2019-06-20,2019062001004835,PRVU,58,45,439,267.00,"117,213.00"
2019-06-20,2019062001004412,PRVU,25,45,50,268.00,"13,400.00"
2019-06-20,2019062001004409,PRVU,49,45,200,268.00,"53,600.00"
2019-06-20,2019062001004388,PRVU,38,45,"2,000",268.00,"536,000.00"
2019-06-20,2019062001004361,PRVU,14,45,100,268.00,"26,800.00"
2019-06-20,2019062001004441,PRVU,58,45,100,268.00,"26,800.00"
2019-06-20,2019062001004424,PRVU,10,45,100,268.00,"26,800.00"
2019-06-20,2019062001004417,PRVU,58,45,"1,000",268.00,"268,000.00"
2019-06-20,2019062001004634,PRVU,58,14,200,267.00,"53,400.00"
2019-06-20,2019062001004584,PRVU,59,45,500,268.00,"134,000.00"
2019-06-20,2019062001004580,PRVU,45,45,200,268.00,"53,600.00"
2019-06-20,2019062001004516,PRVU,17,45,200,268.00,"53,600.00"
2019-06-20,2019062001004402,RADHI,40,48,11,165.00,"1,815.00"
2019-06-20,2019062001004571,RBCL,11,47,10,"9,650.00","96,500.00"
2019-06-20,2019062001004570,RBCL,25,47,50,"9,650.00","482,500.00"
2019-06-20,2019062001004569,RBCL,57,47,10,"9,651.00","96,510.00"
2019-06-20,2019062001004522,RBCL,43,47,10,"9,695.00","96,950.00"
2019-06-20,2019062001004521,RBCL,41,47,10,"9,696.00","96,960.00"
2019-06-20,2019062001004495,RBCLPO,19,22,10,"8,851.00","88,510.00"
2019-06-20,2019062001004494,RBCLPO,25,22,10,"8,855.00","88,550.00"
2019-06-20,2019062001004752,RLFL,22,39,20,128.00,"2,560.00"
2019-06-20,2019062001004745,RMDC,47,21,50,654.00,"32,700.00"
2019-06-20,2019062001004783,RRHP,37,34,10,113.00,"1,130.00"
2019-06-20,2019062001004782,RRHP,37,39,10,111.00,"1,110.00"
2019-06-20,2019062001004678,RRHP,22,41,10,112.00,"1,120.00"
2019-06-20,2019062001004677,RRHP,22,47,"1,100",112.00,"123,200.00"
2019-06-20,2019062001004628,RSDC,28,45,40,356.00,"14,240.00"
2019-06-20,2019062001004468,SADBL,19,42,10,152.00,"1,520.00"
2019-06-20,2019062001004744,SAEF,34,52,"50,000",9.75,"487,500.00"
2019-06-20,2019062001004718,SAEF,34,52,"1,000",9.56,"9,560.00"
2019-06-20,2019062001004526,SANIMA,7,39,772,350.00,"270,200.00"
2019-06-20,2019062001004525,SANIMA,19,39,348,350.00,"121,800.00"
2019-06-20,2019062001004645,SBI,8,54,405,464.00,"187,920.00"
2019-06-20,2019062001004641,SBI,8,22,95,464.00,"44,080.00"
2019-06-20,2019062001004640,SBI,40,22,22,464.00,"10,208.00"
2019-06-20,2019062001004481,SBI,42,29,20,465.00,"9,300.00"
2019-06-20,2019062001004509,SBL,38,28,400,325.00,"130,000.00"
2019-06-20,2019062001004508,SBL,38,57,100,324.00,"32,400.00"
2019-06-20,2019062001004391,SBL,38,1,468,325.00,"152,100.00"
2019-06-20,2019062001004365,SBL,38,1,32,325.00,"10,400.00"
2019-06-20,2019062001004364,SBL,38,49,68,324.00,"22,032.00"
2019-06-20,2019062001004362,SBL,38,49,100,324.00,"32,400.00"
2019-06-20,2019062001004357,SBL,38,49,150,324.00,"48,600.00"
2019-06-20,2019062001004671,SCB,34,42,15,666.00,"9,990.00"
2019-06-20,2019062001004513,SCB,13,45,20,664.00,"13,280.00"
2019-06-20,2019062001004757,SEF,17,52,"1,000",9.60,"9,600.00"
2019-06-20,2019062001004705,SFFIL,53,45,12,213.00,"2,556.00"
2019-06-20,2019062001004465,SHINE,28,57,100,252.00,"25,200.00"
2019-06-20,2019062001004834,SHIVM,17,32,50,655.00,"32,750.00"
2019-06-20,2019062001004819,SHIVM,1,34,180,655.00,"117,900.00"
2019-06-20,2019062001004797,SHIVM,32,34,50,655.00,"32,750.00"
2019-06-20,2019062001004780,SHIVM,21,26,100,655.00,"65,500.00"
2019-06-20,2019062001004746,SHIVM,21,52,50,655.00,"32,750.00"
2019-06-20,2019062001004706,SHIVM,7,55,25,654.00,"16,350.00"
2019-06-20,2019062001004425,SHIVM,38,38,140,655.00,"91,700.00"
2019-06-20,2019062001004414,SHIVM,38,41,60,655.00,"39,300.00"
2019-06-20,2019062001004368,SHIVM,38,34,300,655.00,"196,500.00"
2019-06-20,2019062001004367,SHIVM,58,34,400,655.00,"262,000.00"
2019-06-20,2019062001004354,SHIVM,38,28,500,656.00,"328,000.00"
2019-06-20,2019062001004353,SHIVM,38,46,155,656.00,"101,680.00"
2019-06-20,2019062001004510,SHIVM,58,35,50,655.00,"32,750.00"
2019-06-20,2019062001004504,SHIVM,28,35,140,655.00,"91,700.00"
2019-06-20,2019062001004503,SHIVM,28,38,60,655.00,"39,300.00"
2019-06-20,2019062001004467,SHIVM,7,38,50,654.00,"32,700.00"
2019-06-20,2019062001004439,SHIVM,7,38,30,654.00,"19,620.00"
2019-06-20,2019062001004438,SHIVM,57,38,20,654.00,"13,080.00"
2019-06-20,2019062001004674,SHIVM,39,34,"1,000",655.00,"655,000.00"
2019-06-20,2019062001004619,SHIVM,7,45,85,654.00,"55,590.00"
2019-06-20,2019062001004564,SHIVM,16,13,44,656.00,"28,864.00"
2019-06-20,2019062001004563,SHIVM,16,35,10,655.00,"6,550.00"
2019-06-20,2019062001004537,SHIVM,7,45,50,654.00,"32,700.00"
2019-06-20,2019062001004530,SHIVM,7,45,60,654.00,"39,240.00"
2019-06-20,2019062001004618,SHL,32,43,500,232.00,"116,000.00"
2019-06-20,2019062001004617,SHL,25,43,200,232.00,"46,400.00"
2019-06-20,2019062001004616,SHL,7,43,100,232.00,"23,200.00"
2019-06-20,2019062001004801,SHPC,14,49,10,251.00,"2,510.00"
2019-06-20,2019062001004800,SHPC,37,49,300,252.00,"75,600.00"
2019-06-20,2019062001004799,SHPC,55,49,50,252.00,"12,600.00"
2019-06-20,2019062001004519,SHPC,55,40,100,252.00,"25,200.00"
2019-06-20,2019062001004474,SIFC,49,58,"3,253",156.00,"507,468.00"
2019-06-20,2019062001004824,SIL,20,5,24,441.00,"10,584.00"
2019-06-20,2019062001004792,SIL,6,5,50,442.00,"22,100.00"
2019-06-20,2019062001004791,SIL,59,5,200,443.00,"88,600.00"
2019-06-20,2019062001004790,SIL,1,5,200,444.00,"88,800.00"
2019-06-20,2019062001004736,SIL,14,5,50,445.00,"22,250.00"
2019-06-20,2019062001004430,SIL,25,48,12,454.00,"5,448.00"
2019-06-20,2019062001004359,SIL,20,56,18,450.00,"8,100.00"
2019-06-20,2019062001004524,SKBBL,5,7,10,945.00,"9,450.00"
2019-06-20,2019062001004507,SKBBL,5,14,150,950.00,"142,500.00"
2019-06-20,2019062001004624,SLBBL,45,14,20,410.00,"8,200.00"
2019-06-20,2019062001004623,SLBBL,25,14,500,410.00,"205,000.00"
2019-06-20,2019062001004622,SLBBL,51,14,100,411.00,"41,100.00"
2019-06-20,2019062001004621,SLBBL,44,14,40,411.00,"16,440.00"
2019-06-20,2019062001004620,SLBBL,1,14,200,412.00,"82,400.00"
2019-06-20,2019062001004785,SLBSL,52,11,50,523.00,"26,150.00"
2019-06-20,2019062001004590,SPARS,16,34,10,489.00,"4,890.00"
2019-06-20,2019062001004429,SRBL,16,16,99,252.00,"24,948.00"
2019-06-20,2019062001004529,TRH,16,42,100,322.00,"32,200.00"
2019-06-20,2019062001004397,UIC,6,7,24,882.00,"21,168.00"
2019-06-20,2019062001004396,UIC,26,7,20,883.00,"17,660.00"
2019-06-20,2019062001004387,UIC,17,7,300,884.00,"265,200.00"
2019-06-20,2019062001004386,UIC,17,7,30,884.00,"26,520.00"
2019-06-20,2019062001004385,UIC,17,7,30,884.00,"26,520.00"
2019-06-20,2019062001004384,UIC,39,7,10,884.00,"8,840.00"
2019-06-20,2019062001004377,UIC,17,7,50,892.00,"44,600.00"
2019-06-20,2019062001004383,UIC,6,7,50,885.00,"44,250.00"
2019-06-20,2019062001004382,UIC,56,7,100,885.00,"88,500.00"
2019-06-20,2019062001004381,UIC,39,7,10,885.00,"8,850.00"
2019-06-20,2019062001004380,UIC,37,7,200,890.00,"178,000.00"
2019-06-20,2019062001004379,UIC,14,7,20,890.00,"17,800.00"
2019-06-20,2019062001004378,UIC,34,7,21,891.00,"18,711.00"
2019-06-20,2019062001004700,UPCL,34,16,50,91.00,"4,550.00"
2019-06-20,2019062001004682,UPCL,34,16,50,91.00,"4,550.00"
2019-06-20,2019062001004376,UPCL,43,51,100,92.00,"9,200.00"
2019-06-20,2019062001004750,UPPER,26,33,300,270.00,"81,000.00"
2019-06-20,2019062001004735,UPPER,43,21,30,270.00,"8,100.00"
2019-06-20,2019062001004734,UPPER,43,45,40,270.00,"10,800.00"
2019-06-20,2019062001004733,UPPER,43,16,23,270.00,"6,210.00"
2019-06-20,2019062001004721,UPPER,7,45,230,269.00,"61,870.00"
2019-06-20,2019062001004512,UPPER,7,25,40,269.00,"10,760.00"
2019-06-20,2019062001004363,UPPER,17,54,40,269.00,"10,760.00"
2019-06-20,2019062001004548,UPPER,7,45,40,269.00,"10,760.00"
2019-06-20,2019062001004545,UPPER,55,16,977,270.00,"263,790.00"
2019-06-20,2019062001004544,UPPER,55,55,473,270.00,"127,710.00"
2019-06-20,2019062001004543,UPPER,55,53,50,270.00,"13,500.00"
2019-06-20,2019062001004542,UPPER,55,44,800,270.00,"216,000.00"
2019-06-20,2019062001004527,UPPER,7,25,50,269.00,"13,450.00"
2019-06-20,2019062001004560,UPPER,7,45,40,269.00,"10,760.00"
2019-06-20,2019062001004173,ADBL,33,45,238,407.00,"96,866.00"
2019-06-20,2019062001003956,ADBL,45,45,362,407.00,"147,334.00"
2019-06-20,2019062001004250,AHPC,8,52,100,108.00,"10,800.00"
2019-06-20,2019062001004055,AKPL,57,17,13,185.00,"2,405.00"
2019-06-20,2019062001004042,AKPL,57,17,13,185.00,"2,405.00"
2019-06-20,2019062001004034,AKPL,57,17,13,185.00,"2,405.00"
2019-06-20,2019062001003973,AKPL,46,5,13,190.00,"2,470.00"
2019-06-20,2019062001004099,ALBSL,39,49,10,400.00,"4,000.00"
2019-06-20,2019062001004259,ALICL,41,28,300,390.00,"117,000.00"
2019-06-20,2019062001004238,ALICL,57,28,30,390.00,"11,700.00"
2019-06-20,2019062001003972,ALICL,57,28,200,390.00,"78,000.00"
2019-06-20,2019062001003971,ALICL,57,19,100,390.00,"39,000.00"
2019-06-20,2019062001004154,API,44,46,53,147.00,"7,791.00"
2019-06-20,2019062001004066,BFC,42,54,30,106.00,"3,180.00"
2019-06-20,2019062001004004,BFC,42,29,70,106.00,"7,420.00"
2019-06-20,2019062001004003,BFC,45,29,500,106.00,"53,000.00"
2019-06-20,2019062001004120,BOKL,42,39,101,265.00,"26,765.00"
2019-06-20,2019062001004117,BOKL,40,11,150,263.00,"39,450.00"
2019-06-20,2019062001004116,BOKL,14,11,300,263.00,"78,900.00"
2019-06-20,2019062001004115,BOKL,6,11,50,263.00,"13,150.00"
2019-06-20,2019062001004114,BOKL,43,11,"1,000",264.00,"264,000.00"
2019-06-20,2019062001004113,BOKL,49,11,500,264.00,"132,000.00"
2019-06-20,2019062001003984,BOKL,52,39,50,265.00,"13,250.00"
2019-06-20,2019062001003927,BOKL,16,39,"1,000",265.00,"265,000.00"
2019-06-20,2019062001004014,BPCL,45,42,96,404.00,"38,784.00"
2019-06-20,2019062001003937,BPCL,45,35,11,404.00,"4,444.00"
2019-06-20,2019062001004191,CBL,41,56,200,147.00,"29,400.00"
2019-06-20,2019062001003929,CBL,53,56,260,147.00,"38,220.00"
2019-06-20,2019062001003882,CBL,53,36,240,147.00,"35,280.00"
2019-06-20,2019062001003881,CBL,49,36,500,147.00,"73,500.00"
2019-06-20,2019062001003880,CBL,34,36,360,147.00,"52,920.00"
2019-06-20,2019062001004254,CCBL,52,33,288,170.00,"48,960.00"
2019-06-20,2019062001004253,CCBL,45,33,600,170.00,"102,000.00"
2019-06-20,2019062001004252,CCBL,49,33,99,170.00,"16,830.00"
2019-06-20,2019062001004153,CCBL,49,50,800,170.00,"136,000.00"
2019-06-20,2019062001004106,CCBL,21,56,973,171.00,"166,383.00"
2019-06-20,2019062001004105,CCBL,21,29,27,171.00,"4,617.00"
2019-06-20,2019062001004027,CCBL,49,22,50,170.00,"8,500.00"
2019-06-20,2019062001003936,CCBL,49,17,51,170.00,"8,670.00"
2019-06-20,2019062001004310,CEFL,37,45,824,102.00,"84,048.00"
2019-06-20,2019062001004291,CEFL,37,45,176,102.00,"17,952.00"
2019-06-20,2019062001004171,CHCL,5,10,62,511.00,"31,682.00"
2019-06-20,2019062001004170,CHCL,16,10,10,511.00,"5,110.00"
2019-06-20,2019062001004169,CHCL,37,10,50,511.00,"25,550.00"
2019-06-20,2019062001004168,CHCL,56,10,30,512.00,"15,360.00"
2019-06-20,2019062001003898,CHCL,56,19,26,512.00,"13,312.00"
2019-06-20,2019062001003897,CHCL,52,19,30,512.00,"15,360.00"
2019-06-20,2019062001004306,CZBIL,17,41,50,221.00,"11,050.00"
2019-06-20,2019062001004234,CZBIL,56,14,907,220.00,"199,540.00"
2019-06-20,2019062001004233,CZBIL,56,14,"3,000",220.00,"660,000.00"
2019-06-20,2019062001004232,CZBIL,43,14,"1,000",220.00,"220,000.00"
2019-06-20,2019062001004231,CZBIL,55,14,200,220.00,"44,000.00"
2019-06-20,2019062001004230,CZBIL,56,14,100,220.00,"22,000.00"
2019-06-20,2019062001004086,CZBIL,6,14,"2,000",222.00,"444,000.00"
2019-06-20,2019062001004085,CZBIL,42,14,443,222.00,"98,346.00"
2019-06-20,2019062001004070,CZBIL,22,42,40,223.00,"8,920.00"
2019-06-20,2019062001004229,CZBIL,4,14,500,221.00,"110,500.00"
2019-06-20,2019062001004228,CZBIL,55,14,200,221.00,"44,200.00"
2019-06-20,2019062001004227,CZBIL,57,14,100,221.00,"22,100.00"
2019-06-20,2019062001004226,CZBIL,43,14,"1,000",221.00,"221,000.00"
2019-06-20,2019062001004225,CZBIL,34,14,200,221.00,"44,200.00"
2019-06-20,2019062001004087,CZBIL,42,14,350,222.00,"77,700.00"
2019-06-20,2019062001004311,DBBL,44,19,14,144.00,"2,016.00"
2019-06-20,2019062001004294,DBBL,57,10,500,145.00,"72,500.00"
2019-06-20,2019062001004293,DBBL,47,10,50,145.00,"7,250.00"
2019-06-20,2019062001004292,DBBL,41,10,"2,782",145.00,"403,390.00"
2019-06-20,2019062001004190,DBBL,41,21,218,145.00,"31,610.00"
2019-06-20,2019062001004189,DBBL,4,21,50,145.00,"7,250.00"
2019-06-20,2019062001003991,DBBL,4,40,23,145.00,"3,335.00"
2019-06-20,2019062001003967,DBBL,11,46,100,146.00,"14,600.00"
2019-06-20,2019062001003903,DBBL,4,52,77,145.00,"11,165.00"
2019-06-20,2019062001003902,DBBL,41,52,423,145.00,"61,335.00"
2019-06-20,2019062001003891,DBBL,41,52,200,145.00,"29,000.00"
2019-06-20,2019062001004052,DBBL,7,53,500,145.00,"72,500.00"
2019-06-20,2019062001004051,DBBL,26,53,250,145.00,"36,250.00"
2019-06-20,2019062001004050,DBBL,57,53,749,145.00,"108,605.00"
2019-06-20,2019062001004025,DBBL,39,46,500,146.00,"73,000.00"
2019-06-20,2019062001003993,DBBL,57,40,251,145.00,"36,395.00"
2019-06-20,2019062001003992,DBBL,51,40,70,145.00,"10,150.00"
2019-06-20,2019062001004188,DBBL,36,21,500,145.00,"72,500.00"
2019-06-20,2019062001004187,DBBL,42,21,150,145.00,"21,750.00"
2019-06-20,2019062001004186,DBBL,25,21,"1,000",145.00,"145,000.00"
2019-06-20,2019062001004185,DBBL,49,21,928,145.00,"134,560.00"
2019-06-20,2019062001004119,DBBL,32,46,50,146.00,"7,300.00"
2019-06-20,2019062001004053,DBBL,49,53,72,145.00,"10,440.00"
2019-06-20,2019062001003985,DHPL,46,44,10,71.00,710.00
2019-06-20,2019062001004091,EDBL,26,45,27,295.00,"7,965.00"
2019-06-20,2019062001004090,EDBL,26,17,200,294.00,"58,800.00"
2019-06-20,2019062001004089,EDBL,26,33,36,292.00,"10,512.00"
2019-06-20,2019062001004088,EDBL,26,43,37,290.00,"10,730.00"
2019-06-20,2019062001004008,EDBL,45,11,97,290.00,"28,130.00"
2019-06-20,2019062001003946,EDBL,35,11,10,290.00,"2,900.00"
2019-06-20,2019062001003879,EDBL,57,33,100,292.00,"29,200.00"
2019-06-20,2019062001003947,EIC,59,57,38,369.00,"14,022.00"
2019-06-20,2019062001004334,FMDBL,17,45,100,387.00,"38,700.00"
2019-06-20,2019062001004333,FMDBL,17,45,100,387.00,"38,700.00"
2019-06-20,2019062001004332,FMDBL,17,45,100,387.00,"38,700.00"
2019-06-20,2019062001004331,FMDBL,17,45,100,387.00,"38,700.00"
2019-06-20,2019062001004255,GBIME,55,52,50,300.00,"15,000.00"
2019-06-20,2019062001004149,GBIME,43,14,100,301.00,"30,100.00"
2019-06-20,2019062001004148,GBIME,19,14,300,301.00,"90,300.00"
2019-06-20,2019062001004147,GBIME,29,14,500,301.00,"150,500.00"
2019-06-20,2019062001004084,GBIME,53,25,50,302.00,"15,100.00"
2019-06-20,2019062001004083,GBIME,46,25,30,302.00,"9,060.00"
2019-06-20,2019062001003957,GBIME,58,40,92,303.00,"27,876.00"
2019-06-20,2019062001004082,GBIME,41,25,104,302.00,"31,408.00"
2019-06-20,2019062001004043,GBIME,41,50,290,302.00,"87,580.00"
2019-06-20,2019062001004041,GBIME,41,40,106,302.00,"32,012.00"
2019-06-20,2019062001004040,GBIME,43,40,260,302.00,"78,520.00"
2019-06-20,2019062001004032,GBIME,43,45,364,302.00,"109,928.00"
2019-06-20,2019062001003995,GBIME,43,42,100,302.00,"30,200.00"
2019-06-20,2019062001003900,GLBSL,58,39,150,423.00,"63,450.00"
2019-06-20,2019062001004319,GLICL,49,49,50,495.00,"24,750.00"
2019-06-20,2019062001004244,GUFL,28,28,"8,100",118.00,"955,800.00"
2019-06-20,2019062001004243,GUFL,37,28,500,118.00,"59,000.00"
2019-06-20,2019062001004242,GUFL,26,28,100,118.00,"11,800.00"
2019-06-20,2019062001004241,GUFL,7,28,300,118.00,"35,400.00"
2019-06-20,2019062001004240,GUFL,44,28,500,118.00,"59,000.00"
2019-06-20,2019062001004295,HGI,33,14,500,366.00,"183,000.00"
2019-06-20,2019062001004245,HGI,14,42,50,364.00,"18,200.00"
2019-06-20,2019062001004262,HIDCL,1,49,74,161.00,"11,914.00"
2019-06-20,2019062001004261,HIDCL,51,49,26,161.00,"4,186.00"
2019-06-20,2019062001004144,HIDCL,51,33,11,161.00,"1,771.00"
2019-06-20,2019062001003892,HIDCL,51,13,61,161.00,"9,821.00"
2019-06-20,2019062001003878,HIDCL,51,54,300,161.00,"48,300.00"
2019-06-20,2019062001004001,HPPL,46,58,10,180.00,"1,800.00"
2019-06-20,2019062001004104,HURJA,38,55,20,146.00,"2,920.00"
2019-06-20,2019062001004103,HURJA,38,49,10,146.00,"1,460.00"
2019-06-20,2019062001004093,HURJA,38,49,10,145.00,"1,450.00"
2019-06-20,2019062001003928,HURJA,17,49,20,144.00,"2,880.00"
2019-06-20,2019062001003910,HURJA,17,49,20,144.00,"2,880.00"
2019-06-20,2019062001003905,HURJA,17,49,20,144.00,"2,880.00"
2019-06-20,2019062001003896,HURJA,17,49,20,144.00,"2,880.00"
2019-06-20,2019062001003888,HURJA,17,49,20,144.00,"2,880.00"
2019-06-20,2019062001003885,HURJA,17,49,20,144.00,"2,880.00"
2019-06-20,2019062001003883,HURJA,17,49,20,144.00,"2,880.00"
2019-06-20,2019062001003870,HURJA,17,49,20,144.00,"2,880.00"
2019-06-20,2019062001003867,HURJA,17,49,20,144.00,"2,880.00"
2019-06-20,2019062001003950,IGI,28,37,20,378.00,"7,560.00"
2019-06-20,2019062001004271,JBBL,41,14,493,156.00,"76,908.00"
2019-06-20,2019062001004141,JBBL,41,7,20,156.00,"3,120.00"
2019-06-20,2019062001004095,JBBL,41,7,54,156.00,"8,424.00"
2019-06-20,2019062001004094,JBBL,36,7,26,156.00,"4,056.00"
2019-06-20,2019062001004036,JBBL,49,49,"2,000",156.00,"312,000.00"
2019-06-20,2019062001004019,JBBL,36,45,474,156.00,"73,944.00"
2019-06-20,2019062001004018,JBBL,53,45,400,156.00,"62,400.00"
2019-06-20,2019062001004320,JBNL,57,28,300,208.00,"62,400.00"
2019-06-20,2019062001004237,JBNL,48,33,30,209.00,"6,270.00"
2019-06-20,2019062001004132,JBNL,48,32,100,209.00,"20,900.00"
2019-06-20,2019062001004131,JBNL,38,32,400,209.00,"83,600.00"
2019-06-20,2019062001004072,JBNL,38,16,300,209.00,"62,700.00"
2019-06-20,2019062001004071,JBNL,22,16,200,209.00,"41,800.00"
2019-06-20,2019062001004039,JBNL,22,22,50,209.00,"10,450.00"
2019-06-20,2019062001003948,JBNL,22,41,100,209.00,"20,900.00"
2019-06-20,2019062001003934,JBNL,22,5,50,209.00,"10,450.00"
2019-06-20,2019062001003933,JBNL,49,5,200,209.00,"41,800.00"
2019-06-20,2019062001003884,JBNL,38,17,200,210.00,"42,000.00"
2019-06-20,2019062001003955,JOSHI,57,41,20,84.00,"1,680.00"
2019-06-20,2019062001003977,JSLBB,25,7,10,918.00,"9,180.00"
2019-06-20,2019062001003964,JSLBB,25,45,14,914.00,"12,796.00"
2019-06-20,2019062001004158,KBBL,43,16,"1,000",235.00,"235,000.00"
2019-06-20,2019062001004028,KBBL,32,32,"1,095",236.00,"258,420.00"
2019-06-20,2019062001003932,KBBL,59,16,"1,000",236.00,"236,000.00"
2019-06-20,2019062001003931,KBBL,59,33,500,236.00,"118,000.00"
2019-06-20,2019062001003930,KBBL,59,33,500,236.00,"118,000.00"
2019-06-20,2019062001003926,KBBL,43,40,403,235.00,"94,705.00"
2019-06-20,2019062001004323,KBL,49,50,17,215.00,"3,655.00"
2019-06-20,2019062001004270,KBL,49,25,"1,000",215.00,"215,000.00"
2019-06-20,2019062001004269,KBL,49,25,108,215.00,"23,220.00"
2019-06-20,2019062001004268,KBL,49,38,600,215.00,"129,000.00"
2019-06-20,2019062001004267,KBL,49,45,175,214.00,"37,450.00"
2019-06-20,2019062001004074,KBL,17,21,25,213.00,"5,325.00"
2019-06-20,2019062001004073,KBL,38,21,25,213.00,"5,325.00"
2019-06-20,2019062001003954,KBL,38,5,150,213.00,"31,950.00"
2019-06-20,2019062001003909,KBL,13,39,"1,000",214.00,"214,000.00"
2019-06-20,2019062001004029,KKHC,46,37,16,73.00,"1,168.00"
2019-06-20,2019062001004162,KRBL,46,45,55,116.00,"6,380.00"
2019-06-20,2019062001004016,KRBL,41,38,257,118.00,"30,326.00"
2019-06-20,2019062001004015,KRBL,41,21,95,118.00,"11,210.00"
2019-06-20,2019062001004172,KSBBL,38,45,63,153.00,"9,639.00"
2019-06-20,2019062001004246,LBBL,57,22,100,197.00,"19,700.00"
2019-06-20,2019062001004013,LBBL,51,22,250,197.00,"49,250.00"
2019-06-20,2019062001004012,LBBL,42,22,30,197.00,"5,910.00"
2019-06-20,2019062001004011,LBBL,40,22,132,197.00,"26,004.00"
2019-06-20,2019062001004010,LBBL,49,22,100,197.00,"19,700.00"
2019-06-20,2019062001004009,LBBL,1,22,200,197.00,"39,400.00"
2019-06-20,2019062001004078,LBL,57,44,180,219.00,"39,420.00"
2019-06-20,2019062001004077,LBL,39,44,500,219.00,"109,500.00"
2019-06-20,2019062001004076,LBL,36,44,320,219.00,"70,080.00"
2019-06-20,2019062001004044,LBL,36,45,180,219.00,"39,420.00"
2019-06-20,2019062001003975,LBL,57,50,300,220.00,"66,000.00"
2019-06-20,2019062001003974,LBL,57,42,200,220.00,"44,000.00"
2019-06-20,2019062001003979,LICN,35,10,10,"1,607.00","16,070.00"
2019-06-20,2019062001003871,LLBS,34,49,10,668.00,"6,680.00"
2019-06-20,2019062001004305,MBL,51,47,"1,365",267.00,"364,455.00"
2019-06-20,2019062001004017,MBL,18,32,300,266.00,"79,800.00"
2019-06-20,2019062001003961,MBL,18,32,200,266.00,"53,200.00"
2019-06-20,2019062001003960,MBL,18,32,500,266.00,"133,000.00"
2019-06-20,2019062001003895,MBL,18,29,153,266.00,"40,698.00"
2019-06-20,2019062001003877,MBL,18,29,500,266.00,"133,000.00"
2019-06-20,2019062001003876,MBL,50,29,50,266.00,"13,300.00"
2019-06-20,2019062001003875,MBL,58,29,297,266.00,"79,002.00"
2019-06-20,2019062001003887,MDB,46,1,200,253.00,"50,600.00"
2019-06-20,2019062001003886,MDB,19,1,126,254.00,"32,004.00"
2019-06-20,2019062001004156,MEGA,16,28,"1,000",203.00,"203,000.00"
2019-06-20,2019062001004067,MEGA,26,40,98,203.00,"19,894.00"
2019-06-20,2019062001003965,MEGA,34,41,111,202.00,"22,422.00"
2019-06-20,2019062001003939,MEGA,34,39,10,202.00,"2,020.00"
2019-06-20,2019062001003915,MEGA,21,40,200,203.00,"40,600.00"
2019-06-20,2019062001003914,MEGA,44,40,100,203.00,"20,300.00"
2019-06-20,2019062001003913,MEGA,56,40,50,203.00,"10,150.00"
2019-06-20,2019062001003912,MEGA,55,40,52,203.00,"10,556.00"
2019-06-20,2019062001003990,MERO,32,51,16,550.00,"8,800.00"
2019-06-20,2019062001003976,MERO,51,41,103,541.00,"55,723.00"
2019-06-20,2019062001004138,MHNL,46,21,20,107.00,"2,140.00"
2019-06-20,2019062001004337,MNBBL,37,29,10,371.00,"3,710.00"
2019-06-20,2019062001004336,MNBBL,28,29,180,371.00,"66,780.00"
2019-06-20,2019062001004335,MNBBL,37,29,142,372.00,"52,824.00"
2019-06-20,2019062001004328,MNBBL,37,21,48,372.00,"17,856.00"
2019-06-20,2019062001003945,MNBBL,10,10,"4,000",369.00,"1,476,000.00"
2019-06-20,2019062001004196,NABIL,35,10,123,812.00,"99,876.00"
2019-06-20,2019062001004155,NABIL,35,26,55,812.00,"44,660.00"
2019-06-20,2019062001004121,NABIL,36,34,15,813.00,"12,195.00"
2019-06-20,2019062001004079,NABIL,35,42,50,812.00,"40,600.00"
2019-06-20,2019062001003938,NABIL,49,34,13,813.00,"10,569.00"
2019-06-20,2019062001003899,NABIL,35,6,447,812.00,"362,964.00"
2019-06-20,2019062001003996,NAGRO,4,38,10,402.00,"4,020.00"
2019-06-20,2019062001004279,NBL,7,34,120,325.00,"39,000.00"
2019-06-20,2019062001004163,NBL,28,34,100,325.00,"32,500.00"
2019-06-20,2019062001004062,NBL,52,36,450,324.00,"145,800.00"
2019-06-20,2019062001004061,NBL,52,36,300,324.00,"97,200.00"
2019-06-20,2019062001004060,NBL,58,36,10,324.00,"3,240.00"
2019-06-20,2019062001004059,NBL,29,36,500,324.00,"162,000.00"
2019-06-20,2019062001003916,NBL,32,34,780,326.00,"254,280.00"
2019-06-20,2019062001004058,NBL,32,36,"1,000",324.00,"324,000.00"
2019-06-20,2019062001004057,NBL,10,36,100,324.00,"32,400.00"
2019-06-20,2019062001004056,NBL,40,36,140,324.00,"45,360.00"
2019-06-20,2019062001004020,NBL,7,34,500,325.00,"162,500.00"
2019-06-20,2019062001003994,NBL,7,45,"1,000",325.00,"325,000.00"
2019-06-20,2019062001003981,NBL,7,54,500,325.00,"162,500.00"
2019-06-20,2019062001004266,NCCB,6,57,858,259.00,"222,222.00"
2019-06-20,2019062001004264,NCCB,37,57,300,259.00,"77,700.00"
2019-06-20,2019062001004263,NCCB,57,57,200,259.00,"51,800.00"
2019-06-20,2019062001004224,NCCB,57,57,100,259.00,"25,900.00"
2019-06-20,2019062001004223,NCCB,25,57,250,259.00,"64,750.00"
2019-06-20,2019062001004222,NCCB,51,57,"1,000",259.00,"259,000.00"
2019-06-20,2019062001003983,NCCB,44,41,100,260.00,"26,000.00"
2019-06-20,2019062001003962,NCCB,17,58,100,261.00,"26,100.00"
2019-06-20,2019062001003949,NCCB,16,58,100,261.00,"26,100.00"
2019-06-20,2019062001003906,NCCB,20,58,200,261.00,"52,200.00"
2019-06-20,2019062001003901,NCCB,1,58,200,261.00,"52,200.00"
2019-06-20,2019062001003893,NCCB,41,58,250,261.00,"65,250.00"
2019-06-20,2019062001004179,NCCB,6,58,900,261.00,"234,900.00"
2019-06-20,2019062001004130,NCCB,57,58,100,261.00,"26,100.00"
2019-06-20,2019062001004037,NCCB,34,49,50,261.00,"13,050.00"
2019-06-20,2019062001004024,NCCB,47,49,50,261.00,"13,050.00"
2019-06-20,2019062001004023,NCCB,47,28,200,261.00,"52,200.00"
2019-06-20,2019062001004022,NCCB,47,58,150,261.00,"39,150.00"
2019-06-20,2019062001004203,NCCB,53,57,10,260.00,"2,600.00"
2019-06-20,2019062001004202,NCCB,41,57,"1,000",260.00,"260,000.00"
2019-06-20,2019062001004201,NCCB,44,57,"1,942",260.00,"504,920.00"
2019-06-20,2019062001004194,NCCB,44,46,300,260.00,"78,000.00"
2019-06-20,2019062001004182,NCCB,41,32,200,262.00,"52,400.00"
2019-06-20,2019062001004180,NCCB,44,45,18,260.00,"4,680.00"
2019-06-20,2019062001004209,NCCB,34,57,"1,500",260.00,"390,000.00"
2019-06-20,2019062001004208,NCCB,25,57,500,260.00,"130,000.00"
2019-06-20,2019062001004207,NCCB,22,57,100,260.00,"26,000.00"
2019-06-20,2019062001004206,NCCB,17,57,100,260.00,"26,000.00"
2019-06-20,2019062001004205,NCCB,29,57,100,260.00,"26,000.00"
2019-06-20,2019062001004204,NCCB,45,57,300,260.00,"78,000.00"
2019-06-20,2019062001004215,NCCB,1,57,200,259.00,"51,800.00"
2019-06-20,2019062001004214,NCCB,1,57,300,259.00,"77,700.00"
2019-06-20,2019062001004213,NCCB,7,57,200,259.00,"51,800.00"
2019-06-20,2019062001004212,NCCB,17,57,100,259.00,"25,900.00"
2019-06-20,2019062001004211,NCCB,34,57,30,259.00,"7,770.00"
2019-06-20,2019062001004210,NCCB,51,57,500,260.00,"130,000.00"
2019-06-20,2019062001004221,NCCB,45,57,100,259.00,"25,900.00"
2019-06-20,2019062001004220,NCCB,44,57,"1,000",259.00,"259,000.00"
2019-06-20,2019062001004219,NCCB,22,57,466,259.00,"120,694.00"
2019-06-20,2019062001004218,NCCB,34,57,"1,000",259.00,"259,000.00"
2019-06-20,2019062001004217,NCCB,39,57,120,259.00,"31,080.00"
2019-06-20,2019062001004216,NCCB,39,57,250,259.00,"64,750.00"
2019-06-20,2019062001004304,NHDL,41,34,100,130.00,"13,000.00"
2019-06-20,2019062001003966,NHDL,41,56,10,128.00,"1,280.00"
2019-06-20,2019062001004102,NHPC,21,56,"1,000",68.00,"68,000.00"
2019-06-20,2019062001004101,NHPC,49,56,"2,225",68.00,"151,300.00"
2019-06-20,2019062001003904,NHPC,49,38,765,68.00,"52,020.00"
2019-06-20,2019062001004329,NIB,44,19,44,528.00,"23,232.00"
2019-06-20,2019062001004184,NIB,21,28,30,529.00,"15,870.00"
2019-06-20,2019062001004038,NIB,46,28,44,529.00,"23,276.00"
2019-06-20,2019062001004026,NIB,44,42,50,528.00,"26,400.00"
2019-06-20,2019062001003989,NIB,44,11,37,528.00,"19,536.00"
2019-06-20,2019062001003978,NIB,49,28,10,529.00,"5,290.00"
2019-06-20,2019062001003907,NIB,45,28,50,529.00,"26,450.00"
2019-06-20,2019062001004296,NICA,25,22,300,469.00,"140,700.00"
2019-06-20,2019062001004258,NICA,59,16,50,470.00,"23,500.00"
2019-06-20,2019062001004092,NICA,25,33,100,469.00,"46,900.00"
2019-06-20,2019062001004049,NICA,25,42,45,469.00,"21,105.00"
2019-06-20,2019062001004048,NICA,25,41,254,469.00,"119,126.00"
2019-06-20,2019062001003988,NICA,45,41,100,468.00,"46,800.00"
2019-06-20,2019062001003980,NICA,38,42,70,469.00,"32,830.00"
2019-06-20,2019062001003869,NICA,38,34,30,469.00,"14,070.00"
2019-06-20,2019062001004007,NICGF,38,41,"2,000",9.60,"19,200.00"
2019-06-20,2019062001004166,NIL,13,57,100,488.00,"48,800.00"
2019-06-20,2019062001004054,NLIC,46,42,17,903.00,"15,351.00"
2019-06-20,2019062001004000,NLICL,38,10,50,620.00,"31,000.00"
2019-06-20,2019062001003999,NLICL,26,10,50,620.00,"31,000.00"
2019-06-20,2019062001004142,NNLB,49,34,52,408.00,"21,216.00"
2019-06-20,2019062001004098,NNLB,49,16,38,408.00,"15,504.00"
2019-06-20,2019062001004260,PCBL,17,49,100,288.00,"28,800.00"
2019-06-20,2019062001004249,PCBL,45,49,35,288.00,"10,080.00"
2019-06-20,2019062001004248,PCBL,49,49,20,288.00,"5,760.00"
2019-06-20,2019062001004308,PFL,13,44,100,137.00,"13,700.00"
2019-06-20,2019062001004307,PFL,59,44,248,137.00,"33,976.00"
2019-06-20,2019062001004065,PFL,59,41,52,137.00,"7,124.00"
2019-06-20,2019062001004064,PFL,46,41,58,138.00,"8,004.00"
2019-06-20,2019062001004134,PIC,54,57,250,"1,015.00","253,750.00"
2019-06-20,2019062001004069,PIC,13,41,11,"1,010.00","11,110.00"
2019-06-20,2019062001004046,PIC,37,6,121,"1,012.00","122,452.00"
2019-06-20,2019062001004045,PIC,4,6,200,"1,012.00","202,400.00"
2019-06-20,2019062001003953,PIC,29,48,50,"1,012.00","50,600.00"
2019-06-20,2019062001003911,PIC,53,1,49,"1,013.00","49,637.00"
2019-06-20,2019062001004152,PLIC,10,34,80,440.00,"35,200.00"
2019-06-20,2019062001003987,PLIC,39,13,500,438.00,"219,000.00"
2019-06-20,2019062001003986,PLIC,39,42,78,438.00,"34,164.00"
2019-06-20,2019062001004129,PLIC,5,42,478,436.00,"208,408.00"
2019-06-20,2019062001004128,PLIC,57,42,100,437.00,"43,700.00"
2019-06-20,2019062001004127,PLIC,39,42,100,437.00,"43,700.00"
2019-06-20,2019062001004126,PLIC,42,42,30,437.00,"13,110.00"
2019-06-20,2019062001004125,PLIC,36,42,50,437.00,"21,850.00"
2019-06-20,2019062001004124,PLIC,39,42,41,438.00,"17,958.00"
2019-06-20,2019062001004135,PPCL,20,49,10,144.00,"1,440.00"
2019-06-20,2019062001003874,PPCL,6,22,10,146.00,"1,460.00"
2019-06-20,2019062001003873,PPCL,6,35,30,146.00,"4,380.00"
2019-06-20,2019062001003872,PPCL,6,13,611,146.00,"89,206.00"
2019-06-20,2019062001003866,PPCL,6,13,389,146.00,"56,794.00"
2019-06-20,2019062001003847,PPCL,6,57,30,143.00,"4,290.00"
2019-06-20,2019062001003846,PPCL,6,57,30,143.00,"4,290.00"
2019-06-20,2019062001003845,PPCL,6,38,10,142.00,"1,420.00"
2019-06-20,2019062001003844,PPCL,6,38,10,142.00,"1,420.00"
2019-06-20,2019062001003843,PPCL,6,49,10,142.00,"1,420.00"
2019-06-20,2019062001003853,PPCL,6,43,10,144.00,"1,440.00"
2019-06-20,2019062001003852,PPCL,6,57,20,143.00,"2,860.00"
2019-06-20,2019062001003851,PPCL,6,14,200,143.00,"28,600.00"
2019-06-20,2019062001003850,PPCL,6,57,30,143.00,"4,290.00"
2019-06-20,2019062001003849,PPCL,6,57,20,143.00,"2,860.00"
2019-06-20,2019062001003848,PPCL,6,57,30,143.00,"4,290.00"
2019-06-20,2019062001003859,PPCL,6,20,30,145.00,"4,350.00"
2019-06-20,2019062001003858,PPCL,6,20,10,144.00,"1,440.00"
2019-06-20,2019062001003857,PPCL,6,38,161,144.00,"23,184.00"
2019-06-20,2019062001003856,PPCL,6,22,130,144.00,"18,720.00"
2019-06-20,2019062001003855,PPCL,6,22,90,144.00,"12,960.00"
2019-06-20,2019062001003854,PPCL,6,58,600,144.00,"86,400.00"
2019-06-20,2019062001003865,PPCL,6,13,360,146.00,"52,560.00"
2019-06-20,2019062001003864,PPCL,6,42,300,146.00,"43,800.00"
2019-06-20,2019062001003863,PPCL,6,41,20,145.00,"2,900.00"
2019-06-20,2019062001003862,PPCL,6,43,30,145.00,"4,350.00"
2019-06-20,2019062001003861,PPCL,6,57,30,145.00,"4,350.00"
2019-06-20,2019062001003860,PPCL,6,50,300,145.00,"43,500.00"
2019-06-20,2019062001004122,PRIN,42,41,44,380.00,"16,720.00"
2019-06-20,2019062001004112,PRIN,42,44,10,380.00,"3,800.00"
2019-06-20,2019062001004111,PRIN,42,44,50,380.00,"19,000.00"
2019-06-20,2019062001004110,PRIN,6,44,100,380.00,"38,000.00"
2019-06-20,2019062001004109,PRIN,22,44,50,380.00,"19,000.00"
2019-06-20,2019062001003998,PRIN,43,41,98,381.00,"37,338.00"
2019-06-20,2019062001003997,PRIN,26,41,50,381.00,"19,050.00"
2019-06-20,2019062001004161,PROFL,17,41,91,106.00,"9,646.00"
2019-06-20,2019062001004160,PROFL,17,41,290,107.00,"31,030.00"
2019-06-20,2019062001004330,PRVU,18,45,"2,000",268.00,"536,000.00"
2019-06-20,2019062001004303,PRVU,57,45,100,268.00,"26,800.00"
2019-06-20,2019062001004257,PRVU,38,34,"1,749",269.00,"470,481.00"
2019-06-20,2019062001004256,PRVU,38,26,251,269.00,"67,519.00"
2019-06-20,2019062001004139,PRVU,28,45,"1,409",268.00,"377,612.00"
2019-06-20,2019062001004068,PRVU,38,45,"2,700",268.00,"723,600.00"
2019-06-20,2019062001003923,PRVU,49,45,"1,000",268.00,"268,000.00"
2019-06-20,2019062001003922,PRVU,41,45,"1,000",268.00,"268,000.00"
2019-06-20,2019062001003921,PRVU,58,45,"1,000",268.00,"268,000.00"
2019-06-20,2019062001003920,PRVU,18,45,"1,000",268.00,"268,000.00"
2019-06-20,2019062001003919,PRVU,1,45,91,268.00,"24,388.00"
2019-06-20,2019062001004063,PRVU,38,45,300,268.00,"80,400.00"
2019-06-20,2019062001004031,PRVU,58,22,50,267.00,"13,350.00"
2019-06-20,2019062001003968,PRVU,35,45,400,268.00,"107,200.00"
2019-06-20,2019062001003944,PRVU,33,45,500,268.00,"134,000.00"
2019-06-20,2019062001003925,PRVU,18,45,500,268.00,"134,000.00"
2019-06-20,2019062001003924,PRVU,56,45,100,268.00,"26,800.00"
2019-06-20,2019062001004075,RADHI,40,29,11,165.00,"1,815.00"
2019-06-20,2019062001004327,RMDC,14,52,160,655.00,"104,800.00"
2019-06-20,2019062001004326,RMDC,14,6,44,655.00,"28,820.00"
2019-06-20,2019062001004325,RMDC,14,6,14,655.00,"9,170.00"
2019-06-20,2019062001004324,RMDC,14,48,90,654.00,"58,860.00"
2019-06-20,2019062001004283,RRHP,19,22,300,111.00,"33,300.00"
2019-06-20,2019062001004282,RRHP,19,19,10,111.00,"1,110.00"
2019-06-20,2019062001004281,RRHP,19,45,10,111.00,"1,110.00"
2019-06-20,2019062001004280,RRHP,19,49,10,110.00,"1,100.00"
2019-06-20,2019062001004165,RRHP,22,41,10,109.00,"1,090.00"
2019-06-20,2019062001003952,SADBL,59,42,87,151.00,"13,137.00"
2019-06-20,2019062001003951,SADBL,26,42,100,151.00,"15,100.00"
2019-06-20,2019062001004181,SAEF,34,41,"5,000",9.56,"47,800.00"
2019-06-20,2019062001003959,SANIMA,11,20,30,351.00,"10,530.00"
2019-06-20,2019062001003958,SANIMA,11,47,70,351.00,"24,570.00"
2019-06-20,2019062001003918,SBI,42,22,"1,980",465.00,"920,700.00"
2019-06-20,2019062001003917,SBI,17,22,20,465.00,"9,300.00"
2019-06-20,2019062001004318,SBL,16,49,652,324.00,"211,248.00"
2019-06-20,2019062001004200,SBL,16,49,"1,030",324.00,"333,720.00"
2019-06-20,2019062001004199,SBL,16,54,510,324.00,"165,240.00"
2019-06-20,2019062001004198,SBL,16,47,260,324.00,"84,240.00"
2019-06-20,2019062001004197,SBL,16,33,200,324.00,"64,800.00"
2019-06-20,2019062001004096,SBL,16,10,48,323.00,"15,504.00"
2019-06-20,2019062001004108,SCB,13,10,25,664.00,"16,600.00"
2019-06-20,2019062001004107,SCB,47,10,15,665.00,"9,975.00"
2019-06-20,2019062001004193,SEF,17,41,"3,300",9.60,"31,680.00"
2019-06-20,2019062001004192,SEF,38,41,"1,700",9.60,"16,320.00"
2019-06-20,2019062001004342,SHIVM,52,46,170,656.00,"111,520.00"
2019-06-20,2019062001004341,SHIVM,52,57,200,656.00,"131,200.00"
2019-06-20,2019062001004340,SHIVM,52,29,30,656.00,"19,680.00"
2019-06-20,2019062001004339,SHIVM,52,57,50,656.00,"32,800.00"
2019-06-20,2019062001004338,SHIVM,52,34,50,656.00,"32,800.00"
2019-06-20,2019062001004322,SHIVM,58,52,500,655.00,"327,500.00"
2019-06-20,2019062001003890,SHIVM,48,34,200,656.00,"131,200.00"
2019-06-20,2019062001003889,SHIVM,36,34,150,656.00,"98,400.00"
2019-06-20,2019062001004175,SHIVM,36,34,200,655.00,"131,000.00"
2019-06-20,2019062001004174,SHIVM,21,34,100,655.00,"65,500.00"
2019-06-20,2019062001004164,SHIVM,38,49,100,655.00,"65,500.00"
2019-06-20,2019062001004157,SHIVM,38,36,50,655.00,"32,750.00"
2019-06-20,2019062001003963,SHIVM,48,34,250,656.00,"164,000.00"
2019-06-20,2019062001003935,SHIVM,44,34,50,656.00,"32,800.00"
2019-06-20,2019062001004321,SHIVM,58,16,100,655.00,"65,500.00"
2019-06-20,2019062001004290,SHIVM,57,46,50,654.00,"32,700.00"
2019-06-20,2019062001004235,SHIVM,57,41,50,654.00,"32,700.00"
2019-06-20,2019062001004178,SHIVM,48,34,50,655.00,"32,750.00"
2019-06-20,2019062001004177,SHIVM,58,34,"1,000",655.00,"655,000.00"
2019-06-20,2019062001004176,SHIVM,45,34,550,655.00,"360,250.00"
2019-06-20,2019062001004123,SHL,18,43,400,233.00,"93,200.00"
2019-06-20,2019062001004035,SHL,18,43,100,233.00,"23,300.00"
2019-06-20,2019062001004278,SHPC,28,21,239,251.00,"59,989.00"
2019-06-20,2019062001004277,SHPC,7,21,500,251.00,"125,500.00"
2019-06-20,2019062001004276,SHPC,22,21,200,251.00,"50,200.00"
2019-06-20,2019062001004275,SHPC,14,21,100,251.00,"25,100.00"
2019-06-20,2019062001004274,SHPC,37,21,500,252.00,"126,000.00"
2019-06-20,2019062001004273,SHPC,56,21,100,252.00,"25,200.00"
2019-06-20,2019062001004272,SHPC,48,21,300,252.00,"75,600.00"
2019-06-20,2019062001004287,SICL,17,49,13,807.00,"10,491.00"
2019-06-20,2019062001004286,SICL,17,49,100,807.00,"80,700.00"
2019-06-20,2019062001004285,SICL,51,49,100,808.00,"80,800.00"
2019-06-20,2019062001004284,SICL,28,49,22,810.00,"17,820.00"
2019-06-20,2019062001004317,SIL,20,45,20,450.00,"9,000.00"
2019-06-20,2019062001004316,SIL,20,28,117,450.00,"52,650.00"
2019-06-20,2019062001004315,SIL,20,6,141,449.00,"63,309.00"
2019-06-20,2019062001004314,SIL,20,26,35,448.00,"15,680.00"
2019-06-20,2019062001004313,SIL,20,44,99,447.00,"44,253.00"
2019-06-20,2019062001004289,SLBBL,42,34,25,416.00,"10,400.00"
2019-06-20,2019062001004288,SLBBL,41,34,10,418.00,"4,180.00"
2019-06-20,2019062001003868,SLBBL,19,14,10,420.00,"4,200.00"
2019-06-20,2019062001004312,SLICL,49,44,225,460.00,"103,500.00"
2019-06-20,2019062001004302,SLICL,42,44,25,460.00,"11,500.00"
2019-06-20,2019062001004301,SLICL,55,44,140,460.00,"64,400.00"
2019-06-20,2019062001004300,SLICL,50,44,10,460.00,"4,600.00"
2019-06-20,2019062001004299,SLICL,55,44,500,460.00,"230,000.00"
2019-06-20,2019062001004298,SLICL,1,44,50,460.00,"23,000.00"
2019-06-20,2019062001004297,SLICL,34,44,50,461.00,"23,050.00"
2019-06-20,2019062001003982,SMFDB,7,57,154,507.00,"78,078.00"
2019-06-20,2019062001003943,SRBL,44,48,201,251.00,"50,451.00"
2019-06-20,2019062001003942,SRBL,44,48,500,251.00,"125,500.00"
2019-06-20,2019062001003941,SRBL,48,48,500,251.00,"125,500.00"
2019-06-20,2019062001003940,SRBL,14,48,99,251.00,"24,849.00"
2019-06-20,2019062001004047,UIC,17,25,50,892.00,"44,600.00"
2019-06-20,2019062001004033,UIC,56,25,50,892.00,"44,600.00"
2019-06-20,2019062001004097,UMHL,45,17,36,112.00,"4,032.00"
2019-06-20,2019062001004080,UMHL,45,17,90,112.00,"10,080.00"
2019-06-20,2019062001004239,UPCL,34,41,100,91.00,"9,100.00"
2019-06-20,2019062001004309,UPPER,17,52,200,269.00,"53,800.00"
2019-06-20,2019062001004265,UPPER,17,56,40,269.00,"10,760.00"
2019-06-20,2019062001004251,UPPER,17,41,40,269.00,"10,760.00"
2019-06-20,2019062001004247,UPPER,17,56,40,269.00,"10,760.00"
2019-06-20,2019062001004005,UPPER,35,35,30,269.00,"8,070.00"
2019-06-20,2019062001004002,UPPER,35,56,50,269.00,"13,450.00"
2019-06-20,2019062001003908,UPPER,35,11,40,269.00,"10,760.00"
2019-06-20,2019062001003894,UPPER,35,11,40,269.00,"10,760.00"
2019-06-20,2019062001004133,UPPER,17,56,50,269.00,"13,450.00"
2019-06-20,2019062001004100,UPPER,17,52,10,269.00,"2,690.00"
2019-06-20,2019062001004081,UPPER,17,41,100,269.00,"26,900.00"
2019-06-20,2019062001004030,UPPER,17,21,20,269.00,"5,380.00"
2019-06-20,2019062001004021,UPPER,17,59,300,269.00,"80,700.00"
2019-06-20,2019062001004006,UPPER,17,35,10,269.00,"2,690.00"
2019-06-20,2019062001004146,UPPER,4,26,370,269.00,"99,530.00"
2019-06-20,2019062001004145,UPPER,19,26,80,269.00,"21,520.00"
2019-06-20,2019062001004143,UPPER,43,44,200,270.00,"54,000.00"
2019-06-20,2019062001004140,UPPER,19,49,100,269.00,"26,900.00"
2019-06-20,2019062001004137,UPPER,19,52,20,269.00,"5,380.00"
2019-06-20,2019062001004136,UPPER,17,52,10,269.00,"2,690.00"
2019-06-20,2019062001004236,UPPER,17,56,50,269.00,"13,450.00"
2019-06-20,2019062001004195,UPPER,17,56,50,269.00,"13,450.00"
2019-06-20,2019062001004183,UPPER,17,56,40,269.00,"10,760.00"
2019-06-20,2019062001004167,UPPER,4,56,40,269.00,"10,760.00"
2019-06-20,2019062001004159,UPPER,4,56,50,269.00,"13,450.00"
2019-06-20,2019062001004150,UPPER,4,56,40,269.00,"10,760.00"
2019-06-20,2019062001003823,ADBL,45,45,100,407.00,"40,700.00"
2019-06-20,2019062001003704,ADBL,25,26,150,408.00,"61,200.00"
2019-06-20,2019062001003701,ADBL,45,33,38,407.00,"15,466.00"
2019-06-20,2019062001003700,ADBL,17,33,46,407.00,"18,722.00"
2019-06-20,2019062001003476,ADBL,34,21,16,408.00,"6,528.00"
2019-06-20,2019062001003369,ADBL,50,36,42,406.00,"17,052.00"
2019-06-20,2019062001003368,ADBL,20,36,32,406.00,"12,992.00"
2019-06-20,2019062001003347,ADBL,20,36,168,406.00,"68,208.00"
2019-06-20,2019062001003486,AHPC,47,43,"1,000",107.00,"107,000.00"
2019-06-20,2019062001003767,AKJCL,38,52,10,73.00,730.00
2019-06-20,2019062001003739,AKJCL,22,41,10,72.00,720.00
2019-06-20,2019062001003717,AKJCL,22,41,20,72.00,"1,440.00"
2019-06-20,2019062001003518,AKPL,41,11,"1,406",188.00,"264,328.00"
2019-06-20,2019062001003517,AKPL,41,40,138,188.00,"25,944.00"
2019-06-20,2019062001003414,AKPL,25,43,30,187.00,"5,610.00"
2019-06-20,2019062001003413,AKPL,25,22,10,187.00,"1,870.00"
2019-06-20,2019062001003411,AKPL,57,34,13,185.00,"2,405.00"
2019-06-20,2019062001003802,ALICL,8,28,200,388.00,"77,600.00"
2019-06-20,2019062001003801,ALICL,49,28,200,389.00,"77,800.00"
2019-06-20,2019062001003800,ALICL,41,28,10,390.00,"3,900.00"
2019-06-20,2019062001003529,ALICL,19,41,18,392.00,"7,056.00"
2019-06-20,2019062001003732,API,6,45,29,146.00,"4,234.00"
2019-06-20,2019062001003712,API,38,46,200,147.00,"29,400.00"
2019-06-20,2019062001003711,API,43,46,100,147.00,"14,700.00"
2019-06-20,2019062001003523,API,25,57,38,148.00,"5,624.00"
2019-06-20,2019062001003522,API,25,22,11,148.00,"1,628.00"
2019-06-20,2019062001003521,API,25,46,11,148.00,"1,628.00"
2019-06-20,2019062001003377,API,40,47,120,147.00,"17,640.00"
2019-06-20,2019062001003360,API,43,47,300,147.00,"44,100.00"
2019-06-20,2019062001003350,API,43,47,400,147.00,"58,800.00"
2019-06-20,2019062001003458,BFC,47,38,874,107.00,"93,518.00"
2019-06-20,2019062001003457,BFC,47,14,"2,000",107.00,"214,000.00"
2019-06-20,2019062001003627,BOKL,14,39,20,265.00,"5,300.00"
2019-06-20,2019062001003593,BOKL,6,28,51,263.00,"13,413.00"
2019-06-20,2019062001003573,BOKL,6,14,599,263.00,"157,537.00"
2019-06-20,2019062001003567,BOKL,34,14,200,263.00,"52,600.00"
2019-06-20,2019062001003566,BOKL,13,14,250,263.00,"65,750.00"
2019-06-20,2019062001003565,BOKL,52,14,500,263.00,"131,500.00"
2019-06-20,2019062001003508,BOKL,52,14,50,264.00,"13,200.00"
2019-06-20,2019062001003507,BOKL,42,14,43,264.00,"11,352.00"
2019-06-20,2019062001003480,BOKL,42,41,57,264.00,"15,048.00"
2019-06-20,2019062001003475,BOKL,57,39,16,265.00,"4,240.00"
2019-06-20,2019062001003514,BOKL,52,14,200,263.00,"52,600.00"
2019-06-20,2019062001003513,BOKL,53,14,178,263.00,"46,814.00"
2019-06-20,2019062001003512,BOKL,38,14,200,263.00,"52,600.00"
2019-06-20,2019062001003511,BOKL,52,14,300,263.00,"78,900.00"
2019-06-20,2019062001003510,BOKL,46,14,10,263.00,"2,630.00"
2019-06-20,2019062001003509,BOKL,34,14,200,264.00,"52,800.00"
2019-06-20,2019062001003556,BOKL,52,14,500,263.00,"131,500.00"
2019-06-20,2019062001003554,BOKL,4,14,70,263.00,"18,410.00"
2019-06-20,2019062001003552,BOKL,7,14,500,263.00,"131,500.00"
2019-06-20,2019062001003536,BOKL,52,14,500,263.00,"131,500.00"
2019-06-20,2019062001003516,BOKL,45,14,200,263.00,"52,600.00"
2019-06-20,2019062001003515,BOKL,29,14,500,263.00,"131,500.00"
2019-06-20,2019062001003744,BPCL,45,41,33,404.00,"13,332.00"
2019-06-20,2019062001003485,BPCL,45,10,65,404.00,"26,260.00"
2019-06-20,2019062001003484,BPCL,45,35,11,404.00,"4,444.00"
2019-06-20,2019062001003459,BPCL,50,35,11,403.00,"4,433.00"
2019-06-20,2019062001003448,BPCL,14,10,25,404.00,"10,100.00"
2019-06-20,2019062001003674,CBL,34,56,340,148.00,"50,320.00"
2019-06-20,2019062001003673,CBL,34,32,290,148.00,"42,920.00"
2019-06-20,2019062001003672,CBL,34,39,370,148.00,"54,760.00"
2019-06-20,2019062001003605,CBL,47,39,500,148.00,"74,000.00"
2019-06-20,2019062001003591,CBL,34,49,640,147.00,"94,080.00"
2019-06-20,2019062001003590,CBL,42,49,10,147.00,"1,470.00"
2019-06-20,2019062001003589,CBL,34,49,350,147.00,"51,450.00"
2019-06-20,2019062001003562,CBL,34,41,150,147.00,"22,050.00"
2019-06-20,2019062001003662,CCBL,38,41,50,170.00,"8,500.00"
2019-06-20,2019062001003661,CCBL,38,41,100,170.00,"17,000.00"
2019-06-20,2019062001003625,CCBL,56,49,100,170.00,"17,000.00"
2019-06-20,2019062001003624,CCBL,56,58,90,170.00,"15,300.00"
2019-06-20,2019062001003623,CCBL,56,43,15,170.00,"2,550.00"
2019-06-20,2019062001003564,CCBL,40,43,100,170.00,"17,000.00"
2019-06-20,2019062001003402,CCBL,34,43,45,170.00,"7,650.00"
2019-06-20,2019062001003401,CCBL,34,8,"1,000",170.00,"170,000.00"
2019-06-20,2019062001003400,CCBL,34,35,500,170.00,"85,000.00"
2019-06-20,2019062001003399,CCBL,34,57,12,170.00,"2,040.00"
2019-06-20,2019062001003351,CCBL,38,57,150,170.00,"25,500.00"
2019-06-20,2019062001003560,CCBL,53,43,500,170.00,"85,000.00"
2019-06-20,2019062001003519,CCBL,38,21,45,170.00,"7,650.00"
2019-06-20,2019062001003491,CCBL,34,22,650,170.00,"110,500.00"
2019-06-20,2019062001003444,CCBL,40,22,200,170.00,"34,000.00"
2019-06-20,2019062001003425,CCBL,45,41,21,169.00,"3,549.00"
2019-06-20,2019062001003412,CCBL,17,22,150,170.00,"25,500.00"
2019-06-20,2019062001003520,CIT,56,58,190,"2,509.00","476,710.00"
2019-06-20,2019062001003433,CIT,54,6,100,"2,500.00","250,000.00"
2019-06-20,2019062001003432,CIT,11,6,100,"2,501.00","250,100.00"
2019-06-20,2019062001003769,CMF1,32,41,"1,000",9.65,"9,650.00"
2019-06-20,2019062001003366,CORBL,34,45,100,120.00,"12,000.00"
2019-06-20,2019062001003365,CORBL,44,45,100,120.00,"12,000.00"
2019-06-20,2019062001003730,CZBIL,43,47,26,224.00,"5,824.00"
2019-06-20,2019062001003729,CZBIL,43,47,207,224.00,"46,368.00"
2019-06-20,2019062001003728,CZBIL,43,36,"1,028",224.00,"230,272.00"
2019-06-20,2019062001003727,CZBIL,43,56,75,224.00,"16,800.00"
2019-06-20,2019062001003719,CZBIL,43,56,"1,225",224.00,"274,400.00"
2019-06-20,2019062001003718,CZBIL,43,25,25,224.00,"5,600.00"
2019-06-20,2019062001003541,CZBIL,55,14,418,223.00,"93,214.00"
2019-06-20,2019062001003621,CZBIL,42,1,57,222.00,"12,654.00"
2019-06-20,2019062001003608,CZBIL,47,1,143,222.00,"31,746.00"
2019-06-20,2019062001003545,CZBIL,47,14,357,222.00,"79,254.00"
2019-06-20,2019062001003544,CZBIL,26,14,60,222.00,"13,320.00"
2019-06-20,2019062001003543,CZBIL,40,14,500,222.00,"111,000.00"
2019-06-20,2019062001003542,CZBIL,43,14,665,222.00,"147,630.00"
2019-06-20,2019062001003740,DBBL,49,46,30,146.00,"4,380.00"
2019-06-20,2019062001003675,DBBL,41,38,140,145.00,"20,300.00"
2019-06-20,2019062001003612,DBBL,41,32,113,145.00,"16,385.00"
2019-06-20,2019062001003596,DBBL,41,29,124,145.00,"17,980.00"
2019-06-20,2019062001003595,DBBL,33,29,376,145.00,"54,520.00"
2019-06-20,2019062001003420,DDBL,1,32,100,719.00,"71,900.00"
2019-06-20,2019062001003419,DDBL,1,38,60,710.00,"42,600.00"
2019-06-20,2019062001003418,DDBL,1,42,110,708.00,"77,880.00"
2019-06-20,2019062001003417,DDBL,1,19,500,708.00,"354,000.00"
2019-06-20,2019062001003819,EBL,13,56,50,665.00,"33,250.00"
2019-06-20,2019062001003818,EBL,13,57,266,665.00,"176,890.00"
2019-06-20,2019062001003603,EBL,47,28,15,665.00,"9,975.00"
2019-06-20,2019062001003490,EBL,34,34,5,652.00,"3,260.00"
2019-06-20,2019062001003382,EDBL,35,11,40,290.00,"11,600.00"
2019-06-20,2019062001003370,EDBL,35,11,100,290.00,"29,000.00"
2019-06-20,2019062001003555,FMDBL,14,13,100,391.00,"39,100.00"
2019-06-20,2019062001003821,FOWAD,6,36,12,"1,345.00","16,140.00"
2019-06-20,2019062001003735,GBBL,36,45,390,226.00,"88,140.00"
2019-06-20,2019062001003792,GBIME,58,17,58,303.00,"17,574.00"
2019-06-20,2019062001003791,GBIME,38,17,142,303.00,"43,026.00"
2019-06-20,2019062001003789,GBIME,38,17,32,303.00,"9,696.00"
2019-06-20,2019062001003644,GBIME,38,7,26,303.00,"7,878.00"
2019-06-20,2019062001003547,GBIME,55,50,10,305.00,"3,050.00"
2019-06-20,2019062001003537,GBIME,55,29,166,304.00,"50,464.00"
2019-06-20,2019062001003534,GBIME,55,49,11,303.00,"3,333.00"
2019-06-20,2019062001003506,GBIME,43,42,70,302.00,"21,140.00"
2019-06-20,2019062001003394,GBIME,39,49,200,303.00,"60,600.00"
2019-06-20,2019062001003373,GBIME,43,19,190,302.00,"57,380.00"
2019-06-20,2019062001003734,GDBL,13,11,24,212.00,"5,088.00"
