Date,Transact. No.,Symbol,Buyer,Seller,Quantity,Rate,Amount
2020-08-11,2020081101025714,ACLBSL,48,45,20,718.00,"14,360.00"
2020-08-11,2020081101025710,ACLBSL,48,38,10,718.00,"7,180.00"
2020-08-11,2020081101025540,ACLBSL,45,45,50,720.00,"36,000.00"
2020-08-11,2020081101025421,ACLBSL,48,49,10,718.00,"7,180.00"
2020-08-11,2020081101025765,ADBL,21,14,25,419.00,"10,475.00"
2020-08-11,2020081101025764,ADBL,58,14,221,419.00,"92,599.00"
2020-08-11,2020081101025280,ADBL,58,35,11,419.00,"4,609.00"
2020-08-11,2020081101025584,AIL,53,51,10,564.00,"5,640.00"
2020-08-11,2020081101025576,AIL,53,38,10,564.00,"5,640.00"
2020-08-11,2020081101025466,AIL,53,51,10,564.00,"5,640.00"
2020-08-11,2020081101025365,AIL,53,19,10,564.00,"5,640.00"
2020-08-11,2020081101025307,AIL,53,19,10,564.00,"5,640.00"
2020-08-11,2020081101025755,AKJCL,52,52,100,54.00,"5,400.00"
2020-08-11,2020081101025381,AKJCL,40,52,50,54.00,"2,700.00"
2020-08-11,2020081101025531,AKPL,57,40,15,115.00,"1,725.00"
2020-08-11,2020081101025475,AKPL,36,19,270,114.00,"30,780.00"
2020-08-11,2020081101025412,AKPL,36,40,182,114.00,"20,748.00"
2020-08-11,2020081101025411,AKPL,28,40,27,114.00,"3,078.00"
2020-08-11,2020081101025410,AKPL,59,40,"2,791",114.00,"318,174.00"
2020-08-11,2020081101025370,AKPL,39,40,163,115.00,"18,745.00"
2020-08-11,2020081101025369,AKPL,39,33,37,115.00,"4,255.00"
2020-08-11,2020081101025749,ALICL,45,19,50,635.00,"31,750.00"
2020-08-11,2020081101025510,ALICL,34,38,147,630.00,"92,610.00"
2020-08-11,2020081101025509,ALICL,45,38,20,630.00,"12,600.00"
2020-08-11,2020081101025508,ALICL,29,38,50,630.00,"31,500.00"
2020-08-11,2020081101025507,ALICL,48,38,100,630.00,"63,000.00"
2020-08-11,2020081101025506,ALICL,50,38,100,631.00,"63,100.00"
2020-08-11,2020081101025505,ALICL,45,38,200,631.00,"126,200.00"
2020-08-11,2020081101025504,ALICL,59,38,13,631.00,"8,203.00"
2020-08-11,2020081101025503,ALICL,16,38,20,631.00,"12,620.00"
2020-08-11,2020081101025441,API,58,42,17,108.00,"1,836.00"
2020-08-11,2020081101025649,BBC,5,28,10,"1,510.00","15,100.00"
2020-08-11,2020081101025590,BBC,25,28,10,"1,528.00","15,280.00"
2020-08-11,2020081101025715,BFC,3,8,30,103.00,"3,090.00"
2020-08-11,2020081101025534,BFC,47,45,10,104.00,"1,040.00"
2020-08-11,2020081101025492,BFC,47,32,30,103.00,"3,090.00"
2020-08-11,2020081101025677,BOKL,56,22,400,227.00,"90,800.00"
2020-08-11,2020081101025676,BOKL,56,49,440,227.00,"99,880.00"
2020-08-11,2020081101025535,BOKL,10,49,20,227.00,"4,540.00"
2020-08-11,2020081101025753,CBBL,6,38,10,"1,070.00","10,700.00"
2020-08-11,2020081101025698,CBBL,26,38,10,"1,070.00","10,700.00"
2020-08-11,2020081101025697,CBBL,45,38,30,"1,070.00","32,100.00"
2020-08-11,2020081101025696,CBBL,57,38,56,"1,070.00","59,920.00"
2020-08-11,2020081101025654,CBBL,57,39,169,"1,070.00","180,830.00"
2020-08-11,2020081101025487,CBBL,57,8,20,"1,070.00","21,400.00"
2020-08-11,2020081101025463,CBBL,57,55,55,"1,070.00","58,850.00"
2020-08-11,2020081101025315,CBBL,28,55,20,"1,071.00","21,420.00"
2020-08-11,2020081101025314,CBBL,45,55,32,"1,071.00","34,272.00"
2020-08-11,2020081101025364,CCBL,45,45,1,177.00,177.00
2020-08-11,2020081101025449,CFCL,59,45,275,122.00,"33,550.00"
2020-08-11,2020081101025486,CHCL,11,10,150,400.00,"60,000.00"
2020-08-11,2020081101025422,CHCL,45,45,1,399.00,399.00
2020-08-11,2020081101025318,CHCL,45,52,2,399.00,798.00
2020-08-11,2020081101025313,CHCL,14,10,20,400.00,"8,000.00"
2020-08-11,2020081101025577,CIT,35,34,10,"2,628.00","26,280.00"
2020-08-11,2020081101025443,CIT,35,42,25,"2,606.00","65,150.00"
2020-08-11,2020081101025338,CIT,35,3,70,"2,606.00","182,420.00"
2020-08-11,2020081101025337,CIT,26,3,20,"2,607.00","52,140.00"
2020-08-11,2020081101025336,CIT,26,3,10,"2,607.00","26,070.00"
2020-08-11,2020081101025614,CLBSL,34,7,10,689.00,"6,890.00"
2020-08-11,2020081101025587,CORBL,32,45,10,115.00,"1,150.00"
2020-08-11,2020081101025405,CZBIL,36,21,99,201.00,"19,899.00"
2020-08-11,2020081101025518,DDBL,36,6,100,850.00,"85,000.00"
2020-08-11,2020081101025683,EBL,1,6,30,725.00,"21,750.00"
2020-08-11,2020081101025682,EBL,49,6,100,725.00,"72,500.00"
2020-08-11,2020081101025681,EBL,58,6,75,725.00,"54,375.00"
2020-08-11,2020081101025680,EBL,42,6,747,725.00,"541,575.00"
2020-08-11,2020081101025660,EBL,54,42,10,729.00,"7,290.00"
2020-08-11,2020081101025599,EBL,42,6,253,725.00,"183,425.00"
2020-08-11,2020081101025324,EBL,36,6,100,730.00,"73,000.00"
2020-08-11,2020081101025598,EBL,22,6,10,725.00,"7,250.00"
2020-08-11,2020081101025597,EBL,36,6,65,725.00,"47,125.00"
2020-08-11,2020081101025596,EBL,33,6,50,726.00,"36,300.00"
2020-08-11,2020081101025595,EBL,36,6,100,726.00,"72,600.00"
2020-08-11,2020081101025594,EBL,56,6,322,726.00,"233,772.00"
2020-08-11,2020081101025593,EBL,26,6,100,727.00,"72,700.00"
2020-08-11,2020081101025664,EIC,8,55,172,445.00,"76,540.00"
2020-08-11,2020081101025663,EIC,42,55,50,445.00,"22,250.00"
2020-08-11,2020081101025662,EIC,21,55,500,445.00,"222,500.00"
2020-08-11,2020081101025661,EIC,48,55,228,445.00,"101,460.00"
2020-08-11,2020081101025592,EIC,48,47,22,445.00,"9,790.00"
2020-08-11,2020081101025591,EIC,58,47,28,446.00,"12,488.00"
2020-08-11,2020081101025321,EIC,41,45,10,447.00,"4,470.00"
2020-08-11,2020081101025484,EIC,58,49,72,446.00,"32,112.00"
2020-08-11,2020081101025474,EIC,48,22,50,445.00,"22,250.00"
2020-08-11,2020081101025473,EIC,58,22,150,445.00,"66,750.00"
2020-08-11,2020081101025403,EIC,8,49,28,446.00,"12,488.00"
2020-08-11,2020081101025356,EIC,8,55,"1,000",446.00,"446,000.00"
2020-08-11,2020081101025355,EIC,26,55,50,446.00,"22,300.00"
2020-08-11,2020081101025479,FMDBL,57,39,10,528.00,"5,280.00"
2020-08-11,2020081101025448,FOWAD,41,21,10,"1,540.00","15,400.00"
2020-08-11,2020081101025447,FOWAD,41,14,10,"1,540.00","15,400.00"
2020-08-11,2020081101025623,GBBL,39,19,139,245.00,"34,055.00"
2020-08-11,2020081101025622,GBBL,39,29,300,244.00,"73,200.00"
2020-08-11,2020081101025621,GBBL,39,21,50,243.00,"12,150.00"
2020-08-11,2020081101025620,GBBL,39,7,14,243.00,"3,402.00"
2020-08-11,2020081101025451,GBBL,29,7,20,243.00,"4,860.00"
2020-08-11,2020081101025450,GBBL,38,7,200,243.00,"48,600.00"
2020-08-11,2020081101025771,GBIME,32,16,100,257.00,"25,700.00"
2020-08-11,2020081101025733,GBIME,10,7,196,256.00,"50,176.00"
2020-08-11,2020081101025732,GBIME,28,7,400,256.00,"102,400.00"
2020-08-11,2020081101025731,GBIME,58,7,100,256.00,"25,600.00"
2020-08-11,2020081101025730,GBIME,13,7,261,256.00,"66,816.00"
2020-08-11,2020081101025721,GBIME,32,16,200,257.00,"51,400.00"
2020-08-11,2020081101025605,GBIME,47,16,100,257.00,"25,700.00"
2020-08-11,2020081101025289,GBIME,13,20,483,256.00,"123,648.00"
2020-08-11,2020081101025736,GBLBS,19,51,10,484.00,"4,840.00"
2020-08-11,2020081101025735,GBLBS,1,51,35,484.00,"16,940.00"
2020-08-11,2020081101025656,GBLBS,1,39,15,484.00,"7,260.00"
2020-08-11,2020081101025655,GBLBS,58,39,40,484.00,"19,360.00"
2020-08-11,2020081101025610,GBLBS,21,51,10,485.00,"4,850.00"
2020-08-11,2020081101025609,GBLBS,19,51,10,485.00,"4,850.00"
2020-08-11,2020081101025588,GBLBS,41,39,95,485.00,"46,075.00"
2020-08-11,2020081101025362,GFCL,11,19,"1,000",154.00,"154,000.00"
2020-08-11,2020081101025483,GGBSL,38,8,10,855.00,"8,550.00"
2020-08-11,2020081101025431,GGBSL,38,59,10,850.00,"8,500.00"
2020-08-11,2020081101025464,GILB,45,45,4,"1,230.00","4,920.00"
2020-08-11,2020081101025472,GLBSL,22,35,21,832.00,"17,472.00"
2020-08-11,2020081101025471,GLBSL,46,35,10,832.00,"8,320.00"
2020-08-11,2020081101025377,GLBSL,32,35,10,833.00,"8,330.00"
2020-08-11,2020081101025686,GLICL,50,16,241,468.00,"112,788.00"
2020-08-11,2020081101025685,GLICL,50,42,20,468.00,"9,360.00"
2020-08-11,2020081101025469,GLICL,58,42,10,467.00,"4,670.00"
2020-08-11,2020081101025468,GLICL,28,42,20,467.00,"9,340.00"
2020-08-11,2020081101025648,GUFL,58,28,50,122.00,"6,100.00"
2020-08-11,2020081101025647,GUFL,58,50,50,120.00,"6,000.00"
2020-08-11,2020081101025353,HDL,25,25,25,"1,700.00","42,500.00"
2020-08-11,2020081101025659,HGI,25,5,180,420.00,"75,600.00"
2020-08-11,2020081101025637,HGI,49,5,10,420.00,"4,200.00"
2020-08-11,2020081101025604,HGI,22,5,10,420.00,"4,200.00"
2020-08-11,2020081101025311,HIDCL,14,59,"1,000",128.00,"128,000.00"
2020-08-11,2020081101025310,HIDCL,54,59,100,128.00,"12,800.00"
2020-08-11,2020081101025309,HIDCL,29,59,"4,877",128.00,"624,256.00"
2020-08-11,2020081101025329,JBBL,57,48,78,175.00,"13,650.00"
2020-08-11,2020081101025328,JBBL,57,20,628,175.00,"109,900.00"
2020-08-11,2020081101025327,JBBL,57,58,21,175.00,"3,675.00"
2020-08-11,2020081101025326,JBBL,57,36,673,175.00,"117,775.00"
2020-08-11,2020081101025652,JSLBB,49,32,10,"1,460.00","14,600.00"
2020-08-11,2020081101025502,JSLBB,51,51,15,"1,450.00","21,750.00"
2020-08-11,2020081101025452,KBL,32,35,36,193.00,"6,948.00"
2020-08-11,2020081101025675,KMCDB,6,52,20,762.00,"15,240.00"
2020-08-11,2020081101025564,KMCDB,42,52,20,762.00,"15,240.00"
2020-08-11,2020081101025480,KMCDB,21,52,77,762.00,"58,674.00"
2020-08-11,2020081101025302,KMCDB,20,33,13,754.00,"9,802.00"
2020-08-11,2020081101025295,KMCDB,29,33,20,758.00,"15,160.00"
2020-08-11,2020081101025294,KMCDB,33,33,50,759.00,"37,950.00"
2020-08-11,2020081101025293,KMCDB,26,33,47,760.00,"35,720.00"
2020-08-11,2020081101025292,KMCDB,57,33,50,760.00,"38,000.00"
2020-08-11,2020081101025291,KMCDB,25,33,50,760.00,"38,000.00"
2020-08-11,2020081101025290,KMCDB,57,33,40,760.00,"30,400.00"
2020-08-11,2020081101025301,KMCDB,3,33,50,754.00,"37,700.00"
2020-08-11,2020081101025300,KMCDB,52,33,20,754.00,"15,080.00"
2020-08-11,2020081101025299,KMCDB,41,33,400,755.00,"302,000.00"
2020-08-11,2020081101025298,KMCDB,58,33,10,755.00,"7,550.00"
2020-08-11,2020081101025297,KMCDB,17,33,200,756.00,"151,200.00"
2020-08-11,2020081101025296,KMCDB,53,33,50,757.00,"37,850.00"
2020-08-11,2020081101025657,KSBBL,59,59,10,154.00,"1,540.00"
2020-08-11,2020081101025526,KSBBL,45,45,3,151.00,453.00
2020-08-11,2020081101025641,LBBL,11,36,100,190.00,"19,000.00"
2020-08-11,2020081101025481,LBL,43,29,100,229.00,"22,900.00"
2020-08-11,2020081101025458,LBL,10,32,30,230.00,"6,900.00"
2020-08-11,2020081101025373,LGIL,6,59,54,465.00,"25,110.00"
2020-08-11,2020081101025372,LGIL,48,59,446,465.00,"207,390.00"
2020-08-11,2020081101025520,MBL,33,34,16,233.00,"3,728.00"
2020-08-11,2020081101025519,MBL,33,34,104,232.00,"24,128.00"
2020-08-11,2020081101025762,MEGA,16,59,300,228.00,"68,400.00"
2020-08-11,2020081101025743,MEGA,58,8,72,230.00,"16,560.00"
2020-08-11,2020081101025742,MEGA,58,11,18,230.00,"4,140.00"
2020-08-11,2020081101025741,MEGA,58,38,10,230.00,"2,300.00"
2020-08-11,2020081101025695,MEGA,52,57,400,229.00,"91,600.00"
2020-08-11,2020081101025694,MEGA,52,44,"1,240",229.00,"283,960.00"
2020-08-11,2020081101025525,MEGA,45,44,760,229.00,"174,040.00"
2020-08-11,2020081101025524,MEGA,45,40,50,229.00,"11,450.00"
2020-08-11,2020081101025523,MEGA,45,10,190,229.00,"43,510.00"
2020-08-11,2020081101025461,MERO,42,19,22,640.00,"14,080.00"
2020-08-11,2020081101025570,MFIL,47,19,295,273.00,"80,535.00"
2020-08-11,2020081101025569,MFIL,33,19,500,273.00,"136,500.00"
2020-08-11,2020081101025568,MFIL,22,19,200,273.00,"54,600.00"
2020-08-11,2020081101025567,MFIL,42,19,300,273.00,"81,900.00"
2020-08-11,2020081101025566,MFIL,38,19,200,274.00,"54,800.00"
2020-08-11,2020081101025565,MFIL,48,19,100,274.00,"27,400.00"
2020-08-11,2020081101025376,MLBL,42,26,25,198.00,"4,950.00"
2020-08-11,2020081101025456,MNBBL,39,13,100,328.00,"32,800.00"
2020-08-11,2020081101025425,MNBBL,35,29,84,326.00,"27,384.00"
2020-08-11,2020081101025424,MNBBL,41,29,16,326.00,"5,216.00"
2020-08-11,2020081101025276,MNBBL,39,38,99,328.00,"32,472.00"
2020-08-11,2020081101025342,MPFL,34,49,10,108.00,"1,080.00"
2020-08-11,2020081101025341,MPFL,34,49,60,106.00,"6,360.00"
2020-08-11,2020081101025430,NABIL,42,21,47,830.00,"39,010.00"
2020-08-11,2020081101025429,NABIL,42,28,100,830.00,"83,000.00"
2020-08-11,2020081101025428,NABIL,42,34,353,830.00,"292,990.00"
2020-08-11,2020081101025359,NABIL,6,45,23,826.00,"18,998.00"
2020-08-11,2020081101025358,NABIL,42,45,33,826.00,"27,258.00"
2020-08-11,2020081101025274,NABIL,45,26,16,827.00,"13,232.00"
2020-08-11,2020081101025380,NBB,10,34,30,203.00,"6,090.00"
2020-08-11,2020081101025760,NBL,33,22,36,274.00,"9,864.00"
2020-08-11,2020081101025759,NBL,33,48,200,274.00,"54,800.00"
2020-08-11,2020081101025758,NBL,33,59,164,273.00,"44,772.00"
2020-08-11,2020081101025757,NBL,33,7,"1,000",273.00,"273,000.00"
2020-08-11,2020081101025723,NBL,44,59,136,273.00,"37,128.00"
2020-08-11,2020081101025722,NBL,44,45,64,273.00,"17,472.00"
2020-08-11,2020081101025320,NBL,16,33,500,272.00,"136,000.00"
2020-08-11,2020081101025308,NBL,58,45,10,273.00,"2,730.00"
2020-08-11,2020081101025304,NBL,32,45,100,273.00,"27,300.00"
2020-08-11,2020081101025288,NBL,16,33,"1,050",272.00,"285,600.00"
2020-08-11,2020081101025287,NBL,16,33,950,272.00,"258,400.00"
2020-08-11,2020081101025619,NBL,33,29,60,272.00,"16,320.00"
2020-08-11,2020081101025575,NBL,33,22,320,272.00,"87,040.00"
2020-08-11,2020081101025574,NBL,29,22,200,272.00,"54,400.00"
2020-08-11,2020081101025573,NBL,52,22,30,272.00,"8,160.00"
2020-08-11,2020081101025572,NBL,16,22,450,272.00,"122,400.00"
2020-08-11,2020081101025432,NBL,11,45,100,273.00,"27,300.00"
2020-08-11,2020081101025691,NCCB,38,32,300,195.00,"58,500.00"
2020-08-11,2020081101025640,NCCB,34,32,100,195.00,"19,500.00"
2020-08-11,2020081101025639,NCCB,57,32,200,195.00,"39,000.00"
2020-08-11,2020081101025638,NCCB,39,32,100,195.00,"19,500.00"
2020-08-11,2020081101025521,NCCB,11,32,100,196.00,"19,600.00"
2020-08-11,2020081101025701,NHDL,49,8,10,130.00,"1,300.00"
2020-08-11,2020081101025700,NHDL,49,8,10,130.00,"1,300.00"
2020-08-11,2020081101025446,NHDL,49,13,10,129.00,"1,290.00"
2020-08-11,2020081101025445,NHDL,49,52,10,129.00,"1,290.00"
2020-08-11,2020081101025460,NHPC,38,39,10,52.00,520.00
2020-08-11,2020081101025571,NIB,26,49,27,450.00,"12,150.00"
2020-08-11,2020081101025470,NIB,45,34,200,448.00,"89,600.00"
2020-08-11,2020081101025671,NICA,26,10,50,572.00,"28,600.00"
2020-08-11,2020081101025613,NICA,10,48,350,571.00,"199,850.00"
2020-08-11,2020081101025612,NICA,58,48,625,571.00,"356,875.00"
2020-08-11,2020081101025611,NICA,48,48,25,572.00,"14,300.00"
2020-08-11,2020081101025603,NICA,48,5,200,572.00,"114,400.00"
2020-08-11,2020081101025602,NICA,48,3,75,572.00,"42,900.00"
2020-08-11,2020081101025536,NICA,28,3,25,572.00,"14,300.00"
2020-08-11,2020081101025455,NICA,28,45,75,572.00,"42,900.00"
2020-08-11,2020081101025454,NICA,42,45,50,572.00,"28,600.00"
2020-08-11,2020081101025453,NICA,29,45,200,572.00,"114,400.00"
2020-08-11,2020081101025368,NICA,29,11,50,572.00,"28,600.00"
2020-08-11,2020081101025286,NICA,29,11,50,572.00,"28,600.00"
2020-08-11,2020081101025709,NICAD8283,35,6,25,"1,097.00","27,425.00"
2020-08-11,2020081101025579,NICGF,45,43,"2,000",10.44,"20,880.00"
2020-08-11,2020081101025578,NICGF,58,43,"2,000",10.44,"20,880.00"
2020-08-11,2020081101025457,NICGF,33,43,"5,000",10.47,"52,350.00"
2020-08-11,2020081101025444,NICGF,33,13,"5,000",10.47,"52,350.00"
2020-08-11,2020081101025442,NICGF,49,13,"5,000",10.47,"52,350.00"
2020-08-11,2020081101025766,NICL,54,49,10,460.00,"4,600.00"
2020-08-11,2020081101025734,NICL,16,49,250,464.00,"116,000.00"
2020-08-11,2020081101025275,NICL,43,49,10,464.00,"4,640.00"
2020-08-11,2020081101025704,NICLBSL,57,43,20,778.00,"15,560.00"
2020-08-11,2020081101025665,NICLBSL,57,1,10,775.00,"7,750.00"
2020-08-11,2020081101025543,NICLBSL,49,25,10,777.00,"7,770.00"
2020-08-11,2020081101025542,NICLBSL,49,39,10,777.00,"7,770.00"
2020-08-11,2020081101025541,NICLBSL,57,47,10,775.00,"7,750.00"
2020-08-11,2020081101025485,NICLBSL,59,41,10,774.00,"7,740.00"
2020-08-11,2020081101025476,NICLBSL,45,36,50,775.00,"38,750.00"
2020-08-11,2020081101025426,NICLBSL,59,47,10,774.00,"7,740.00"
2020-08-11,2020081101025379,NICLBSL,50,36,30,775.00,"23,250.00"
2020-08-11,2020081101025272,NICLBSL,58,36,40,775.00,"31,000.00"
2020-08-11,2020081101025678,NIL,21,50,50,638.00,"31,900.00"
2020-08-11,2020081101025770,NLIC,45,56,50,"1,359.00","67,950.00"
2020-08-11,2020081101025769,NLIC,45,13,50,"1,359.00","67,950.00"
2020-08-11,2020081101025618,NLIC,45,34,38,"1,356.00","51,528.00"
2020-08-11,2020081101025496,NLIC,35,34,660,"1,356.00","894,960.00"
2020-08-11,2020081101025495,NLIC,45,57,140,"1,358.00","190,120.00"
2020-08-11,2020081101025478,NLIC,35,51,240,"1,356.00","325,440.00"
2020-08-11,2020081101025284,NLIC,57,57,5,"1,350.00","6,750.00"
2020-08-11,2020081101025477,NLIC,25,51,160,"1,357.00","217,120.00"
2020-08-11,2020081101025371,NLIC,25,42,90,"1,357.00","122,130.00"
2020-08-11,2020081101025331,NLIC,49,42,10,"1,357.00","13,570.00"
2020-08-11,2020081101025325,NLIC,7,57,300,"1,358.00","407,400.00"
2020-08-11,2020081101025323,NLIC,25,57,60,"1,358.00","81,480.00"
2020-08-11,2020081101025322,NLIC,25,52,190,"1,358.00","258,020.00"
2020-08-11,2020081101025747,NLICL,6,54,72,695.00,"50,040.00"
2020-08-11,2020081101025746,NLICL,6,20,200,695.00,"139,000.00"
2020-08-11,2020081101025745,NLICL,6,35,228,694.00,"158,232.00"
2020-08-11,2020081101025646,NLICL,54,35,395,694.00,"274,130.00"
2020-08-11,2020081101025645,NLICL,54,25,105,693.00,"72,765.00"
2020-08-11,2020081101025644,NLICL,54,32,300,693.00,"207,900.00"
2020-08-11,2020081101025643,NLICL,54,45,200,692.00,"138,400.00"
2020-08-11,2020081101025752,NMB,26,50,100,427.00,"42,700.00"
2020-08-11,2020081101025751,NMB,26,41,125,427.00,"53,375.00"
2020-08-11,2020081101025750,NMB,26,58,71,427.00,"30,317.00"
2020-08-11,2020081101025693,NMB,57,58,10,427.00,"4,270.00"
2020-08-11,2020081101025679,NMB,58,58,30,427.00,"12,810.00"
2020-08-11,2020081101025533,NMB,55,29,80,425.00,"34,000.00"
2020-08-11,2020081101025532,NMB,33,29,20,426.00,"8,520.00"
2020-08-11,2020081101025319,NMB,55,59,"1,200",425.00,"510,000.00"
2020-08-11,2020081101025312,NMBMF,22,40,70,737.00,"51,590.00"
2020-08-11,2020081101025767,NRIC,29,55,30,587.00,"17,610.00"
2020-08-11,2020081101025713,NRIC,25,14,180,586.00,"105,480.00"
2020-08-11,2020081101025712,NRIC,55,14,320,586.00,"187,520.00"
2020-08-11,2020081101025692,NRIC,44,50,40,587.00,"23,480.00"
2020-08-11,2020081101025673,NRIC,44,45,"1,030",587.00,"604,610.00"
2020-08-11,2020081101025650,NRIC,55,56,10,586.00,"5,860.00"
2020-08-11,2020081101025317,NRIC,33,16,590,587.00,"346,330.00"
2020-08-11,2020081101025316,NRIC,49,16,560,587.00,"328,720.00"
2020-08-11,2020081101025285,NRIC,49,26,40,587.00,"23,480.00"
2020-08-11,2020081101025351,NRIC,26,21,86,588.00,"50,568.00"
2020-08-11,2020081101025347,NRIC,38,35,170,587.00,"99,790.00"
2020-08-11,2020081101025346,NRIC,33,35,"1,000",587.00,"587,000.00"
2020-08-11,2020081101025345,NRIC,19,35,20,587.00,"11,740.00"
2020-08-11,2020081101025344,NRIC,8,35,"1,000",587.00,"587,000.00"
2020-08-11,2020081101025343,NRIC,33,35,410,587.00,"240,670.00"
2020-08-11,2020081101025396,NRIC,36,36,100,587.00,"58,700.00"
2020-08-11,2020081101025395,NRIC,45,36,50,587.00,"29,350.00"
2020-08-11,2020081101025394,NRIC,11,36,50,587.00,"29,350.00"
2020-08-11,2020081101025393,NRIC,38,36,210,587.00,"123,270.00"
2020-08-11,2020081101025357,NRIC,38,10,70,587.00,"41,090.00"
2020-08-11,2020081101025352,NRIC,38,47,50,587.00,"29,350.00"
2020-08-11,2020081101025409,NRIC,22,3,124,589.00,"73,036.00"
2020-08-11,2020081101025408,NRIC,22,28,506,588.00,"297,528.00"
2020-08-11,2020081101025400,NRIC,55,36,120,586.00,"70,320.00"
2020-08-11,2020081101025399,NRIC,44,36,400,586.00,"234,400.00"
2020-08-11,2020081101025398,NRIC,19,36,50,586.00,"29,300.00"
2020-08-11,2020081101025397,NRIC,39,36,20,587.00,"11,740.00"
2020-08-11,2020081101025636,NRIC,55,6,10,586.00,"5,860.00"
2020-08-11,2020081101025537,NRIC,29,45,270,587.00,"158,490.00"
2020-08-11,2020081101025517,NRIC,29,14,30,587.00,"17,610.00"
2020-08-11,2020081101025516,NRIC,55,49,40,586.00,"23,440.00"
2020-08-11,2020081101025514,NRIC,29,14,170,587.00,"99,790.00"
2020-08-11,2020081101025513,NRIC,29,55,30,587.00,"17,610.00"
2020-08-11,2020081101025726,NSEWA,34,16,100,706.00,"70,600.00"
2020-08-11,2020081101025725,NSEWA,17,16,50,706.00,"35,300.00"
2020-08-11,2020081101025724,NSEWA,41,16,20,707.00,"14,140.00"
2020-08-11,2020081101025600,NSEWA,41,35,15,707.00,"10,605.00"
2020-08-11,2020081101025348,NSEWA,51,35,35,708.00,"24,780.00"
2020-08-11,2020081101025738,NUBL,39,40,"1,000",972.00,"972,000.00"
2020-08-11,2020081101025737,NUBL,45,40,20,972.00,"19,440.00"
2020-08-11,2020081101025761,OHL,22,18,200,346.00,"69,200.00"
2020-08-11,2020081101025670,OHL,22,58,249,346.00,"86,154.00"
2020-08-11,2020081101025669,OHL,43,58,60,346.00,"20,760.00"
2020-08-11,2020081101025668,OHL,1,58,50,347.00,"17,350.00"
2020-08-11,2020081101025667,OHL,22,58,10,347.00,"3,470.00"
2020-08-11,2020081101025690,PCBL,29,57,271,270.00,"73,170.00"
2020-08-11,2020081101025626,PCBL,45,57,90,270.00,"24,300.00"
2020-08-11,2020081101025482,PCBL,4,57,100,270.00,"27,000.00"
2020-08-11,2020081101025333,PCBL,11,57,39,270.00,"10,530.00"
2020-08-11,2020081101025332,PCBL,11,52,61,270.00,"16,470.00"
2020-08-11,2020081101025687,PFL,13,6,100,156.00,"15,600.00"
2020-08-11,2020081101025727,PIC,38,32,10,654.00,"6,540.00"
2020-08-11,2020081101025702,PIC,45,45,9,640.00,"5,760.00"
2020-08-11,2020081101025440,PIC,57,34,416,647.00,"269,152.00"
2020-08-11,2020081101025439,PIC,41,34,20,648.00,"12,960.00"
2020-08-11,2020081101025438,PIC,50,34,100,648.00,"64,800.00"
2020-08-11,2020081101025437,PIC,50,34,34,648.00,"22,032.00"
2020-08-11,2020081101025436,PIC,46,34,50,649.00,"32,450.00"
2020-08-11,2020081101025728,PICL,32,11,13,480.00,"6,240.00"
2020-08-11,2020081101025360,PLIC,44,41,50,554.00,"27,700.00"
2020-08-11,2020081101025635,PRIN,41,14,63,495.00,"31,185.00"
2020-08-11,2020081101025634,PRIN,45,14,13,495.00,"6,435.00"
2020-08-11,2020081101025633,PRIN,10,14,10,495.00,"4,950.00"
2020-08-11,2020081101025632,PRIN,34,14,50,496.00,"24,800.00"
2020-08-11,2020081101025631,PRIN,50,14,143,496.00,"70,928.00"
2020-08-11,2020081101025630,PRIN,14,14,21,496.00,"10,416.00"
2020-08-11,2020081101025583,PRIN,44,51,59,500.00,"29,500.00"
2020-08-11,2020081101025582,PRIN,44,48,"1,000",499.00,"499,000.00"
2020-08-11,2020081101025581,PRIN,44,45,91,499.00,"45,409.00"
2020-08-11,2020081101025580,PRIN,44,10,50,498.00,"24,900.00"
2020-08-11,2020081101025367,PRIN,14,33,479,496.00,"237,584.00"
2020-08-11,2020081101025366,PRIN,17,33,21,497.00,"10,437.00"
2020-08-11,2020081101025651,PRVU,38,50,500,235.00,"117,500.00"
2020-08-11,2020081101025601,PRVU,38,6,100,235.00,"23,500.00"
2020-08-11,2020081101025530,PRVU,43,50,500,235.00,"117,500.00"
2020-08-11,2020081101025529,PRVU,43,42,40,235.00,"9,400.00"
2020-08-11,2020081101025528,PRVU,43,47,100,235.00,"23,500.00"
2020-08-11,2020081101025527,PRVU,43,34,83,235.00,"19,505.00"
2020-08-11,2020081101025378,PRVU,43,34,"1,000",235.00,"235,000.00"
2020-08-11,2020081101025689,RADHI,38,50,11,173.00,"1,903.00"
2020-08-11,2020081101025688,RADHI,38,57,11,172.00,"1,892.00"
2020-08-11,2020081101025629,RADHI,38,41,12,171.00,"2,052.00"
2020-08-11,2020081101025628,RADHI,38,13,11,170.00,"1,870.00"
2020-08-11,2020081101025627,RADHI,38,42,10,170.00,"1,700.00"
2020-08-11,2020081101025589,RBCL,19,18,10,"9,250.00","92,500.00"
2020-08-11,2020081101025729,RHPL,42,6,20,153.00,"3,060.00"
2020-08-11,2020081101025615,RHPL,42,38,20,152.00,"3,040.00"
2020-08-11,2020081101025563,RHPL,58,14,20,150.00,"3,000.00"
2020-08-11,2020081101025494,RHPL,42,14,30,151.00,"4,530.00"
2020-08-11,2020081101025493,RHPL,42,17,10,151.00,"1,510.00"
2020-08-11,2020081101025491,RHPL,58,14,20,150.00,"3,000.00"
2020-08-11,2020081101025406,RHPL,58,14,30,150.00,"4,500.00"
2020-08-11,2020081101025354,RHPL,58,14,40,150.00,"6,000.00"
2020-08-11,2020081101025334,RHPL,58,36,10,150.00,"1,500.00"
2020-08-11,2020081101025273,RHPL,58,14,40,150.00,"6,000.00"
2020-08-11,2020081101025740,RMDC,34,38,55,759.00,"41,745.00"
2020-08-11,2020081101025739,RMDC,34,33,45,758.00,"34,110.00"
2020-08-11,2020081101025512,RMDC,50,25,15,751.00,"11,265.00"
2020-08-11,2020081101025708,SABSL,46,16,10,740.00,"7,400.00"
2020-08-11,2020081101025392,SABSL,10,5,100,734.00,"73,400.00"
2020-08-11,2020081101025391,SABSL,10,5,100,734.00,"73,400.00"
2020-08-11,2020081101025390,SABSL,43,5,10,734.00,"7,340.00"
2020-08-11,2020081101025389,SABSL,46,5,50,734.00,"36,700.00"
2020-08-11,2020081101025388,SABSL,35,5,49,735.00,"36,015.00"
2020-08-11,2020081101025387,SABSL,7,5,200,737.00,"147,400.00"
2020-08-11,2020081101025386,SABSL,46,5,65,738.00,"47,970.00"
2020-08-11,2020081101025385,SABSL,42,5,50,740.00,"37,000.00"
2020-08-11,2020081101025384,SABSL,10,5,500,740.00,"370,000.00"
2020-08-11,2020081101025383,SABSL,11,5,20,740.00,"14,800.00"
2020-08-11,2020081101025382,SABSL,13,5,17,740.00,"12,580.00"
2020-08-11,2020081101025720,SADBL,57,48,216,151.00,"32,616.00"
2020-08-11,2020081101025719,SADBL,57,28,104,151.00,"15,704.00"
2020-08-11,2020081101025718,SADBL,57,28,104,151.00,"15,704.00"
2020-08-11,2020081101025717,SADBL,57,50,50,151.00,"7,550.00"
2020-08-11,2020081101025716,SADBL,57,39,26,151.00,"3,926.00"
2020-08-11,2020081101025435,SADBL,58,39,15,151.00,"2,265.00"
2020-08-11,2020081101025434,SADBL,58,58,"1,000",150.00,"150,000.00"
2020-08-11,2020081101025433,SADBL,58,58,235,150.00,"35,250.00"
2020-08-11,2020081101025672,SANIMA,45,47,24,349.00,"8,376.00"
2020-08-11,2020081101025658,SAPDBL,41,35,67,120.00,"8,040.00"
2020-08-11,2020081101025711,SBI,13,42,10,435.00,"4,350.00"
2020-08-11,2020081101025404,SBI,57,49,77,430.00,"33,110.00"
2020-08-11,2020081101025459,SBL,6,13,"1,000",300.00,"300,000.00"
2020-08-11,2020081101025402,SBL,6,50,300,300.00,"90,000.00"
2020-08-11,2020081101025401,SBL,6,32,200,300.00,"60,000.00"
2020-08-11,2020081101025501,SCB,54,43,10,660.00,"6,600.00"
2020-08-11,2020081101025375,SCB,54,35,14,657.00,"9,198.00"
2020-08-11,2020081101025350,SCB,1,34,170,655.00,"111,350.00"
2020-08-11,2020081101025349,SCB,1,34,180,655.00,"117,900.00"
2020-08-11,2020081101025283,SCB,1,29,80,655.00,"52,400.00"
2020-08-11,2020081101025282,SCB,7,29,20,655.00,"13,100.00"
2020-08-11,2020081101025684,SFCL,36,26,50,116.00,"5,800.00"
2020-08-11,2020081101025500,SFCL,36,53,35,115.00,"4,025.00"
2020-08-11,2020081101025499,SFCL,57,53,"1,000",115.00,"115,000.00"
2020-08-11,2020081101025498,SFCL,45,53,100,115.00,"11,500.00"
2020-08-11,2020081101025497,SFCL,51,53,203,115.00,"23,345.00"
2020-08-11,2020081101025467,SFCL,48,53,390,116.00,"45,240.00"
2020-08-11,2020081101025278,SFCL,48,53,10,116.00,"1,160.00"
2020-08-11,2020081101025707,SHIVM,49,34,400,593.00,"237,200.00"
2020-08-11,2020081101025706,SHIVM,49,52,35,592.00,"20,720.00"
2020-08-11,2020081101025705,SHIVM,49,51,100,592.00,"59,200.00"
2020-08-11,2020081101025642,SHIVM,44,45,10,590.00,"5,900.00"
2020-08-11,2020081101025625,SHIVM,44,50,100,590.00,"59,000.00"
2020-08-11,2020081101025511,SHIVM,44,50,35,590.00,"20,650.00"
2020-08-11,2020081101025303,SHIVM,44,50,65,592.00,"38,480.00"
2020-08-11,2020081101025420,SHL,57,44,493,156.00,"76,908.00"
2020-08-11,2020081101025419,SHL,46,44,"1,000",156.00,"156,000.00"
2020-08-11,2020081101025418,SHL,45,44,100,156.00,"15,600.00"
2020-08-11,2020081101025417,SHL,7,44,200,156.00,"31,200.00"
2020-08-11,2020081101025416,SHL,19,44,147,157.00,"23,079.00"
2020-08-11,2020081101025415,SHL,21,44,100,157.00,"15,700.00"
2020-08-11,2020081101025414,SHL,1,44,100,157.00,"15,700.00"
2020-08-11,2020081101025413,SHL,13,44,260,157.00,"40,820.00"
2020-08-11,2020081101025281,SHL,13,34,240,157.00,"37,680.00"
2020-08-11,2020081101025423,SHPC,48,35,100,228.00,"22,800.00"
2020-08-11,2020081101025306,SHPC,28,6,63,225.00,"14,175.00"
2020-08-11,2020081101025305,SHPC,48,6,37,226.00,"8,362.00"
2020-08-11,2020081101025754,SIC,53,6,59,739.00,"43,601.00"
2020-08-11,2020081101025748,SIC,7,48,10,750.00,"7,500.00"
2020-08-11,2020081101025624,SICL,56,26,10,"1,245.00","12,450.00"
2020-08-11,2020081101025617,SICL,35,26,10,"1,238.00","12,380.00"
2020-08-11,2020081101025363,SICL,38,14,50,"1,242.00","62,100.00"
2020-08-11,2020081101025699,SIL,44,40,100,621.00,"62,100.00"
2020-08-11,2020081101025653,SIL,44,22,200,620.00,"124,000.00"
2020-08-11,2020081101025586,SIL,3,22,300,620.00,"186,000.00"
2020-08-11,2020081101025585,SIL,3,33,200,617.00,"123,400.00"
2020-08-11,2020081101025522,SIL,56,33,200,614.00,"122,800.00"
2020-08-11,2020081101025489,SIL,3,14,242,618.00,"149,556.00"
2020-08-11,2020081101025330,SIL,55,50,100,615.00,"61,500.00"
2020-08-11,2020081101025465,SJCL,6,36,10,139.00,"1,390.00"
2020-08-11,2020081101025361,SJCL,6,19,20,139.00,"2,780.00"
2020-08-11,2020081101025515,SKBBL,10,22,53,"1,257.00","66,621.00"
2020-08-11,2020081101025768,SLBS,56,39,10,963.00,"9,630.00"
2020-08-11,2020081101025756,SLBS,13,39,10,963.00,"9,630.00"
2020-08-11,2020081101025674,SLICL,35,11,10,455.00,"4,550.00"
2020-08-11,2020081101025666,SLICL,45,45,4,451.00,"1,804.00"
2020-08-11,2020081101025427,SLICL,6,38,200,452.00,"90,400.00"
2020-08-11,2020081101025335,SLICL,45,29,100,453.00,"45,300.00"
2020-08-11,2020081101025490,SMFBS,58,41,30,900.00,"27,000.00"
2020-08-11,2020081101025277,SPARS,3,35,20,848.00,"16,960.00"
2020-08-11,2020081101025744,SPDL,46,45,800,98.00,"78,400.00"
2020-08-11,2020081101025703,SRBL,47,5,952,237.00,"225,624.00"
2020-08-11,2020081101025340,SRBL,10,28,28,238.00,"6,664.00"
2020-08-11,2020081101025339,SRBL,10,39,17,238.00,"4,046.00"
2020-08-11,2020081101025547,STC,16,38,269,"2,675.00","719,575.00"
2020-08-11,2020081101025546,STC,52,38,20,"2,676.00","53,520.00"
2020-08-11,2020081101025545,STC,45,38,20,"2,686.00","53,720.00"
2020-08-11,2020081101025544,STC,25,38,10,"2,686.00","26,860.00"
2020-08-11,2020081101025616,SWBBL,52,32,52,"1,208.00","62,816.00"
2020-08-11,2020081101025279,SWBBL,52,7,200,"1,207.00","241,400.00"
2020-08-11,2020081101025763,TMDBL,34,33,10,170.00,"1,700.00"
2020-08-11,2020081101025462,TMDBL,16,58,50,169.00,"8,450.00"
2020-08-11,2020081101025488,TRH,25,32,"1,161",216.00,"250,776.00"
2020-08-11,2020081101025608,UIC,58,53,34,403.00,"13,702.00"
2020-08-11,2020081101025607,UIC,58,35,10,403.00,"4,030.00"
2020-08-11,2020081101025606,UIC,58,25,56,402.00,"22,512.00"
2020-08-11,2020081101025562,UIC,58,25,44,402.00,"17,688.00"
2020-08-11,2020081101025561,UIC,58,57,148,402.00,"59,496.00"
2020-08-11,2020081101025560,UIC,58,48,"1,155",401.00,"463,155.00"
2020-08-11,2020081101025539,UIC,33,56,195,397.00,"77,415.00"
2020-08-11,2020081101025538,UIC,32,56,300,398.00,"119,400.00"
2020-08-11,2020081101025374,UIC,16,34,300,398.00,"119,400.00"
2020-08-11,2020081101025553,UIC,58,42,300,400.00,"120,000.00"
2020-08-11,2020081101025552,UIC,58,25,100,400.00,"40,000.00"
2020-08-11,2020081101025551,UIC,58,13,384,400.00,"153,600.00"
2020-08-11,2020081101025550,UIC,58,36,50,399.00,"19,950.00"
2020-08-11,2020081101025549,UIC,58,53,500,399.00,"199,500.00"
2020-08-11,2020081101025548,UIC,58,41,349,399.00,"139,251.00"
2020-08-11,2020081101025559,UIC,58,34,200,400.00,"80,000.00"
2020-08-11,2020081101025558,UIC,58,41,50,400.00,"20,000.00"
2020-08-11,2020081101025557,UIC,58,32,500,400.00,"200,000.00"
2020-08-11,2020081101025556,UIC,58,55,100,400.00,"40,000.00"
2020-08-11,2020081101025555,UIC,58,55,70,400.00,"28,000.00"
2020-08-11,2020081101025554,UIC,58,6,50,400.00,"20,000.00"
2020-08-11,2020081101025407,UPCL,13,58,50,70.00,"3,500.00"
2020-08-11,2020081101025256,ACLBSL,48,21,10,718.00,"7,180.00"
2020-08-11,2020081101025168,ACLBSL,48,21,10,718.00,"7,180.00"
2020-08-11,2020081101025167,ACLBSL,56,21,10,718.00,"7,180.00"
2020-08-11,2020081101025118,ACLBSL,56,45,10,718.00,"7,180.00"
2020-08-11,2020081101025034,ACLBSL,45,45,21,719.00,"15,099.00"
2020-08-11,2020081101024942,ACLBSL,45,21,21,719.00,"15,099.00"
2020-08-11,2020081101025268,ADBL,58,50,200,419.00,"83,800.00"
2020-08-11,2020081101025104,ADBL,58,32,68,419.00,"28,492.00"
2020-08-11,2020081101025103,ADBL,14,32,100,419.00,"41,900.00"
2020-08-11,2020081101025102,ADBL,6,32,100,419.00,"41,900.00"
2020-08-11,2020081101025183,ADBL,29,13,400,419.00,"167,600.00"
2020-08-11,2020081101025200,AIL,53,20,10,564.00,"5,640.00"
2020-08-11,2020081101025181,AIL,53,3,10,564.00,"5,640.00"
2020-08-11,2020081101025143,AIL,53,3,10,564.00,"5,640.00"
2020-08-11,2020081101025083,AIL,53,3,10,564.00,"5,640.00"
2020-08-11,2020081101025062,AIL,53,16,10,564.00,"5,640.00"
2020-08-11,2020081101025053,AIL,53,40,10,564.00,"5,640.00"
2020-08-11,2020081101024776,AIL,28,3,10,564.00,"5,640.00"
2020-08-11,2020081101024855,AIL,28,28,10,564.00,"5,640.00"
2020-08-11,2020081101024854,AIL,28,6,10,564.00,"5,640.00"
2020-08-11,2020081101024824,AIL,28,3,10,564.00,"5,640.00"
2020-08-11,2020081101024811,AIL,28,42,10,564.00,"5,640.00"
2020-08-11,2020081101024786,AIL,28,38,10,564.00,"5,640.00"
2020-08-11,2020081101024778,AIL,28,1,10,564.00,"5,640.00"
2020-08-11,2020081101025030,AIL,28,3,10,564.00,"5,640.00"
2020-08-11,2020081101025011,AIL,28,16,10,564.00,"5,640.00"
2020-08-11,2020081101024973,AIL,28,3,10,564.00,"5,640.00"
2020-08-11,2020081101024931,AIL,28,3,10,564.00,"5,640.00"
2020-08-11,2020081101024921,AIL,28,8,10,564.00,"5,640.00"
2020-08-11,2020081101024887,AIL,28,3,10,564.00,"5,640.00"
2020-08-11,2020081101025137,AKJCL,40,7,10,53.00,530.00
2020-08-11,2020081101025136,AKJCL,40,19,20,53.00,"1,060.00"
2020-08-11,2020081101025052,ALBSL,19,26,100,688.00,"68,800.00"
2020-08-11,2020081101024888,ALBSL,19,33,11,688.00,"7,568.00"
2020-08-11,2020081101024777,ALBSL,52,38,11,687.00,"7,557.00"
2020-08-11,2020081101025253,ALICL,16,42,30,631.00,"18,930.00"
2020-08-11,2020081101024844,ALICL,10,19,200,632.00,"126,400.00"
2020-08-11,2020081101025150,API,25,42,14,108.00,"1,512.00"
2020-08-11,2020081101025012,API,58,42,17,108.00,"1,836.00"
2020-08-11,2020081101025175,BFC,57,7,174,101.00,"17,574.00"
2020-08-11,2020081101025174,BFC,56,7,30,102.00,"3,060.00"
2020-08-11,2020081101025243,BOKL,43,49,40,227.00,"9,080.00"
2020-08-11,2020081101025184,CBBL,45,33,18,"1,071.00","19,278.00"
2020-08-11,2020081101025025,CBL,57,48,50,145.00,"7,250.00"
2020-08-11,2020081101024984,CBL,11,48,100,145.00,"14,500.00"
2020-08-11,2020081101025252,CCBL,10,19,28,177.00,"4,956.00"
2020-08-11,2020081101024952,CCBL,26,18,1,176.00,176.00
2020-08-11,2020081101024779,CCBL,28,19,100,177.00,"17,700.00"
2020-08-11,2020081101025142,CIT,35,3,100,"2,606.00","260,600.00"
2020-08-11,2020081101024967,CIT,35,7,170,"2,606.00","443,020.00"
2020-08-11,2020081101024966,CIT,43,7,20,"2,607.00","52,140.00"
2020-08-11,2020081101024965,CIT,42,7,10,"2,610.00","26,100.00"
2020-08-11,2020081101025164,CMF1,21,42,"1,000",10.10,"10,100.00"
2020-08-11,2020081101024983,CMF1,21,5,"1,000",10.09,"10,090.00"
2020-08-11,2020081101025233,CZBIL,58,21,37,201.00,"7,437.00"
2020-08-11,2020081101025232,CZBIL,58,44,53,201.00,"10,653.00"
2020-08-11,2020081101025176,CZBIL,11,44,100,201.00,"20,100.00"
2020-08-11,2020081101025063,CZBIL,46,50,30,201.00,"6,030.00"
2020-08-11,2020081101025051,EBL,36,25,200,730.00,"146,000.00"
2020-08-11,2020081101025050,EBL,36,21,100,730.00,"73,000.00"
2020-08-11,2020081101025049,EBL,36,17,200,730.00,"146,000.00"
2020-08-11,2020081101025250,EDBL,45,22,93,314.00,"29,202.00"
2020-08-11,2020081101025249,EDBL,49,22,50,314.00,"15,700.00"
2020-08-11,2020081101025248,EDBL,36,22,40,316.00,"12,640.00"
2020-08-11,2020081101025247,EDBL,17,22,80,316.00,"25,280.00"
2020-08-11,2020081101025246,EDBL,25,22,25,317.00,"7,925.00"
2020-08-11,2020081101025048,EIC,26,45,75,447.00,"33,525.00"
2020-08-11,2020081101025026,EIC,26,36,25,447.00,"11,175.00"
2020-08-11,2020081101024987,EIC,8,48,200,446.00,"89,200.00"
2020-08-11,2020081101024986,EIC,8,6,10,446.00,"4,460.00"
2020-08-11,2020081101024985,EIC,38,6,40,448.00,"17,920.00"
2020-08-11,2020081101024979,EIC,38,51,20,448.00,"8,960.00"
2020-08-11,2020081101024923,EIC,8,51,20,446.00,"8,920.00"
2020-08-11,2020081101024911,EIC,8,49,14,446.00,"6,244.00"
2020-08-11,2020081101024908,EIC,8,42,100,446.00,"44,600.00"
2020-08-11,2020081101024809,EIC,8,48,200,446.00,"89,200.00"
2020-08-11,2020081101025078,FMDBL,50,34,43,522.00,"22,446.00"
2020-08-11,2020081101025077,FMDBL,45,34,100,522.00,"52,200.00"
2020-08-11,2020081101025076,FMDBL,45,34,34,525.00,"17,850.00"
2020-08-11,2020081101024891,FMDBL,45,57,100,525.00,"52,500.00"
2020-08-11,2020081101024864,FMDBL,45,48,26,525.00,"13,650.00"
2020-08-11,2020081101024863,FMDBL,57,48,80,525.00,"42,000.00"
2020-08-11,2020081101024840,FMDBL,57,36,400,525.00,"210,000.00"
2020-08-11,2020081101024802,FOWAD,6,13,39,"1,536.00","59,904.00"
2020-08-11,2020081101024801,FOWAD,19,13,81,"1,536.00","124,416.00"
2020-08-11,2020081101024988,GBBL,38,34,800,243.00,"194,400.00"
2020-08-11,2020081101025244,GBIME,13,58,20,256.00,"5,120.00"
2020-08-11,2020081101025032,GBIME,38,16,200,257.00,"51,400.00"
2020-08-11,2020081101025010,GBIME,13,57,236,256.00,"60,416.00"
2020-08-11,2020081101025009,GBIME,53,57,"1,000",256.00,"256,000.00"
2020-08-11,2020081101025008,GBIME,25,57,20,256.00,"5,120.00"
2020-08-11,2020081101025007,GBIME,42,57,100,256.00,"25,600.00"
2020-08-11,2020081101024813,GBIME,49,26,50,257.00,"12,850.00"
2020-08-11,2020081101024812,GBIME,57,26,347,257.00,"89,179.00"
2020-08-11,2020081101024905,GBIME,42,16,10,257.00,"2,570.00"
2020-08-11,2020081101024904,GBIME,45,45,5,258.00,"1,290.00"
2020-08-11,2020081101024899,GBIME,57,16,154,257.00,"39,578.00"
2020-08-11,2020081101024867,GBIME,45,34,4,258.00,"1,032.00"
2020-08-11,2020081101024848,GBIME,57,16,63,257.00,"16,191.00"
2020-08-11,2020081101024814,GBIME,47,26,493,257.00,"126,701.00"
2020-08-11,2020081101024994,GBIME,8,57,200,256.00,"51,200.00"
2020-08-11,2020081101024993,GBIME,22,57,30,256.00,"7,680.00"
2020-08-11,2020081101024992,GBIME,53,57,200,256.00,"51,200.00"
2020-08-11,2020081101024991,GBIME,49,57,200,256.00,"51,200.00"
2020-08-11,2020081101024990,GBIME,45,57,174,256.00,"44,544.00"
2020-08-11,2020081101024950,GBIME,21,16,25,257.00,"6,425.00"
2020-08-11,2020081101025000,GBIME,42,57,60,256.00,"15,360.00"
2020-08-11,2020081101024999,GBIME,42,57,50,256.00,"12,800.00"
2020-08-11,2020081101024998,GBIME,33,57,500,256.00,"128,000.00"
2020-08-11,2020081101024997,GBIME,58,57,20,256.00,"5,120.00"
2020-08-11,2020081101024996,GBIME,42,57,200,256.00,"51,200.00"
2020-08-11,2020081101024995,GBIME,43,57,10,256.00,"2,560.00"
2020-08-11,2020081101025006,GBIME,57,57,50,256.00,"12,800.00"
2020-08-11,2020081101025005,GBIME,51,57,250,256.00,"64,000.00"
2020-08-11,2020081101025004,GBIME,57,57,100,256.00,"25,600.00"
2020-08-11,2020081101025003,GBIME,52,57,100,256.00,"25,600.00"
2020-08-11,2020081101025002,GBIME,5,57,250,256.00,"64,000.00"
2020-08-11,2020081101025001,GBIME,45,57,250,256.00,"64,000.00"
2020-08-11,2020081101024947,GBLBS,41,42,50,485.00,"24,250.00"
2020-08-11,2020081101024946,GBLBS,19,42,10,486.00,"4,860.00"
2020-08-11,2020081101024945,GBLBS,29,42,10,486.00,"4,860.00"
2020-08-11,2020081101024944,GBLBS,42,42,30,486.00,"14,580.00"
2020-08-11,2020081101024910,GBLBS,42,16,15,486.00,"7,290.00"
2020-08-11,2020081101025180,GFCL,11,45,176,153.00,"26,928.00"
2020-08-11,2020081101024951,GFCL,11,58,19,154.00,"2,926.00"
2020-08-11,2020081101024866,GGBSL,58,44,10,838.00,"8,380.00"
2020-08-11,2020081101024955,GILB,56,55,10,"1,233.00","12,330.00"
2020-08-11,2020081101024894,GILB,56,42,18,"1,233.00","22,194.00"
2020-08-11,2020081101025141,GLBSL,32,42,25,835.00,"20,875.00"
2020-08-11,2020081101024977,GLICL,57,42,30,468.00,"14,040.00"
2020-08-11,2020081101024869,GLICL,45,42,50,468.00,"23,400.00"
2020-08-11,2020081101024868,GLICL,44,42,50,468.00,"23,400.00"
2020-08-11,2020081101025264,HBL,19,50,155,557.00,"86,335.00"
2020-08-11,2020081101024860,HDL,33,10,10,"1,700.00","17,000.00"
2020-08-11,2020081101024859,HDL,33,51,10,"1,700.00","17,000.00"
2020-08-11,2020081101025105,HGI,25,35,50,415.00,"20,750.00"
2020-08-11,2020081101025192,ICFC,42,16,23,183.00,"4,209.00"
2020-08-11,2020081101025070,IGI,49,57,50,450.00,"22,500.00"
2020-08-11,2020081101024838,ILBS,56,38,11,735.00,"8,085.00"
2020-08-11,2020081101025197,JOSHI,52,21,20,58.00,"1,160.00"
2020-08-11,2020081101025155,JOSHI,52,7,20,57.00,"1,140.00"
2020-08-11,2020081101025146,JSLBB,51,57,10,"1,450.00","14,500.00"
2020-08-11,2020081101025255,KBL,45,45,1,193.00,193.00
2020-08-11,2020081101025204,KBL,55,39,30,194.00,"5,820.00"
2020-08-11,2020081101025045,KBL,32,11,250,193.00,"48,250.00"
2020-08-11,2020081101024882,KBL,32,7,229,193.00,"44,197.00"
2020-08-11,2020081101024881,KBL,50,7,536,193.00,"103,448.00"
2020-08-11,2020081101024850,KBL,57,39,25,194.00,"4,850.00"
2020-08-11,2020081101025263,KMCDB,57,26,140,760.00,"106,400.00"
2020-08-11,2020081101025262,KMCDB,33,26,100,760.00,"76,000.00"
2020-08-11,2020081101025261,KMCDB,26,26,50,760.00,"38,000.00"
2020-08-11,2020081101025260,KMCDB,57,26,300,760.00,"228,000.00"
2020-08-11,2020081101025259,KMCDB,53,26,200,761.00,"152,200.00"
2020-08-11,2020081101025086,KMCDB,17,33,100,765.00,"76,500.00"
2020-08-11,2020081101025085,KMCDB,53,33,18,766.00,"13,788.00"
2020-08-11,2020081101024978,KMCDB,53,21,10,766.00,"7,660.00"
2020-08-11,2020081101025092,KMCDB,19,33,20,764.00,"15,280.00"
2020-08-11,2020081101025091,KMCDB,1,33,30,764.00,"22,920.00"
2020-08-11,2020081101025090,KMCDB,1,33,20,764.00,"15,280.00"
2020-08-11,2020081101025089,KMCDB,45,33,10,764.00,"7,640.00"
2020-08-11,2020081101025088,KMCDB,58,33,23,765.00,"17,595.00"
2020-08-11,2020081101025087,KMCDB,42,33,50,765.00,"38,250.00"
2020-08-11,2020081101025098,KMCDB,25,33,100,762.00,"76,200.00"
2020-08-11,2020081101025097,KMCDB,33,33,500,762.00,"381,000.00"
2020-08-11,2020081101025096,KMCDB,1,33,80,762.00,"60,960.00"
2020-08-11,2020081101025095,KMCDB,41,33,100,763.00,"76,300.00"
2020-08-11,2020081101025094,KMCDB,29,33,20,763.00,"15,260.00"
2020-08-11,2020081101025093,KMCDB,6,33,50,763.00,"38,150.00"
2020-08-11,2020081101025101,KMCDB,52,33,29,762.00,"22,098.00"
2020-08-11,2020081101025100,KMCDB,26,33,100,762.00,"76,200.00"
2020-08-11,2020081101025099,KMCDB,6,33,50,762.00,"38,100.00"
2020-08-11,2020081101025258,KMCDB,5,26,10,761.00,"7,610.00"
2020-08-11,2020081101025196,KMCDB,22,52,100,762.00,"76,200.00"
2020-08-11,2020081101025172,KMCDB,56,52,62,762.00,"47,244.00"
2020-08-11,2020081101025123,KMCDB,52,52,21,762.00,"16,002.00"
2020-08-11,2020081101025122,KMCDB,51,52,10,765.00,"7,650.00"
2020-08-11,2020081101025173,KSBBL,59,45,218,152.00,"33,136.00"
2020-08-11,2020081101025027,KSBBL,45,45,2,151.00,302.00
2020-08-11,2020081101025129,LBBL,52,20,470,191.00,"89,770.00"
2020-08-11,2020081101024930,LBBL,11,59,500,190.00,"95,000.00"
2020-08-11,2020081101024939,LBL,43,16,18,229.00,"4,122.00"
2020-08-11,2020081101025044,LGIL,48,58,54,465.00,"25,110.00"
2020-08-11,2020081101025043,LGIL,6,58,18,465.00,"8,370.00"
2020-08-11,2020081101025042,LGIL,37,58,200,466.00,"93,200.00"
2020-08-11,2020081101025041,LGIL,45,58,200,468.00,"93,600.00"
2020-08-11,2020081101025040,LGIL,52,58,28,468.00,"13,104.00"
2020-08-11,2020081101024877,LGIL,52,45,254,468.00,"118,872.00"
2020-08-11,2020081101025213,LICN,54,50,250,"1,455.00","363,750.00"
2020-08-11,2020081101025079,LICN,50,14,10,"1,451.00","14,510.00"
2020-08-11,2020081101025054,LLBS,33,44,10,"1,130.00","11,300.00"
2020-08-11,2020081101025163,MBL,14,56,100,231.00,"23,100.00"
2020-08-11,2020081101025162,MBL,57,56,295,231.00,"68,145.00"
2020-08-11,2020081101025061,MBL,57,7,205,231.00,"47,355.00"
2020-08-11,2020081101025060,MBL,47,7,50,231.00,"11,550.00"
2020-08-11,2020081101025059,MBL,49,7,528,231.00,"121,968.00"
2020-08-11,2020081101025084,MEGA,43,10,10,229.00,"2,290.00"
2020-08-11,2020081101025055,MFIL,55,19,10,277.00,"2,770.00"
2020-08-11,2020081101024975,MFIL,38,45,250,274.00,"68,500.00"
2020-08-11,2020081101024956,MMFDB,6,42,10,915.00,"9,150.00"
2020-08-11,2020081101024873,MMFDB,6,57,12,910.00,"10,920.00"
2020-08-11,2020081101025161,MNBBL,35,50,50,328.00,"16,400.00"
2020-08-11,2020081101024938,MNBBL,41,7,34,326.00,"11,084.00"
2020-08-11,2020081101024937,MNBBL,53,7,250,326.00,"81,500.00"
2020-08-11,2020081101024936,MNBBL,42,7,100,326.00,"32,600.00"
2020-08-11,2020081101024935,MNBBL,1,7,100,327.00,"32,700.00"
2020-08-11,2020081101024934,MNBBL,57,7,50,327.00,"16,350.00"
2020-08-11,2020081101025115,NABIL,58,26,84,827.00,"69,468.00"
2020-08-11,2020081101024961,NABIL,58,57,16,827.00,"13,232.00"
2020-08-11,2020081101024960,NABIL,46,57,100,827.00,"82,700.00"
2020-08-11,2020081101024959,NABIL,51,57,10,828.00,"8,280.00"
2020-08-11,2020081101025015,NADEP,34,43,200,630.00,"126,000.00"
2020-08-11,2020081101025014,NADEP,36,43,50,631.00,"31,550.00"
2020-08-11,2020081101025013,NADEP,44,43,27,632.00,"17,064.00"
2020-08-11,2020081101025017,NBB,13,6,100,202.00,"20,200.00"
2020-08-11,2020081101025016,NBB,28,6,100,202.00,"20,200.00"
2020-08-11,2020081101024976,NBB,38,34,100,203.00,"20,300.00"
2020-08-11,2020081101024785,NBB,14,6,100,202.00,"20,200.00"
2020-08-11,2020081101024784,NBB,54,6,100,202.00,"20,200.00"
2020-08-11,2020081101024783,NBB,51,6,100,202.00,"20,200.00"
2020-08-11,2020081101024782,NBB,51,6,500,202.00,"101,000.00"
2020-08-11,2020081101024781,NBB,48,6,387,202.00,"78,174.00"
2020-08-11,2020081101024780,NBB,56,6,110,202.00,"22,220.00"
2020-08-11,2020081101025229,NBL,49,45,100,273.00,"27,300.00"
2020-08-11,2020081101025075,NBL,54,45,76,273.00,"20,748.00"
2020-08-11,2020081101024915,NBL,16,49,550,272.00,"149,600.00"
2020-08-11,2020081101024815,NBL,16,57,500,272.00,"136,000.00"
2020-08-11,2020081101024989,NCCB,29,51,133,195.00,"25,935.00"
2020-08-11,2020081101024861,NCCB,58,32,100,196.00,"19,600.00"
2020-08-11,2020081101024808,NCCB,28,32,100,196.00,"19,600.00"
2020-08-11,2020081101024816,NEF,22,34,241,9.04,"2,178.64"
2020-08-11,2020081101025189,NFS,34,58,10,184.00,"1,840.00"
2020-08-11,2020081101025135,NFS,42,49,180,184.00,"33,120.00"
2020-08-11,2020081101025267,NIB,45,44,50,449.00,"22,450.00"
2020-08-11,2020081101025140,NIB,36,49,400,450.00,"180,000.00"
2020-08-11,2020081101025139,NIB,58,49,40,450.00,"18,000.00"
2020-08-11,2020081101025138,NIB,26,49,33,450.00,"14,850.00"
2020-08-11,2020081101025133,NIB,41,35,32,451.00,"14,432.00"
2020-08-11,2020081101025074,NIB,36,35,400,451.00,"180,400.00"
2020-08-11,2020081101024941,NIB,38,35,160,451.00,"72,160.00"
2020-08-11,2020081101024940,NIB,38,13,40,451.00,"18,040.00"
2020-08-11,2020081101024856,NIB,58,13,10,451.00,"4,510.00"
2020-08-11,2020081101025107,NICA,29,48,305,572.00,"174,460.00"
2020-08-11,2020081101024819,NICA,58,52,100,571.00,"57,100.00"
2020-08-11,2020081101025116,NICGF,58,34,"18,000",10.45,"188,100.00"
2020-08-11,2020081101024927,NICGF,58,29,"1,100",10.44,"11,484.00"
2020-08-11,2020081101024926,NICGF,45,29,"2,000",10.44,"20,880.00"
2020-08-11,2020081101025203,NICL,44,57,869,459.00,"398,871.00"
2020-08-11,2020081101025202,NICL,49,57,36,459.00,"16,524.00"
2020-08-11,2020081101025201,NICL,29,57,95,460.00,"43,700.00"
2020-08-11,2020081101024837,NICL,29,48,905,460.00,"416,300.00"
2020-08-11,2020081101024836,NICL,6,48,595,460.00,"273,700.00"
2020-08-11,2020081101024835,NICL,54,36,444,465.00,"206,460.00"
2020-08-11,2020081101024834,NICL,54,5,56,463.00,"25,928.00"
2020-08-11,2020081101025271,NICLBSL,49,36,100,775.00,"77,500.00"
2020-08-11,2020081101025270,NICLBSL,46,36,50,775.00,"38,750.00"
2020-08-11,2020081101025269,NICLBSL,44,36,30,776.00,"23,280.00"
2020-08-11,2020081101025245,NICLBSL,44,48,10,776.00,"7,760.00"
2020-08-11,2020081101025241,NICLBSL,44,40,10,776.00,"7,760.00"
2020-08-11,2020081101025240,NICLBSL,44,6,30,776.00,"23,280.00"
2020-08-11,2020081101024892,NICLBSL,19,38,10,775.00,"7,750.00"
2020-08-11,2020081101024875,NICLBSL,19,47,20,775.00,"15,500.00"
2020-08-11,2020081101024821,NICLBSL,45,6,30,776.00,"23,280.00"
2020-08-11,2020081101024820,NICLBSL,19,38,10,775.00,"7,750.00"
2020-08-11,2020081101024817,NICLBSL,19,42,10,775.00,"7,750.00"
2020-08-11,2020081101024810,NICLBSL,19,57,10,775.00,"7,750.00"
2020-08-11,2020081101024943,NICLBSL,19,8,10,775.00,"7,750.00"
2020-08-11,2020081101024925,NICLBSL,19,10,10,775.00,"7,750.00"
2020-08-11,2020081101024918,NICLBSL,57,6,20,776.00,"15,520.00"
2020-08-11,2020081101024917,NICLBSL,19,42,10,775.00,"7,750.00"
2020-08-11,2020081101024909,NICLBSL,19,33,10,775.00,"7,750.00"
2020-08-11,2020081101024902,NICLBSL,19,44,10,775.00,"7,750.00"
2020-08-11,2020081101025237,NICLBSL,46,45,50,775.00,"38,750.00"
2020-08-11,2020081101025236,NICLBSL,19,45,100,775.00,"77,500.00"
2020-08-11,2020081101025128,NICLBSL,19,10,10,775.00,"7,750.00"
2020-08-11,2020081101025064,NICLBSL,19,48,10,775.00,"7,750.00"
2020-08-11,2020081101025058,NICLBSL,19,47,10,775.00,"7,750.00"
2020-08-11,2020081101025029,NICLBSL,19,8,10,775.00,"7,750.00"
2020-08-11,2020081101025266,NIL,33,50,300,638.00,"191,400.00"
2020-08-11,2020081101025114,NIL,48,45,300,635.00,"190,500.00"
2020-08-11,2020081101025057,NIL,48,52,90,635.00,"57,150.00"
2020-08-11,2020081101025056,NIL,52,52,10,635.00,"6,350.00"
2020-08-11,2020081101024903,NIL,52,54,40,635.00,"25,400.00"
2020-08-11,2020081101025179,NLBBL,3,52,25,711.00,"17,775.00"
2020-08-11,2020081101025073,NLG,20,25,29,635.00,"18,415.00"
2020-08-11,2020081101025072,NLG,29,25,50,636.00,"31,800.00"
2020-08-11,2020081101025071,NLG,25,25,21,638.00,"13,398.00"
2020-08-11,2020081101025239,NLIC,35,45,100,"1,356.00","135,600.00"
2020-08-11,2020081101025224,NLIC,49,52,10,"1,358.00","13,580.00"
2020-08-11,2020081101025221,NLIC,45,16,226,"1,354.00","306,004.00"
2020-08-11,2020081101025220,NLIC,16,16,20,"1,355.00","27,100.00"
2020-08-11,2020081101025219,NLIC,35,16,100,"1,355.00","135,500.00"
2020-08-11,2020081101025218,NLIC,39,16,100,"1,356.00","135,600.00"
2020-08-11,2020081101024822,NLIC,55,52,50,"1,356.00","67,800.00"
2020-08-11,2020081101024963,NLIC,57,57,5,"1,350.00","6,750.00"
2020-08-11,2020081101024962,NLIC,45,45,5,"1,358.00","6,790.00"
2020-08-11,2020081101024949,NLIC,58,55,80,"1,358.00","108,640.00"
2020-08-11,2020081101024871,NLIC,45,14,50,"1,358.00","67,900.00"
2020-08-11,2020081101024870,NLIC,45,32,200,"1,358.00","271,600.00"
2020-08-11,2020081101024823,NLIC,55,22,100,"1,356.00","135,600.00"
2020-08-11,2020081101025217,NLIC,45,16,128,"1,356.00","173,568.00"
2020-08-11,2020081101025121,NLIC,45,42,22,"1,356.00","29,832.00"
2020-08-11,2020081101025120,NLIC,57,57,5,"1,350.00","6,750.00"
2020-08-11,2020081101025113,NLIC,58,45,5,"1,359.00","6,795.00"
2020-08-11,2020081101025112,NLIC,58,13,75,"1,358.00","101,850.00"
2020-08-11,2020081101025108,NLIC,45,45,5,"1,358.00","6,790.00"
2020-08-11,2020081101025257,NLICL,26,22,100,692.00,"69,200.00"
2020-08-11,2020081101025231,NMB,55,29,20,425.00,"8,500.00"
2020-08-11,2020081101025170,NMB,29,59,300,426.00,"127,800.00"
2020-08-11,2020081101025154,NMB,33,57,42,426.00,"17,892.00"
2020-08-11,2020081101025153,NMB,48,57,10,426.00,"4,260.00"
2020-08-11,2020081101025152,NMB,49,57,200,426.00,"85,200.00"
2020-08-11,2020081101025151,NMB,47,57,648,426.00,"276,048.00"
2020-08-11,2020081101024832,NMB,56,58,200,427.00,"85,400.00"
2020-08-11,2020081101024800,NMB,47,53,181,426.00,"77,106.00"
2020-08-11,2020081101025235,NRIC,57,21,50,588.00,"29,400.00"
2020-08-11,2020081101025234,NRIC,32,21,19,588.00,"11,172.00"
2020-08-11,2020081101025223,NRIC,32,4,150,588.00,"88,200.00"
2020-08-11,2020081101025222,NRIC,32,5,200,588.00,"117,600.00"
2020-08-11,2020081101025216,NRIC,33,16,300,589.00,"176,700.00"
2020-08-11,2020081101025205,NRIC,32,48,40,588.00,"23,520.00"
2020-08-11,2020081101024818,NRIC,33,18,40,588.00,"23,520.00"
2020-08-11,2020081101024789,NRIC,33,18,40,588.00,"23,520.00"
2020-08-11,2020081101024775,NRIC,33,18,30,588.00,"17,640.00"
2020-08-11,2020081101024774,NRIC,33,42,230,588.00,"135,240.00"
2020-08-11,2020081101024773,NRIC,41,42,110,588.00,"64,680.00"
2020-08-11,2020081101024883,NRIC,33,40,300,588.00,"176,400.00"
2020-08-11,2020081101024865,NRIC,33,57,40,588.00,"23,520.00"
2020-08-11,2020081101024862,NRIC,33,26,200,588.00,"117,600.00"
2020-08-11,2020081101024858,NRIC,33,42,40,588.00,"23,520.00"
2020-08-11,2020081101024853,NRIC,33,49,40,588.00,"23,520.00"
2020-08-11,2020081101024831,NRIC,33,38,40,588.00,"23,520.00"
2020-08-11,2020081101024912,NRIC,1,16,300,589.00,"176,700.00"
2020-08-11,2020081101024907,NRIC,49,10,40,588.00,"23,520.00"
2020-08-11,2020081101024890,NRIC,49,1,40,588.00,"23,520.00"
2020-08-11,2020081101024889,NRIC,49,38,50,588.00,"29,400.00"
2020-08-11,2020081101024885,NRIC,49,40,300,588.00,"176,400.00"
2020-08-11,2020081101024884,NRIC,17,40,750,588.00,"441,000.00"
2020-08-11,2020081101025068,NRIC,50,26,11,588.00,"6,468.00"
2020-08-11,2020081101025067,NRIC,45,26,19,588.00,"11,172.00"
2020-08-11,2020081101025066,NRIC,45,26,20,588.00,"11,760.00"
2020-08-11,2020081101024974,NRIC,49,38,30,588.00,"17,640.00"
2020-08-11,2020081101024964,NRIC,45,35,31,588.00,"18,228.00"
2020-08-11,2020081101024916,NRIC,49,44,40,588.00,"23,520.00"
2020-08-11,2020081101025195,NRIC,32,3,91,588.00,"53,508.00"
2020-08-11,2020081101025194,NRIC,50,3,50,588.00,"29,400.00"
2020-08-11,2020081101025193,NRIC,50,3,289,588.00,"169,932.00"
2020-08-11,2020081101025188,NRIC,50,38,160,588.00,"94,080.00"
2020-08-11,2020081101025119,NRIC,50,48,40,588.00,"23,520.00"
2020-08-11,2020081101025117,NRIC,38,16,50,589.00,"29,450.00"
2020-08-11,2020081101024876,NSEWA,54,28,50,711.00,"35,550.00"
2020-08-11,2020081101024932,NTC,42,57,25,666.00,"16,650.00"
2020-08-11,2020081101025238,PCBL,45,45,4,270.00,"1,080.00"
2020-08-11,2020081101025187,PCBL,32,5,10,269.00,"2,690.00"
2020-08-11,2020081101025186,PCBL,22,5,10,269.00,"2,690.00"
2020-08-11,2020081101025185,PCBL,32,5,480,269.00,"129,120.00"
2020-08-11,2020081101025111,PCBL,42,52,20,270.00,"5,400.00"
2020-08-11,2020081101024954,PCBL,45,48,910,270.00,"245,700.00"
2020-08-11,2020081101024928,PCBL,45,45,4,269.00,"1,076.00"
2020-08-11,2020081101024805,PCBL,39,48,90,270.00,"24,300.00"
2020-08-11,2020081101024790,PCBL,39,10,18,270.00,"4,860.00"
2020-08-11,2020081101024913,PFL,5,13,49,151.00,"7,399.00"
2020-08-11,2020081101025212,PIC,57,11,98,652.00,"63,896.00"
2020-08-11,2020081101025211,PIC,57,41,68,652.00,"44,336.00"
2020-08-11,2020081101025210,PIC,57,55,11,652.00,"7,172.00"
2020-08-11,2020081101025209,PIC,57,38,55,652.00,"35,860.00"
2020-08-11,2020081101025208,PIC,57,26,31,651.00,"20,181.00"
2020-08-11,2020081101025207,PIC,57,7,17,651.00,"11,067.00"
2020-08-11,2020081101024968,PIC,50,34,80,651.00,"52,080.00"
2020-08-11,2020081101025206,PIC,57,34,120,651.00,"78,120.00"
2020-08-11,2020081101025178,PIC,50,42,116,648.00,"75,168.00"
2020-08-11,2020081101025177,PIC,16,42,10,648.00,"6,480.00"
2020-08-11,2020081101025169,PIC,45,56,9,640.00,"5,760.00"
2020-08-11,2020081101025166,PIC,38,34,100,651.00,"65,100.00"
2020-08-11,2020081101025156,PIC,45,45,9,640.00,"5,760.00"
2020-08-11,2020081101025191,PICL,14,57,100,482.00,"48,200.00"
2020-08-11,2020081101025081,PLIC,50,38,70,547.00,"38,290.00"
2020-08-11,2020081101025080,PLIC,53,38,210,549.00,"115,290.00"
2020-08-11,2020081101024898,PLIC,53,8,90,549.00,"49,410.00"
2020-08-11,2020081101024897,PLIC,58,8,100,549.00,"54,900.00"
2020-08-11,2020081101024896,PLIC,49,8,10,550.00,"5,500.00"
2020-08-11,2020081101024772,PLIC,49,49,190,550.00,"104,500.00"
2020-08-11,2020081101025023,PMHPL,45,40,10,72.00,720.00
2020-08-11,2020081101024933,PPCL,32,34,"1,100",115.00,"126,500.00"
2020-08-11,2020081101025171,PRIN,58,50,187,498.00,"93,126.00"
2020-08-11,2020081101025144,PRIN,17,38,50,497.00,"24,850.00"
2020-08-11,2020081101025127,PRIN,17,48,429,497.00,"213,213.00"
2020-08-11,2020081101025126,PRIN,41,48,71,497.00,"35,287.00"
2020-08-11,2020081101024972,PRIN,41,57,29,497.00,"14,413.00"
2020-08-11,2020081101024971,PRIN,45,57,20,497.00,"9,940.00"
2020-08-11,2020081101024970,PRIN,54,57,51,497.00,"25,347.00"
2020-08-11,2020081101024857,PRIN,4,50,13,498.00,"6,474.00"
2020-08-11,2020081101024829,PRIN,4,29,87,498.00,"43,326.00"
2020-08-11,2020081101024828,PRIN,49,29,63,498.00,"31,374.00"
2020-08-11,2020081101024788,PRIN,49,13,25,498.00,"12,450.00"
2020-08-11,2020081101025226,PRVU,50,13,56,234.00,"13,104.00"
2020-08-11,2020081101025225,PRVU,55,13,470,234.00,"109,980.00"
2020-08-11,2020081101025199,PRVU,39,34,100,235.00,"23,500.00"
2020-08-11,2020081101024803,PRVU,13,34,500,235.00,"117,500.00"
2020-08-11,2020081101025251,RHPL,58,14,30,150.00,"4,500.00"
2020-08-11,2020081101025182,RHPL,58,14,30,150.00,"4,500.00"
2020-08-11,2020081101025039,RHPL,42,17,30,151.00,"4,530.00"
2020-08-11,2020081101025038,RHPL,42,14,40,151.00,"6,040.00"
2020-08-11,2020081101025037,RHPL,42,7,50,151.00,"7,550.00"
2020-08-11,2020081101025036,RHPL,42,14,40,151.00,"6,040.00"
2020-08-11,2020081101025035,RHPL,42,14,40,151.00,"6,040.00"
2020-08-11,2020081101025033,RHPL,58,14,30,150.00,"4,500.00"
2020-08-11,2020081101024901,RHPL,58,14,40,150.00,"6,000.00"
2020-08-11,2020081101024920,RSDC,10,45,70,503.00,"35,210.00"
2020-08-11,2020081101024879,RSDC,48,42,57,501.00,"28,557.00"
2020-08-11,2020081101024878,RSDC,19,42,43,501.00,"21,543.00"
2020-08-11,2020081101024852,SABSL,38,38,11,741.00,"8,151.00"
2020-08-11,2020081101025106,SANIMA,45,35,78,349.00,"27,222.00"
2020-08-11,2020081101025047,SANIMA,45,49,398,349.00,"138,902.00"
2020-08-11,2020081101025046,SANIMA,45,49,252,349.00,"87,948.00"
2020-08-11,2020081101024874,SBI,34,16,180,429.00,"77,220.00"
2020-08-11,2020081101025028,SCB,6,26,250,656.00,"164,000.00"
2020-08-11,2020081101024948,SCB,6,22,750,656.00,"492,000.00"
2020-08-11,2020081101024849,SCB,21,22,100,656.00,"65,600.00"
2020-08-11,2020081101024787,SCB,58,43,20,660.00,"13,200.00"
2020-08-11,2020081101025198,SDESI,25,45,10,828.00,"8,280.00"
2020-08-11,2020081101024807,SDESI,58,38,15,816.00,"12,240.00"
2020-08-11,2020081101024806,SDESI,16,38,12,817.00,"9,804.00"
2020-08-11,2020081101025132,SFCL,36,53,20,116.00,"2,320.00"
2020-08-11,2020081101025131,SFCL,57,53,10,116.00,"1,160.00"
2020-08-11,2020081101025130,SFCL,57,53,"2,000",116.00,"232,000.00"
2020-08-11,2020081101024804,SFCL,57,53,574,118.00,"67,732.00"
2020-08-11,2020081101025242,SHIVM,50,34,50,593.00,"29,650.00"
2020-08-11,2020081101025069,SHIVM,14,34,200,593.00,"118,600.00"
2020-08-11,2020081101025018,SHIVM,44,25,50,592.00,"29,600.00"
2020-08-11,2020081101024895,SHIVM,44,56,200,592.00,"118,400.00"
2020-08-11,2020081101024872,SHIVM,44,48,50,592.00,"29,600.00"
2020-08-11,2020081101024839,SHIVM,44,49,50,592.00,"29,600.00"
2020-08-11,2020081101024833,SHIVM,44,36,500,592.00,"296,000.00"
2020-08-11,2020081101025065,SHL,10,16,222,159.00,"35,298.00"
2020-08-11,2020081101024847,SHL,10,22,415,159.00,"65,985.00"
2020-08-11,2020081101024846,SHL,10,29,700,159.00,"111,300.00"
2020-08-11,2020081101024845,SHL,10,44,163,158.00,"25,754.00"
2020-08-11,2020081101025228,SHPC,48,1,50,229.00,"11,450.00"
2020-08-11,2020081101025227,SHPC,48,33,50,228.00,"11,400.00"
2020-08-11,2020081101025082,SHPC,48,11,463,226.00,"104,638.00"
2020-08-11,2020081101024880,SICL,35,58,10,"1,238.00","12,380.00"
2020-08-11,2020081101025148,SIL,45,33,200,616.00,"123,200.00"
2020-08-11,2020081101025147,SIL,43,33,50,616.00,"30,800.00"
2020-08-11,2020081101025031,SJCL,6,19,20,139.00,"2,780.00"
2020-08-11,2020081101024958,SJCL,6,40,10,139.00,"1,390.00"
2020-08-11,2020081101024851,SJCL,6,38,20,139.00,"2,780.00"
2020-08-11,2020081101024830,SJCL,6,6,10,139.00,"1,390.00"
2020-08-11,2020081101025160,SKBBL,29,51,50,"1,256.00","62,800.00"
2020-08-11,2020081101024982,SKBBL,29,22,100,"1,257.00","125,700.00"
2020-08-11,2020081101024981,SKBBL,55,22,49,"1,258.00","61,642.00"
2020-08-11,2020081101024980,SKBBL,29,22,47,"1,258.00","59,126.00"
2020-08-11,2020081101024929,SKBBL,29,34,53,"1,258.00","66,674.00"
2020-08-11,2020081101024969,SLBBL,57,20,10,835.00,"8,350.00"
2020-08-11,2020081101024792,SLBBL,55,39,20,826.00,"16,520.00"
2020-08-11,2020081101024791,SLBBL,3,39,30,827.00,"24,810.00"
2020-08-11,2020081101025145,SLBS,11,26,17,950.00,"16,150.00"
2020-08-11,2020081101024799,SLBS,21,39,81,963.00,"78,003.00"
2020-08-11,2020081101024798,SLBS,21,45,50,963.00,"48,150.00"
2020-08-11,2020081101024797,SLBS,21,44,38,960.00,"36,480.00"
2020-08-11,2020081101024796,SLBS,21,44,38,960.00,"36,480.00"
2020-08-11,2020081101024795,SLBS,21,44,38,960.00,"36,480.00"
2020-08-11,2020081101024794,SLBS,21,14,64,960.00,"61,440.00"
2020-08-11,2020081101024793,SLBS,21,34,61,959.00,"58,499.00"
2020-08-11,2020081101024957,SLBSL,59,53,10,803.00,"8,030.00"
2020-08-11,2020081101024919,SLBSL,59,53,10,803.00,"8,030.00"
2020-08-11,2020081101024842,SLICL,45,45,4,451.00,"1,804.00"
2020-08-11,2020081101025215,SMB,57,34,10,865.00,"8,650.00"
2020-08-11,2020081101025214,SMB,57,20,10,860.00,"8,600.00"
2020-08-11,2020081101025159,SMB,57,29,10,856.00,"8,560.00"
2020-08-11,2020081101025158,SMB,57,29,10,855.00,"8,550.00"
2020-08-11,2020081101025157,SMB,57,49,10,850.00,"8,500.00"
2020-08-11,2020081101025190,SMFBS,38,25,70,900.00,"63,000.00"
2020-08-11,2020081101024843,SPARS,3,10,11,848.00,"9,328.00"
2020-08-11,2020081101024953,SRBL,47,50,150,237.00,"35,550.00"
2020-08-11,2020081101024922,SRBL,47,57,44,237.00,"10,428.00"
2020-08-11,2020081101024906,SRBL,47,50,100,237.00,"23,700.00"
2020-08-11,2020081101025165,SWBBL,42,47,300,"1,204.00","361,200.00"
2020-08-11,2020081101024900,SWBBL,42,22,11,"1,204.00","13,244.00"
2020-08-11,2020081101025125,UIC,38,41,51,399.00,"20,349.00"
2020-08-11,2020081101025124,UIC,38,55,49,398.00,"19,502.00"
2020-08-11,2020081101025110,UIC,5,26,51,396.00,"20,196.00"
2020-08-11,2020081101025109,UIC,26,26,49,398.00,"19,502.00"
2020-08-11,2020081101024924,UIC,26,39,150,398.00,"59,700.00"
2020-08-11,2020081101024886,UIC,58,56,500,397.00,"198,500.00"
2020-08-11,2020081101024841,UIC,33,41,100,399.00,"39,900.00"
2020-08-11,2020081101025254,UNHPL,13,51,115,62.00,"7,130.00"
2020-08-11,2020081101025024,UNHPL,34,51,100,62.00,"6,200.00"
2020-08-11,2020081101024914,UNL,16,4,10,"19,000.00","190,000.00"
2020-08-11,2020081101025134,UPCL,13,19,50,70.00,"3,500.00"
2020-08-11,2020081101025265,UPPER,38,25,100,228.00,"22,800.00"
2020-08-11,2020081101025022,UPPER,42,25,20,228.00,"4,560.00"
2020-08-11,2020081101025021,UPPER,42,48,40,227.00,"9,080.00"
2020-08-11,2020081101025020,UPPER,42,19,10,227.00,"2,270.00"
2020-08-11,2020081101025019,UPPER,42,59,30,227.00,"6,810.00"
2020-08-11,2020081101024893,UPPER,41,38,40,225.00,"9,000.00"
2020-08-11,2020081101025230,VLBS,11,58,23,935.00,"21,505.00"
2020-08-11,2020081101025149,VLBS,11,58,27,935.00,"25,245.00"
2020-08-11,2020081101024827,WOMI,39,56,50,910.00,"45,500.00"
2020-08-11,2020081101024826,WOMI,32,56,25,910.00,"22,750.00"
2020-08-11,2020081101024825,WOMI,52,56,25,911.00,"22,775.00"
2020-08-11,2020081101024693,ACLBSL,45,42,10,719.00,"7,190.00"
2020-08-11,2020081101024755,AIL,28,38,10,564.00,"5,640.00"
2020-08-11,2020081101024719,AIL,28,57,10,564.00,"5,640.00"
2020-08-11,2020081101024706,AIL,28,3,10,564.00,"5,640.00"
2020-08-11,2020081101024686,AIL,28,16,10,564.00,"5,640.00"
2020-08-11,2020081101024649,AIL,28,3,10,564.00,"5,640.00"
2020-08-11,2020081101024632,AIL,28,44,10,564.00,"5,640.00"
2020-08-11,2020081101024356,AIL,28,48,10,564.00,"5,640.00"
2020-08-11,2020081101024332,AIL,28,3,10,564.00,"5,640.00"
2020-08-11,2020081101024330,AIL,28,57,10,564.00,"5,640.00"
2020-08-11,2020081101024301,AIL,28,3,10,564.00,"5,640.00"
2020-08-11,2020081101024287,AIL,28,48,10,564.00,"5,640.00"
2020-08-11,2020081101024286,AIL,28,6,10,564.00,"5,640.00"
2020-08-11,2020081101024593,AIL,28,58,10,564.00,"5,640.00"
2020-08-11,2020081101024592,AIL,28,3,10,564.00,"5,640.00"
2020-08-11,2020081101024474,AIL,28,34,10,564.00,"5,640.00"
2020-08-11,2020081101024446,AIL,28,3,10,564.00,"5,640.00"
2020-08-11,2020081101024422,AIL,28,16,10,564.00,"5,640.00"
2020-08-11,2020081101024418,AIL,28,3,10,564.00,"5,640.00"
2020-08-11,2020081101024688,ALBSL,56,28,100,690.00,"69,000.00"
2020-08-11,2020081101024314,ALBSL,52,28,11,687.00,"7,557.00"
2020-08-11,2020081101024294,ALBSL,7,28,20,690.00,"13,800.00"
2020-08-11,2020081101024293,ALBSL,29,28,39,690.00,"26,910.00"
2020-08-11,2020081101024513,ALICL,44,19,50,632.00,"31,600.00"
2020-08-11,2020081101024360,ALICL,14,54,20,632.00,"12,640.00"
2020-08-11,2020081101024591,API,55,10,12,106.00,"1,272.00"
2020-08-11,2020081101024452,API,42,39,500,107.00,"53,500.00"
2020-08-11,2020081101024451,API,42,38,30,107.00,"3,210.00"
2020-08-11,2020081101024609,BOKL,11,38,40,227.00,"9,080.00"
2020-08-11,2020081101024415,BOKL,11,38,10,227.00,"2,270.00"
2020-08-11,2020081101024358,BPCL,52,44,58,358.00,"20,764.00"
2020-08-11,2020081101024357,BPCL,14,44,15,358.00,"5,370.00"
2020-08-11,2020081101024328,CBBL,52,56,83,"1,071.00","88,893.00"
2020-08-11,2020081101024752,CCBL,57,19,30,177.00,"5,310.00"
2020-08-11,2020081101024751,CCBL,57,7,20,177.00,"3,540.00"
2020-08-11,2020081101024721,CCBL,45,7,55,176.00,"9,680.00"
2020-08-11,2020081101024712,CCBL,1,49,15,176.00,"2,640.00"
2020-08-11,2020081101024711,CCBL,25,49,10,176.00,"1,760.00"
2020-08-11,2020081101024710,CCBL,16,49,266,176.00,"46,816.00"
2020-08-11,2020081101024475,CCBL,16,51,97,176.00,"17,072.00"
2020-08-11,2020081101024695,CCBL,45,45,5,177.00,885.00
2020-08-11,2020081101024680,CCBL,45,45,5,177.00,885.00
2020-08-11,2020081101024653,CCBL,45,45,1,177.00,177.00
2020-08-11,2020081101024640,CCBL,45,42,1,177.00,177.00
2020-08-11,2020081101024637,CCBL,26,26,1,176.00,176.00
2020-08-11,2020081101024624,CCBL,52,7,200,177.00,"35,400.00"
2020-08-11,2020081101024750,CHCL,4,50,200,399.00,"79,800.00"
2020-08-11,2020081101024707,CHCL,4,44,240,399.00,"95,760.00"
2020-08-11,2020081101024615,CHCL,45,45,1,399.00,399.00
2020-08-11,2020081101024491,CHCL,4,40,62,399.00,"24,738.00"
2020-08-11,2020081101024754,CIT,16,58,60,"2,610.00","156,600.00"
2020-08-11,2020081101024753,CIT,26,58,30,"2,615.00","78,450.00"
2020-08-11,2020081101024462,CIT,16,16,50,"2,611.00","130,550.00"
2020-08-11,2020081101024420,CIT,26,26,20,"2,615.00","52,300.00"
2020-08-11,2020081101024365,CIT,16,58,40,"2,610.00","104,400.00"
2020-08-11,2020081101024364,CIT,42,58,10,"2,615.00","26,150.00"
2020-08-11,2020081101024738,CMF1,21,59,"1,000",10.07,"10,070.00"
2020-08-11,2020081101024562,CMF1,21,14,"2,000",10.05,"20,100.00"
2020-08-11,2020081101024436,CMF1,21,33,"1,000",10.06,"10,060.00"
2020-08-11,2020081101024713,CZBIL,42,50,24,201.00,"4,824.00"
2020-08-11,2020081101024685,DDBL,37,39,70,849.00,"59,430.00"
2020-08-11,2020081101024547,DDBL,45,49,50,850.00,"42,500.00"
2020-08-11,2020081101024623,EBL,26,46,50,730.00,"36,500.00"
2020-08-11,2020081101024577,EBL,48,46,50,730.00,"36,500.00"
2020-08-11,2020081101024523,EBL,56,38,63,726.00,"45,738.00"
2020-08-11,2020081101024424,EBL,36,11,100,728.00,"72,800.00"
2020-08-11,2020081101024423,EBL,33,11,19,728.00,"13,832.00"
2020-08-11,2020081101024414,EBL,52,55,10,730.00,"7,300.00"
2020-08-11,2020081101024429,EBL,56,11,115,726.00,"83,490.00"
2020-08-11,2020081101024428,EBL,56,11,500,726.00,"363,000.00"
2020-08-11,2020081101024427,EBL,45,11,32,727.00,"23,264.00"
2020-08-11,2020081101024426,EBL,10,11,300,727.00,"218,100.00"
2020-08-11,2020081101024425,EBL,1,11,100,727.00,"72,700.00"
2020-08-11,2020081101024741,EIC,8,56,428,446.00,"190,888.00"
2020-08-11,2020081101024740,EIC,36,56,200,447.00,"89,400.00"
2020-08-11,2020081101024589,EIC,45,17,100,448.00,"44,800.00"
2020-08-11,2020081101024518,FMDBL,57,29,100,525.00,"52,500.00"
2020-08-11,2020081101024517,FMDBL,49,29,400,525.00,"210,000.00"
2020-08-11,2020081101024501,FMDBL,49,44,150,525.00,"78,750.00"
2020-08-11,2020081101024387,FMDBL,49,45,50,525.00,"26,250.00"
2020-08-11,2020081101024720,GBBL,47,36,15,244.00,"3,660.00"
2020-08-11,2020081101024628,GBBL,39,13,"1,497",243.00,"363,771.00"
2020-08-11,2020081101024747,GBIME,57,45,100,257.00,"25,700.00"
2020-08-11,2020081101024692,GBIME,57,26,300,257.00,"77,100.00"
2020-08-11,2020081101024663,GBIME,57,42,11,257.00,"2,827.00"
2020-08-11,2020081101024639,GBIME,57,10,12,257.00,"3,084.00"
2020-08-11,2020081101024617,GBIME,57,7,130,257.00,"33,410.00"
2020-08-11,2020081101024616,GBIME,42,7,50,257.00,"12,850.00"
2020-08-11,2020081101024569,GBIME,42,28,"1,130",257.00,"290,410.00"
2020-08-11,2020081101024509,GBIME,42,45,20,257.00,"5,140.00"
2020-08-11,2020081101024476,GBLBS,33,28,300,487.00,"146,100.00"
2020-08-11,2020081101024735,GFCL,11,58,60,154.00,"9,240.00"
2020-08-11,2020081101024734,GFCL,11,49,940,154.00,"144,760.00"
2020-08-11,2020081101024667,GFCL,18,11,"2,000",152.00,"304,000.00"
2020-08-11,2020081101024666,GFCL,48,11,"2,000",153.00,"306,000.00"
2020-08-11,2020081101024665,GFCL,50,11,154,153.00,"23,562.00"
2020-08-11,2020081101024536,GGBSL,58,55,10,838.00,"8,380.00"
2020-08-11,2020081101024515,GGBSL,36,55,10,844.00,"8,440.00"
2020-08-11,2020081101024317,GGBSL,36,38,10,844.00,"8,440.00"
2020-08-11,2020081101024351,GHL,26,38,10,54.00,540.00
2020-08-11,2020081101024350,GHL,39,38,10,55.00,550.00
2020-08-11,2020081101024563,GILB,45,45,4,"1,249.00","4,996.00"
2020-08-11,2020081101024454,GMFBS,41,21,42,791.00,"33,222.00"
2020-08-11,2020081101024320,GMFBS,41,32,150,791.00,"118,650.00"
2020-08-11,2020081101024319,GMFBS,28,32,27,793.00,"21,411.00"
2020-08-11,2020081101024318,GMFBS,44,32,23,795.00,"18,285.00"
2020-08-11,2020081101024644,GRDBL,34,42,100,118.00,"11,800.00"
2020-08-11,2020081101024310,GRDBL,56,39,200,116.00,"23,200.00"
2020-08-11,2020081101024309,GRDBL,22,39,100,116.00,"11,600.00"
2020-08-11,2020081101024308,GRDBL,39,39,500,116.00,"58,000.00"
2020-08-11,2020081101024307,GRDBL,35,39,675,116.00,"78,300.00"
2020-08-11,2020081101024306,GRDBL,7,39,"1,000",117.00,"117,000.00"
2020-08-11,2020081101024305,GRDBL,58,39,15,117.00,"1,755.00"
2020-08-11,2020081101024304,GRDBL,1,39,100,117.00,"11,700.00"
2020-08-11,2020081101024303,GRDBL,37,39,50,117.00,"5,850.00"
2020-08-11,2020081101024579,GUFL,55,32,"2,400",119.00,"285,600.00"
2020-08-11,2020081101024689,HDL,25,44,75,"1,696.00","127,200.00"
2020-08-11,2020081101024556,HDL,45,44,200,"1,696.00","339,200.00"
2020-08-11,2020081101024555,HDL,58,44,100,"1,696.00","169,600.00"
2020-08-11,2020081101024554,HDL,17,44,30,"1,697.00","50,910.00"
2020-08-11,2020081101024553,HDL,33,44,305,"1,697.00","517,585.00"
2020-08-11,2020081101024552,HDL,54,44,30,"1,698.00","50,940.00"
2020-08-11,2020081101024694,HGI,25,38,58,415.00,"24,070.00"
2020-08-11,2020081101024590,HGI,22,38,42,415.00,"17,430.00"
2020-08-11,2020081101024762,HIDCL,29,57,61,128.00,"7,808.00"
2020-08-11,2020081101024662,HIDCL,29,10,34,128.00,"4,352.00"
2020-08-11,2020081101024636,HIDCL,29,51,28,128.00,"3,584.00"
2020-08-11,2020081101024386,HPPL,28,38,10,135.00,"1,350.00"
2020-08-11,2020081101024278,HPPL,28,19,10,135.00,"1,350.00"
2020-08-11,2020081101024277,ICFC,50,55,400,180.00,"72,000.00"
2020-08-11,2020081101024276,ICFC,38,55,"1,000",180.00,"180,000.00"
2020-08-11,2020081101024275,ICFC,34,55,"2,000",180.00,"360,000.00"
2020-08-11,2020081101024274,ICFC,50,55,100,180.00,"18,000.00"
2020-08-11,2020081101024673,IGI,29,57,250,450.00,"112,500.00"
2020-08-11,2020081101024672,IGI,6,57,100,450.00,"45,000.00"
2020-08-11,2020081101024671,IGI,34,57,166,450.00,"74,700.00"
2020-08-11,2020081101024497,JOSHI,55,38,20,56.00,"1,120.00"
2020-08-11,2020081101024282,JOSHI,55,55,20,56.00,"1,120.00"
2020-08-11,2020081101024739,KBL,28,39,100,194.00,"19,400.00"
2020-08-11,2020081101024660,KBL,50,21,464,193.00,"89,552.00"
2020-08-11,2020081101024659,KBL,52,21,"1,000",193.00,"193,000.00"
2020-08-11,2020081101024658,KBL,38,21,100,193.00,"19,300.00"
2020-08-11,2020081101024657,KBL,43,21,100,193.00,"19,300.00"
2020-08-11,2020081101024656,KBL,52,21,236,193.00,"45,548.00"
2020-08-11,2020081101024383,KBL,49,5,195,194.00,"37,830.00"
2020-08-11,2020081101024382,KBL,49,49,55,194.00,"10,670.00"
2020-08-11,2020081101024535,KMCDB,53,33,72,766.00,"55,152.00"
2020-08-11,2020081101024534,KMCDB,29,33,10,766.00,"7,660.00"
2020-08-11,2020081101024533,KMCDB,1,33,50,767.00,"38,350.00"
2020-08-11,2020081101024532,KMCDB,21,33,60,767.00,"46,020.00"
2020-08-11,2020081101024531,KMCDB,34,33,11,768.00,"8,448.00"
2020-08-11,2020081101024530,KMCDB,39,33,87,768.00,"66,816.00"
2020-08-11,2020081101024529,KMCDB,52,33,60,769.00,"46,140.00"
2020-08-11,2020081101024528,KMCDB,55,33,100,769.00,"76,900.00"
2020-08-11,2020081101024527,KMCDB,6,33,50,770.00,"38,500.00"
2020-08-11,2020081101024526,KMCDB,56,33,200,775.00,"155,000.00"
2020-08-11,2020081101024288,KPCL,57,1,440,108.00,"47,520.00"
2020-08-11,2020081101024651,KSBBL,41,45,500,152.00,"76,000.00"
2020-08-11,2020081101024650,KSBBL,42,45,47,153.00,"7,191.00"
2020-08-11,2020081101024492,KSBBL,45,45,3,153.00,459.00
2020-08-11,2020081101024737,LBBL,11,45,89,190.00,"16,910.00"
2020-08-11,2020081101024471,LBBL,11,4,85,190.00,"16,150.00"
2020-08-11,2020081101024470,LBBL,38,4,100,190.00,"19,000.00"
2020-08-11,2020081101024469,LBBL,10,4,"1,000",190.00,"190,000.00"
2020-08-11,2020081101024468,LBBL,26,4,"1,000",190.00,"190,000.00"
2020-08-11,2020081101024467,LBBL,45,4,100,190.00,"19,000.00"
2020-08-11,2020081101024466,LBBL,58,4,20,190.00,"3,800.00"
2020-08-11,2020081101024405,LBBL,42,20,55,191.00,"10,505.00"
2020-08-11,2020081101024769,LICN,50,48,165,"1,451.00","239,415.00"
2020-08-11,2020081101024768,LICN,7,48,35,"1,451.00","50,785.00"
2020-08-11,2020081101024767,LICN,36,48,200,"1,452.00","290,400.00"
2020-08-11,2020081101024292,LICN,7,3,65,"1,451.00","94,315.00"
2020-08-11,2020081101024291,LICN,42,3,50,"1,451.00","72,550.00"
2020-08-11,2020081101024290,LICN,34,3,40,"1,451.00","58,040.00"
2020-08-11,2020081101024334,MBL,49,34,"1,000",231.00,"231,000.00"
2020-08-11,2020081101024703,MEGA,16,10,197,228.00,"44,916.00"
2020-08-11,2020081101024702,MEGA,7,10,100,228.00,"22,800.00"
2020-08-11,2020081101024701,MEGA,45,10,100,228.00,"22,800.00"
2020-08-11,2020081101024700,MEGA,58,10,20,228.00,"4,560.00"
2020-08-11,2020081101024699,MEGA,49,10,500,228.00,"114,000.00"
2020-08-11,2020081101024698,MEGA,39,10,83,228.00,"18,924.00"
2020-08-11,2020081101024391,MEGA,39,42,11,228.00,"2,508.00"
2020-08-11,2020081101024335,MEGA,39,42,11,228.00,"2,508.00"
2020-08-11,2020081101024690,MEGA,39,10,12,228.00,"2,736.00"
2020-08-11,2020081101024669,MEGA,39,26,300,228.00,"68,400.00"
2020-08-11,2020081101024647,MEGA,39,55,24,228.00,"5,472.00"
2020-08-11,2020081101024453,MEGA,11,10,100,229.00,"22,900.00"
2020-08-11,2020081101024438,MEGA,39,42,12,228.00,"2,736.00"
2020-08-11,2020081101024557,MFIL,58,19,75,277.00,"20,775.00"
2020-08-11,2020081101024687,MMFDB,49,57,54,910.00,"49,140.00"
2020-08-11,2020081101024511,MMFDB,14,45,17,909.00,"15,453.00"
2020-08-11,2020081101024496,MMFDB,14,43,60,909.00,"54,540.00"
2020-08-11,2020081101024495,MMFDB,43,43,40,909.00,"36,360.00"
2020-08-11,2020081101024494,MMFDB,21,43,10,909.00,"9,090.00"
2020-08-11,2020081101024493,MMFDB,8,43,20,909.00,"18,180.00"
2020-08-11,2020081101024341,MMFDB,49,57,50,910.00,"45,500.00"
2020-08-11,2020081101024340,MMFDB,32,57,25,910.00,"22,750.00"
2020-08-11,2020081101024339,MMFDB,48,57,100,910.00,"91,000.00"
2020-08-11,2020081101024338,MMFDB,41,57,19,910.00,"17,290.00"
2020-08-11,2020081101024337,MMFDB,1,57,10,911.00,"9,110.00"
2020-08-11,2020081101024336,MMFDB,4,57,30,912.00,"27,360.00"
2020-08-11,2020081101024389,MNBBL,38,1,427,328.00,"140,056.00"
2020-08-11,2020081101024456,MNBBL,1,56,200,328.00,"65,600.00"
2020-08-11,2020081101024455,MNBBL,26,56,86,328.00,"28,208.00"
2020-08-11,2020081101024406,MNBBL,26,45,141,328.00,"46,248.00"
2020-08-11,2020081101024390,MNBBL,26,1,73,328.00,"23,944.00"
2020-08-11,2020081101024567,MSMBS,22,26,10,690.00,"6,900.00"
2020-08-11,2020081101024566,MSMBS,45,26,102,690.00,"70,380.00"
2020-08-11,2020081101024664,NABIL,42,34,50,830.00,"41,500.00"
2020-08-11,2020081101024419,NABIL,22,34,20,830.00,"16,600.00"
2020-08-11,2020081101024273,NABIL,21,34,100,830.00,"83,000.00"
2020-08-11,2020081101024726,NBB,48,10,13,202.00,"2,626.00"
2020-08-11,2020081101024412,NBB,48,37,100,202.00,"20,200.00"
2020-08-11,2020081101024411,NBB,49,37,200,202.00,"40,400.00"
2020-08-11,2020081101024410,NBB,41,37,100,202.00,"20,200.00"
2020-08-11,2020081101024409,NBB,45,37,500,202.00,"101,000.00"
2020-08-11,2020081101024408,NBB,37,37,100,202.00,"20,200.00"
2020-08-11,2020081101024705,NBL,45,45,50,273.00,"13,650.00"
2020-08-11,2020081101024614,NBL,10,22,84,274.00,"23,016.00"
2020-08-11,2020081101024613,NBL,10,47,86,274.00,"23,564.00"
2020-08-11,2020081101024612,NBL,10,11,30,273.00,"8,190.00"
2020-08-11,2020081101024543,NBL,25,11,50,273.00,"13,650.00"
2020-08-11,2020081101024538,NBL,8,11,20,273.00,"5,460.00"
2020-08-11,2020081101024396,NBL,28,33,"2,000",272.00,"544,000.00"
2020-08-11,2020081101024395,NBL,29,33,100,272.00,"27,200.00"
2020-08-11,2020081101024394,NBL,52,33,200,272.00,"54,400.00"
2020-08-11,2020081101024393,NBL,19,33,50,273.00,"13,650.00"
2020-08-11,2020081101024392,NBL,44,33,"1,489",273.00,"406,497.00"
2020-08-11,2020081101024402,NBL,25,33,753,272.00,"204,816.00"
2020-08-11,2020081101024401,NBL,49,33,100,272.00,"27,200.00"
2020-08-11,2020081101024400,NBL,16,33,200,272.00,"54,400.00"
2020-08-11,2020081101024399,NBL,34,33,400,272.00,"108,800.00"
2020-08-11,2020081101024398,NBL,25,33,50,272.00,"13,600.00"
2020-08-11,2020081101024397,NBL,50,33,"2,000",272.00,"544,000.00"
2020-08-11,2020081101024670,NCCB,29,48,200,195.00,"39,000.00"
2020-08-11,2020081101024558,NCCB,29,42,71,195.00,"13,845.00"
2020-08-11,2020081101024510,NEF,55,22,"1,207",9.02,"10,887.14"
2020-08-11,2020081101024313,NEF,55,22,"1,207",9.02,"10,887.14"
2020-08-11,2020081101024668,NFS,34,14,40,184.00,"7,360.00"
2020-08-11,2020081101024620,NFS,56,14,30,184.00,"5,520.00"
2020-08-11,2020081101024619,NFS,56,58,170,184.00,"31,280.00"
2020-08-11,2020081101024524,NHDL,49,38,10,128.00,"1,280.00"
2020-08-11,2020081101024575,NIBPO,20,49,"1,500",382.00,"573,000.00"
2020-08-11,2020081101024574,NIBPO,45,49,500,382.00,"191,000.00"
2020-08-11,2020081101024573,NIBPO,8,49,"1,000",382.00,"382,000.00"
2020-08-11,2020081101024572,NIBPO,20,49,"1,185",383.00,"453,855.00"
2020-08-11,2020081101024728,NICA,10,48,200,572.00,"114,400.00"
2020-08-11,2020081101024718,NICA,58,50,275,571.00,"157,025.00"
2020-08-11,2020081101024648,NICA,58,48,15,572.00,"8,580.00"
2020-08-11,2020081101024608,NICA,55,28,180,570.00,"102,600.00"
2020-08-11,2020081101024607,NICA,45,28,50,570.00,"28,500.00"
2020-08-11,2020081101024606,NICA,43,28,10,570.00,"5,700.00"
2020-08-11,2020081101024582,NICA,58,49,20,572.00,"11,440.00"
2020-08-11,2020081101024581,NICA,45,49,20,572.00,"11,440.00"
2020-08-11,2020081101024599,NICA,47,28,100,571.00,"57,100.00"
2020-08-11,2020081101024598,NICA,49,28,100,571.00,"57,100.00"
2020-08-11,2020081101024597,NICA,58,28,475,571.00,"271,225.00"
2020-08-11,2020081101024596,NICA,58,48,100,572.00,"57,200.00"
2020-08-11,2020081101024595,NICA,42,48,200,572.00,"114,400.00"
2020-08-11,2020081101024594,NICA,58,48,180,572.00,"102,960.00"
2020-08-11,2020081101024605,NICA,29,28,10,570.00,"5,700.00"
2020-08-11,2020081101024604,NICA,45,28,500,570.00,"285,000.00"
2020-08-11,2020081101024603,NICA,33,28,50,571.00,"28,550.00"
2020-08-11,2020081101024602,NICA,21,28,25,571.00,"14,275.00"
2020-08-11,2020081101024601,NICA,44,28,200,571.00,"114,200.00"
2020-08-11,2020081101024600,NICA,10,28,300,571.00,"171,300.00"
2020-08-11,2020081101024296,NICGF,45,29,"2,000",10.44,"20,880.00"
2020-08-11,2020081101024731,NICL,6,57,405,460.00,"186,300.00"
2020-08-11,2020081101024723,NICL,54,51,500,464.00,"232,000.00"
2020-08-11,2020081101024722,NICL,54,13,500,463.00,"231,500.00"
2020-08-11,2020081101024388,NICL,26,10,400,462.00,"184,800.00"
2020-08-11,2020081101024363,NICL,58,36,193,460.00,"88,780.00"
2020-08-11,2020081101024362,NICL,46,36,307,461.00,"141,527.00"
2020-08-11,2020081101024316,NICL,29,10,48,462.00,"22,176.00"
2020-08-11,2020081101024289,NICL,29,25,"1,330",462.00,"614,460.00"
2020-08-11,2020081101024736,NICLBSL,42,28,10,775.00,"7,750.00"
2020-08-11,2020081101024729,NICLBSL,42,1,10,775.00,"7,750.00"
2020-08-11,2020081101024697,NICLBSL,45,6,20,776.00,"15,520.00"
2020-08-11,2020081101024676,NICLBSL,42,40,10,775.00,"7,750.00"
2020-08-11,2020081101024635,NICLBSL,46,10,10,776.00,"7,760.00"
2020-08-11,2020081101024634,NICLBSL,46,49,10,776.00,"7,760.00"
2020-08-11,2020081101024321,NICLBSL,45,6,10,776.00,"7,760.00"
2020-08-11,2020081101024432,NICLBSL,25,49,20,776.00,"15,520.00"
2020-08-11,2020081101024431,NICLBSL,25,35,10,776.00,"7,760.00"
2020-08-11,2020081101024413,NICLBSL,25,6,10,776.00,"7,760.00"
2020-08-11,2020081101024404,NICLBSL,5,40,10,776.00,"7,760.00"
2020-08-11,2020081101024381,NICLBSL,5,28,10,776.00,"7,760.00"
2020-08-11,2020081101024322,NICLBSL,5,6,30,776.00,"23,280.00"
2020-08-11,2020081101024480,NICLBSL,56,48,280,776.00,"217,280.00"
2020-08-11,2020081101024479,NICLBSL,29,48,50,776.00,"38,800.00"
2020-08-11,2020081101024478,NICLBSL,22,48,20,776.00,"15,520.00"
2020-08-11,2020081101024477,NICLBSL,25,48,540,776.00,"419,040.00"
2020-08-11,2020081101024457,NICLBSL,25,1,10,776.00,"7,760.00"
2020-08-11,2020081101024437,NICLBSL,25,11,10,776.00,"7,760.00"
2020-08-11,2020081101024516,NICLBSL,47,20,10,775.00,"7,750.00"
2020-08-11,2020081101024514,NICLBSL,42,11,10,775.00,"7,750.00"
2020-08-11,2020081101024484,NICLBSL,7,48,50,775.00,"38,750.00"
2020-08-11,2020081101024483,NICLBSL,20,48,200,775.00,"155,000.00"
2020-08-11,2020081101024482,NICLBSL,35,48,160,775.00,"124,000.00"
2020-08-11,2020081101024481,NICLBSL,50,48,100,776.00,"77,600.00"
2020-08-11,2020081101024570,NICLBSL,25,38,10,775.00,"7,750.00"
2020-08-11,2020081101024568,NICLBSL,25,46,70,775.00,"54,250.00"
2020-08-11,2020081101024565,NICLBSL,25,38,10,775.00,"7,750.00"
2020-08-11,2020081101024559,NICLBSL,25,11,10,775.00,"7,750.00"
2020-08-11,2020081101024541,NICLBSL,25,1,10,775.00,"7,750.00"
2020-08-11,2020081101024537,NICLBSL,47,44,10,775.00,"7,750.00"
2020-08-11,2020081101024588,NICLBSL,42,48,170,775.00,"131,750.00"
2020-08-11,2020081101024587,NICLBSL,13,48,10,775.00,"7,750.00"
2020-08-11,2020081101024586,NICLBSL,41,48,30,775.00,"23,250.00"
2020-08-11,2020081101024585,NICLBSL,47,48,50,775.00,"38,750.00"
2020-08-11,2020081101024584,NICLBSL,25,48,480,775.00,"372,000.00"
2020-08-11,2020081101024578,NICLBSL,25,40,10,775.00,"7,750.00"
2020-08-11,2020081101024546,NIL,32,33,500,636.00,"318,000.00"
2020-08-11,2020081101024545,NIL,45,33,500,636.00,"318,000.00"
2020-08-11,2020081101024544,NIL,42,33,100,636.00,"63,600.00"
2020-08-11,2020081101024519,NIL,57,50,368,638.00,"234,784.00"
2020-08-11,2020081101024448,NIL,57,46,132,638.00,"84,216.00"
2020-08-11,2020081101024447,NIL,48,46,18,638.00,"11,484.00"
2020-08-11,2020081101024284,NLG,42,50,100,640.00,"64,000.00"
2020-08-11,2020081101024684,NLIC,45,50,900,"1,355.00","1,219,500.00"
2020-08-11,2020081101024683,NLIC,45,49,23,"1,355.00","31,165.00"
2020-08-11,2020081101024652,NLIC,33,16,200,"1,353.00","270,600.00"
2020-08-11,2020081101024622,NLIC,44,7,21,"1,353.00","28,413.00"
2020-08-11,2020081101024621,NLIC,41,7,50,"1,354.00","67,700.00"
2020-08-11,2020081101024500,NLIC,50,49,100,"1,355.00","135,500.00"
2020-08-11,2020081101024325,NLIC,28,45,250,"1,356.00","339,000.00"
2020-08-11,2020081101024450,NLIC,42,49,77,"1,355.00","104,335.00"
2020-08-11,2020081101024445,NLIC,42,40,20,"1,355.00","27,100.00"
2020-08-11,2020081101024430,NLIC,42,45,30,"1,355.00","40,650.00"
2020-08-11,2020081101024385,NLIC,42,29,173,"1,355.00","234,415.00"
2020-08-11,2020081101024384,NLIC,33,29,27,"1,355.00","36,585.00"
2020-08-11,2020081101024326,NLIC,21,45,100,"1,356.00","135,600.00"
2020-08-11,2020081101024771,NMB,47,58,11,426.00,"4,686.00"
2020-08-11,2020081101024766,NMB,47,45,160,426.00,"68,160.00"
2020-08-11,2020081101024765,NMB,47,45,342,426.00,"145,692.00"
2020-08-11,2020081101024677,NMB,47,7,189,426.00,"80,514.00"
2020-08-11,2020081101024618,NMB,47,42,135,426.00,"57,510.00"
2020-08-11,2020081101024520,NMB,47,7,900,426.00,"383,400.00"
2020-08-11,2020081101024298,NMB,32,49,327,426.00,"139,302.00"
2020-08-11,2020081101024297,NMB,58,49,73,426.00,"31,098.00"
2020-08-11,2020081101024441,NMB,47,28,15,426.00,"6,390.00"
2020-08-11,2020081101024354,NMB,47,34,519,426.00,"221,094.00"
2020-08-11,2020081101024353,NMB,36,34,100,426.00,"42,600.00"
2020-08-11,2020081101024352,NMB,47,34,"2,081",426.00,"886,506.00"
2020-08-11,2020081101024324,NMB,47,1,419,426.00,"178,494.00"
2020-08-11,2020081101024323,NMB,32,1,173,426.00,"73,698.00"
2020-08-11,2020081101024315,NMBMF,45,45,3,735.00,"2,205.00"
2020-08-11,2020081101024770,NRIC,41,42,40,588.00,"23,520.00"
2020-08-11,2020081101024759,NRIC,41,10,50,588.00,"29,400.00"
2020-08-11,2020081101024758,NRIC,54,10,200,588.00,"117,600.00"
2020-08-11,2020081101024757,NRIC,55,10,500,588.00,"294,000.00"
2020-08-11,2020081101024756,NRIC,54,10,250,588.00,"147,000.00"
2020-08-11,2020081101024748,NRIC,54,18,30,588.00,"17,640.00"
2020-08-11,2020081101024343,NRIC,16,39,40,589.00,"23,560.00"
2020-08-11,2020081101024342,NRIC,16,1,40,589.00,"23,560.00"
2020-08-11,2020081101024327,NRIC,49,40,10,588.00,"5,880.00"
2020-08-11,2020081101024283,NRIC,44,47,20,589.00,"11,780.00"
2020-08-11,2020081101024378,NRIC,52,47,50,589.00,"29,450.00"
2020-08-11,2020081101024348,NRIC,16,18,40,589.00,"23,560.00"
2020-08-11,2020081101024347,NRIC,16,39,40,589.00,"23,560.00"
2020-08-11,2020081101024346,NRIC,16,20,50,589.00,"29,450.00"
2020-08-11,2020081101024345,NRIC,16,18,40,589.00,"23,560.00"
2020-08-11,2020081101024344,NRIC,16,47,50,589.00,"29,450.00"
2020-08-11,2020081101024580,NRIC,7,16,160,589.00,"94,240.00"
2020-08-11,2020081101024576,NRIC,49,44,50,588.00,"29,400.00"
2020-08-11,2020081101024472,NRIC,57,16,260,589.00,"153,140.00"
2020-08-11,2020081101024403,NRIC,26,16,50,589.00,"29,450.00"
2020-08-11,2020081101024380,NRIC,52,16,230,589.00,"135,470.00"
2020-08-11,2020081101024379,NRIC,52,39,40,589.00,"23,560.00"
2020-08-11,2020081101024733,NRIC,54,3,20,588.00,"11,760.00"
2020-08-11,2020081101024732,NRIC,49,3,20,588.00,"11,760.00"
2020-08-11,2020081101024724,NRIC,49,18,40,588.00,"23,520.00"
2020-08-11,2020081101024704,NRIC,49,18,40,588.00,"23,520.00"
2020-08-11,2020081101024654,NRIC,49,18,40,588.00,"23,520.00"
2020-08-11,2020081101024633,NRIC,49,38,50,588.00,"29,400.00"
2020-08-11,2020081101024764,NSEWA,33,10,10,712.00,"7,120.00"
2020-08-11,2020081101024746,PCBL,39,48,"1,000",270.00,"270,000.00"
2020-08-11,2020081101024745,PCBL,39,14,403,270.00,"108,810.00"
2020-08-11,2020081101024744,PCBL,39,22,200,270.00,"54,000.00"
2020-08-11,2020081101024743,PCBL,39,47,200,270.00,"54,000.00"
2020-08-11,2020081101024742,PCBL,39,26,89,270.00,"24,030.00"
2020-08-11,2020081101024421,PCBL,45,45,4,270.00,"1,080.00"
2020-08-11,2020081101024302,PCBL,39,26,78,270.00,"21,060.00"
2020-08-11,2020081101024655,PFL,5,38,14,151.00,"2,114.00"
2020-08-11,2020081101024727,PIC,50,50,100,651.00,"65,100.00"
2020-08-11,2020081101024691,PIC,50,38,20,651.00,"13,020.00"
2020-08-11,2020081101024638,PIC,50,59,300,651.00,"195,300.00"
2020-08-11,2020081101024561,PIC,57,38,250,652.00,"163,000.00"
2020-08-11,2020081101024560,PIC,57,26,40,651.00,"26,040.00"
2020-08-11,2020081101024716,PLIC,39,34,500,550.00,"275,000.00"
2020-08-11,2020081101024715,PLIC,28,34,"1,000",550.00,"550,000.00"
2020-08-11,2020081101024714,PLIC,58,34,100,551.00,"55,100.00"
2020-08-11,2020081101024630,PLIC,58,49,100,551.00,"55,100.00"
2020-08-11,2020081101024629,PLIC,14,49,100,551.00,"55,100.00"
2020-08-11,2020081101024522,PLIC,45,49,100,552.00,"55,200.00"
2020-08-11,2020081101024521,PLIC,26,49,10,553.00,"5,530.00"
2020-08-11,2020081101024725,PPCL,32,38,30,115.00,"3,450.00"
2020-08-11,2020081101024376,PRVU,55,42,30,234.00,"7,020.00"
2020-08-11,2020081101024375,PRVU,28,42,100,234.00,"23,400.00"
2020-08-11,2020081101024374,PRVU,45,42,100,234.00,"23,400.00"
2020-08-11,2020081101024373,PRVU,56,42,100,234.00,"23,400.00"
2020-08-11,2020081101024372,PRVU,32,42,515,234.00,"120,510.00"
2020-08-11,2020081101024359,RBCL,34,39,10,"9,251.00","92,510.00"
2020-08-11,2020081101024312,RBCL,45,35,10,"9,300.00","93,000.00"
2020-08-11,2020081101024763,RHPL,58,38,50,150.00,"7,500.00"
2020-08-11,2020081101024631,RHPL,58,44,30,150.00,"4,500.00"
2020-08-11,2020081101024610,RHPL,58,45,330,150.00,"49,500.00"
2020-08-11,2020081101024366,RHPL,58,40,10,150.00,"1,500.00"
2020-08-11,2020081101024279,RHPL,58,44,30,150.00,"4,500.00"
2020-08-11,2020081101024488,RMDC,50,44,126,751.00,"94,626.00"
2020-08-11,2020081101024487,RMDC,49,44,50,751.00,"37,550.00"
2020-08-11,2020081101024486,RMDC,14,44,179,752.00,"134,608.00"
2020-08-11,2020081101024485,RMDC,49,44,45,753.00,"33,885.00"
2020-08-11,2020081101024333,RMDC,14,44,181,752.00,"136,112.00"
2020-08-11,2020081101024681,RRHP,41,17,10,94.00,940.00
2020-08-11,2020081101024549,RSDC,19,38,57,501.00,"28,557.00"
2020-08-11,2020081101024548,RSDC,42,38,43,501.00,"21,543.00"
2020-08-11,2020081101024449,RSDC,42,21,10,501.00,"5,010.00"
2020-08-11,2020081101024349,RSDC,42,57,70,501.00,"35,070.00"
2020-08-11,2020081101024661,SABSL,7,6,10,741.00,"7,410.00"
2020-08-11,2020081101024682,SANIMA,42,47,100,350.00,"35,000.00"
2020-08-11,2020081101024465,SANIMA,11,47,383,350.00,"134,050.00"
2020-08-11,2020081101024464,SANIMA,11,4,117,350.00,"40,950.00"
2020-08-11,2020081101024417,SANIMA,45,11,50,349.00,"17,450.00"
2020-08-11,2020081101024329,SANIMA,45,11,100,349.00,"34,900.00"
2020-08-11,2020081101024371,SBI,38,49,50,430.00,"21,500.00"
2020-08-11,2020081101024370,SBI,48,49,50,430.00,"21,500.00"
2020-08-11,2020081101024369,SBI,45,49,300,430.00,"129,000.00"
2020-08-11,2020081101024368,SBI,49,49,13,430.00,"5,590.00"
2020-08-11,2020081101024367,SBI,19,49,10,430.00,"4,300.00"
2020-08-11,2020081101024377,SBL,57,13,100,300.00,"30,000.00"
2020-08-11,2020081101024749,SCB,58,22,100,657.00,"65,700.00"
2020-08-11,2020081101024679,SCB,41,43,10,660.00,"6,600.00"
2020-08-11,2020081101024678,SCB,41,50,90,659.00,"59,310.00"
2020-08-11,2020081101024444,SCB,25,14,20,658.00,"13,160.00"
2020-08-11,2020081101024443,SCB,44,14,12,658.00,"7,896.00"
2020-08-11,2020081101024442,SCB,17,14,31,658.00,"20,398.00"
2020-08-11,2020081101024435,SCB,32,50,10,659.00,"6,590.00"
2020-08-11,2020081101024416,SCB,32,17,25,659.00,"16,475.00"
2020-08-11,2020081101024643,SDESI,16,38,28,817.00,"22,876.00"
2020-08-11,2020081101024502,SHINE,41,48,29,237.00,"6,873.00"
2020-08-11,2020081101024508,SHINE,45,48,641,236.00,"151,276.00"
2020-08-11,2020081101024507,SHINE,22,48,30,236.00,"7,080.00"
2020-08-11,2020081101024506,SHINE,8,48,100,236.00,"23,600.00"
2020-08-11,2020081101024505,SHINE,17,48,100,236.00,"23,600.00"
2020-08-11,2020081101024504,SHINE,47,48,50,237.00,"11,850.00"
2020-08-11,2020081101024503,SHINE,57,48,50,237.00,"11,850.00"
2020-08-11,2020081101024627,SHIVM,44,58,85,592.00,"50,320.00"
2020-08-11,2020081101024626,SHIVM,41,58,10,593.00,"5,930.00"
2020-08-11,2020081101024625,SHIVM,34,58,405,593.00,"240,165.00"
2020-08-11,2020081101024525,SHIVM,34,14,60,593.00,"35,580.00"
2020-08-11,2020081101024473,SHIVM,34,33,200,593.00,"118,600.00"
2020-08-11,2020081101024458,SHIVM,34,51,50,593.00,"29,650.00"
2020-08-11,2020081101024674,SHPC,22,35,14,224.00,"3,136.00"
2020-08-11,2020081101024611,SHPC,48,22,"5,000",225.00,"1,125,000.00"
2020-08-11,2020081101024300,SHPC,48,11,200,226.00,"45,200.00"
2020-08-11,2020081101024281,SHPC,45,11,50,226.00,"11,300.00"
2020-08-11,2020081101024280,SHPC,28,11,"1,487",226.00,"336,062.00"
2020-08-11,2020081101024272,SHPC,34,6,50,228.00,"11,400.00"
2020-08-11,2020081101024709,SICL,35,26,68,"1,238.00","84,184.00"
2020-08-11,2020081101024708,SICL,45,26,107,"1,238.00","132,466.00"
2020-08-11,2020081101024499,SICL,45,38,18,"1,238.00","22,284.00"
2020-08-11,2020081101024498,SICL,56,38,42,"1,238.00","51,996.00"
2020-08-11,2020081101024489,SICL,56,17,25,"1,238.00","30,950.00"
2020-08-11,2020081101024433,SICL,29,29,100,"1,239.00","123,900.00"
2020-08-11,2020081101024717,SIL,7,40,299,620.00,"185,380.00"
2020-08-11,2020081101024571,SIL,7,40,18,620.00,"11,160.00"
2020-08-11,2020081101024311,SJCL,6,44,20,139.00,"2,780.00"
2020-08-11,2020081101024299,SJCL,6,10,20,139.00,"2,780.00"
2020-08-11,2020081101024295,SJCL,6,17,20,139.00,"2,780.00"
2020-08-11,2020081101024646,SJCL,6,44,10,139.00,"1,390.00"
2020-08-11,2020081101024583,SKBBL,45,59,100,"1,260.00","126,000.00"
2020-08-11,2020081101024434,SKBBL,6,19,177,"1,259.00","222,843.00"
2020-08-11,2020081101024696,SLBBL,34,39,50,828.00,"41,400.00"
2020-08-11,2020081101024564,SLICL,41,6,150,453.00,"67,950.00"
2020-08-11,2020081101024463,SLICL,41,55,150,453.00,"67,950.00"
2020-08-11,2020081101024361,SLICL,45,45,4,451.00,"1,804.00"
2020-08-11,2020081101024355,SLICL,57,55,50,453.00,"22,650.00"
2020-08-11,2020081101024730,SMB,57,41,50,840.00,"42,000.00"
2020-08-11,2020081101024642,SMB,57,28,150,840.00,"126,000.00"
2020-08-11,2020081101024641,SMB,49,28,50,841.00,"42,050.00"
2020-08-11,2020081101024285,SMB,49,44,10,841.00,"8,410.00"
2020-08-11,2020081101024461,SWBBL,39,32,318,"1,208.00","384,144.00"
2020-08-11,2020081101024551,UFL,44,8,"1,000",186.00,"186,000.00"
2020-08-11,2020081101024550,UFL,44,34,500,186.00,"93,000.00"
2020-08-11,2020081101024490,UIC,16,14,264,398.00,"105,072.00"
2020-08-11,2020081101024440,UIC,33,44,100,398.00,"39,800.00"
2020-08-11,2020081101024439,UIC,41,44,100,398.00,"39,800.00"
2020-08-11,2020081101024645,UNHPL,59,8,"3,000",62.00,"186,000.00"
2020-08-11,2020081101024540,UNHPL,25,51,500,62.00,"31,000.00"
2020-08-11,2020081101024539,UNHPL,25,51,100,62.00,"6,200.00"
2020-08-11,2020081101024512,UNHPL,57,51,100,62.00,"6,200.00"
2020-08-11,2020081101024460,UNHPL,33,51,50,62.00,"3,100.00"
2020-08-11,2020081101024459,UNHPL,33,25,200,62.00,"12,400.00"
2020-08-11,2020081101024331,UPCL,13,10,50,70.00,"3,500.00"
2020-08-11,2020081101024761,UPPER,41,49,30,225.00,"6,750.00"
2020-08-11,2020081101024760,UPPER,25,49,10,226.00,"2,260.00"
2020-08-11,2020081101024675,UPPER,25,44,50,226.00,"11,300.00"
2020-08-11,2020081101024542,UPPER,25,17,40,226.00,"9,040.00"
2020-08-11,2020081101024407,UPPER,41,10,40,225.00,"9,000.00"
2020-08-11,2020081101024171,ACLBSL,56,34,10,718.00,"7,180.00"
2020-08-11,2020081101024063,ACLBSL,56,49,10,718.00,"7,180.00"
2020-08-11,2020081101023945,ACLBSL,56,26,10,718.00,"7,180.00"
2020-08-11,2020081101023930,ACLBSL,29,28,10,718.00,"7,180.00"
2020-08-11,2020081101024210,ADBL,29,50,6,419.00,"2,514.00"
2020-08-11,2020081101024209,ADBL,29,58,394,419.00,"165,086.00"
2020-08-11,2020081101024208,ADBL,29,58,400,419.00,"167,600.00"
2020-08-11,2020081101024207,ADBL,49,58,206,419.00,"86,314.00"
2020-08-11,2020081101023854,ADBL,45,22,50,420.00,"21,000.00"
2020-08-11,2020081101024132,AHPC,48,26,100,94.00,"9,400.00"
2020-08-11,2020081101024090,AHPC,34,26,99,94.00,"9,306.00"
2020-08-11,2020081101024262,AIL,28,3,10,564.00,"5,640.00"
2020-08-11,2020081101024250,AIL,28,16,10,564.00,"5,640.00"
2020-08-11,2020081101024243,AIL,28,28,10,564.00,"5,640.00"
2020-08-11,2020081101024242,AIL,28,29,10,564.00,"5,640.00"
2020-08-11,2020081101024231,AIL,28,3,10,564.00,"5,640.00"
2020-08-11,2020081101024216,AIL,28,34,10,564.00,"5,640.00"
2020-08-11,2020081101023818,AIL,28,41,10,564.00,"5,640.00"
2020-08-11,2020081101023920,AIL,28,47,10,564.00,"5,640.00"
2020-08-11,2020081101023880,AIL,28,57,10,564.00,"5,640.00"
2020-08-11,2020081101023866,AIL,28,48,10,564.00,"5,640.00"
2020-08-11,2020081101023858,AIL,28,47,10,564.00,"5,640.00"
2020-08-11,2020081101023821,AIL,28,34,10,564.00,"5,640.00"
2020-08-11,2020081101023820,AIL,28,57,10,564.00,"5,640.00"
2020-08-11,2020081101024059,AIL,28,3,10,564.00,"5,640.00"
2020-08-11,2020081101024054,AIL,28,47,10,564.00,"5,640.00"
2020-08-11,2020081101024021,AIL,28,3,10,564.00,"5,640.00"
2020-08-11,2020081101023969,AIL,28,47,10,564.00,"5,640.00"
2020-08-11,2020081101023955,AIL,28,20,10,564.00,"5,640.00"
2020-08-11,2020081101023932,AIL,28,48,10,564.00,"5,640.00"
2020-08-11,2020081101024194,AIL,28,3,10,564.00,"5,640.00"
2020-08-11,2020081101024133,AIL,28,3,10,564.00,"5,640.00"
2020-08-11,2020081101024131,AIL,28,34,10,564.00,"5,640.00"
2020-08-11,2020081101024105,AIL,28,3,10,564.00,"5,640.00"
2020-08-11,2020081101024079,AIL,28,20,10,564.00,"5,640.00"
2020-08-11,2020081101024075,AIL,28,58,10,564.00,"5,640.00"
2020-08-11,2020081101024172,ALBSL,17,49,11,690.00,"7,590.00"
2020-08-11,2020081101024112,ALICL,14,54,100,632.00,"63,200.00"
2020-08-11,2020081101023965,API,55,10,11,106.00,"1,166.00"
2020-08-11,2020081101023791,BFC,57,8,20,101.00,"2,020.00"
2020-08-11,2020081101023789,BOKL,49,55,200,226.00,"45,200.00"
2020-08-11,2020081101024230,BPCL,14,14,35,358.00,"12,530.00"
2020-08-11,2020081101024229,BPCL,47,14,20,358.00,"7,160.00"
2020-08-11,2020081101024163,BPCL,48,40,12,358.00,"4,296.00"
2020-08-11,2020081101024211,CBBL,37,32,20,"1,074.00","21,480.00"
2020-08-11,2020081101024061,CBBL,39,56,29,"1,072.00","31,088.00"
2020-08-11,2020081101024180,CBL,38,45,162,144.00,"23,328.00"
2020-08-11,2020081101024179,CBL,51,45,100,144.00,"14,400.00"
2020-08-11,2020081101024178,CBL,28,45,"1,000",144.00,"144,000.00"
2020-08-11,2020081101024177,CBL,26,45,200,144.00,"28,800.00"
2020-08-11,2020081101024176,CBL,17,45,743,144.00,"106,992.00"
2020-08-11,2020081101024160,CBL,38,48,57,145.00,"8,265.00"
2020-08-11,2020081101024159,CBL,38,21,"1,443",145.00,"209,235.00"
2020-08-11,2020081101024094,CBL,17,45,55,144.00,"7,920.00"
2020-08-11,2020081101024203,CCBL,16,51,637,176.00,"112,112.00"
2020-08-11,2020081101024202,CCBL,25,51,10,176.00,"1,760.00"
2020-08-11,2020081101024093,CCBL,58,19,302,177.00,"53,454.00"
2020-08-11,2020081101024092,CCBL,26,19,30,177.00,"5,310.00"
2020-08-11,2020081101024091,CCBL,58,19,209,177.00,"36,993.00"
2020-08-11,2020081101024037,CCBL,58,10,24,177.00,"4,248.00"
2020-08-11,2020081101024201,CCBL,25,51,"1,000",176.00,"176,000.00"
2020-08-11,2020081101024200,CCBL,51,51,100,176.00,"17,600.00"
2020-08-11,2020081101024199,CCBL,43,51,80,176.00,"14,080.00"
2020-08-11,2020081101024198,CCBL,41,51,550,177.00,"97,350.00"
2020-08-11,2020081101024197,CCBL,58,51,523,177.00,"92,571.00"
2020-08-11,2020081101024170,CCBL,58,38,175,177.00,"30,975.00"
2020-08-11,2020081101024192,CHCL,4,49,350,399.00,"139,650.00"
2020-08-11,2020081101023958,CHCL,42,40,30,400.00,"12,000.00"
2020-08-11,2020081101024268,CIT,50,58,200,"2,615.00","523,000.00"
2020-08-11,2020081101024204,CIT,49,16,50,"2,618.00","130,900.00"
2020-08-11,2020081101024087,CIT,22,58,217,"2,619.00","568,323.00"
2020-08-11,2020081101024086,CIT,16,58,100,"2,620.00","262,000.00"
2020-08-11,2020081101024085,CIT,57,58,20,"2,620.00","52,400.00"
2020-08-11,2020081101024084,CIT,5,58,100,"2,621.00","262,100.00"
2020-08-11,2020081101024083,CIT,45,58,13,"2,622.00","34,086.00"
2020-08-11,2020081101024082,CIT,49,58,220,"2,623.00","577,060.00"
2020-08-11,2020081101024004,CIT,38,25,30,"2,625.00","78,750.00"
2020-08-11,2020081101024003,CIT,35,25,270,"2,626.00","709,020.00"
2020-08-11,2020081101023918,CIT,42,40,20,"2,628.00","52,560.00"
2020-08-11,2020081101023923,CLBSL,53,45,50,686.00,"34,300.00"
2020-08-11,2020081101023922,CLBSL,6,45,20,686.00,"13,720.00"
2020-08-11,2020081101023921,CLBSL,8,45,10,686.00,"6,860.00"
2020-08-11,2020081101023890,CZBIL,14,52,31,200.00,"6,200.00"
2020-08-11,2020081101023889,CZBIL,57,52,170,200.00,"34,000.00"
2020-08-11,2020081101024258,DHPL,22,44,10,49.12,491.20
2020-08-11,2020081101024056,EBL,33,45,81,728.00,"58,968.00"
2020-08-11,2020081101024055,EBL,17,45,70,729.00,"51,030.00"
2020-08-11,2020081101023794,EBL,17,46,100,729.00,"72,900.00"
2020-08-11,2020081101024025,EIC,16,57,"1,646",449.00,"739,054.00"
2020-08-11,2020081101024024,EIC,16,16,100,448.00,"44,800.00"
2020-08-11,2020081101024023,EIC,16,55,525,448.00,"235,200.00"
2020-08-11,2020081101024022,EIC,16,51,20,447.00,"8,940.00"
2020-08-11,2020081101023843,EIC,34,39,150,447.00,"67,050.00"
2020-08-11,2020081101023842,EIC,45,39,200,447.00,"89,400.00"
2020-08-11,2020081101023828,EIC,35,16,100,448.00,"44,800.00"
2020-08-11,2020081101024053,FMDBL,34,14,90,527.00,"47,430.00"
2020-08-11,2020081101023814,FMDBL,49,44,49,530.00,"25,970.00"
2020-08-11,2020081101023813,FMDBL,49,21,107,530.00,"56,710.00"
2020-08-11,2020081101023812,FMDBL,49,45,200,529.00,"105,800.00"
2020-08-11,2020081101023811,FMDBL,49,44,150,528.00,"79,200.00"
2020-08-11,2020081101023810,FMDBL,49,55,94,527.00,"49,538.00"
2020-08-11,2020081101024215,GBIME,42,58,26,257.00,"6,682.00"
2020-08-11,2020081101024115,GBIME,42,38,500,257.00,"128,500.00"
2020-08-11,2020081101024060,GBIME,42,36,17,257.00,"4,369.00"
2020-08-11,2020081101024036,GBIME,42,43,100,257.00,"25,700.00"
2020-08-11,2020081101024035,GBIME,42,57,237,258.00,"61,146.00"
2020-08-11,2020081101024034,GBIME,42,50,64,258.00,"16,512.00"
2020-08-11,2020081101024033,GBIME,42,46,100,258.00,"25,800.00"
2020-08-11,2020081101024032,GBIME,42,17,99,258.00,"25,542.00"
2020-08-11,2020081101023944,GBIME,42,36,157,257.00,"40,349.00"
2020-08-11,2020081101023943,GBIME,38,36,100,257.00,"25,700.00"
2020-08-11,2020081101023942,GBIME,45,36,"1,000",257.00,"257,000.00"
2020-08-11,2020081101023941,GBIME,28,36,743,257.00,"190,951.00"
2020-08-11,2020081101024193,GBLBS,34,28,60,487.00,"29,220.00"
2020-08-11,2020081101023934,GILB,55,38,14,"1,239.00","17,346.00"
2020-08-11,2020081101024240,GLBSL,43,47,13,847.00,"11,011.00"
2020-08-11,2020081101024130,GLBSL,52,43,50,835.00,"41,750.00"
2020-08-11,2020081101024019,GLBSL,46,43,40,832.00,"33,280.00"
2020-08-11,2020081101024018,GLBSL,35,43,10,832.00,"8,320.00"
2020-08-11,2020081101024017,GLBSL,17,43,200,833.00,"166,600.00"
