Date,Transact. No.,Symbol,Buyer,Seller,Quantity,Rate,Amount
2019-07-18,2019071801004334,ADBL,57,45,200,418.00,"83,600.00"
2019-07-18,2019071801004333,ADBL,36,45,500,418.00,"209,000.00"
2019-07-18,2019071801004332,ADBL,44,45,86,418.00,"35,948.00"
2019-07-18,2019071801004319,ADBL,44,43,200,418.00,"83,600.00"
2019-07-18,2019071801004317,ADBL,44,56,600,418.00,"250,800.00"
2019-07-18,2019071801004287,ADBL,58,16,10,419.00,"4,190.00"
2019-07-18,2019071801004033,ADBL,58,16,40,419.00,"16,760.00"
2019-07-18,2019071801003981,ADBL,41,25,100,419.00,"41,900.00"
2019-07-18,2019071801003980,ADBL,11,25,400,419.00,"167,600.00"
2019-07-18,2019071801004262,ADBL,44,43,831,418.00,"347,358.00"
2019-07-18,2019071801004195,ADBL,44,43,200,418.00,"83,600.00"
2019-07-18,2019071801004194,ADBL,44,43,433,418.00,"180,994.00"
2019-07-18,2019071801004103,ADBL,44,56,500,418.00,"209,000.00"
2019-07-18,2019071801004081,ADBL,21,16,20,419.00,"8,380.00"
2019-07-18,2019071801004079,ADBL,6,16,100,419.00,"41,900.00"
2019-07-18,2019071801004253,AKPL,41,39,271,180.00,"48,780.00"
2019-07-18,2019071801004252,AKPL,41,48,70,180.00,"12,600.00"
2019-07-18,2019071801004251,AKPL,41,58,840,178.00,"149,520.00"
2019-07-18,2019071801004181,AKPL,25,58,"1,160",178.00,"206,480.00"
2019-07-18,2019071801004139,AKPL,25,58,340,178.00,"60,520.00"
2019-07-18,2019071801004138,AKPL,16,58,500,178.00,"89,000.00"
2019-07-18,2019071801004137,AKPL,39,58,156,178.00,"27,768.00"
2019-07-18,2019071801004136,AKPL,17,58,50,179.00,"8,950.00"
2019-07-18,2019071801004052,AKPL,8,48,13,180.00,"2,340.00"
2019-07-18,2019071801004175,ALBSL,50,39,10,395.00,"3,950.00"
2019-07-18,2019071801003988,ALBSL,50,22,10,395.00,"3,950.00"
2019-07-18,2019071801003979,ALICL,28,18,300,382.00,"114,600.00"
2019-07-18,2019071801003955,ALICL,28,18,185,382.00,"70,670.00"
2019-07-18,2019071801003954,ALICL,26,18,115,382.00,"43,930.00"
2019-07-18,2019071801004243,API,57,57,827,141.00,"116,607.00"
2019-07-18,2019071801004242,API,57,26,"1,173",141.00,"165,393.00"
2019-07-18,2019071801004066,API,42,26,350,141.00,"49,350.00"
2019-07-18,2019071801004304,BFC,47,1,500,102.00,"51,000.00"
2019-07-18,2019071801004295,BOKL,52,43,50,264.00,"13,200.00"
2019-07-18,2019071801004294,BOKL,21,43,300,264.00,"79,200.00"
2019-07-18,2019071801004171,BOKL,3,33,50,265.00,"13,250.00"
2019-07-18,2019071801004134,BOKL,51,33,101,265.00,"26,765.00"
2019-07-18,2019071801004133,BOKL,51,54,123,265.00,"32,595.00"
2019-07-18,2019071801004132,BOKL,51,14,216,265.00,"57,240.00"
2019-07-18,2019071801004131,BOKL,51,6,500,265.00,"132,500.00"
2019-07-18,2019071801004130,BOKL,51,59,60,265.00,"15,900.00"
2019-07-18,2019071801004122,BPCL,33,17,10,411.00,"4,110.00"
2019-07-18,2019071801004205,CBBL,45,58,60,974.00,"58,440.00"
2019-07-18,2019071801004204,CBBL,45,34,40,974.00,"38,960.00"
2019-07-18,2019071801004113,CBBL,4,33,200,973.00,"194,600.00"
2019-07-18,2019071801004112,CBBL,4,49,50,972.00,"48,600.00"
2019-07-18,2019071801004111,CBBL,4,44,20,970.00,"19,400.00"
2019-07-18,2019071801004110,CBBL,4,42,23,970.00,"22,310.00"
2019-07-18,2019071801004174,CBBLPO,38,44,"11,800",490.00,"5,782,000.00"
2019-07-18,2019071801004367,CBL,44,16,"1,732",160.00,"277,120.00"
2019-07-18,2019071801004366,CBL,44,16,702,160.00,"112,320.00"
2019-07-18,2019071801004365,CBL,44,55,"1,000",159.00,"159,000.00"
2019-07-18,2019071801004364,CBL,44,39,"1,000",159.00,"159,000.00"
2019-07-18,2019071801004363,CBL,44,58,566,159.00,"89,994.00"
2019-07-18,2019071801004337,CBL,35,58,"1,000",159.00,"159,000.00"
2019-07-18,2019071801003895,CBL,38,51,100,159.00,"15,900.00"
2019-07-18,2019071801003934,CBL,44,5,"1,000",160.00,"160,000.00"
2019-07-18,2019071801003933,CBL,44,6,510,160.00,"81,600.00"
2019-07-18,2019071801003932,CBL,44,50,859,160.00,"137,440.00"
2019-07-18,2019071801003931,CBL,44,59,200,159.00,"31,800.00"
2019-07-18,2019071801003930,CBL,44,51,"1,450",159.00,"230,550.00"
2019-07-18,2019071801003905,CBL,6,51,100,159.00,"15,900.00"
2019-07-18,2019071801003940,CBL,44,16,"3,000",160.00,"480,000.00"
2019-07-18,2019071801003939,CBL,44,16,"3,000",160.00,"480,000.00"
2019-07-18,2019071801003938,CBL,44,17,"1,483",160.00,"237,280.00"
2019-07-18,2019071801003937,CBL,44,37,"4,000",160.00,"640,000.00"
2019-07-18,2019071801003936,CBL,44,25,100,160.00,"16,000.00"
2019-07-18,2019071801003935,CBL,44,58,"1,000",160.00,"160,000.00"
2019-07-18,2019071801004220,CBL,47,58,434,159.00,"69,006.00"
2019-07-18,2019071801004142,CBL,33,16,100,160.00,"16,000.00"
2019-07-18,2019071801004127,CBL,58,22,100,159.00,"15,900.00"
2019-07-18,2019071801003943,CBL,44,16,"2,198",160.00,"351,680.00"
2019-07-18,2019071801003942,CBL,44,41,200,160.00,"32,000.00"
2019-07-18,2019071801003941,CBL,44,39,"1,000",160.00,"160,000.00"
2019-07-18,2019071801004255,CCBL,47,7,153,179.00,"27,387.00"
2019-07-18,2019071801004254,CCBL,47,7,347,179.00,"62,113.00"
2019-07-18,2019071801004149,CCBL,45,39,339,178.00,"60,342.00"
2019-07-18,2019071801004026,CCBL,45,29,100,178.00,"17,800.00"
2019-07-18,2019071801004172,CFCL,44,28,"1,964",119.00,"233,716.00"
2019-07-18,2019071801004290,CHCL,58,44,298,517.00,"154,066.00"
2019-07-18,2019071801004289,CHCL,36,44,500,517.00,"258,500.00"
2019-07-18,2019071801004288,CHCL,1,44,802,517.00,"414,634.00"
2019-07-18,2019071801004018,CHCL,28,55,100,518.00,"51,800.00"
2019-07-18,2019071801003879,CHCL,28,6,16,518.00,"8,288.00"
2019-07-18,2019071801003927,CHL,40,45,11,89.00,979.00
2019-07-18,2019071801004024,CIT,35,14,10,"2,460.00","24,600.00"
2019-07-18,2019071801004021,CIT,41,51,10,"2,452.00","24,520.00"
2019-07-18,2019071801004020,CIT,41,51,10,"2,452.00","24,520.00"
2019-07-18,2019071801003892,CIT,14,14,10,"2,460.00","24,600.00"
2019-07-18,2019071801004286,CZBIL,38,55,556,227.00,"126,212.00"
2019-07-18,2019071801004285,CZBIL,45,55,500,227.00,"113,500.00"
2019-07-18,2019071801004284,CZBIL,33,55,200,227.00,"45,400.00"
2019-07-18,2019071801004283,CZBIL,58,55,100,228.00,"22,800.00"
2019-07-18,2019071801004282,CZBIL,1,55,144,228.00,"32,832.00"
2019-07-18,2019071801004246,CZBIL,40,43,379,229.00,"86,791.00"
2019-07-18,2019071801004245,CZBIL,40,51,500,229.00,"114,500.00"
2019-07-18,2019071801004244,CZBIL,40,8,121,229.00,"27,709.00"
2019-07-18,2019071801004207,CZBIL,1,49,56,228.00,"12,768.00"
2019-07-18,2019071801004206,CZBIL,57,49,100,228.00,"22,800.00"
2019-07-18,2019071801003899,CZBIL,29,8,10,229.00,"2,290.00"
2019-07-18,2019071801004108,DBBL,32,59,101,150.00,"15,150.00"
2019-07-18,2019071801004107,DBBL,32,52,99,150.00,"14,850.00"
2019-07-18,2019071801004032,DBBL,48,20,80,148.00,"11,840.00"
2019-07-18,2019071801004031,DBBL,6,20,45,148.00,"6,660.00"
2019-07-18,2019071801004030,DBBL,38,20,100,148.00,"14,800.00"
2019-07-18,2019071801004029,DBBL,36,20,100,148.00,"14,800.00"
2019-07-18,2019071801004028,DBBL,42,20,"1,000",148.00,"148,000.00"
2019-07-18,2019071801004027,DBBL,57,20,175,149.00,"26,075.00"
2019-07-18,2019071801004150,DDBL,34,54,20,735.00,"14,700.00"
2019-07-18,2019071801004109,DDBL,34,41,300,735.00,"220,500.00"
2019-07-18,2019071801004023,DDBL,34,41,180,735.00,"132,300.00"
2019-07-18,2019071801004303,EBL,44,59,100,675.00,"67,500.00"
2019-07-18,2019071801004185,EIC,54,11,100,370.00,"37,000.00"
2019-07-18,2019071801004095,EIC,41,47,14,365.00,"5,110.00"
2019-07-18,2019071801004094,EIC,40,47,100,365.00,"36,500.00"
2019-07-18,2019071801004093,EIC,42,47,48,365.00,"17,520.00"
2019-07-18,2019071801004092,EIC,19,47,138,368.00,"50,784.00"
2019-07-18,2019071801004310,FMDBL,17,14,25,385.00,"9,625.00"
2019-07-18,2019071801004085,FMDBL,25,14,30,385.00,"11,550.00"
2019-07-18,2019071801004356,FOWAD,43,49,100,"1,326.00","132,600.00"
2019-07-18,2019071801004203,FOWAD,43,16,70,"1,326.00","92,820.00"
2019-07-18,2019071801004202,FOWAD,38,16,50,"1,330.00","66,500.00"
2019-07-18,2019071801004201,FOWAD,47,16,10,"1,331.00","13,310.00"
2019-07-18,2019071801003970,GBBL,13,16,"1,000",229.00,"229,000.00"
2019-07-18,2019071801003969,GBBL,40,16,104,229.00,"23,816.00"
2019-07-18,2019071801004368,GBLBS,6,13,100,348.00,"34,800.00"
2019-07-18,2019071801004276,GBLBS,21,13,140,347.00,"48,580.00"
2019-07-18,2019071801004275,GBLBS,21,13,300,347.00,"104,100.00"
2019-07-18,2019071801004274,GBLBS,21,13,250,347.00,"86,750.00"
2019-07-18,2019071801004273,GBLBS,14,13,700,348.00,"243,600.00"
2019-07-18,2019071801004272,GBLBS,33,13,400,349.00,"139,600.00"
2019-07-18,2019071801004051,GBLBS,14,52,300,348.00,"104,400.00"
2019-07-18,2019071801004084,GDBL,13,32,300,217.00,"65,100.00"
2019-07-18,2019071801004019,GDBL,13,59,18,217.00,"3,906.00"
2019-07-18,2019071801004005,GMFBS,21,51,20,454.00,"9,080.00"
2019-07-18,2019071801003966,GMFBS,21,39,10,454.00,"4,540.00"
2019-07-18,2019071801004055,HBL,16,35,148,559.00,"82,732.00"
2019-07-18,2019071801004271,HIDCL,47,32,143,162.00,"23,166.00"
2019-07-18,2019071801004219,ICFC,4,46,"1,900",164.00,"311,600.00"
2019-07-18,2019071801004025,IGI,26,17,18,358.00,"6,444.00"
2019-07-18,2019071801004342,ILBS,17,42,10,393.00,"3,930.00"
2019-07-18,2019071801004323,ILBS,7,13,20,395.00,"7,900.00"
2019-07-18,2019071801004316,ILBS,10,42,10,392.00,"3,920.00"
2019-07-18,2019071801004306,ILBS,10,28,10,392.00,"3,920.00"
2019-07-18,2019071801004300,ILBS,17,42,10,393.00,"3,930.00"
2019-07-18,2019071801004296,ILBS,17,28,10,393.00,"3,930.00"
2019-07-18,2019071801003891,ILBS,42,28,10,390.00,"3,900.00"
2019-07-18,2019071801003889,ILBS,34,6,10,390.00,"3,900.00"
2019-07-18,2019071801003878,ILBS,34,28,10,390.00,"3,900.00"
2019-07-18,2019071801004178,ILBS,10,42,10,392.00,"3,920.00"
2019-07-18,2019071801004097,ILBS,10,33,200,392.00,"78,400.00"
2019-07-18,2019071801004096,ILBS,8,33,100,393.00,"39,300.00"
2019-07-18,2019071801004004,ILBS,10,28,10,392.00,"3,920.00"
2019-07-18,2019071801003967,ILBS,10,28,10,392.00,"3,920.00"
2019-07-18,2019071801003953,ILBS,33,28,10,391.00,"3,910.00"
2019-07-18,2019071801004279,ILBS,17,28,10,393.00,"3,930.00"
2019-07-18,2019071801004277,ILBS,17,42,10,393.00,"3,930.00"
2019-07-18,2019071801004241,ILBS,17,42,10,393.00,"3,930.00"
2019-07-18,2019071801004217,ILBS,10,42,10,392.00,"3,920.00"
2019-07-18,2019071801004196,ILBS,10,42,10,392.00,"3,920.00"
2019-07-18,2019071801004190,ILBS,10,39,10,392.00,"3,920.00"
2019-07-18,2019071801004309,JBBL,51,7,500,165.00,"82,500.00"
2019-07-18,2019071801004308,JBBL,51,17,305,165.00,"50,325.00"
2019-07-18,2019071801004199,JBBL,39,38,925,164.00,"151,700.00"
2019-07-18,2019071801004198,JBBL,29,38,421,164.00,"69,044.00"
2019-07-18,2019071801004078,JBBL,29,17,88,164.00,"14,432.00"
2019-07-18,2019071801004077,JBBL,58,17,200,164.00,"32,800.00"
2019-07-18,2019071801004076,JBBL,21,17,13,164.00,"2,132.00"
2019-07-18,2019071801004070,JBBL,21,17,100,164.00,"16,400.00"
2019-07-18,2019071801004034,JBBL,21,17,167,164.00,"27,388.00"
2019-07-18,2019071801003916,JOSHI,14,6,10,77.00,770.00
2019-07-18,2019071801004184,KBL,46,34,500,224.00,"112,000.00"
2019-07-18,2019071801004305,KPCL,59,39,10,92.00,920.00
2019-07-18,2019071801004227,KSBBL,50,46,201,162.00,"32,562.00"
2019-07-18,2019071801003976,KSBBL,21,36,"2,000",162.00,"324,000.00"
2019-07-18,2019071801004266,LBBL,33,33,700,203.00,"142,100.00"
2019-07-18,2019071801004148,LBBL,33,28,550,203.00,"111,650.00"
2019-07-18,2019071801004115,LBBL,32,52,600,202.00,"121,200.00"
2019-07-18,2019071801004050,LBBL,43,57,500,202.00,"101,000.00"
2019-07-18,2019071801004049,LBBL,14,57,500,202.00,"101,000.00"
2019-07-18,2019071801004048,LBBL,33,57,500,202.00,"101,000.00"
2019-07-18,2019071801004047,LBBL,36,57,"1,000",202.00,"202,000.00"
2019-07-18,2019071801003949,LBBL,33,28,450,203.00,"91,350.00"
2019-07-18,2019071801004362,LBL,16,16,"10,791",224.00,"2,417,184.00"
2019-07-18,2019071801004346,LBL,49,55,"1,401",227.00,"318,027.00"
2019-07-18,2019071801004345,LBL,26,55,60,227.00,"13,620.00"
2019-07-18,2019071801004344,LBL,39,55,39,228.00,"8,892.00"
2019-07-18,2019071801004330,LBL,39,38,376,228.00,"85,728.00"
2019-07-18,2019071801004329,LBL,54,38,35,229.00,"8,015.00"
2019-07-18,2019071801004326,LBL,54,26,15,229.00,"3,435.00"
2019-07-18,2019071801004191,LBL,39,28,85,228.00,"19,380.00"
2019-07-18,2019071801004143,LBL,36,28,500,228.00,"114,000.00"
2019-07-18,2019071801004123,LBL,54,26,85,229.00,"19,465.00"
2019-07-18,2019071801004351,LICN,35,44,200,"1,602.00","320,400.00"
2019-07-18,2019071801004350,LICN,14,44,100,"1,603.00","160,300.00"
2019-07-18,2019071801004349,LICN,4,44,100,"1,604.00","160,400.00"
2019-07-18,2019071801004348,LICN,58,44,50,"1,606.00","80,300.00"
2019-07-18,2019071801004249,LICN,1,10,50,"1,610.00","80,500.00"
2019-07-18,2019071801003907,LVF1,43,43,"9,648",10.21,"98,506.08"
2019-07-18,2019071801004121,MBL,14,58,"2,296",271.00,"622,216.00"
2019-07-18,2019071801004059,MBL,14,19,500,271.00,"135,500.00"
2019-07-18,2019071801003946,MBL,14,25,"1,500",271.00,"406,500.00"
2019-07-18,2019071801003922,MBL,14,40,300,271.00,"81,300.00"
2019-07-18,2019071801003921,MBL,14,6,95,271.00,"25,745.00"
2019-07-18,2019071801004336,MEGA,6,22,30,217.00,"6,510.00"
2019-07-18,2019071801004335,MEGA,58,22,20,217.00,"4,340.00"
2019-07-18,2019071801004193,MEGA,8,57,"1,924",218.00,"419,432.00"
2019-07-18,2019071801004192,MEGA,8,42,76,218.00,"16,568.00"
2019-07-18,2019071801004168,MEGA,55,42,24,218.00,"5,232.00"
2019-07-18,2019071801004167,MEGA,55,43,100,218.00,"21,800.00"
2019-07-18,2019071801003982,MEGA,14,52,97,217.00,"21,049.00"
2019-07-18,2019071801003975,MEGA,21,41,100,218.00,"21,800.00"
2019-07-18,2019071801003968,MEGA,6,41,50,218.00,"10,900.00"
2019-07-18,2019071801003963,MEGA,14,10,44,217.00,"9,548.00"
2019-07-18,2019071801003894,MEGA,14,46,500,217.00,"108,500.00"
2019-07-18,2019071801004053,MEGA,14,28,"1,000",217.00,"217,000.00"
2019-07-18,2019071801004015,MEGA,14,10,67,217.00,"14,539.00"
2019-07-18,2019071801004014,MEGA,14,26,505,217.00,"109,585.00"
2019-07-18,2019071801003992,MEGA,14,46,25,217.00,"5,425.00"
2019-07-18,2019071801003986,MEGA,14,10,75,217.00,"16,275.00"
2019-07-18,2019071801003983,MEGA,14,52,303,217.00,"65,751.00"
2019-07-18,2019071801004166,MEGA,55,41,15,218.00,"3,270.00"
2019-07-18,2019071801004128,MEGA,55,45,661,217.00,"143,437.00"
2019-07-18,2019071801004105,MEGA,55,52,200,217.00,"43,400.00"
2019-07-18,2019071801004104,MEGA,55,51,"1,000",217.00,"217,000.00"
2019-07-18,2019071801004069,MEGA,38,51,50,217.00,"10,850.00"
2019-07-18,2019071801004068,MEGA,14,51,25,217.00,"5,425.00"
2019-07-18,2019071801003952,MERO,34,51,26,520.00,"13,520.00"
2019-07-18,2019071801003951,MERO,54,51,20,520.00,"10,400.00"
2019-07-18,2019071801003950,MERO,37,51,40,525.00,"21,000.00"
2019-07-18,2019071801003990,MFIL,40,4,500,126.00,"63,000.00"
2019-07-18,2019071801004003,MLBBL,41,57,68,392.00,"26,656.00"
2019-07-18,2019071801004002,MLBBL,22,57,60,393.00,"23,580.00"
2019-07-18,2019071801004001,MLBBL,35,57,50,394.00,"19,700.00"
2019-07-18,2019071801004000,MLBBL,17,57,20,395.00,"7,900.00"
2019-07-18,2019071801003999,MLBBL,13,57,15,397.00,"5,955.00"
2019-07-18,2019071801003873,MLBL,20,25,400,200.00,"80,000.00"
2019-07-18,2019071801003872,MLBL,20,14,162,200.00,"32,400.00"
2019-07-18,2019071801004233,MNBBL,25,44,100,386.00,"38,600.00"
2019-07-18,2019071801003957,MNBBL,21,42,20,384.00,"7,680.00"
2019-07-18,2019071801004338,NABIL,5,16,37,812.00,"30,044.00"
2019-07-18,2019071801004270,NABIL,54,33,26,808.00,"21,008.00"
2019-07-18,2019071801004269,NABIL,1,33,100,808.00,"80,800.00"
2019-07-18,2019071801004268,NABIL,4,33,74,808.00,"59,792.00"
2019-07-18,2019071801004232,NABIL,4,59,220,808.00,"177,760.00"
2019-07-18,2019071801004231,NABIL,5,59,500,809.00,"404,500.00"
2019-07-18,2019071801004071,NABIL,6,56,10,810.00,"8,100.00"
2019-07-18,2019071801003977,NABIL,5,41,202,815.00,"164,630.00"
2019-07-18,2019071801003948,NABIL,5,43,443,814.00,"360,602.00"
2019-07-18,2019071801003920,NABIL,58,43,108,814.00,"87,912.00"
2019-07-18,2019071801003919,NABIL,58,11,56,814.00,"45,584.00"
2019-07-18,2019071801003918,NABIL,58,43,336,813.00,"273,168.00"
2019-07-18,2019071801004230,NABIL,5,59,130,810.00,"105,300.00"
2019-07-18,2019071801004229,NABIL,50,59,150,811.00,"121,650.00"
2019-07-18,2019071801004173,NABIL,5,45,283,810.00,"229,230.00"
2019-07-18,2019071801004160,NABIL,5,45,117,810.00,"94,770.00"
2019-07-18,2019071801004116,NABIL,5,45,100,810.00,"81,000.00"
2019-07-18,2019071801004072,NABIL,5,56,46,810.00,"37,260.00"
2019-07-18,2019071801004311,NAGRO,18,1,50,502.00,"25,100.00"
2019-07-18,2019071801004291,NAGRO,18,39,10,502.00,"5,020.00"
2019-07-18,2019071801004239,NAGRO,18,53,80,502.00,"40,160.00"
2019-07-18,2019071801004238,NAGRO,18,19,10,502.00,"5,020.00"
2019-07-18,2019071801004237,NAGRO,18,17,10,501.00,"5,010.00"
2019-07-18,2019071801004236,NAGRO,18,42,10,500.00,"5,000.00"
2019-07-18,2019071801004129,NAGRO,35,40,10,496.00,"4,960.00"
2019-07-18,2019071801004209,NBB,55,1,131,226.00,"29,606.00"
2019-07-18,2019071801004120,NBB,55,49,200,226.00,"45,200.00"
2019-07-18,2019071801004067,NBB,55,41,515,226.00,"116,390.00"
2019-07-18,2019071801003984,NBB,55,58,156,226.00,"35,256.00"
2019-07-18,2019071801003965,NBB,55,58,383,226.00,"86,558.00"
2019-07-18,2019071801003958,NBB,55,58,473,226.00,"106,898.00"
2019-07-18,2019071801003897,NBB,55,58,142,226.00,"32,092.00"
2019-07-18,2019071801003896,NBB,40,58,358,226.00,"80,908.00"
2019-07-18,2019071801004250,NBL,45,33,100,342.00,"34,200.00"
2019-07-18,2019071801004216,NBL,49,33,200,342.00,"68,400.00"
2019-07-18,2019071801004145,NBL,5,33,750,342.00,"256,500.00"
2019-07-18,2019071801004144,NBL,5,1,250,342.00,"85,500.00"
2019-07-18,2019071801004102,NBL,6,33,70,342.00,"23,940.00"
2019-07-18,2019071801004101,NBL,6,33,30,342.00,"10,260.00"
2019-07-18,2019071801004036,NBL,35,33,"5,000",342.00,"1,710,000.00"
2019-07-18,2019071801004035,NBL,49,33,150,342.00,"51,300.00"
2019-07-18,2019071801004009,NBL,49,4,50,342.00,"17,100.00"
2019-07-18,2019071801003923,NBL,21,42,500,343.00,"171,500.00"
2019-07-18,2019071801003893,NBL,44,42,140,343.00,"48,020.00"
2019-07-18,2019071801004042,NBL,35,33,20,342.00,"6,840.00"
2019-07-18,2019071801004041,NBL,59,33,500,342.00,"171,000.00"
2019-07-18,2019071801004040,NBL,56,33,"1,000",342.00,"342,000.00"
2019-07-18,2019071801004039,NBL,38,33,200,342.00,"68,400.00"
2019-07-18,2019071801004038,NBL,33,33,"5,000",342.00,"1,710,000.00"
2019-07-18,2019071801004037,NBL,21,33,500,342.00,"171,000.00"
2019-07-18,2019071801004318,NCCB,57,25,500,249.00,"124,500.00"
2019-07-18,2019071801004278,NCCB,33,39,100,250.00,"25,000.00"
2019-07-18,2019071801004124,NCCB,57,35,185,249.00,"46,065.00"
2019-07-18,2019071801004119,NCCB,6,35,100,249.00,"24,900.00"
2019-07-18,2019071801003945,NCCB,47,35,45,249.00,"11,205.00"
2019-07-18,2019071801003944,NCCB,47,51,55,249.00,"13,695.00"
2019-07-18,2019071801003885,NCCB,10,5,68,248.00,"16,864.00"
2019-07-18,2019071801003884,NCCB,20,5,167,248.00,"41,416.00"
2019-07-18,2019071801003883,NCCB,19,5,100,248.00,"24,800.00"
2019-07-18,2019071801003882,NCCB,34,5,65,248.00,"16,120.00"
2019-07-18,2019071801004353,NHPC,56,56,10,66.00,660.00
2019-07-18,2019071801004328,NHPC,43,52,"1,000",65.00,"65,000.00"
2019-07-18,2019071801004327,NHPC,54,52,500,65.00,"32,500.00"
2019-07-18,2019071801004358,NIBLPF,6,26,"2,000",7.55,"15,100.00"
2019-07-18,2019071801003917,NIBLPF,52,57,154,7.52,"1,158.08"
2019-07-18,2019071801004215,NIBPO,34,16,"2,000",473.00,"946,000.00"
2019-07-18,2019071801004214,NIBPO,42,16,300,475.00,"142,500.00"
2019-07-18,2019071801004213,NIBPO,17,16,50,475.00,"23,750.00"
2019-07-18,2019071801004212,NIBPO,45,16,120,475.00,"57,000.00"
2019-07-18,2019071801004211,NIBPO,44,16,50,475.00,"23,750.00"
2019-07-18,2019071801004210,NIBPO,35,16,30,476.00,"14,280.00"
2019-07-18,2019071801004339,NICA,54,25,400,459.00,"183,600.00"
2019-07-18,2019071801004235,NICA,28,14,200,458.00,"91,600.00"
2019-07-18,2019071801004164,NICA,6,25,100,459.00,"45,900.00"
2019-07-18,2019071801004146,NICA,41,25,50,459.00,"22,950.00"
2019-07-18,2019071801004082,NICA,28,25,200,459.00,"91,800.00"
2019-07-18,2019071801004008,NICA,28,13,327,458.00,"149,766.00"
2019-07-18,2019071801004007,NICA,42,13,50,458.00,"22,900.00"
2019-07-18,2019071801004006,NICA,52,13,25,458.00,"11,450.00"
2019-07-18,2019071801003956,NICA,1,25,50,459.00,"22,950.00"
2019-07-18,2019071801003902,NICA,52,25,200,458.00,"91,600.00"
2019-07-18,2019071801004322,NICL,55,51,140,350.00,"49,000.00"
2019-07-18,2019071801004321,NICL,57,51,150,350.00,"52,500.00"
2019-07-18,2019071801004234,NICL,43,51,10,353.00,"3,530.00"
2019-07-18,2019071801004118,NICL,14,6,200,350.00,"70,000.00"
2019-07-18,2019071801004117,NICL,42,6,150,351.00,"52,650.00"
2019-07-18,2019071801004361,NIL,4,38,27,492.00,"13,284.00"
2019-07-18,2019071801004360,NIL,21,38,100,492.00,"49,200.00"
2019-07-18,2019071801003890,NLBBL,1,57,120,490.00,"58,800.00"
2019-07-18,2019071801004359,NLIC,49,4,"3,000",895.00,"2,685,000.00"
2019-07-18,2019071801004307,NLIC,49,44,69,895.00,"61,755.00"
2019-07-18,2019071801004263,NLIC,49,4,"5,000",895.00,"4,475,000.00"
2019-07-18,2019071801004177,NLIC,49,4,"3,980",895.00,"3,562,100.00"
2019-07-18,2019071801004176,NLIC,45,4,20,896.00,"17,920.00"
2019-07-18,2019071801004159,NLIC,49,4,"5,616",895.00,"5,026,320.00"
2019-07-18,2019071801004152,NLIC,46,4,51,898.00,"45,798.00"
2019-07-18,2019071801004151,NLIC,6,4,10,898.00,"8,980.00"
2019-07-18,2019071801004158,NLIC,41,4,100,895.00,"89,500.00"
2019-07-18,2019071801004157,NLIC,48,4,30,895.00,"26,850.00"
2019-07-18,2019071801004156,NLIC,39,4,100,895.00,"89,500.00"
2019-07-18,2019071801004155,NLIC,25,4,33,896.00,"29,568.00"
2019-07-18,2019071801004154,NLIC,1,4,50,897.00,"44,850.00"
2019-07-18,2019071801004153,NLIC,11,4,10,897.00,"8,970.00"
2019-07-18,2019071801004352,NLICL,28,42,10,605.00,"6,050.00"
2019-07-18,2019071801004292,NLICL,6,14,100,602.00,"60,200.00"
2019-07-18,2019071801004248,NLICL,43,42,10,605.00,"6,050.00"
2019-07-18,2019071801003900,NLICL,6,42,100,602.00,"60,200.00"
2019-07-18,2019071801003898,NMBSF1,58,43,"4,500",10.90,"49,050.00"
2019-07-18,2019071801004054,NSEWA,7,14,30,400.00,"12,000.00"
2019-07-18,2019071801004357,NTC,4,46,30,693.00,"20,790.00"
2019-07-18,2019071801003874,NTC,47,28,200,694.00,"138,800.00"
2019-07-18,2019071801003877,OHL,5,51,200,616.00,"123,200.00"
2019-07-18,2019071801003876,OHL,55,51,160,616.00,"98,560.00"
2019-07-18,2019071801004186,PCBL,6,25,166,285.00,"47,310.00"
2019-07-18,2019071801004180,PCBL,42,58,"1,900",284.00,"539,600.00"
2019-07-18,2019071801004179,PCBL,48,58,100,284.00,"28,400.00"
2019-07-18,2019071801004075,PCBL,38,25,100,285.00,"28,500.00"
2019-07-18,2019071801004074,PCBL,44,25,100,285.00,"28,500.00"
2019-07-18,2019071801004073,PCBL,34,25,134,285.00,"38,190.00"
2019-07-18,2019071801004046,PCBL,34,13,481,285.00,"137,085.00"
2019-07-18,2019071801003996,PCBL,34,55,385,285.00,"109,725.00"
2019-07-18,2019071801003995,PCBL,41,55,"1,000",285.00,"285,000.00"
2019-07-18,2019071801003994,PCBL,54,55,10,285.00,"2,850.00"
2019-07-18,2019071801003993,PCBL,58,55,605,285.00,"172,425.00"
2019-07-18,2019071801003978,PCBL,58,42,235,285.00,"66,975.00"
2019-07-18,2019071801004315,PIC,45,14,20,492.00,"9,840.00"
2019-07-18,2019071801004265,PLIC,41,35,50,439.00,"21,950.00"
2019-07-18,2019071801004264,PLIC,7,35,10,439.00,"4,390.00"
2019-07-18,2019071801004369,PMHPL,56,39,10,107.00,"1,070.00"
2019-07-18,2019071801004343,PMHPL,56,39,10,107.00,"1,070.00"
2019-07-18,2019071801004331,PRIN,59,43,10,376.00,"3,760.00"
2019-07-18,2019071801004340,PROFL,44,32,721,112.00,"80,752.00"
2019-07-18,2019071801004125,PROFL,44,59,300,112.00,"33,600.00"
2019-07-18,2019071801004056,PROFL,44,5,500,112.00,"56,000.00"
2019-07-18,2019071801003989,PROFL,44,59,300,112.00,"33,600.00"
2019-07-18,2019071801003964,PROFL,44,47,400,112.00,"44,800.00"
2019-07-18,2019071801004320,PRVU,22,16,133,273.00,"36,309.00"
2019-07-18,2019071801004302,PRVU,22,36,400,273.00,"109,200.00"
2019-07-18,2019071801004183,PRVU,22,7,102,273.00,"27,846.00"
2019-07-18,2019071801004182,PRVU,43,7,398,273.00,"108,654.00"
2019-07-18,2019071801004100,PRVU,43,33,102,273.00,"27,846.00"
2019-07-18,2019071801003904,PRVU,46,59,42,273.00,"11,466.00"
2019-07-18,2019071801003875,PRVU,10,51,118,274.00,"32,332.00"
2019-07-18,2019071801004099,PRVU,56,33,658,273.00,"179,634.00"
2019-07-18,2019071801003909,PRVU,56,55,342,273.00,"93,366.00"
2019-07-18,2019071801003908,PRVU,46,55,158,273.00,"43,134.00"
2019-07-18,2019071801003913,RBCL,14,6,10,"9,321.00","93,210.00"
2019-07-18,2019071801003912,RBCL,47,6,20,"9,322.00","186,440.00"
2019-07-18,2019071801003911,RBCL,16,6,10,"9,350.00","93,500.00"
2019-07-18,2019071801003910,RBCL,16,6,10,"9,350.00","93,500.00"
2019-07-18,2019071801003887,RBCLPO,33,42,10,"8,500.00","85,000.00"
2019-07-18,2019071801003886,RBCLPO,50,42,10,"8,501.00","85,010.00"
2019-07-18,2019071801003985,RHPC,26,1,200,91.00,"18,200.00"
2019-07-18,2019071801003960,RLFL,53,1,200,123.00,"24,600.00"
2019-07-18,2019071801003959,RLFL,41,1,100,123.00,"12,300.00"
2019-07-18,2019071801003906,SADBL,26,55,100,159.00,"15,900.00"
2019-07-18,2019071801004057,SANIMA,14,58,"1,022",357.00,"364,854.00"
2019-07-18,2019071801004017,SANIMA,1,58,56,357.00,"19,992.00"
2019-07-18,2019071801003947,SANIMA,1,43,244,357.00,"87,108.00"
2019-07-18,2019071801004341,SBI,11,59,50,473.00,"23,650.00"
2019-07-18,2019071801003888,SBI,42,43,250,475.00,"118,750.00"
2019-07-18,2019071801003914,SBL,28,59,296,327.00,"96,792.00"
2019-07-18,2019071801003903,SBL,28,59,704,327.00,"230,208.00"
2019-07-18,2019071801004091,SCB,35,56,137,678.00,"92,886.00"
2019-07-18,2019071801004090,SCB,21,56,300,678.00,"203,400.00"
2019-07-18,2019071801004089,SCB,54,56,100,678.00,"67,800.00"
2019-07-18,2019071801004088,SCB,18,56,104,680.00,"70,720.00"
2019-07-18,2019071801004087,SCB,13,56,39,680.00,"26,520.00"
2019-07-18,2019071801004010,SCB,17,48,10,682.00,"6,820.00"
2019-07-18,2019071801003926,SCB,13,20,111,680.00,"75,480.00"
2019-07-18,2019071801003925,SCB,13,20,150,680.00,"102,000.00"
2019-07-18,2019071801003924,SCB,14,20,48,680.00,"32,640.00"
2019-07-18,2019071801004370,SDESI,59,40,10,602.00,"6,020.00"
2019-07-18,2019071801004280,SEF,46,22,"2,500",9.93,"24,825.00"
2019-07-18,2019071801004058,SEF,41,22,"2,500",9.93,"24,825.00"
2019-07-18,2019071801004045,SFFIL,47,6,30,215.00,"6,450.00"
2019-07-18,2019071801004044,SFFIL,41,6,201,215.00,"43,215.00"
2019-07-18,2019071801004043,SFFIL,21,6,50,216.00,"10,800.00"
2019-07-18,2019071801004126,SHINE,33,51,100,252.00,"25,200.00"
2019-07-18,2019071801004354,SHIVM,45,39,100,630.00,"63,000.00"
2019-07-18,2019071801004347,SHIVM,18,42,500,631.00,"315,500.00"
2019-07-18,2019071801004301,SHIVM,45,7,300,630.00,"189,000.00"
2019-07-18,2019071801004293,SHIVM,5,7,100,630.00,"63,000.00"
2019-07-18,2019071801004281,SHIVM,32,38,830,626.00,"519,580.00"
2019-07-18,2019071801004261,SHIVM,29,38,100,626.00,"62,600.00"
2019-07-18,2019071801003974,SHIVM,21,50,50,631.00,"31,550.00"
2019-07-18,2019071801003973,SHIVM,21,33,100,631.00,"63,100.00"
2019-07-18,2019071801003962,SHIVM,42,58,390,629.00,"245,310.00"
2019-07-18,2019071801003961,SHIVM,19,58,100,630.00,"63,000.00"
2019-07-18,2019071801003901,SHIVM,29,33,50,631.00,"31,550.00"
2019-07-18,2019071801004016,SHIVM,29,50,190,629.00,"119,510.00"
2019-07-18,2019071801004013,SHIVM,48,44,20,628.00,"12,560.00"
2019-07-18,2019071801004012,SHIVM,22,44,30,628.00,"18,840.00"
2019-07-18,2019071801004011,SHIVM,32,50,200,629.00,"125,800.00"
2019-07-18,2019071801003998,SHIVM,1,50,200,629.00,"125,800.00"
2019-07-18,2019071801003997,SHIVM,42,50,60,629.00,"37,740.00"
2019-07-18,2019071801004086,SHIVM,22,41,305,628.00,"191,540.00"
2019-07-18,2019071801004065,SHIVM,1,7,200,628.00,"125,600.00"
2019-07-18,2019071801004064,SHIVM,42,7,100,628.00,"62,800.00"
2019-07-18,2019071801004063,SHIVM,42,7,200,628.00,"125,600.00"
2019-07-18,2019071801004062,SHIVM,5,7,500,628.00,"314,000.00"
2019-07-18,2019071801004061,SHIVM,48,7,980,628.00,"615,440.00"
2019-07-18,2019071801004218,SHIVM,38,38,30,630.00,"18,900.00"
2019-07-18,2019071801004189,SHIVM,45,35,80,627.00,"50,160.00"
2019-07-18,2019071801004188,SHIVM,22,35,320,628.00,"200,960.00"
2019-07-18,2019071801004187,SHIVM,6,35,100,629.00,"62,900.00"
2019-07-18,2019071801004169,SHIVM,22,52,180,628.00,"113,040.00"
2019-07-18,2019071801004163,SHIVM,32,49,100,629.00,"62,900.00"
2019-07-18,2019071801004226,SHIVM,45,50,200,631.00,"126,200.00"
2019-07-18,2019071801004225,SHIVM,1,26,260,627.00,"163,020.00"
2019-07-18,2019071801004224,SHIVM,44,26,100,627.00,"62,700.00"
2019-07-18,2019071801004223,SHIVM,21,26,50,627.00,"31,350.00"
2019-07-18,2019071801004222,SHIVM,45,26,120,627.00,"75,240.00"
2019-07-18,2019071801004221,SHIVM,38,26,170,630.00,"107,100.00"
2019-07-18,2019071801004260,SHIVM,42,38,"2,000",626.00,"1,252,000.00"
2019-07-18,2019071801004259,SHIVM,6,38,30,626.00,"18,780.00"
2019-07-18,2019071801004258,SHIVM,32,38,200,627.00,"125,400.00"
2019-07-18,2019071801004257,SHIVM,21,38,10,627.00,"6,270.00"
2019-07-18,2019071801004256,SHIVM,1,38,240,627.00,"150,480.00"
2019-07-18,2019071801004228,SHIVM,45,7,100,631.00,"63,100.00"
2019-07-18,2019071801003987,SHL,49,55,150,233.00,"34,950.00"
2019-07-18,2019071801004080,SIC,6,57,290,613.00,"177,770.00"
2019-07-18,2019071801003915,SICL,6,29,150,780.00,"117,000.00"
2019-07-18,2019071801004355,SIL,44,41,10,473.00,"4,730.00"
2019-07-18,2019071801004297,SKBBL,4,54,300,983.00,"294,900.00"
2019-07-18,2019071801004170,SKBBL,4,44,200,983.00,"196,600.00"
2019-07-18,2019071801004106,SLBSL,52,40,10,537.00,"5,370.00"
2019-07-18,2019071801004247,SLICL,59,35,10,466.00,"4,660.00"
2019-07-18,2019071801004083,SLICL,50,1,28,462.00,"12,936.00"
2019-07-18,2019071801003881,SMFBS,10,47,10,473.00,"4,730.00"
2019-07-18,2019071801004267,SPARS,29,39,10,426.00,"4,260.00"
2019-07-18,2019071801004208,SPARS,29,39,10,426.00,"4,260.00"
2019-07-18,2019071801004147,SPARS,42,57,10,427.00,"4,270.00"
2019-07-18,2019071801004314,SRBL,18,51,100,256.00,"25,600.00"
2019-07-18,2019071801004313,SRBL,18,51,70,256.00,"17,920.00"
2019-07-18,2019071801004312,SRBL,18,6,31,256.00,"7,936.00"
2019-07-18,2019071801004240,SRBL,54,1,69,255.00,"17,595.00"
2019-07-18,2019071801003880,SRBL,54,21,31,255.00,"7,905.00"
2019-07-18,2019071801004371,SWBBL,4,20,100,903.00,"90,300.00"
2019-07-18,2019071801004197,SWBBL,45,54,100,905.00,"90,500.00"
2019-07-18,2019071801004200,TRH,17,52,50,317.00,"15,850.00"
2019-07-18,2019071801004162,UIC,26,7,29,860.00,"24,940.00"
2019-07-18,2019071801004161,UIC,56,7,100,862.00,"86,200.00"
2019-07-18,2019071801004325,UPPER,47,55,60,283.00,"16,980.00"
2019-07-18,2019071801004324,UPPER,47,44,40,283.00,"11,320.00"
2019-07-18,2019071801004299,UPPER,18,7,100,282.00,"28,200.00"
2019-07-18,2019071801004298,UPPER,1,7,200,282.00,"56,400.00"
2019-07-18,2019071801004165,UPPER,1,52,300,282.00,"84,600.00"
2019-07-18,2019071801003928,UPPER,26,33,221,282.00,"62,322.00"
2019-07-18,2019071801004022,UPPER,44,7,40,282.00,"11,280.00"
2019-07-18,2019071801003991,UPPER,44,7,50,282.00,"14,100.00"
2019-07-18,2019071801003972,UPPER,44,33,"2,000",282.00,"564,000.00"
2019-07-18,2019071801003971,UPPER,44,41,250,282.00,"70,500.00"
2019-07-18,2019071801003929,UPPER,44,33,779,282.00,"219,678.00"
2019-07-18,2019071801004141,UPPER,1,43,500,282.00,"141,000.00"
2019-07-18,2019071801004140,UPPER,40,43,500,282.00,"141,000.00"
2019-07-18,2019071801004135,UPPER,44,16,381,282.00,"107,442.00"
2019-07-18,2019071801004114,UPPER,28,44,50,283.00,"14,150.00"
2019-07-18,2019071801004098,UPPER,44,5,500,282.00,"141,000.00"
2019-07-18,2019071801004060,UPPER,44,40,"1,000",282.00,"282,000.00"
2019-07-18,2019071801003834,ADBL,11,51,100,419.00,"41,900.00"
2019-07-18,2019071801003542,ADBL,5,43,67,420.00,"28,140.00"
2019-07-18,2019071801003433,ADBL,50,38,86,419.00,"36,034.00"
2019-07-18,2019071801003402,ADBL,50,51,82,419.00,"34,358.00"
2019-07-18,2019071801003821,AKJCL,49,25,80,71.00,"5,680.00"
2019-07-18,2019071801003385,AKJCL,29,6,20,70.00,"1,400.00"
2019-07-18,2019071801003571,AKPL,48,55,13,179.00,"2,327.00"
2019-07-18,2019071801003570,AKPL,48,55,10,179.00,"1,790.00"
2019-07-18,2019071801003811,ALBSL,6,29,35,395.00,"13,825.00"
2019-07-18,2019071801003810,ALBSL,39,29,65,395.00,"25,675.00"
2019-07-18,2019071801003464,ALBSL,39,6,10,395.00,"3,950.00"
2019-07-18,2019071801003425,ALICL,26,56,31,382.00,"11,842.00"
2019-07-18,2019071801003424,ALICL,58,56,80,383.00,"30,640.00"
2019-07-18,2019071801003791,API,20,26,10,141.00,"1,410.00"
2019-07-18,2019071801003790,API,29,26,50,141.00,"7,050.00"
2019-07-18,2019071801003760,API,25,26,500,141.00,"70,500.00"
2019-07-18,2019071801003759,API,42,26,87,141.00,"12,267.00"
2019-07-18,2019071801003745,API,42,26,213,141.00,"30,033.00"
2019-07-18,2019071801003744,API,42,26,187,141.00,"26,367.00"
2019-07-18,2019071801003688,API,42,26,430,141.00,"60,630.00"
2019-07-18,2019071801003615,API,42,29,483,141.00,"68,103.00"
2019-07-18,2019071801003614,API,32,29,200,141.00,"28,200.00"
2019-07-18,2019071801003613,API,25,29,217,141.00,"30,597.00"
2019-07-18,2019071801003852,BOKL,51,20,100,264.00,"26,400.00"
2019-07-18,2019071801003807,BOKL,51,8,100,264.00,"26,400.00"
2019-07-18,2019071801003806,BOKL,51,8,200,264.00,"52,800.00"
2019-07-18,2019071801003805,BOKL,28,8,100,264.00,"26,400.00"
2019-07-18,2019071801003800,BOKL,28,8,200,264.00,"52,800.00"
2019-07-18,2019071801003575,BOKL,59,59,20,265.00,"5,300.00"
2019-07-18,2019071801003422,BOKL,51,11,500,264.00,"132,000.00"
2019-07-18,2019071801003421,BOKL,51,34,875,264.00,"231,000.00"
2019-07-18,2019071801003850,BPCL,49,38,16,406.00,"6,496.00"
2019-07-18,2019071801003798,BPCL,49,7,900,406.00,"365,400.00"
2019-07-18,2019071801003797,BPCL,48,7,100,407.00,"40,700.00"
2019-07-18,2019071801003796,BPCL,43,7,200,407.00,"81,400.00"
2019-07-18,2019071801003753,BPCL,38,43,200,409.00,"81,800.00"
2019-07-18,2019071801003752,BPCL,14,43,100,410.00,"41,000.00"
2019-07-18,2019071801003401,BPCL,3,56,22,411.00,"9,042.00"
2019-07-18,2019071801003786,CBBL,4,42,77,970.00,"74,690.00"
2019-07-18,2019071801003785,CBBL,4,42,100,970.00,"97,000.00"
2019-07-18,2019071801003784,CBBL,4,56,460,970.00,"446,200.00"
2019-07-18,2019071801003783,CBBL,4,42,63,969.00,"61,047.00"
2019-07-18,2019071801003473,CBBL,43,42,37,969.00,"35,853.00"
2019-07-18,2019071801003451,CBBL,43,42,100,969.00,"96,900.00"
2019-07-18,2019071801003832,CBBLPO,38,44,"11,800",490.00,"5,782,000.00"
2019-07-18,2019071801003838,CBL,38,51,200,159.00,"31,800.00"
2019-07-18,2019071801003562,CBL,47,40,19,158.00,"3,002.00"
2019-07-18,2019071801003520,CBL,59,51,150,159.00,"23,850.00"
2019-07-18,2019071801003504,CBL,47,50,47,158.00,"7,426.00"
2019-07-18,2019071801003503,CBL,44,50,453,158.00,"71,574.00"
2019-07-18,2019071801003396,CBL,43,42,508,159.00,"80,772.00"
2019-07-18,2019071801003716,CCBL,45,33,50,178.00,"8,900.00"
2019-07-18,2019071801003702,CCBL,54,5,146,180.00,"26,280.00"
2019-07-18,2019071801003701,CCBL,54,43,54,179.00,"9,666.00"
2019-07-18,2019071801003410,CCBL,45,38,696,178.00,"123,888.00"
2019-07-18,2019071801003409,CCBL,41,38,500,178.00,"89,000.00"
2019-07-18,2019071801003408,CCBL,41,38,"1,047",179.00,"187,413.00"
2019-07-18,2019071801003374,CCBL,17,5,650,180.00,"117,000.00"
2019-07-18,2019071801003485,CEFL,4,44,283,102.00,"28,866.00"
2019-07-18,2019071801003484,CEFL,4,51,417,101.00,"42,117.00"
2019-07-18,2019071801003598,CFCL,44,36,36,119.00,"4,284.00"
2019-07-18,2019071801003751,CHCL,28,44,950,518.00,"492,100.00"
2019-07-18,2019071801003750,CHCL,42,44,50,518.00,"25,900.00"
2019-07-18,2019071801003749,CHCL,35,44,300,518.00,"155,400.00"
2019-07-18,2019071801003748,CHCL,59,44,200,519.00,"103,800.00"
2019-07-18,2019071801003720,CIT,14,36,90,"2,460.00","221,400.00"
2019-07-18,2019071801003726,CZBIL,54,8,19,229.00,"4,351.00"
2019-07-18,2019071801003725,CZBIL,54,51,181,229.00,"41,449.00"
2019-07-18,2019071801003721,CZBIL,57,51,10,228.00,"2,280.00"
2019-07-18,2019071801003509,CZBIL,57,42,10,228.00,"2,280.00"
2019-07-18,2019071801003419,CZBIL,57,29,10,228.00,"2,280.00"
2019-07-18,2019071801003405,CZBIL,57,29,10,228.00,"2,280.00"
2019-07-18,2019071801003395,CZBIL,57,29,10,228.00,"2,280.00"
2019-07-18,2019071801003375,CZBIL,57,29,10,228.00,"2,280.00"
2019-07-18,2019071801003541,DBBL,26,51,"2,000",148.00,"296,000.00"
2019-07-18,2019071801003808,DDBL,34,21,15,735.00,"11,025.00"
2019-07-18,2019071801003765,DDBL,34,41,100,735.00,"73,500.00"
2019-07-18,2019071801003630,DDBL,34,10,70,735.00,"51,450.00"
2019-07-18,2019071801003574,DDBL,34,51,97,735.00,"71,295.00"
2019-07-18,2019071801003860,EBL,44,11,14,675.00,"9,450.00"
2019-07-18,2019071801003859,EBL,57,11,37,676.00,"25,012.00"
2019-07-18,2019071801003855,EBL,57,51,33,676.00,"22,308.00"
2019-07-18,2019071801003848,EBL,44,35,67,675.00,"45,225.00"
2019-07-18,2019071801003847,EBL,1,35,103,675.00,"69,525.00"
2019-07-18,2019071801003742,EBL,1,42,272,675.00,"183,600.00"
2019-07-18,2019071801003429,EBL,14,58,500,676.00,"338,000.00"
2019-07-18,2019071801003428,EBL,14,58,500,676.00,"338,000.00"
2019-07-18,2019071801003427,EBL,56,58,20,676.00,"13,520.00"
2019-07-18,2019071801003741,EBL,32,42,228,675.00,"153,900.00"
2019-07-18,2019071801003687,EBL,48,51,100,676.00,"67,600.00"
2019-07-18,2019071801003616,EBL,42,42,462,678.00,"313,236.00"
2019-07-18,2019071801003432,EBL,32,58,272,675.00,"183,600.00"
2019-07-18,2019071801003431,EBL,53,58,15,675.00,"10,125.00"
2019-07-18,2019071801003430,EBL,19,58,"1,000",675.00,"675,000.00"
2019-07-18,2019071801003391,EDBL,59,36,50,283.00,"14,150.00"
2019-07-18,2019071801003390,EDBL,37,36,200,283.00,"56,600.00"
2019-07-18,2019071801003737,FMDBL,17,47,50,381.00,"19,050.00"
2019-07-18,2019071801003746,GBLBS,5,59,20,350.00,"7,000.00"
2019-07-18,2019071801003413,GBLBS,26,35,50,346.00,"17,300.00"
2019-07-18,2019071801003412,GBLBS,55,35,50,346.00,"17,300.00"
2019-07-18,2019071801003512,GDBL,40,17,650,218.00,"141,700.00"
2019-07-18,2019071801003620,GDBL,6,53,100,219.00,"21,900.00"
2019-07-18,2019071801003851,GFCL,1,46,25,135.00,"3,375.00"
2019-07-18,2019071801003477,GFCL,59,32,600,136.00,"81,600.00"
2019-07-18,2019071801003470,GMFBS,33,55,40,455.00,"18,200.00"
2019-07-18,2019071801003734,GRDBL,33,36,50,115.00,"5,750.00"
2019-07-18,2019071801003733,GRDBL,37,36,500,115.00,"57,500.00"
2019-07-18,2019071801003732,GRDBL,19,36,165,115.00,"18,975.00"
2019-07-18,2019071801003499,HBL,59,55,70,560.00,"39,200.00"
2019-07-18,2019071801003498,HBL,59,28,180,560.00,"100,800.00"
2019-07-18,2019071801003497,HBL,59,21,50,559.00,"27,950.00"
2019-07-18,2019071801003418,HGI,1,20,100,356.00,"35,600.00"
2019-07-18,2019071801003417,HGI,48,20,50,356.00,"17,800.00"
2019-07-18,2019071801003416,HGI,11,20,100,356.00,"35,600.00"
2019-07-18,2019071801003415,HGI,43,20,300,357.00,"107,100.00"
2019-07-18,2019071801003414,HGI,51,20,100,357.00,"35,700.00"
2019-07-18,2019071801003446,HURJA,41,25,20,142.00,"2,840.00"
2019-07-18,2019071801003445,HURJA,41,25,20,142.00,"2,840.00"
2019-07-18,2019071801003444,HURJA,41,25,20,142.00,"2,840.00"
2019-07-18,2019071801003862,ILBS,34,28,10,390.00,"3,900.00"
2019-07-18,2019071801003854,ILBS,34,28,10,390.00,"3,900.00"
2019-07-18,2019071801003846,ILBS,51,28,10,391.00,"3,910.00"
2019-07-18,2019071801003830,ILBS,51,28,10,391.00,"3,910.00"
2019-07-18,2019071801003815,ILBS,51,28,10,391.00,"3,910.00"
2019-07-18,2019071801003795,ILBS,51,28,10,391.00,"3,910.00"
2019-07-18,2019071801003437,ILBS,29,33,10,394.00,"3,940.00"
2019-07-18,2019071801003513,ILBS,14,11,10,394.00,"3,940.00"
2019-07-18,2019071801003442,ILBS,14,33,50,393.00,"19,650.00"
2019-07-18,2019071801003441,ILBS,50,33,30,393.00,"11,790.00"
2019-07-18,2019071801003440,ILBS,42,33,100,393.00,"39,300.00"
2019-07-18,2019071801003439,ILBS,48,33,10,394.00,"3,940.00"
2019-07-18,2019071801003438,ILBS,19,33,100,394.00,"39,400.00"
2019-07-18,2019071801003581,ILBS,25,28,10,392.00,"3,920.00"
2019-07-18,2019071801003579,ILBS,25,28,10,392.00,"3,920.00"
2019-07-18,2019071801003577,ILBS,25,28,10,392.00,"3,920.00"
2019-07-18,2019071801003572,ILBS,25,28,10,392.00,"3,920.00"
2019-07-18,2019071801003555,ILBS,14,28,10,393.00,"3,930.00"
2019-07-18,2019071801003553,ILBS,14,40,10,393.00,"3,930.00"
2019-07-18,2019071801003632,ILBS,25,28,10,392.00,"3,920.00"
2019-07-18,2019071801003629,ILBS,25,28,10,392.00,"3,920.00"
2019-07-18,2019071801003612,ILBS,25,28,10,392.00,"3,920.00"
2019-07-18,2019071801003609,ILBS,25,41,10,392.00,"3,920.00"
2019-07-18,2019071801003600,ILBS,25,28,10,392.00,"3,920.00"
2019-07-18,2019071801003597,ILBS,25,28,10,392.00,"3,920.00"
2019-07-18,2019071801003657,ILBS,35,21,10,391.00,"3,910.00"
2019-07-18,2019071801003646,ILBS,35,21,10,391.00,"3,910.00"
2019-07-18,2019071801003645,ILBS,35,20,10,391.00,"3,910.00"
2019-07-18,2019071801003641,ILBS,35,28,10,391.00,"3,910.00"
2019-07-18,2019071801003637,ILBS,35,28,10,391.00,"3,910.00"
2019-07-18,2019071801003633,ILBS,51,28,10,392.00,"3,920.00"
2019-07-18,2019071801003679,ILBS,35,28,10,391.00,"3,910.00"
2019-07-18,2019071801003674,ILBS,35,21,10,391.00,"3,910.00"
2019-07-18,2019071801003664,ILBS,35,28,10,391.00,"3,910.00"
2019-07-18,2019071801003663,ILBS,35,21,10,391.00,"3,910.00"
2019-07-18,2019071801003661,ILBS,35,20,10,391.00,"3,910.00"
2019-07-18,2019071801003660,ILBS,35,28,10,391.00,"3,910.00"
2019-07-18,2019071801003700,ILBS,35,20,10,391.00,"3,910.00"
2019-07-18,2019071801003692,ILBS,35,28,10,391.00,"3,910.00"
2019-07-18,2019071801003689,ILBS,35,21,10,391.00,"3,910.00"
2019-07-18,2019071801003683,ILBS,35,21,10,391.00,"3,910.00"
2019-07-18,2019071801003682,ILBS,35,28,10,391.00,"3,910.00"
2019-07-18,2019071801003681,ILBS,35,20,10,391.00,"3,910.00"
2019-07-18,2019071801003772,ILBS,51,28,10,391.00,"3,910.00"
2019-07-18,2019071801003730,ILBS,34,28,10,390.00,"3,900.00"
2019-07-18,2019071801003729,ILBS,35,21,10,391.00,"3,910.00"
2019-07-18,2019071801003718,ILBS,35,21,10,391.00,"3,910.00"
2019-07-18,2019071801003717,ILBS,35,28,10,391.00,"3,910.00"
2019-07-18,2019071801003715,ILBS,35,21,10,391.00,"3,910.00"
2019-07-18,2019071801003868,JBBL,21,22,10,164.00,"1,640.00"
2019-07-18,2019071801003490,JBBL,21,17,200,164.00,"32,800.00"
2019-07-18,2019071801003469,JBBL,21,17,10,164.00,"1,640.00"
2019-07-18,2019071801003372,JBBL,56,17,100,165.00,"16,500.00"
2019-07-18,2019071801003373,JOSHI,56,56,20,78.00,"1,560.00"
2019-07-18,2019071801003793,KBL,32,34,900,224.00,"201,600.00"
2019-07-18,2019071801003792,KBL,32,34,100,224.00,"22,400.00"
2019-07-18,2019071801003561,KBL,43,49,10,223.00,"2,230.00"
2019-07-18,2019071801003560,KBL,43,49,90,223.00,"20,070.00"
2019-07-18,2019071801003547,KBL,43,48,410,223.00,"91,430.00"
2019-07-18,2019071801003546,KBL,47,48,30,223.00,"6,690.00"
2019-07-18,2019071801003545,KBL,43,48,500,223.00,"111,500.00"
2019-07-18,2019071801003544,KBL,16,48,60,223.00,"13,380.00"
2019-07-18,2019071801003426,KBL,16,38,206,223.00,"45,938.00"
2019-07-18,2019071801003411,KPCL,56,56,10,93.00,930.00
2019-07-18,2019071801003384,KRBL,40,41,500,116.00,"58,000.00"
2019-07-18,2019071801003383,KRBL,34,41,82,116.00,"9,512.00"
2019-07-18,2019071801003870,LBBL,42,25,500,204.00,"102,000.00"
2019-07-18,2019071801003824,LBBL,33,28,550,203.00,"111,650.00"
2019-07-18,2019071801003823,LBBL,7,28,850,203.00,"172,550.00"
2019-07-18,2019071801003822,LBBL,14,28,600,203.00,"121,800.00"
2019-07-18,2019071801003763,LBBL,14,35,300,203.00,"60,900.00"
2019-07-18,2019071801003511,LBBL,14,50,100,203.00,"20,300.00"
2019-07-18,2019071801003510,LBBL,32,50,400,203.00,"81,200.00"
2019-07-18,2019071801003804,LBL,54,3,115,229.00,"26,335.00"
2019-07-18,2019071801003636,LBL,49,56,"1,000",228.00,"228,000.00"
2019-07-18,2019071801003565,LBL,49,58,"2,000",228.00,"456,000.00"
2019-07-18,2019071801003379,LBL,26,44,40,227.00,"9,080.00"
2019-07-18,2019071801003378,LBL,58,44,160,227.00,"36,320.00"
2019-07-18,2019071801003515,LGIL,14,56,194,438.00,"84,972.00"
2019-07-18,2019071801003514,LGIL,11,56,100,438.00,"43,800.00"
2019-07-18,2019071801003462,LGIL,44,40,10,440.00,"4,400.00"
2019-07-18,2019071801003461,LGIL,17,40,552,440.00,"242,880.00"
2019-07-18,2019071801003781,MBL,18,8,200,270.00,"54,000.00"
2019-07-18,2019071801003768,MBL,18,50,500,270.00,"135,000.00"
2019-07-18,2019071801003756,MBL,54,6,105,271.00,"28,455.00"
2019-07-18,2019071801003755,MBL,54,25,95,271.00,"25,745.00"
2019-07-18,2019071801003659,MBL,18,10,300,270.00,"81,000.00"
2019-07-18,2019071801003658,MBL,45,10,100,270.00,"27,000.00"
2019-07-18,2019071801003580,MBL,52,21,128,270.00,"34,560.00"
2019-07-18,2019071801003502,MBL,52,56,300,270.00,"81,000.00"
2019-07-18,2019071801003849,MEGA,14,26,"1,359",217.00,"294,903.00"
2019-07-18,2019071801003770,MEGA,7,26,984,217.00,"213,528.00"
2019-07-18,2019071801003739,MEGA,7,19,16,217.00,"3,472.00"
2019-07-18,2019071801003738,MEGA,7,19,184,217.00,"39,928.00"
2019-07-18,2019071801003610,MEGA,7,51,100,217.00,"21,700.00"
2019-07-18,2019071801003563,MEGA,7,13,"1,000",217.00,"217,000.00"
2019-07-18,2019071801003500,MEGA,7,37,165,218.00,"35,970.00"
2019-07-18,2019071801003475,MEGA,14,17,55,217.00,"11,935.00"
2019-07-18,2019071801003404,MEGA,14,50,500,217.00,"108,500.00"
2019-07-18,2019071801003400,MEGA,42,37,35,218.00,"7,630.00"
2019-07-18,2019071801003399,MEGA,42,51,238,218.00,"51,884.00"
2019-07-18,2019071801003386,MEGA,14,42,651,217.00,"141,267.00"
2019-07-18,2019071801003525,MEGA,7,25,216,217.00,"46,872.00"
2019-07-18,2019071801003524,MEGA,29,25,50,217.00,"10,850.00"
2019-07-18,2019071801003523,MEGA,43,25,500,217.00,"108,500.00"
2019-07-18,2019071801003522,MEGA,1,25,200,217.00,"43,400.00"
2019-07-18,2019071801003521,MEGA,14,25,34,217.00,"7,378.00"
2019-07-18,2019071801003501,MEGA,7,41,835,218.00,"182,030.00"
2019-07-18,2019071801003599,MHNL,59,56,30,105.00,"3,150.00"
2019-07-18,2019071801003595,MHNL,56,45,30,106.00,"3,180.00"
2019-07-18,2019071801003871,MLBL,20,14,162,200.00,"32,400.00"
2019-07-18,2019071801003743,MNBBL,19,42,32,384.00,"12,288.00"
2019-07-18,2019071801003655,MNBBL,41,42,20,384.00,"7,680.00"
2019-07-18,2019071801003654,MNBBL,45,42,118,384.00,"45,312.00"
2019-07-18,2019071801003653,MNBBL,41,42,300,385.00,"115,500.00"
2019-07-18,2019071801003652,MNBBL,1,42,10,385.00,"3,850.00"
2019-07-18,2019071801003557,NABIL,58,29,84,814.00,"68,376.00"
2019-07-18,2019071801003556,NABIL,58,43,416,814.00,"338,624.00"
2019-07-18,2019071801003508,NABIL,5,40,112,813.00,"91,056.00"
2019-07-18,2019071801003389,NABIL,4,16,"1,706",808.00,"1,378,448.00"
2019-07-18,2019071801003388,NABIL,1,16,88,808.00,"71,104.00"
2019-07-18,2019071801003407,NAGRO,21,40,10,495.00,"4,950.00"
2019-07-18,2019071801003845,NBB,40,29,123,226.00,"27,798.00"
2019-07-18,2019071801003724,NBB,40,13,519,226.00,"117,294.00"
2019-07-18,2019071801003723,NBB,40,13,481,226.00,"108,706.00"
2019-07-18,2019071801003468,NBB,55,41,501,228.00,"114,228.00"
2019-07-18,2019071801003467,NBB,55,28,500,228.00,"114,000.00"
2019-07-18,2019071801003466,NBB,55,37,500,228.00,"114,000.00"
2019-07-18,2019071801003465,NBB,55,6,52,228.00,"11,856.00"
2019-07-18,2019071801003443,NBB,40,56,200,226.00,"45,200.00"
2019-07-18,2019071801003820,NBL,8,42,500,343.00,"171,500.00"
2019-07-18,2019071801003819,NBL,55,42,"1,000",343.00,"343,000.00"
2019-07-18,2019071801003818,NBL,47,42,100,343.00,"34,300.00"
2019-07-18,2019071801003817,NBL,11,42,100,343.00,"34,300.00"
2019-07-18,2019071801003816,NBL,39,42,500,343.00,"171,500.00"
2019-07-18,2019071801003809,NBL,47,4,50,343.00,"17,150.00"
2019-07-18,2019071801003543,NBL,44,40,500,344.00,"172,000.00"
2019-07-18,2019071801003449,NBL,44,1,500,344.00,"172,000.00"
2019-07-18,2019071801003377,NBL,44,1,450,344.00,"154,800.00"
2019-07-18,2019071801003376,NBL,47,1,50,344.00,"17,200.00"
2019-07-18,2019071801003623,NBL,6,29,"2,000",344.00,"688,000.00"
2019-07-18,2019071801003622,NBL,44,29,200,344.00,"68,800.00"
2019-07-18,2019071801003617,NBL,44,4,50,344.00,"17,200.00"
2019-07-18,2019071801003602,NBL,44,4,50,344.00,"17,200.00"
2019-07-18,2019071801003596,NBL,44,37,250,344.00,"86,000.00"
2019-07-18,2019071801003573,NBL,44,25,"1,000",344.00,"344,000.00"
2019-07-18,2019071801003722,NBL,22,4,50,343.00,"17,150.00"
2019-07-18,2019071801003685,NBL,22,4,50,343.00,"17,150.00"
2019-07-18,2019071801003675,NBL,22,4,50,343.00,"17,150.00"
2019-07-18,2019071801003662,NBL,22,4,50,343.00,"17,150.00"
2019-07-18,2019071801003625,NBL,37,29,100,344.00,"34,400.00"
2019-07-18,2019071801003624,NBL,17,29,50,344.00,"17,200.00"
2019-07-18,2019071801003767,NBL,45,57,210,343.00,"72,030.00"
2019-07-18,2019071801003766,NBL,22,57,290,343.00,"99,470.00"
2019-07-18,2019071801003762,NBL,22,4,50,343.00,"17,150.00"
2019-07-18,2019071801003754,NBL,22,4,200,343.00,"68,600.00"
2019-07-18,2019071801003747,NBL,22,4,50,343.00,"17,150.00"
2019-07-18,2019071801003731,NBL,22,4,50,343.00,"17,150.00"
2019-07-18,2019071801003777,NBL,57,25,100,343.00,"34,300.00"
2019-07-18,2019071801003776,NBL,52,25,500,343.00,"171,500.00"
2019-07-18,2019071801003775,NBL,48,25,250,343.00,"85,750.00"
2019-07-18,2019071801003774,NBL,38,25,100,343.00,"34,300.00"
2019-07-18,2019071801003773,NBL,45,25,240,343.00,"82,320.00"
2019-07-18,2019071801003771,NBL,45,4,50,343.00,"17,150.00"
2019-07-18,2019071801003803,NBL,58,4,50,343.00,"17,150.00"
2019-07-18,2019071801003789,NBL,58,4,50,343.00,"17,150.00"
2019-07-18,2019071801003782,NBL,58,1,20,343.00,"6,860.00"
2019-07-18,2019071801003780,NBL,58,25,280,343.00,"96,040.00"
2019-07-18,2019071801003779,NBL,57,25,500,343.00,"171,500.00"
2019-07-18,2019071801003778,NBL,42,25,30,343.00,"10,290.00"
2019-07-18,2019071801003387,NCCB,34,52,100,248.00,"24,800.00"
2019-07-18,2019071801003568,NEF,7,47,300,8.81,"2,643.00"
2019-07-18,2019071801003567,NEF,7,47,100,8.81,881.00
2019-07-18,2019071801003566,NEF,7,47,100,8.85,885.00
2019-07-18,2019071801003537,NHPC,52,56,10,66.00,660.00
2019-07-18,2019071801003713,NIB,41,16,100,520.00,"52,000.00"
2019-07-18,2019071801003712,NIB,35,16,100,520.00,"52,000.00"
2019-07-18,2019071801003711,NIB,40,16,500,520.00,"260,000.00"
2019-07-18,2019071801003710,NIB,6,16,500,520.00,"260,000.00"
2019-07-18,2019071801003709,NIB,55,16,60,520.00,"31,200.00"
2019-07-18,2019071801003708,NIB,57,16,100,520.00,"52,000.00"
2019-07-18,2019071801003601,NIB,43,16,259,522.00,"135,198.00"
2019-07-18,2019071801003707,NIB,32,16,63,520.00,"32,760.00"
2019-07-18,2019071801003706,NIB,55,16,200,521.00,"104,200.00"
2019-07-18,2019071801003705,NIB,1,16,103,521.00,"53,663.00"
2019-07-18,2019071801003704,NIB,7,16,100,521.00,"52,100.00"
2019-07-18,2019071801003703,NIB,34,16,100,521.00,"52,100.00"
2019-07-18,2019071801003638,NIB,43,43,291,522.00,"151,902.00"
2019-07-18,2019071801003864,NICA,52,44,75,458.00,"34,350.00"
2019-07-18,2019071801003863,NICA,55,44,25,458.00,"11,450.00"
2019-07-18,2019071801003736,NICA,55,47,185,458.00,"84,730.00"
2019-07-18,2019071801003735,NICA,43,47,460,458.00,"210,680.00"
2019-07-18,2019071801003472,NICA,14,17,100,460.00,"46,000.00"
2019-07-18,2019071801003471,NICA,14,34,"3,003",460.00,"1,381,380.00"
2019-07-18,2019071801003526,NIL,14,56,180,493.00,"88,740.00"
2019-07-18,2019071801003519,NIL,14,56,100,493.00,"49,300.00"
2019-07-18,2019071801003486,NIL,44,32,10,494.00,"4,940.00"
2019-07-18,2019071801003554,NLBBL,28,25,50,490.00,"24,500.00"
2019-07-18,2019071801003649,NLG,42,36,84,736.00,"61,824.00"
2019-07-18,2019071801003648,NLG,39,36,200,736.00,"147,200.00"
2019-07-18,2019071801003647,NLG,44,36,50,737.00,"36,850.00"
2019-07-18,2019071801003608,NLIC,11,4,"1,490",897.00,"1,336,530.00"
2019-07-18,2019071801003607,NLIC,42,4,500,897.00,"448,500.00"
2019-07-18,2019071801003606,NLIC,6,4,90,897.00,"80,730.00"
2019-07-18,2019071801003605,NLIC,41,4,100,898.00,"89,800.00"
2019-07-18,2019071801003604,NLIC,36,4,20,898.00,"17,960.00"
2019-07-18,2019071801003603,NLIC,43,4,200,898.00,"179,600.00"
2019-07-18,2019071801003626,NLICL,45,48,96,600.00,"57,600.00"
2019-07-18,2019071801003569,NLICL,35,48,45,601.00,"27,045.00"
2019-07-18,2019071801003564,NLICL,35,49,129,601.00,"77,529.00"
2019-07-18,2019071801003518,NLICL,35,36,16,601.00,"9,616.00"
2019-07-18,2019071801003505,NLICL,35,25,10,601.00,"6,010.00"
2019-07-18,2019071801003559,NMBSF1,58,56,"5,000",10.90,"54,500.00"
2019-07-18,2019071801003686,NTC,40,28,285,694.00,"197,790.00"
2019-07-18,2019071801003666,NUBL,4,19,70,860.00,"60,200.00"
2019-07-18,2019071801003665,NUBL,19,19,30,861.00,"25,830.00"
2019-07-18,2019071801003853,PCBL,43,8,36,286.00,"10,296.00"
2019-07-18,2019071801003787,PCBL,54,58,200,287.00,"57,400.00"
2019-07-18,2019071801003517,PCBL,11,58,10,287.00,"2,870.00"
2019-07-18,2019071801003460,PCBL,43,1,164,286.00,"46,904.00"
2019-07-18,2019071801003454,PCBL,47,1,50,286.00,"14,300.00"
2019-07-18,2019071801003453,PCBL,5,1,200,286.00,"57,200.00"
2019-07-18,2019071801003452,PCBL,6,1,86,286.00,"24,596.00"
2019-07-18,2019071801003450,PCBL,6,11,200,286.00,"57,200.00"
2019-07-18,2019071801003699,PIC,17,33,50,490.00,"24,500.00"
2019-07-18,2019071801003698,PIC,54,33,100,490.00,"49,000.00"
2019-07-18,2019071801003697,PIC,13,33,400,490.00,"196,000.00"
2019-07-18,2019071801003696,PIC,52,33,20,490.00,"9,800.00"
2019-07-18,2019071801003695,PIC,50,33,40,490.00,"19,600.00"
2019-07-18,2019071801003694,PIC,58,33,200,490.00,"98,000.00"
2019-07-18,2019071801003693,PIC,46,33,90,491.00,"44,190.00"
2019-07-18,2019071801003634,PIC,36,14,10,492.00,"4,920.00"
2019-07-18,2019071801003691,PLIC,7,44,990,439.00,"434,610.00"
2019-07-18,2019071801003690,PLIC,55,44,10,439.00,"4,390.00"
2019-07-18,2019071801003483,PRIN,14,56,200,372.00,"74,400.00"
2019-07-18,2019071801003482,PRIN,35,56,10,372.00,"3,720.00"
2019-07-18,2019071801003481,PRIN,22,56,100,373.00,"37,300.00"
2019-07-18,2019071801003480,PRIN,35,56,10,374.00,"3,740.00"
2019-07-18,2019071801003858,PRVU,29,51,182,274.00,"49,868.00"
2019-07-18,2019071801003814,PRVU,29,8,200,274.00,"54,800.00"
2019-07-18,2019071801003813,PRVU,29,14,118,274.00,"32,332.00"
2019-07-18,2019071801003812,PRVU,42,14,382,274.00,"104,668.00"
2019-07-18,2019071801003764,PRVU,42,8,500,274.00,"137,000.00"
2019-07-18,2019071801003678,PRVU,42,33,118,274.00,"32,332.00"
2019-07-18,2019071801003392,PRVU,37,17,100,274.00,"27,400.00"
2019-07-18,2019071801003457,PRVU,56,43,778,274.00,"213,172.00"
2019-07-18,2019071801003456,PRVU,56,43,470,274.00,"128,780.00"
2019-07-18,2019071801003448,PRVU,56,33,530,274.00,"145,220.00"
2019-07-18,2019071801003447,PRVU,37,33,260,274.00,"71,240.00"
2019-07-18,2019071801003423,PRVU,37,26,10,274.00,"2,740.00"
2019-07-18,2019071801003394,PRVU,37,49,210,274.00,"57,540.00"
2019-07-18,2019071801003539,PRVU,56,11,478,274.00,"130,972.00"
2019-07-18,2019071801003538,PRVU,56,11,22,274.00,"6,028.00"
2019-07-18,2019071801003479,PRVU,44,33,240,275.00,"66,000.00"
2019-07-18,2019071801003478,PRVU,44,14,60,275.00,"16,500.00"
2019-07-18,2019071801003459,PRVU,56,44,200,274.00,"54,800.00"
2019-07-18,2019071801003677,PRVU,14,33,500,274.00,"137,000.00"
2019-07-18,2019071801003676,PRVU,39,33,382,274.00,"104,668.00"
2019-07-18,2019071801003619,PRVU,39,5,18,274.00,"4,932.00"
2019-07-18,2019071801003618,PRVU,56,5,22,274.00,"6,028.00"
2019-07-18,2019071801003558,PRVU,56,48,500,274.00,"137,000.00"
2019-07-18,2019071801003835,RADHI,52,21,33,144.00,"4,752.00"
2019-07-18,2019071801003435,RADHI,54,6,344,145.00,"49,880.00"
2019-07-18,2019071801003398,RBCL,47,6,20,"9,351.00","187,020.00"
2019-07-18,2019071801003589,RMDC,35,28,348,666.00,"231,768.00"
2019-07-18,2019071801003588,RMDC,35,28,350,666.00,"233,100.00"
2019-07-18,2019071801003587,RMDC,21,28,502,667.00,"334,834.00"
2019-07-18,2019071801003540,RMDC,21,10,340,667.00,"226,780.00"
2019-07-18,2019071801003831,RRHP,59,36,10,108.00,"1,080.00"
2019-07-18,2019071801003635,RSDC,13,39,50,348.00,"17,400.00"
2019-07-18,2019071801003582,RSDC,41,22,63,349.00,"21,987.00"
2019-07-18,2019071801003651,SANIMA,49,43,100,357.00,"35,700.00"
2019-07-18,2019071801003650,SANIMA,14,43,156,357.00,"55,692.00"
2019-07-18,2019071801003476,SANIMA,14,1,118,357.00,"42,126.00"
2019-07-18,2019071801003434,SANIMA,14,58,"3,114",357.00,"1,111,698.00"
2019-07-18,2019071801003536,SBI,44,28,308,471.00,"145,068.00"
2019-07-18,2019071801003535,SBI,33,28,"1,000",472.00,"472,000.00"
2019-07-18,2019071801003534,SBI,58,28,200,472.00,"94,400.00"
2019-07-18,2019071801003533,SBI,41,28,500,472.00,"236,000.00"
2019-07-18,2019071801003532,SBI,26,28,200,472.00,"94,400.00"
2019-07-18,2019071801003531,SBI,26,28,100,473.00,"47,300.00"
2019-07-18,2019071801003530,SBI,34,28,196,473.00,"92,708.00"
2019-07-18,2019071801003869,SBL,28,59,370,327.00,"120,990.00"
2019-07-18,2019071801003837,SBL,28,32,630,327.00,"206,010.00"
2019-07-18,2019071801003836,SBL,52,32,370,327.00,"120,990.00"
2019-07-18,2019071801003799,SBL,52,47,30,327.00,"9,810.00"
2019-07-18,2019071801003740,SBL,52,1,200,327.00,"65,400.00"
2019-07-18,2019071801003714,SBL,35,25,105,328.00,"34,440.00"
2019-07-18,2019071801003643,SBL,52,42,400,327.00,"130,800.00"
2019-07-18,2019071801003642,SBL,43,42,600,327.00,"196,200.00"
2019-07-18,2019071801003628,SBL,51,25,240,328.00,"78,720.00"
2019-07-18,2019071801003576,SBL,51,11,43,328.00,"14,104.00"
2019-07-18,2019071801003382,SBL,51,59,717,328.00,"235,176.00"
2019-07-18,2019071801003381,SBL,58,59,283,328.00,"92,824.00"
2019-07-18,2019071801003680,SCB,14,18,52,680.00,"35,360.00"
2019-07-18,2019071801003631,SCB,48,18,50,680.00,"34,000.00"
2019-07-18,2019071801003420,SCB,44,38,278,677.00,"188,206.00"
2019-07-18,2019071801003867,SHIVM,42,17,50,629.00,"31,450.00"
2019-07-18,2019071801003866,SHIVM,26,17,100,629.00,"62,900.00"
2019-07-18,2019071801003865,SHIVM,41,17,50,629.00,"31,450.00"
2019-07-18,2019071801003861,SHIVM,28,33,100,631.00,"63,100.00"
2019-07-18,2019071801003857,SHIVM,28,50,150,631.00,"94,650.00"
2019-07-18,2019071801003856,SHIVM,28,7,250,630.00,"157,500.00"
2019-07-18,2019071801003516,SHIVM,32,20,60,633.00,"37,980.00"
2019-07-18,2019071801003507,SHIVM,32,20,300,633.00,"189,900.00"
2019-07-18,2019071801003506,SHIVM,58,20,110,634.00,"69,740.00"
2019-07-18,2019071801003406,SHIVM,17,50,10,636.00,"6,360.00"
2019-07-18,2019071801003667,SHIVM,42,7,355,632.00,"224,360.00"
2019-07-18,2019071801003640,SHIVM,42,14,135,632.00,"85,320.00"
2019-07-18,2019071801003639,SHIVM,42,1,10,632.00,"6,320.00"
2019-07-18,2019071801003627,SHIVM,56,56,50,633.00,"31,650.00"
2019-07-18,2019071801003611,SHIVM,32,39,200,633.00,"126,600.00"
2019-07-18,2019071801003583,SHIVM,22,48,150,634.00,"95,100.00"
2019-07-18,2019071801003794,SHIVM,5,29,150,631.00,"94,650.00"
2019-07-18,2019071801003769,SHIVM,5,29,100,631.00,"63,100.00"
2019-07-18,2019071801003719,SHIVM,29,7,200,633.00,"126,600.00"
2019-07-18,2019071801003670,SHIVM,35,7,100,632.00,"63,200.00"
2019-07-18,2019071801003669,SHIVM,44,7,"1,000",632.00,"632,000.00"
2019-07-18,2019071801003668,SHIVM,45,7,300,632.00,"189,600.00"
2019-07-18,2019071801003843,SHIVM,32,7,300,630.00,"189,000.00"
2019-07-18,2019071801003842,SHIVM,51,7,100,630.00,"63,000.00"
2019-07-18,2019071801003841,SHIVM,25,7,500,630.00,"315,000.00"
2019-07-18,2019071801003840,SHIVM,21,7,200,630.00,"126,000.00"
2019-07-18,2019071801003839,SHIVM,53,7,50,630.00,"31,500.00"
2019-07-18,2019071801003833,SHIVM,5,50,250,631.00,"157,750.00"
2019-07-18,2019071801003550,SHL,49,43,150,233.00,"34,950.00"
2019-07-18,2019071801003549,SHL,45,43,230,234.00,"53,820.00"
2019-07-18,2019071801003548,SHL,10,43,270,234.00,"63,180.00"
2019-07-18,2019071801003829,SHPC,25,43,100,253.00,"25,300.00"
2019-07-18,2019071801003828,SHPC,3,43,300,253.00,"75,900.00"
2019-07-18,2019071801003827,SHPC,36,43,278,253.00,"70,334.00"
2019-07-18,2019071801003761,SHPC,36,56,200,253.00,"50,600.00"
2019-07-18,2019071801003586,SIC,6,35,500,615.00,"307,500.00"
2019-07-18,2019071801003585,SIC,5,35,100,615.00,"61,500.00"
2019-07-18,2019071801003584,SIC,39,35,245,616.00,"150,920.00"
2019-07-18,2019071801003591,SICL,6,55,120,780.00,"93,600.00"
2019-07-18,2019071801003590,SICL,21,55,20,780.00,"15,600.00"
2019-07-18,2019071801003436,SICL,5,11,50,787.00,"39,350.00"
2019-07-18,2019071801003594,SIL,44,20,20,470.00,"9,400.00"
2019-07-18,2019071801003552,SIL,6,56,500,468.00,"234,000.00"
2019-07-18,2019071801003474,SIL,35,25,41,467.00,"19,147.00"
2019-07-18,2019071801003463,SIL,35,25,86,467.00,"40,162.00"
2019-07-18,2019071801003728,SLICL,5,1,150,463.00,"69,450.00"
2019-07-18,2019071801003727,SLICL,33,1,50,464.00,"23,200.00"
2019-07-18,2019071801003529,SLICL,5,32,47,463.00,"21,761.00"
2019-07-18,2019071801003528,SLICL,17,32,250,464.00,"116,000.00"
2019-07-18,2019071801003527,SLICL,6,32,271,464.00,"125,744.00"
2019-07-18,2019071801003844,SMATA,10,50,44,"1,147.00","50,468.00"
2019-07-18,2019071801003673,SMFBS,10,33,10,473.00,"4,730.00"
2019-07-18,2019071801003551,SMFBS,19,10,10,474.00,"4,740.00"
2019-07-18,2019071801003403,SMFBS,19,21,10,474.00,"4,740.00"
2019-07-18,2019071801003380,SMFBS,16,21,10,475.00,"4,750.00"
2019-07-18,2019071801003397,SPARS,42,40,10,427.00,"4,270.00"
2019-07-18,2019071801003826,SRBL,54,13,100,255.00,"25,500.00"
2019-07-18,2019071801003825,SRBL,38,13,100,255.00,"25,500.00"
2019-07-18,2019071801003578,SWBBL,4,16,69,903.00,"62,307.00"
2019-07-18,2019071801003455,SWBBL,4,22,120,903.00,"108,360.00"
2019-07-18,2019071801003489,TRH,52,10,200,315.00,"63,000.00"
2019-07-18,2019071801003488,TRH,5,10,200,316.00,"63,200.00"
2019-07-18,2019071801003487,TRH,44,10,100,316.00,"31,600.00"
2019-07-18,2019071801003672,UPCL,41,29,150,89.00,"13,350.00"
2019-07-18,2019071801003671,UPCL,41,29,850,89.00,"75,650.00"
2019-07-18,2019071801003656,UPCL,56,1,50,90.00,"4,500.00"
2019-07-18,2019071801003644,UPCL,41,56,50,89.00,"4,450.00"
2019-07-18,2019071801003802,UPPER,26,38,279,282.00,"78,678.00"
2019-07-18,2019071801003801,UPPER,1,38,124,282.00,"34,968.00"
2019-07-18,2019071801003788,UPPER,1,51,40,282.00,"11,280.00"
2019-07-18,2019071801003758,UPPER,1,51,36,282.00,"10,152.00"
2019-07-18,2019071801003757,UPPER,47,51,14,282.00,"3,948.00"
2019-07-18,2019071801003684,UPPER,56,56,50,283.00,"14,150.00"
2019-07-18,2019071801003493,UPPER,55,20,63,282.00,"17,766.00"
2019-07-18,2019071801003492,UPPER,34,20,50,282.00,"14,100.00"
2019-07-18,2019071801003491,UPPER,41,20,405,282.00,"114,210.00"
2019-07-18,2019071801003458,UPPER,41,52,200,282.00,"56,400.00"
2019-07-18,2019071801003393,UPPER,41,38,200,282.00,"56,400.00"
2019-07-18,2019071801003621,UPPER,47,36,54,282.00,"15,228.00"
2019-07-18,2019071801003593,UPPER,48,16,116,284.00,"32,944.00"
2019-07-18,2019071801003592,UPPER,48,1,59,283.00,"16,697.00"
2019-07-18,2019071801003496,UPPER,47,42,32,282.00,"9,024.00"
2019-07-18,2019071801003495,UPPER,7,42,18,282.00,"5,076.00"
2019-07-18,2019071801003494,UPPER,7,20,482,282.00,"135,924.00"
2019-07-18,2019071801003268,ADBL,44,44,"1,589",420.00,"667,380.00"
2019-07-18,2019071801003145,ALBSL,57,56,10,396.00,"3,960.00"
2019-07-18,2019071801003325,ALICL,26,41,54,382.00,"20,628.00"
2019-07-18,2019071801003324,ALICL,56,41,22,382.00,"8,404.00"
2019-07-18,2019071801002912,ALICL,56,36,478,382.00,"182,596.00"
2019-07-18,2019071801002911,ALICL,1,36,"1,000",382.00,"382,000.00"
2019-07-18,2019071801002910,ALICL,16,36,300,382.00,"114,600.00"
2019-07-18,2019071801002909,ALICL,41,36,30,384.00,"11,520.00"
2019-07-18,2019071801002902,ALICL,8,36,120,386.00,"46,320.00"
2019-07-18,2019071801002908,ALICL,28,36,500,385.00,"192,500.00"
2019-07-18,2019071801002907,ALICL,41,36,20,385.00,"7,700.00"
2019-07-18,2019071801002906,ALICL,38,36,200,385.00,"77,000.00"
2019-07-18,2019071801002905,ALICL,6,36,20,385.00,"7,700.00"
2019-07-18,2019071801002904,ALICL,59,36,32,385.00,"12,320.00"
2019-07-18,2019071801002903,ALICL,16,36,300,386.00,"115,800.00"
2019-07-18,2019071801003323,BOKL,44,34,20,264.00,"5,280.00"
2019-07-18,2019071801003305,BOKL,44,34,20,264.00,"5,280.00"
2019-07-18,2019071801003262,BOKL,55,40,15,263.00,"3,945.00"
2019-07-18,2019071801003238,BOKL,26,34,60,264.00,"15,840.00"
2019-07-18,2019071801003207,BOKL,55,1,100,263.00,"26,300.00"
2019-07-18,2019071801003199,BOKL,56,34,25,264.00,"6,600.00"
2019-07-18,2019071801003022,BOKL,55,35,258,263.00,"67,854.00"
2019-07-18,2019071801003021,BOKL,26,35,50,263.00,"13,150.00"
2019-07-18,2019071801003020,BOKL,47,35,100,263.00,"26,300.00"
2019-07-18,2019071801003012,BOKL,44,35,50,264.00,"13,200.00"
2019-07-18,2019071801002966,BOKL,55,41,158,263.00,"41,554.00"
2019-07-18,2019071801003291,BPCL,4,56,100,410.00,"41,000.00"
2019-07-18,2019071801002921,BPCL,6,56,50,409.00,"20,450.00"
2019-07-18,2019071801002920,BPCL,1,56,"1,000",409.00,"409,000.00"
2019-07-18,2019071801002919,BPCL,50,56,500,409.00,"204,500.00"
2019-07-18,2019071801003329,CBBL,4,56,40,970.00,"38,800.00"
2019-07-18,2019071801003293,CBBL,4,41,60,970.00,"58,200.00"
2019-07-18,2019071801003254,CBBL,4,51,400,970.00,"388,000.00"
2019-07-18,2019071801002944,CBBL,43,50,363,969.00,"351,747.00"
2019-07-18,2019071801002943,CBBL,45,50,130,971.00,"126,230.00"
2019-07-18,2019071801003316,CBL,8,42,150,159.00,"23,850.00"
2019-07-18,2019071801003246,CBL,1,42,10,159.00,"1,590.00"
2019-07-18,2019071801003219,CBL,28,42,332,159.00,"52,788.00"
2019-07-18,2019071801003218,CBL,28,58,500,159.00,"79,500.00"
2019-07-18,2019071801003217,CBL,28,10,"1,200",159.00,"190,800.00"
2019-07-18,2019071801003216,CBL,28,34,968,159.00,"153,912.00"
2019-07-18,2019071801002890,CBL,41,34,100,159.00,"15,900.00"
2019-07-18,2019071801003347,CCBL,41,8,540,179.00,"96,660.00"
2019-07-18,2019071801003322,CCBL,8,5,155,180.00,"27,900.00"
2019-07-18,2019071801003318,CCBL,41,32,413,179.00,"73,927.00"
2019-07-18,2019071801003317,CCBL,40,32,87,179.00,"15,573.00"
2019-07-18,2019071801003308,CCBL,40,33,113,179.00,"20,227.00"
2019-07-18,2019071801003230,CCBL,40,42,200,179.00,"35,800.00"
2019-07-18,2019071801003097,CCBL,52,42,800,179.00,"143,200.00"
2019-07-18,2019071801002972,CCBL,52,44,200,179.00,"35,800.00"
2019-07-18,2019071801002895,CCBL,41,5,100,180.00,"18,000.00"
2019-07-18,2019071801002879,CCBL,57,18,94,179.00,"16,826.00"
2019-07-18,2019071801002878,CCBL,6,18,500,179.00,"89,500.00"
2019-07-18,2019071801002877,CCBL,14,18,124,179.00,"22,196.00"
2019-07-18,2019071801003137,CCBL,40,44,500,179.00,"89,500.00"
2019-07-18,2019071801003117,CCBL,40,21,100,179.00,"17,900.00"
2019-07-18,2019071801003116,CCBL,34,21,50,179.00,"8,950.00"
2019-07-18,2019071801003115,CCBL,40,21,850,179.00,"152,150.00"
2019-07-18,2019071801003099,CCBL,40,42,150,179.00,"26,850.00"
2019-07-18,2019071801003098,CCBL,7,42,50,179.00,"8,950.00"
2019-07-18,2019071801003192,CHCL,41,40,500,520.00,"260,000.00"
2019-07-18,2019071801002984,CLBSL,29,54,10,520.00,"5,200.00"
2019-07-18,2019071801003358,CZBIL,57,29,10,228.00,"2,280.00"
2019-07-18,2019071801003351,CZBIL,57,29,10,228.00,"2,280.00"
2019-07-18,2019071801003282,CZBIL,57,56,120,228.00,"27,360.00"
2019-07-18,2019071801003281,CZBIL,17,56,300,228.00,"68,400.00"
2019-07-18,2019071801003280,CZBIL,53,56,100,228.00,"22,800.00"
2019-07-18,2019071801003279,CZBIL,45,56,480,228.00,"109,440.00"
2019-07-18,2019071801002916,CZBIL,18,36,10,229.00,"2,290.00"
2019-07-18,2019071801003194,CZBIL,45,51,510,228.00,"116,280.00"
2019-07-18,2019071801003172,CZBIL,45,59,10,228.00,"2,280.00"
2019-07-18,2019071801003126,CZBIL,11,51,19,229.00,"4,351.00"
2019-07-18,2019071801003048,CZBIL,10,58,10,230.00,"2,300.00"
2019-07-18,2019071801002918,CZBIL,11,36,81,229.00,"18,549.00"
2019-07-18,2019071801002917,CZBIL,19,36,50,229.00,"11,450.00"
2019-07-18,2019071801002962,EBL,44,43,20,676.00,"13,520.00"
2019-07-18,2019071801002961,EBL,11,43,30,677.00,"20,310.00"
2019-07-18,2019071801003275,EIC,42,33,85,365.00,"31,025.00"
2019-07-18,2019071801003274,EIC,54,33,45,366.00,"16,470.00"
2019-07-18,2019071801003039,EIC,54,34,55,366.00,"20,130.00"
2019-07-18,2019071801002898,EIC,42,34,67,365.00,"24,455.00"
2019-07-18,2019071801002897,EIC,29,34,50,365.00,"18,250.00"
2019-07-18,2019071801002896,EIC,14,34,163,365.00,"59,495.00"
2019-07-18,2019071801003168,FMDBL,50,56,500,380.00,"190,000.00"
2019-07-18,2019071801003167,FMDBL,35,56,100,381.00,"38,100.00"
2019-07-18,2019071801003166,FMDBL,36,56,50,382.00,"19,100.00"
2019-07-18,2019071801003165,FMDBL,53,56,100,382.00,"38,200.00"
2019-07-18,2019071801003164,FMDBL,39,56,100,382.00,"38,200.00"
2019-07-18,2019071801003163,FMDBL,44,56,32,382.00,"12,224.00"
2019-07-18,2019071801003065,FMDBL,41,56,200,386.00,"77,200.00"
2019-07-18,2019071801003064,FMDBL,44,56,200,387.00,"77,400.00"
2019-07-18,2019071801003071,FMDBL,58,56,100,383.00,"38,300.00"
2019-07-18,2019071801003070,FMDBL,44,56,100,383.00,"38,300.00"
2019-07-18,2019071801003069,FMDBL,38,56,50,383.00,"19,150.00"
2019-07-18,2019071801003068,FMDBL,19,56,200,384.00,"76,800.00"
2019-07-18,2019071801003067,FMDBL,1,56,300,385.00,"115,500.00"
2019-07-18,2019071801003066,FMDBL,56,56,100,385.00,"38,500.00"
2019-07-18,2019071801003205,FOWAD,29,17,19,"1,340.00","25,460.00"
2019-07-18,2019071801003177,FOWAD,42,29,10,"1,326.00","13,260.00"
2019-07-18,2019071801003160,FOWAD,29,29,4,"1,325.00","5,300.00"
2019-07-18,2019071801003105,FOWAD,29,29,4,"1,325.00","5,300.00"
2019-07-18,2019071801003063,FOWAD,43,43,18,"1,325.00","23,850.00"
2019-07-18,2019071801003047,FOWAD,29,29,1,"1,325.00","1,325.00"
2019-07-18,2019071801003025,FOWAD,29,29,1,"1,325.00","1,325.00"
2019-07-18,2019071801003008,FOWAD,29,29,4,"1,325.00","5,300.00"
2019-07-18,2019071801002988,FOWAD,29,47,4,"1,325.00","5,300.00"
2019-07-18,2019071801002891,FOWAD,43,4,19,"1,325.00","25,175.00"
2019-07-18,2019071801003208,GBBL,40,55,274,229.00,"62,746.00"
2019-07-18,2019071801003142,GBBL,40,21,53,229.00,"12,137.00"
2019-07-18,2019071801003237,GBLBS,41,13,10,349.00,"3,490.00"
2019-07-18,2019071801002940,GBLBS,41,4,10,349.00,"3,490.00"
2019-07-18,2019071801003149,GDBL,13,11,234,217.00,"50,778.00"
2019-07-18,2019071801003113,GLBSL,36,20,10,395.00,"3,950.00"
2019-07-18,2019071801003061,GLBSL,36,20,10,395.00,"3,950.00"
2019-07-18,2019071801002958,GLBSL,19,14,10,400.00,"4,000.00"
2019-07-18,2019071801003326,GMFBS,33,55,10,455.00,"4,550.00"
2019-07-18,2019071801003276,GMFBS,33,28,10,455.00,"4,550.00"
2019-07-18,2019071801003263,GMFBS,33,20,10,455.00,"4,550.00"
2019-07-18,2019071801003259,GMFBS,33,42,10,455.00,"4,550.00"
2019-07-18,2019071801003198,GMFBS,33,20,10,455.00,"4,550.00"
2019-07-18,2019071801003175,GMFBS,33,20,10,455.00,"4,550.00"
2019-07-18,2019071801003157,GMFBS,33,20,10,455.00,"4,550.00"
2019-07-18,2019071801003095,GMFBS,33,20,10,455.00,"4,550.00"
2019-07-18,2019071801003045,GMFBS,11,29,10,460.00,"4,600.00"
2019-07-18,2019071801003044,GMFBS,11,8,10,459.00,"4,590.00"
2019-07-18,2019071801002964,GMFBS,33,4,10,455.00,"4,550.00"
2019-07-18,2019071801003049,GRDBL,19,4,50,115.00,"5,750.00"
2019-07-18,2019071801003361,GUFL,17,40,290,122.00,"35,380.00"
2019-07-18,2019071801003360,GUFL,17,18,310,122.00,"37,820.00"
2019-07-18,2019071801003345,HBL,11,28,50,560.00,"28,000.00"
2019-07-18,2019071801003298,HBL,36,28,20,561.00,"11,220.00"
2019-07-18,2019071801003215,HIDCL,29,14,38,165.00,"6,270.00"
2019-07-18,2019071801003214,HIDCL,29,21,25,164.00,"4,100.00"
2019-07-18,2019071801003140,HIDCL,14,14,56,163.00,"9,128.00"
2019-07-18,2019071801003091,HIDCL,47,29,33,162.00,"5,346.00"
2019-07-18,2019071801003090,HIDCL,6,29,30,162.00,"4,860.00"
2019-07-18,2019071801003176,HPPL,39,56,10,176.00,"1,760.00"
2019-07-18,2019071801003343,HURJA,26,56,20,140.00,"2,800.00"
2019-07-18,2019071801003241,HURJA,56,25,20,142.00,"2,840.00"
2019-07-18,2019071801003011,HURJA,43,51,20,143.00,"2,860.00"
2019-07-18,2019071801003007,HURJA,43,34,20,142.00,"2,840.00"
2019-07-18,2019071801003006,HURJA,43,41,20,141.00,"2,820.00"
2019-07-18,2019071801003005,HURJA,43,52,20,141.00,"2,820.00"
2019-07-18,2019071801002992,HURJA,26,43,20,140.00,"2,800.00"
2019-07-18,2019071801003352,ILBS,29,1,10,394.00,"3,940.00"
2019-07-18,2019071801003350,ILBS,29,1,10,394.00,"3,940.00"
2019-07-18,2019071801003269,ILBS,33,28,10,395.00,"3,950.00"
2019-07-18,2019071801003265,ILBS,33,28,10,395.00,"3,950.00"
2019-07-18,2019071801003261,ILBS,26,28,10,395.00,"3,950.00"
2019-07-18,2019071801003255,ILBS,26,28,10,395.00,"3,950.00"
2019-07-18,2019071801002960,ILBS,48,20,10,395.00,"3,950.00"
2019-07-18,2019071801002876,ILBS,19,39,10,395.00,"3,950.00"
2019-07-18,2019071801003156,ILBS,48,28,10,395.00,"3,950.00"
2019-07-18,2019071801003148,ILBS,48,26,10,395.00,"3,950.00"
2019-07-18,2019071801003144,ILBS,48,28,10,395.00,"3,950.00"
2019-07-18,2019071801003130,ILBS,48,20,10,395.00,"3,950.00"
2019-07-18,2019071801003104,ILBS,48,20,10,395.00,"3,950.00"
2019-07-18,2019071801003092,ILBS,48,42,10,395.00,"3,950.00"
2019-07-18,2019071801003242,ILBS,57,28,10,395.00,"3,950.00"
2019-07-18,2019071801003221,ILBS,57,20,10,395.00,"3,950.00"
2019-07-18,2019071801003211,ILBS,57,59,10,395.00,"3,950.00"
2019-07-18,2019071801003193,ILBS,57,41,10,395.00,"3,950.00"
2019-07-18,2019071801003178,ILBS,36,28,10,395.00,"3,950.00"
2019-07-18,2019071801003174,ILBS,36,28,10,395.00,"3,950.00"
2019-07-18,2019071801003371,JBBL,56,17,400,165.00,"66,000.00"
2019-07-18,2019071801003370,JBBL,17,17,500,165.00,"82,500.00"
2019-07-18,2019071801003023,JBBL,43,59,30,166.00,"4,980.00"
2019-07-18,2019071801003190,JFL,34,26,200,188.00,"37,600.00"
2019-07-18,2019071801003301,KBL,16,44,81,223.00,"18,063.00"
2019-07-18,2019071801003300,KBL,43,44,119,223.00,"26,537.00"
2019-07-18,2019071801003292,KBL,43,44,200,223.00,"44,600.00"
2019-07-18,2019071801003162,KBL,43,36,100,223.00,"22,300.00"
2019-07-18,2019071801003123,KBL,43,40,81,223.00,"18,063.00"
2019-07-18,2019071801003122,KBL,46,40,35,223.00,"7,805.00"
2019-07-18,2019071801003314,KRBL,34,29,418,116.00,"48,488.00"
2019-07-18,2019071801003304,KRBL,51,29,82,117.00,"9,594.00"
2019-07-18,2019071801003266,KRBL,51,42,18,117.00,"2,106.00"
2019-07-18,2019071801003327,KSBBL,44,36,680,161.00,"109,480.00"
2019-07-18,2019071801003189,KSBBL,44,11,134,161.00,"21,574.00"
2019-07-18,2019071801003053,KSBBL,18,4,157,160.00,"25,120.00"
2019-07-18,2019071801003024,KSBBL,44,26,700,163.00,"114,100.00"
2019-07-18,2019071801002939,KSBBL,50,58,499,161.00,"80,339.00"
2019-07-18,2019071801002935,KSBBL,57,36,"1,000",160.00,"160,000.00"
2019-07-18,2019071801002934,KSBBL,14,36,"1,000",160.00,"160,000.00"
2019-07-18,2019071801002899,KSBBL,29,58,30,161.00,"4,830.00"
2019-07-18,2019071801003287,LBBL,7,26,150,204.00,"30,600.00"
2019-07-18,2019071801003228,LICN,8,10,40,"1,613.00","64,520.00"
2019-07-18,2019071801003094,LICN,8,28,11,"1,614.00","17,754.00"
2019-07-18,2019071801003004,LLBS,36,25,24,670.00,"16,080.00"
2019-07-18,2019071801002883,LLBS,42,41,80,665.00,"53,200.00"
2019-07-18,2019071801002882,LLBS,56,41,200,665.00,"133,000.00"
2019-07-18,2019071801002881,LLBS,49,41,500,666.00,"333,000.00"
2019-07-18,2019071801003240,MBL,52,10,70,270.00,"18,900.00"
2019-07-18,2019071801003239,MBL,14,10,20,270.00,"5,400.00"
2019-07-18,2019071801003197,MBL,14,41,480,270.00,"129,600.00"
2019-07-18,2019071801003196,MBL,43,41,20,270.00,"5,400.00"
2019-07-18,2019071801003030,MBL,43,25,30,271.00,"8,130.00"
2019-07-18,2019071801003013,MBL,14,25,62,271.00,"16,802.00"
2019-07-18,2019071801002952,MBL,14,34,38,271.00,"10,298.00"
2019-07-18,2019071801002936,MBL,14,34,50,271.00,"13,550.00"
2019-07-18,2019071801002913,MBL,18,34,271,271.00,"73,441.00"
2019-07-18,2019071801002874,MBL,14,34,150,271.00,"40,650.00"
2019-07-18,2019071801003369,MEGA,21,51,262,218.00,"57,116.00"
2019-07-18,2019071801003368,MEGA,21,51,250,218.00,"54,500.00"
2019-07-18,2019071801003367,MEGA,21,42,200,218.00,"43,600.00"
2019-07-18,2019071801003366,MEGA,21,10,"1,000",218.00,"218,000.00"
2019-07-18,2019071801003365,MEGA,21,54,32,218.00,"6,976.00"
2019-07-18,2019071801003364,MEGA,21,54,150,218.00,"32,700.00"
2019-07-18,2019071801002986,MEGA,14,41,"1,630",217.00,"353,710.00"
2019-07-18,2019071801003363,MEGA,21,25,606,218.00,"132,108.00"
2019-07-18,2019071801003357,MEGA,14,25,100,217.00,"21,700.00"
2019-07-18,2019071801003294,MEGA,14,44,200,217.00,"43,400.00"
2019-07-18,2019071801003147,MEGA,14,6,90,217.00,"19,530.00"
2019-07-18,2019071801003009,MEGA,29,25,20,218.00,"4,360.00"
2019-07-18,2019071801003003,MEGA,14,41,370,217.00,"80,290.00"
2019-07-18,2019071801003236,MERO,47,51,50,530.00,"26,500.00"
2019-07-18,2019071801002980,MERO,43,51,100,530.00,"53,000.00"
2019-07-18,2019071801002979,MERO,13,51,200,530.00,"106,000.00"
2019-07-18,2019071801002978,MERO,37,51,40,532.00,"21,280.00"
2019-07-18,2019071801002977,MERO,51,51,100,532.00,"53,200.00"
2019-07-18,2019071801002976,MERO,54,51,20,534.00,"10,680.00"
2019-07-18,2019071801002975,MERO,57,51,10,535.00,"5,350.00"
2019-07-18,2019071801002946,MERO,6,59,50,536.00,"26,800.00"
2019-07-18,2019071801003120,MFIL,59,4,"3,000",126.00,"378,000.00"
2019-07-18,2019071801003042,MFIL,32,4,"3,000",126.00,"378,000.00"
2019-07-18,2019071801003041,MFIL,59,4,700,127.00,"88,900.00"
2019-07-18,2019071801003040,MFIL,40,4,500,127.00,"63,500.00"
2019-07-18,2019071801003143,MLBL,50,36,900,200.00,"180,000.00"
2019-07-18,2019071801002925,MLBL,50,36,500,201.00,"100,500.00"
2019-07-18,2019071801002924,MLBL,58,36,500,201.00,"100,500.00"
2019-07-18,2019071801002928,MLBL,38,36,50,200.00,"10,000.00"
2019-07-18,2019071801002927,MLBL,29,36,800,200.00,"160,000.00"
2019-07-18,2019071801002926,MLBL,38,36,250,200.00,"50,000.00"
2019-07-18,2019071801003187,MNBBL,45,14,32,384.00,"12,288.00"
2019-07-18,2019071801003186,MNBBL,45,14,115,384.00,"44,160.00"
2019-07-18,2019071801003185,MNBBL,29,14,353,385.00,"135,905.00"
2019-07-18,2019071801003114,MNBBL,29,21,27,385.00,"10,395.00"
2019-07-18,2019071801002981,MNBBL,29,58,120,385.00,"46,200.00"
2019-07-18,2019071801002931,MNBBL,45,22,85,384.00,"32,640.00"
2019-07-18,2019071801002930,MNBBL,25,22,100,384.00,"38,400.00"
2019-07-18,2019071801002929,MNBBL,6,22,15,384.00,"5,760.00"
2019-07-18,2019071801003158,MSMBS,41,4,11,440.00,"4,840.00"
2019-07-18,2019071801003297,NABIL,1,52,12,808.00,"9,696.00"
2019-07-18,2019071801003296,NABIL,4,52,100,809.00,"80,900.00"
2019-07-18,2019071801003017,NABIL,8,59,29,810.00,"23,490.00"
2019-07-18,2019071801003110,NADEP,26,40,10,416.00,"4,160.00"
2019-07-18,2019071801003109,NADEP,29,40,10,416.00,"4,160.00"
2019-07-18,2019071801003102,NADEP,47,40,20,417.00,"8,340.00"
2019-07-18,2019071801003321,NAGRO,35,6,10,500.00,"5,000.00"
2019-07-18,2019071801003344,NBB,13,40,200,227.00,"45,400.00"
2019-07-18,2019071801003272,NBB,47,13,50,227.00,"11,350.00"
2019-07-18,2019071801003210,NBB,40,41,224,226.00,"50,624.00"
2019-07-18,2019071801003209,NBB,40,26,95,226.00,"21,470.00"
2019-07-18,2019071801003075,NBL,42,42,64,345.00,"22,080.00"
2019-07-18,2019071801003074,NBL,42,41,100,345.00,"34,500.00"
2019-07-18,2019071801003035,NBL,42,42,16,345.00,"5,520.00"
2019-07-18,2019071801003034,NBL,42,21,200,345.00,"69,000.00"
2019-07-18,2019071801003033,NBL,42,55,724,345.00,"249,780.00"
2019-07-18,2019071801003032,NBL,42,42,60,345.00,"20,700.00"
2019-07-18,2019071801002941,NBL,43,58,330,344.00,"113,520.00"
2019-07-18,2019071801003354,NCCB,34,56,335,248.00,"83,080.00"
2019-07-18,2019071801003353,NCCB,18,56,65,248.00,"16,120.00"
2019-07-18,2019071801003311,NCCB,28,33,375,249.00,"93,375.00"
2019-07-18,2019071801003310,NCCB,28,50,125,249.00,"31,125.00"
2019-07-18,2019071801003124,NCCB,8,50,125,249.00,"31,125.00"
2019-07-18,2019071801002923,NCCB,57,50,200,249.00,"49,800.00"
2019-07-18,2019071801002922,NCCB,19,50,550,249.00,"136,950.00"
2019-07-18,2019071801002900,NCCB,19,50,450,249.00,"112,050.00"
2019-07-18,2019071801002887,NCCB,19,50,550,249.00,"136,950.00"
2019-07-18,2019071801002875,NCCB,19,28,450,249.00,"112,050.00"
2019-07-18,2019071801003200,NGPL,29,22,11,118.00,"1,298.00"
2019-07-18,2019071801003173,NGPL,4,29,11,116.00,"1,276.00"
2019-07-18,2019071801003052,NHPC,11,13,"2,000",66.00,"132,000.00"
2019-07-18,2019071801003036,NIB,8,16,31,524.00,"16,244.00"
2019-07-18,2019071801003014,NIB,29,16,20,524.00,"10,480.00"
2019-07-18,2019071801002892,NIB,50,16,150,524.00,"78,600.00"
2019-07-18,2019071801003330,NIBPO,44,33,40,476.00,"19,040.00"
2019-07-18,2019071801003319,NIBPO,44,33,50,476.00,"23,800.00"
2019-07-18,2019071801003252,NIBPO,4,33,160,476.00,"76,160.00"
2019-07-18,2019071801003251,NIBPO,4,4,"9,840",476.00,"4,683,840.00"
2019-07-18,2019071801003250,NIBPO,32,4,50,476.00,"23,800.00"
2019-07-18,2019071801003249,NIBPO,44,4,50,476.00,"23,800.00"
2019-07-18,2019071801003248,NIBPO,44,4,50,476.00,"23,800.00"
2019-07-18,2019071801003247,NIBPO,44,4,10,477.00,"4,770.00"
2019-07-18,2019071801003335,NICA,37,34,40,460.00,"18,400.00"
2019-07-18,2019071801003334,NICA,55,34,"1,500",460.00,"690,000.00"
2019-07-18,2019071801003333,NICA,14,34,"1,000",460.00,"460,000.00"
2019-07-18,2019071801003332,NICA,14,34,"1,000",460.00,"460,000.00"
2019-07-18,2019071801003331,NICA,14,34,52,460.00,"23,920.00"
2019-07-18,2019071801003223,NICA,14,14,150,460.00,"69,000.00"
2019-07-18,2019071801003346,NICL,4,4,"4,371",350.00,"1,529,850.00"
2019-07-18,2019071801003227,NICL,17,28,174,350.00,"60,900.00"
2019-07-18,2019071801003226,NICL,43,28,30,351.00,"10,530.00"
2019-07-18,2019071801003206,NIL,4,51,100,495.00,"49,500.00"
2019-07-18,2019071801003313,NLG,1,18,40,747.00,"29,880.00"
2019-07-18,2019071801003359,NLIC,4,4,100,900.00,"90,000.00"
2019-07-18,2019071801003188,NLIC,4,4,"1,000",898.00,"898,000.00"
2019-07-18,2019071801003037,NLIC,6,11,10,897.00,"8,970.00"
2019-07-18,2019071801002937,NLIC,29,43,15,900.00,"13,500.00"
2019-07-18,2019071801003267,NLICL,28,48,500,602.00,"301,000.00"
2019-07-18,2019071801003184,NLICL,6,48,759,603.00,"457,677.00"
2019-07-18,2019071801003060,NLICL,6,36,341,603.00,"205,623.00"
2019-07-18,2019071801003059,NLICL,6,36,40,604.00,"24,160.00"
2019-07-18,2019071801003058,NLICL,4,36,919,605.00,"555,995.00"
2019-07-18,2019071801003057,NLICL,6,36,500,606.00,"303,000.00"
2019-07-18,2019071801002953,NNLB,1,41,10,397.00,"3,970.00"
2019-07-18,2019071801003328,NSEWA,11,51,10,408.00,"4,080.00"
2019-07-18,2019071801003243,NSEWA,7,4,10,400.00,"4,000.00"
2019-07-18,2019071801002884,NTC,59,28,10,696.00,"6,960.00"
2019-07-18,2019071801003290,OHL,52,51,100,620.00,"62,000.00"
2019-07-18,2019071801003289,OHL,35,51,280,620.00,"173,600.00"
2019-07-18,2019071801003288,OHL,45,51,20,622.00,"12,440.00"
2019-07-18,2019071801003273,OHL,44,44,423,628.00,"265,644.00"
2019-07-18,2019071801002987,OHL,34,34,"3,500",622.00,"2,177,000.00"
2019-07-18,2019071801003225,OHL,45,40,18,622.00,"11,196.00"
2019-07-18,2019071801003286,PCBL,6,7,200,286.00,"57,200.00"
2019-07-18,2019071801003260,PCBL,6,10,100,286.00,"28,600.00"
2019-07-18,2019071801003220,PCBL,6,43,300,286.00,"85,800.00"
2019-07-18,2019071801003087,PCBL,6,41,130,286.00,"37,180.00"
2019-07-18,2019071801003046,PCBL,43,41,30,286.00,"8,580.00"
2019-07-18,2019071801002967,PCBL,1,41,40,286.00,"11,440.00"
2019-07-18,2019071801002901,PCBL,32,16,100,286.00,"28,600.00"
2019-07-18,2019071801003153,PIC,46,11,10,491.00,"4,910.00"
2019-07-18,2019071801003152,PIC,22,11,40,491.00,"19,640.00"
2019-07-18,2019071801003151,PIC,34,11,50,492.00,"24,600.00"
2019-07-18,2019071801003128,PIC,13,8,200,495.00,"99,000.00"
2019-07-18,2019071801003127,PIC,21,8,10,495.00,"4,950.00"
2019-07-18,2019071801003106,PIC,8,8,30,499.00,"14,970.00"
2019-07-18,2019071801002971,PIC,58,58,25,496.00,"12,400.00"
2019-07-18,2019071801003271,PLIC,37,35,770,440.00,"338,800.00"
2019-07-18,2019071801003224,PLIC,7,34,766,443.00,"339,338.00"
2019-07-18,2019071801003212,PMHPL,56,25,10,107.00,"1,070.00"
2019-07-18,2019071801003195,PMHPL,56,25,10,107.00,"1,070.00"
2019-07-18,2019071801003244,PPCL,6,42,20,135.00,"2,700.00"
2019-07-18,2019071801002885,PPCL,6,35,30,135.00,"4,050.00"
2019-07-18,2019071801002873,PPCL,6,35,30,135.00,"4,050.00"
2019-07-18,2019071801002965,PROFL,36,32,279,113.00,"31,527.00"
2019-07-18,2019071801002954,PROFL,36,21,51,113.00,"5,763.00"
2019-07-18,2019071801002888,PROFL,36,21,20,113.00,"2,260.00"
2019-07-18,2019071801003320,PRVU,37,51,20,274.00,"5,480.00"
2019-07-18,2019071801003312,PRVU,37,51,100,274.00,"27,400.00"
2019-07-18,2019071801002950,PRVU,14,42,160,275.00,"44,000.00"
2019-07-18,2019071801002949,PRVU,11,42,500,275.00,"137,500.00"
2019-07-18,2019071801002948,PRVU,14,42,200,275.00,"55,000.00"
2019-07-18,2019071801002947,PRVU,50,42,140,275.00,"38,500.00"
2019-07-18,2019071801002893,PRVU,50,34,200,275.00,"55,000.00"
2019-07-18,2019071801002872,PRVU,50,8,500,275.00,"137,500.00"
2019-07-18,2019071801002990,PRVU,35,14,500,276.00,"138,000.00"
2019-07-18,2019071801002989,PRVU,35,58,47,276.00,"12,972.00"
2019-07-18,2019071801002983,PRVU,13,58,410,275.00,"112,750.00"
2019-07-18,2019071801002982,PRVU,14,58,90,275.00,"24,750.00"
2019-07-18,2019071801002959,PRVU,14,28,750,275.00,"206,250.00"
2019-07-18,2019071801003146,PRVU,13,56,200,275.00,"55,000.00"
2019-07-18,2019071801003103,PRVU,13,51,200,275.00,"55,000.00"
2019-07-18,2019071801003096,PRVU,13,14,"1,000",275.00,"275,000.00"
2019-07-18,2019071801002999,PRVU,13,28,750,275.00,"206,250.00"
2019-07-18,2019071801002991,PRVU,35,58,453,276.00,"125,028.00"
2019-07-18,2019071801003231,PRVU,37,43,500,274.00,"137,000.00"
2019-07-18,2019071801003179,PRVU,42,14,440,275.00,"121,000.00"
2019-07-18,2019071801003171,PRVU,42,58,"1,560",275.00,"429,000.00"
2019-07-18,2019071801003170,PRVU,13,58,440,275.00,"121,000.00"
2019-07-18,2019071801003159,PRVU,13,56,500,275.00,"137,500.00"
2019-07-18,2019071801003100,RRHP,22,37,10,106.00,"1,060.00"
2019-07-18,2019071801003002,RRHP,47,43,30,105.00,"3,150.00"
2019-07-18,2019071801002974,RRHP,59,43,70,107.00,"7,490.00"
2019-07-18,2019071801003348,RSDC,41,22,10,354.00,"3,540.00"
2019-07-18,2019071801003203,SANIMA,14,40,16,357.00,"5,712.00"
2019-07-18,2019071801003129,SANIMA,14,41,163,357.00,"58,191.00"
2019-07-18,2019071801003245,SBI,34,4,22,473.00,"10,406.00"
2019-07-18,2019071801003202,SBI,34,25,"1,300",473.00,"614,900.00"
2019-07-18,2019071801003201,SBI,16,25,200,474.00,"94,800.00"
2019-07-18,2019071801003191,SBI,34,25,450,473.00,"212,850.00"
2019-07-18,2019071801003182,SBI,34,28,32,473.00,"15,136.00"
2019-07-18,2019071801003181,SBI,53,28,25,473.00,"11,825.00"
2019-07-18,2019071801003180,SBI,59,28,50,473.00,"23,650.00"
2019-07-18,2019071801003051,SBI,8,28,19,475.00,"9,025.00"
2019-07-18,2019071801003050,SBI,8,28,16,475.00,"7,600.00"
2019-07-18,2019071801003028,SBL,58,26,17,328.00,"5,576.00"
2019-07-18,2019071801003027,SBL,25,26,300,328.00,"98,400.00"
2019-07-18,2019071801003026,SBL,28,26,183,328.00,"60,024.00"
2019-07-18,2019071801003015,SBL,28,1,200,328.00,"65,600.00"
2019-07-18,2019071801002994,SBL,28,58,117,328.00,"38,376.00"
2019-07-18,2019071801002993,SBL,28,58,54,328.00,"17,712.00"
2019-07-18,2019071801002933,SBL,28,21,46,328.00,"15,088.00"
2019-07-18,2019071801003342,SCB,38,20,100,680.00,"68,000.00"
2019-07-18,2019071801003341,SCB,50,20,100,680.00,"68,000.00"
2019-07-18,2019071801003340,SCB,6,20,10,680.00,"6,800.00"
2019-07-18,2019071801003309,SCB,7,44,100,681.00,"68,100.00"
2019-07-18,2019071801003295,SCB,42,44,70,684.00,"47,880.00"
2019-07-18,2019071801003253,SCB,42,20,200,685.00,"137,000.00"
2019-07-18,2019071801003038,SCB,11,43,49,686.00,"33,614.00"
2019-07-18,2019071801002942,SCB,11,50,10,686.00,"6,860.00"
2019-07-18,2019071801003084,SCB,48,20,30,685.00,"20,550.00"
2019-07-18,2019071801003083,SCB,6,20,50,686.00,"34,300.00"
2019-07-18,2019071801003082,SCB,22,20,100,686.00,"68,600.00"
2019-07-18,2019071801003081,SCB,35,20,50,686.00,"34,300.00"
2019-07-18,2019071801003080,SCB,11,20,11,686.00,"7,546.00"
2019-07-18,2019071801003062,SCB,8,48,31,688.00,"21,328.00"
2019-07-18,2019071801003131,SCB,43,20,100,686.00,"68,600.00"
2019-07-18,2019071801003086,SCB,11,20,459,685.00,"314,415.00"
2019-07-18,2019071801003085,SCB,21,20,300,685.00,"205,500.00"
2019-07-18,2019071801003213,SCB,42,20,20,684.00,"13,680.00"
2019-07-18,2019071801003183,SCB,42,59,10,684.00,"6,840.00"
2019-07-18,2019071801003135,SCB,34,20,100,685.00,"68,500.00"
2019-07-18,2019071801003134,SCB,57,20,20,685.00,"13,700.00"
2019-07-18,2019071801003133,SCB,57,20,20,685.00,"13,700.00"
2019-07-18,2019071801003132,SCB,11,20,41,685.00,"28,085.00"
2019-07-18,2019071801003029,SFFIL,6,6,500,216.00,"108,000.00"
2019-07-18,2019071801002951,SFFIL,41,17,299,215.00,"64,285.00"
2019-07-18,2019071801003235,SHINE,1,14,10,253.00,"2,530.00"
2019-07-18,2019071801003010,SHINE,6,6,"5,581",250.00,"1,395,250.00"
2019-07-18,2019071801003306,SHIVM,42,50,90,636.00,"57,240.00"
2019-07-18,2019071801003278,SHIVM,42,29,210,636.00,"133,560.00"
2019-07-18,2019071801003277,SHIVM,51,29,40,636.00,"25,440.00"
2019-07-18,2019071801003270,SHIVM,51,20,200,636.00,"127,200.00"
2019-07-18,2019071801003264,SHIVM,51,52,40,636.00,"25,440.00"
2019-07-18,2019071801002957,SHIVM,44,47,400,635.00,"254,000.00"
2019-07-18,2019071801002956,SHIVM,44,50,100,635.00,"63,500.00"
2019-07-18,2019071801002955,SHIVM,44,58,300,634.00,"190,200.00"
2019-07-18,2019071801002932,SHIVM,48,58,300,634.00,"190,200.00"
2019-07-18,2019071801002894,SHIVM,52,52,100,633.00,"63,300.00"
2019-07-18,2019071801003121,SHIVM,51,16,200,636.00,"127,200.00"
2019-07-18,2019071801003088,SHIVM,8,40,51,637.00,"32,487.00"
2019-07-18,2019071801003001,SHIVM,51,35,100,636.00,"63,600.00"
2019-07-18,2019071801003000,SHIVM,51,48,20,636.00,"12,720.00"
2019-07-18,2019071801002997,SHIVM,41,48,480,636.00,"305,280.00"
2019-07-18,2019071801002996,SHIVM,41,25,20,636.00,"12,720.00"
2019-07-18,2019071801003258,SHIVM,22,20,30,637.00,"19,110.00"
2019-07-18,2019071801003257,SHIVM,22,5,20,637.00,"12,740.00"
2019-07-18,2019071801003256,SHIVM,22,42,50,637.00,"31,850.00"
2019-07-18,2019071801003229,SHIVM,51,33,20,636.00,"12,720.00"
2019-07-18,2019071801003169,SHIVM,42,40,149,637.00,"94,913.00"
2019-07-18,2019071801003154,SHIVM,41,40,300,637.00,"191,100.00"
2019-07-18,2019071801003283,SHL,10,52,130,234.00,"30,420.00"
2019-07-18,2019071801002985,SHPC,13,28,356,254.00,"90,424.00"
2019-07-18,2019071801002880,SHPC,36,20,22,253.00,"5,566.00"
2019-07-18,2019071801003339,SIL,6,11,100,468.00,"46,800.00"
2019-07-18,2019071801003161,SIL,6,37,500,468.00,"234,000.00"
2019-07-18,2019071801003139,SIL,32,20,11,469.00,"5,159.00"
2019-07-18,2019071801003016,SKBBL,4,50,110,983.00,"108,130.00"
2019-07-18,2019071801002945,SLBBL,25,20,90,469.00,"42,210.00"
2019-07-18,2019071801003299,SLBSL,52,4,10,537.00,"5,370.00"
2019-07-18,2019071801002915,SLICL,6,51,229,464.00,"106,256.00"
2019-07-18,2019071801002914,SLICL,21,51,50,465.00,"23,250.00"
2019-07-18,2019071801003362,SMFBS,16,21,10,475.00,"4,750.00"
2019-07-18,2019071801002886,SMFBS,16,1,10,475.00,"4,750.00"
2019-07-18,2019071801003204,SPARS,42,20,10,427.00,"4,270.00"
2019-07-18,2019071801003125,SPARS,42,56,10,427.00,"4,270.00"
2019-07-18,2019071801003119,SPARS,42,20,10,427.00,"4,270.00"
2019-07-18,2019071801003108,SPDL,29,29,3,91.00,273.00
2019-07-18,2019071801003315,SRBL,38,44,300,255.00,"76,500.00"
2019-07-18,2019071801003302,SRBL,43,51,30,256.00,"7,680.00"
2019-07-18,2019071801002970,SRBL,38,43,91,255.00,"23,205.00"
2019-07-18,2019071801002969,SRBL,11,43,50,256.00,"12,800.00"
2019-07-18,2019071801002968,SRBL,41,43,43,256.00,"11,008.00"
2019-07-18,2019071801002963,SRBL,49,49,"2,923",256.00,"748,288.00"
2019-07-18,2019071801003111,SWBBL,4,36,50,902.00,"45,100.00"
2019-07-18,2019071801003056,SWBBL,4,54,"1,655",902.00,"1,492,810.00"
2019-07-18,2019071801003055,SWBBL,26,54,70,903.00,"63,210.00"
2019-07-18,2019071801003054,SWBBL,26,54,25,905.00,"22,625.00"
2019-07-18,2019071801003222,UMHL,29,47,10,115.00,"1,150.00"
2019-07-18,2019071801003155,UMHL,29,56,14,113.00,"1,582.00"
2019-07-18,2019071801002998,UMHL,52,29,23,112.00,"2,576.00"
2019-07-18,2019071801003138,UPCL,41,20,100,89.00,"8,900.00"
2019-07-18,2019071801003118,UPCL,20,47,50,90.00,"4,500.00"
2019-07-18,2019071801003112,UPCL,37,47,50,90.00,"4,500.00"
2019-07-18,2019071801003107,UPCL,37,47,50,90.00,"4,500.00"
2019-07-18,2019071801003101,UPCL,37,47,50,90.00,"4,500.00"
2019-07-18,2019071801003089,UPCL,37,44,50,90.00,"4,500.00"
2019-07-18,2019071801003079,UPCL,37,20,100,90.00,"9,000.00"
2019-07-18,2019071801002889,UPCL,26,29,50,90.00,"4,500.00"
2019-07-18,2019071801003356,UPPER,41,40,195,282.00,"54,990.00"
2019-07-18,2019071801003355,UPPER,39,40,200,282.00,"56,400.00"
2019-07-18,2019071801003349,UPPER,7,1,300,283.00,"84,900.00"
2019-07-18,2019071801003338,UPPER,1,1,200,283.00,"56,600.00"
2019-07-18,2019071801003337,UPPER,22,1,200,283.00,"56,600.00"
2019-07-18,2019071801003336,UPPER,29,1,241,283.00,"68,203.00"
2019-07-18,2019071801003018,UPPER,1,14,27,284.00,"7,668.00"
2019-07-18,2019071801002995,UPPER,1,21,50,284.00,"14,200.00"
2019-07-18,2019071801002973,UPPER,1,11,40,284.00,"11,360.00"
2019-07-18,2019071801002938,UPPER,42,13,300,285.00,"85,500.00"
2019-07-18,2019071801003076,UPPER,29,42,777,284.00,"220,668.00"
2019-07-18,2019071801003073,UPPER,29,11,223,284.00,"63,332.00"
2019-07-18,2019071801003072,UPPER,45,11,177,284.00,"50,268.00"
2019-07-18,2019071801003043,UPPER,29,13,17,285.00,"4,845.00"
2019-07-18,2019071801003031,UPPER,45,42,150,284.00,"42,600.00"
2019-07-18,2019071801003019,UPPER,45,14,173,284.00,"49,132.00"
2019-07-18,2019071801003150,UPPER,1,8,263,284.00,"74,692.00"
2019-07-18,2019071801003141,UPPER,1,56,40,284.00,"11,360.00"
2019-07-18,2019071801003136,UPPER,1,11,50,284.00,"14,200.00"
2019-07-18,2019071801003093,UPPER,1,42,63,284.00,"17,892.00"
2019-07-18,2019071801003078,UPPER,47,42,50,284.00,"14,200.00"
2019-07-18,2019071801003077,UPPER,58,42,10,284.00,"2,840.00"
2019-07-18,2019071801003307,UPPER,29,25,369,283.00,"104,427.00"
2019-07-18,2019071801003285,UPPER,29,26,30,283.00,"8,490.00"
2019-07-18,2019071801003284,UPPER,11,26,10,283.00,"2,830.00"
2019-07-18,2019071801003234,UPPER,11,14,490,283.00,"138,670.00"
2019-07-18,2019071801003233,UPPER,21,14,10,283.00,"2,830.00"
2019-07-18,2019071801003232,UPPER,34,14,500,283.00,"141,500.00"
2019-07-18,2019071801003303,VLBS,36,4,13,501.00,"6,513.00"
2019-07-18,2019071801002827,ADBL,58,56,20,419.00,"8,380.00"
2019-07-18,2019071801002782,ADBL,58,58,171,419.00,"71,649.00"
2019-07-18,2019071801002759,ADBL,17,58,20,419.00,"8,380.00"
2019-07-18,2019071801002758,ADBL,49,58,300,419.00,"125,700.00"
2019-07-18,2019071801002529,ADBL,44,36,150,418.00,"62,700.00"
2019-07-18,2019071801002528,ADBL,17,36,100,418.00,"41,800.00"
2019-07-18,2019071801002490,ADBL,52,52,100,419.00,"41,900.00"
2019-07-18,2019071801002489,ADBL,53,52,772,419.00,"323,468.00"
2019-07-18,2019071801002402,ADBL,53,49,228,419.00,"95,532.00"
2019-07-18,2019071801002387,ADBL,39,57,143,420.00,"60,060.00"
2019-07-18,2019071801002373,AHPC,28,45,10,110.00,"1,100.00"
2019-07-18,2019071801002599,AKPL,39,36,10,178.00,"1,780.00"
2019-07-18,2019071801002629,ALBSL,51,36,10,399.00,"3,990.00"
2019-07-18,2019071801002804,ALICL,8,3,80,386.00,"30,880.00"
2019-07-18,2019071801002803,ALICL,41,3,50,387.00,"19,350.00"
2019-07-18,2019071801002766,ALICL,21,56,50,390.00,"19,500.00"
2019-07-18,2019071801002548,ALICL,52,25,100,390.00,"39,000.00"
2019-07-18,2019071801002547,ALICL,43,25,100,390.00,"39,000.00"
2019-07-18,2019071801002546,ALICL,21,25,36,390.00,"14,040.00"
2019-07-18,2019071801002545,ALICL,54,25,150,391.00,"58,650.00"
2019-07-18,2019071801002865,API,25,42,783,141.00,"110,403.00"
2019-07-18,2019071801002864,API,43,42,200,141.00,"28,200.00"
2019-07-18,2019071801002863,API,25,42,500,141.00,"70,500.00"
2019-07-18,2019071801002862,API,25,42,346,141.00,"48,786.00"
2019-07-18,2019071801002849,API,41,42,321,142.00,"45,582.00"
2019-07-18,2019071801002848,API,41,42,379,142.00,"53,818.00"
2019-07-18,2019071801002534,API,25,28,500,141.00,"70,500.00"
2019-07-18,2019071801002621,API,6,42,10,142.00,"1,420.00"
2019-07-18,2019071801002539,API,25,28,154,141.00,"21,714.00"
2019-07-18,2019071801002538,API,58,28,45,141.00,"6,345.00"
2019-07-18,2019071801002537,API,5,28,500,141.00,"70,500.00"
2019-07-18,2019071801002536,API,41,28,140,141.00,"19,740.00"
2019-07-18,2019071801002535,API,57,28,90,141.00,"12,690.00"
2019-07-18,2019071801002830,BOKL,21,35,206,264.00,"54,384.00"
2019-07-18,2019071801002659,BOKL,26,35,50,264.00,"13,200.00"
2019-07-18,2019071801002857,BPCL,32,56,233,410.00,"95,530.00"
2019-07-18,2019071801002856,BPCL,50,56,500,410.00,"205,000.00"
2019-07-18,2019071801002855,BPCL,34,56,112,411.00,"46,032.00"
2019-07-18,2019071801002794,BPCL,21,34,132,412.00,"54,384.00"
2019-07-18,2019071801002562,BPCL,34,51,88,411.00,"36,168.00"
2019-07-18,2019071801002561,BPCL,45,51,20,412.00,"8,240.00"
2019-07-18,2019071801002443,BPCL,25,56,100,414.00,"41,400.00"
2019-07-18,2019071801002419,BPCL,17,56,10,414.00,"4,140.00"
2019-07-18,2019071801002418,BPCL,21,56,200,415.00,"83,000.00"
2019-07-18,2019071801002417,BPCL,19,56,90,415.00,"37,350.00"
2019-07-18,2019071801002416,BPCL,21,56,10,416.00,"4,160.00"
2019-07-18,2019071801002415,BPCL,19,56,39,416.00,"16,224.00"
2019-07-18,2019071801002694,CBBL,45,39,70,971.00,"67,970.00"
2019-07-18,2019071801002693,CBBL,39,39,130,972.00,"126,360.00"
2019-07-18,2019071801002658,CBBL,58,39,50,972.00,"48,600.00"
2019-07-18,2019071801002764,CBL,19,34,50,159.00,"7,950.00"
2019-07-18,2019071801002763,CBL,39,34,100,159.00,"15,900.00"
2019-07-18,2019071801002762,CBL,16,34,60,159.00,"9,540.00"
2019-07-18,2019071801002761,CBL,51,34,222,159.00,"35,298.00"
2019-07-18,2019071801002523,CBL,51,54,150,159.00,"23,850.00"
2019-07-18,2019071801002442,CBL,51,58,128,159.00,"20,352.00"
2019-07-18,2019071801002393,CBL,44,28,351,158.00,"55,458.00"
2019-07-18,2019071801002392,CBL,57,58,100,159.00,"15,900.00"
2019-07-18,2019071801002389,CBL,44,14,48,158.00,"7,584.00"
2019-07-18,2019071801002868,CCBL,14,44,100,179.00,"17,900.00"
2019-07-18,2019071801002776,CCBL,14,4,105,179.00,"18,795.00"
2019-07-18,2019071801002731,CCBL,14,34,500,179.00,"89,500.00"
2019-07-18,2019071801002723,CCBL,14,34,171,179.00,"30,609.00"
2019-07-18,2019071801002722,CCBL,48,34,200,179.00,"35,800.00"
2019-07-18,2019071801002721,CCBL,38,34,129,179.00,"23,091.00"
2019-07-18,2019071801002518,CCBL,41,45,340,179.00,"60,860.00"
2019-07-18,2019071801002517,CCBL,18,45,60,179.00,"10,740.00"
2019-07-18,2019071801002612,CCBL,41,51,43,179.00,"7,697.00"
2019-07-18,2019071801002608,CCBL,41,36,117,179.00,"20,943.00"
2019-07-18,2019071801002558,CCBL,56,5,12,180.00,"2,160.00"
2019-07-18,2019071801002557,CCBL,56,41,43,180.00,"7,740.00"
2019-07-18,2019071801002531,CCBL,41,43,840,179.00,"150,360.00"
2019-07-18,2019071801002530,CCBL,41,43,160,179.00,"28,640.00"
2019-07-18,2019071801002717,CCBL,38,41,171,179.00,"30,609.00"
2019-07-18,2019071801002716,CCBL,6,41,180,179.00,"32,220.00"
2019-07-18,2019071801002715,CCBL,1,41,149,179.00,"26,671.00"
2019-07-18,2019071801002710,CCBL,1,34,851,179.00,"152,329.00"
2019-07-18,2019071801002709,CCBL,16,34,343,179.00,"61,397.00"
2019-07-18,2019071801002613,CCBL,16,51,157,179.00,"28,103.00"
2019-07-18,2019071801002626,CHCL,25,44,500,520.00,"260,000.00"
2019-07-18,2019071801002625,CHCL,59,44,500,520.00,"260,000.00"
2019-07-18,2019071801002711,CIT,41,51,150,"2,450.00","367,500.00"
2019-07-18,2019071801002605,CIT,33,42,20,"2,452.00","49,040.00"
2019-07-18,2019071801002458,CLBSL,29,46,10,510.00,"5,100.00"
2019-07-18,2019071801002457,CLBSL,29,54,20,510.00,"10,200.00"
2019-07-18,2019071801002456,CLBSL,29,53,10,505.00,"5,050.00"
2019-07-18,2019071801002851,CZBIL,18,4,10,229.00,"2,290.00"
2019-07-18,2019071801002474,CZBIL,18,54,80,229.00,"18,320.00"
2019-07-18,2019071801002705,DBBL,32,57,"2,000",149.00,"298,000.00"
2019-07-18,2019071801002433,DBBL,21,52,11,150.00,"1,650.00"
2019-07-18,2019071801002809,EBL,11,56,20,677.00,"13,540.00"
2019-07-18,2019071801002737,EBL,19,58,50,680.00,"34,000.00"
2019-07-18,2019071801002425,EBL,44,49,50,676.00,"33,800.00"
2019-07-18,2019071801002379,EBL,44,21,221,676.00,"149,396.00"
2019-07-18,2019071801002378,EBL,25,21,125,676.00,"84,500.00"
2019-07-18,2019071801002377,EBL,8,21,20,676.00,"13,520.00"
2019-07-18,2019071801002822,EIC,14,51,137,365.00,"50,005.00"
2019-07-18,2019071801002821,EIC,54,51,100,365.00,"36,500.00"
2019-07-18,2019071801002820,EIC,41,51,20,365.00,"7,300.00"
2019-07-18,2019071801002819,EIC,6,51,100,365.00,"36,500.00"
2019-07-18,2019071801002818,EIC,19,51,100,365.00,"36,500.00"
2019-07-18,2019071801002817,EIC,51,51,50,366.00,"18,300.00"
2019-07-18,2019071801002816,EIC,51,51,50,366.00,"18,300.00"
2019-07-18,2019071801002815,EIC,1,51,30,367.00,"11,010.00"
2019-07-18,2019071801002681,EIC,8,33,100,368.00,"36,800.00"
2019-07-18,2019071801002467,FMDBL,29,49,20,388.00,"7,760.00"
2019-07-18,2019071801002466,FMDBL,37,49,50,388.00,"19,400.00"
2019-07-18,2019071801002374,FMDBL,29,49,100,389.00,"38,900.00"
2019-07-18,2019071801002771,FOWAD,6,51,30,"1,330.00","39,900.00"
2019-07-18,2019071801002634,GBBL,45,52,51,231.00,"11,781.00"
2019-07-18,2019071801002424,GBLBS,42,59,100,350.00,"35,000.00"
2019-07-18,2019071801002423,GBLBS,7,59,10,350.00,"3,500.00"
2019-07-18,2019071801002422,GBLBS,21,59,200,350.00,"70,000.00"
2019-07-18,2019071801002515,GDBL,13,45,30,217.00,"6,510.00"
2019-07-18,2019071801002514,GDBL,13,11,98,217.00,"21,266.00"
2019-07-18,2019071801002521,GFCL,11,17,100,137.00,"13,700.00"
2019-07-18,2019071801002441,GLBSL,7,47,10,397.00,"3,970.00"
2019-07-18,2019071801002860,GMFBS,33,39,10,455.00,"4,550.00"
2019-07-18,2019071801002669,GMFBS,41,34,10,455.00,"4,550.00"
2019-07-18,2019071801002503,GMFBS,41,55,20,455.00,"9,100.00"
2019-07-18,2019071801002502,GMFBS,14,55,30,455.00,"13,650.00"
