Date,Transact. No.,Symbol,Buyer,Seller,Quantity,Rate,Amount
2019-09-25,2019092501003928,ADBL,54,6,"1,000",412.00,"412,000.00"
2019-09-25,2019092501003675,ADBL,39,29,"1,000",411.00,"411,000.00"
2019-09-25,2019092501004128,AKBSL,41,55,10,412.00,"4,120.00"
2019-09-25,2019092501003971,AKBSL,41,8,10,412.00,"4,120.00"
2019-09-25,2019092501003951,AKBSL,41,8,10,412.00,"4,120.00"
2019-09-25,2019092501003887,AKBSL,41,33,10,412.00,"4,120.00"
2019-09-25,2019092501003885,AKBSL,48,53,150,413.00,"61,950.00"
2019-09-25,2019092501003840,AKBSL,41,1,10,412.00,"4,120.00"
2019-09-25,2019092501003838,AKBSL,41,8,10,412.00,"4,120.00"
2019-09-25,2019092501003799,AKBSL,41,36,10,412.00,"4,120.00"
2019-09-25,2019092501003792,AKBSL,41,47,10,412.00,"4,120.00"
2019-09-25,2019092501003744,AKBSL,41,33,10,412.00,"4,120.00"
2019-09-25,2019092501003696,AKBSL,41,44,10,412.00,"4,120.00"
2019-09-25,2019092501003633,AKBSL,41,36,10,412.00,"4,120.00"
2019-09-25,2019092501003829,AKJCL,22,40,20,55.00,"1,100.00"
2019-09-25,2019092501003634,AKJCL,22,40,20,55.00,"1,100.00"
2019-09-25,2019092501004093,ALBSL,42,21,10,415.00,"4,150.00"
2019-09-25,2019092501004074,ALBSL,42,21,10,415.00,"4,150.00"
2019-09-25,2019092501003698,ALICL,28,38,200,313.00,"62,600.00"
2019-09-25,2019092501003822,API,25,6,10,115.00,"1,150.00"
2019-09-25,2019092501003821,API,25,46,260,114.00,"29,640.00"
2019-09-25,2019092501003820,API,25,25,160,114.00,"18,240.00"
2019-09-25,2019092501003819,API,25,20,80,114.00,"9,120.00"
2019-09-25,2019092501003811,API,33,25,200,113.00,"22,600.00"
2019-09-25,2019092501003810,API,22,25,441,113.00,"49,833.00"
2019-09-25,2019092501004036,BFC,8,14,"1,046",89.00,"93,094.00"
2019-09-25,2019092501004035,BFC,8,39,"1,000",89.00,"89,000.00"
2019-09-25,2019092501003794,BOKL,8,51,12,251.00,"3,012.00"
2019-09-25,2019092501003836,BPCL,46,34,150,354.00,"53,100.00"
2019-09-25,2019092501003827,BPCL,49,56,30,353.00,"10,590.00"
2019-09-25,2019092501003777,BPCL,22,34,200,354.00,"70,800.00"
2019-09-25,2019092501003776,BPCL,21,34,65,354.00,"23,010.00"
2019-09-25,2019092501003723,BPCL,21,32,250,354.00,"88,500.00"
2019-09-25,2019092501003681,BPCL,53,45,40,355.00,"14,200.00"
2019-09-25,2019092501004018,CBBL,6,45,200,974.00,"194,800.00"
2019-09-25,2019092501004017,CBBL,6,55,50,974.00,"48,700.00"
2019-09-25,2019092501004016,CBBL,6,29,50,973.00,"48,650.00"
2019-09-25,2019092501004015,CBBL,6,45,200,970.00,"194,000.00"
2019-09-25,2019092501004014,CBBL,6,37,70,970.00,"67,900.00"
2019-09-25,2019092501004013,CBBL,6,25,50,969.00,"48,450.00"
2019-09-25,2019092501003716,CBBL,45,6,101,960.00,"96,960.00"
2019-09-25,2019092501003636,CBBL,45,59,46,960.00,"44,160.00"
2019-09-25,2019092501003998,CBL,34,13,300,141.00,"42,300.00"
2019-09-25,2019092501003994,CBL,43,57,"1,000",140.00,"140,000.00"
2019-09-25,2019092501003993,CBL,53,57,"2,000",140.00,"280,000.00"
2019-09-25,2019092501003992,CBL,56,57,"1,000",140.00,"140,000.00"
2019-09-25,2019092501003984,CBL,17,13,"1,000",141.00,"141,000.00"
2019-09-25,2019092501003959,CBL,17,13,"1,000",141.00,"141,000.00"
2019-09-25,2019092501003914,CBL,11,13,20,141.00,"2,820.00"
2019-09-25,2019092501003913,CBL,33,13,500,141.00,"70,500.00"
2019-09-25,2019092501003912,CBL,52,13,100,141.00,"14,100.00"
2019-09-25,2019092501003911,CBL,52,13,"1,000",141.00,"141,000.00"
2019-09-25,2019092501003910,CBL,52,13,440,141.00,"62,040.00"
2019-09-25,2019092501003909,CBL,17,13,548,141.00,"77,268.00"
2019-09-25,2019092501003920,CBL,26,13,"1,500",141.00,"211,500.00"
2019-09-25,2019092501003919,CBL,48,13,50,141.00,"7,050.00"
2019-09-25,2019092501003918,CBL,45,13,500,141.00,"70,500.00"
2019-09-25,2019092501003917,CBL,39,13,200,141.00,"28,200.00"
2019-09-25,2019092501003916,CBL,32,13,100,141.00,"14,100.00"
2019-09-25,2019092501003915,CBL,8,13,225,141.00,"31,725.00"
2019-09-25,2019092501003926,CBL,44,13,"1,000",141.00,"141,000.00"
2019-09-25,2019092501003925,CBL,10,13,300,141.00,"42,300.00"
2019-09-25,2019092501003924,CBL,49,13,"1,000",141.00,"141,000.00"
2019-09-25,2019092501003923,CBL,42,13,100,141.00,"14,100.00"
2019-09-25,2019092501003922,CBL,52,13,100,141.00,"14,100.00"
2019-09-25,2019092501003921,CBL,43,13,53,141.00,"7,473.00"
2019-09-25,2019092501004102,CCBL,59,25,179,153.00,"27,387.00"
2019-09-25,2019092501004101,CCBL,8,25,71,153.00,"10,863.00"
2019-09-25,2019092501003680,CHCL,45,59,200,413.00,"82,600.00"
2019-09-25,2019092501003653,CHCL,45,37,3,413.00,"1,239.00"
2019-09-25,2019092501003652,CHCL,45,37,99,413.00,"40,887.00"
2019-09-25,2019092501004067,CIT,37,49,134,"1,775.00","237,850.00"
2019-09-25,2019092501004066,CIT,19,49,10,"1,775.00","17,750.00"
2019-09-25,2019092501004065,CIT,21,49,100,"1,775.00","177,500.00"
2019-09-25,2019092501004064,CIT,54,49,83,"1,775.00","147,325.00"
2019-09-25,2019092501004063,CIT,46,49,20,"1,776.00","35,520.00"
2019-09-25,2019092501004062,CIT,45,49,60,"1,776.00","106,560.00"
2019-09-25,2019092501004061,CIT,22,49,245,"1,777.00","435,365.00"
2019-09-25,2019092501004060,CIT,16,49,20,"1,777.00","35,540.00"
2019-09-25,2019092501004059,CIT,52,49,50,"1,777.00","88,850.00"
2019-09-25,2019092501004058,CIT,22,49,28,"1,777.00","49,756.00"
2019-09-25,2019092501004057,CIT,19,49,100,"1,778.00","177,800.00"
2019-09-25,2019092501003927,CZBIL,57,1,10,192.00,"1,920.00"
2019-09-25,2019092501004090,DBBL,51,38,156,129.00,"20,124.00"
2019-09-25,2019092501004089,DBBL,51,42,316,129.00,"40,764.00"
2019-09-25,2019092501004088,DBBL,51,34,28,128.00,"3,584.00"
2019-09-25,2019092501004034,EBL,11,43,31,558.00,"17,298.00"
2019-09-25,2019092501003672,EBL,48,43,15,559.00,"8,385.00"
2019-09-25,2019092501003671,EBL,41,43,204,559.00,"114,036.00"
2019-09-25,2019092501004022,EIC,26,57,330,243.00,"80,190.00"
2019-09-25,2019092501004021,EIC,51,57,100,244.00,"24,400.00"
2019-09-25,2019092501004083,FMDBL,35,59,40,372.00,"14,880.00"
2019-09-25,2019092501003830,FMDBL,45,59,60,372.00,"22,320.00"
2019-09-25,2019092501004073,FOWAD,50,38,19,"1,282.00","24,358.00"
2019-09-25,2019092501004072,FOWAD,50,38,19,"1,282.00","24,358.00"
2019-09-25,2019092501004071,FOWAD,50,38,19,"1,282.00","24,358.00"
2019-09-25,2019092501004070,FOWAD,50,38,19,"1,282.00","24,358.00"
2019-09-25,2019092501004069,FOWAD,50,39,19,"1,281.00","24,339.00"
2019-09-25,2019092501003782,GBBL,13,57,184,208.00,"38,272.00"
2019-09-25,2019092501004112,GBLBS,33,48,200,317.00,"63,400.00"
2019-09-25,2019092501003873,GBLBS,45,48,20,317.00,"6,340.00"
2019-09-25,2019092501003784,GBLBS,1,48,100,317.00,"31,700.00"
2019-09-25,2019092501003783,GBLBS,1,1,200,317.00,"63,400.00"
2019-09-25,2019092501004026,GDBL,20,48,400,201.00,"80,400.00"
2019-09-25,2019092501004006,GLBSL,58,1,10,427.00,"4,270.00"
2019-09-25,2019092501003706,GLBSL,32,40,10,426.00,"4,260.00"
2019-09-25,2019092501003684,GLBSL,49,36,10,426.00,"4,260.00"
2019-09-25,2019092501003673,GLBSL,49,40,10,426.00,"4,260.00"
2019-09-25,2019092501003964,GLICL,34,51,52,357.00,"18,564.00"
2019-09-25,2019092501003963,GLICL,34,10,158,357.00,"56,406.00"
2019-09-25,2019092501003955,HBL,22,1,200,490.00,"98,000.00"
2019-09-25,2019092501003647,HIDCL,47,43,50,131.00,"6,550.00"
2019-09-25,2019092501003646,HIDCL,39,43,100,131.00,"13,100.00"
2019-09-25,2019092501003793,HPPL,6,19,500,131.00,"65,500.00"
2019-09-25,2019092501003730,HURJA,42,42,50,106.00,"5,300.00"
2019-09-25,2019092501003729,HURJA,42,50,20,106.00,"2,120.00"
2019-09-25,2019092501003704,ICFC,28,39,42,153.00,"6,426.00"
2019-09-25,2019092501003656,IGI,38,48,10,290.00,"2,900.00"
2019-09-25,2019092501004092,ILBS,57,57,10,428.00,"4,280.00"
2019-09-25,2019092501003990,ILBS,39,55,10,422.00,"4,220.00"
2019-09-25,2019092501003985,ILBS,48,34,10,422.00,"4,220.00"
2019-09-25,2019092501003831,ILBS,48,34,10,422.00,"4,220.00"
2019-09-25,2019092501004099,JBBL,49,40,706,155.00,"109,430.00"
2019-09-25,2019092501003999,JBBL,18,57,558,156.00,"87,048.00"
2019-09-25,2019092501003823,JBBL,18,57,300,156.00,"46,800.00"
2019-09-25,2019092501003983,JFL,37,34,10,195.00,"1,950.00"
2019-09-25,2019092501003977,KBL,6,34,100,176.00,"17,600.00"
2019-09-25,2019092501003976,KBL,11,34,100,176.00,"17,600.00"
2019-09-25,2019092501003975,KBL,39,34,"1,000",176.00,"176,000.00"
2019-09-25,2019092501003974,KBL,34,34,702,176.00,"123,552.00"
2019-09-25,2019092501003884,KBL,34,14,628,176.00,"110,528.00"
2019-09-25,2019092501003883,KBL,22,14,200,176.00,"35,200.00"
2019-09-25,2019092501003882,KBL,58,14,672,176.00,"118,272.00"
2019-09-25,2019092501003692,KBL,58,11,42,176.00,"7,392.00"
2019-09-25,2019092501004020,KPCL,22,55,10,76.00,760.00
2019-09-25,2019092501003958,KPCL,22,1,10,76.00,760.00
2019-09-25,2019092501003697,KPCL,56,59,100,77.00,"7,700.00"
2019-09-25,2019092501004115,KRBL,6,1,106,102.00,"10,812.00"
2019-09-25,2019092501003641,KSBBL,42,50,100,140.00,"14,000.00"
2019-09-25,2019092501004047,LBBL,44,32,58,170.00,"9,860.00"
2019-09-25,2019092501004001,LBBL,59,32,590,170.00,"100,300.00"
2019-09-25,2019092501003908,LBBL,53,32,100,170.00,"17,000.00"
2019-09-25,2019092501003867,LBBL,59,32,502,170.00,"85,340.00"
2019-09-25,2019092501003805,LBBL,59,39,88,170.00,"14,960.00"
2019-09-25,2019092501004076,LBL,22,44,200,210.00,"42,000.00"
2019-09-25,2019092501004075,LBL,19,44,50,210.00,"10,500.00"
2019-09-25,2019092501003953,LBL,19,57,450,210.00,"94,500.00"
2019-09-25,2019092501003649,LGIL,43,6,11,350.00,"3,850.00"
2019-09-25,2019092501003632,LGIL,43,59,60,352.00,"21,120.00"
2019-09-25,2019092501004111,LICN,25,25,10,996.00,"9,960.00"
2019-09-25,2019092501004004,LICN,34,13,30,990.00,"29,700.00"
2019-09-25,2019092501004003,LICN,34,25,10,989.00,"9,890.00"
2019-09-25,2019092501004053,MBL,45,43,500,245.00,"122,500.00"
2019-09-25,2019092501003837,MBL,57,18,500,246.00,"123,000.00"
2019-09-25,2019092501003828,MBL,45,51,100,245.00,"24,500.00"
2019-09-25,2019092501004114,MEGA,14,40,101,192.00,"19,392.00"
2019-09-25,2019092501004113,MEGA,22,40,10,192.00,"1,920.00"
2019-09-25,2019092501004080,MEGA,40,49,70,193.00,"13,510.00"
2019-09-25,2019092501003638,MEGA,28,17,38,193.00,"7,334.00"
2019-09-25,2019092501003637,MEGA,17,17,126,193.00,"24,318.00"
2019-09-25,2019092501003640,MEGA,57,17,836,193.00,"161,348.00"
2019-09-25,2019092501003639,MEGA,25,17,500,193.00,"96,500.00"
2019-09-25,2019092501003685,MEGA,34,51,30,194.00,"5,820.00"
2019-09-25,2019092501003801,MEGA,57,18,"1,000",193.00,"193,000.00"
2019-09-25,2019092501003894,MEGA,43,51,10,194.00,"1,940.00"
2019-09-25,2019092501004079,MEGA,57,49,109,193.00,"21,037.00"
2019-09-25,2019092501004030,MEGA,43,51,10,194.00,"1,940.00"
2019-09-25,2019092501004000,MEGA,57,17,55,193.00,"10,615.00"
2019-09-25,2019092501004078,MERO,56,25,50,543.00,"27,150.00"
2019-09-25,2019092501004048,MLBL,33,22,10,210.00,"2,100.00"
2019-09-25,2019092501003733,MLBL,55,57,189,208.00,"39,312.00"
2019-09-25,2019092501003732,MLBL,1,57,200,208.00,"41,600.00"
2019-09-25,2019092501003731,MLBL,41,57,84,209.00,"17,556.00"
2019-09-25,2019092501004068,MNBBL,49,51,112,302.00,"33,824.00"
2019-09-25,2019092501003966,MNBBL,45,51,144,303.00,"43,632.00"
2019-09-25,2019092501003816,MNBBL,49,43,442,302.00,"133,484.00"
2019-09-25,2019092501003815,MNBBL,35,43,20,302.00,"6,040.00"
2019-09-25,2019092501003814,MNBBL,49,43,14,302.00,"4,228.00"
2019-09-25,2019092501003813,MNBBL,45,43,24,303.00,"7,272.00"
2019-09-25,2019092501004037,MSLB,40,42,26,915.00,"23,790.00"
2019-09-25,2019092501003863,NABIL,38,43,186,759.00,"141,174.00"
2019-09-25,2019092501003862,NABIL,45,43,20,760.00,"15,200.00"
2019-09-25,2019092501003861,NABIL,17,43,44,760.00,"33,440.00"
2019-09-25,2019092501003703,NADEP,54,6,20,405.00,"8,100.00"
2019-09-25,2019092501003893,NAGRO,14,56,10,726.00,"7,260.00"
2019-09-25,2019092501003663,NBB,49,17,675,207.00,"139,725.00"
2019-09-25,2019092501003662,NBB,38,17,500,207.00,"103,500.00"
2019-09-25,2019092501003661,NBB,29,17,100,207.00,"20,700.00"
2019-09-25,2019092501003660,NBB,59,17,40,207.00,"8,280.00"
2019-09-25,2019092501003659,NBB,6,17,185,207.00,"38,295.00"
2019-09-25,2019092501003907,NBB,56,17,135,208.00,"28,080.00"
2019-09-25,2019092501003906,NBB,56,32,"1,162",207.00,"240,534.00"
2019-09-25,2019092501003825,NBB,36,32,500,207.00,"103,500.00"
2019-09-25,2019092501003787,NBB,22,32,100,207.00,"20,700.00"
2019-09-25,2019092501003665,NBB,6,32,600,207.00,"124,200.00"
2019-09-25,2019092501003664,NBB,49,32,325,207.00,"67,275.00"
2019-09-25,2019092501004119,NBL,57,18,50,310.00,"15,500.00"
2019-09-25,2019092501004118,NBL,58,18,500,310.00,"155,000.00"
2019-09-25,2019092501004117,NBL,19,18,200,310.00,"62,000.00"
2019-09-25,2019092501004116,NBL,35,18,500,310.00,"155,000.00"
2019-09-25,2019092501003997,NBL,43,18,10,311.00,"3,110.00"
2019-09-25,2019092501003748,NBL,35,32,100,310.00,"31,000.00"
2019-09-25,2019092501003707,NBL,16,4,50,310.00,"15,500.00"
2019-09-25,2019092501003747,NBL,59,32,100,310.00,"31,000.00"
2019-09-25,2019092501003746,NBL,21,32,300,310.00,"93,000.00"
2019-09-25,2019092501003711,NBL,21,4,700,310.00,"217,000.00"
2019-09-25,2019092501003710,NBL,41,4,100,310.00,"31,000.00"
2019-09-25,2019092501003709,NBL,22,4,100,310.00,"31,000.00"
2019-09-25,2019092501003708,NBL,29,4,50,310.00,"15,500.00"
2019-09-25,2019092501004127,NCCB,33,51,10,194.00,"1,940.00"
2019-09-25,2019092501003891,NCCB,7,17,500,193.00,"96,500.00"
2019-09-25,2019092501003890,NCCB,57,17,100,193.00,"19,300.00"
2019-09-25,2019092501003889,NCCB,28,17,127,193.00,"24,511.00"
2019-09-25,2019092501003888,NCCB,44,17,762,193.00,"147,066.00"
2019-09-25,2019092501003881,NCCB,44,50,500,193.00,"96,500.00"
2019-09-25,2019092501003788,NHDL,51,47,10,91.00,910.00
2019-09-25,2019092501004056,NHPC,34,56,"1,000",52.00,"52,000.00"
2019-09-25,2019092501004025,NIB,49,40,757,434.00,"328,538.00"
2019-09-25,2019092501004024,NIB,36,40,20,435.00,"8,700.00"
2019-09-25,2019092501004023,NIB,22,40,12,435.00,"5,220.00"
2019-09-25,2019092501003631,NIB,49,11,163,435.00,"70,905.00"
2019-09-25,2019092501004046,NICA,58,18,300,376.00,"112,800.00"
2019-09-25,2019092501004011,NICA,54,18,106,376.00,"39,856.00"
2019-09-25,2019092501004010,NICA,54,46,394,376.00,"148,144.00"
2019-09-25,2019092501003986,NICA,19,46,300,376.00,"112,800.00"
2019-09-25,2019092501003879,NICA,13,46,300,376.00,"112,800.00"
2019-09-25,2019092501003719,NICA,58,46,26,376.00,"9,776.00"
2019-09-25,2019092501003683,NICA,55,46,680,376.00,"255,680.00"
2019-09-25,2019092501003682,NICA,55,58,"1,120",376.00,"421,120.00"
2019-09-25,2019092501004032,NICL,34,26,200,263.00,"52,600.00"
2019-09-25,2019092501004031,NICL,34,26,263,263.00,"69,169.00"
2019-09-25,2019092501003967,NIL,45,36,200,352.00,"70,400.00"
2019-09-25,2019092501003973,NLBBL,40,45,50,495.00,"24,750.00"
2019-09-25,2019092501003901,NLBBL,39,34,2,495.00,990.00
2019-09-25,2019092501003900,NLBBL,39,59,54,495.00,"26,730.00"
2019-09-25,2019092501003802,NLG,48,19,10,585.00,"5,850.00"
2019-09-25,2019092501004042,NLIC,7,44,40,753.00,"30,120.00"
2019-09-25,2019092501004041,NLIC,26,44,20,753.00,"15,060.00"
2019-09-25,2019092501004040,NLIC,6,44,20,753.00,"15,060.00"
2019-09-25,2019092501004039,NLIC,5,44,200,753.00,"150,600.00"
2019-09-25,2019092501003807,NLIC,1,44,20,754.00,"15,080.00"
2019-09-25,2019092501003727,NLIC,45,44,30,754.00,"22,620.00"
2019-09-25,2019092501003726,NLIC,42,44,36,754.00,"27,144.00"
2019-09-25,2019092501003718,NLIC,42,1,50,754.00,"37,700.00"
2019-09-25,2019092501003702,NLIC,41,22,50,755.00,"37,750.00"
2019-09-25,2019092501003701,NLIC,4,22,100,755.00,"75,500.00"
2019-09-25,2019092501003700,NLIC,45,22,50,755.00,"37,750.00"
2019-09-25,2019092501003866,NMFBS,45,22,50,"1,685.00","84,250.00"
2019-09-25,2019092501003865,NMFBS,45,42,15,"1,685.00","25,275.00"
2019-09-25,2019092501003864,NMFBS,45,57,10,"1,684.00","16,840.00"
2019-09-25,2019092501003691,NMFBS,45,22,80,"1,685.00","134,800.00"
2019-09-25,2019092501004124,NTC,59,4,10,627.00,"6,270.00"
2019-09-25,2019092501004123,NTC,26,49,10,619.00,"6,190.00"
2019-09-25,2019092501004051,NTC,59,4,10,627.00,"6,270.00"
2019-09-25,2019092501003996,NTC,26,6,100,619.00,"61,900.00"
2019-09-25,2019092501003995,NTC,59,6,10,625.00,"6,250.00"
2019-09-25,2019092501003962,NTC,11,49,10,618.00,"6,180.00"
2019-09-25,2019092501003655,NTC,59,4,10,627.00,"6,270.00"
2019-09-25,2019092501003693,OHL,45,5,40,525.00,"21,000.00"
2019-09-25,2019092501004104,PCBL,57,42,87,261.00,"22,707.00"
2019-09-25,2019092501004050,PCBL,57,40,25,261.00,"6,525.00"
2019-09-25,2019092501004049,PCBL,38,40,354,261.00,"92,394.00"
2019-09-25,2019092501003690,PFL,45,7,100,133.00,"13,300.00"
2019-09-25,2019092501004052,PIC,8,38,10,370.00,"3,700.00"
2019-09-25,2019092501003989,PIC,33,50,100,365.00,"36,500.00"
2019-09-25,2019092501003988,PIC,51,50,100,365.00,"36,500.00"
2019-09-25,2019092501003987,PIC,25,50,100,365.00,"36,500.00"
2019-09-25,2019092501003800,PROFL,34,34,365,98.00,"35,770.00"
2019-09-25,2019092501004126,PRVU,53,56,"1,000",258.00,"258,000.00"
2019-09-25,2019092501004125,PRVU,22,56,750,258.00,"193,500.00"
2019-09-25,2019092501004081,PRVU,22,1,150,258.00,"38,700.00"
2019-09-25,2019092501003972,PRVU,58,56,900,258.00,"232,200.00"
2019-09-25,2019092501003952,PRVU,34,56,100,258.00,"25,800.00"
2019-09-25,2019092501003630,PRVU,21,39,265,258.00,"68,370.00"
2019-09-25,2019092501003629,PRVU,38,39,100,258.00,"25,800.00"
2019-09-25,2019092501003751,PRVU,39,32,"1,000",258.00,"258,000.00"
2019-09-25,2019092501003750,PRVU,35,32,200,258.00,"51,600.00"
2019-09-25,2019092501003749,PRVU,21,32,35,258.00,"9,030.00"
2019-09-25,2019092501003720,PRVU,22,46,200,259.00,"51,800.00"
2019-09-25,2019092501003642,PRVU,53,32,"1,000",259.00,"259,000.00"
2019-09-25,2019092501003757,PRVU,50,32,"1,128",258.00,"291,024.00"
2019-09-25,2019092501003756,PRVU,36,32,50,258.00,"12,900.00"
2019-09-25,2019092501003755,PRVU,32,32,"1,000",258.00,"258,000.00"
2019-09-25,2019092501003754,PRVU,51,32,200,258.00,"51,600.00"
2019-09-25,2019092501003753,PRVU,42,32,600,258.00,"154,800.00"
2019-09-25,2019092501003752,PRVU,38,32,200,258.00,"51,600.00"
2019-09-25,2019092501003763,PRVU,49,32,200,258.00,"51,600.00"
2019-09-25,2019092501003762,PRVU,57,32,"1,000",258.00,"258,000.00"
2019-09-25,2019092501003761,PRVU,41,32,100,258.00,"25,800.00"
2019-09-25,2019092501003760,PRVU,53,32,500,258.00,"129,000.00"
2019-09-25,2019092501003759,PRVU,42,32,100,258.00,"25,800.00"
2019-09-25,2019092501003758,PRVU,35,32,20,258.00,"5,160.00"
2019-09-25,2019092501003796,PRVU,39,32,25,258.00,"6,450.00"
2019-09-25,2019092501003768,PRVU,43,32,"1,000",258.00,"258,000.00"
2019-09-25,2019092501003767,PRVU,39,32,200,258.00,"51,600.00"
2019-09-25,2019092501003766,PRVU,33,32,100,258.00,"25,800.00"
2019-09-25,2019092501003765,PRVU,19,32,300,258.00,"77,400.00"
2019-09-25,2019092501003764,PRVU,44,32,500,258.00,"129,000.00"
2019-09-25,2019092501003878,PRVU,58,32,45,258.00,"11,610.00"
2019-09-25,2019092501003877,PRVU,53,32,"1,000",258.00,"258,000.00"
2019-09-25,2019092501003842,PRVU,40,32,300,258.00,"77,400.00"
2019-09-25,2019092501003834,PRVU,58,32,380,258.00,"98,040.00"
2019-09-25,2019092501003833,PRVU,41,32,50,258.00,"12,900.00"
2019-09-25,2019092501003797,PRVU,26,32,200,258.00,"51,600.00"
2019-09-25,2019092501004038,RADHI,14,55,11,133.00,"1,463.00"
2019-09-25,2019092501004121,RHPL,57,40,20,157.00,"3,140.00"
2019-09-25,2019092501004120,RHPL,57,21,30,157.00,"4,710.00"
2019-09-25,2019092501004110,RHPL,1,50,330,156.00,"51,480.00"
2019-09-25,2019092501004109,RHPL,40,50,130,156.00,"20,280.00"
2019-09-25,2019092501004108,RHPL,59,50,100,156.00,"15,600.00"
2019-09-25,2019092501004107,RHPL,41,50,70,156.00,"10,920.00"
2019-09-25,2019092501003644,RHPL,57,1,40,156.00,"6,240.00"
2019-09-25,2019092501003635,RHPL,57,34,100,156.00,"15,600.00"
2019-09-25,2019092501003722,RHPL,41,26,20,156.00,"3,120.00"
2019-09-25,2019092501003721,RHPL,41,33,40,156.00,"6,240.00"
2019-09-25,2019092501003695,RHPL,41,34,20,156.00,"3,120.00"
2019-09-25,2019092501003694,RHPL,57,34,20,156.00,"3,120.00"
2019-09-25,2019092501003679,RHPL,40,50,40,157.00,"6,280.00"
2019-09-25,2019092501003650,RHPL,57,40,40,156.00,"6,240.00"
2019-09-25,2019092501003795,RHPL,41,33,40,156.00,"6,240.00"
2019-09-25,2019092501003781,RHPL,41,26,20,156.00,"3,120.00"
2019-09-25,2019092501003775,RHPL,40,50,10,157.00,"1,570.00"
2019-09-25,2019092501003737,RHPL,41,40,10,156.00,"1,560.00"
2019-09-25,2019092501003736,RHPL,41,26,20,156.00,"3,120.00"
2019-09-25,2019092501003728,RHPL,41,34,40,156.00,"6,240.00"
2019-09-25,2019092501003872,RHPL,41,33,50,156.00,"7,800.00"
2019-09-25,2019092501003871,RHPL,41,40,20,156.00,"3,120.00"
2019-09-25,2019092501003860,RHPL,41,34,40,156.00,"6,240.00"
2019-09-25,2019092501003859,RHPL,41,40,30,156.00,"4,680.00"
2019-09-25,2019092501003826,RHPL,41,33,40,156.00,"6,240.00"
2019-09-25,2019092501003806,RHPL,40,50,20,157.00,"3,140.00"
2019-09-25,2019092501004044,RHPL,41,1,40,156.00,"6,240.00"
2019-09-25,2019092501004019,RHPL,40,50,50,157.00,"7,850.00"
2019-09-25,2019092501004005,RHPL,41,34,50,156.00,"7,800.00"
2019-09-25,2019092501003991,RHPL,41,40,50,156.00,"7,800.00"
2019-09-25,2019092501003905,RHPL,41,34,40,156.00,"6,240.00"
2019-09-25,2019092501003886,RHPL,40,50,20,157.00,"3,140.00"
2019-09-25,2019092501004106,RHPL,40,50,500,156.00,"78,000.00"
2019-09-25,2019092501004105,RHPL,41,50,850,156.00,"132,600.00"
2019-09-25,2019092501004084,RHPL,41,21,30,156.00,"4,680.00"
2019-09-25,2019092501004077,RHPL,40,50,40,157.00,"6,280.00"
2019-09-25,2019092501004054,RHPL,41,55,10,156.00,"1,560.00"
2019-09-25,2019092501004045,RHPL,41,40,40,156.00,"6,240.00"
2019-09-25,2019092501003970,RMDC,22,45,200,610.00,"122,000.00"
2019-09-25,2019092501003969,RMDC,22,55,50,608.00,"30,400.00"
2019-09-25,2019092501003968,RMDC,22,4,15,608.00,"9,120.00"
2019-09-25,2019092501003654,RRHP,47,1,10,102.00,"1,020.00"
2019-09-25,2019092501003876,SABSL,45,1,10,450.00,"4,500.00"
2019-09-25,2019092501003812,SABSL,45,40,10,450.00,"4,500.00"
2019-09-25,2019092501003804,SABSL,45,33,10,450.00,"4,500.00"
2019-09-25,2019092501003699,SABSL,45,44,10,450.00,"4,500.00"
2019-09-25,2019092501003982,SANIMA,45,40,172,345.00,"59,340.00"
2019-09-25,2019092501003981,SANIMA,44,40,100,346.00,"34,600.00"
2019-09-25,2019092501003980,SANIMA,35,40,400,346.00,"138,400.00"
2019-09-25,2019092501003979,SANIMA,55,40,500,346.00,"173,000.00"
2019-09-25,2019092501003978,SANIMA,7,40,160,347.00,"55,520.00"
2019-09-25,2019092501003950,SANIMA,7,59,40,347.00,"13,880.00"
2019-09-25,2019092501003949,SANIMA,32,59,10,347.00,"3,470.00"
2019-09-25,2019092501003880,SANIMA,32,11,90,347.00,"31,230.00"
2019-09-25,2019092501003874,SANIMA,32,58,100,347.00,"34,700.00"
2019-09-25,2019092501003803,SBI,57,41,200,405.00,"81,000.00"
2019-09-25,2019092501003899,SBL,44,40,"2,128",326.00,"693,728.00"
2019-09-25,2019092501003898,SBL,8,40,10,326.00,"3,260.00"
2019-09-25,2019092501003897,SBL,14,40,100,326.00,"32,600.00"
2019-09-25,2019092501003896,SBL,50,40,50,326.00,"16,300.00"
2019-09-25,2019092501003895,SBL,22,40,283,327.00,"92,541.00"
2019-09-25,2019092501004103,SCB,32,35,200,558.00,"111,600.00"
2019-09-25,2019092501003809,SCB,32,49,65,558.00,"36,270.00"
2019-09-25,2019092501003808,SCB,49,49,30,558.00,"16,740.00"
2019-09-25,2019092501003774,SCB,49,19,70,558.00,"39,060.00"
2019-09-25,2019092501003773,SCB,21,19,220,558.00,"122,760.00"
2019-09-25,2019092501003772,SCB,26,19,210,559.00,"117,390.00"
2019-09-25,2019092501003725,SCB,11,45,100,560.00,"56,000.00"
2019-09-25,2019092501003674,SCB,26,45,30,559.00,"16,770.00"
2019-09-25,2019092501003858,SDESI,46,39,12,588.00,"7,056.00"
2019-09-25,2019092501003857,SDESI,40,39,50,588.00,"29,400.00"
2019-09-25,2019092501003856,SDESI,34,39,20,588.00,"11,760.00"
2019-09-25,2019092501003855,SDESI,45,39,100,588.00,"58,800.00"
2019-09-25,2019092501003854,SDESI,58,39,100,590.00,"59,000.00"
2019-09-25,2019092501003853,SDESI,34,39,20,590.00,"11,800.00"
2019-09-25,2019092501003846,SDESI,19,39,12,593.00,"7,116.00"
2019-09-25,2019092501003845,SDESI,45,39,20,593.00,"11,860.00"
2019-09-25,2019092501003844,SDESI,48,39,40,593.00,"23,720.00"
2019-09-25,2019092501003843,SDESI,33,39,50,594.00,"29,700.00"
2019-09-25,2019092501003852,SDESI,57,39,100,590.00,"59,000.00"
2019-09-25,2019092501003851,SDESI,57,39,100,590.00,"59,000.00"
2019-09-25,2019092501003850,SDESI,6,39,50,591.00,"29,550.00"
2019-09-25,2019092501003849,SDESI,33,39,20,591.00,"11,820.00"
2019-09-25,2019092501003848,SDESI,33,39,50,592.00,"29,600.00"
2019-09-25,2019092501003847,SDESI,32,39,100,592.00,"59,200.00"
2019-09-25,2019092501003817,SHINE,57,42,190,246.00,"46,740.00"
2019-09-25,2019092501004009,SHIVM,39,19,200,545.00,"109,000.00"
2019-09-25,2019092501004008,SHIVM,39,33,100,545.00,"54,500.00"
2019-09-25,2019092501004007,SHIVM,39,11,40,544.00,"21,760.00"
2019-09-25,2019092501003835,SHIVM,7,19,200,544.00,"108,800.00"
2019-09-25,2019092501003824,SHIVM,45,38,100,544.00,"54,400.00"
2019-09-25,2019092501003789,SHIVM,39,38,500,542.00,"271,000.00"
2019-09-25,2019092501003667,SHIVM,16,10,50,543.00,"27,150.00"
2019-09-25,2019092501003666,SHIVM,34,10,30,543.00,"16,290.00"
2019-09-25,2019092501003658,SHIVM,34,45,70,543.00,"38,010.00"
2019-09-25,2019092501003657,SHIVM,20,45,30,543.00,"16,290.00"
2019-09-25,2019092501003779,SHIVM,39,26,500,542.00,"271,000.00"
2019-09-25,2019092501003717,SHIVM,39,25,380,542.00,"205,960.00"
2019-09-25,2019092501003713,SHIVM,39,49,50,542.00,"27,100.00"
2019-09-25,2019092501003670,SHIVM,39,10,665,542.00,"360,430.00"
2019-09-25,2019092501003669,SHIVM,45,10,200,542.00,"108,400.00"
2019-09-25,2019092501003668,SHIVM,43,10,55,543.00,"29,865.00"
2019-09-25,2019092501003651,SHL,11,14,100,213.00,"21,300.00"
2019-09-25,2019092501003946,SHPC,49,28,955,182.00,"173,810.00"
2019-09-25,2019092501003945,SHPC,28,28,10,182.00,"1,820.00"
2019-09-25,2019092501003944,SHPC,17,28,"1,000",182.00,"182,000.00"
2019-09-25,2019092501003943,SHPC,22,28,100,182.00,"18,200.00"
2019-09-25,2019092501003942,SHPC,43,28,100,182.00,"18,200.00"
2019-09-25,2019092501003935,SHPC,57,28,890,184.00,"163,760.00"
2019-09-25,2019092501003934,SHPC,35,28,10,184.00,"1,840.00"
2019-09-25,2019092501003933,SHPC,33,28,100,185.00,"18,500.00"
2019-09-25,2019092501003932,SHPC,58,28,50,185.00,"9,250.00"
2019-09-25,2019092501003931,SHPC,33,28,115,185.00,"21,275.00"
2019-09-25,2019092501003941,SHPC,39,28,20,182.00,"3,640.00"
2019-09-25,2019092501003940,SHPC,14,28,500,183.00,"91,500.00"
2019-09-25,2019092501003939,SHPC,6,28,100,183.00,"18,300.00"
2019-09-25,2019092501003938,SHPC,17,28,500,183.00,"91,500.00"
2019-09-25,2019092501003937,SHPC,7,28,500,183.00,"91,500.00"
2019-09-25,2019092501003936,SHPC,43,28,50,184.00,"9,200.00"
2019-09-25,2019092501004029,SICL,38,56,100,708.00,"70,800.00"
2019-09-25,2019092501004028,SICL,40,56,50,708.00,"35,400.00"
2019-09-25,2019092501004027,SICL,45,56,50,709.00,"35,450.00"
2019-09-25,2019092501004055,SIL,25,35,10,384.00,"3,840.00"
2019-09-25,2019092501004043,SIL,25,25,10,377.00,"3,770.00"
2019-09-25,2019092501003832,SIL,25,35,40,375.00,"15,000.00"
2019-09-25,2019092501004122,SJCL,32,21,20,164.00,"3,280.00"
2019-09-25,2019092501004085,SJCL,32,55,10,164.00,"1,640.00"
2019-09-25,2019092501004082,SJCL,32,1,10,164.00,"1,640.00"
2019-09-25,2019092501003678,SJCL,26,14,500,165.00,"82,500.00"
2019-09-25,2019092501003677,SJCL,26,50,750,165.00,"123,750.00"
2019-09-25,2019092501003676,SJCL,41,1,20,164.00,"3,280.00"
2019-09-25,2019092501003645,SJCL,41,55,130,164.00,"21,320.00"
2019-09-25,2019092501003770,SJCL,41,26,20,164.00,"3,280.00"
2019-09-25,2019092501003769,SJCL,41,34,10,164.00,"1,640.00"
2019-09-25,2019092501003715,SJCL,41,26,20,164.00,"3,280.00"
2019-09-25,2019092501003712,SJCL,41,33,20,164.00,"3,280.00"
2019-09-25,2019092501003705,SJCL,41,34,20,164.00,"3,280.00"
2019-09-25,2019092501003841,SJCL,45,33,20,165.00,"3,300.00"
2019-09-25,2019092501003818,SJCL,41,33,20,164.00,"3,280.00"
2019-09-25,2019092501003790,SJCL,41,26,10,164.00,"1,640.00"
2019-09-25,2019092501003785,SJCL,41,33,20,164.00,"3,280.00"
2019-09-25,2019092501003778,SJCL,41,21,20,164.00,"3,280.00"
2019-09-25,2019092501003960,SJCL,41,59,189,164.00,"30,996.00"
2019-09-25,2019092501003948,SJCL,41,34,20,164.00,"3,280.00"
2019-09-25,2019092501003892,SJCL,41,40,20,164.00,"3,280.00"
2019-09-25,2019092501003875,SJCL,41,34,20,164.00,"3,280.00"
2019-09-25,2019092501003870,SJCL,45,59,80,165.00,"13,200.00"
2019-09-25,2019092501004033,SJCL,32,34,20,164.00,"3,280.00"
2019-09-25,2019092501004002,SJCL,32,59,20,164.00,"3,280.00"
2019-09-25,2019092501003961,SJCL,32,59,131,164.00,"21,484.00"
2019-09-25,2019092501003954,SKBBL,5,43,62,900.00,"55,800.00"
2019-09-25,2019092501003745,SLBSL,45,40,10,659.00,"6,590.00"
2019-09-25,2019092501003724,SLBSL,14,40,10,660.00,"6,600.00"
2019-09-25,2019092501003686,SLBSL,14,40,10,660.00,"6,600.00"
2019-09-25,2019092501003648,SLBSL,45,7,20,661.00,"13,220.00"
2019-09-25,2019092501004098,SLICL,45,6,43,266.00,"11,438.00"
2019-09-25,2019092501004097,SLICL,26,6,988,266.00,"262,808.00"
2019-09-25,2019092501004096,SLICL,42,6,16,267.00,"4,272.00"
2019-09-25,2019092501004095,SLICL,6,6,500,267.00,"133,500.00"
2019-09-25,2019092501004094,SLICL,33,6,53,268.00,"14,204.00"
2019-09-25,2019092501003689,SLICL,33,51,60,268.00,"16,080.00"
2019-09-25,2019092501003688,SLICL,33,13,200,268.00,"53,600.00"
2019-09-25,2019092501003687,SLICL,33,46,387,268.00,"103,716.00"
2019-09-25,2019092501003869,SMATA,50,50,25,525.00,"13,125.00"
2019-09-25,2019092501004012,SMFBS,34,17,10,798.00,"7,980.00"
2019-09-25,2019092501003947,SPARS,3,40,10,537.00,"5,370.00"
2019-09-25,2019092501003957,SRBL,49,57,15,232.00,"3,480.00"
2019-09-25,2019092501003956,SRBL,48,57,90,232.00,"20,880.00"
2019-09-25,2019092501003930,SRBL,47,4,50,233.00,"11,650.00"
2019-09-25,2019092501003929,SRBL,13,4,20,233.00,"4,660.00"
2019-09-25,2019092501004086,UMHL,34,35,22,107.00,"2,354.00"
2019-09-25,2019092501003791,UMHL,34,34,14,106.00,"1,484.00"
2019-09-25,2019092501004091,UPCL,22,49,100,77.00,"7,700.00"
2019-09-25,2019092501004087,UPCL,46,38,20,78.00,"1,560.00"
2019-09-25,2019092501003868,UPCL,8,38,100,78.00,"7,800.00"
2019-09-25,2019092501004100,UPPER,29,55,40,232.00,"9,280.00"
2019-09-25,2019092501003965,UPPER,53,40,50,231.00,"11,550.00"
2019-09-25,2019092501003904,UPPER,34,50,260,233.00,"60,580.00"
2019-09-25,2019092501003903,UPPER,34,13,90,233.00,"20,970.00"
2019-09-25,2019092501003735,UPPER,13,13,210,233.00,"48,930.00"
2019-09-25,2019092501003734,UPPER,13,59,290,233.00,"67,570.00"
2019-09-25,2019092501003714,UPPER,11,59,10,233.00,"2,330.00"
2019-09-25,2019092501003643,UPPER,49,40,50,232.00,"11,600.00"
2019-09-25,2019092501003743,UPPER,11,59,500,232.00,"116,000.00"
2019-09-25,2019092501003742,UPPER,28,59,400,232.00,"92,800.00"
2019-09-25,2019092501003741,UPPER,38,59,50,232.00,"11,600.00"
2019-09-25,2019092501003740,UPPER,42,59,200,232.00,"46,400.00"
2019-09-25,2019092501003739,UPPER,44,59,50,232.00,"11,600.00"
2019-09-25,2019092501003738,UPPER,49,59,"1,240",232.00,"287,680.00"
2019-09-25,2019092501003902,UPPER,34,59,150,232.00,"34,800.00"
2019-09-25,2019092501003839,UPPER,22,59,150,232.00,"34,800.00"
2019-09-25,2019092501003798,UPPER,56,56,40,232.00,"9,280.00"
2019-09-25,2019092501003786,UPPER,53,40,40,231.00,"9,240.00"
2019-09-25,2019092501003780,UPPER,56,56,40,232.00,"9,280.00"
2019-09-25,2019092501003771,UPPER,53,36,50,231.00,"11,550.00"
2019-09-25,2019092501003467,ADBL,39,59,180,411.00,"73,980.00"
2019-09-25,2019092501003374,ADBL,39,25,101,411.00,"41,511.00"
2019-09-25,2019092501003263,ADBL,47,6,30,412.00,"12,360.00"
2019-09-25,2019092501003243,ADBL,39,48,30,411.00,"12,330.00"
2019-09-25,2019092501003571,AKBSL,41,36,10,412.00,"4,120.00"
2019-09-25,2019092501003242,AKBSL,41,40,10,412.00,"4,120.00"
2019-09-25,2019092501003167,AKBSL,41,40,10,412.00,"4,120.00"
2019-09-25,2019092501003573,AKJCL,22,40,10,55.00,550.00
2019-09-25,2019092501003378,AKJCL,22,40,10,55.00,550.00
2019-09-25,2019092501003287,AKJCL,22,40,20,55.00,"1,100.00"
2019-09-25,2019092501003248,AKJCL,1,40,20,56.00,"1,120.00"
2019-09-25,2019092501003599,ALBSL,17,36,10,415.00,"4,150.00"
2019-09-25,2019092501003383,ALBSL,17,40,10,415.00,"4,150.00"
2019-09-25,2019092501003327,ALBSL,17,40,10,415.00,"4,150.00"
2019-09-25,2019092501003297,ALBSL,17,40,10,415.00,"4,150.00"
2019-09-25,2019092501003201,ALBSL,55,40,10,416.00,"4,160.00"
2019-09-25,2019092501003517,ALICL,11,57,30,312.00,"9,360.00"
2019-09-25,2019092501003516,ALICL,51,57,300,312.00,"93,600.00"
2019-09-25,2019092501003515,ALICL,42,57,190,312.00,"59,280.00"
2019-09-25,2019092501003480,API,25,20,150,114.00,"17,100.00"
2019-09-25,2019092501003266,API,38,20,200,114.00,"22,800.00"
2019-09-25,2019092501003183,API,25,20,70,114.00,"7,980.00"
2019-09-25,2019092501003580,BOKL,8,1,91,251.00,"22,841.00"
2019-09-25,2019092501003514,BOKL,45,42,22,250.00,"5,500.00"
2019-09-25,2019092501003513,BOKL,40,42,178,251.00,"44,678.00"
2019-09-25,2019092501003509,BOKL,40,44,22,251.00,"5,522.00"
2019-09-25,2019092501003491,BOKL,44,44,50,251.00,"12,550.00"
2019-09-25,2019092501003490,BOKL,44,7,50,251.00,"12,550.00"
2019-09-25,2019092501003437,BOKL,45,44,28,251.00,"7,028.00"
2019-09-25,2019092501003539,BPCL,21,34,685,354.00,"242,490.00"
2019-09-25,2019092501003501,BPCL,49,22,55,353.00,"19,415.00"
2019-09-25,2019092501003468,BPCL,49,38,22,353.00,"7,766.00"
2019-09-25,2019092501003340,BPCL,32,34,50,354.00,"17,700.00"
2019-09-25,2019092501003258,BPCL,47,34,200,354.00,"70,800.00"
2019-09-25,2019092501003257,BPCL,49,34,65,354.00,"23,010.00"
2019-09-25,2019092501003226,BPCL,45,45,20,355.00,"7,100.00"
2019-09-25,2019092501003545,CBL,44,50,488,142.00,"69,296.00"
2019-09-25,2019092501003544,CBL,44,13,484,142.00,"68,728.00"
2019-09-25,2019092501003524,CBL,38,13,376,142.00,"53,392.00"
2019-09-25,2019092501003293,CBL,51,57,141,142.00,"20,022.00"
2019-09-25,2019092501003292,CBL,51,22,559,142.00,"79,378.00"
2019-09-25,2019092501003254,CBL,17,28,452,141.00,"63,732.00"
2019-09-25,2019092501003253,CBL,21,28,100,141.00,"14,100.00"
2019-09-25,2019092501003252,CBL,59,28,248,141.00,"34,968.00"
2019-09-25,2019092501003559,CCBL,8,11,229,153.00,"35,037.00"
2019-09-25,2019092501003558,CCBL,8,11,200,153.00,"30,600.00"
2019-09-25,2019092501003475,CCBL,44,18,"1,806",152.00,"274,512.00"
2019-09-25,2019092501003474,CCBL,19,18,194,152.00,"29,488.00"
2019-09-25,2019092501003185,CCBL,19,38,306,152.00,"46,512.00"
2019-09-25,2019092501003592,CHCL,45,37,99,413.00,"40,887.00"
2019-09-25,2019092501003576,CHCL,45,37,99,413.00,"40,887.00"
2019-09-25,2019092501003575,CHCL,56,37,76,413.00,"31,388.00"
2019-09-25,2019092501003574,CHCL,11,37,20,413.00,"8,260.00"
2019-09-25,2019092501003294,CHCL,26,38,100,414.00,"41,400.00"
2019-09-25,2019092501003129,CIT,45,17,25,"1,778.00","44,450.00"
2019-09-25,2019092501003408,CZBIL,57,56,19,192.00,"3,648.00"
2019-09-25,2019092501003407,CZBIL,43,56,70,192.00,"13,440.00"
2019-09-25,2019092501003358,CZBIL,17,45,386,193.00,"74,498.00"
2019-09-25,2019092501003357,CZBIL,17,7,114,193.00,"22,002.00"
2019-09-25,2019092501003281,CZBIL,21,45,62,193.00,"11,966.00"
2019-09-25,2019092501003256,CZBIL,43,21,30,192.00,"5,760.00"
2019-09-25,2019092501003255,CZBIL,29,21,32,192.00,"6,144.00"
2019-09-25,2019092501003149,CZBIL,29,7,50,192.00,"9,600.00"
2019-09-25,2019092501003350,DBBL,17,33,500,128.00,"64,000.00"
2019-09-25,2019092501003337,DDBL,49,59,10,715.00,"7,150.00"
2019-09-25,2019092501003479,EBL,8,13,615,561.00,"345,015.00"
2019-09-25,2019092501003280,EBL,41,43,96,559.00,"53,664.00"
2019-09-25,2019092501003277,EBL,17,43,98,559.00,"54,782.00"
2019-09-25,2019092501003269,EBL,17,44,402,559.00,"224,718.00"
2019-09-25,2019092501003234,EBL,26,44,60,559.00,"33,540.00"
2019-09-25,2019092501003219,EBL,11,44,500,559.00,"279,500.00"
2019-09-25,2019092501003179,EBL,11,5,20,558.00,"11,160.00"
2019-09-25,2019092501003169,EBL,11,5,30,558.00,"16,740.00"
2019-09-25,2019092501003561,EIC,26,39,170,243.00,"41,310.00"
2019-09-25,2019092501003442,EIC,56,39,30,243.00,"7,290.00"
2019-09-25,2019092501003384,EIC,56,38,120,243.00,"29,160.00"
2019-09-25,2019092501003555,FOWAD,55,59,10,"1,280.00","12,800.00"
2019-09-25,2019092501003508,GBBL,13,58,554,208.00,"115,232.00"
2019-09-25,2019092501003507,GBBL,13,58,109,208.00,"22,672.00"
2019-09-25,2019092501003145,GBBL,13,6,70,207.00,"14,490.00"
2019-09-25,2019092501003144,GBBL,25,6,30,207.00,"6,210.00"
2019-09-25,2019092501003137,GBBL,25,57,170,207.00,"35,190.00"
2019-09-25,2019092501003136,GBBL,4,57,50,207.00,"10,350.00"
2019-09-25,2019092501003135,GBBL,4,57,50,207.00,"10,350.00"
2019-09-25,2019092501003134,GBBL,4,57,50,207.00,"10,350.00"
2019-09-25,2019092501003133,GBBL,4,57,10,207.00,"2,070.00"
2019-09-25,2019092501003498,GBLBS,38,48,20,317.00,"6,340.00"
2019-09-25,2019092501003494,GBLBS,38,21,15,317.00,"4,755.00"
2019-09-25,2019092501003332,GBLBS,37,46,40,315.00,"12,600.00"
2019-09-25,2019092501003331,GBLBS,38,46,20,315.00,"6,300.00"
2019-09-25,2019092501003330,GBLBS,26,46,100,315.00,"31,500.00"
2019-09-25,2019092501003329,GBLBS,14,46,60,315.00,"18,900.00"
2019-09-25,2019092501003328,GBLBS,42,46,220,315.00,"69,300.00"
2019-09-25,2019092501003262,GBLBS,42,48,40,315.00,"12,600.00"
2019-09-25,2019092501003261,GBLBS,48,48,10,316.00,"3,160.00"
2019-09-25,2019092501003613,GHL,17,48,30,64.00,"1,920.00"
2019-09-25,2019092501003250,GHL,17,50,20,64.00,"1,280.00"
2019-09-25,2019092501003565,GLBSL,49,36,10,426.00,"4,260.00"
2019-09-25,2019092501003426,GLBSL,14,40,10,426.00,"4,260.00"
2019-09-25,2019092501003493,GLICL,53,10,42,357.00,"14,994.00"
2019-09-25,2019092501003381,GLICL,53,25,10,357.00,"3,570.00"
2019-09-25,2019092501003570,GMFBS,43,11,10,463.00,"4,630.00"
2019-09-25,2019092501003245,GMFBS,43,16,10,463.00,"4,630.00"
2019-09-25,2019092501003497,HBL,49,59,244,489.00,"119,316.00"
2019-09-25,2019092501003496,HBL,26,59,70,490.00,"34,300.00"
2019-09-25,2019092501003550,HDL,32,14,30,"1,430.00","42,900.00"
2019-09-25,2019092501003549,HDL,51,14,20,"1,431.00","28,620.00"
2019-09-25,2019092501003604,HGI,42,38,20,265.00,"5,300.00"
2019-09-25,2019092501003603,HGI,6,38,330,265.00,"87,450.00"
2019-09-25,2019092501003602,HGI,19,38,50,266.00,"13,300.00"
2019-09-25,2019092501003560,HGI,32,33,140,268.00,"37,520.00"
2019-09-25,2019092501003415,HGI,6,48,170,265.00,"45,050.00"
2019-09-25,2019092501003439,HPPL,22,38,10,130.00,"1,300.00"
2019-09-25,2019092501003276,HPPL,22,50,10,130.00,"1,300.00"
2019-09-25,2019092501003449,IGI,43,48,10,290.00,"2,900.00"
2019-09-25,2019092501003448,IGI,37,48,20,290.00,"5,800.00"
2019-09-25,2019092501003447,IGI,45,48,50,290.00,"14,500.00"
2019-09-25,2019092501003446,IGI,52,48,20,292.00,"5,840.00"
2019-09-25,2019092501003445,IGI,22,48,20,293.00,"5,860.00"
2019-09-25,2019092501003444,IGI,32,48,50,294.00,"14,700.00"
2019-09-25,2019092501003443,IGI,45,48,20,295.00,"5,900.00"
2019-09-25,2019092501003610,ILBS,48,37,10,425.00,"4,250.00"
2019-09-25,2019092501003528,ILBS,48,36,10,422.00,"4,220.00"
2019-09-25,2019092501003466,ILBS,48,48,53,422.00,"22,366.00"
2019-09-25,2019092501003339,ILBS,48,40,10,422.00,"4,220.00"
2019-09-25,2019092501003247,JBBL,18,6,100,156.00,"15,600.00"
2019-09-25,2019092501003577,JOSHI,7,48,20,57.00,"1,140.00"
2019-09-25,2019092501003540,KBL,6,43,100,177.00,"17,700.00"
2019-09-25,2019092501003157,KBL,58,7,30,176.00,"5,280.00"
2019-09-25,2019092501003492,KKHC,43,48,25,58.00,"1,450.00"
2019-09-25,2019092501003221,KKHC,43,29,20,57.00,"1,140.00"
2019-09-25,2019092501003235,KSBBL,33,6,100,138.00,"13,800.00"
2019-09-25,2019092501003411,LBBL,42,32,"1,000",170.00,"170,000.00"
2019-09-25,2019092501003312,LBBL,38,32,49,170.00,"8,330.00"
2019-09-25,2019092501003311,LBBL,11,32,100,170.00,"17,000.00"
2019-09-25,2019092501003310,LBBL,49,32,"1,982",170.00,"336,940.00"
2019-09-25,2019092501003154,LBBL,55,53,250,171.00,"42,750.00"
2019-09-25,2019092501003156,LBBL,55,57,290,171.00,"49,590.00"
2019-09-25,2019092501003155,LBBL,55,25,40,171.00,"6,840.00"
2019-09-25,2019092501003591,LBL,33,32,208,209.00,"43,472.00"
2019-09-25,2019092501003590,LBL,39,32,30,209.00,"6,270.00"
2019-09-25,2019092501003589,LBL,25,32,500,209.00,"104,500.00"
2019-09-25,2019092501003588,LBL,34,32,200,209.00,"41,800.00"
2019-09-25,2019092501003587,LBL,51,32,330,209.00,"68,970.00"
2019-09-25,2019092501003586,LBL,6,32,500,209.00,"104,500.00"
2019-09-25,2019092501003552,LBL,35,44,470,210.00,"98,700.00"
2019-09-25,2019092501003541,LBL,8,44,46,211.00,"9,706.00"
2019-09-25,2019092501003164,LBL,35,7,30,210.00,"6,300.00"
2019-09-25,2019092501003585,LBL,40,32,"1,000",209.00,"209,000.00"
2019-09-25,2019092501003584,LBL,38,32,200,209.00,"41,800.00"
2019-09-25,2019092501003583,LBL,38,32,200,209.00,"41,800.00"
2019-09-25,2019092501003582,LBL,49,32,90,210.00,"18,900.00"
2019-09-25,2019092501003554,LBL,49,44,10,210.00,"2,100.00"
2019-09-25,2019092501003553,LBL,45,44,20,210.00,"4,200.00"
2019-09-25,2019092501003422,LGIL,41,59,50,352.00,"17,600.00"
2019-09-25,2019092501003421,LGIL,6,59,100,352.00,"35,200.00"
2019-09-25,2019092501003420,LGIL,44,59,500,352.00,"176,000.00"
2019-09-25,2019092501003419,LGIL,43,59,150,353.00,"52,950.00"
2019-09-25,2019092501003418,LGIL,44,59,40,354.00,"14,160.00"
2019-09-25,2019092501003412,LICN,25,25,10,989.00,"9,890.00"
2019-09-25,2019092501003259,LICN,40,6,16,980.00,"15,680.00"
2019-09-25,2019092501003217,LICN,40,25,23,980.00,"22,540.00"
2019-09-25,2019092501003600,MBL,1,18,61,246.00,"15,006.00"
2019-09-25,2019092501003594,MBL,1,43,939,246.00,"230,994.00"
2019-09-25,2019092501003578,MBL,1,43,20,246.00,"4,920.00"
2019-09-25,2019092501003461,MBL,45,18,85,245.00,"20,825.00"
2019-09-25,2019092501003460,MBL,32,18,10,245.00,"2,450.00"
2019-09-25,2019092501003459,MBL,34,18,100,245.00,"24,500.00"
2019-09-25,2019092501003417,MBL,38,43,41,246.00,"10,086.00"
2019-09-25,2019092501003416,MBL,38,45,459,246.00,"112,914.00"
2019-09-25,2019092501003400,MBL,14,45,500,246.00,"123,000.00"
2019-09-25,2019092501003391,MBL,37,45,351,246.00,"86,346.00"
2019-09-25,2019092501003182,MBL,34,7,50,245.00,"12,250.00"
2019-09-25,2019092501003458,MBL,6,18,500,245.00,"122,500.00"
2019-09-25,2019092501003457,MBL,32,18,100,245.00,"24,500.00"
2019-09-25,2019092501003456,MBL,32,18,300,245.00,"73,500.00"
2019-09-25,2019092501003455,MBL,32,18,500,245.00,"122,500.00"
2019-09-25,2019092501003454,MBL,42,18,300,245.00,"73,500.00"
2019-09-25,2019092501003453,MBL,34,18,105,245.00,"25,725.00"
2019-09-25,2019092501003237,MDB,28,6,117,241.00,"28,197.00"
2019-09-25,2019092501003233,MDB,28,40,35,241.00,"8,435.00"
2019-09-25,2019092501003232,MDB,17,40,974,242.00,"235,708.00"
2019-09-25,2019092501003606,MEGA,51,51,100,194.00,"19,400.00"
2019-09-25,2019092501003203,MEGA,57,11,100,193.00,"19,300.00"
2019-09-25,2019092501003202,MEGA,57,43,200,193.00,"38,600.00"
2019-09-25,2019092501003180,MEGA,28,43,300,193.00,"57,900.00"
2019-09-25,2019092501003376,MEGA,17,53,200,193.00,"38,600.00"
2019-09-25,2019092501003413,MEGA,17,56,126,193.00,"24,318.00"
2019-09-25,2019092501003504,MEGA,17,22,48,193.00,"9,264.00"
2019-09-25,2019092501003488,MERO,3,6,100,543.00,"54,300.00"
2019-09-25,2019092501003487,MERO,22,6,100,543.00,"54,300.00"
2019-09-25,2019092501003176,MERO,34,53,94,544.00,"51,136.00"
2019-09-25,2019092501003175,MERO,11,53,40,545.00,"21,800.00"
2019-09-25,2019092501003607,MFIL,49,39,321,122.00,"39,162.00"
2019-09-25,2019092501003523,MHNL,22,52,20,80.00,"1,600.00"
2019-09-25,2019092501003522,MHNL,38,52,40,80.00,"3,200.00"
2019-09-25,2019092501003527,MLBL,41,46,16,209.00,"3,344.00"
2019-09-25,2019092501003526,MLBL,28,46,384,209.00,"80,256.00"
2019-09-25,2019092501003380,MLBL,28,25,100,209.00,"20,900.00"
2019-09-25,2019092501003386,MNBBL,49,25,100,302.00,"30,200.00"
2019-09-25,2019092501003322,MNBBL,49,14,"1,025",303.00,"310,575.00"
2019-09-25,2019092501003230,MNBBL,32,14,50,303.00,"15,150.00"
2019-09-25,2019092501003229,MNBBL,13,14,100,303.00,"30,300.00"
2019-09-25,2019092501003228,MNBBL,11,14,50,303.00,"15,150.00"
2019-09-25,2019092501003227,MNBBL,49,14,165,303.00,"49,995.00"
2019-09-25,2019092501003372,NABIL,17,59,56,760.00,"42,560.00"
2019-09-25,2019092501003371,NABIL,16,59,50,760.00,"38,000.00"
2019-09-25,2019092501003370,NABIL,22,59,30,760.00,"22,800.00"
2019-09-25,2019092501003369,NABIL,33,59,47,760.00,"35,720.00"
2019-09-25,2019092501003368,NABIL,42,59,37,761.00,"28,157.00"
2019-09-25,2019092501003342,NABIL,42,51,50,761.00,"38,050.00"
2019-09-25,2019092501003335,NABIL,42,32,13,761.00,"9,893.00"
2019-09-25,2019092501003334,NABIL,42,32,10,761.00,"7,610.00"
2019-09-25,2019092501003404,NADEP,54,40,20,405.00,"8,100.00"
2019-09-25,2019092501003239,NADEP,45,51,10,408.00,"4,080.00"
2019-09-25,2019092501003165,NADEP,40,40,20,409.00,"8,180.00"
2019-09-25,2019092501003326,NADEP,48,11,10,405.00,"4,050.00"
2019-09-25,2019092501003275,NADEP,40,40,20,409.00,"8,180.00"
2019-09-25,2019092501003477,NBB,49,17,"1,000",208.00,"208,000.00"
2019-09-25,2019092501003139,NBB,6,50,415,207.00,"85,905.00"
2019-09-25,2019092501003138,NBB,6,50,145,207.00,"30,015.00"
2019-09-25,2019092501003309,NBL,19,34,50,310.00,"15,500.00"
2019-09-25,2019092501003308,NBL,19,53,250,310.00,"77,500.00"
2019-09-25,2019092501003210,NBL,43,28,61,310.00,"18,910.00"
2019-09-25,2019092501003194,NBL,6,28,50,310.00,"15,500.00"
2019-09-25,2019092501003148,NBL,5,28,500,310.00,"155,000.00"
2019-09-25,2019092501003147,NBL,38,28,200,310.00,"62,000.00"
2019-09-25,2019092501003146,NBL,25,28,189,310.00,"58,590.00"
2019-09-25,2019092501003538,NCCB,44,40,738,193.00,"142,434.00"
2019-09-25,2019092501003537,NCCB,40,40,37,193.00,"7,141.00"
2019-09-25,2019092501003349,NCCB,16,51,100,194.00,"19,400.00"
2019-09-25,2019092501003231,NCCB,21,51,50,194.00,"9,700.00"
2019-09-25,2019092501003521,NHPC,51,56,"1,000",52.00,"52,000.00"
2019-09-25,2019092501003520,NHPC,1,56,300,52.00,"15,600.00"
2019-09-25,2019092501003519,NHPC,22,56,15,52.00,780.00
2019-09-25,2019092501003531,NIB,22,57,35,433.00,"15,155.00"
2019-09-25,2019092501003530,NIB,36,57,100,433.00,"43,300.00"
2019-09-25,2019092501003529,NIB,10,57,365,433.00,"158,045.00"
2019-09-25,2019092501003390,NIB,10,38,47,433.00,"20,351.00"
2019-09-25,2019092501003355,NIB,10,38,88,433.00,"38,104.00"
2019-09-25,2019092501003251,NIB,45,11,15,435.00,"6,525.00"
2019-09-25,2019092501003192,NIB,42,11,10,435.00,"4,350.00"
2019-09-25,2019092501003471,NIBPO,32,6,70,412.00,"28,840.00"
2019-09-25,2019092501003470,NIBPO,6,6,25,415.00,"10,375.00"
2019-09-25,2019092501003279,NIBPO,43,6,80,416.00,"33,280.00"
2019-09-25,2019092501003551,NICA,6,58,100,376.00,"37,600.00"
2019-09-25,2019092501003536,NICA,54,33,28,375.00,"10,500.00"
2019-09-25,2019092501003535,NICA,33,33,363,375.00,"136,125.00"
2019-09-25,2019092501003505,NICA,33,42,10,375.00,"3,750.00"
2019-09-25,2019092501003503,NICA,49,42,20,376.00,"7,520.00"
2019-09-25,2019092501003450,NICA,49,18,27,376.00,"10,152.00"
2019-09-25,2019092501003361,NICA,44,18,210,376.00,"78,960.00"
2019-09-25,2019092501003223,NICA,48,18,500,376.00,"188,000.00"
2019-09-25,2019092501003428,NICA,41,18,"1,973",376.00,"741,848.00"
2019-09-25,2019092501003427,NICA,41,6,27,376.00,"10,152.00"
2019-09-25,2019092501003365,NICA,44,6,73,376.00,"27,448.00"
2019-09-25,2019092501003364,NICA,44,45,463,376.00,"174,088.00"
2019-09-25,2019092501003363,NICA,44,25,103,376.00,"38,728.00"
2019-09-25,2019092501003362,NICA,44,25,151,376.00,"56,776.00"
2019-09-25,2019092501003441,NIL,29,50,295,351.00,"103,545.00"
2019-09-25,2019092501003440,NIL,43,50,200,351.00,"70,200.00"
2019-09-25,2019092501003360,NIL,41,43,200,352.00,"70,400.00"
2019-09-25,2019092501003289,NIL,28,53,10,349.00,"3,490.00"
2019-09-25,2019092501003288,NIL,43,53,100,349.00,"34,900.00"
2019-09-25,2019092501003285,NIL,13,53,100,350.00,"35,000.00"
2019-09-25,2019092501003284,NIL,43,53,100,350.00,"35,000.00"
2019-09-25,2019092501003283,NIL,37,53,135,350.00,"47,250.00"
2019-09-25,2019092501003282,NIL,43,53,40,351.00,"14,040.00"
2019-09-25,2019092501003438,NLG,25,19,24,585.00,"14,040.00"
2019-09-25,2019092501003430,NLG,6,19,11,585.00,"6,435.00"
2019-09-25,2019092501003429,NLG,6,56,14,574.00,"8,036.00"
2019-09-25,2019092501003238,NLG,41,56,20,574.00,"11,480.00"
2019-09-25,2019092501003621,NLIC,42,44,14,754.00,"10,556.00"
2019-09-25,2019092501003620,NLIC,45,44,10,754.00,"7,540.00"
2019-09-25,2019092501003619,NLIC,38,44,50,754.00,"37,700.00"
2019-09-25,2019092501003618,NLIC,45,44,100,754.00,"75,400.00"
2019-09-25,2019092501003617,NLIC,34,44,50,754.00,"37,700.00"
2019-09-25,2019092501003616,NLIC,34,44,30,754.00,"22,620.00"
2019-09-25,2019092501003178,NLIC,17,38,32,755.00,"24,160.00"
2019-09-25,2019092501003177,NLIC,13,38,93,756.00,"70,308.00"
2019-09-25,2019092501003168,NLIC,52,40,5,750.00,"3,750.00"
2019-09-25,2019092501003272,NLIC,52,52,5,750.00,"3,750.00"
2019-09-25,2019092501003225,NLIC,52,52,5,750.00,"3,750.00"
2019-09-25,2019092501003209,NLIC,8,17,455,755.00,"343,525.00"
2019-09-25,2019092501003208,NLIC,4,17,16,755.00,"12,080.00"
2019-09-25,2019092501003207,NLIC,17,17,29,755.00,"21,895.00"
2019-09-25,2019092501003195,NLIC,52,52,9,750.00,"6,750.00"
2019-09-25,2019092501003397,NLIC,46,44,50,755.00,"37,750.00"
2019-09-25,2019092501003396,NLIC,45,44,10,755.00,"7,550.00"
2019-09-25,2019092501003395,NLIC,42,44,20,755.00,"15,100.00"
2019-09-25,2019092501003394,NLIC,8,44,45,755.00,"33,975.00"
2019-09-25,2019092501003393,NLIC,1,44,20,756.00,"15,120.00"
2019-09-25,2019092501003291,NLIC,41,17,200,757.00,"151,400.00"
2019-09-25,2019092501003615,NLIC,43,44,50,754.00,"37,700.00"
2019-09-25,2019092501003614,NLIC,32,44,251,754.00,"189,254.00"
2019-09-25,2019092501003546,NLIC,58,44,12,755.00,"9,060.00"
2019-09-25,2019092501003405,NLIC,35,44,100,755.00,"75,500.00"
2019-09-25,2019092501003399,NLIC,56,44,88,755.00,"66,440.00"
2019-09-25,2019092501003398,NLIC,56,44,100,755.00,"75,500.00"
2019-09-25,2019092501003158,NSEWA,22,40,10,386.00,"3,860.00"
2019-09-25,2019092501003566,NTC,44,51,100,620.00,"62,000.00"
2019-09-25,2019092501003321,NUBL,45,17,70,840.00,"58,800.00"
2019-09-25,2019092501003320,NUBL,42,17,50,843.00,"42,150.00"
2019-09-25,2019092501003319,NUBL,6,17,70,844.00,"59,080.00"
2019-09-25,2019092501003318,NUBL,42,17,10,845.00,"8,450.00"
2019-09-25,2019092501003199,NUBL,6,38,30,844.00,"25,320.00"
2019-09-25,2019092501003198,NUBL,45,38,10,845.00,"8,450.00"
2019-09-25,2019092501003197,NUBL,45,38,10,845.00,"8,450.00"
2019-09-25,2019092501003196,NUBL,45,38,10,845.00,"8,450.00"
2019-09-25,2019092501003336,PCBL,38,29,133,261.00,"34,713.00"
2019-09-25,2019092501003213,PCBL,38,7,13,261.00,"3,393.00"
2019-09-25,2019092501003212,PCBL,43,7,17,261.00,"4,437.00"
2019-09-25,2019092501003596,PICL,42,35,100,432.00,"43,200.00"
2019-09-25,2019092501003483,PLIC,35,10,50,318.00,"15,900.00"
2019-09-25,2019092501003482,PLIC,33,10,100,318.00,"31,800.00"
2019-09-25,2019092501003481,PLIC,42,10,200,319.00,"63,800.00"
2019-09-25,2019092501003472,PMHPL,16,40,10,87.00,870.00
2019-09-25,2019092501003452,PMHPL,16,38,10,87.00,870.00
2019-09-25,2019092501003171,PMHPL,16,59,10,87.00,870.00
2019-09-25,2019092501003567,PRIN,11,10,33,305.00,"10,065.00"
2019-09-25,2019092501003628,PRVU,28,39,30,258.00,"7,740.00"
2019-09-25,2019092501003627,PRVU,32,39,500,258.00,"129,000.00"
2019-09-25,2019092501003626,PRVU,34,39,10,258.00,"2,580.00"
2019-09-25,2019092501003625,PRVU,52,39,50,258.00,"12,900.00"
2019-09-25,2019092501003624,PRVU,39,39,25,258.00,"6,450.00"
2019-09-25,2019092501003623,PRVU,41,39,20,258.00,"5,160.00"
2019-09-25,2019092501003141,PRVU,6,10,77,259.00,"19,943.00"
2019-09-25,2019092501003265,PRVU,19,57,663,259.00,"171,717.00"
2019-09-25,2019092501003264,PRVU,6,57,337,259.00,"87,283.00"
2019-09-25,2019092501003222,PRVU,6,7,40,259.00,"10,360.00"
2019-09-25,2019092501003206,PRVU,6,43,123,259.00,"31,857.00"
2019-09-25,2019092501003205,PRVU,40,43,300,259.00,"77,700.00"
2019-09-25,2019092501003204,PRVU,6,43,77,259.00,"19,943.00"
2019-09-25,2019092501003462,PRVU,58,32,201,259.00,"52,059.00"
2019-09-25,2019092501003423,PRVU,59,32,799,259.00,"206,941.00"
2019-09-25,2019092501003406,PRVU,59,25,100,259.00,"25,900.00"
2019-09-25,2019092501003385,PRVU,59,35,101,259.00,"26,159.00"
2019-09-25,2019092501003375,PRVU,59,32,"1,000",259.00,"259,000.00"
2019-09-25,2019092501003366,PRVU,19,32,337,259.00,"87,283.00"
2019-09-25,2019092501003469,RHPC,42,52,100,82.00,"8,200.00"
2019-09-25,2019092501003609,RHPL,57,42,40,156.00,"6,240.00"
2019-09-25,2019092501003579,RHPL,57,42,40,156.00,"6,240.00"
2019-09-25,2019092501003572,RHPL,57,21,30,156.00,"4,680.00"
2019-09-25,2019092501003568,RHPL,40,50,20,157.00,"3,140.00"
2019-09-25,2019092501003563,RHPL,57,40,20,156.00,"3,120.00"
2019-09-25,2019092501003562,RHPL,57,42,40,156.00,"6,240.00"
2019-09-25,2019092501003152,RHPL,19,25,10,157.00,"1,570.00"
2019-09-25,2019092501003143,RHPL,19,25,40,157.00,"6,280.00"
2019-09-25,2019092501003130,RHPL,19,25,50,157.00,"7,850.00"
2019-09-25,2019092501003187,RHPL,57,25,10,157.00,"1,570.00"
2019-09-25,2019092501003186,RHPL,25,25,40,157.00,"6,280.00"
2019-09-25,2019092501003174,RHPL,25,8,40,157.00,"6,280.00"
2019-09-25,2019092501003173,RHPL,25,25,50,157.00,"7,850.00"
2019-09-25,2019092501003166,RHPL,25,8,40,157.00,"6,280.00"
2019-09-25,2019092501003153,RHPL,25,25,30,157.00,"4,710.00"
2019-09-25,2019092501003240,RHPL,57,21,30,157.00,"4,710.00"
2019-09-25,2019092501003215,RHPL,57,20,40,157.00,"6,280.00"
2019-09-25,2019092501003214,RHPL,57,25,50,157.00,"7,850.00"
2019-09-25,2019092501003193,RHPL,57,25,40,157.00,"6,280.00"
2019-09-25,2019092501003189,RHPL,57,14,100,157.00,"15,700.00"
2019-09-25,2019092501003188,RHPL,57,34,40,157.00,"6,280.00"
2019-09-25,2019092501003346,RHPL,57,38,210,157.00,"32,970.00"
2019-09-25,2019092501003325,RHPL,57,21,30,157.00,"4,710.00"
2019-09-25,2019092501003323,RHPL,57,43,30,157.00,"4,710.00"
2019-09-25,2019092501003295,RHPL,57,59,40,157.00,"6,280.00"
2019-09-25,2019092501003249,RHPL,57,21,30,157.00,"4,710.00"
2019-09-25,2019092501003241,RHPL,57,53,210,157.00,"32,970.00"
2019-09-25,2019092501003534,RHPL,57,42,40,156.00,"6,240.00"
2019-09-25,2019092501003436,RHPL,51,50,40,157.00,"6,280.00"
2019-09-25,2019092501003435,RHPL,59,50,200,157.00,"31,400.00"
2019-09-25,2019092501003434,RHPL,57,50,80,157.00,"12,560.00"
2019-09-25,2019092501003432,RHPL,57,21,30,157.00,"4,710.00"
2019-09-25,2019092501003348,RHPL,57,40,30,157.00,"4,710.00"
2019-09-25,2019092501003581,RRHP,47,40,10,102.00,"1,020.00"
2019-09-25,2019092501003388,RRHP,47,40,10,102.00,"1,020.00"
2019-09-25,2019092501003373,RRHP,47,48,10,102.00,"1,020.00"
2019-09-25,2019092501003184,RRHP,47,59,10,102.00,"1,020.00"
2019-09-25,2019092501003132,RSDC,8,6,100,326.00,"32,600.00"
2019-09-25,2019092501003548,SABSL,44,36,10,449.00,"4,490.00"
2019-09-25,2019092501003451,SABSL,59,40,10,449.00,"4,490.00"
2019-09-25,2019092501003392,SABSL,59,40,10,449.00,"4,490.00"
2019-09-25,2019092501003389,SABSL,40,40,10,450.00,"4,500.00"
2019-09-25,2019092501003354,SABSL,40,40,10,450.00,"4,500.00"
2019-09-25,2019092501003556,SANIMA,19,25,100,347.00,"34,700.00"
2019-09-25,2019092501003542,SANIMA,19,50,285,347.00,"98,895.00"
2019-09-25,2019092501003506,SANIMA,22,50,415,347.00,"144,005.00"
2019-09-25,2019092501003502,SANIMA,46,50,200,347.00,"69,400.00"
2019-09-25,2019092501003464,SANIMA,22,37,85,346.00,"29,410.00"
2019-09-25,2019092501003463,SANIMA,48,37,100,346.00,"34,600.00"
2019-09-25,2019092501003140,SANIMA,6,50,42,346.00,"14,532.00"
2019-09-25,2019092501003379,SBI,43,49,50,404.00,"20,200.00"
2019-09-25,2019092501003296,SBI,43,7,40,404.00,"16,160.00"
2019-09-25,2019092501003273,SBI,43,13,50,404.00,"20,200.00"
2019-09-25,2019092501003512,SBL,22,10,92,327.00,"30,084.00"
2019-09-25,2019092501003511,SBL,22,53,125,327.00,"40,875.00"
2019-09-25,2019092501003433,SBL,36,53,200,327.00,"65,400.00"
2019-09-25,2019092501003403,SBL,21,25,50,327.00,"16,350.00"
2019-09-25,2019092501003377,SBL,52,25,100,327.00,"32,700.00"
2019-09-25,2019092501003218,SBL,42,25,10,327.00,"3,270.00"
2019-09-25,2019092501003211,SBL,50,34,450,326.00,"146,700.00"
2019-09-25,2019092501003191,SBL,39,25,100,327.00,"32,700.00"
2019-09-25,2019092501003163,SBL,51,25,150,327.00,"49,050.00"
2019-09-25,2019092501003162,SBL,42,25,50,327.00,"16,350.00"
2019-09-25,2019092501003161,SBL,34,25,35,327.00,"11,445.00"
2019-09-25,2019092501003564,SCB,26,42,10,559.00,"5,590.00"
2019-09-25,2019092501003533,SCB,32,11,278,557.00,"154,846.00"
2019-09-25,2019092501003532,SCB,3,11,148,557.00,"82,436.00"
2019-09-25,2019092501003510,SCB,4,22,20,557.00,"11,140.00"
2019-09-25,2019092501003431,SCB,34,51,36,558.00,"20,088.00"
2019-09-25,2019092501003268,SCB,41,11,270,560.00,"151,200.00"
2019-09-25,2019092501003267,SCB,41,44,30,560.00,"16,800.00"
2019-09-25,2019092501003190,SCB,42,44,10,560.00,"5,600.00"
2019-09-25,2019092501003352,SCB,42,51,50,558.00,"27,900.00"
2019-09-25,2019092501003351,SCB,54,51,14,558.00,"7,812.00"
2019-09-25,2019092501003333,SCB,26,42,10,559.00,"5,590.00"
2019-09-25,2019092501003317,SCB,26,7,25,559.00,"13,975.00"
2019-09-25,2019092501003485,SDESI,45,48,100,595.00,"59,500.00"
2019-09-25,2019092501003518,SFFIL,13,6,13,192.00,"2,496.00"
2019-09-25,2019092501003170,SFFIL,14,6,50,192.00,"9,600.00"
2019-09-25,2019092501003142,SFFIL,34,6,24,195.00,"4,680.00"
2019-09-25,2019092501003181,SHIVM,22,59,200,544.00,"108,800.00"
2019-09-25,2019092501003410,SHL,22,35,150,211.00,"31,650.00"
2019-09-25,2019092501003409,SHL,11,35,100,212.00,"21,200.00"
2019-09-25,2019092501003414,SICL,40,8,50,708.00,"35,400.00"
2019-09-25,2019092501003200,SIFC,6,59,12,150.00,"1,800.00"
2019-09-25,2019092501003547,SIL,53,35,50,375.00,"18,750.00"
2019-09-25,2019092501003338,SIL,25,35,10,375.00,"3,750.00"
2019-09-25,2019092501003622,SJCL,41,34,100,164.00,"16,400.00"
2019-09-25,2019092501003605,SJCL,41,21,20,164.00,"3,280.00"
2019-09-25,2019092501003601,SJCL,41,42,20,164.00,"3,280.00"
2019-09-25,2019092501003595,SJCL,41,49,20,164.00,"3,280.00"
2019-09-25,2019092501003593,SJCL,41,8,20,164.00,"3,280.00"
2019-09-25,2019092501003172,SJCL,41,34,20,164.00,"3,280.00"
2019-09-25,2019092501003131,SJCL,41,34,20,164.00,"3,280.00"
2019-09-25,2019092501003274,SJCL,41,21,20,164.00,"3,280.00"
2019-09-25,2019092501003244,SJCL,41,21,20,164.00,"3,280.00"
2019-09-25,2019092501003220,SJCL,41,20,20,164.00,"3,280.00"
2019-09-25,2019092501003382,SJCL,45,8,20,165.00,"3,300.00"
2019-09-25,2019092501003353,SJCL,45,40,20,165.00,"3,300.00"
2019-09-25,2019092501003347,SJCL,45,21,20,165.00,"3,300.00"
2019-09-25,2019092501003315,SJCL,41,43,20,164.00,"3,280.00"
2019-09-25,2019092501003290,SJCL,41,59,20,164.00,"3,280.00"
2019-09-25,2019092501003484,SJCL,41,28,20,164.00,"3,280.00"
2019-09-25,2019092501003478,SJCL,51,21,10,165.00,"1,650.00"
2019-09-25,2019092501003465,SJCL,41,28,20,164.00,"3,280.00"
2019-09-25,2019092501003401,SJCL,45,8,10,165.00,"1,650.00"
2019-09-25,2019092501003387,SJCL,45,8,20,165.00,"3,300.00"
2019-09-25,2019092501003569,SJCL,41,42,21,164.00,"3,444.00"
2019-09-25,2019092501003557,SJCL,41,42,20,164.00,"3,280.00"
2019-09-25,2019092501003525,SJCL,41,42,20,164.00,"3,280.00"
2019-09-25,2019092501003495,SJCL,41,28,20,164.00,"3,280.00"
2019-09-25,2019092501003489,SJCL,41,21,10,164.00,"1,640.00"
2019-09-25,2019092501003356,SKBBL,18,43,90,897.00,"80,730.00"
2019-09-25,2019092501003345,SKBBL,46,43,265,897.00,"237,705.00"
2019-09-25,2019092501003343,SKBBL,46,52,100,897.00,"89,700.00"
2019-09-25,2019092501003341,SKBBL,6,43,38,900.00,"34,200.00"
2019-09-25,2019092501003270,SKBBL,11,6,13,897.00,"11,661.00"
2019-09-25,2019092501003597,SLBSL,45,40,10,661.00,"6,610.00"
2019-09-25,2019092501003314,SLBSL,45,40,10,661.00,"6,610.00"
2019-09-25,2019092501003271,SLBSL,45,40,10,661.00,"6,610.00"
2019-09-25,2019092501003224,SLBSL,45,40,10,661.00,"6,610.00"
2019-09-25,2019092501003543,SLICL,53,46,13,268.00,"3,484.00"
2019-09-25,2019092501003425,SLICL,26,19,12,266.00,"3,192.00"
2019-09-25,2019092501003424,SLICL,6,19,88,267.00,"23,496.00"
2019-09-25,2019092501003286,SMATA,48,57,34,520.00,"17,680.00"
2019-09-25,2019092501003160,SMFBS,48,34,10,784.00,"7,840.00"
2019-09-25,2019092501003612,SPARS,22,43,10,540.00,"5,400.00"
2019-09-25,2019092501003611,SPARS,22,42,10,540.00,"5,400.00"
2019-09-25,2019092501003476,SPARS,34,34,150,539.00,"80,850.00"
2019-09-25,2019092501003367,SPARS,45,11,10,535.00,"5,350.00"
2019-09-25,2019092501003344,SPDL,38,43,10,67.00,670.00
2019-09-25,2019092501003324,SRBL,54,4,"1,370",233.00,"319,210.00"
2019-09-25,2019092501003246,SRBL,48,7,30,232.00,"6,960.00"
2019-09-25,2019092501003307,TMDBL,34,33,50,147.00,"7,350.00"
2019-09-25,2019092501003306,TMDBL,59,33,700,147.00,"102,900.00"
2019-09-25,2019092501003305,TMDBL,59,33,700,147.00,"102,900.00"
2019-09-25,2019092501003304,TMDBL,57,33,"1,000",147.00,"147,000.00"
2019-09-25,2019092501003303,TMDBL,35,33,100,147.00,"14,700.00"
2019-09-25,2019092501003302,TMDBL,59,33,300,148.00,"44,400.00"
2019-09-25,2019092501003301,TMDBL,34,33,200,148.00,"29,600.00"
2019-09-25,2019092501003300,TMDBL,48,33,100,148.00,"14,800.00"
2019-09-25,2019092501003299,TMDBL,59,33,300,148.00,"44,400.00"
2019-09-25,2019092501003298,TMDBL,59,33,150,149.00,"22,350.00"
2019-09-25,2019092501003473,UIC,3,32,60,262.00,"15,720.00"
2019-09-25,2019092501003500,UMHL,44,50,14,105.00,"1,470.00"
2019-09-25,2019092501003499,UMHL,44,1,51,105.00,"5,355.00"
2019-09-25,2019092501003598,UPCL,8,48,50,78.00,"3,900.00"
2019-09-25,2019092501003313,UPCL,6,55,100,78.00,"7,800.00"
2019-09-25,2019092501003608,UPPER,49,40,50,232.00,"11,600.00"
2019-09-25,2019092501003486,UPPER,49,40,40,232.00,"9,280.00"
2019-09-25,2019092501003150,UPPER,49,40,50,232.00,"11,600.00"
2019-09-25,2019092501003278,UPPER,49,41,30,232.00,"6,960.00"
2019-09-25,2019092501003260,UPPER,49,40,40,232.00,"9,280.00"
2019-09-25,2019092501003236,UPPER,49,40,50,232.00,"11,600.00"
2019-09-25,2019092501003216,UPPER,49,40,50,232.00,"11,600.00"
2019-09-25,2019092501003159,UPPER,49,28,50,232.00,"11,600.00"
2019-09-25,2019092501003151,UPPER,49,28,50,232.00,"11,600.00"
2019-09-25,2019092501003402,UPPER,49,40,40,232.00,"9,280.00"
2019-09-25,2019092501003359,UPPER,49,40,40,232.00,"9,280.00"
2019-09-25,2019092501003316,UPPER,49,40,50,232.00,"11,600.00"
2019-09-25,2019092501002910,ADBL,39,36,622,411.00,"255,642.00"
2019-09-25,2019092501002897,ADBL,6,36,"2,878",411.00,"1,182,858.00"
2019-09-25,2019092501002892,ADBL,43,6,80,412.00,"32,960.00"
2019-09-25,2019092501002861,ADBL,48,6,100,412.00,"41,200.00"
2019-09-25,2019092501002679,ADBL,6,32,122,411.00,"50,142.00"
2019-09-25,2019092501002678,ADBL,6,32,27,411.00,"11,097.00"
2019-09-25,2019092501002991,AHPC,43,35,54,96.00,"5,184.00"
2019-09-25,2019092501002928,AHPC,28,35,92,96.00,"8,832.00"
2019-09-25,2019092501002927,AHPC,43,35,54,96.00,"5,184.00"
2019-09-25,2019092501002926,AHPC,52,35,100,96.00,"9,600.00"
2019-09-25,2019092501002925,AHPC,40,35,500,96.00,"48,000.00"
2019-09-25,2019092501002924,AHPC,39,35,100,96.00,"9,600.00"
2019-09-25,2019092501002923,AHPC,48,35,100,96.00,"9,600.00"
2019-09-25,2019092501002961,AKBSL,41,47,10,412.00,"4,120.00"
2019-09-25,2019092501002933,AKBSL,41,47,10,412.00,"4,120.00"
2019-09-25,2019092501002734,AKBSL,41,21,10,412.00,"4,120.00"
2019-09-25,2019092501002706,AKBSL,41,22,10,412.00,"4,120.00"
2019-09-25,2019092501002699,AKBSL,41,22,10,412.00,"4,120.00"
2019-09-25,2019092501002677,AKBSL,41,22,10,412.00,"4,120.00"
2019-09-25,2019092501002672,AKBSL,41,22,10,412.00,"4,120.00"
2019-09-25,2019092501002667,AKBSL,41,22,10,412.00,"4,120.00"
2019-09-25,2019092501002664,AKBSL,41,22,10,412.00,"4,120.00"
2019-09-25,2019092501002652,AKBSL,41,22,10,412.00,"4,120.00"
2019-09-25,2019092501002641,AKBSL,41,22,10,412.00,"4,120.00"
2019-09-25,2019092501003034,AKJCL,1,48,10,56.00,560.00
2019-09-25,2019092501003011,AKJCL,1,48,20,56.00,"1,120.00"
2019-09-25,2019092501002976,AKJCL,1,48,10,56.00,560.00
2019-09-25,2019092501002880,AKJCL,1,48,20,56.00,"1,120.00"
2019-09-25,2019092501002721,AKJCL,1,40,20,56.00,"1,120.00"
2019-09-25,2019092501003056,AKPL,8,38,80,133.00,"10,640.00"
2019-09-25,2019092501003036,AKPL,41,57,177,131.00,"23,187.00"
2019-09-25,2019092501002999,AKPL,46,57,391,131.00,"51,221.00"
2019-09-25,2019092501002998,AKPL,46,45,96,131.00,"12,576.00"
2019-09-25,2019092501002997,AKPL,46,39,13,131.00,"1,703.00"
2019-09-25,2019092501002738,ALBSL,55,21,10,416.00,"4,160.00"
2019-09-25,2019092501003030,ALICL,42,33,110,312.00,"34,320.00"
2019-09-25,2019092501003002,ALICL,8,33,100,313.00,"31,300.00"
2019-09-25,2019092501002968,ALICL,54,33,20,313.00,"6,260.00"
2019-09-25,2019092501002967,ALICL,54,33,20,313.00,"6,260.00"
2019-09-25,2019092501003107,API,22,25,500,113.00,"56,500.00"
2019-09-25,2019092501003054,API,22,50,59,113.00,"6,667.00"
2019-09-25,2019092501003053,API,57,50,18,113.00,"2,034.00"
2019-09-25,2019092501002947,API,57,48,11,113.00,"1,243.00"
2019-09-25,2019092501003081,BOKL,45,11,65,250.00,"16,250.00"
2019-09-25,2019092501003080,BOKL,26,11,237,250.00,"59,250.00"
2019-09-25,2019092501003071,BOKL,26,57,"1,066",250.00,"266,500.00"
2019-09-25,2019092501003070,BOKL,26,14,197,250.00,"49,250.00"
2019-09-25,2019092501002938,BOKL,47,48,36,249.00,"8,964.00"
2019-09-25,2019092501002693,BOKL,11,57,304,250.00,"76,000.00"
2019-09-25,2019092501002686,BOKL,6,57,200,250.00,"50,000.00"
2019-09-25,2019092501002685,BOKL,8,57,150,250.00,"37,500.00"
2019-09-25,2019092501002684,BOKL,53,57,10,250.00,"2,500.00"
2019-09-25,2019092501002683,BOKL,29,57,400,251.00,"100,400.00"
2019-09-25,2019092501002682,BOKL,57,57,200,251.00,"50,200.00"
2019-09-25,2019092501002681,BOKL,13,57,70,251.00,"17,570.00"
2019-09-25,2019092501002692,BOKL,48,57,250,250.00,"62,500.00"
2019-09-25,2019092501002691,BOKL,52,57,180,250.00,"45,000.00"
2019-09-25,2019092501002690,BOKL,49,57,100,250.00,"25,000.00"
2019-09-25,2019092501002689,BOKL,39,57,20,250.00,"5,000.00"
2019-09-25,2019092501002688,BOKL,8,57,50,250.00,"12,500.00"
2019-09-25,2019092501002687,BOKL,16,57,"1,000",250.00,"250,000.00"
2019-09-25,2019092501002974,CBL,14,22,241,142.00,"34,222.00"
2019-09-25,2019092501002973,CBL,14,6,59,142.00,"8,378.00"
2019-09-25,2019092501002878,CBL,59,57,10,141.00,"1,410.00"
2019-09-25,2019092501003052,CCBL,32,32,8,150.00,"1,200.00"
2019-09-25,2019092501002801,CCBL,7,25,"1,343",151.00,"202,793.00"
2019-09-25,2019092501002800,CCBL,21,25,300,151.00,"45,300.00"
2019-09-25,2019092501002799,CCBL,51,25,390,151.00,"58,890.00"
2019-09-25,2019092501002798,CCBL,25,25,200,151.00,"30,200.00"
2019-09-25,2019092501002797,CCBL,40,25,200,151.00,"30,200.00"
2019-09-25,2019092501002744,CCBL,22,21,29,153.00,"4,437.00"
2019-09-25,2019092501002778,CCBL,34,25,500,152.00,"76,000.00"
2019-09-25,2019092501002777,CCBL,21,25,100,152.00,"15,200.00"
2019-09-25,2019092501002776,CCBL,57,25,111,152.00,"16,872.00"
2019-09-25,2019092501002775,CCBL,59,25,150,152.00,"22,800.00"
2019-09-25,2019092501002774,CCBL,52,25,100,153.00,"15,300.00"
2019-09-25,2019092501002773,CCBL,22,25,44,153.00,"6,732.00"
2019-09-25,2019092501002784,CCBL,59,25,300,152.00,"45,600.00"
2019-09-25,2019092501002783,CCBL,33,25,500,152.00,"76,000.00"
2019-09-25,2019092501002782,CCBL,18,25,500,152.00,"76,000.00"
2019-09-25,2019092501002781,CCBL,37,25,100,152.00,"15,200.00"
2019-09-25,2019092501002780,CCBL,59,25,200,152.00,"30,400.00"
2019-09-25,2019092501002779,CCBL,22,25,20,152.00,"3,040.00"
2019-09-25,2019092501002790,CCBL,59,25,700,151.00,"105,700.00"
2019-09-25,2019092501002789,CCBL,33,25,500,151.00,"75,500.00"
2019-09-25,2019092501002788,CCBL,6,25,"1,000",152.00,"152,000.00"
2019-09-25,2019092501002787,CCBL,42,25,50,152.00,"7,600.00"
2019-09-25,2019092501002786,CCBL,34,25,40,152.00,"6,080.00"
2019-09-25,2019092501002785,CCBL,39,25,102,152.00,"15,504.00"
2019-09-25,2019092501002796,CCBL,41,25,28,151.00,"4,228.00"
2019-09-25,2019092501002795,CCBL,59,25,"3,000",151.00,"453,000.00"
2019-09-25,2019092501002794,CCBL,21,25,200,151.00,"30,200.00"
2019-09-25,2019092501002793,CCBL,57,25,222,151.00,"33,522.00"
2019-09-25,2019092501002792,CCBL,47,25,100,151.00,"15,100.00"
2019-09-25,2019092501002791,CCBL,59,25,"1,500",151.00,"226,500.00"
2019-09-25,2019092501002889,CHCL,11,57,10,413.00,"4,130.00"
2019-09-25,2019092501002809,CHCL,45,45,500,414.00,"207,000.00"
2019-09-25,2019092501002808,CHCL,45,38,50,414.00,"20,700.00"
2019-09-25,2019092501002720,CZBIL,29,41,18,192.00,"3,456.00"
2019-09-25,2019092501002719,CZBIL,1,41,42,192.00,"8,064.00"
2019-09-25,2019092501003019,DDBL,11,53,18,715.00,"12,870.00"
2019-09-25,2019092501003091,EBL,22,44,38,559.00,"21,242.00"
2019-09-25,2019092501003042,EBL,14,43,56,560.00,"31,360.00"
2019-09-25,2019092501002929,EBL,39,43,50,560.00,"28,000.00"
2019-09-25,2019092501002826,EBL,22,46,562,559.00,"314,158.00"
2019-09-25,2019092501002733,EBL,14,6,11,558.00,"6,138.00"
2019-09-25,2019092501002732,EBL,50,6,10,558.00,"5,580.00"
2019-09-25,2019092501003006,EIC,32,32,9,240.00,"2,160.00"
2019-09-25,2019092501002946,EIC,32,32,2,246.00,492.00
2019-09-25,2019092501002748,FMDBL,44,57,268,371.00,"99,428.00"
2019-09-25,2019092501002747,FMDBL,45,57,10,372.00,"3,720.00"
2019-09-25,2019092501002746,FMDBL,6,57,20,372.00,"7,440.00"
2019-09-25,2019092501002761,GBBL,4,48,40,207.00,"8,280.00"
2019-09-25,2019092501002760,GBBL,4,48,50,207.00,"10,350.00"
2019-09-25,2019092501002759,GBBL,4,48,50,207.00,"10,350.00"
2019-09-25,2019092501002758,GBBL,4,48,50,207.00,"10,350.00"
2019-09-25,2019092501002757,GBBL,4,48,50,207.00,"10,350.00"
2019-09-25,2019092501002756,GBBL,4,48,50,207.00,"10,350.00"
2019-09-25,2019092501002755,GBBL,4,48,50,207.00,"10,350.00"
2019-09-25,2019092501002754,GBBL,4,48,50,207.00,"10,350.00"
2019-09-25,2019092501002834,GBLBS,42,28,15,315.00,"4,725.00"
2019-09-25,2019092501002646,GBLBS,42,46,125,315.00,"39,375.00"
2019-09-25,2019092501002645,GBLBS,55,46,200,315.00,"63,000.00"
2019-09-25,2019092501002644,GBLBS,41,46,65,316.00,"20,540.00"
2019-09-25,2019092501002643,GBLBS,48,46,10,317.00,"3,170.00"
2019-09-25,2019092501003024,GDBL,14,7,10,200.00,"2,000.00"
2019-09-25,2019092501003023,GDBL,41,7,50,200.00,"10,000.00"
2019-09-25,2019092501003022,GDBL,48,7,200,200.00,"40,000.00"
2019-09-25,2019092501003021,GDBL,32,7,180,200.00,"36,000.00"
2019-09-25,2019092501003020,GDBL,14,7,310,200.00,"62,000.00"
2019-09-25,2019092501003007,GDBL,11,7,50,201.00,"10,050.00"
2019-09-25,2019092501002936,GFCL,36,32,76,131.00,"9,956.00"
2019-09-25,2019092501003055,GHL,17,48,30,64.00,"1,920.00"
2019-09-25,2019092501003018,GHL,17,48,30,64.00,"1,920.00"
2019-09-25,2019092501002990,GHL,17,48,20,64.00,"1,280.00"
2019-09-25,2019092501002888,GHL,17,48,30,64.00,"1,920.00"
2019-09-25,2019092501003057,GILB,45,17,10,722.00,"7,220.00"
2019-09-25,2019092501003128,GLICL,25,35,58,350.00,"20,300.00"
2019-09-25,2019092501002818,GLICL,33,57,332,349.00,"115,868.00"
2019-09-25,2019092501002817,GLICL,34,57,50,349.00,"17,450.00"
2019-09-25,2019092501002816,GLICL,22,57,100,349.00,"34,900.00"
2019-09-25,2019092501002815,GLICL,34,57,50,350.00,"17,500.00"
2019-09-25,2019092501002814,GLICL,34,57,20,350.00,"7,000.00"
2019-09-25,2019092501002813,GLICL,6,57,50,350.00,"17,500.00"
2019-09-25,2019092501002812,GLICL,17,57,200,351.00,"70,200.00"
2019-09-25,2019092501002811,GLICL,28,57,60,351.00,"21,060.00"
2019-09-25,2019092501002810,GLICL,18,57,138,352.00,"48,576.00"
2019-09-25,2019092501002770,GLICL,38,42,116,354.00,"41,064.00"
2019-09-25,2019092501002987,HGI,13,33,50,268.00,"13,400.00"
2019-09-25,2019092501002986,HGI,52,33,20,268.00,"5,360.00"
2019-09-25,2019092501002985,HGI,57,33,150,268.00,"40,200.00"
2019-09-25,2019092501002984,HGI,35,33,200,268.00,"53,600.00"
2019-09-25,2019092501002983,HGI,57,33,250,268.00,"67,000.00"
2019-09-25,2019092501002982,HGI,57,33,100,268.00,"26,800.00"
2019-09-25,2019092501002981,HGI,11,33,40,268.00,"10,720.00"
2019-09-25,2019092501002980,HGI,6,33,100,268.00,"26,800.00"
2019-09-25,2019092501002979,HGI,38,33,100,269.00,"26,900.00"
2019-09-25,2019092501002978,HGI,28,33,300,269.00,"80,700.00"
2019-09-25,2019092501002977,HGI,45,33,50,269.00,"13,450.00"
2019-09-25,2019092501002971,HIDCL,1,43,174,131.00,"22,794.00"
2019-09-25,2019092501002752,HPPL,22,21,10,130.00,"1,300.00"
2019-09-25,2019092501002822,ICFC,28,8,200,153.00,"30,600.00"
2019-09-25,2019092501002884,ILBS,39,29,40,421.00,"16,840.00"
2019-09-25,2019092501002883,ILBS,57,29,30,422.00,"12,660.00"
2019-09-25,2019092501002882,ILBS,48,29,30,422.00,"12,660.00"
2019-09-25,2019092501002851,ILBS,48,36,10,422.00,"4,220.00"
2019-09-25,2019092501002711,ILBS,48,32,60,422.00,"25,320.00"
2019-09-25,2019092501002837,JBBL,18,40,100,156.00,"15,600.00"
2019-09-25,2019092501002717,JBBL,18,46,30,156.00,"4,680.00"
2019-09-25,2019092501002675,JBBL,18,6,10,156.00,"1,560.00"
2019-09-25,2019092501002651,JBBL,49,22,30,155.00,"4,650.00"
2019-09-25,2019092501003050,JOSHI,7,48,20,57.00,"1,140.00"
2019-09-25,2019092501003026,JOSHI,7,48,20,57.00,"1,140.00"
2019-09-25,2019092501002890,JOSHI,7,48,20,57.00,"1,140.00"
2019-09-25,2019092501002767,JOSHI,7,21,20,57.00,"1,140.00"
2019-09-25,2019092501002636,JOSHI,7,21,20,57.00,"1,140.00"
2019-09-25,2019092501002838,KBL,58,44,17,176.00,"2,992.00"
2019-09-25,2019092501002824,KBL,58,17,167,176.00,"29,392.00"
2019-09-25,2019092501002639,KPCL,22,21,10,76.00,760.00
2019-09-25,2019092501002807,KPCL,22,21,10,76.00,760.00
2019-09-25,2019092501002975,KSBBL,50,57,376,139.00,"52,264.00"
2019-09-25,2019092501003014,LBL,6,25,500,210.00,"105,000.00"
2019-09-25,2019092501003013,LBL,49,25,100,210.00,"21,000.00"
2019-09-25,2019092501003012,LBL,33,25,"1,000",210.00,"210,000.00"
2019-09-25,2019092501002739,LBL,18,44,298,211.00,"62,878.00"
2019-09-25,2019092501002665,LBL,18,44,895,211.00,"188,845.00"
2019-09-25,2019092501002731,LVF1,3,35,"10,000",8.50,"85,000.00"
2019-09-25,2019092501002821,MBL,43,45,80,246.00,"19,680.00"
2019-09-25,2019092501002741,MBL,34,18,"1,000",245.00,"245,000.00"
2019-09-25,2019092501002634,MBL,34,25,845,245.00,"207,025.00"
2019-09-25,2019092501002633,MBL,47,25,100,245.00,"24,500.00"
2019-09-25,2019092501002632,MBL,17,25,150,245.00,"36,750.00"
2019-09-25,2019092501002631,MBL,17,25,150,245.00,"36,750.00"
2019-09-25,2019092501002630,MBL,17,25,150,245.00,"36,750.00"
2019-09-25,2019092501002629,MBL,17,25,150,245.00,"36,750.00"
2019-09-25,2019092501002847,MDB,17,19,26,240.00,"6,240.00"
2019-09-25,2019092501003000,MEGA,58,43,22,193.00,"4,246.00"
2019-09-25,2019092501002806,MEGA,58,19,100,193.00,"19,300.00"
2019-09-25,2019092501002922,MEGA,58,34,50,193.00,"9,650.00"
2019-09-25,2019092501002972,MEGA,58,40,28,193.00,"5,404.00"
2019-09-25,2019092501002932,MERO,32,43,178,544.00,"96,832.00"
2019-09-25,2019092501002846,MERO,32,29,22,544.00,"11,968.00"
2019-09-25,2019092501002845,MERO,32,29,124,544.00,"67,456.00"
2019-09-25,2019092501002844,MERO,39,29,33,544.00,"17,952.00"
2019-09-25,2019092501002843,MERO,41,29,100,545.00,"54,500.00"
2019-09-25,2019092501002842,MERO,36,29,16,545.00,"8,720.00"
2019-09-25,2019092501002825,MHNL,22,21,30,79.00,"2,370.00"
2019-09-25,2019092501002642,MHNL,22,21,40,79.00,"3,160.00"
2019-09-25,2019092501002960,MLBL,28,48,16,209.00,"3,344.00"
2019-09-25,2019092501002935,MNBBL,49,13,200,303.00,"60,600.00"
2019-09-25,2019092501002934,MNBBL,49,14,135,303.00,"40,905.00"
2019-09-25,2019092501002694,MNBBL,7,14,50,303.00,"15,150.00"
2019-09-25,2019092501003079,NABIL,33,39,172,760.00,"130,720.00"
2019-09-25,2019092501003078,NABIL,43,39,128,760.00,"97,280.00"
2019-09-25,2019092501003049,NABIL,43,11,72,760.00,"54,720.00"
2019-09-25,2019092501003048,NABIL,11,11,50,760.00,"38,000.00"
2019-09-25,2019092501003047,NABIL,25,11,390,760.00,"296,400.00"
2019-09-25,2019092501002914,NABIL,11,39,200,761.00,"152,200.00"
2019-09-25,2019092501002913,NABIL,6,39,71,761.00,"54,031.00"
2019-09-25,2019092501002765,NABIL,6,7,29,761.00,"22,069.00"
2019-09-25,2019092501002764,NABIL,1,7,27,761.00,"20,547.00"
2019-09-25,2019092501002835,NADEP,48,21,20,405.00,"8,100.00"
2019-09-25,2019092501002763,NAGRO,48,28,10,726.00,"7,260.00"
2019-09-25,2019092501002911,NBB,6,57,12,207.00,"2,484.00"
2019-09-25,2019092501002836,NBB,43,17,80,208.00,"16,640.00"
2019-09-25,2019092501003126,NBL,25,8,50,310.00,"15,500.00"
2019-09-25,2019092501003125,NBL,25,34,261,310.00,"80,910.00"
2019-09-25,2019092501003124,NBL,48,34,200,310.00,"62,000.00"
2019-09-25,2019092501003123,NBL,35,34,20,310.00,"6,200.00"
2019-09-25,2019092501003122,NBL,26,34,200,310.00,"62,000.00"
2019-09-25,2019092501003121,NBL,38,34,100,310.00,"31,000.00"
2019-09-25,2019092501002705,NBL,41,18,50,311.00,"15,550.00"
2019-09-25,2019092501002680,NBL,57,18,400,311.00,"124,400.00"
2019-09-25,2019092501002849,NBL,1,18,41,311.00,"12,751.00"
2019-09-25,2019092501002805,NBL,28,28,50,310.00,"15,500.00"
2019-09-25,2019092501002804,NBL,28,32,11,310.00,"3,410.00"
2019-09-25,2019092501002803,NBL,45,32,189,310.00,"58,590.00"
2019-09-25,2019092501002716,NBL,45,29,311,310.00,"96,410.00"
2019-09-25,2019092501002715,NBL,6,29,189,310.00,"58,590.00"
2019-09-25,2019092501003040,NBL,35,4,500,310.00,"155,000.00"
2019-09-25,2019092501003039,NBL,3,4,200,310.00,"62,000.00"
2019-09-25,2019092501003038,NBL,43,4,39,310.00,"12,090.00"
2019-09-25,2019092501002920,NBL,43,4,61,310.00,"18,910.00"
2019-09-25,2019092501002919,NBL,28,4,939,310.00,"291,090.00"
2019-09-25,2019092501002885,NBL,43,18,80,311.00,"24,880.00"
2019-09-25,2019092501003063,NBL,29,49,100,310.00,"31,000.00"
2019-09-25,2019092501003062,NBL,36,49,"3,500",310.00,"1,085,000.00"
2019-09-25,2019092501003061,NBL,25,49,50,310.00,"15,500.00"
2019-09-25,2019092501003060,NBL,25,49,200,310.00,"62,000.00"
2019-09-25,2019092501003059,NBL,41,49,239,310.00,"74,090.00"
2019-09-25,2019092501003041,NBL,41,4,261,310.00,"80,910.00"
2019-09-25,2019092501003069,NBL,6,49,481,310.00,"149,110.00"
2019-09-25,2019092501003068,NBL,14,49,50,310.00,"15,500.00"
2019-09-25,2019092501003067,NBL,1,49,50,310.00,"15,500.00"
2019-09-25,2019092501003066,NBL,35,49,30,310.00,"9,300.00"
2019-09-25,2019092501003065,NBL,14,49,200,310.00,"62,000.00"
2019-09-25,2019092501003064,NBL,42,49,100,310.00,"31,000.00"
2019-09-25,2019092501003120,NBL,48,34,100,310.00,"31,000.00"
2019-09-25,2019092501003119,NBL,17,34,100,310.00,"31,000.00"
2019-09-25,2019092501003118,NBL,6,34,519,310.00,"160,890.00"
2019-09-25,2019092501003108,NBL,6,41,500,310.00,"155,000.00"
2019-09-25,2019092501003092,NBL,6,41,500,310.00,"155,000.00"
2019-09-25,2019092501003077,NBL,6,49,"1,000",310.00,"310,000.00"
2019-09-25,2019092501003033,NCCB,21,13,300,194.00,"58,200.00"
2019-09-25,2019092501002949,NCCB,21,6,150,194.00,"29,100.00"
2019-09-25,2019092501002948,NCCB,56,6,150,194.00,"29,100.00"
2019-09-25,2019092501002859,NCCB,40,57,463,193.00,"89,359.00"
2019-09-25,2019092501002858,NCCB,49,57,120,193.00,"23,160.00"
2019-09-25,2019092501002857,NCCB,44,57,"2,000",193.00,"386,000.00"
2019-09-25,2019092501002856,NCCB,4,57,276,193.00,"53,268.00"
2019-09-25,2019092501002855,NCCB,48,57,141,194.00,"27,354.00"
2019-09-25,2019092501002863,NEF,25,10,162,7.53,"1,219.86"
2019-09-25,2019092501002862,NEF,45,10,"1,838",7.53,"13,840.14"
2019-09-25,2019092501002875,NIB,39,25,25,432.00,"10,800.00"
2019-09-25,2019092501002874,NIB,14,25,50,432.00,"21,600.00"
2019-09-25,2019092501002873,NIB,40,25,500,432.00,"216,000.00"
2019-09-25,2019092501002872,NIB,13,25,200,432.00,"86,400.00"
2019-09-25,2019092501002871,NIB,43,25,500,432.00,"216,000.00"
2019-09-25,2019092501002870,NIB,51,25,163,433.00,"70,579.00"
2019-09-25,2019092501002869,NIB,11,25,190,434.00,"82,460.00"
2019-09-25,2019092501002868,NIB,29,25,20,434.00,"8,680.00"
2019-09-25,2019092501002867,NIB,32,25,16,435.00,"6,960.00"
2019-09-25,2019092501002866,NIB,47,25,50,435.00,"21,750.00"
2019-09-25,2019092501002865,NIB,54,25,22,435.00,"9,570.00"
2019-09-25,2019092501002864,NIB,16,25,12,435.00,"5,220.00"
2019-09-25,2019092501003073,NICA,34,18,20,376.00,"7,520.00"
2019-09-25,2019092501002833,NICA,33,44,20,375.00,"7,500.00"
2019-09-25,2019092501002994,NICL,39,45,88,267.00,"23,496.00"
2019-09-25,2019092501002993,NICL,39,53,12,266.00,"3,192.00"
2019-09-25,2019092501002937,NIL,37,35,65,350.00,"22,750.00"
2019-09-25,2019092501002917,NIL,13,25,250,351.00,"87,750.00"
2019-09-25,2019092501002916,NIL,43,25,100,352.00,"35,200.00"
2019-09-25,2019092501002905,NIL,41,25,50,353.00,"17,650.00"
2019-09-25,2019092501002904,NIL,56,25,100,353.00,"35,300.00"
2019-09-25,2019092501002903,NIL,51,25,40,354.00,"14,160.00"
2019-09-25,2019092501002902,NIL,51,25,10,354.00,"3,540.00"
2019-09-25,2019092501002901,NIL,29,25,50,355.00,"17,750.00"
2019-09-25,2019092501003115,NLIC,39,22,30,758.00,"22,740.00"
2019-09-25,2019092501003114,NLIC,39,34,22,758.00,"16,676.00"
2019-09-25,2019092501003113,NLIC,39,57,48,758.00,"36,384.00"
2019-09-25,2019092501003076,NLIC,13,13,60,757.00,"45,420.00"
2019-09-25,2019092501003075,NLIC,13,14,100,757.00,"75,700.00"
2019-09-25,2019092501003074,NLIC,13,13,180,756.00,"136,080.00"
2019-09-25,2019092501002707,NLIC,28,32,28,755.00,"21,140.00"
2019-09-25,2019092501002668,NLIC,34,34,8,740.00,"5,920.00"
2019-09-25,2019092501002830,NLIC,17,33,39,755.00,"29,445.00"
2019-09-25,2019092501002829,NLIC,54,33,25,755.00,"18,875.00"
2019-09-25,2019092501002828,NLIC,16,33,11,755.00,"8,305.00"
2019-09-25,2019092501002820,NLIC,34,34,12,756.00,"9,072.00"
2019-09-25,2019092501002709,NLIC,16,32,49,755.00,"36,995.00"
2019-09-25,2019092501002708,NLIC,35,32,10,755.00,"7,550.00"
2019-09-25,2019092501003037,NNLB,18,26,30,425.00,"12,750.00"
2019-09-25,2019092501003017,NNLB,40,29,400,420.00,"168,000.00"
2019-09-25,2019092501003016,NNLB,45,29,100,421.00,"42,100.00"
2019-09-25,2019092501003093,NSEWA,22,40,10,386.00,"3,860.00"
2019-09-25,2019092501003015,NSEWA,22,40,10,386.00,"3,860.00"
2019-09-25,2019092501002704,NTC,59,4,10,627.00,"6,270.00"
2019-09-25,2019092501002662,NTC,42,35,10,618.00,"6,180.00"
2019-09-25,2019092501003058,OHL,45,39,60,525.00,"31,500.00"
2019-09-25,2019092501003105,PCBL,43,11,33,261.00,"8,613.00"
2019-09-25,2019092501003104,PCBL,58,11,100,261.00,"26,100.00"
2019-09-25,2019092501002766,PCBL,43,18,71,261.00,"18,531.00"
2019-09-25,2019092501003082,PIC,45,50,500,365.00,"182,500.00"
2019-09-25,2019092501003029,PIC,14,32,150,367.00,"55,050.00"
2019-09-25,2019092501002945,PIC,52,50,100,365.00,"36,500.00"
2019-09-25,2019092501002944,PIC,56,50,"1,000",365.00,"365,000.00"
2019-09-25,2019092501002943,PIC,17,50,100,365.00,"36,500.00"
2019-09-25,2019092501002942,PIC,39,50,49,365.00,"17,885.00"
2019-09-25,2019092501002941,PIC,6,50,100,366.00,"36,600.00"
2019-09-25,2019092501002697,PIC,22,32,100,367.00,"36,700.00"
2019-09-25,2019092501002696,PIC,40,32,50,367.00,"18,350.00"
2019-09-25,2019092501002912,PICL,42,53,30,440.00,"13,200.00"
2019-09-25,2019092501003027,PMHPL,39,40,10,87.00,870.00
2019-09-25,2019092501002737,PMHPL,39,40,10,87.00,870.00
2019-09-25,2019092501002655,PMHPL,39,21,10,87.00,870.00
2019-09-25,2019092501002839,PPCL,4,21,10,92.00,920.00
2019-09-25,2019092501002666,PPCL,4,21,10,92.00,920.00
2019-09-25,2019092501002896,PRIN,11,57,11,304.00,"3,344.00"
2019-09-25,2019092501002650,PRIN,18,38,530,306.00,"162,180.00"
2019-09-25,2019092501002649,PRIN,18,59,167,305.00,"50,935.00"
2019-09-25,2019092501003112,PRVU,6,41,346,259.00,"89,614.00"
2019-09-25,2019092501003111,PRVU,43,41,54,259.00,"13,986.00"
2019-09-25,2019092501002713,PRVU,58,52,200,259.00,"51,800.00"
2019-09-25,2019092501002712,PRVU,58,26,540,259.00,"139,860.00"
2019-09-25,2019092501002695,PRVU,41,26,50,259.00,"12,950.00"
2019-09-25,2019092501002653,PRVU,35,26,200,259.00,"51,800.00"
2019-09-25,2019092501002988,PRVU,43,47,26,259.00,"6,734.00"
2019-09-25,2019092501002802,PRVU,42,29,391,258.00,"100,878.00"
2019-09-25,2019092501002714,PRVU,58,43,300,259.00,"77,700.00"
2019-09-25,2019092501002853,RADHI,14,21,12,133.00,"1,596.00"
2019-09-25,2019092501002876,RHPC,22,21,16,81.00,"1,296.00"
2019-09-25,2019092501002669,RHPC,22,21,16,81.00,"1,296.00"
2019-09-25,2019092501003127,RHPL,19,1,200,157.00,"31,400.00"
2019-09-25,2019092501003103,RHPL,19,13,140,157.00,"21,980.00"
2019-09-25,2019092501003044,RHPL,59,34,10,158.00,"1,580.00"
2019-09-25,2019092501003025,RHPL,19,34,40,157.00,"6,280.00"
2019-09-25,2019092501003009,RHPL,19,34,20,157.00,"3,140.00"
2019-09-25,2019092501003008,RHPL,26,34,20,157.00,"3,140.00"
2019-09-25,2019092501002703,RHPL,8,21,30,157.00,"4,710.00"
2019-09-25,2019092501002700,RHPL,8,34,50,157.00,"7,850.00"
2019-09-25,2019092501002698,RHPL,8,20,40,157.00,"6,280.00"
2019-09-25,2019092501002831,RHPL,57,55,40,157.00,"6,280.00"
2019-09-25,2019092501002771,RHPL,57,34,50,157.00,"7,850.00"
2019-09-25,2019092501002753,RHPL,5,21,40,157.00,"6,280.00"
2019-09-25,2019092501002750,RHPL,5,28,20,157.00,"3,140.00"
2019-09-25,2019092501002736,RHPL,5,34,40,157.00,"6,280.00"
2019-09-25,2019092501002730,RHPL,8,22,40,157.00,"6,280.00"
2019-09-25,2019092501002894,RHPL,57,34,30,157.00,"4,710.00"
2019-09-25,2019092501002887,RHPL,57,36,50,157.00,"7,850.00"
2019-09-25,2019092501002886,RHPL,57,44,170,157.00,"26,690.00"
2019-09-25,2019092501002860,RHPL,57,44,"1,830",157.00,"287,310.00"
2019-09-25,2019092501002852,RHPL,57,34,30,157.00,"4,710.00"
2019-09-25,2019092501002848,RHPL,57,55,50,157.00,"7,850.00"
2019-09-25,2019092501002963,RHPL,57,8,40,157.00,"6,280.00"
2019-09-25,2019092501002950,RHPL,57,8,40,157.00,"6,280.00"
2019-09-25,2019092501002940,RHPL,57,21,30,157.00,"4,710.00"
2019-09-25,2019092501002939,RHPL,57,34,40,157.00,"6,280.00"
2019-09-25,2019092501002921,RHPL,57,36,40,157.00,"6,280.00"
2019-09-25,2019092501002899,RHPL,57,36,40,157.00,"6,280.00"
2019-09-25,2019092501003003,RHPL,29,34,10,158.00,"1,580.00"
2019-09-25,2019092501002995,RHPL,26,47,40,157.00,"6,280.00"
2019-09-25,2019092501002969,RHPL,26,34,30,157.00,"4,710.00"
2019-09-25,2019092501002966,RHPL,26,8,40,157.00,"6,280.00"
2019-09-25,2019092501002965,RHPL,26,47,20,157.00,"3,140.00"
2019-09-25,2019092501002964,RHPL,57,47,20,157.00,"3,140.00"
2019-09-25,2019092501003004,RMDC,28,10,50,605.00,"30,250.00"
2019-09-25,2019092501003028,RRHP,47,48,10,102.00,"1,020.00"
2019-09-25,2019092501002898,RRHP,47,21,10,102.00,"1,020.00"
2019-09-25,2019092501002877,RRHP,47,36,10,102.00,"1,020.00"
2019-09-25,2019092501002729,RSDC,41,42,90,321.00,"28,890.00"
2019-09-25,2019092501002728,RSDC,7,42,150,322.00,"48,300.00"
2019-09-25,2019092501002727,RSDC,41,42,50,322.00,"16,100.00"
2019-09-25,2019092501002726,RSDC,6,42,100,323.00,"32,300.00"
2019-09-25,2019092501002725,RSDC,44,42,110,323.00,"35,530.00"
2019-09-25,2019092501003102,SABSL,59,40,10,449.00,"4,490.00"
2019-09-25,2019092501002906,SABSL,59,36,10,449.00,"4,490.00"
2019-09-25,2019092501002823,SABSL,59,40,10,450.00,"4,500.00"
2019-09-25,2019092501002772,SABSL,59,40,10,450.00,"4,500.00"
2019-09-25,2019092501002654,SABSL,14,14,10,453.00,"4,530.00"
2019-09-25,2019092501003101,SANIMA,25,50,500,346.00,"173,000.00"
2019-09-25,2019092501003100,SANIMA,6,50,100,346.00,"34,600.00"
2019-09-25,2019092501003099,SANIMA,34,50,100,346.00,"34,600.00"
2019-09-25,2019092501003098,SANIMA,16,50,50,346.00,"17,300.00"
2019-09-25,2019092501003097,SANIMA,25,50,20,346.00,"6,920.00"
2019-09-25,2019092501003096,SANIMA,45,50,188,346.00,"65,048.00"
2019-09-25,2019092501002670,SANIMA,41,50,100,347.00,"34,700.00"
2019-09-25,2019092501002635,SANIMA,45,53,21,346.00,"7,266.00"
2019-09-25,2019092501002958,SBL,34,45,165,327.00,"53,955.00"
2019-09-25,2019092501002957,SBL,7,45,100,327.00,"32,700.00"
2019-09-25,2019092501002956,SBL,28,45,100,327.00,"32,700.00"
2019-09-25,2019092501002955,SBL,11,45,107,327.00,"34,989.00"
2019-09-25,2019092501002954,SBL,3,45,100,327.00,"32,700.00"
2019-09-25,2019092501002953,SBL,29,45,400,327.00,"130,800.00"
2019-09-25,2019092501002952,SBL,38,45,500,327.00,"163,500.00"
2019-09-25,2019092501002951,SBL,38,45,78,327.00,"25,506.00"
2019-09-25,2019092501002827,SBL,43,57,80,328.00,"26,240.00"
2019-09-25,2019092501002676,SBL,41,57,100,328.00,"32,800.00"
2019-09-25,2019092501002768,SCB,54,45,11,558.00,"6,138.00"
2019-09-25,2019092501002661,SCB,48,45,45,557.00,"25,065.00"
2019-09-25,2019092501002660,SCB,53,45,100,557.00,"55,700.00"
2019-09-25,2019092501002659,SCB,13,45,100,557.00,"55,700.00"
2019-09-25,2019092501002658,SCB,42,45,50,558.00,"27,900.00"
2019-09-25,2019092501003095,SHIVM,43,1,200,543.00,"108,600.00"
2019-09-25,2019092501002881,SHIVM,45,7,50,544.00,"27,200.00"
2019-09-25,2019092501003090,SHPC,33,28,885,185.00,"163,725.00"
2019-09-25,2019092501003089,SHPC,8,28,100,185.00,"18,500.00"
2019-09-25,2019092501003088,SHPC,59,28,950,185.00,"175,750.00"
2019-09-25,2019092501003087,SHPC,42,28,200,185.00,"37,000.00"
2019-09-25,2019092501003086,SHPC,44,28,80,185.00,"14,800.00"
2019-09-25,2019092501003085,SHPC,1,28,235,186.00,"43,710.00"
2019-09-25,2019092501003084,SHPC,11,28,50,187.00,"9,350.00"
2019-09-25,2019092501003106,SJCL,41,40,20,164.00,"3,280.00"
2019-09-25,2019092501003046,SJCL,41,21,20,164.00,"3,280.00"
2019-09-25,2019092501003010,SJCL,41,34,20,164.00,"3,280.00"
2019-09-25,2019092501003001,SJCL,41,47,20,164.00,"3,280.00"
2019-09-25,2019092501002992,SJCL,29,33,20,166.00,"3,320.00"
2019-09-25,2019092501002647,SJCL,17,17,10,165.00,"1,650.00"
2019-09-25,2019092501002640,SJCL,45,56,20,166.00,"3,320.00"
2019-09-25,2019092501002637,SJCL,17,17,10,165.00,"1,650.00"
2019-09-25,2019092501002743,SJCL,41,34,20,164.00,"3,280.00"
2019-09-25,2019092501002740,SJCL,41,28,20,164.00,"3,280.00"
2019-09-25,2019092501002735,SJCL,41,22,20,164.00,"3,280.00"
2019-09-25,2019092501002722,SJCL,41,20,20,164.00,"3,280.00"
2019-09-25,2019092501002674,SJCL,17,17,20,165.00,"3,300.00"
2019-09-25,2019092501002663,SJCL,17,17,20,165.00,"3,300.00"
2019-09-25,2019092501002841,SJCL,41,34,20,164.00,"3,280.00"
2019-09-25,2019092501002840,SJCL,41,21,20,164.00,"3,280.00"
2019-09-25,2019092501002819,SJCL,41,34,20,164.00,"3,280.00"
2019-09-25,2019092501002769,SJCL,41,21,20,164.00,"3,280.00"
2019-09-25,2019092501002751,SJCL,41,34,20,164.00,"3,280.00"
2019-09-25,2019092501002915,SJCL,41,36,20,164.00,"3,280.00"
2019-09-25,2019092501002900,SJCL,41,21,20,164.00,"3,280.00"
2019-09-25,2019092501002895,SJCL,41,34,20,164.00,"3,280.00"
2019-09-25,2019092501002879,SJCL,41,36,20,164.00,"3,280.00"
2019-09-25,2019092501002850,SJCL,39,33,100,166.00,"16,600.00"
2019-09-25,2019092501002989,SJCL,41,34,20,164.00,"3,280.00"
2019-09-25,2019092501002970,SJCL,41,47,20,164.00,"3,280.00"
2019-09-25,2019092501002962,SJCL,41,34,10,164.00,"1,640.00"
2019-09-25,2019092501002959,SJCL,41,21,20,164.00,"3,280.00"
2019-09-25,2019092501002931,SJCL,41,36,20,164.00,"3,280.00"
2019-09-25,2019092501002930,SKBBL,6,48,28,896.00,"25,088.00"
2019-09-25,2019092501002854,SLBBL,48,58,15,531.00,"7,965.00"
2019-09-25,2019092501003051,SLBSL,19,40,10,665.00,"6,650.00"
2019-09-25,2019092501003005,SLBSL,37,40,10,665.00,"6,650.00"
2019-09-25,2019092501003043,SLICL,6,35,78,265.00,"20,670.00"
2019-09-25,2019092501002702,SMATA,48,41,263,520.00,"136,760.00"
2019-09-25,2019092501002996,SMB,21,34,30,426.00,"12,780.00"
2019-09-25,2019092501003117,SMFBS,48,51,20,790.00,"15,800.00"
2019-09-25,2019092501003116,SMFBS,48,36,10,788.00,"7,880.00"
2019-09-25,2019092501002723,SMFBS,14,14,10,785.00,"7,850.00"
2019-09-25,2019092501002673,SMFBS,14,14,10,785.00,"7,850.00"
2019-09-25,2019092501003094,SPDL,45,36,400,67.00,"26,800.00"
2019-09-25,2019092501003083,SPDL,38,36,100,68.00,"6,800.00"
2019-09-25,2019092501003072,SRBL,48,13,80,232.00,"18,560.00"
2019-09-25,2019092501003045,SRBL,44,13,120,232.00,"27,840.00"
2019-09-25,2019092501002909,SRBL,44,18,"2,880",232.00,"668,160.00"
2019-09-25,2019092501002908,SRBL,17,18,100,232.00,"23,200.00"
2019-09-25,2019092501002907,SRBL,6,18,20,232.00,"4,640.00"
2019-09-25,2019092501002832,SRBL,43,4,80,233.00,"18,640.00"
2019-09-25,2019092501002745,SRBL,44,4,50,233.00,"11,650.00"
2019-09-25,2019092501002891,TMDBL,51,32,500,150.00,"75,000.00"
2019-09-25,2019092501002656,TMDBL,59,57,806,150.00,"120,900.00"
2019-09-25,2019092501002648,TMDBL,59,57,300,150.00,"45,000.00"
2019-09-25,2019092501002918,UFL,40,48,19,176.00,"3,344.00"
2019-09-25,2019092501002893,UIC,43,32,100,260.00,"26,000.00"
2019-09-25,2019092501003110,UPPER,34,57,"1,000",233.00,"233,000.00"
2019-09-25,2019092501003109,UPPER,34,21,50,233.00,"11,650.00"
2019-09-25,2019092501003035,UPPER,49,40,40,232.00,"9,280.00"
2019-09-25,2019092501003032,UPPER,49,1,130,232.00,"30,160.00"
2019-09-25,2019092501003031,UPPER,50,1,870,232.00,"201,840.00"
2019-09-25,2019092501002710,UPPER,50,42,40,232.00,"9,280.00"
2019-09-25,2019092501002701,UPPER,53,51,200,232.00,"46,400.00"
2019-09-25,2019092501002671,UPPER,53,42,50,232.00,"11,600.00"
2019-09-25,2019092501002657,UPPER,53,22,235,233.00,"54,755.00"
2019-09-25,2019092501002638,UPPER,53,42,50,232.00,"11,600.00"
2019-09-25,2019092501002762,UPPER,17,17,40,233.00,"9,320.00"
2019-09-25,2019092501002749,UPPER,50,40,40,232.00,"9,280.00"
2019-09-25,2019092501002742,UPPER,17,17,50,233.00,"11,650.00"
2019-09-25,2019092501002724,UPPER,50,28,50,232.00,"11,600.00"
2019-09-25,2019092501002718,UPPER,17,17,40,233.00,"9,320.00"
2019-09-25,2019092501002445,ADBL,6,36,54,411.00,"22,194.00"
2019-09-25,2019092501002386,ADBL,6,45,250,411.00,"102,750.00"
2019-09-25,2019092501002367,ADBL,6,41,100,411.00,"41,100.00"
2019-09-25,2019092501002213,ADBL,36,6,20,412.00,"8,240.00"
2019-09-25,2019092501002140,ADBL,6,48,600,411.00,"246,600.00"
2019-09-25,2019092501002211,AHPC,1,19,399,97.00,"38,703.00"
2019-09-25,2019092501002587,AKBSL,41,40,10,412.00,"4,120.00"
2019-09-25,2019092501002418,AKBSL,41,40,10,412.00,"4,120.00"
2019-09-25,2019092501002356,AKBSL,41,22,10,412.00,"4,120.00"
2019-09-25,2019092501002314,AKBSL,41,40,10,412.00,"4,120.00"
2019-09-25,2019092501002282,AKBSL,41,40,10,412.00,"4,120.00"
2019-09-25,2019092501002264,AKBSL,14,14,10,415.00,"4,150.00"
2019-09-25,2019092501002220,AKBSL,14,14,10,415.00,"4,150.00"
2019-09-25,2019092501002191,AKBSL,41,22,10,412.00,"4,120.00"
2019-09-25,2019092501002170,AKBSL,41,22,10,412.00,"4,120.00"
2019-09-25,2019092501002593,AKJCL,1,40,20,56.00,"1,120.00"
2019-09-25,2019092501002496,AKJCL,1,40,20,56.00,"1,120.00"
2019-09-25,2019092501002610,AKPL,42,54,190,130.00,"24,700.00"
2019-09-25,2019092501002586,ALBSL,55,21,10,416.00,"4,160.00"
2019-09-25,2019092501002602,ALICL,44,25,250,313.00,"78,250.00"
2019-09-25,2019092501002599,ALICL,44,38,250,313.00,"78,250.00"
2019-09-25,2019092501002598,ALICL,58,38,50,313.00,"15,650.00"
2019-09-25,2019092501002529,ALICL,56,42,65,314.00,"20,410.00"
2019-09-25,2019092501002409,ALICL,56,35,10,314.00,"3,140.00"
2019-09-25,2019092501002165,ALICL,56,43,24,314.00,"7,536.00"
2019-09-25,2019092501002164,ALICL,40,43,82,314.00,"25,748.00"
2019-09-25,2019092501002441,BFC,18,53,900,88.00,"79,200.00"
2019-09-25,2019092501002440,BFC,22,53,100,88.00,"8,800.00"
2019-09-25,2019092501002492,BOKL,16,18,670,252.00,"168,840.00"
2019-09-25,2019092501002476,BOKL,33,18,200,252.00,"50,400.00"
2019-09-25,2019092501002467,BOKL,13,13,30,251.00,"7,530.00"
2019-09-25,2019092501002466,BOKL,56,13,100,251.00,"25,100.00"
2019-09-25,2019092501002465,BOKL,26,13,70,251.00,"17,570.00"
2019-09-25,2019092501002405,BOKL,26,59,20,251.00,"5,020.00"
2019-09-25,2019092501002368,BOKL,26,42,10,251.00,"2,510.00"
2019-09-25,2019092501002349,BOKL,59,18,30,252.00,"7,560.00"
2019-09-25,2019092501002348,BOKL,6,18,100,252.00,"25,200.00"
2019-09-25,2019092501002239,BOKL,41,51,100,253.00,"25,300.00"
2019-09-25,2019092501002408,BPCL,55,34,417,355.00,"148,035.00"
2019-09-25,2019092501002323,BPCL,49,49,35,354.00,"12,390.00"
2019-09-25,2019092501002302,BPCL,49,34,100,354.00,"35,400.00"
2019-09-25,2019092501002142,BPCL,49,40,11,353.00,"3,883.00"
2019-09-25,2019092501002535,CBL,44,43,"2,595",142.00,"368,490.00"
2019-09-25,2019092501002482,CBL,44,38,205,142.00,"29,110.00"
2019-09-25,2019092501002481,CBL,44,14,100,142.00,"14,200.00"
2019-09-25,2019092501002480,CBL,44,14,100,142.00,"14,200.00"
2019-09-25,2019092501002375,CBL,59,41,220,141.00,"31,020.00"
2019-09-25,2019092501002295,CBL,59,20,22,141.00,"3,102.00"
2019-09-25,2019092501002294,CBL,59,20,400,141.00,"56,400.00"
2019-09-25,2019092501002293,CBL,19,20,513,141.00,"72,333.00"
2019-09-25,2019092501002594,CCBL,22,21,29,153.00,"4,437.00"
2019-09-25,2019092501002513,CCBL,22,25,198,153.00,"30,294.00"
2019-09-25,2019092501002512,CCBL,26,25,200,153.00,"30,600.00"
2019-09-25,2019092501002511,CCBL,48,25,50,153.00,"7,650.00"
2019-09-25,2019092501002510,CCBL,39,25,"1,000",153.00,"153,000.00"
2019-09-25,2019092501002509,CCBL,57,25,500,153.00,"76,500.00"
2019-09-25,2019092501002305,CCBL,44,22,100,154.00,"15,400.00"
2019-09-25,2019092501002155,CCBL,44,13,"2,340",154.00,"360,360.00"
2019-09-25,2019092501002508,CCBL,34,25,"2,000",153.00,"306,000.00"
2019-09-25,2019092501002507,CCBL,57,25,"1,552",153.00,"237,456.00"
2019-09-25,2019092501002497,CCBL,58,11,100,154.00,"15,400.00"
2019-09-25,2019092501002494,CCBL,17,11,314,154.00,"48,356.00"
2019-09-25,2019092501002493,CCBL,17,18,186,154.00,"28,644.00"
2019-09-25,2019092501002392,CCBL,44,18,814,154.00,"125,356.00"
2019-09-25,2019092501002592,CIT,22,38,22,"1,777.00","39,094.00"
2019-09-25,2019092501002298,CLBSL,22,19,10,485.00,"4,850.00"
2019-09-25,2019092501002438,CZBIL,1,11,458,192.00,"87,936.00"
2019-09-25,2019092501002437,CZBIL,44,11,842,192.00,"161,664.00"
2019-09-25,2019092501002501,DBBL,26,33,350,127.00,"44,450.00"
2019-09-25,2019092501002167,DBBL,26,33,150,128.00,"19,200.00"
2019-09-25,2019092501002166,DBBL,26,45,100,128.00,"12,800.00"
2019-09-25,2019092501002318,DDBL,49,53,55,713.00,"39,215.00"
2019-09-25,2019092501002608,EBL,18,59,246,558.00,"137,268.00"
2019-09-25,2019092501002541,EBL,45,44,40,557.00,"22,280.00"
2019-09-25,2019092501002540,EBL,19,44,20,557.00,"11,140.00"
2019-09-25,2019092501002539,EBL,38,44,20,557.00,"11,140.00"
2019-09-25,2019092501002346,EIC,56,16,50,243.00,"12,150.00"
2019-09-25,2019092501002345,EIC,36,16,100,243.00,"24,300.00"
2019-09-25,2019092501002344,EIC,28,16,50,244.00,"12,200.00"
2019-09-25,2019092501002522,FMDBL,58,34,150,375.00,"56,250.00"
2019-09-25,2019092501002521,FMDBL,58,53,66,375.00,"24,750.00"
2019-09-25,2019092501002194,FMDBL,6,41,50,375.00,"18,750.00"
2019-09-25,2019092501002141,GBBL,49,49,"5,000",206.00,"1,030,000.00"
2019-09-25,2019092501002136,GBBL,29,58,20,208.00,"4,160.00"
2019-09-25,2019092501002591,GDBL,14,37,190,200.00,"38,000.00"
2019-09-25,2019092501002590,GDBL,48,37,100,200.00,"20,000.00"
2019-09-25,2019092501002589,GDBL,59,37,710,200.00,"142,000.00"
2019-09-25,2019092501002575,GDBL,59,34,290,200.00,"58,000.00"
2019-09-25,2019092501002574,GDBL,19,34,200,200.00,"40,000.00"
2019-09-25,2019092501002573,GDBL,44,34,510,200.00,"102,000.00"
2019-09-25,2019092501002186,GDBL,49,21,534,200.00,"106,800.00"
2019-09-25,2019092501002243,GDBL,45,45,510,200.00,"102,000.00"
2019-09-25,2019092501002189,GDBL,45,21,490,200.00,"98,000.00"
2019-09-25,2019092501002188,GDBL,45,21,250,200.00,"50,000.00"
2019-09-25,2019092501002187,GDBL,59,21,500,200.00,"100,000.00"
2019-09-25,2019092501002244,GDBL,44,45,490,200.00,"98,000.00"
2019-09-25,2019092501002253,GFCL,5,45,200,131.00,"26,200.00"
2019-09-25,2019092501002252,GFCL,59,45,300,131.00,"39,300.00"
2019-09-25,2019092501002171,GHL,57,57,30,65.00,"1,950.00"
2019-09-25,2019092501002581,GLBSL,48,42,10,425.00,"4,250.00"
2019-09-25,2019092501002475,GLBSL,48,40,10,425.00,"4,250.00"
2019-09-25,2019092501002393,GLBSL,32,45,50,426.00,"21,300.00"
2019-09-25,2019092501002366,GLBSL,32,45,10,426.00,"4,260.00"
2019-09-25,2019092501002354,GLBSL,50,45,30,426.00,"12,780.00"
2019-09-25,2019092501002350,GLBSL,32,59,10,427.00,"4,270.00"
2019-09-25,2019092501002335,GLBSL,32,59,10,427.00,"4,270.00"
2019-09-25,2019092501002254,GLBSL,32,21,10,427.00,"4,270.00"
2019-09-25,2019092501002216,GLBSL,50,38,20,426.00,"8,520.00"
2019-09-25,2019092501002532,GLICL,18,47,62,352.00,"21,824.00"
2019-09-25,2019092501002531,GLICL,42,47,13,352.00,"4,576.00"
2019-09-25,2019092501002530,GLICL,22,47,25,352.00,"8,800.00"
2019-09-25,2019092501002605,GMFBS,43,40,10,463.00,"4,630.00"
2019-09-25,2019092501002296,GMFBS,10,34,10,462.00,"4,620.00"
2019-09-25,2019092501002261,GMFIL,35,45,50,116.00,"5,800.00"
2019-09-25,2019092501002260,GMFIL,56,45,310,116.00,"35,960.00"
2019-09-25,2019092501002388,HIDCL,1,20,68,131.00,"8,908.00"
2019-09-25,2019092501002219,HIDCL,1,57,61,131.00,"7,991.00"
2019-09-25,2019092501002212,HIDCL,57,38,61,132.00,"8,052.00"
2019-09-25,2019092501002162,HIDCL,22,38,200,132.00,"26,400.00"
2019-09-25,2019092501002614,HPPL,22,21,20,130.00,"2,600.00"
2019-09-25,2019092501002473,HPPL,22,29,10,130.00,"1,300.00"
2019-09-25,2019092501002169,HPPL,22,46,10,130.00,"1,300.00"
2019-09-25,2019092501002470,HURJA,7,41,20,104.00,"2,080.00"
2019-09-25,2019092501002308,HURJA,14,14,20,105.00,"2,100.00"
2019-09-25,2019092501002237,HURJA,14,14,20,105.00,"2,100.00"
2019-09-25,2019092501002193,HURJA,14,14,20,105.00,"2,100.00"
2019-09-25,2019092501002617,ILBS,11,21,10,423.00,"4,230.00"
2019-09-25,2019092501002283,ILBS,11,21,10,423.00,"4,230.00"
2019-09-25,2019092501002249,ILBS,57,57,10,424.00,"4,240.00"
2019-09-25,2019092501002454,JBBL,49,51,31,155.00,"4,805.00"
2019-09-25,2019092501002446,JBBL,49,51,93,155.00,"14,415.00"
2019-09-25,2019092501002284,JOSHI,57,57,20,58.00,"1,160.00"
2019-09-25,2019092501002287,KADBL,22,17,50,174.00,"8,700.00"
2019-09-25,2019092501002597,KBL,29,43,18,177.00,"3,186.00"
2019-09-25,2019092501002506,KBL,29,6,32,177.00,"5,664.00"
