Date,Transact. No.,Symbol,Buyer,Seller,Quantity,Rate,Amount
2019-04-15,2019041501005243,ADBL,4,13,"1,000",318.00,"318,000.00"
2019-04-15,2019041501005242,ADBL,4,38,450,317.00,"142,650.00"
2019-04-15,2019041501005020,ADBL,19,19,100,318.00,"31,800.00"
2019-04-15,2019041501005019,ADBL,19,45,104,317.00,"32,968.00"
2019-04-15,2019041501004946,ADBL,7,42,50,316.00,"15,800.00"
2019-04-15,2019041501004923,ADBL,7,49,663,316.00,"209,508.00"
2019-04-15,2019041501005027,AKPL,52,45,10,165.00,"1,650.00"
2019-04-15,2019041501005296,ALBSL,59,46,10,466.00,"4,660.00"
2019-04-15,2019041501005229,ALBSL,43,28,10,467.00,"4,670.00"
2019-04-15,2019041501005198,ALBSL,43,28,10,467.00,"4,670.00"
2019-04-15,2019041501005166,ALBSL,59,46,10,466.00,"4,660.00"
2019-04-15,2019041501005047,ALBSL,59,57,10,466.00,"4,660.00"
2019-04-15,2019041501004924,ALBSL,59,58,10,466.00,"4,660.00"
2019-04-15,2019041501005111,ALICL,21,33,30,404.00,"12,120.00"
2019-04-15,2019041501004980,ALICL,21,52,594,405.00,"240,570.00"
2019-04-15,2019041501004979,ALICL,21,33,102,405.00,"41,310.00"
2019-04-15,2019041501004978,ALICL,21,33,103,405.00,"41,715.00"
2019-04-15,2019041501005245,API,41,41,250,132.00,"33,000.00"
2019-04-15,2019041501005164,API,25,41,50,133.00,"6,650.00"
2019-04-15,2019041501005140,API,41,25,250,132.00,"33,000.00"
2019-04-15,2019041501005139,API,4,25,500,132.00,"66,000.00"
2019-04-15,2019041501005107,API,42,10,150,132.00,"19,800.00"
2019-04-15,2019041501005397,BOKL,57,19,357,263.00,"93,891.00"
2019-04-15,2019041501005356,BOKL,57,49,143,263.00,"37,609.00"
2019-04-15,2019041501005355,BOKL,48,49,57,263.00,"14,991.00"
2019-04-15,2019041501005303,BOKL,48,13,68,263.00,"17,884.00"
2019-04-15,2019041501005302,BOKL,17,13,50,263.00,"13,150.00"
2019-04-15,2019041501005287,BOKL,1,11,258,264.00,"68,112.00"
2019-04-15,2019041501004933,BOKL,57,52,39,263.00,"10,257.00"
2019-04-15,2019041501005138,BOKL,11,34,90,265.00,"23,850.00"
2019-04-15,2019041501005137,BOKL,11,50,260,264.00,"68,640.00"
2019-04-15,2019041501005136,BOKL,11,25,500,264.00,"132,000.00"
2019-04-15,2019041501005135,BOKL,11,35,100,264.00,"26,400.00"
2019-04-15,2019041501005134,BOKL,11,16,50,264.00,"13,200.00"
2019-04-15,2019041501004934,BOKL,57,39,100,263.00,"26,300.00"
2019-04-15,2019041501005208,BPCL,3,22,11,359.00,"3,949.00"
2019-04-15,2019041501005204,BPCL,1,56,22,357.00,"7,854.00"
2019-04-15,2019041501005203,BPCL,49,56,55,357.00,"19,635.00"
2019-04-15,2019041501005390,CBBL,1,46,50,930.00,"46,500.00"
2019-04-15,2019041501005159,CBBL,39,49,10,935.00,"9,350.00"
2019-04-15,2019041501005085,CBBL,22,57,50,938.00,"46,900.00"
2019-04-15,2019041501004972,CBBL,39,33,40,935.00,"37,400.00"
2019-04-15,2019041501004971,CBBL,39,33,50,935.00,"46,750.00"
2019-04-15,2019041501004970,CBBL,39,33,50,935.00,"46,750.00"
2019-04-15,2019041501004969,CBBL,39,33,50,935.00,"46,750.00"
2019-04-15,2019041501004968,CBBL,45,33,10,937.00,"9,370.00"
2019-04-15,2019041501005403,CBL,43,48,500,163.00,"81,500.00"
2019-04-15,2019041501005402,CBL,51,48,"1,000",163.00,"163,000.00"
2019-04-15,2019041501005401,CBL,55,48,300,163.00,"48,900.00"
2019-04-15,2019041501005035,CBL,51,13,"1,000",163.00,"163,000.00"
2019-04-15,2019041501005266,CCBL,48,14,500,165.00,"82,500.00"
2019-04-15,2019041501004925,CCBL,22,6,140,165.00,"23,100.00"
2019-04-15,2019041501005123,CHCL,10,21,215,505.00,"108,575.00"
2019-04-15,2019041501005033,CHCL,1,17,13,501.00,"6,513.00"
2019-04-15,2019041501005032,CHCL,5,17,50,502.00,"25,100.00"
2019-04-15,2019041501005031,CHCL,44,17,48,502.00,"24,096.00"
2019-04-15,2019041501005030,CHCL,16,17,50,504.00,"25,200.00"
2019-04-15,2019041501004953,CHCL,16,7,50,504.00,"25,200.00"
2019-04-15,2019041501005293,CHLBS,47,56,10,478.00,"4,780.00"
2019-04-15,2019041501005277,CHLBS,47,56,10,478.00,"4,780.00"
2019-04-15,2019041501005061,CHLBS,47,46,10,478.00,"4,780.00"
2019-04-15,2019041501004955,CHLBS,47,58,10,478.00,"4,780.00"
2019-04-15,2019041501004930,CHLBS,47,58,10,478.00,"4,780.00"
2019-04-15,2019041501005383,CIT,17,17,100,"2,536.00","253,600.00"
2019-04-15,2019041501005382,CIT,17,28,12,"2,535.00","30,420.00"
2019-04-15,2019041501005360,CIT,16,1,12,"2,527.00","30,324.00"
2019-04-15,2019041501005359,CIT,41,1,100,"2,529.00","252,900.00"
2019-04-15,2019041501005352,CIT,54,28,50,"2,530.00","126,500.00"
2019-04-15,2019041501005351,CIT,57,28,30,"2,530.00","75,900.00"
2019-04-15,2019041501005344,CIT,25,28,20,"2,533.00","50,660.00"
2019-04-15,2019041501005343,CIT,48,28,10,"2,535.00","25,350.00"
2019-04-15,2019041501005350,CIT,34,28,30,"2,530.00","75,900.00"
2019-04-15,2019041501005349,CIT,16,28,50,"2,531.00","126,550.00"
2019-04-15,2019041501005348,CIT,26,28,10,"2,531.00","25,310.00"
2019-04-15,2019041501005347,CIT,7,28,10,"2,532.00","25,320.00"
2019-04-15,2019041501005346,CIT,11,28,10,"2,532.00","25,320.00"
2019-04-15,2019041501005345,CIT,41,28,30,"2,532.00","75,960.00"
2019-04-15,2019041501005387,CMF1,47,4,400,9.00,"3,600.00"
2019-04-15,2019041501005283,CMF1,57,4,100,9.00,900.00
2019-04-15,2019041501005238,CZBIL,43,17,500,223.00,"111,500.00"
2019-04-15,2019041501005213,CZBIL,32,25,500,224.00,"112,000.00"
2019-04-15,2019041501005212,CZBIL,32,41,100,224.00,"22,400.00"
2019-04-15,2019041501005211,CZBIL,32,14,59,224.00,"13,216.00"
2019-04-15,2019041501005210,CZBIL,32,41,200,224.00,"44,800.00"
2019-04-15,2019041501004960,CZBIL,16,42,100,222.00,"22,200.00"
2019-04-15,2019041501004996,CZBILP,38,43,"8,699",159.00,"1,383,141.00"
2019-04-15,2019041501004961,CZBILP,38,43,"8,699",159.00,"1,383,141.00"
2019-04-15,2019041501004932,CZBILP,38,43,"8,699",159.00,"1,383,141.00"
2019-04-15,2019041501005263,DBBL,26,52,500,128.00,"64,000.00"
2019-04-15,2019041501004907,DBBL,26,32,300,128.00,"38,400.00"
2019-04-15,2019041501005388,DDBL,25,52,100,630.00,"63,000.00"
2019-04-15,2019041501005337,DDBL,33,43,200,628.00,"125,600.00"
2019-04-15,2019041501005336,DDBL,33,19,100,628.00,"62,800.00"
2019-04-15,2019041501005335,DDBL,33,32,100,628.00,"62,800.00"
2019-04-15,2019041501005334,DDBL,33,34,500,627.00,"313,500.00"
2019-04-15,2019041501005333,DDBL,33,16,200,627.00,"125,400.00"
2019-04-15,2019041501004974,DDBL,42,14,30,621.00,"18,630.00"
2019-04-15,2019041501004973,DDBL,42,42,10,621.00,"6,210.00"
2019-04-15,2019041501004966,DDBL,50,25,100,625.00,"62,500.00"
2019-04-15,2019041501004965,DDBL,50,25,30,625.00,"18,750.00"
2019-04-15,2019041501005332,DDBL,33,19,100,627.00,"62,700.00"
2019-04-15,2019041501005331,DDBL,33,47,100,626.00,"62,600.00"
2019-04-15,2019041501005330,DDBL,33,39,91,626.00,"56,966.00"
2019-04-15,2019041501005324,DDBL,26,39,10,626.00,"6,260.00"
2019-04-15,2019041501005236,DDBL,26,49,100,625.00,"62,500.00"
2019-04-15,2019041501005173,DDBL,53,44,85,621.00,"52,785.00"
2019-04-15,2019041501005404,EBL,13,43,190,603.00,"114,570.00"
2019-04-15,2019041501005307,EBL,36,43,100,603.00,"60,300.00"
2019-04-15,2019041501005197,EBL,43,16,15,600.00,"9,000.00"
2019-04-15,2019041501005179,EBL,43,48,22,600.00,"13,200.00"
2019-04-15,2019041501005178,EBL,28,48,300,600.00,"180,000.00"
2019-04-15,2019041501005177,EBL,43,48,60,601.00,"36,060.00"
2019-04-15,2019041501005176,EBL,35,48,50,602.00,"30,100.00"
2019-04-15,2019041501005175,EBL,34,48,68,602.00,"40,936.00"
2019-04-15,2019041501005385,EIC,46,17,17,"1,025.00","17,425.00"
2019-04-15,2019041501005341,EIC,58,17,10,"1,026.00","10,260.00"
2019-04-15,2019041501005256,EIC,42,7,50,"1,028.00","51,400.00"
2019-04-15,2019041501005255,EIC,42,35,50,"1,028.00","51,400.00"
2019-04-15,2019041501005128,EIC,6,35,10,"1,028.00","10,280.00"
2019-04-15,2019041501005126,EIC,57,5,87,"1,022.00","88,914.00"
2019-04-15,2019041501005125,EIC,42,5,50,"1,025.00","51,250.00"
2019-04-15,2019041501005124,EIC,42,5,28,"1,025.00","28,700.00"
2019-04-15,2019041501005060,EIC,57,7,200,"1,027.00","205,400.00"
2019-04-15,2019041501004987,EIC,42,52,22,"1,025.00","22,550.00"
2019-04-15,2019041501005241,FMDBL,21,25,100,390.00,"39,000.00"
2019-04-15,2019041501005072,FMDBL,17,47,100,393.00,"39,300.00"
2019-04-15,2019041501005071,FMDBL,17,38,130,390.00,"50,700.00"
2019-04-15,2019041501005338,FOWAD,38,56,40,"1,530.00","61,200.00"
2019-04-15,2019041501005301,GBBL,45,39,186,198.00,"36,828.00"
2019-04-15,2019041501005297,GBBL,45,13,145,198.00,"28,710.00"
2019-04-15,2019041501005050,GBIME,38,17,279,271.00,"75,609.00"
2019-04-15,2019041501005049,GBIME,43,17,121,271.00,"32,791.00"
2019-04-15,2019041501004992,GBIME,39,49,300,272.00,"81,600.00"
2019-04-15,2019041501005396,GBLBS,52,52,200,346.00,"69,200.00"
2019-04-15,2019041501005395,GBLBS,52,16,90,346.00,"31,140.00"
2019-04-15,2019041501005379,GBLBS,52,42,200,345.00,"69,000.00"
2019-04-15,2019041501005216,GILB,50,49,10,"1,052.00","10,520.00"
2019-04-15,2019041501005374,HBL,11,44,30,495.00,"14,850.00"
2019-04-15,2019041501005373,HBL,11,3,100,494.00,"49,400.00"
2019-04-15,2019041501005290,HBL,11,17,500,493.00,"246,500.00"
2019-04-15,2019041501005226,HBL,11,17,200,492.00,"98,400.00"
2019-04-15,2019041501004995,HBL,11,14,46,492.00,"22,632.00"
2019-04-15,2019041501005309,HPPL,39,22,10,181.00,"1,810.00"
2019-04-15,2019041501005308,HPPL,39,48,10,180.00,"1,800.00"
2019-04-15,2019041501005067,HPPL,28,45,10,178.00,"1,780.00"
2019-04-15,2019041501005367,JBNL,49,38,10,185.00,"1,850.00"
2019-04-15,2019041501005007,JBNL,4,50,200,184.00,"36,800.00"
2019-04-15,2019041501005006,JBNL,4,50,600,184.00,"110,400.00"
2019-04-15,2019041501005005,JBNL,4,34,"1,500",184.00,"276,000.00"
2019-04-15,2019041501005004,JBNL,4,48,50,184.00,"9,200.00"
2019-04-15,2019041501005339,JSLBB,19,58,100,"2,130.00","213,000.00"
2019-04-15,2019041501005153,JSLBB,19,16,17,"2,125.00","36,125.00"
2019-04-15,2019041501005394,KBL,57,41,49,262.00,"12,838.00"
2019-04-15,2019041501005393,KBL,4,41,231,262.00,"60,522.00"
2019-04-15,2019041501005291,KBL,42,57,10,263.00,"2,630.00"
2019-04-15,2019041501005289,KBL,38,57,300,263.00,"78,900.00"
2019-04-15,2019041501005288,KBL,38,43,200,263.00,"52,600.00"
2019-04-15,2019041501005275,KBL,4,34,"1,639",262.00,"429,418.00"
2019-04-15,2019041501004963,KBL,17,22,200,262.00,"52,400.00"
2019-04-15,2019041501004962,KBL,33,22,218,262.00,"57,116.00"
2019-04-15,2019041501005162,KBL,29,19,361,261.00,"94,221.00"
2019-04-15,2019041501005161,KBL,29,19,39,261.00,"10,179.00"
2019-04-15,2019041501005101,KBL,39,42,100,262.00,"26,200.00"
2019-04-15,2019041501005100,KBL,40,42,254,262.00,"66,548.00"
2019-04-15,2019041501004994,KBL,40,52,140,262.00,"36,680.00"
2019-04-15,2019041501004964,KBL,40,22,106,262.00,"27,772.00"
2019-04-15,2019041501005399,KNBL,52,35,200,124.00,"24,800.00"
2019-04-15,2019041501005254,KRBL,57,45,110,100.00,"11,000.00"
2019-04-15,2019041501005224,KRBL,57,28,81,100.00,"8,100.00"
2019-04-15,2019041501005014,LBBL,33,32,560,172.00,"96,320.00"
2019-04-15,2019041501005222,LBL,19,45,400,208.00,"83,200.00"
2019-04-15,2019041501005380,LGIL,48,14,77,508.00,"39,116.00"
2019-04-15,2019041501005372,LGIL,43,38,120,505.00,"60,600.00"
2019-04-15,2019041501005371,LGIL,44,38,50,505.00,"25,250.00"
2019-04-15,2019041501005370,LGIL,39,38,30,506.00,"15,180.00"
2019-04-15,2019041501005323,LGIL,39,10,70,506.00,"35,420.00"
2019-04-15,2019041501005322,LGIL,51,10,30,506.00,"15,180.00"
2019-04-15,2019041501004928,LGIL,21,19,100,507.00,"50,700.00"
2019-04-15,2019041501005321,LGIL,22,10,100,507.00,"50,700.00"
2019-04-15,2019041501005320,LGIL,19,10,100,507.00,"50,700.00"
2019-04-15,2019041501005044,LGIL,25,14,300,508.00,"152,400.00"
2019-04-15,2019041501005018,LGIL,25,40,200,508.00,"101,600.00"
2019-04-15,2019041501004976,LGIL,19,40,300,508.00,"152,400.00"
2019-04-15,2019041501004929,LGIL,19,19,345,507.00,"174,915.00"
2019-04-15,2019041501005262,MBL,33,47,"1,000",240.00,"240,000.00"
2019-04-15,2019041501005205,MBL,33,39,100,240.00,"24,000.00"
2019-04-15,2019041501005133,MBL,58,36,150,240.00,"36,000.00"
2019-04-15,2019041501005000,MBL,11,36,900,240.00,"216,000.00"
2019-04-15,2019041501004986,MBL,11,42,100,240.00,"24,000.00"
2019-04-15,2019041501005304,MEGA,32,48,100,171.00,"17,100.00"
2019-04-15,2019041501005169,MEGA,32,42,579,171.00,"99,009.00"
2019-04-15,2019041501004937,MEGA,52,42,421,171.00,"71,991.00"
2019-04-15,2019041501004936,MEGA,52,16,500,171.00,"85,500.00"
2019-04-15,2019041501004935,MEGA,52,29,79,171.00,"13,509.00"
2019-04-15,2019041501004918,MEGA,20,32,116,170.00,"19,720.00"
2019-04-15,2019041501004917,MEGA,34,32,500,170.00,"85,000.00"
2019-04-15,2019041501004916,MEGA,34,32,382,170.00,"64,940.00"
2019-04-15,2019041501004959,MNBBL,28,5,200,360.00,"72,000.00"
2019-04-15,2019041501005366,NABIL,35,17,75,746.00,"55,950.00"
2019-04-15,2019041501005365,NABIL,35,43,200,745.00,"149,000.00"
2019-04-15,2019041501005364,NABIL,35,3,100,743.00,"74,300.00"
2019-04-15,2019041501005363,NABIL,35,16,125,743.00,"92,875.00"
2019-04-15,2019041501005313,NABIL,49,3,500,742.00,"371,000.00"
2019-04-15,2019041501005270,NABIL,33,7,10,741.00,"7,410.00"
2019-04-15,2019041501005261,NABIL,49,14,350,742.00,"259,700.00"
2019-04-15,2019041501005051,NABIL,16,16,75,743.00,"55,725.00"
2019-04-15,2019041501004981,NABIL,13,17,100,746.00,"74,600.00"
2019-04-15,2019041501005220,NABILP,22,43,300,721.00,"216,300.00"
2019-04-15,2019041501005219,NABILP,50,43,100,722.00,"72,200.00"
2019-04-15,2019041501005099,NABILP,59,53,100,728.00,"72,800.00"
2019-04-15,2019041501005369,NADEP,42,38,10,623.00,"6,230.00"
2019-04-15,2019041501005314,NADEP,32,13,10,628.00,"6,280.00"
2019-04-15,2019041501005070,NADEP,32,38,10,622.00,"6,220.00"
2019-04-15,2019041501004993,NADEP,32,43,30,629.00,"18,870.00"
2019-04-15,2019041501004977,NADEP,32,16,70,627.00,"43,890.00"
2019-04-15,2019041501004957,NADEP,32,20,20,626.00,"12,520.00"
2019-04-15,2019041501004947,NADEP,32,5,30,625.00,"18,750.00"
2019-04-15,2019041501005227,NADEP,32,38,10,622.00,"6,220.00"
2019-04-15,2019041501005215,NADEP,32,38,10,622.00,"6,220.00"
2019-04-15,2019041501005185,NADEP,32,38,10,622.00,"6,220.00"
2019-04-15,2019041501005158,NADEP,42,38,10,625.00,"6,250.00"
2019-04-15,2019041501005157,NADEP,42,46,10,625.00,"6,250.00"
2019-04-15,2019041501005276,NBB,39,29,108,211.00,"22,788.00"
2019-04-15,2019041501005174,NBB,38,42,200,210.00,"42,000.00"
2019-04-15,2019041501005025,NBB,38,36,"1,603",210.00,"336,630.00"
2019-04-15,2019041501005024,NBB,1,36,200,210.00,"42,000.00"
2019-04-15,2019041501005023,NBB,32,36,100,210.00,"21,000.00"
2019-04-15,2019041501005022,NBB,57,36,70,210.00,"14,700.00"
2019-04-15,2019041501005021,NBB,28,36,537,210.00,"112,770.00"
2019-04-15,2019041501004951,NBB,28,42,100,210.00,"21,000.00"
2019-04-15,2019041501005141,NBBL,49,8,10,620.00,"6,200.00"
2019-04-15,2019041501005082,NBBL,28,49,10,612.00,"6,120.00"
2019-04-15,2019041501005311,NBL,33,17,100,296.00,"29,600.00"
2019-04-15,2019041501005300,NBL,45,42,200,295.00,"59,000.00"
2019-04-15,2019041501005284,NBL,45,42,200,295.00,"59,000.00"
2019-04-15,2019041501005230,NBL,45,32,100,295.00,"29,500.00"
2019-04-15,2019041501005149,NBL,32,33,366,294.00,"107,604.00"
2019-04-15,2019041501005080,NBL,49,33,50,295.00,"14,750.00"
2019-04-15,2019041501005079,NBL,20,33,39,295.00,"11,505.00"
2019-04-15,2019041501005078,NBL,49,33,300,295.00,"88,500.00"
2019-04-15,2019041501005077,NBL,4,33,"1,200",295.00,"354,000.00"
2019-04-15,2019041501005076,NBL,45,33,45,295.00,"13,275.00"
2019-04-15,2019041501005066,NBL,13,17,50,296.00,"14,800.00"
2019-04-15,2019041501005065,NBL,13,44,"1,450",296.00,"429,200.00"
2019-04-15,2019041501005386,NCCB,33,44,100,226.00,"22,600.00"
2019-04-15,2019041501005328,NCCB,4,44,100,226.00,"22,600.00"
2019-04-15,2019041501005327,NCCB,4,52,100,225.00,"22,500.00"
2019-04-15,2019041501005326,NCCB,4,32,"1,000",225.00,"225,000.00"
2019-04-15,2019041501005299,NCCB,33,6,76,224.00,"17,024.00"
2019-04-15,2019041501005298,NCCB,32,6,88,224.00,"19,712.00"
2019-04-15,2019041501005068,NCCB,32,49,200,224.00,"44,800.00"
2019-04-15,2019041501005056,NCCB,33,58,"1,000",225.00,"225,000.00"
2019-04-15,2019041501004991,NCCB,32,54,612,224.00,"137,088.00"
2019-04-15,2019041501004990,NCCB,36,54,"2,000",224.00,"448,000.00"
2019-04-15,2019041501004989,NCCB,14,54,50,224.00,"11,200.00"
2019-04-15,2019041501004988,NCCB,55,54,"1,537",224.00,"344,288.00"
2019-04-15,2019041501005257,NCCB,32,43,100,224.00,"22,400.00"
2019-04-15,2019041501005202,NCCB,32,6,84,225.00,"18,900.00"
2019-04-15,2019041501005201,NCCB,32,19,"1,000",225.00,"225,000.00"
2019-04-15,2019041501005200,NCCB,32,22,890,225.00,"200,250.00"
2019-04-15,2019041501005127,NCCB,55,22,110,225.00,"24,750.00"
2019-04-15,2019041501005115,NCCB,39,58,500,225.00,"112,500.00"
2019-04-15,2019041501005199,NCDB,52,5,200,135.00,"27,000.00"
2019-04-15,2019041501005181,NIB,6,52,100,548.00,"54,800.00"
2019-04-15,2019041501005037,NIB,6,56,100,548.00,"54,800.00"
2019-04-15,2019041501004949,NIB,6,52,100,548.00,"54,800.00"
2019-04-15,2019041501004945,NIB,20,20,5,537.00,"2,685.00"
2019-04-15,2019041501005116,NIBPO,11,54,306,510.00,"156,060.00"
2019-04-15,2019041501005292,NICA,33,22,200,470.00,"94,000.00"
2019-04-15,2019041501005269,NICA,16,58,100,469.00,"46,900.00"
2019-04-15,2019041501005268,NICA,16,58,200,469.00,"93,800.00"
2019-04-15,2019041501005097,NICA,55,54,320,468.00,"149,760.00"
2019-04-15,2019041501005096,NICA,8,54,100,468.00,"46,800.00"
2019-04-15,2019041501005095,NICA,40,54,50,468.00,"23,400.00"
2019-04-15,2019041501005008,NICA,35,46,397,470.00,"186,590.00"
2019-04-15,2019041501004922,NICA,17,46,100,470.00,"47,000.00"
2019-04-15,2019041501005059,NICA,35,44,200,470.00,"94,000.00"
2019-04-15,2019041501005013,NICA,35,56,"1,500",470.00,"705,000.00"
2019-04-15,2019041501005012,NICA,35,34,30,470.00,"14,100.00"
2019-04-15,2019041501005011,NICA,35,41,100,470.00,"47,000.00"
2019-04-15,2019041501005010,NICA,35,28,330,470.00,"155,100.00"
2019-04-15,2019041501005009,NICA,35,38,90,470.00,"42,300.00"
2019-04-15,2019041501005088,NICA,40,54,28,469.00,"13,132.00"
2019-04-15,2019041501005087,NICA,54,54,"1,000",470.00,"470,000.00"
2019-04-15,2019041501005086,NICA,35,54,"2,353",470.00,"1,105,910.00"
2019-04-15,2019041501005064,NICA,54,55,480,471.00,"226,080.00"
2019-04-15,2019041501005063,NICA,54,43,500,471.00,"235,500.00"
2019-04-15,2019041501005062,NICA,54,47,20,471.00,"9,420.00"
2019-04-15,2019041501005094,NICA,46,54,500,468.00,"234,000.00"
2019-04-15,2019041501005093,NICA,46,54,300,468.00,"140,400.00"
2019-04-15,2019041501005092,NICA,8,54,200,469.00,"93,800.00"
2019-04-15,2019041501005091,NICA,36,54,500,469.00,"234,500.00"
2019-04-15,2019041501005090,NICA,42,54,10,469.00,"4,690.00"
2019-04-15,2019041501005089,NICA,45,54,"2,000",469.00,"938,000.00"
2019-04-15,2019041501005265,NICGF,57,4,100,9.20,920.00
2019-04-15,2019041501005193,NICL,44,34,140,376.00,"52,640.00"
2019-04-15,2019041501005017,NIL,48,34,850,522.00,"443,700.00"
2019-04-15,2019041501005016,NIL,48,38,150,522.00,"78,300.00"
2019-04-15,2019041501005398,NLIC,35,25,50,"1,096.00","54,800.00"
2019-04-15,2019041501005156,NLIC,14,33,216,"1,098.00","237,168.00"
2019-04-15,2019041501005155,NLIC,14,41,17,"1,097.00","18,649.00"
2019-04-15,2019041501005154,NLIC,14,33,167,"1,096.00","183,032.00"
2019-04-15,2019041501005132,NLIC,14,33,400,"1,096.00","438,400.00"
2019-04-15,2019041501005109,NLIC,14,33,400,"1,096.00","438,400.00"
2019-04-15,2019041501005083,NLIC,14,33,400,"1,096.00","438,400.00"
2019-04-15,2019041501005001,NLIC,35,41,50,"1,096.00","54,800.00"
2019-04-15,2019041501005312,NLICL,6,46,100,590.00,"59,000.00"
2019-04-15,2019041501005384,NMB,8,48,100,362.00,"36,200.00"
2019-04-15,2019041501005361,NMB,8,22,100,362.00,"36,200.00"
2019-04-15,2019041501005329,NMB,58,22,100,362.00,"36,200.00"
2019-04-15,2019041501005318,NMB,58,50,300,361.00,"108,300.00"
2019-04-15,2019041501005232,NMB,58,13,63,361.00,"22,743.00"
2019-04-15,2019041501005114,NMB,58,45,30,361.00,"10,830.00"
2019-04-15,2019041501005113,NMB,58,33,350,361.00,"126,350.00"
2019-04-15,2019041501005112,NMB,58,53,187,360.00,"67,320.00"
2019-04-15,2019041501005058,NMB,1,33,500,361.00,"180,500.00"
2019-04-15,2019041501005057,NMB,59,33,500,361.00,"180,500.00"
2019-04-15,2019041501004967,NMB,51,22,50,362.00,"18,100.00"
2019-04-15,2019041501004950,NMB,50,14,300,361.00,"108,300.00"
2019-04-15,2019041501005225,NMFBS,42,41,15,"1,584.00","23,760.00"
2019-04-15,2019041501005340,NNLB,52,34,100,438.00,"43,800.00"
2019-04-15,2019041501005122,NNLB,14,34,50,438.00,"21,900.00"
2019-04-15,2019041501004999,NTC,25,49,170,677.00,"115,090.00"
2019-04-15,2019041501004998,NTC,49,49,330,677.00,"223,410.00"
2019-04-15,2019041501005295,OHL,59,16,324,456.00,"147,744.00"
2019-04-15,2019041501005235,PCBL,59,1,100,331.00,"33,100.00"
2019-04-15,2019041501005043,PCBL,55,43,161,332.00,"53,452.00"
2019-04-15,2019041501005042,PCBL,55,58,100,332.00,"33,200.00"
2019-04-15,2019041501005041,PCBL,55,28,430,332.00,"142,760.00"
2019-04-15,2019041501005040,PCBL,55,19,10,332.00,"3,320.00"
2019-04-15,2019041501005039,PCBL,55,53,179,332.00,"59,428.00"
2019-04-15,2019041501005038,PCBL,55,49,20,331.00,"6,620.00"
2019-04-15,2019041501005002,PCBL,53,45,23,331.00,"7,613.00"
2019-04-15,2019041501005279,PIC,6,48,133,"1,013.00","134,729.00"
2019-04-15,2019041501005278,PIC,6,41,40,"1,013.00","40,520.00"
2019-04-15,2019041501005271,PIC,39,19,11,"1,010.00","11,110.00"
2019-04-15,2019041501005264,PIC,39,28,11,"1,010.00","11,110.00"
2019-04-15,2019041501005252,PIC,39,19,11,"1,010.00","11,110.00"
2019-04-15,2019041501005233,PIC,39,19,11,"1,010.00","11,110.00"
2019-04-15,2019041501005172,PIC,39,33,50,"1,009.00","50,450.00"
2019-04-15,2019041501005046,PIC,35,33,300,"1,009.00","302,700.00"
2019-04-15,2019041501005045,PIC,34,33,50,"1,010.00","50,500.00"
2019-04-15,2019041501004914,PIC,20,35,11,"1,010.00","11,110.00"
2019-04-15,2019041501005306,PLIC,28,6,10,457.00,"4,570.00"
2019-04-15,2019041501005305,PMHPL,56,38,10,109.00,"1,090.00"
2019-04-15,2019041501005260,PMHPL,56,6,10,111.00,"1,110.00"
2019-04-15,2019041501005259,PMHPL,56,52,10,111.00,"1,110.00"
2019-04-15,2019041501005231,PMHPL,56,4,10,109.00,"1,090.00"
2019-04-15,2019041501005206,PMHPL,56,38,10,109.00,"1,090.00"
2019-04-15,2019041501005171,PMHPL,56,38,10,109.00,"1,090.00"
2019-04-15,2019041501005392,PRIN,57,16,50,415.00,"20,750.00"
2019-04-15,2019041501005391,PRIN,45,16,100,415.00,"41,500.00"
2019-04-15,2019041501005069,PRIN,50,1,50,417.00,"20,850.00"
2019-04-15,2019041501005405,PRVU,49,38,10,251.00,"2,510.00"
2019-04-15,2019041501005168,PRVU,4,14,"3,000",250.00,"750,000.00"
2019-04-15,2019041501005167,PRVU,49,14,"1,000",250.00,"250,000.00"
2019-04-15,2019041501005073,PRVU,56,14,250,250.00,"62,500.00"
2019-04-15,2019041501005055,PRVU,52,14,"1,000",250.00,"250,000.00"
2019-04-15,2019041501004921,PRVU,29,54,855,250.00,"213,750.00"
2019-04-15,2019041501004920,PRVU,39,54,500,250.00,"125,000.00"
2019-04-15,2019041501004919,PRVU,45,54,"1,000",250.00,"250,000.00"
2019-04-15,2019041501004915,PRVU,56,38,"1,000",251.00,"251,000.00"
2019-04-15,2019041501004943,PRVU,33,39,100,251.00,"25,100.00"
2019-04-15,2019041501004942,PRVU,33,17,200,251.00,"50,200.00"
2019-04-15,2019041501004941,PRVU,33,43,500,251.00,"125,500.00"
2019-04-15,2019041501004940,PRVU,33,42,250,251.00,"62,750.00"
2019-04-15,2019041501004939,PRVU,33,8,500,251.00,"125,500.00"
2019-04-15,2019041501004938,PRVU,33,38,554,251.00,"139,054.00"
2019-04-15,2019041501005054,PRVU,58,14,"2,000",250.00,"500,000.00"
2019-04-15,2019041501005053,PRVU,29,14,645,250.00,"161,250.00"
2019-04-15,2019041501005052,PRVU,33,14,96,251.00,"24,096.00"
2019-04-15,2019041501005026,PRVU,33,44,100,252.00,"25,200.00"
2019-04-15,2019041501004958,PRVU,33,52,"1,000",251.00,"251,000.00"
2019-04-15,2019041501004948,PRVU,26,44,500,252.00,"126,000.00"
2019-04-15,2019041501005150,RADHI,41,51,11,164.00,"1,804.00"
2019-04-15,2019041501004931,RADHI,41,16,11,164.00,"1,804.00"
2019-04-15,2019041501005160,RBCL,34,5,10,"9,200.00","92,000.00"
2019-04-15,2019041501005152,RBCLPO,42,32,20,"8,523.00","170,460.00"
2019-04-15,2019041501005151,RBCLPO,42,33,27,"8,500.00","229,500.00"
2019-04-15,2019041501005131,RBCLPO,42,3,10,"8,496.00","84,960.00"
2019-04-15,2019041501005130,RBCLPO,42,33,20,"8,495.00","169,900.00"
2019-04-15,2019041501005221,RMDC,53,50,115,570.00,"65,550.00"
2019-04-15,2019041501005180,RMDC,53,13,20,570.00,"11,400.00"
2019-04-15,2019041501005015,RMDC,53,53,50,570.00,"28,500.00"
2019-04-15,2019041501004975,RMDC,5,21,25,574.00,"14,350.00"
2019-04-15,2019041501004954,RMDC,53,10,110,570.00,"62,700.00"
2019-04-15,2019041501005389,RSDC,28,38,230,365.00,"83,950.00"
2019-04-15,2019041501005251,SADBL,49,14,15,144.00,"2,160.00"
2019-04-15,2019041501005250,SADBL,49,14,15,144.00,"2,160.00"
2019-04-15,2019041501005249,SADBL,49,14,15,144.00,"2,160.00"
2019-04-15,2019041501005248,SADBL,49,8,121,144.00,"17,424.00"
2019-04-15,2019041501005247,SADBL,49,45,"1,458",144.00,"209,952.00"
2019-04-15,2019041501005246,SADBL,49,32,149,143.00,"21,307.00"
2019-04-15,2019041501005196,SADBL,37,32,851,143.00,"121,693.00"
2019-04-15,2019041501005195,SADBL,37,26,11,143.00,"1,573.00"
2019-04-15,2019041501005194,SADBL,37,45,138,143.00,"19,734.00"
2019-04-15,2019041501005144,SANIMA,39,57,15,324.00,"4,860.00"
2019-04-15,2019041501005143,SANIMA,39,43,50,324.00,"16,200.00"
2019-04-15,2019041501005142,SANIMA,39,41,59,324.00,"19,116.00"
2019-04-15,2019041501005106,SANIMA,45,41,11,324.00,"3,564.00"
2019-04-15,2019041501005105,SANIMA,45,52,100,323.00,"32,300.00"
2019-04-15,2019041501005104,SANIMA,45,49,345,323.00,"111,435.00"
2019-04-15,2019041501005103,SANIMA,45,43,184,323.00,"59,432.00"
2019-04-15,2019041501005319,SBI,11,55,900,415.00,"373,500.00"
2019-04-15,2019041501005381,SBL,50,25,"1,691",317.00,"536,047.00"
2019-04-15,2019041501005273,SBL,25,13,75,316.00,"23,700.00"
2019-04-15,2019041501005258,SBL,11,25,509,317.00,"161,353.00"
2019-04-15,2019041501005214,SBL,25,51,150,316.00,"47,400.00"
2019-04-15,2019041501005121,SBL,50,17,500,316.00,"158,000.00"
2019-04-15,2019041501005120,SBL,50,4,"1,000",316.00,"316,000.00"
2019-04-15,2019041501005119,SBL,50,34,305,316.00,"96,380.00"
2019-04-15,2019041501005118,SBL,50,39,152,316.00,"48,032.00"
2019-04-15,2019041501005081,SBL,11,19,300,315.00,"94,500.00"
2019-04-15,2019041501005036,SBL,11,42,100,315.00,"31,500.00"
2019-04-15,2019041501005029,SBL,11,49,70,315.00,"22,050.00"
2019-04-15,2019041501005084,SCB,3,51,20,587.00,"11,740.00"
2019-04-15,2019041501005110,SCB,59,51,100,587.00,"58,700.00"
2019-04-15,2019041501005357,SDESI,33,44,13,549.00,"7,137.00"
2019-04-15,2019041501005244,SHINE,52,17,200,232.00,"46,400.00"
2019-04-15,2019041501005354,SHIVM,49,42,30,308.00,"9,240.00"
2019-04-15,2019041501005353,SHIVM,49,8,100,308.00,"30,800.00"
2019-04-15,2019041501005282,SHIVM,44,28,50,307.00,"15,350.00"
2019-04-15,2019041501004997,SHL,57,20,180,207.00,"37,260.00"
2019-04-15,2019041501005223,SHPC,56,56,100,227.00,"22,700.00"
2019-04-15,2019041501005108,SHPC,56,17,20,227.00,"4,540.00"
2019-04-15,2019041501005003,SICL,49,28,110,875.00,"96,250.00"
2019-04-15,2019041501005294,SIL,44,50,10,610.00,"6,100.00"
2019-04-15,2019041501005325,SINDU,46,42,300,130.00,"39,000.00"
2019-04-15,2019041501005378,SKBBL,41,52,200,974.00,"194,800.00"
2019-04-15,2019041501005286,SKBBL,41,52,300,974.00,"292,200.00"
2019-04-15,2019041501005285,SKBBL,41,19,200,971.00,"194,200.00"
2019-04-15,2019041501005240,SKBBL,45,5,200,970.00,"194,000.00"
2019-04-15,2019041501005239,SKBBL,45,45,17,970.00,"16,490.00"
2019-04-15,2019041501005317,SLBBL,57,7,65,508.00,"33,020.00"
2019-04-15,2019041501005316,SLBBL,57,37,20,508.00,"10,160.00"
2019-04-15,2019041501005315,SLBBL,57,6,100,507.00,"50,700.00"
2019-04-15,2019041501005148,SLBBL,43,13,20,505.00,"10,100.00"
2019-04-15,2019041501005400,SLBSL,55,28,10,638.00,"6,380.00"
2019-04-15,2019041501005310,SLBSL,55,28,10,638.00,"6,380.00"
2019-04-15,2019041501005267,SLBSL,37,53,10,650.00,"6,500.00"
2019-04-15,2019041501004952,SLBSL,55,46,10,645.00,"6,450.00"
2019-04-15,2019041501004927,SLBSL,55,38,10,642.00,"6,420.00"
2019-04-15,2019041501004926,SLBSL,55,7,40,642.00,"25,680.00"
2019-04-15,2019041501005048,SLICL,32,44,176,527.00,"92,752.00"
2019-04-15,2019041501005377,SMFDB,44,32,60,652.00,"39,120.00"
2019-04-15,2019041501005376,SMFDB,44,32,100,650.00,"65,000.00"
2019-04-15,2019041501005375,SMFDB,44,6,40,649.00,"25,960.00"
2019-04-15,2019041501005274,SMFDB,22,6,10,649.00,"6,490.00"
2019-04-15,2019041501005280,SRBL,26,39,"1,900",236.00,"448,400.00"
2019-04-15,2019041501005074,SRBL,26,42,100,236.00,"23,600.00"
2019-04-15,2019041501004913,SWBBL,51,45,20,876.00,"17,520.00"
2019-04-15,2019041501004912,SWBBL,51,6,60,872.00,"52,320.00"
2019-04-15,2019041501004911,SWBBL,51,33,100,872.00,"87,200.00"
2019-04-15,2019041501004910,SWBBL,51,37,100,872.00,"87,200.00"
2019-04-15,2019041501004909,SWBBL,51,22,90,870.00,"78,300.00"
2019-04-15,2019041501004908,SWBBL,51,39,128,868.00,"111,104.00"
2019-04-15,2019041501005358,UIC,5,47,30,823.00,"24,690.00"
2019-04-15,2019041501005342,UIC,17,1,200,813.00,"162,600.00"
2019-04-15,2019041501005272,UIC,16,47,10,823.00,"8,230.00"
2019-04-15,2019041501005207,UIC,5,6,200,813.00,"162,600.00"
2019-04-15,2019041501005368,UPCL,54,46,10,93.00,930.00
2019-04-15,2019041501005362,UPCL,54,56,50,92.00,"4,600.00"
2019-04-15,2019041501005281,UPCL,54,48,50,92.00,"4,600.00"
2019-04-15,2019041501005253,UPCL,54,48,50,92.00,"4,600.00"
2019-04-15,2019041501005237,UPCL,54,48,50,92.00,"4,600.00"
2019-04-15,2019041501005209,UPCL,54,42,50,92.00,"4,600.00"
2019-04-15,2019041501005163,UPCL,58,46,40,93.00,"3,720.00"
2019-04-15,2019041501005102,UPCL,54,35,100,92.00,"9,200.00"
2019-04-15,2019041501005075,UPCL,54,35,100,92.00,"9,200.00"
2019-04-15,2019041501005034,UPCL,54,35,100,92.00,"9,200.00"
2019-04-15,2019041501005228,UPPER,4,58,50,230.00,"11,500.00"
2019-04-15,2019041501005192,UPPER,57,39,40,230.00,"9,200.00"
2019-04-15,2019041501005191,UPPER,57,38,50,230.00,"11,500.00"
2019-04-15,2019041501005098,UPPER,1,45,38,229.00,"8,702.00"
2019-04-15,2019041501005028,UPPER,1,49,50,229.00,"11,450.00"
2019-04-15,2019041501004956,UPPER,1,49,40,229.00,"9,160.00"
2019-04-15,2019041501004944,UPPER,1,37,72,229.00,"16,488.00"
2019-04-15,2019041501004906,UPPER,33,6,475,228.00,"108,300.00"
2019-04-15,2019041501005165,UPPER,33,42,50,229.00,"11,450.00"
2019-04-15,2019041501005146,UPPER,33,42,50,229.00,"11,450.00"
2019-04-15,2019041501005145,UPPER,33,38,50,229.00,"11,450.00"
2019-04-15,2019041501005129,UPPER,33,45,40,229.00,"9,160.00"
2019-04-15,2019041501005117,UPPER,33,42,50,229.00,"11,450.00"
2019-04-15,2019041501005190,UPPER,57,38,50,230.00,"11,500.00"
2019-04-15,2019041501005189,UPPER,57,38,50,230.00,"11,500.00"
2019-04-15,2019041501005188,UPPER,57,38,50,230.00,"11,500.00"
2019-04-15,2019041501005187,UPPER,57,38,40,230.00,"9,200.00"
2019-04-15,2019041501005186,UPPER,57,38,40,230.00,"9,200.00"
2019-04-15,2019041501005170,UPPER,33,58,50,229.00,"11,450.00"
2019-04-15,2019041501005234,VLBS,32,57,60,614.00,"36,840.00"
2019-04-15,2019041501005218,VLBS,21,6,25,620.00,"15,500.00"
2019-04-15,2019041501005217,VLBS,19,6,188,620.00,"116,560.00"
2019-04-15,2019041501005147,VLBS,19,25,12,620.00,"7,440.00"
2019-04-15,2019041501004985,VLBS,25,6,500,625.00,"312,500.00"
2019-04-15,2019041501004984,VLBS,42,6,25,625.00,"15,625.00"
2019-04-15,2019041501004983,VLBS,42,6,20,625.00,"12,500.00"
2019-04-15,2019041501004982,VLBS,47,6,50,626.00,"31,300.00"
2019-04-15,2019041501004894,ADBL,7,49,335,316.00,"105,860.00"
2019-04-15,2019041501004640,ADBL,7,1,120,316.00,"37,920.00"
2019-04-15,2019041501004896,ALBSL,59,58,10,466.00,"4,660.00"
2019-04-15,2019041501004865,ALBSL,59,58,10,466.00,"4,660.00"
2019-04-15,2019041501004850,ALBSL,59,58,10,466.00,"4,660.00"
2019-04-15,2019041501004845,ALBSL,59,58,10,466.00,"4,660.00"
2019-04-15,2019041501004832,ALBSL,59,58,10,466.00,"4,660.00"
2019-04-15,2019041501004809,ALBSL,21,58,10,467.00,"4,670.00"
2019-04-15,2019041501004453,ALBSL,39,39,10,468.00,"4,680.00"
2019-04-15,2019041501004417,ALBSL,46,22,10,467.00,"4,670.00"
2019-04-15,2019041501004797,ALBSL,21,58,10,467.00,"4,670.00"
2019-04-15,2019041501004740,ALBSL,21,46,10,467.00,"4,670.00"
2019-04-15,2019041501004599,ALBSL,21,19,10,467.00,"4,670.00"
2019-04-15,2019041501004593,ALBSL,21,4,10,467.00,"4,670.00"
2019-04-15,2019041501004557,ALBSL,46,37,10,467.00,"4,670.00"
2019-04-15,2019041501004461,ALBSL,39,39,10,468.00,"4,680.00"
2019-04-15,2019041501004877,ALICL,21,21,50,404.00,"20,200.00"
2019-04-15,2019041501004876,ALICL,21,26,20,404.00,"8,080.00"
2019-04-15,2019041501004870,AMFI,45,47,10,649.00,"6,490.00"
2019-04-15,2019041501004869,AMFI,45,34,100,646.00,"64,600.00"
2019-04-15,2019041501004841,AMFI,45,28,100,645.00,"64,500.00"
2019-04-15,2019041501004470,API,59,41,50,133.00,"6,650.00"
2019-04-15,2019041501004730,BHBL,4,33,10,168.00,"1,680.00"
2019-04-15,2019041501004568,BOKL,57,52,11,263.00,"2,893.00"
2019-04-15,2019041501004408,BOKL,52,52,200,263.00,"52,600.00"
2019-04-15,2019041501004660,BPCL,49,37,66,357.00,"23,562.00"
2019-04-15,2019041501004656,BPCL,49,37,46,357.00,"16,422.00"
2019-04-15,2019041501004506,BPCL,25,37,10,358.00,"3,580.00"
2019-04-15,2019041501004505,BPCL,25,37,10,358.00,"3,580.00"
2019-04-15,2019041501004729,CBBL,4,40,60,938.00,"56,280.00"
2019-04-15,2019041501004691,CBBL,4,6,200,938.00,"187,600.00"
2019-04-15,2019041501004686,CBBL,4,5,100,938.00,"93,800.00"
2019-04-15,2019041501004683,CBBL,40,46,50,940.00,"47,000.00"
2019-04-15,2019041501004435,CBBL,21,42,39,938.00,"36,582.00"
2019-04-15,2019041501004434,CBBL,21,53,350,938.00,"328,300.00"
2019-04-15,2019041501004419,CBBL,45,6,50,937.00,"46,850.00"
2019-04-15,2019041501004490,CBBL,33,44,50,940.00,"47,000.00"
2019-04-15,2019041501004447,CBBL,4,42,50,938.00,"46,900.00"
2019-04-15,2019041501004446,CBBL,4,42,589,938.00,"552,482.00"
2019-04-15,2019041501004437,CBBL,21,42,411,938.00,"385,518.00"
2019-04-15,2019041501004436,CBBL,21,55,200,938.00,"187,600.00"
2019-04-15,2019041501004852,CBL,51,43,"1,000",163.00,"163,000.00"
2019-04-15,2019041501004851,CBL,51,19,50,163.00,"8,150.00"
2019-04-15,2019041501004786,CBL,58,44,171,162.00,"27,702.00"
2019-04-15,2019041501004761,CBL,43,25,"1,000",163.00,"163,000.00"
2019-04-15,2019041501004760,CBL,43,45,317,163.00,"51,671.00"
2019-04-15,2019041501004759,CBL,43,28,"1,000",163.00,"163,000.00"
2019-04-15,2019041501004579,CBL,58,39,41,162.00,"6,642.00"
2019-04-15,2019041501004422,CBL,43,43,600,163.00,"97,800.00"
2019-04-15,2019041501004421,CBL,43,7,300,163.00,"48,900.00"
2019-04-15,2019041501004420,CBL,43,52,349,163.00,"56,887.00"
2019-04-15,2019041501004697,CCBL,20,20,5,162.00,810.00
2019-04-15,2019041501004664,CCBL,22,47,59,165.00,"9,735.00"
2019-04-15,2019041501004560,CCBL,45,47,141,165.00,"23,265.00"
2019-04-15,2019041501004798,CHCL,1,21,23,505.00,"11,615.00"
2019-04-15,2019041501004773,CHCL,57,21,100,505.00,"50,500.00"
2019-04-15,2019041501004575,CHCL,11,21,568,505.00,"286,840.00"
2019-04-15,2019041501004738,CHLBS,56,42,10,477.00,"4,770.00"
2019-04-15,2019041501004445,CHLBS,17,22,10,476.00,"4,760.00"
2019-04-15,2019041501004456,CIT,35,41,40,"2,540.00","101,600.00"
2019-04-15,2019041501004835,CZBIL,16,40,529,222.00,"117,438.00"
2019-04-15,2019041501004830,CZBIL,32,32,10,223.00,"2,230.00"
2019-04-15,2019041501004829,CZBIL,32,4,10,223.00,"2,230.00"
2019-04-15,2019041501004828,CZBIL,32,52,200,223.00,"44,600.00"
2019-04-15,2019041501004827,CZBIL,32,25,389,223.00,"86,747.00"
2019-04-15,2019041501004826,CZBIL,32,52,100,223.00,"22,300.00"
2019-04-15,2019041501004414,CZBIL,48,39,200,222.00,"44,400.00"
2019-04-15,2019041501004413,CZBIL,48,17,556,222.00,"123,432.00"
2019-04-15,2019041501004825,CZBIL,32,34,500,223.00,"111,500.00"
2019-04-15,2019041501004824,CZBIL,32,52,25,223.00,"5,575.00"
2019-04-15,2019041501004823,CZBIL,32,26,10,223.00,"2,230.00"
2019-04-15,2019041501004690,CZBIL,17,26,10,223.00,"2,230.00"
2019-04-15,2019041501004662,CZBIL,16,1,200,222.00,"44,400.00"
2019-04-15,2019041501004902,CZBILP,38,43,"13,594",159.00,"2,161,446.00"
2019-04-15,2019041501004875,DBBL,26,32,500,128.00,"64,000.00"
2019-04-15,2019041501004846,DBBL,34,32,200,128.00,"25,600.00"
2019-04-15,2019041501004572,DDBL,25,28,200,626.00,"125,200.00"
2019-04-15,2019041501004536,DDBL,48,42,21,625.00,"13,125.00"
2019-04-15,2019041501004535,DDBL,48,42,20,625.00,"12,500.00"
2019-04-15,2019041501004479,DDBL,17,42,50,625.00,"31,250.00"
2019-04-15,2019041501004478,DDBL,58,42,30,625.00,"18,750.00"
2019-04-15,2019041501004844,EBL,34,22,19,602.00,"11,438.00"
2019-04-15,2019041501004843,EBL,34,42,113,602.00,"68,026.00"
2019-04-15,2019041501004800,EBL,34,42,150,602.00,"90,300.00"
2019-04-15,2019041501004653,EBL,59,42,200,602.00,"120,400.00"
2019-04-15,2019041501004652,EBL,57,42,37,602.00,"22,274.00"
2019-04-15,2019041501004552,EBL,57,38,33,602.00,"19,866.00"
2019-04-15,2019041501004551,EBL,45,38,100,603.00,"60,300.00"
2019-04-15,2019041501004550,EBL,8,38,50,603.00,"30,150.00"
2019-04-15,2019041501004549,EBL,25,38,37,603.00,"22,311.00"
2019-04-15,2019041501004868,EIC,41,7,365,"1,026.00","374,490.00"
2019-04-15,2019041501004867,EIC,52,7,190,"1,027.00","195,130.00"
2019-04-15,2019041501004779,EIC,52,17,100,"1,027.00","102,700.00"
2019-04-15,2019041501004696,EIC,57,17,200,"1,029.00","205,800.00"
2019-04-15,2019041501004689,EIC,52,21,10,"1,027.00","10,270.00"
2019-04-15,2019041501004677,EIC,54,17,43,"1,029.00","44,247.00"
2019-04-15,2019041501004665,EIC,54,17,100,"1,029.00","102,900.00"
2019-04-15,2019041501004648,EIC,39,17,50,"1,029.00","51,450.00"
2019-04-15,2019041501004610,EIC,45,17,30,"1,029.00","30,870.00"
2019-04-15,2019041501004604,EIC,41,5,50,"1,027.00","51,350.00"
2019-04-15,2019041501004459,EIC,51,17,50,"1,029.00","51,450.00"
2019-04-15,2019041501004454,EIC,41,7,267,"1,029.00","274,743.00"
2019-04-15,2019041501004612,FMDBL,34,38,100,390.00,"39,000.00"
2019-04-15,2019041501004611,FMDBL,34,38,270,391.00,"105,570.00"
2019-04-15,2019041501004569,FMDBL,34,41,230,391.00,"89,930.00"
2019-04-15,2019041501004712,FOWAD,42,56,10,"1,530.00","15,300.00"
2019-04-15,2019041501004711,FOWAD,42,49,10,"1,525.00","15,250.00"
2019-04-15,2019041501004710,FOWAD,42,51,15,"1,520.00","22,800.00"
2019-04-15,2019041501004423,FOWAD,33,44,190,"1,518.00","288,420.00"
2019-04-15,2019041501004901,GBBL,28,16,10,198.00,"1,980.00"
2019-04-15,2019041501004900,GBBL,28,11,194,198.00,"38,412.00"
2019-04-15,2019041501004899,GBBL,28,28,200,198.00,"39,600.00"
2019-04-15,2019041501004898,GBBL,28,32,115,197.00,"22,655.00"
2019-04-15,2019041501004872,GBBL,39,32,85,197.00,"16,745.00"
2019-04-15,2019041501004862,GBBL,39,44,200,197.00,"39,400.00"
2019-04-15,2019041501004700,GBBL,39,26,400,197.00,"78,800.00"
2019-04-15,2019041501004605,GBBL,56,49,200,196.00,"39,200.00"
2019-04-15,2019041501004495,GBBL,56,45,154,196.00,"30,184.00"
2019-04-15,2019041501004477,GBBL,56,14,60,196.00,"11,760.00"
2019-04-15,2019041501004476,GBBL,56,14,200,196.00,"39,200.00"
2019-04-15,2019041501004742,GBIME,39,49,200,272.00,"54,400.00"
2019-04-15,2019041501004741,GBIME,48,49,350,272.00,"95,200.00"
2019-04-15,2019041501004406,GBIME,48,45,50,272.00,"13,600.00"
2019-04-15,2019041501004871,GBLBS,44,44,10,344.00,"3,440.00"
2019-04-15,2019041501004836,GBLBS,44,44,10,344.00,"3,440.00"
2019-04-15,2019041501004813,GBLBS,7,35,200,345.00,"69,000.00"
2019-04-15,2019041501004812,GBLBS,7,59,100,345.00,"34,500.00"
2019-04-15,2019041501004811,GBLBS,7,51,15,345.00,"5,175.00"
2019-04-15,2019041501004583,GBLBS,36,58,340,344.00,"116,960.00"
2019-04-15,2019041501004458,GBLBS,17,58,10,344.00,"3,440.00"
2019-04-15,2019041501004559,GDBL,25,41,20,190.00,"3,800.00"
2019-04-15,2019041501004507,GDBL,48,49,550,187.00,"102,850.00"
2019-04-15,2019041501004491,GDBL,43,49,68,188.00,"12,784.00"
2019-04-15,2019041501004440,GDBL,43,1,32,188.00,"6,016.00"
2019-04-15,2019041501004467,GILB,34,21,19,"1,032.00","19,608.00"
2019-04-15,2019041501004466,GILB,34,52,150,"1,030.00","154,500.00"
2019-04-15,2019041501004465,GILB,34,25,19,"1,030.00","19,570.00"
2019-04-15,2019041501004464,GILB,34,25,19,"1,030.00","19,570.00"
2019-04-15,2019041501004840,GLICL,58,43,284,516.00,"146,544.00"
2019-04-15,2019041501004681,HBL,11,22,10,490.00,"4,900.00"
2019-04-15,2019041501004680,HBL,11,29,50,490.00,"24,500.00"
2019-04-15,2019041501004679,HBL,11,53,90,490.00,"44,100.00"
2019-04-15,2019041501004744,HGI,10,19,300,390.00,"117,000.00"
2019-04-15,2019041501004703,HGI,40,34,50,389.00,"19,450.00"
2019-04-15,2019041501004450,HIDCL,25,56,19,138.00,"2,622.00"
2019-04-15,2019041501004449,HIDCL,25,32,13,137.00,"1,781.00"
2019-04-15,2019041501004720,HPPL,28,42,10,178.00,"1,780.00"
2019-04-15,2019041501004649,HPPL,28,46,10,178.00,"1,780.00"
2019-04-15,2019041501004595,JBBL,59,43,50,138.00,"6,900.00"
2019-04-15,2019041501004594,JBBL,22,43,50,138.00,"6,900.00"
2019-04-15,2019041501004769,JBNL,36,25,368,183.00,"67,344.00"
2019-04-15,2019041501004628,JBNL,45,25,"1,000",183.00,"183,000.00"
2019-04-15,2019041501004581,JBNL,45,25,632,183.00,"115,656.00"
2019-04-15,2019041501004574,JBNL,45,41,468,183.00,"85,644.00"
2019-04-15,2019041501004573,JBNL,21,41,632,183.00,"115,656.00"
2019-04-15,2019041501004548,JBNL,21,28,392,183.00,"71,736.00"
2019-04-15,2019041501004547,JBNL,21,32,50,183.00,"9,150.00"
2019-04-15,2019041501004546,JBNL,21,45,133,183.00,"24,339.00"
2019-04-15,2019041501004545,JBNL,21,26,50,183.00,"9,150.00"
2019-04-15,2019041501004544,JBNL,21,43,243,183.00,"44,469.00"
2019-04-15,2019041501004493,JBNL,4,41,100,182.00,"18,200.00"
2019-04-15,2019041501004708,JFL,49,48,220,168.00,"36,960.00"
2019-04-15,2019041501004707,JFL,49,33,450,168.00,"75,600.00"
2019-04-15,2019041501004706,JFL,49,44,316,167.00,"52,772.00"
2019-04-15,2019041501004802,KBBL,56,43,500,215.00,"107,500.00"
2019-04-15,2019041501004801,KBBL,56,47,500,214.00,"107,000.00"
2019-04-15,2019041501004426,KBBL,56,41,500,215.00,"107,500.00"
2019-04-15,2019041501004425,KBBL,56,53,100,215.00,"21,500.00"
2019-04-15,2019041501004424,KBBL,56,57,400,215.00,"86,000.00"
2019-04-15,2019041501004873,KBL,33,39,100,262.00,"26,200.00"
2019-04-15,2019041501004839,KBL,33,42,400,262.00,"104,800.00"
2019-04-15,2019041501004838,KBL,33,21,36,262.00,"9,432.00"
2019-04-15,2019041501004821,KBL,29,35,61,261.00,"15,921.00"
2019-04-15,2019041501004678,KBL,29,21,30,262.00,"7,860.00"
2019-04-15,2019041501004620,KBL,42,21,15,262.00,"3,930.00"
2019-04-15,2019041501004488,KBL,33,32,"1,000",262.00,"262,000.00"
2019-04-15,2019041501004487,KBL,42,32,300,262.00,"78,600.00"
2019-04-15,2019041501004486,KBL,45,32,200,262.00,"52,400.00"
2019-04-15,2019041501004485,KBL,36,32,500,262.00,"131,000.00"
2019-04-15,2019041501004484,KBL,57,32,70,262.00,"18,340.00"
2019-04-15,2019041501004483,KBL,40,32,50,262.00,"13,100.00"
2019-04-15,2019041501004532,KBL,45,21,500,262.00,"131,000.00"
2019-04-15,2019041501004531,KBL,17,21,419,262.00,"109,778.00"
2019-04-15,2019041501004529,KBL,17,20,81,262.00,"21,222.00"
2019-04-15,2019041501004528,KBL,44,20,50,262.00,"13,100.00"
2019-04-15,2019041501004527,KBL,5,20,269,262.00,"70,478.00"
2019-04-15,2019041501004489,KBL,5,32,31,262.00,"8,122.00"
2019-04-15,2019041501004588,KMCDB,48,34,10,822.00,"8,220.00"
2019-04-15,2019041501004882,KPCL,56,4,10,91.00,910.00
2019-04-15,2019041501004668,KRBL,41,45,50,101.00,"5,050.00"
2019-04-15,2019041501004650,KSBBL,4,4,3,144.00,432.00
2019-04-15,2019041501004629,KSBBL,38,25,25,143.00,"3,575.00"
2019-04-15,2019041501004617,KSBBL,4,4,3,144.00,432.00
2019-04-15,2019041501004556,KSBBL,4,4,4,144.00,576.00
2019-04-15,2019041501004514,KSBBL,4,4,4,144.00,576.00
2019-04-15,2019041501004460,KSBBL,4,4,3,144.00,432.00
2019-04-15,2019041501004820,LBBL,39,32,191,172.00,"32,852.00"
2019-04-15,2019041501004819,LBBL,39,43,250,172.00,"43,000.00"
2019-04-15,2019041501004818,LBBL,39,41,559,172.00,"96,148.00"
2019-04-15,2019041501004767,LBL,25,45,31,208.00,"6,448.00"
2019-04-15,2019041501004864,LGIL,51,34,70,506.00,"35,420.00"
2019-04-15,2019041501004842,LGIL,48,19,35,507.00,"17,745.00"
2019-04-15,2019041501004676,LLBS,10,28,100,795.00,"79,500.00"
2019-04-15,2019041501004675,LLBS,10,5,10,795.00,"7,950.00"
2019-04-15,2019041501004674,LLBS,10,52,100,794.00,"79,400.00"
2019-04-15,2019041501004431,LVF1,28,4,"3,200",9.55,"30,560.00"
2019-04-15,2019041501004853,MBL,45,28,200,241.00,"48,200.00"
2019-04-15,2019041501004790,MBL,26,6,129,240.00,"30,960.00"
2019-04-15,2019041501004789,MBL,26,1,962,240.00,"230,880.00"
2019-04-15,2019041501004788,MBL,26,34,80,240.00,"19,200.00"
2019-04-15,2019041501004787,MBL,26,51,"1,200",240.00,"288,000.00"
2019-04-15,2019041501004758,MBL,36,51,500,240.00,"120,000.00"
2019-04-15,2019041501004463,MBL,49,51,300,240.00,"72,000.00"
2019-04-15,2019041501004441,MBL,26,25,776,239.00,"185,464.00"
2019-04-15,2019041501004418,MBL,45,25,224,239.00,"53,536.00"
2019-04-15,2019041501004859,MEGA,36,29,121,171.00,"20,691.00"
2019-04-15,2019041501004858,MEGA,36,32,379,171.00,"64,809.00"
2019-04-15,2019041501004817,MEGA,22,32,421,171.00,"71,991.00"
2019-04-15,2019041501004816,MEGA,22,34,500,171.00,"85,500.00"
2019-04-15,2019041501004815,MEGA,22,51,50,171.00,"8,550.00"
2019-04-15,2019041501004814,MEGA,22,33,413,171.00,"70,623.00"
2019-04-15,2019041501004607,MEGA,34,34,101,170.00,"17,170.00"
2019-04-15,2019041501004589,MEGA,34,34,101,170.00,"17,170.00"
2019-04-15,2019041501004587,MEGA,20,33,87,171.00,"14,877.00"
2019-04-15,2019041501004586,MEGA,20,38,50,171.00,"8,550.00"
2019-04-15,2019041501004585,MEGA,20,29,63,171.00,"10,773.00"
2019-04-15,2019041501004539,MEGA,34,36,15,170.00,"2,550.00"
2019-04-15,2019041501004774,MERO,25,34,16,591.00,"9,456.00"
2019-04-15,2019041501004580,MERO,34,49,200,581.00,"116,200.00"
2019-04-15,2019041501004439,MERO,33,22,20,570.00,"11,400.00"
2019-04-15,2019041501004603,MLBL,33,4,10,178.00,"1,780.00"
2019-04-15,2019041501004469,MLBL,26,43,"1,397",175.00,"244,475.00"
2019-04-15,2019041501004468,MLBL,26,57,200,175.00,"35,000.00"
2019-04-15,2019041501004427,MMFDB,57,21,41,920.00,"37,720.00"
2019-04-15,2019041501004904,MNBBL,43,1,800,360.00,"288,000.00"
2019-04-15,2019041501004903,MNBBL,53,1,200,360.00,"72,000.00"
2019-04-15,2019041501004878,MNBBL,53,1,100,360.00,"36,000.00"
2019-04-15,2019041501004745,MNBBL,56,58,582,359.00,"208,938.00"
2019-04-15,2019041501004723,MNBBL,56,46,44,359.00,"15,796.00"
2019-04-15,2019041501004722,MNBBL,45,46,69,359.00,"24,771.00"
2019-04-15,2019041501004615,MNBBL,45,25,31,359.00,"11,129.00"
2019-04-15,2019041501004409,MNBBL,4,17,77,359.00,"27,643.00"
2019-04-15,2019041501004663,NABIL,11,17,177,746.00,"132,042.00"
2019-04-15,2019041501004659,NABIL,11,50,200,745.00,"149,000.00"
2019-04-15,2019041501004658,NABIL,11,7,20,745.00,"14,900.00"
2019-04-15,2019041501004837,NABILP,58,28,100,727.00,"72,700.00"
2019-04-15,2019041501004694,NABILP,59,53,500,725.00,"362,500.00"
2019-04-15,2019041501004687,NABILP,59,6,"1,000",724.00,"724,000.00"
2019-04-15,2019041501004693,NADEP,5,42,10,621.00,"6,210.00"
2019-04-15,2019041501004630,NADEP,5,44,20,621.00,"12,420.00"
2019-04-15,2019041501004618,NADEP,5,44,10,621.00,"6,210.00"
2019-04-15,2019041501004601,NADEP,5,44,10,621.00,"6,210.00"
2019-04-15,2019041501004503,NADEP,28,1,30,620.00,"18,600.00"
2019-04-15,2019041501004596,NBB,28,21,35,210.00,"7,350.00"
2019-04-15,2019041501004808,NBL,36,44,500,296.00,"148,000.00"
2019-04-15,2019041501004737,NBL,45,46,155,295.00,"45,725.00"
2019-04-15,2019041501004736,NBL,32,46,500,295.00,"147,500.00"
2019-04-15,2019041501004735,NBL,38,46,500,295.00,"147,500.00"
2019-04-15,2019041501004734,NBL,46,46,200,295.00,"59,000.00"
2019-04-15,2019041501004733,NBL,57,46,745,295.00,"219,775.00"
2019-04-15,2019041501004673,NBL,48,44,50,296.00,"14,800.00"
2019-04-15,2019041501004494,NBL,48,44,"1,630",296.00,"482,480.00"
2019-04-15,2019041501004757,NCCB,55,57,463,224.00,"103,712.00"
2019-04-15,2019041501004756,NCCB,17,57,"1,000",224.00,"224,000.00"
2019-04-15,2019041501004755,NCCB,59,57,100,225.00,"22,500.00"
2019-04-15,2019041501004754,NCCB,35,57,700,225.00,"157,500.00"
2019-04-15,2019041501004753,NCCB,32,57,"2,000",225.00,"450,000.00"
2019-04-15,2019041501004752,NCCB,32,57,237,225.00,"53,325.00"
2019-04-15,2019041501004717,NCCB,59,44,100,226.00,"22,600.00"
2019-04-15,2019041501004763,NCDB,26,5,100,135.00,"13,500.00"
2019-04-15,2019041501004667,NHDL,56,46,10,125.00,"1,250.00"
2019-04-15,2019041501004578,NHDL,56,44,10,125.00,"1,250.00"
2019-04-15,2019041501004866,NHPC,20,58,"1,000",71.00,"71,000.00"
2019-04-15,2019041501004772,NHPC,42,58,"1,975",71.00,"140,225.00"
2019-04-15,2019041501004727,NHPC,42,36,950,71.00,"67,450.00"
2019-04-15,2019041501004726,NHPC,42,17,75,71.00,"5,325.00"
2019-04-15,2019041501004407,NHPC,59,36,50,71.00,"3,550.00"
2019-04-15,2019041501004897,NIB,19,34,20,547.00,"10,940.00"
2019-04-15,2019041501004847,NIB,59,44,14,548.00,"7,672.00"
2019-04-15,2019041501004751,NIB,59,47,54,548.00,"29,592.00"
2019-04-15,2019041501004750,NIB,59,1,30,548.00,"16,440.00"
2019-04-15,2019041501004633,NIB,29,45,254,549.00,"139,446.00"
2019-04-15,2019041501004632,NIB,29,35,46,549.00,"25,254.00"
2019-04-15,2019041501004554,NIB,39,41,83,548.00,"45,484.00"
2019-04-15,2019041501004627,NIB,19,42,84,547.00,"45,948.00"
2019-04-15,2019041501004626,NIB,49,42,42,547.00,"22,974.00"
2019-04-15,2019041501004625,NIB,17,42,200,547.00,"109,400.00"
2019-04-15,2019041501004624,NIB,57,42,100,547.00,"54,700.00"
2019-04-15,2019041501004623,NIB,6,42,57,547.00,"31,179.00"
2019-04-15,2019041501004622,NIB,39,42,17,548.00,"9,316.00"
2019-04-15,2019041501004636,NICA,40,42,22,469.00,"10,318.00"
2019-04-15,2019041501004635,NICA,44,42,50,469.00,"23,450.00"
2019-04-15,2019041501004634,NICA,54,42,928,469.00,"435,232.00"
2019-04-15,2019041501004430,NICA,1,46,123,470.00,"57,810.00"
2019-04-15,2019041501004429,NICA,1,50,500,470.00,"235,000.00"
2019-04-15,2019041501004428,NICA,1,53,300,470.00,"141,000.00"
2019-04-15,2019041501004863,NICL,16,34,100,376.00,"37,600.00"
2019-04-15,2019041501004577,NICL,34,48,35,372.00,"13,020.00"
2019-04-15,2019041501004562,NICL,38,48,10,376.00,"3,760.00"
2019-04-15,2019041501004576,NICL,34,48,15,372.00,"5,580.00"
2019-04-15,2019041501004567,NICL,53,48,50,373.00,"18,650.00"
2019-04-15,2019041501004566,NICL,45,48,70,373.00,"26,110.00"
2019-04-15,2019041501004565,NICL,58,48,200,374.00,"74,800.00"
2019-04-15,2019041501004564,NICL,34,48,100,375.00,"37,500.00"
2019-04-15,2019041501004563,NICL,45,48,20,375.00,"7,500.00"
2019-04-15,2019041501004724,NIL,32,38,50,522.00,"26,100.00"
2019-04-15,2019041501004598,NLG,39,41,100,830.00,"83,000.00"
2019-04-15,2019041501004597,NLG,39,40,40,829.00,"33,160.00"
2019-04-15,2019041501004462,NLG,57,45,43,825.00,"35,475.00"
2019-04-15,2019041501004895,NLIC,4,48,13,"1,096.00","14,248.00"
2019-04-15,2019041501004881,NLIC,4,48,17,"1,096.00","18,632.00"
2019-04-15,2019041501004606,NLICL,3,40,20,592.00,"11,840.00"
2019-04-15,2019041501004410,NLICL,1,43,160,588.00,"94,080.00"
2019-04-15,2019041501004890,NMB,50,17,200,361.00,"72,200.00"
2019-04-15,2019041501004883,NMB,25,17,100,361.00,"36,100.00"
2019-04-15,2019041501004849,NMB,25,17,400,361.00,"144,400.00"
2019-04-15,2019041501004848,NMB,57,17,300,361.00,"108,300.00"
2019-04-15,2019041501004834,NMB,11,45,200,362.00,"72,400.00"
2019-04-15,2019041501004833,NMB,11,45,100,362.00,"36,200.00"
2019-04-15,2019041501004500,NMB,11,17,37,360.00,"13,320.00"
2019-04-15,2019041501004499,NMB,11,17,37,360.00,"13,320.00"
2019-04-15,2019041501004498,NMB,11,6,388,360.00,"139,680.00"
2019-04-15,2019041501004448,NMB,4,32,12,359.00,"4,308.00"
2019-04-15,2019041501004433,NMB,4,32,12,359.00,"4,308.00"
2019-04-15,2019041501004518,NMB,58,17,30,360.00,"10,800.00"
2019-04-15,2019041501004517,NMB,58,17,25,360.00,"9,000.00"
2019-04-15,2019041501004516,NMB,58,57,50,360.00,"18,000.00"
2019-04-15,2019041501004515,NMB,58,17,12,360.00,"4,320.00"
2019-04-15,2019041501004502,NMB,11,17,13,360.00,"4,680.00"
2019-04-15,2019041501004501,NMB,11,17,25,360.00,"9,000.00"
2019-04-15,2019041501004524,NMB,58,6,"2,000",360.00,"720,000.00"
2019-04-15,2019041501004523,NMB,58,43,500,360.00,"180,000.00"
2019-04-15,2019041501004522,NMB,58,45,500,360.00,"180,000.00"
2019-04-15,2019041501004521,NMB,58,41,100,360.00,"36,000.00"
2019-04-15,2019041501004520,NMB,58,39,200,360.00,"72,000.00"
2019-04-15,2019041501004519,NMB,58,25,50,360.00,"18,000.00"
2019-04-15,2019041501004685,NMB,45,52,806,360.00,"290,160.00"
2019-04-15,2019041501004672,NMB,45,42,194,360.00,"69,840.00"
2019-04-15,2019041501004642,NMB,40,42,50,360.00,"18,000.00"
2019-04-15,2019041501004641,NMB,58,42,756,360.00,"272,160.00"
2019-04-15,2019041501004616,NMB,58,39,577,360.00,"207,720.00"
2019-04-15,2019041501004609,NMB,58,45,200,360.00,"72,000.00"
2019-04-15,2019041501004731,NMB,58,38,40,360.00,"14,400.00"
2019-04-15,2019041501004725,NMB,58,38,30,360.00,"10,800.00"
2019-04-15,2019041501004714,NMB,58,45,150,360.00,"54,000.00"
2019-04-15,2019041501004705,NMB,58,35,45,360.00,"16,200.00"
2019-04-15,2019041501004704,NMB,58,52,494,360.00,"177,840.00"
2019-04-15,2019041501004701,NMB,39,52,300,360.00,"108,000.00"
2019-04-15,2019041501004831,NMB,11,49,700,361.00,"252,700.00"
2019-04-15,2019041501004777,NMB,5,45,300,362.00,"108,600.00"
2019-04-15,2019041501004776,NMB,5,38,200,362.00,"72,400.00"
2019-04-15,2019041501004749,NMB,1,52,63,361.00,"22,743.00"
2019-04-15,2019041501004748,NMB,1,28,500,361.00,"180,500.00"
2019-04-15,2019041501004747,NMB,1,33,497,361.00,"179,417.00"
2019-04-15,2019041501004509,NMBSF1,35,45,"5,000",10.49,"52,450.00"
2019-04-15,2019041501004508,NMBSF1,35,45,"3,000",10.49,"31,470.00"
2019-04-15,2019041501004647,NMFBS,56,45,20,"1,564.00","31,280.00"
2019-04-15,2019041501004540,NMFBS,25,52,138,"1,563.00","215,694.00"
2019-04-15,2019041501004655,NTC,49,44,670,677.00,"453,590.00"
2019-04-15,2019041501004471,NUBL,42,42,41,808.00,"33,128.00"
2019-04-15,2019041501004412,OHL,41,51,15,456.00,"6,840.00"
2019-04-15,2019041501004602,OHL,41,16,29,456.00,"13,224.00"
2019-04-15,2019041501004530,PCBL,47,41,200,331.00,"66,200.00"
2019-04-15,2019041501004695,PFL,49,44,202,131.00,"26,462.00"
2019-04-15,2019041501004688,PFL,32,46,34,130.00,"4,420.00"
2019-04-15,2019041501004671,PFL,38,44,10,131.00,"1,310.00"
2019-04-15,2019041501004670,PFL,38,44,10,131.00,"1,310.00"
2019-04-15,2019041501004669,PFL,48,44,72,131.00,"9,432.00"
2019-04-15,2019041501004768,PIC,20,50,11,"1,010.00","11,110.00"
2019-04-15,2019041501004538,PIC,35,39,100,"1,011.00","101,100.00"
2019-04-15,2019041501004646,PLIC,50,54,13,452.00,"5,876.00"
2019-04-15,2019041501004645,PLIC,40,54,50,452.00,"22,600.00"
2019-04-15,2019041501004644,PLIC,25,54,100,452.00,"45,200.00"
2019-04-15,2019041501004643,PLIC,10,54,37,453.00,"16,761.00"
2019-04-15,2019041501004709,PMHPL,56,46,10,110.00,"1,100.00"
2019-04-15,2019041501004451,PMHPL,56,22,10,110.00,"1,100.00"
2019-04-15,2019041501004893,PRVU,56,38,446,251.00,"111,946.00"
2019-04-15,2019041501004892,PRVU,56,42,100,251.00,"25,100.00"
2019-04-15,2019041501004891,PRVU,56,8,454,251.00,"113,954.00"
2019-04-15,2019041501004857,PRVU,56,8,46,251.00,"11,546.00"
2019-04-15,2019041501004856,PRVU,56,45,40,251.00,"10,040.00"
2019-04-15,2019041501004855,PRVU,56,29,14,251.00,"3,514.00"
2019-04-15,2019041501004553,PRVU,29,6,500,250.00,"125,000.00"
2019-04-15,2019041501004513,PRVU,43,6,426,250.00,"106,500.00"
2019-04-15,2019041501004854,PRVU,56,38,900,251.00,"225,900.00"
2019-04-15,2019041501004713,PRVU,56,48,300,250.00,"75,000.00"
2019-04-15,2019041501004684,PRVU,25,48,100,250.00,"25,000.00"
2019-04-15,2019041501004614,PRVU,39,32,50,250.00,"12,500.00"
2019-04-15,2019041501004613,PRVU,39,6,259,250.00,"64,750.00"
2019-04-15,2019041501004621,RADHI,41,21,11,164.00,"1,804.00"
2019-04-15,2019041501004543,RBCL,3,32,20,"9,150.00","183,000.00"
2019-04-15,2019041501004542,RBCL,3,48,10,"9,150.00","91,500.00"
2019-04-15,2019041501004541,RBCL,3,20,13,"9,150.00","118,950.00"
2019-04-15,2019041501004481,RHPC,18,22,15,93.00,"1,395.00"
2019-04-15,2019041501004480,RHPC,1,22,10,94.00,940.00
2019-04-15,2019041501004880,RMDC,53,47,70,570.00,"39,900.00"
2019-04-15,2019041501004879,RMDC,53,6,40,569.00,"22,760.00"
2019-04-15,2019041501004874,RMDC,5,1,30,566.00,"16,980.00"
2019-04-15,2019041501004698,RMDC,58,47,30,570.00,"17,100.00"
2019-04-15,2019041501004512,RMDC,36,37,50,570.00,"28,500.00"
2019-04-15,2019041501004511,RMDC,36,53,100,570.00,"57,000.00"
2019-04-15,2019041501004415,RMDC,6,49,84,567.00,"47,628.00"
2019-04-15,2019041501004411,RMDC,5,59,15,566.00,"8,490.00"
2019-04-15,2019041501004510,RMDC,36,34,100,570.00,"57,000.00"
2019-04-15,2019041501004497,RMDC,6,19,50,569.00,"28,450.00"
2019-04-15,2019041501004474,RMDC,6,33,225,568.00,"127,800.00"
2019-04-15,2019041501004473,RMDC,6,34,48,568.00,"27,264.00"
2019-04-15,2019041501004472,RMDC,6,21,275,568.00,"156,200.00"
2019-04-15,2019041501004416,RMDC,6,28,100,567.00,"56,700.00"
2019-04-15,2019041501004561,RRHP,45,34,10,95.00,950.00
2019-04-15,2019041501004592,SANIMA,11,43,116,323.00,"37,468.00"
2019-04-15,2019041501004591,SANIMA,11,53,"1,000",323.00,"323,000.00"
2019-04-15,2019041501004590,SANIMA,11,21,100,323.00,"32,300.00"
2019-04-15,2019041501004475,SBI,11,57,100,412.00,"41,200.00"
2019-04-15,2019041501004810,SBL,42,39,21,316.00,"6,636.00"
2019-04-15,2019041501004766,SBL,11,42,21,315.00,"6,615.00"
2019-04-15,2019041501004638,SBL,45,39,50,316.00,"15,800.00"
2019-04-15,2019041501004637,SBL,34,39,828,316.00,"261,648.00"
2019-04-15,2019041501004570,SCB,17,37,10,582.00,"5,820.00"
2019-04-15,2019041501004534,SHINE,53,52,100,230.00,"23,000.00"
2019-04-15,2019041501004533,SHINE,57,52,300,230.00,"69,000.00"
2019-04-15,2019041501004778,SHIVM,44,46,100,307.00,"30,700.00"
2019-04-15,2019041501004719,SIC,25,25,65,"1,301.00","84,565.00"
2019-04-15,2019041501004794,SIL,40,25,100,600.00,"60,000.00"
2019-04-15,2019041501004793,SIL,44,25,50,600.00,"30,000.00"
2019-04-15,2019041501004792,SIL,6,25,20,600.00,"12,000.00"
2019-04-15,2019041501004791,SIL,17,25,50,601.00,"30,050.00"
2019-04-15,2019041501004482,SINDU,26,42,190,129.00,"24,510.00"
2019-04-15,2019041501004571,SLBSL,14,36,20,637.00,"12,740.00"
2019-04-15,2019041501004525,SLBSL,18,36,30,638.00,"19,140.00"
2019-04-15,2019041501004496,SLICL,13,44,30,527.00,"15,810.00"
2019-04-15,2019041501004807,SRBL,49,49,"1,830",236.00,"431,880.00"
2019-04-15,2019041501004806,SRBL,49,43,500,236.00,"118,000.00"
2019-04-15,2019041501004805,SRBL,49,49,70,235.00,"16,450.00"
2019-04-15,2019041501004804,SRBL,49,25,32,235.00,"7,520.00"
2019-04-15,2019041501004803,SRBL,49,48,84,235.00,"19,740.00"
2019-04-15,2019041501004796,SWBBL,42,17,150,860.00,"129,000.00"
2019-04-15,2019041501004795,SWBBL,49,17,50,861.00,"43,050.00"
2019-04-15,2019041501004775,SWBBL,49,26,50,861.00,"43,050.00"
2019-04-15,2019041501004732,SWBBL,54,11,100,865.00,"86,500.00"
2019-04-15,2019041501004619,TRH,48,33,10,238.00,"2,380.00"
2019-04-15,2019041501004492,TRH,58,33,10,234.00,"2,340.00"
2019-04-15,2019041501004861,UIC,57,57,20,823.00,"16,460.00"
2019-04-15,2019041501004860,UIC,57,21,20,822.00,"16,440.00"
2019-04-15,2019041501004764,UPCL,54,26,200,92.00,"18,400.00"
2019-04-15,2019041501004444,UPCL,54,57,50,92.00,"4,600.00"
2019-04-15,2019041501004443,UPCL,54,57,50,92.00,"4,600.00"
2019-04-15,2019041501004442,UPCL,54,57,50,92.00,"4,600.00"
2019-04-15,2019041501004905,UPPER,10,6,235,228.00,"53,580.00"
2019-04-15,2019041501004889,UPPER,10,6,265,228.00,"60,420.00"
2019-04-15,2019041501004888,UPPER,13,6,"1,400",228.00,"319,200.00"
2019-04-15,2019041501004887,UPPER,58,6,15,228.00,"3,420.00"
2019-04-15,2019041501004886,UPPER,34,6,500,228.00,"114,000.00"
2019-04-15,2019041501004885,UPPER,43,6,500,228.00,"114,000.00"
2019-04-15,2019041501004455,UPPER,33,22,50,229.00,"11,450.00"
2019-04-15,2019041501004452,UPPER,33,58,50,229.00,"11,450.00"
2019-04-15,2019041501004438,UPPER,33,58,40,229.00,"9,160.00"
2019-04-15,2019041501004432,UPPER,33,22,40,229.00,"9,160.00"
2019-04-15,2019041501004558,UPPER,33,36,300,229.00,"68,700.00"
2019-04-15,2019041501004555,UPPER,33,4,40,229.00,"9,160.00"
2019-04-15,2019041501004537,UPPER,33,42,50,229.00,"11,450.00"
2019-04-15,2019041501004526,UPPER,33,4,50,229.00,"11,450.00"
2019-04-15,2019041501004504,UPPER,33,42,100,229.00,"22,900.00"
2019-04-15,2019041501004457,UPPER,33,58,40,229.00,"9,160.00"
2019-04-15,2019041501004639,UPPER,33,42,40,229.00,"9,160.00"
2019-04-15,2019041501004631,UPPER,33,4,40,229.00,"9,160.00"
2019-04-15,2019041501004608,UPPER,33,58,40,229.00,"9,160.00"
2019-04-15,2019041501004600,UPPER,33,37,50,229.00,"11,450.00"
2019-04-15,2019041501004584,UPPER,33,37,50,229.00,"11,450.00"
2019-04-15,2019041501004582,UPPER,33,34,40,229.00,"9,160.00"
2019-04-15,2019041501004682,UPPER,33,49,40,229.00,"9,160.00"
2019-04-15,2019041501004666,UPPER,33,58,40,229.00,"9,160.00"
2019-04-15,2019041501004661,UPPER,33,49,50,229.00,"11,450.00"
2019-04-15,2019041501004657,UPPER,33,58,40,229.00,"9,160.00"
2019-04-15,2019041501004654,UPPER,33,44,40,229.00,"9,160.00"
2019-04-15,2019041501004651,UPPER,33,58,50,229.00,"11,450.00"
2019-04-15,2019041501004718,UPPER,33,42,50,229.00,"11,450.00"
2019-04-15,2019041501004716,UPPER,33,49,50,229.00,"11,450.00"
2019-04-15,2019041501004715,UPPER,33,58,50,229.00,"11,450.00"
2019-04-15,2019041501004702,UPPER,33,58,40,229.00,"9,160.00"
2019-04-15,2019041501004699,UPPER,33,49,50,229.00,"11,450.00"
2019-04-15,2019041501004692,UPPER,33,58,40,229.00,"9,160.00"
2019-04-15,2019041501004765,UPPER,33,58,40,229.00,"9,160.00"
2019-04-15,2019041501004762,UPPER,33,58,50,229.00,"11,450.00"
2019-04-15,2019041501004746,UPPER,33,58,40,229.00,"9,160.00"
2019-04-15,2019041501004739,UPPER,33,58,50,229.00,"11,450.00"
2019-04-15,2019041501004728,UPPER,33,58,40,229.00,"9,160.00"
2019-04-15,2019041501004721,UPPER,33,58,40,229.00,"9,160.00"
2019-04-15,2019041501004783,UPPER,36,28,50,230.00,"11,500.00"
2019-04-15,2019041501004782,UPPER,36,49,40,230.00,"9,200.00"
2019-04-15,2019041501004781,UPPER,36,22,40,230.00,"9,200.00"
2019-04-15,2019041501004780,UPPER,36,22,40,230.00,"9,200.00"
2019-04-15,2019041501004771,UPPER,32,58,10,229.00,"2,290.00"
2019-04-15,2019041501004770,UPPER,33,58,30,229.00,"6,870.00"
2019-04-15,2019041501004884,UPPER,58,6,870,228.00,"198,360.00"
2019-04-15,2019041501004822,UPPER,58,44,50,228.00,"11,400.00"
2019-04-15,2019041501004799,UPPER,32,46,40,229.00,"9,160.00"
2019-04-15,2019041501004785,UPPER,36,6,290,230.00,"66,700.00"
2019-04-15,2019041501004784,UPPER,36,6,40,230.00,"9,200.00"
2019-04-15,2019041501004743,VLBS,50,6,100,637.00,"63,700.00"
2019-04-15,2019041501004226,ADBL,4,39,547,318.00,"173,946.00"
2019-04-15,2019041501004225,ADBL,4,17,288,318.00,"91,584.00"
2019-04-15,2019041501004224,ADBL,4,49,200,317.00,"63,400.00"
2019-04-15,2019041501004223,ADBL,4,43,465,317.00,"147,405.00"
2019-04-15,2019041501004190,ADBL,7,28,10,316.00,"3,160.00"
2019-04-15,2019041501004127,ADBL,17,43,35,317.00,"11,095.00"
2019-04-15,2019041501004104,ADBL,7,17,35,316.00,"11,060.00"
2019-04-15,2019041501004039,ADBL,7,28,500,316.00,"158,000.00"
2019-04-15,2019041501004346,AKJCL,25,44,10,79.00,790.00
2019-04-15,2019041501004324,AKJCL,25,44,20,79.00,"1,580.00"
2019-04-15,2019041501004287,AKJCL,25,44,10,79.00,790.00
2019-04-15,2019041501004252,AKJCL,25,44,10,79.00,790.00
2019-04-15,2019041501004249,AKJCL,11,44,10,79.00,790.00
2019-04-15,2019041501004189,AKJCL,11,44,20,79.00,"1,580.00"
2019-04-15,2019041501004167,AKJCL,11,44,20,79.00,"1,580.00"
2019-04-15,2019041501004153,AKJCL,11,44,20,79.00,"1,580.00"
2019-04-15,2019041501004145,AKJCL,11,44,20,79.00,"1,580.00"
2019-04-15,2019041501004113,AKJCL,11,44,10,79.00,790.00
2019-04-15,2019041501004009,AKJCL,11,48,10,80.00,800.00
2019-04-15,2019041501004355,ALBSL,46,48,10,467.00,"4,670.00"
2019-04-15,2019041501004323,ALBSL,46,33,10,467.00,"4,670.00"
2019-04-15,2019041501004282,ALBSL,46,4,10,467.00,"4,670.00"
2019-04-15,2019041501004126,ALBSL,59,28,60,466.00,"27,960.00"
2019-04-15,2019041501004097,ALBSL,25,28,10,465.00,"4,650.00"
2019-04-15,2019041501004067,ALBSL,17,54,230,473.00,"108,790.00"
2019-04-15,2019041501004060,ALBSL,17,49,10,468.00,"4,680.00"
2019-04-15,2019041501004003,ALBSL,25,28,10,465.00,"4,650.00"
2019-04-15,2019041501003935,ALBSL,25,16,10,465.00,"4,650.00"
2019-04-15,2019041501004066,ALBSL,17,22,40,472.00,"18,880.00"
2019-04-15,2019041501004065,ALBSL,17,14,10,472.00,"4,720.00"
2019-04-15,2019041501004064,ALBSL,17,50,50,472.00,"23,600.00"
2019-04-15,2019041501004063,ALBSL,17,6,10,470.00,"4,700.00"
2019-04-15,2019041501004062,ALBSL,17,4,10,469.00,"4,690.00"
2019-04-15,2019041501004061,ALBSL,17,4,10,469.00,"4,690.00"
2019-04-15,2019041501004376,API,42,22,11,132.00,"1,452.00"
2019-04-15,2019041501004273,API,25,41,50,133.00,"6,650.00"
2019-04-15,2019041501004331,BOKL,52,52,"1,100",263.00,"289,300.00"
2019-04-15,2019041501004304,BOKL,7,50,"1,000",263.00,"263,000.00"
2019-04-15,2019041501004220,BOKL,49,6,150,263.00,"39,450.00"
2019-04-15,2019041501004219,BOKL,49,50,"1,000",263.00,"263,000.00"
2019-04-15,2019041501004218,BOKL,49,13,17,263.00,"4,471.00"
2019-04-15,2019041501004001,BOKL,6,5,41,262.00,"10,742.00"
2019-04-15,2019041501003934,BOKL,6,5,384,262.00,"100,608.00"
2019-04-15,2019041501003933,BOKL,51,5,24,262.00,"6,288.00"
2019-04-15,2019041501003913,BPCL,57,57,2,355.00,710.00
2019-04-15,2019041501004405,CBBL,39,26,50,937.00,"46,850.00"
2019-04-15,2019041501004398,CBBL,39,26,100,937.00,"93,700.00"
2019-04-15,2019041501004391,CBBL,39,26,50,937.00,"46,850.00"
2019-04-15,2019041501004390,CBBL,39,53,50,937.00,"46,850.00"
2019-04-15,2019041501004377,CBBL,39,53,50,937.00,"46,850.00"
2019-04-15,2019041501004279,CBBL,50,53,100,938.00,"93,800.00"
2019-04-15,2019041501003963,CBBL,51,1,29,927.00,"26,883.00"
2019-04-15,2019041501003962,CBBL,51,43,30,926.00,"27,780.00"
2019-04-15,2019041501004006,CBBL,45,53,50,930.00,"46,500.00"
2019-04-15,2019041501003968,CBBL,51,50,50,929.00,"46,450.00"
2019-04-15,2019041501003967,CBBL,51,5,100,929.00,"92,900.00"
2019-04-15,2019041501003966,CBBL,51,29,50,928.00,"46,400.00"
2019-04-15,2019041501003965,CBBL,51,33,190,928.00,"176,320.00"
2019-04-15,2019041501003964,CBBL,51,28,50,927.00,"46,350.00"
2019-04-15,2019041501004120,CBBL,5,50,40,931.00,"37,240.00"
2019-04-15,2019041501004079,CBBL,39,47,39,930.00,"36,270.00"
2019-04-15,2019041501004078,CBBL,39,6,11,929.00,"10,219.00"
2019-04-15,2019041501004050,CBBL,39,6,50,929.00,"46,450.00"
2019-04-15,2019041501004008,CBBL,45,47,59,930.00,"54,870.00"
2019-04-15,2019041501004007,CBBL,45,43,91,930.00,"84,630.00"
2019-04-15,2019041501004176,CBBL,4,16,100,935.00,"93,500.00"
2019-04-15,2019041501004175,CBBL,34,16,100,935.00,"93,500.00"
2019-04-15,2019041501004159,CBBL,4,50,100,933.00,"93,300.00"
2019-04-15,2019041501004158,CBBL,4,42,50,933.00,"46,650.00"
2019-04-15,2019041501004122,CBBL,5,28,91,932.00,"84,812.00"
2019-04-15,2019041501004121,CBBL,5,44,200,931.00,"186,200.00"
2019-04-15,2019041501004275,CBBL,58,53,50,938.00,"46,900.00"
2019-04-15,2019041501004272,CBBL,1,28,100,937.00,"93,700.00"
2019-04-15,2019041501004203,CBBL,5,53,50,937.00,"46,850.00"
2019-04-15,2019041501004202,CBBL,5,45,12,937.00,"11,244.00"
2019-04-15,2019041501004195,CBBL,4,25,100,936.00,"93,600.00"
2019-04-15,2019041501004182,CBBL,4,25,100,936.00,"93,600.00"
2019-04-15,2019041501004378,CBL,38,52,100,163.00,"16,300.00"
2019-04-15,2019041501004246,CBL,43,52,51,163.00,"8,313.00"
2019-04-15,2019041501004245,CBL,43,32,150,163.00,"24,450.00"
2019-04-15,2019041501004244,CBL,43,59,100,163.00,"16,300.00"
2019-04-15,2019041501004243,CBL,43,32,650,163.00,"105,950.00"
2019-04-15,2019041501004242,CBL,43,51,500,163.00,"81,500.00"
2019-04-15,2019041501004241,CBL,43,29,160,163.00,"26,080.00"
2019-04-15,2019041501004240,CBL,43,49,"1,389",163.00,"226,407.00"
2019-04-15,2019041501004071,CBL,41,13,100,162.00,"16,200.00"
2019-04-15,2019041501004070,CBL,41,58,100,162.00,"16,200.00"
2019-04-15,2019041501004069,CBL,41,41,"1,652",162.00,"267,624.00"
2019-04-15,2019041501003953,CCBL,19,57,252,164.00,"41,328.00"
2019-04-15,2019041501003924,CCBL,19,57,89,164.00,"14,596.00"
2019-04-15,2019041501004394,CHCL,11,45,99,505.00,"49,995.00"
2019-04-15,2019041501004311,CHCL,11,57,100,505.00,"50,500.00"
2019-04-15,2019041501004310,CHCL,11,35,159,505.00,"80,295.00"
2019-04-15,2019041501004309,CHCL,11,1,50,504.00,"25,200.00"
2019-04-15,2019041501004308,CHCL,11,13,24,504.00,"12,096.00"
2019-04-15,2019041501004194,CHLBS,17,40,10,476.00,"4,760.00"
2019-04-15,2019041501004131,CHLBS,21,40,10,475.00,"4,750.00"
2019-04-15,2019041501004076,CHLBS,17,29,10,479.00,"4,790.00"
2019-04-15,2019041501004075,CHLBS,17,40,100,478.00,"47,800.00"
2019-04-15,2019041501004013,CHLBS,21,40,10,475.00,"4,750.00"
2019-04-15,2019041501004012,CHLBS,34,40,500,477.00,"238,500.00"
2019-04-15,2019041501004207,CLBSL,44,25,25,580.00,"14,500.00"
2019-04-15,2019041501004206,CLBSL,44,28,100,579.00,"57,900.00"
2019-04-15,2019041501004205,CLBSL,44,45,16,578.00,"9,248.00"
2019-04-15,2019041501004350,CZBIL,32,17,444,222.00,"98,568.00"
2019-04-15,2019041501004349,CZBIL,32,26,56,222.00,"12,432.00"
2019-04-15,2019041501004196,CZBIL,16,36,500,221.00,"110,500.00"
2019-04-15,2019041501004187,CZBIL,16,43,200,221.00,"44,200.00"
2019-04-15,2019041501004186,CZBIL,16,26,150,221.00,"33,150.00"
2019-04-15,2019041501004105,CZBIL,26,38,10,220.00,"2,200.00"
2019-04-15,2019041501004330,DDBL,29,42,79,625.00,"49,375.00"
2019-04-15,2019041501004329,DDBL,29,33,110,625.00,"68,750.00"
2019-04-15,2019041501004328,DDBL,29,21,40,625.00,"25,000.00"
2019-04-15,2019041501004327,DDBL,29,39,11,625.00,"6,875.00"
2019-04-15,2019041501004326,DDBL,29,42,100,623.00,"62,300.00"
2019-04-15,2019041501004325,DDBL,29,53,10,623.00,"6,230.00"
2019-04-15,2019041501004031,DDBL,50,53,50,620.00,"31,000.00"
2019-04-15,2019041501004025,DDBL,45,53,50,620.00,"31,000.00"
2019-04-15,2019041501004024,DDBL,45,1,200,620.00,"124,000.00"
2019-04-15,2019041501004023,DDBL,45,21,50,619.00,"30,950.00"
2019-04-15,2019041501004010,DDBL,33,21,16,616.00,"9,856.00"
2019-04-15,2019041501004230,DDBL,48,53,50,623.00,"31,150.00"
2019-04-15,2019041501004179,DDBL,49,21,50,623.00,"31,150.00"
2019-04-15,2019041501004155,DDBL,49,39,150,622.00,"93,300.00"
2019-04-15,2019041501004034,DDBL,50,34,200,621.00,"124,200.00"
2019-04-15,2019041501004033,DDBL,50,28,200,621.00,"124,200.00"
2019-04-15,2019041501004032,DDBL,50,51,55,620.00,"34,100.00"
2019-04-15,2019041501004336,EBL,7,43,10,604.00,"6,040.00"
2019-04-15,2019041501004294,EBL,37,43,50,604.00,"30,200.00"
2019-04-15,2019041501004180,EBL,25,28,10,603.00,"6,030.00"
2019-04-15,2019041501004403,EIC,41,7,435,"1,026.00","446,310.00"
2019-04-15,2019041501004402,EIC,58,7,10,"1,027.00","10,270.00"
2019-04-15,2019041501004362,EIC,19,7,13,"1,029.00","13,377.00"
2019-04-15,2019041501004361,EIC,19,49,37,"1,029.00","38,073.00"
2019-04-15,2019041501004102,EIC,41,49,15,"1,029.00","15,435.00"
2019-04-15,2019041501004052,EIC,58,5,10,"1,027.00","10,270.00"
2019-04-15,2019041501004296,FMDBL,5,50,100,393.00,"39,300.00"
2019-04-15,2019041501004288,FMDBL,17,36,200,394.00,"78,800.00"
2019-04-15,2019041501004258,FMDBL,4,28,300,394.00,"118,200.00"
2019-04-15,2019041501004247,FMDBL,34,28,200,394.00,"78,800.00"
2019-04-15,2019041501004228,FMDBL,34,37,50,395.00,"19,750.00"
2019-04-15,2019041501004201,FMDBL,10,32,300,393.00,"117,900.00"
2019-04-15,2019041501003984,FMDBL,34,32,282,386.00,"108,852.00"
2019-04-15,2019041501003975,FMDBL,17,52,500,385.00,"192,500.00"
2019-04-15,2019041501003974,FMDBL,17,25,11,385.00,"4,235.00"
2019-04-15,2019041501003973,FMDBL,17,41,57,384.00,"21,888.00"
2019-04-15,2019041501004017,FMDBL,17,53,100,390.00,"39,000.00"
2019-04-15,2019041501004016,FMDBL,17,8,90,390.00,"35,100.00"
2019-04-15,2019041501004015,FMDBL,17,51,150,389.00,"58,350.00"
2019-04-15,2019041501004014,FMDBL,17,26,12,388.00,"4,656.00"
2019-04-15,2019041501003997,FMDBL,21,36,140,387.00,"54,180.00"
2019-04-15,2019041501003996,FMDBL,21,38,150,387.00,"58,050.00"
2019-04-15,2019041501004130,FMDBL,10,28,100,393.00,"39,300.00"
2019-04-15,2019041501004022,FMDBL,17,50,86,390.00,"33,540.00"
2019-04-15,2019041501004021,FMDBL,17,19,100,390.00,"39,000.00"
2019-04-15,2019041501004020,FMDBL,17,28,500,390.00,"195,000.00"
2019-04-15,2019041501004019,FMDBL,17,17,100,390.00,"39,000.00"
2019-04-15,2019041501004018,FMDBL,17,6,100,390.00,"39,000.00"
2019-04-15,2019041501004303,FOWAD,45,41,15,"1,509.00","22,635.00"
2019-04-15,2019041501004028,FOWAD,33,49,115,"1,505.00","173,075.00"
2019-04-15,2019041501003940,FOWAD,49,49,50,"1,505.00","75,250.00"
2019-04-15,2019041501004055,GBIME,38,55,540,272.00,"146,880.00"
2019-04-15,2019041501004030,GBIME,38,55,460,272.00,"125,120.00"
2019-04-15,2019041501004029,GBIME,38,43,40,272.00,"10,880.00"
2019-04-15,2019041501003927,GBIME,43,25,379,271.00,"102,709.00"
2019-04-15,2019041501003926,GBIME,32,25,121,271.00,"32,791.00"
2019-04-15,2019041501004239,GBLBS,22,58,150,344.00,"51,600.00"
2019-04-15,2019041501003979,GBLBS,52,58,100,342.00,"34,200.00"
2019-04-15,2019041501003978,GBLBS,25,58,100,342.00,"34,200.00"
2019-04-15,2019041501003948,GBLBS,45,20,238,344.00,"81,872.00"
2019-04-15,2019041501003932,GBLBS,45,25,15,343.00,"5,145.00"
2019-04-15,2019041501003931,GBLBS,45,38,178,343.00,"61,054.00"
2019-04-15,2019041501003945,GLICL,29,22,100,514.00,"51,400.00"
2019-04-15,2019041501004112,GUFL,4,47,10,113.00,"1,130.00"
2019-04-15,2019041501004283,HBL,36,53,50,490.00,"24,500.00"
2019-04-15,2019041501003921,HIDCL,57,57,4,135.00,540.00
2019-04-15,2019041501004138,HPPL,28,49,10,178.00,"1,780.00"
2019-04-15,2019041501003907,HPPL,39,25,10,181.00,"1,810.00"
2019-04-15,2019041501003906,HPPL,39,49,10,180.00,"1,800.00"
2019-04-15,2019041501004295,ICFC,26,32,26,154.00,"4,004.00"
2019-04-15,2019041501004208,IGI,6,17,10,399.00,"3,990.00"
2019-04-15,2019041501004318,JBBL,22,42,150,138.00,"20,700.00"
2019-04-15,2019041501004317,JBBL,26,42,200,138.00,"27,600.00"
2019-04-15,2019041501004400,JBNL,26,43,200,183.00,"36,600.00"
2019-04-15,2019041501004109,JBNL,38,41,496,182.00,"90,272.00"
2019-04-15,2019041501004108,JBNL,50,41,"1,000",182.00,"182,000.00"
2019-04-15,2019041501004107,JBNL,50,41,404,182.00,"73,528.00"
2019-04-15,2019041501004026,JFL,36,33,50,168.00,"8,400.00"
2019-04-15,2019041501004305,JSLBB,51,21,10,"2,131.00","21,310.00"
2019-04-15,2019041501004353,KBL,49,34,500,263.00,"131,500.00"
2019-04-15,2019041501004315,KBL,20,34,100,263.00,"26,300.00"
2019-04-15,2019041501004276,KBL,39,34,200,263.00,"52,600.00"
2019-04-15,2019041501004177,KBL,57,34,11,263.00,"2,893.00"
2019-04-15,2019041501004027,KBL,26,34,100,263.00,"26,300.00"
2019-04-15,2019041501003983,KBL,47,34,350,263.00,"92,050.00"
2019-04-15,2019041501003943,KBL,40,17,450,262.00,"117,900.00"
2019-04-15,2019041501003942,KBL,5,17,100,262.00,"26,200.00"
2019-04-15,2019041501003941,KBL,51,17,50,262.00,"13,100.00"
2019-04-15,2019041501004332,KMCDB,35,35,421,813.00,"342,273.00"
2019-04-15,2019041501003930,KMCDB,17,7,168,814.00,"136,752.00"
2019-04-15,2019041501003929,KMCDB,17,34,116,814.00,"94,424.00"
2019-04-15,2019041501003928,KMCDB,17,39,50,813.00,"40,650.00"
2019-04-15,2019041501003908,KMCDB,39,39,10,813.00,"8,130.00"
2019-04-15,2019041501004123,KMCDB,48,34,10,829.00,"8,290.00"
2019-04-15,2019041501003995,KMCDB,54,50,70,823.00,"57,610.00"
2019-04-15,2019041501003961,KMCDB,48,6,30,819.00,"24,570.00"
2019-04-15,2019041501004114,KPCL,56,38,10,91.00,910.00
2019-04-15,2019041501004197,LBBL,29,28,10,171.00,"1,710.00"
2019-04-15,2019041501004379,LBL,42,53,42,208.00,"8,736.00"
2019-04-15,2019041501004238,LBL,16,53,300,208.00,"62,400.00"
2019-04-15,2019041501004299,LLBS,49,28,100,790.00,"79,000.00"
2019-04-15,2019041501004250,LLBS,50,42,300,788.00,"236,400.00"
2019-04-15,2019041501004236,MBL,32,29,62,239.00,"14,818.00"
2019-04-15,2019041501004235,MBL,32,33,337,239.00,"80,543.00"
2019-04-15,2019041501004234,MBL,32,35,21,239.00,"5,019.00"
2019-04-15,2019041501004233,MBL,32,43,349,239.00,"83,411.00"
2019-04-15,2019041501004166,MBL,32,43,151,239.00,"36,089.00"
2019-04-15,2019041501004165,MBL,32,13,200,239.00,"47,800.00"
2019-04-15,2019041501004164,MBL,32,47,49,239.00,"11,711.00"
2019-04-15,2019041501004285,MEGA,39,29,37,171.00,"6,327.00"
2019-04-15,2019041501004284,MEGA,39,42,163,171.00,"27,873.00"
2019-04-15,2019041501004281,MEGA,16,42,10,171.00,"1,710.00"
2019-04-15,2019041501004251,MEGA,34,10,116,170.00,"19,720.00"
2019-04-15,2019041501004345,MLBBL,54,3,11,480.00,"5,280.00"
2019-04-15,2019041501003958,MLBL,59,4,10,175.00,"1,750.00"
2019-04-15,2019041501003936,MMFDB,20,20,23,910.00,"20,930.00"
2019-04-15,2019041501004286,MNBBL,4,33,73,359.00,"26,207.00"
2019-04-15,2019041501004248,MNBBL,45,33,"1,000",359.00,"359,000.00"
2019-04-15,2019041501004204,MNBBL,22,33,200,359.00,"71,800.00"
2019-04-15,2019041501004322,MSMBS,46,6,110,535.00,"58,850.00"
2019-04-15,2019041501004321,MSMBS,46,34,100,534.00,"53,400.00"
2019-04-15,2019041501004320,MSMBS,46,43,22,533.00,"11,726.00"
2019-04-15,2019041501004319,MSMBS,46,45,11,532.00,"5,852.00"
2019-04-15,2019041501004237,NABIL,45,17,470,745.00,"350,150.00"
2019-04-15,2019041501003986,NABIL,36,17,30,745.00,"22,350.00"
2019-04-15,2019041501004298,NABILP,58,43,100,723.00,"72,300.00"
2019-04-15,2019041501004297,NABILP,58,43,285,722.00,"205,770.00"
2019-04-15,2019041501004265,NABILP,59,14,100,721.00,"72,100.00"
2019-04-15,2019041501004110,NABILP,11,44,500,720.00,"360,000.00"
2019-04-15,2019041501004082,NABILP,22,17,100,719.00,"71,900.00"
2019-04-15,2019041501004312,NADEP,28,16,10,620.00,"6,200.00"
2019-04-15,2019041501004174,NADEP,17,43,20,625.00,"12,500.00"
2019-04-15,2019041501004173,NADEP,17,14,20,625.00,"12,500.00"
2019-04-15,2019041501004172,NADEP,17,28,90,625.00,"56,250.00"
2019-04-15,2019041501004171,NADEP,17,57,20,624.00,"12,480.00"
2019-04-15,2019041501003914,NADEP,44,47,10,613.00,"6,130.00"
2019-04-15,2019041501003970,NADEP,45,1,10,615.00,"6,150.00"
2019-04-15,2019041501003969,NADEP,45,1,10,615.00,"6,150.00"
2019-04-15,2019041501003923,NADEP,39,45,10,614.00,"6,140.00"
2019-04-15,2019041501003922,NADEP,39,39,10,614.00,"6,140.00"
2019-04-15,2019041501003918,NADEP,44,47,10,613.00,"6,130.00"
2019-04-15,2019041501004005,NADEP,35,41,10,618.00,"6,180.00"
2019-04-15,2019041501004002,NADEP,35,34,10,618.00,"6,180.00"
2019-04-15,2019041501003994,NADEP,50,34,20,616.00,"12,320.00"
2019-04-15,2019041501003982,NADEP,32,59,100,616.00,"61,600.00"
2019-04-15,2019041501003971,NADEP,45,22,20,615.00,"12,300.00"
2019-04-15,2019041501004086,NADEP,32,39,10,619.00,"6,190.00"
2019-04-15,2019041501004085,NADEP,32,39,10,619.00,"6,190.00"
2019-04-15,2019041501004084,NADEP,32,39,10,619.00,"6,190.00"
2019-04-15,2019041501004040,NADEP,35,38,10,618.00,"6,180.00"
2019-04-15,2019041501004092,NADEP,32,34,20,620.00,"12,400.00"
2019-04-15,2019041501004091,NADEP,32,38,10,620.00,"6,200.00"
2019-04-15,2019041501004090,NADEP,32,40,60,620.00,"37,200.00"
2019-04-15,2019041501004089,NADEP,32,32,20,619.00,"12,380.00"
2019-04-15,2019041501004088,NADEP,32,39,10,619.00,"6,190.00"
2019-04-15,2019041501004087,NADEP,32,39,10,619.00,"6,190.00"
2019-04-15,2019041501004146,NADEP,35,28,10,618.00,"6,180.00"
2019-04-15,2019041501004137,NADEP,28,44,100,620.00,"62,000.00"
2019-04-15,2019041501004111,NADEP,28,44,100,620.00,"62,000.00"
2019-04-15,2019041501004095,NADEP,32,38,10,620.00,"6,200.00"
2019-04-15,2019041501004094,NADEP,32,5,10,620.00,"6,200.00"
2019-04-15,2019041501004093,NADEP,32,21,10,620.00,"6,200.00"
2019-04-15,2019041501004170,NADEP,17,43,20,624.00,"12,480.00"
2019-04-15,2019041501004169,NADEP,17,34,20,624.00,"12,480.00"
2019-04-15,2019041501004168,NADEP,17,38,20,624.00,"12,480.00"
2019-04-15,2019041501004163,NADEP,17,21,10,621.00,"6,210.00"
2019-04-15,2019041501004162,NADEP,17,32,20,621.00,"12,420.00"
2019-04-15,2019041501004154,NADEP,32,44,100,620.00,"62,000.00"
2019-04-15,2019041501004156,NBBL,37,28,20,600.00,"12,000.00"
2019-04-15,2019041501004106,NBBL,52,22,160,610.00,"97,600.00"
2019-04-15,2019041501004178,NBL,38,44,100,296.00,"29,600.00"
2019-04-15,2019041501004098,NBL,25,44,150,296.00,"44,400.00"
2019-04-15,2019041501004038,NBL,59,44,100,296.00,"29,600.00"
2019-04-15,2019041501004274,NCCB,32,51,250,225.00,"56,250.00"
2019-04-15,2019041501004184,NCCB,32,47,100,225.00,"22,500.00"
2019-04-15,2019041501004125,NCCB,32,22,413,225.00,"92,925.00"
2019-04-15,2019041501004124,NCCB,57,22,87,225.00,"19,575.00"
2019-04-15,2019041501003912,NCCB,51,44,50,226.00,"11,300.00"
2019-04-15,2019041501004399,NIB,10,22,14,548.00,"7,672.00"
2019-04-15,2019041501004185,NIB,6,28,10,547.00,"5,470.00"
2019-04-15,2019041501004227,NIBPO,11,50,160,510.00,"81,600.00"
2019-04-15,2019041501004392,NICA,54,44,72,469.00,"33,768.00"
2019-04-15,2019041501004375,NICA,21,44,200,469.00,"93,800.00"
2019-04-15,2019041501004374,NICA,25,44,766,469.00,"359,254.00"
2019-04-15,2019041501004360,NICA,11,53,200,470.00,"94,000.00"
2019-04-15,2019041501004359,NICA,11,6,500,470.00,"235,000.00"
2019-04-15,2019041501004358,NICA,11,13,100,470.00,"47,000.00"
2019-04-15,2019041501003939,NICA,45,56,92,469.00,"43,148.00"
2019-04-15,2019041501003917,NICA,45,5,108,469.00,"50,652.00"
2019-04-15,2019041501003916,NICA,54,5,654,469.00,"306,726.00"
2019-04-15,2019041501004291,NICA,25,17,264,469.00,"123,816.00"
2019-04-15,2019041501004290,NICA,25,42,160,469.00,"75,040.00"
2019-04-15,2019041501004280,NICA,20,42,100,469.00,"46,900.00"
2019-04-15,2019041501004148,NICA,37,42,45,469.00,"21,105.00"
2019-04-15,2019041501003980,NICA,54,22,828,469.00,"388,332.00"
2019-04-15,2019041501003947,NICA,54,56,172,469.00,"80,668.00"
2019-04-15,2019041501004357,NICA,11,13,100,470.00,"47,000.00"
2019-04-15,2019041501004356,NICA,11,28,100,470.00,"47,000.00"
2019-04-15,2019041501004348,NICA,25,42,140,469.00,"65,660.00"
2019-04-15,2019041501004342,NICA,25,42,70,469.00,"32,830.00"
2019-04-15,2019041501004293,NICA,25,43,100,469.00,"46,900.00"
2019-04-15,2019041501004292,NICA,25,4,"1,000",469.00,"469,000.00"
2019-04-15,2019041501004037,NIL,16,44,11,523.00,"5,753.00"
2019-04-15,2019041501004036,NIL,16,43,199,522.00,"103,878.00"
2019-04-15,2019041501004035,NIL,16,6,50,520.00,"26,000.00"
2019-04-15,2019041501004231,NLBBL,25,21,20,469.00,"9,380.00"
2019-04-15,2019041501004393,NLIC,6,34,14,"1,093.00","15,302.00"
2019-04-15,2019041501004337,NLIC,6,16,16,"1,093.00","17,488.00"
2019-04-15,2019041501004271,NLIC,22,32,100,"1,095.00","109,500.00"
2019-04-15,2019041501004270,NLIC,6,32,300,"1,095.00","328,500.00"
2019-04-15,2019041501004269,NLIC,8,32,36,"1,096.00","39,456.00"
2019-04-15,2019041501004268,NLIC,52,32,250,"1,097.00","274,250.00"
2019-04-15,2019041501004267,NLIC,35,32,10,"1,097.00","10,970.00"
2019-04-15,2019041501004266,NLIC,14,32,195,"1,097.00","213,915.00"
2019-04-15,2019041501004188,NLIC,22,33,100,"1,098.00","109,800.00"
2019-04-15,2019041501003976,NLIC,14,20,17,"1,097.00","18,649.00"
2019-04-15,2019041501003956,NLIC,20,33,17,"1,098.00","18,666.00"
2019-04-15,2019041501004373,NMB,4,6,612,360.00,"220,320.00"
2019-04-15,2019041501004372,NMB,4,50,"1,000",360.00,"360,000.00"
2019-04-15,2019041501004371,NMB,4,45,100,360.00,"36,000.00"
2019-04-15,2019041501004370,NMB,4,19,126,360.00,"45,360.00"
2019-04-15,2019041501004369,NMB,4,55,250,360.00,"90,000.00"
2019-04-15,2019041501004368,NMB,4,49,"1,500",360.00,"540,000.00"
2019-04-15,2019041501004256,NMB,10,41,452,359.00,"162,268.00"
2019-04-15,2019041501004147,NMB,10,45,548,359.00,"196,732.00"
2019-04-15,2019041501004083,NMB,22,45,228,359.00,"81,852.00"
2019-04-15,2019041501004081,NMB,22,6,22,359.00,"7,898.00"
2019-04-15,2019041501004049,NMB,22,43,350,359.00,"125,650.00"
2019-04-15,2019041501004367,NMB,4,17,300,360.00,"108,000.00"
2019-04-15,2019041501004366,NMB,4,45,12,360.00,"4,320.00"
2019-04-15,2019041501004365,NMB,4,21,50,360.00,"18,000.00"
2019-04-15,2019041501004364,NMB,4,34,50,360.00,"18,000.00"
2019-04-15,2019041501004343,NMB,4,41,200,359.00,"71,800.00"
2019-04-15,2019041501004257,NMB,4,41,548,359.00,"196,732.00"
2019-04-15,2019041501004347,NMBMF,54,16,15,"1,015.00","15,225.00"
2019-04-15,2019041501004307,NMBSF1,21,57,100,10.35,"1,035.00"
2019-04-15,2019041501004209,NMFBS,20,20,15,"1,550.00","23,250.00"
2019-04-15,2019041501004264,NSEWA,25,22,80,500.00,"40,000.00"
2019-04-15,2019041501004263,NSEWA,25,44,10,500.00,"5,000.00"
2019-04-15,2019041501004262,NSEWA,25,32,10,500.00,"5,000.00"
2019-04-15,2019041501004261,NSEWA,25,42,10,500.00,"5,000.00"
2019-04-15,2019041501004260,NSEWA,25,42,10,500.00,"5,000.00"
2019-04-15,2019041501004259,NSEWA,25,49,10,499.00,"4,990.00"
2019-04-15,2019041501003925,NSEWA,25,46,10,494.00,"4,940.00"
2019-04-15,2019041501004004,NTC,38,16,10,677.00,"6,770.00"
2019-04-15,2019041501004119,NUBL,35,53,50,797.00,"39,850.00"
2019-04-15,2019041501004118,NUBL,35,45,12,790.00,"9,480.00"
2019-04-15,2019041501004117,NUBL,35,11,50,790.00,"39,500.00"
2019-04-15,2019041501004116,NUBL,35,53,30,790.00,"23,700.00"
2019-04-15,2019041501004059,NUBL,51,52,60,785.00,"47,100.00"
2019-04-15,2019041501004058,NUBL,51,43,50,785.00,"39,250.00"
2019-04-15,2019041501004044,NUBL,51,16,35,780.00,"27,300.00"
2019-04-15,2019041501004043,NUBL,51,51,60,780.00,"46,800.00"
2019-04-15,2019041501004042,NUBL,51,38,10,780.00,"7,800.00"
2019-04-15,2019041501004041,NUBL,51,1,40,778.00,"31,120.00"
2019-04-15,2019041501004057,NUBL,51,1,100,785.00,"78,500.00"
2019-04-15,2019041501004056,NUBL,51,53,50,784.00,"39,200.00"
2019-04-15,2019041501004048,NUBL,51,39,100,782.00,"78,200.00"
2019-04-15,2019041501004047,NUBL,51,39,100,781.00,"78,100.00"
2019-04-15,2019041501004046,NUBL,51,17,90,781.00,"70,290.00"
2019-04-15,2019041501004045,NUBL,51,45,23,780.00,"17,940.00"
2019-04-15,2019041501004352,OHL,41,25,45,456.00,"20,520.00"
2019-04-15,2019041501004351,OHL,41,56,49,455.00,"22,295.00"
2019-04-15,2019041501004232,PCBL,43,58,188,331.00,"62,228.00"
2019-04-15,2019041501004289,PIC,20,33,11,"1,010.00","11,110.00"
2019-04-15,2019041501004000,PIC,20,40,11,"1,010.00","11,110.00"
2019-04-15,2019041501004383,PMHPL,56,58,10,110.00,"1,100.00"
2019-04-15,2019041501004389,PRVU,43,57,74,249.00,"18,426.00"
2019-04-15,2019041501004388,PRVU,59,57,100,249.00,"24,900.00"
2019-04-15,2019041501004382,PRVU,58,6,"1,045",250.00,"261,250.00"
2019-04-15,2019041501004381,PRVU,58,22,500,250.00,"125,000.00"
2019-04-15,2019041501004380,PRVU,58,57,455,250.00,"113,750.00"
2019-04-15,2019041501004339,PRVU,46,57,45,250.00,"11,250.00"
2019-04-15,2019041501004338,PRVU,46,55,405,250.00,"101,250.00"
2019-04-15,2019041501004217,PRVU,26,55,100,250.00,"25,000.00"
2019-04-15,2019041501004255,RADHI,20,20,11,165.00,"1,815.00"
2019-04-15,2019041501004077,RADHI,41,20,11,164.00,"1,804.00"
2019-04-15,2019041501004011,RADHI,20,43,11,165.00,"1,815.00"
2019-04-15,2019041501004313,RMDC,6,32,11,565.00,"6,215.00"
2019-04-15,2019041501004149,RMDC,6,49,63,565.00,"35,595.00"
2019-04-15,2019041501004142,RMDC,6,49,57,565.00,"32,205.00"
2019-04-15,2019041501004141,RMDC,6,44,17,565.00,"9,605.00"
2019-04-15,2019041501004140,RMDC,6,43,63,564.00,"35,532.00"
2019-04-15,2019041501003952,RMDC,17,57,100,565.00,"56,500.00"
2019-04-15,2019041501003915,RMDC,5,21,25,568.00,"14,200.00"
2019-04-15,2019041501004363,RRHP,45,48,10,95.00,950.00
2019-04-15,2019041501004314,RRHP,45,44,10,95.00,950.00
2019-04-15,2019041501004306,RRHP,45,33,10,95.00,950.00
2019-04-15,2019041501004129,RRHP,45,38,10,95.00,950.00
2019-04-15,2019041501003993,RRHP,19,28,10,94.00,940.00
2019-04-15,2019041501003977,RSDC,57,57,5,365.00,"1,825.00"
2019-04-15,2019041501004340,SADBL,50,36,"1,000",142.00,"142,000.00"
2019-04-15,2019041501004300,SADBL,16,45,800,143.00,"114,400.00"
2019-04-15,2019041501004051,SADBL,50,45,139,143.00,"19,877.00"
2019-04-15,2019041501004387,SANIMA,33,25,20,322.00,"6,440.00"
2019-04-15,2019041501004386,SANIMA,33,38,500,322.00,"161,000.00"
2019-04-15,2019041501004385,SANIMA,33,50,200,322.00,"64,400.00"
2019-04-15,2019041501004384,SANIMA,33,46,44,322.00,"14,168.00"
2019-04-15,2019041501004152,SANIMA,11,25,171,321.00,"54,891.00"
2019-04-15,2019041501004151,SANIMA,11,58,100,321.00,"32,100.00"
2019-04-15,2019041501004150,SANIMA,11,34,13,321.00,"4,173.00"
2019-04-15,2019041501004099,SANIMA,56,6,120,320.00,"38,400.00"
2019-04-15,2019041501003949,SANIMA,56,49,860,320.00,"275,200.00"
2019-04-15,2019041501003960,SBL,34,43,500,317.00,"158,500.00"
2019-04-15,2019041501003959,SBL,34,19,340,317.00,"107,780.00"
2019-04-15,2019041501003920,SBL,35,19,50,317.00,"15,850.00"
2019-04-15,2019041501003919,SBL,35,14,921,317.00,"291,957.00"
2019-04-15,2019041501003910,SBL,34,7,55,316.00,"17,380.00"
2019-04-15,2019041501003909,SBL,34,14,117,316.00,"36,972.00"
2019-04-15,2019041501004278,SCB,20,20,10,585.00,"5,850.00"
2019-04-15,2019041501003944,SCB,17,6,25,583.00,"14,575.00"
2019-04-15,2019041501003981,SCB,32,52,260,585.00,"152,100.00"
2019-04-15,2019041501004054,SCB,3,54,40,588.00,"23,520.00"
2019-04-15,2019041501004053,SCB,3,44,20,587.00,"11,740.00"
2019-04-15,2019041501004139,SHIVM,44,42,50,307.00,"15,350.00"
2019-04-15,2019041501003985,SHIVM,35,42,20,308.00,"6,160.00"
2019-04-15,2019041501004193,SHL,11,58,"1,000",207.00,"207,000.00"
2019-04-15,2019041501004192,SIC,20,17,20,"1,300.00","26,000.00"
2019-04-15,2019041501004191,SIC,39,17,30,"1,300.00","39,000.00"
2019-04-15,2019041501004222,SINDU,21,42,100,129.00,"12,900.00"
2019-04-15,2019041501004221,SINDU,22,42,10,130.00,"1,300.00"
2019-04-15,2019041501003911,SKBBL,43,28,100,969.00,"96,900.00"
2019-04-15,2019041501004316,SLBBL,1,34,19,502.00,"9,538.00"
2019-04-15,2019041501004333,SLBSL,18,19,10,638.00,"6,380.00"
2019-04-15,2019041501004161,SLBSL,18,36,10,638.00,"6,380.00"
2019-04-15,2019041501004354,SMATA,19,16,16,"1,201.00","19,216.00"
2019-04-15,2019041501004254,SMATA,19,21,50,"1,220.00","61,000.00"
2019-04-15,2019041501004253,SMATA,19,48,27,"1,219.00","32,913.00"
2019-04-15,2019041501004115,SMB,20,20,10,580.00,"5,800.00"
2019-04-15,2019041501003999,SRBL,43,29,91,234.00,"21,294.00"
2019-04-15,2019041501003998,SRBL,43,36,387,234.00,"90,558.00"
2019-04-15,2019041501004344,SWBBL,39,22,10,870.00,"8,700.00"
2019-04-15,2019041501004128,SWBBL,33,17,50,855.00,"42,750.00"
2019-04-15,2019041501003992,SWBBL,21,55,100,859.00,"85,900.00"
2019-04-15,2019041501003991,SWBBL,21,34,100,859.00,"85,900.00"
2019-04-15,2019041501003990,SWBBL,21,45,21,859.00,"18,039.00"
2019-04-15,2019041501003989,SWBBL,21,28,50,859.00,"42,950.00"
2019-04-15,2019041501003988,SWBBL,21,53,200,858.00,"171,600.00"
2019-04-15,2019041501003987,SWBBL,21,50,92,855.00,"78,660.00"
2019-04-15,2019041501003951,SWBBL,17,50,100,855.00,"85,500.00"
2019-04-15,2019041501003950,SWBBL,17,22,100,855.00,"85,500.00"
2019-04-15,2019041501004101,UFL,34,34,100,190.00,"19,000.00"
2019-04-15,2019041501003946,UIC,16,57,10,823.00,"8,230.00"
2019-04-15,2019041501003938,UIC,17,57,186,811.00,"150,846.00"
2019-04-15,2019041501003937,UIC,48,57,14,812.00,"11,368.00"
2019-04-15,2019041501004216,UPCL,59,19,50,92.00,"4,600.00"
2019-04-15,2019041501004200,UPCL,59,39,40,92.00,"3,680.00"
2019-04-15,2019041501004199,UPCL,59,57,10,92.00,920.00
2019-04-15,2019041501004404,UPPER,33,22,50,229.00,"11,450.00"
2019-04-15,2019041501004401,UPPER,33,34,40,229.00,"9,160.00"
2019-04-15,2019041501004397,UPPER,33,37,50,229.00,"11,450.00"
2019-04-15,2019041501004396,UPPER,33,58,10,229.00,"2,290.00"
2019-04-15,2019041501004395,UPPER,41,58,30,229.00,"6,870.00"
2019-04-15,2019041501004341,UPPER,41,44,50,229.00,"11,450.00"
2019-04-15,2019041501003954,UPPER,36,38,40,229.00,"9,160.00"
2019-04-15,2019041501004074,UPPER,22,21,40,229.00,"9,160.00"
2019-04-15,2019041501004073,UPPER,22,40,20,229.00,"4,580.00"
2019-04-15,2019041501004072,UPPER,36,40,20,229.00,"4,580.00"
2019-04-15,2019041501004068,UPPER,36,43,50,229.00,"11,450.00"
2019-04-15,2019041501003957,UPPER,36,38,50,229.00,"11,450.00"
2019-04-15,2019041501003955,UPPER,36,47,240,229.00,"54,960.00"
2019-04-15,2019041501004132,UPPER,1,57,50,230.00,"11,500.00"
2019-04-15,2019041501004103,UPPER,22,40,40,229.00,"9,160.00"
2019-04-15,2019041501004100,UPPER,22,44,40,229.00,"9,160.00"
2019-04-15,2019041501004096,UPPER,22,40,50,229.00,"11,450.00"
2019-04-15,2019041501004080,UPPER,22,42,40,229.00,"9,160.00"
2019-04-15,2019041501004144,UPPER,54,36,10,229.00,"2,290.00"
2019-04-15,2019041501004143,UPPER,19,36,30,229.00,"6,870.00"
2019-04-15,2019041501004136,UPPER,19,38,50,229.00,"11,450.00"
2019-04-15,2019041501004135,UPPER,19,44,20,229.00,"4,580.00"
2019-04-15,2019041501004134,UPPER,22,44,30,229.00,"6,870.00"
2019-04-15,2019041501004133,UPPER,22,44,40,229.00,"9,160.00"
2019-04-15,2019041501004210,UPPER,21,57,172,230.00,"39,560.00"
2019-04-15,2019041501004183,UPPER,54,40,40,229.00,"9,160.00"
2019-04-15,2019041501004181,UPPER,54,44,40,229.00,"9,160.00"
2019-04-15,2019041501004160,UPPER,54,44,50,229.00,"11,450.00"
2019-04-15,2019041501004157,UPPER,54,40,40,229.00,"9,160.00"
2019-04-15,2019041501004229,UPPER,54,44,40,229.00,"9,160.00"
2019-04-15,2019041501004215,UPPER,21,54,38,230.00,"8,740.00"
2019-04-15,2019041501004214,UPPER,21,52,160,230.00,"36,800.00"
2019-04-15,2019041501004213,UPPER,21,57,50,230.00,"11,500.00"
2019-04-15,2019041501004212,UPPER,21,32,40,230.00,"9,200.00"
2019-04-15,2019041501004211,UPPER,21,29,40,230.00,"9,200.00"
2019-04-15,2019041501004335,UPPER,41,43,20,229.00,"4,580.00"
2019-04-15,2019041501004334,UPPER,6,43,80,229.00,"18,320.00"
2019-04-15,2019041501004302,UPPER,6,44,20,229.00,"4,580.00"
2019-04-15,2019041501004301,UPPER,54,44,30,229.00,"6,870.00"
2019-04-15,2019041501004277,UPPER,54,44,50,229.00,"11,450.00"
2019-04-15,2019041501004198,VLBS,42,34,20,637.00,"12,740.00"
2019-04-15,2019041501003972,VLBS,42,5,20,625.00,"12,500.00"
2019-04-15,2019041501003825,ADBL,7,6,50,316.00,"15,800.00"
2019-04-15,2019041501003824,ADBL,7,25,236,316.00,"74,576.00"
2019-04-15,2019041501003823,ADBL,7,1,100,315.00,"31,500.00"
2019-04-15,2019041501003629,ADBL,4,42,650,314.00,"204,100.00"
2019-04-15,2019041501003644,AKPL,57,57,13,168.00,"2,184.00"
2019-04-15,2019041501003722,ALBSL,25,25,10,465.00,"4,650.00"
2019-04-15,2019041501003529,ALBSL,42,39,10,470.00,"4,700.00"
2019-04-15,2019041501003528,ALBSL,42,39,10,470.00,"4,700.00"
2019-04-15,2019041501003527,ALBSL,42,39,10,470.00,"4,700.00"
2019-04-15,2019041501003526,ALBSL,42,39,10,470.00,"4,700.00"
2019-04-15,2019041501003525,ALBSL,42,39,10,470.00,"4,700.00"
2019-04-15,2019041501003524,ALBSL,42,43,20,468.00,"9,360.00"
2019-04-15,2019041501003453,ALBSL,46,34,10,464.00,"4,640.00"
2019-04-15,2019041501003440,ALBSL,46,8,10,464.00,"4,640.00"
2019-04-15,2019041501003425,ALBSL,46,46,10,464.00,"4,640.00"
2019-04-15,2019041501003877,ALICL,17,26,10,404.00,"4,040.00"
2019-04-15,2019041501003506,AMFI,45,16,10,648.00,"6,480.00"
2019-04-15,2019041501003542,API,42,57,17,132.00,"2,244.00"
2019-04-15,2019041501003895,BOKL,51,14,26,262.00,"6,812.00"
2019-04-15,2019041501003892,BPCL,57,57,2,355.00,710.00
2019-04-15,2019041501003634,BPCL,57,57,2,355.00,710.00
2019-04-15,2019041501003561,BPCL,57,57,2,355.00,710.00
2019-04-15,2019041501003512,BPCL,3,46,11,359.00,"3,949.00"
2019-04-15,2019041501003490,BPCL,3,42,22,358.00,"7,876.00"
2019-04-15,2019041501003489,BPCL,3,29,11,357.00,"3,927.00"
2019-04-15,2019041501003511,BPCL,3,46,11,359.00,"3,949.00"
2019-04-15,2019041501003510,BPCL,3,1,33,359.00,"11,847.00"
2019-04-15,2019041501003509,BPCL,3,46,11,359.00,"3,949.00"
2019-04-15,2019041501003494,BPCL,57,57,2,355.00,710.00
2019-04-15,2019041501003492,BPCL,3,46,11,358.00,"3,938.00"
2019-04-15,2019041501003491,BPCL,3,46,11,358.00,"3,938.00"
2019-04-15,2019041501003883,CBBL,7,33,10,928.00,"9,280.00"
2019-04-15,2019041501003743,CBBL,39,6,50,925.00,"46,250.00"
2019-04-15,2019041501003736,CBBL,45,6,50,925.00,"46,250.00"
2019-04-15,2019041501003735,CBBL,45,45,50,925.00,"46,250.00"
2019-04-15,2019041501003713,CBBL,50,21,100,924.00,"92,400.00"
2019-04-15,2019041501003712,CBBL,50,49,100,924.00,"92,400.00"
2019-04-15,2019041501003499,CBBL,50,25,100,920.00,"92,000.00"
2019-04-15,2019041501003498,CBBL,50,22,96,920.00,"88,320.00"
2019-04-15,2019041501003497,CBBL,50,59,50,920.00,"46,000.00"
2019-04-15,2019041501003496,CBBL,50,13,20,920.00,"18,400.00"
2019-04-15,2019041501003495,CBBL,50,5,20,920.00,"18,400.00"
2019-04-15,2019041501003447,CBBL,50,43,12,916.00,"10,992.00"
2019-04-15,2019041501003663,CBBL,53,39,10,922.00,"9,220.00"
2019-04-15,2019041501003662,CBBL,53,41,100,921.00,"92,100.00"
2019-04-15,2019041501003633,CBBL,50,26,50,920.00,"46,000.00"
2019-04-15,2019041501003502,CBBL,50,33,30,920.00,"27,600.00"
2019-04-15,2019041501003501,CBBL,50,51,173,920.00,"159,160.00"
2019-04-15,2019041501003500,CBBL,50,11,100,920.00,"92,000.00"
2019-04-15,2019041501003702,CBBL,36,33,250,923.00,"230,750.00"
2019-04-15,2019041501003696,CBBL,38,33,50,923.00,"46,150.00"
2019-04-15,2019041501003695,CBBL,38,35,150,923.00,"138,450.00"
2019-04-15,2019041501003686,CBBL,26,35,50,923.00,"46,150.00"
2019-04-15,2019041501003664,CBBL,53,14,22,922.00,"20,284.00"
2019-04-15,2019041501003507,CBL,58,41,17,162.00,"2,754.00"
2019-04-15,2019041501003746,CCBL,19,50,460,164.00,"75,440.00"
2019-04-15,2019041501003745,CCBL,16,50,40,164.00,"6,560.00"
2019-04-15,2019041501003645,CCBL,57,57,10,165.00,"1,650.00"
2019-04-15,2019041501003432,CCBL,17,46,93,165.00,"15,345.00"
2019-04-15,2019041501003867,CFCL,33,51,165,107.00,"17,655.00"
2019-04-15,2019041501003707,CHL,41,35,10,99.00,990.00
2019-04-15,2019041501003618,CHLBS,21,41,50,470.00,"23,500.00"
2019-04-15,2019041501003614,CHLBS,29,41,170,471.00,"80,070.00"
2019-04-15,2019041501003608,CHLBS,22,41,10,472.00,"4,720.00"
2019-04-15,2019041501003607,CHLBS,36,41,20,474.00,"9,480.00"
2019-04-15,2019041501003606,CHLBS,36,41,20,474.00,"9,480.00"
2019-04-15,2019041501003605,CHLBS,48,41,20,474.00,"9,480.00"
2019-04-15,2019041501003533,CHLBS,42,46,10,480.00,"4,800.00"
2019-04-15,2019041501003532,CHLBS,42,6,10,480.00,"4,800.00"
2019-04-15,2019041501003531,CHLBS,42,46,10,480.00,"4,800.00"
2019-04-15,2019041501003519,CHLBS,57,57,10,479.00,"4,790.00"
2019-04-15,2019041501003604,CHLBS,48,41,20,475.00,"9,500.00"
2019-04-15,2019041501003603,CHLBS,34,41,50,475.00,"23,750.00"
2019-04-15,2019041501003602,CHLBS,48,41,20,475.00,"9,500.00"
2019-04-15,2019041501003601,CHLBS,14,41,10,475.00,"4,750.00"
2019-04-15,2019041501003600,CHLBS,48,41,60,476.00,"28,560.00"
2019-04-15,2019041501003599,CHLBS,42,41,10,480.00,"4,800.00"
2019-04-15,2019041501003650,CIT,26,26,10,"2,531.00","25,310.00"
2019-04-15,2019041501003848,CMF1,47,45,"3,400",9.00,"30,600.00"
2019-04-15,2019041501003849,CZBIL,52,26,10,222.00,"2,220.00"
2019-04-15,2019041501003814,CZBIL,26,39,21,220.00,"4,620.00"
2019-04-15,2019041501003791,CZBIL,26,50,18,220.00,"3,960.00"
2019-04-15,2019041501003700,DBBL,47,36,425,127.00,"53,975.00"
2019-04-15,2019041501003699,DBBL,45,36,"1,000",127.00,"127,000.00"
2019-04-15,2019041501003698,DBBL,50,36,575,127.00,"73,025.00"
2019-04-15,2019041501003896,DDBL,25,43,120,620.00,"74,400.00"
2019-04-15,2019041501003866,DDBL,33,14,30,621.00,"18,630.00"
2019-04-15,2019041501003865,DDBL,33,34,110,621.00,"68,310.00"
2019-04-15,2019041501003788,DDBL,50,16,41,620.00,"25,420.00"
2019-04-15,2019041501003787,DDBL,50,14,117,620.00,"72,540.00"
2019-04-15,2019041501003767,DDBL,16,14,433,620.00,"268,460.00"
2019-04-15,2019041501003452,DDBL,39,32,100,616.00,"61,600.00"
2019-04-15,2019041501003451,DDBL,39,59,200,612.00,"122,400.00"
2019-04-15,2019041501003450,DDBL,39,44,33,612.00,"20,196.00"
2019-04-15,2019041501003449,DDBL,39,44,69,610.00,"42,090.00"
2019-04-15,2019041501003448,DDBL,39,41,63,610.00,"38,430.00"
2019-04-15,2019041501003423,DDBL,58,44,500,604.00,"302,000.00"
2019-04-15,2019041501003766,DDBL,16,53,100,620.00,"62,000.00"
2019-04-15,2019041501003765,DDBL,16,22,200,619.00,"123,800.00"
2019-04-15,2019041501003764,DDBL,16,34,17,619.00,"10,523.00"
2019-04-15,2019041501003763,DDBL,16,44,50,618.00,"30,900.00"
2019-04-15,2019041501003752,DDBL,48,44,50,618.00,"30,900.00"
2019-04-15,2019041501003594,DDBL,26,34,10,621.00,"6,210.00"
2019-04-15,2019041501003653,EBL,35,41,16,605.00,"9,680.00"
2019-04-15,2019041501003853,EIC,40,49,100,"1,029.00","102,900.00"
2019-04-15,2019041501003690,EIC,14,49,10,"1,029.00","10,290.00"
2019-04-15,2019041501003689,EIC,14,7,90,"1,029.00","92,610.00"
2019-04-15,2019041501003688,EIC,14,39,50,"1,028.00","51,400.00"
2019-04-15,2019041501003546,EIC,49,7,100,"1,028.00","102,800.00"
2019-04-15,2019041501003783,FMDBL,5,16,44,383.00,"16,852.00"
2019-04-15,2019041501003852,FOWAD,34,49,35,"1,510.00","52,850.00"
2019-04-15,2019041501003851,FOWAD,34,29,15,"1,505.00","22,575.00"
2019-04-15,2019041501003871,GBBL,39,36,215,195.00,"41,925.00"
2019-04-15,2019041501003870,GBBL,39,36,500,195.00,"97,500.00"
2019-04-15,2019041501003869,GBBL,51,36,291,195.00,"56,745.00"
2019-04-15,2019041501003430,GBBL,51,50,300,195.00,"58,500.00"
2019-04-15,2019041501003545,GBIME,42,43,10,272.00,"2,720.00"
2019-04-15,2019041501003897,GBLBS,6,38,15,343.00,"5,145.00"
2019-04-15,2019041501003844,GBLBS,6,21,20,342.00,"6,840.00"
2019-04-15,2019041501003762,GBLBS,6,58,65,342.00,"22,230.00"
2019-04-15,2019041501003756,GBLBS,45,38,400,343.00,"137,200.00"
2019-04-15,2019041501003418,GBLBS,28,38,290,342.00,"99,180.00"
2019-04-15,2019041501003417,GBLBS,1,38,100,343.00,"34,300.00"
2019-04-15,2019041501003416,GBLBS,35,38,17,343.00,"5,831.00"
