Date,Transact. No.,Symbol,Buyer,Seller,Quantity,Rate,Amount
2019-05-21,2019052101009968,ADBL,19,11,300,418.00,"125,400.00"
2019-05-21,2019052101009766,ADBL,29,14,100,416.00,"41,600.00"
2019-05-21,2019052101009765,ADBL,54,14,"1,000",416.00,"416,000.00"
2019-05-21,2019052101009764,ADBL,22,14,200,416.00,"83,200.00"
2019-05-21,2019052101009763,ADBL,25,14,500,416.00,"208,000.00"
2019-05-21,2019052101009762,ADBL,37,14,"1,000",416.00,"416,000.00"
2019-05-21,2019052101009657,ADBL,34,57,300,417.00,"125,100.00"
2019-05-21,2019052101009598,ADBL,34,11,300,418.00,"125,400.00"
2019-05-21,2019052101009761,ADBL,19,14,"1,000",416.00,"416,000.00"
2019-05-21,2019052101009760,ADBL,38,14,200,416.00,"83,200.00"
2019-05-21,2019052101009759,ADBL,55,14,500,416.00,"208,000.00"
2019-05-21,2019052101009758,ADBL,3,14,500,416.00,"208,000.00"
2019-05-21,2019052101009757,ADBL,42,14,234,416.00,"97,344.00"
2019-05-21,2019052101009756,ADBL,49,14,"1,190",417.00,"496,230.00"
2019-05-21,2019052101009748,AHPC,51,13,"1,000",110.00,"110,000.00"
2019-05-21,2019052101009679,AHPC,42,54,"1,000",110.00,"110,000.00"
2019-05-21,2019052101009652,AHPC,58,10,500,109.00,"54,500.00"
2019-05-21,2019052101009806,ALICL,14,21,150,432.00,"64,800.00"
2019-05-21,2019052101009805,ALICL,14,32,300,431.00,"129,300.00"
2019-05-21,2019052101010090,API,38,45,10,157.00,"1,570.00"
2019-05-21,2019052101010054,API,38,45,10,157.00,"1,570.00"
2019-05-21,2019052101010038,API,34,45,20,157.00,"3,140.00"
2019-05-21,2019052101010023,API,49,45,10,157.00,"1,570.00"
2019-05-21,2019052101010015,API,56,45,50,157.00,"7,850.00"
2019-05-21,2019052101009967,API,38,49,995,155.00,"154,225.00"
2019-05-21,2019052101009750,API,56,29,"1,000",156.00,"156,000.00"
2019-05-21,2019052101009705,API,59,45,729,157.00,"114,453.00"
2019-05-21,2019052101009704,API,59,22,221,157.00,"34,697.00"
2019-05-21,2019052101009703,API,59,45,50,156.00,"7,800.00"
2019-05-21,2019052101009647,API,4,45,500,155.00,"77,500.00"
2019-05-21,2019052101009607,API,49,4,500,156.00,"78,000.00"
2019-05-21,2019052101009966,API,50,49,105,155.00,"16,275.00"
2019-05-21,2019052101009965,API,4,49,290,155.00,"44,950.00"
2019-05-21,2019052101009917,API,38,42,500,156.00,"78,000.00"
2019-05-21,2019052101009914,API,38,42,500,156.00,"78,000.00"
2019-05-21,2019052101009881,API,38,29,"1,000",156.00,"156,000.00"
2019-05-21,2019052101009810,API,54,29,"1,000",156.00,"156,000.00"
2019-05-21,2019052101010065,BARUN,43,54,500,96.00,"48,000.00"
2019-05-21,2019052101010064,BARUN,43,13,"1,164",95.00,"110,580.00"
2019-05-21,2019052101009974,BFC,14,33,300,105.00,"31,500.00"
2019-05-21,2019052101009973,BFC,42,33,50,105.00,"5,250.00"
2019-05-21,2019052101009922,BOKL,57,43,200,276.00,"55,200.00"
2019-05-21,2019052101009819,BOKL,50,43,"1,000",275.00,"275,000.00"
2019-05-21,2019052101009818,BOKL,50,43,90,275.00,"24,750.00"
2019-05-21,2019052101010003,BPCL,47,49,448,448.00,"200,704.00"
2019-05-21,2019052101010002,BPCL,47,34,100,447.00,"44,700.00"
2019-05-21,2019052101010001,BPCL,47,34,452,447.00,"202,044.00"
2019-05-21,2019052101009910,BPCL,35,34,500,447.00,"223,500.00"
2019-05-21,2019052101009909,BPCL,40,34,48,447.00,"21,456.00"
2019-05-21,2019052101009597,BPCL,46,55,55,447.00,"24,585.00"
2019-05-21,2019052101009848,BPCL,38,44,485,448.00,"217,280.00"
2019-05-21,2019052101009836,BPCL,46,52,174,447.00,"77,778.00"
2019-05-21,2019052101009822,BPCL,45,44,500,448.00,"224,000.00"
2019-05-21,2019052101009821,BPCL,46,44,15,448.00,"6,720.00"
2019-05-21,2019052101009778,BPCL,46,22,11,448.00,"4,928.00"
2019-05-21,2019052101009662,BPCL,46,49,74,448.00,"33,152.00"
2019-05-21,2019052101009901,BPCL,40,25,99,447.00,"44,253.00"
2019-05-21,2019052101009895,BPCL,40,49,853,447.00,"381,291.00"
2019-05-21,2019052101009894,BPCL,46,49,147,447.00,"65,709.00"
2019-05-21,2019052101009871,BPCL,46,55,40,447.00,"17,880.00"
2019-05-21,2019052101009850,BPCL,38,49,415,448.00,"185,920.00"
2019-05-21,2019052101009849,BPCL,38,47,100,448.00,"44,800.00"
2019-05-21,2019052101010075,CBBL,37,1,267,942.00,"251,514.00"
2019-05-21,2019052101009726,CBBL,37,45,75,942.00,"70,650.00"
2019-05-21,2019052101009725,CBBL,46,45,20,944.00,"18,880.00"
2019-05-21,2019052101009724,CBBL,13,45,25,944.00,"23,600.00"
2019-05-21,2019052101010063,CBL,1,51,461,148.00,"68,228.00"
2019-05-21,2019052101010062,CBL,1,34,"1,939",148.00,"286,972.00"
2019-05-21,2019052101009983,CCBL,33,37,"1,015",169.00,"171,535.00"
2019-05-21,2019052101009619,CCBL,7,17,600,168.00,"100,800.00"
2019-05-21,2019052101009618,CCBL,29,17,200,169.00,"33,800.00"
2019-05-21,2019052101009775,CEFL,57,45,500,96.00,"48,000.00"
2019-05-21,2019052101010033,CHCL,44,10,50,538.00,"26,900.00"
2019-05-21,2019052101009979,CHCL,46,10,402,538.00,"216,276.00"
2019-05-21,2019052101009978,CHCL,40,10,10,538.00,"5,380.00"
2019-05-21,2019052101009926,CHCL,48,22,500,539.00,"269,500.00"
2019-05-21,2019052101009925,CHCL,50,22,25,539.00,"13,475.00"
2019-05-21,2019052101009924,CHCL,11,22,354,540.00,"191,160.00"
2019-05-21,2019052101009856,CHCL,11,51,20,540.00,"10,800.00"
2019-05-21,2019052101009823,CHCL,11,58,226,540.00,"122,040.00"
2019-05-21,2019052101009770,CHCL,50,56,29,539.00,"15,631.00"
2019-05-21,2019052101009769,CHCL,22,56,274,540.00,"147,960.00"
2019-05-21,2019052101009642,CHLBS,36,32,10,460.00,"4,600.00"
2019-05-21,2019052101009641,CHLBS,48,32,50,460.00,"23,000.00"
2019-05-21,2019052101009640,CHLBS,42,32,20,460.00,"9,200.00"
2019-05-21,2019052101009639,CHLBS,58,32,220,460.00,"101,200.00"
2019-05-21,2019052101009638,CHLBS,51,32,20,460.00,"9,200.00"
2019-05-21,2019052101009637,CHLBS,42,32,170,461.00,"78,370.00"
2019-05-21,2019052101009609,CIT,29,32,40,"2,590.00","103,600.00"
2019-05-21,2019052101009987,CLBSL,54,54,30,566.00,"16,980.00"
2019-05-21,2019052101009986,CLBSL,54,53,30,559.00,"16,770.00"
2019-05-21,2019052101009985,CLBSL,54,6,10,557.00,"5,570.00"
2019-05-21,2019052101009842,CLBSL,5,22,10,546.00,"5,460.00"
2019-05-21,2019052101009841,CLBSL,5,58,570,546.00,"311,220.00"
2019-05-21,2019052101009714,CZBIL,40,29,300,230.00,"69,000.00"
2019-05-21,2019052101009837,DBBL,21,28,"1,000",150.00,"150,000.00"
2019-05-21,2019052101009655,DBBL,19,49,325,150.00,"48,750.00"
2019-05-21,2019052101009654,DBBL,19,38,500,150.00,"75,000.00"
2019-05-21,2019052101009653,DBBL,19,38,166,150.00,"24,900.00"
2019-05-21,2019052101009683,DHPL,26,58,11,70.00,770.00
2019-05-21,2019052101010039,EBL,13,14,92,671.00,"61,732.00"
2019-05-21,2019052101009808,EBL,48,14,10,671.00,"6,710.00"
2019-05-21,2019052101009660,EBL,37,17,237,667.00,"158,079.00"
2019-05-21,2019052101009659,EBL,13,17,50,667.00,"33,350.00"
2019-05-21,2019052101009738,EIC,48,56,37,423.00,"15,651.00"
2019-05-21,2019052101009666,EIC,36,51,300,417.00,"125,100.00"
2019-05-21,2019052101009665,EIC,56,51,50,418.00,"20,900.00"
2019-05-21,2019052101009755,FMDBL,56,52,449,402.00,"180,498.00"
2019-05-21,2019052101009754,FMDBL,56,52,51,403.00,"20,553.00"
2019-05-21,2019052101009678,FMDBL,56,34,50,403.00,"20,150.00"
2019-05-21,2019052101009908,FOWAD,41,39,134,"1,517.00","203,278.00"
2019-05-21,2019052101009711,FOWAD,41,58,39,"1,517.00","59,163.00"
2019-05-21,2019052101010042,GBBL,22,26,500,228.00,"114,000.00"
2019-05-21,2019052101009809,GBBL,18,7,500,228.00,"114,000.00"
2019-05-21,2019052101009621,GBIME,35,1,"1,466",309.00,"452,994.00"
2019-05-21,2019052101009911,GBLBS,26,57,50,360.00,"18,000.00"
2019-05-21,2019052101009672,GBLBS,43,57,10,362.00,"3,620.00"
2019-05-21,2019052101009671,GBLBS,43,57,10,360.00,"3,600.00"
2019-05-21,2019052101009951,GFCL,1,59,20,126.00,"2,520.00"
2019-05-21,2019052101009796,GFCL,1,59,20,124.00,"2,480.00"
2019-05-21,2019052101009793,GILB,57,19,10,"1,260.00","12,600.00"
2019-05-21,2019052101009733,GILB,38,58,41,"1,278.00","52,398.00"
2019-05-21,2019052101009732,GILB,58,58,50,"1,279.00","63,950.00"
2019-05-21,2019052101009731,GILB,10,58,19,"1,280.00","24,320.00"
2019-05-21,2019052101010074,GLICL,32,34,50,562.00,"28,100.00"
2019-05-21,2019052101009835,GLICL,32,25,50,562.00,"28,100.00"
2019-05-21,2019052101009735,GLICL,46,34,80,556.00,"44,480.00"
2019-05-21,2019052101009896,GRDBL,19,29,50,111.00,"5,550.00"
2019-05-21,2019052101009723,GUFL,42,51,"4,900",115.00,"563,500.00"
2019-05-21,2019052101010052,HDL,16,58,10,"1,908.00","19,080.00"
2019-05-21,2019052101010011,HDL,58,58,100,"1,880.00","188,000.00"
2019-05-21,2019052101010010,HDL,42,58,50,"1,880.00","94,000.00"
2019-05-21,2019052101010009,HDL,17,58,10,"1,880.00","18,800.00"
2019-05-21,2019052101010008,HDL,51,58,10,"1,885.00","18,850.00"
2019-05-21,2019052101009984,HDL,16,58,10,"1,908.00","19,080.00"
2019-05-21,2019052101009636,HDL,17,11,90,"1,880.00","169,200.00"
2019-05-21,2019052101009635,HDL,33,11,100,"1,881.00","188,100.00"
2019-05-21,2019052101009634,HDL,33,11,100,"1,882.00","188,200.00"
2019-05-21,2019052101009633,HDL,35,11,10,"1,885.00","18,850.00"
2019-05-21,2019052101009904,HGI,34,1,170,381.00,"64,770.00"
2019-05-21,2019052101009900,HGI,34,33,30,381.00,"11,430.00"
2019-05-21,2019052101009899,HGI,14,33,50,381.00,"19,050.00"
2019-05-21,2019052101009898,HGI,49,33,100,381.00,"38,100.00"
2019-05-21,2019052101009897,HGI,40,33,20,381.00,"7,620.00"
2019-05-21,2019052101010086,HIDCL,54,29,61,166.00,"10,126.00"
2019-05-21,2019052101010073,HIDCL,54,34,"1,000",166.00,"166,000.00"
2019-05-21,2019052101010005,HIDCL,21,6,39,167.00,"6,513.00"
2019-05-21,2019052101010004,HIDCL,21,21,61,167.00,"10,187.00"
2019-05-21,2019052101009945,HIDCL,35,6,25,167.00,"4,175.00"
2019-05-21,2019052101009944,HIDCL,35,32,275,167.00,"45,925.00"
2019-05-21,2019052101009698,HIDCL,50,45,61,165.00,"10,065.00"
2019-05-21,2019052101009681,HIDCL,50,45,61,165.00,"10,065.00"
2019-05-21,2019052101009658,HIDCL,50,45,61,165.00,"10,065.00"
2019-05-21,2019052101009812,HIDCL,54,51,217,166.00,"36,022.00"
2019-05-21,2019052101009785,HIDCL,14,26,109,165.00,"17,985.00"
2019-05-21,2019052101009784,HIDCL,22,26,472,165.00,"77,880.00"
2019-05-21,2019052101009783,HIDCL,21,51,100,166.00,"16,600.00"
2019-05-21,2019052101009744,HIDCL,22,51,28,165.00,"4,620.00"
2019-05-21,2019052101009743,HIDCL,50,51,61,165.00,"10,065.00"
2019-05-21,2019052101009878,HIDCL,54,25,500,166.00,"83,000.00"
2019-05-21,2019052101009862,HIDCL,19,6,14,167.00,"2,338.00"
2019-05-21,2019052101009861,HIDCL,19,22,41,167.00,"6,847.00"
2019-05-21,2019052101009815,HIDCL,54,29,200,166.00,"33,200.00"
2019-05-21,2019052101009814,HIDCL,54,49,"1,000",166.00,"166,000.00"
2019-05-21,2019052101009813,HIDCL,54,25,"1,000",166.00,"166,000.00"
2019-05-21,2019052101009840,HPPL,49,53,10,188.00,"1,880.00"
2019-05-21,2019052101009839,HPPL,49,38,10,186.00,"1,860.00"
2019-05-21,2019052101009919,ICFC,59,35,41,161.00,"6,601.00"
2019-05-21,2019052101009921,IGI,34,56,161,422.00,"67,942.00"
2019-05-21,2019052101009920,IGI,33,56,10,425.00,"4,250.00"
2019-05-21,2019052101009855,IGI,33,22,90,425.00,"38,250.00"
2019-05-21,2019052101009854,JBBL,14,34,"1,000",148.00,"148,000.00"
2019-05-21,2019052101010037,JBNL,44,25,617,204.00,"125,868.00"
2019-05-21,2019052101009907,JBNL,39,25,283,204.00,"57,732.00"
2019-05-21,2019052101009702,JBNL,39,32,717,204.00,"146,268.00"
2019-05-21,2019052101009701,JBNL,25,32,200,204.00,"40,800.00"
2019-05-21,2019052101009700,JBNL,35,32,83,204.00,"16,932.00"
2019-05-21,2019052101009682,JFL,14,39,17,176.00,"2,992.00"
2019-05-21,2019052101009661,JFL,14,17,10,174.00,"1,740.00"
2019-05-21,2019052101010056,JSLBB,48,22,20,"2,107.00","42,140.00"
2019-05-21,2019052101010055,JSLBB,17,22,11,"2,108.00","23,188.00"
2019-05-21,2019052101009902,JSLBB,17,22,14,"2,108.00","29,512.00"
2019-05-21,2019052101009699,KADBL,42,37,15,174.00,"2,610.00"
2019-05-21,2019052101009981,KBBL,55,1,50,226.00,"11,300.00"
2019-05-21,2019052101009952,KKHC,57,29,22,69.00,"1,518.00"
2019-05-21,2019052101009807,KPCL,59,39,50,95.00,"4,750.00"
2019-05-21,2019052101009782,KPCL,59,35,10,94.00,940.00
2019-05-21,2019052101009918,KRBL,21,14,100,108.00,"10,800.00"
2019-05-21,2019052101009727,KRBL,41,34,24,107.00,"2,568.00"
2019-05-21,2019052101010018,KSBBL,33,34,126,160.00,"20,160.00"
2019-05-21,2019052101009936,KSBBL,33,34,374,160.00,"59,840.00"
2019-05-21,2019052101009935,KSBBL,33,55,300,160.00,"48,000.00"
2019-05-21,2019052101009934,KSBBL,33,41,500,160.00,"80,000.00"
2019-05-21,2019052101009933,KSBBL,33,17,783,160.00,"125,280.00"
2019-05-21,2019052101009932,KSBBL,33,55,43,160.00,"6,880.00"
2019-05-21,2019052101010089,LBBL,48,38,20,206.00,"4,120.00"
2019-05-21,2019052101009886,LBBL,52,13,200,205.00,"41,000.00"
2019-05-21,2019052101009885,LBBL,52,57,50,205.00,"10,250.00"
2019-05-21,2019052101009884,LBBL,52,51,200,205.00,"41,000.00"
2019-05-21,2019052101009883,LBBL,52,4,198,205.00,"40,590.00"
2019-05-21,2019052101009646,LBBL,45,4,200,205.00,"41,000.00"
2019-05-21,2019052101009623,LBL,59,43,10,223.00,"2,230.00"
2019-05-21,2019052101009622,LBL,59,16,100,223.00,"22,300.00"
2019-05-21,2019052101009611,LBL,42,1,275,222.00,"61,050.00"
2019-05-21,2019052101009604,LBL,42,10,68,222.00,"15,096.00"
2019-05-21,2019052101009603,LBL,58,10,62,222.00,"13,764.00"
2019-05-21,2019052101010085,LGIL,56,36,400,505.00,"202,000.00"
2019-05-21,2019052101009864,LGIL,56,32,50,502.00,"25,100.00"
2019-05-21,2019052101009867,LICN,14,22,10,"1,925.00","19,250.00"
2019-05-21,2019052101009771,LLBS,25,25,52,758.00,"39,416.00"
2019-05-21,2019052101009686,MBL,54,10,300,270.00,"81,000.00"
2019-05-21,2019052101009685,MBL,57,10,"1,000",270.00,"270,000.00"
2019-05-21,2019052101009684,MBL,18,10,47,270.00,"12,690.00"
2019-05-21,2019052101009791,MDB,28,14,50,263.00,"13,150.00"
2019-05-21,2019052101009790,MDB,28,56,100,260.00,"26,000.00"
2019-05-21,2019052101009789,MDB,28,43,100,260.00,"26,000.00"
2019-05-21,2019052101009777,MDB,28,57,40,259.00,"10,360.00"
2019-05-21,2019052101009776,MDB,28,45,100,258.00,"25,800.00"
2019-05-21,2019052101009832,MEGA,4,49,100,196.00,"19,600.00"
2019-05-21,2019052101009710,MEGA,4,28,12,196.00,"2,352.00"
2019-05-21,2019052101009751,MFIL,25,6,60,122.00,"7,320.00"
2019-05-21,2019052101009737,MFIL,28,6,60,123.00,"7,380.00"
2019-05-21,2019052101009606,MFIL,45,28,210,124.00,"26,040.00"
2019-05-21,2019052101009605,MFIL,45,41,53,124.00,"6,572.00"
2019-05-21,2019052101009632,MHNL,26,25,30,99.00,"2,970.00"
2019-05-21,2019052101009615,MHNL,44,28,30,100.00,"3,000.00"
2019-05-21,2019052101009614,MHNL,44,49,10,100.00,"1,000.00"
2019-05-21,2019052101009602,MHNL,26,36,30,99.00,"2,970.00"
2019-05-21,2019052101009865,MLBL,50,52,300,201.00,"60,300.00"
2019-05-21,2019052101009677,MLBL,17,58,755,200.00,"151,000.00"
2019-05-21,2019052101009956,NABIL,59,6,25,840.00,"21,000.00"
2019-05-21,2019052101009955,NABIL,59,5,50,840.00,"42,000.00"
2019-05-21,2019052101009929,NABIL,29,29,500,839.00,"419,500.00"
2019-05-21,2019052101009801,NABIL,59,37,220,838.00,"184,360.00"
2019-05-21,2019052101009706,NABIL,59,47,40,838.00,"33,520.00"
2019-05-21,2019052101009680,NABIL,29,37,200,839.00,"167,800.00"
2019-05-21,2019052101009817,NABILP,33,25,100,810.00,"81,000.00"
2019-05-21,2019052101009816,NABILP,33,4,500,810.00,"405,000.00"
2019-05-21,2019052101009644,NADEP,42,17,30,468.00,"14,040.00"
2019-05-21,2019052101009643,NADEP,42,26,10,465.00,"4,650.00"
2019-05-21,2019052101010059,NBB,11,51,200,228.00,"45,600.00"
2019-05-21,2019052101010058,NBB,11,28,500,228.00,"114,000.00"
2019-05-21,2019052101010057,NBB,11,6,100,228.00,"22,800.00"
2019-05-21,2019052101009866,NBB,11,26,200,227.00,"45,400.00"
2019-05-21,2019052101010087,NBL,33,21,500,333.00,"166,500.00"
2019-05-21,2019052101010084,NBL,14,21,500,333.00,"166,500.00"
2019-05-21,2019052101010050,NBL,14,25,500,333.00,"166,500.00"
2019-05-21,2019052101010049,NBL,14,13,"1,000",333.00,"333,000.00"
2019-05-21,2019052101010048,NBL,14,16,370,333.00,"123,210.00"
2019-05-21,2019052101010047,NBL,14,5,"1,000",332.00,"332,000.00"
2019-05-21,2019052101009596,NBL,14,21,200,330.00,"66,000.00"
2019-05-21,2019052101009595,NBL,59,21,500,330.00,"165,000.00"
2019-05-21,2019052101009594,NBL,57,21,300,331.00,"99,300.00"
2019-05-21,2019052101009717,NBL,14,55,300,332.00,"99,600.00"
2019-05-21,2019052101009716,NBL,14,13,358,332.00,"118,856.00"
2019-05-21,2019052101009689,NBL,8,1,150,331.00,"49,650.00"
2019-05-21,2019052101009688,NBL,42,1,50,331.00,"16,550.00"
2019-05-21,2019052101009651,NBL,14,14,500,331.00,"165,500.00"
2019-05-21,2019052101009616,NBL,49,14,100,331.00,"33,100.00"
2019-05-21,2019052101009728,NBL,8,16,150,331.00,"49,650.00"
2019-05-21,2019052101009722,NBL,14,32,100,332.00,"33,200.00"
2019-05-21,2019052101009721,NBL,14,32,300,332.00,"99,600.00"
2019-05-21,2019052101009720,NBL,14,13,"1,500",332.00,"498,000.00"
2019-05-21,2019052101009719,NBL,14,34,500,332.00,"166,000.00"
2019-05-21,2019052101009718,NBL,14,34,300,332.00,"99,600.00"
2019-05-21,2019052101009800,NBL,14,50,"1,000",333.00,"333,000.00"
2019-05-21,2019052101009799,NBL,14,39,500,333.00,"166,500.00"
2019-05-21,2019052101009798,NBL,14,16,700,333.00,"233,100.00"
2019-05-21,2019052101009797,NBL,14,34,200,333.00,"66,600.00"
2019-05-21,2019052101009786,NBL,29,16,"1,000",332.00,"332,000.00"
2019-05-21,2019052101009729,NBL,14,16,"1,000",331.00,"331,000.00"
2019-05-21,2019052101009889,NBL,14,35,300,332.00,"99,600.00"
2019-05-21,2019052101009887,NBL,57,36,100,333.00,"33,300.00"
2019-05-21,2019052101009880,NBL,14,34,200,332.00,"66,400.00"
2019-05-21,2019052101009847,NBL,45,36,80,333.00,"26,640.00"
2019-05-21,2019052101009846,NBL,14,36,800,333.00,"266,400.00"
2019-05-21,2019052101009834,NBL,14,25,200,333.00,"66,600.00"
2019-05-21,2019052101009939,NBL,45,58,"3,000",331.00,"993,000.00"
2019-05-21,2019052101009938,NBL,29,58,"1,000",332.00,"332,000.00"
2019-05-21,2019052101009937,NBL,26,58,21,332.00,"6,972.00"
2019-05-21,2019052101009912,NBL,45,45,"1,000",332.00,"332,000.00"
2019-05-21,2019052101009906,NBL,14,16,480,333.00,"159,840.00"
2019-05-21,2019052101009905,NBL,14,36,20,333.00,"6,660.00"
2019-05-21,2019052101010036,NBL,50,43,500,332.00,"166,000.00"
2019-05-21,2019052101009969,NBL,14,58,379,331.00,"125,449.00"
2019-05-21,2019052101009943,NBL,52,58,100,331.00,"33,100.00"
2019-05-21,2019052101009942,NBL,34,58,"1,000",331.00,"331,000.00"
2019-05-21,2019052101009941,NBL,42,58,500,331.00,"165,500.00"
2019-05-21,2019052101009940,NBL,28,58,"1,000",331.00,"331,000.00"
2019-05-21,2019052101010035,NCCB,38,38,500,256.00,"128,000.00"
2019-05-21,2019052101009890,NCCB,50,44,"3,204",256.00,"820,224.00"
2019-05-21,2019052101009713,NCCB,14,32,426,255.00,"108,630.00"
2019-05-21,2019052101009712,NCCB,8,32,74,255.00,"18,870.00"
2019-05-21,2019052101009693,NCCB,28,44,"1,200",256.00,"307,200.00"
2019-05-21,2019052101009692,NCCB,21,44,60,256.00,"15,360.00"
2019-05-21,2019052101009645,NCCB,34,16,"1,000",256.00,"256,000.00"
2019-05-21,2019052101009691,NCCB,59,44,200,256.00,"51,200.00"
2019-05-21,2019052101009690,NCCB,35,44,336,256.00,"86,016.00"
2019-05-21,2019052101009676,NCCB,35,13,64,256.00,"16,384.00"
2019-05-21,2019052101009675,NCCB,43,13,500,256.00,"128,000.00"
2019-05-21,2019052101009674,NCCB,42,13,100,256.00,"25,600.00"
2019-05-21,2019052101009673,NCCB,34,13,86,256.00,"22,016.00"
2019-05-21,2019052101009988,NIB,17,36,35,537.00,"18,795.00"
2019-05-21,2019052101009875,NIB,57,14,100,538.00,"53,800.00"
2019-05-21,2019052101009874,NIB,43,14,200,538.00,"107,600.00"
2019-05-21,2019052101009873,NIB,49,14,90,538.00,"48,420.00"
2019-05-21,2019052101009872,NIB,32,14,38,538.00,"20,444.00"
2019-05-21,2019052101009610,NIB,37,48,100,539.00,"53,900.00"
2019-05-21,2019052101009752,NIBPO,1,43,"1,000",512.00,"512,000.00"
2019-05-21,2019052101010078,NICA,45,28,79,482.00,"38,078.00"
2019-05-21,2019052101010077,NICA,28,28,250,482.00,"120,500.00"
2019-05-21,2019052101010076,NICA,40,28,671,482.00,"323,422.00"
2019-05-21,2019052101009953,NICA,40,42,100,482.00,"48,200.00"
2019-05-21,2019052101009948,NICA,40,22,55,482.00,"26,510.00"
2019-05-21,2019052101009650,NICA,40,13,74,482.00,"35,668.00"
2019-05-21,2019052101009599,NICA,32,8,100,483.00,"48,300.00"
2019-05-21,2019052101010061,NIL,34,54,500,520.00,"260,000.00"
2019-05-21,2019052101010060,NIL,34,38,600,519.00,"311,400.00"
2019-05-21,2019052101009696,NIL,6,35,75,516.00,"38,700.00"
2019-05-21,2019052101009977,NLG,25,32,10,816.00,"8,160.00"
2019-05-21,2019052101010053,NLIC,38,10,199,933.00,"185,667.00"
2019-05-21,2019052101010014,NLIC,49,46,40,932.00,"37,280.00"
2019-05-21,2019052101010000,NLIC,36,53,63,930.00,"58,590.00"
2019-05-21,2019052101009999,NLIC,45,53,50,930.00,"46,500.00"
2019-05-21,2019052101009998,NLIC,57,53,100,930.00,"93,000.00"
2019-05-21,2019052101009997,NLIC,22,53,50,930.00,"46,500.00"
2019-05-21,2019052101009859,NLIC,57,46,10,932.00,"9,320.00"
2019-05-21,2019052101009831,NLIC,48,46,10,932.00,"9,320.00"
2019-05-21,2019052101009768,NLIC,59,46,20,932.00,"18,640.00"
2019-05-21,2019052101009767,NLIC,57,10,10,933.00,"9,330.00"
2019-05-21,2019052101009697,NLIC,51,10,200,933.00,"186,600.00"
2019-05-21,2019052101009996,NLIC,47,53,30,930.00,"27,900.00"
2019-05-21,2019052101009995,NLIC,57,53,10,930.00,"9,300.00"
2019-05-21,2019052101009994,NLIC,5,53,20,930.00,"18,600.00"
2019-05-21,2019052101009993,NLIC,26,53,177,930.00,"164,610.00"
2019-05-21,2019052101009928,NLIC,58,56,100,931.00,"93,100.00"
2019-05-21,2019052101009927,NLIC,17,56,83,931.00,"77,273.00"
2019-05-21,2019052101009852,NMBHF1,43,32,416,9.80,"4,076.80"
2019-05-21,2019052101010072,NMBMF,32,26,25,991.00,"24,775.00"
2019-05-21,2019052101010071,NMBMF,17,26,100,993.00,"99,300.00"
2019-05-21,2019052101010070,NMBMF,40,26,25,995.00,"24,875.00"
2019-05-21,2019052101010069,NMBMF,52,26,50,996.00,"49,800.00"
2019-05-21,2019052101009709,NMFBS,25,44,15,"1,602.00","24,030.00"
2019-05-21,2019052101009869,NSEWA,55,11,10,454.00,"4,540.00"
2019-05-21,2019052101009868,NSEWA,38,11,10,454.00,"4,540.00"
2019-05-21,2019052101009753,NSEWA,14,14,10,462.00,"4,620.00"
2019-05-21,2019052101010013,NTC,34,45,100,729.00,"72,900.00"
2019-05-21,2019052101010012,NTC,49,45,500,730.00,"365,000.00"
2019-05-21,2019052101009991,NTC,43,36,650,733.00,"476,450.00"
2019-05-21,2019052101009990,NTC,43,21,100,732.00,"73,200.00"
2019-05-21,2019052101009989,NTC,43,34,200,732.00,"146,400.00"
2019-05-21,2019052101009845,NTC,34,14,155,731.00,"113,305.00"
2019-05-21,2019052101009980,PCBL,38,20,500,363.00,"181,500.00"
2019-05-21,2019052101009830,PCBL,43,57,"1,000",365.00,"365,000.00"
2019-05-21,2019052101009792,PCBL,38,45,590,363.00,"214,170.00"
2019-05-21,2019052101009779,PCBL,43,49,"1,513",364.00,"550,732.00"
2019-05-21,2019052101009730,PCBL,43,49,999,364.00,"363,636.00"
2019-05-21,2019052101009687,PCBL,22,49,"1,000",364.00,"364,000.00"
2019-05-21,2019052101009608,PCBL,48,49,200,364.00,"72,800.00"
2019-05-21,2019052101010006,PIC,32,1,72,"1,208.00","86,976.00"
2019-05-21,2019052101009962,PIC,32,1,11,"1,208.00","13,288.00"
2019-05-21,2019052101009931,PIC,32,33,200,"1,208.00","241,600.00"
2019-05-21,2019052101009930,PIC,32,6,100,"1,206.00","120,600.00"
2019-05-21,2019052101009903,PIC,32,1,85,"1,205.00","102,425.00"
2019-05-21,2019052101009857,PIC,32,33,100,"1,205.00","120,500.00"
2019-05-21,2019052101009827,PIC,32,40,111,"1,205.00","133,755.00"
2019-05-21,2019052101009851,PICL,40,45,200,710.00,"142,000.00"
2019-05-21,2019052101009838,PICL,32,45,600,710.00,"426,000.00"
2019-05-21,2019052101009620,PLIC,53,51,140,472.00,"66,080.00"
2019-05-21,2019052101009853,PMHPL,59,42,50,113.00,"5,650.00"
2019-05-21,2019052101009843,PMHPL,59,34,10,112.00,"1,120.00"
2019-05-21,2019052101009694,PMHPL,29,40,10,110.00,"1,100.00"
2019-05-21,2019052101010041,PRIN,34,7,400,411.00,"164,400.00"
2019-05-21,2019052101010067,PRVU,57,40,35,279.00,"9,765.00"
2019-05-21,2019052101010051,PRVU,49,40,"1,000",278.00,"278,000.00"
2019-05-21,2019052101010027,PRVU,59,40,300,278.00,"83,400.00"
2019-05-21,2019052101010026,PRVU,48,40,500,278.00,"139,000.00"
2019-05-21,2019052101010025,PRVU,45,40,500,278.00,"139,000.00"
2019-05-21,2019052101010024,PRVU,39,40,448,278.00,"124,544.00"
2019-05-21,2019052101009740,PRVU,40,45,34,279.00,"9,486.00"
2019-05-21,2019052101009739,PRVU,28,45,66,279.00,"18,414.00"
2019-05-21,2019052101009972,PRVU,39,42,56,278.00,"15,568.00"
2019-05-21,2019052101009971,PRVU,58,42,"1,000",278.00,"278,000.00"
2019-05-21,2019052101009970,PRVU,53,42,25,278.00,"6,950.00"
2019-05-21,2019052101009893,PRVU,34,40,"2,000",279.00,"558,000.00"
2019-05-21,2019052101009892,PRVU,40,40,166,279.00,"46,314.00"
2019-05-21,2019052101009820,PRVU,40,29,300,279.00,"83,700.00"
2019-05-21,2019052101009957,RADHI,17,50,11,174.00,"1,914.00"
2019-05-21,2019052101009617,RBCL,59,6,20,"10,900.00","218,000.00"
2019-05-21,2019052101010088,RBCLPO,56,3,10,"10,051.00","100,510.00"
2019-05-21,2019052101009826,RBCLPO,59,33,10,"10,050.00","100,500.00"
2019-05-21,2019052101009825,RBCLPO,59,33,10,"10,051.00","100,510.00"
2019-05-21,2019052101009795,RBCLPO,18,42,20,"10,189.00","203,780.00"
2019-05-21,2019052101009794,RBCLPO,18,40,10,"10,189.00","101,890.00"
2019-05-21,2019052101009774,RBCLPO,17,33,10,"10,052.00","100,520.00"
2019-05-21,2019052101009734,RBCLPO,19,33,10,"10,055.00","100,550.00"
2019-05-21,2019052101010040,RMDC,6,26,21,668.00,"14,028.00"
2019-05-21,2019052101010017,RMDC,6,45,100,665.00,"66,500.00"
2019-05-21,2019052101010016,RMDC,6,41,143,664.00,"94,952.00"
2019-05-21,2019052101009811,SADBL,26,8,50,153.00,"7,650.00"
2019-05-21,2019052101010091,SANIMA,28,20,639,359.00,"229,401.00"
2019-05-21,2019052101010022,SBBLJ,58,29,500,205.00,"102,500.00"
2019-05-21,2019052101010021,SBBLJ,58,14,200,204.00,"40,800.00"
2019-05-21,2019052101010020,SBBLJ,58,17,500,203.00,"101,500.00"
2019-05-21,2019052101010031,SBI,48,28,90,480.00,"43,200.00"
2019-05-21,2019052101010030,SBI,34,28,20,480.00,"9,600.00"
2019-05-21,2019052101010029,SBI,34,28,20,480.00,"9,600.00"
2019-05-21,2019052101010028,SBI,48,28,70,480.00,"33,600.00"
2019-05-21,2019052101009950,SBL,34,1,65,337.00,"21,905.00"
2019-05-21,2019052101009844,SBL,34,49,100,337.00,"33,700.00"
2019-05-21,2019052101009824,SBL,34,3,73,337.00,"24,601.00"
2019-05-21,2019052101009742,SCB,48,10,270,690.00,"186,300.00"
2019-05-21,2019052101009715,SCB,48,56,10,690.00,"6,900.00"
2019-05-21,2019052101009947,SFFIL,55,22,20,223.00,"4,460.00"
2019-05-21,2019052101009882,SHINE,26,26,173,259.00,"44,807.00"
2019-05-21,2019052101010068,SHIVM,56,55,50,585.00,"29,250.00"
2019-05-21,2019052101010046,SHIVM,48,32,100,586.00,"58,600.00"
2019-05-21,2019052101010045,SHIVM,48,8,135,586.00,"79,110.00"
2019-05-21,2019052101010043,SHIVM,56,58,30,585.00,"17,550.00"
2019-05-21,2019052101009992,SHIVM,35,58,20,585.00,"11,700.00"
2019-05-21,2019052101009982,SHIVM,29,41,50,583.00,"29,150.00"
2019-05-21,2019052101009627,SHIVM,39,38,100,585.00,"58,500.00"
2019-05-21,2019052101009626,SHIVM,39,38,100,585.00,"58,500.00"
2019-05-21,2019052101009625,SHIVM,39,49,250,585.00,"146,250.00"
2019-05-21,2019052101009624,SHIVM,39,1,50,584.00,"29,200.00"
2019-05-21,2019052101009664,SHIVM,48,28,185,582.00,"107,670.00"
2019-05-21,2019052101009663,SHIVM,43,28,50,582.00,"29,100.00"
2019-05-21,2019052101009631,SHIVM,39,40,500,585.00,"292,500.00"
2019-05-21,2019052101009630,SHIVM,39,58,100,585.00,"58,500.00"
2019-05-21,2019052101009629,SHIVM,39,29,50,585.00,"29,250.00"
2019-05-21,2019052101009628,SHIVM,39,29,50,585.00,"29,250.00"
2019-05-21,2019052101009736,SHIVM,29,11,100,582.00,"58,200.00"
2019-05-21,2019052101009695,SHIVM,46,32,20,587.00,"11,740.00"
2019-05-21,2019052101009670,SHIVM,49,32,15,581.00,"8,715.00"
2019-05-21,2019052101009669,SHIVM,41,32,20,582.00,"11,640.00"
2019-05-21,2019052101009668,SHIVM,52,32,50,582.00,"29,100.00"
2019-05-21,2019052101009667,SHIVM,48,32,15,582.00,"8,730.00"
2019-05-21,2019052101009879,SHIVM,48,45,435,586.00,"254,910.00"
2019-05-21,2019052101009870,SHIVM,48,37,50,585.00,"29,250.00"
2019-05-21,2019052101009863,SHIVM,48,6,30,585.00,"17,550.00"
2019-05-21,2019052101009860,SHIVM,48,58,68,585.00,"39,780.00"
2019-05-21,2019052101009781,SHIVM,48,32,100,585.00,"58,500.00"
2019-05-21,2019052101009741,SHIVM,29,17,20,582.00,"11,640.00"
2019-05-21,2019052101009961,SHIVM,34,8,865,586.00,"506,890.00"
2019-05-21,2019052101009960,SHIVM,34,45,65,586.00,"38,090.00"
2019-05-21,2019052101009959,SHIVM,34,16,50,585.00,"29,250.00"
2019-05-21,2019052101009958,SHIVM,34,14,20,585.00,"11,700.00"
2019-05-21,2019052101009949,SHIVM,5,14,50,585.00,"29,250.00"
2019-05-21,2019052101009913,SHIVM,48,49,252,585.00,"147,420.00"
2019-05-21,2019052101009747,SHL,40,43,190,236.00,"44,840.00"
2019-05-21,2019052101009746,SHL,43,43,100,236.00,"23,600.00"
2019-05-21,2019052101009745,SHL,29,43,210,236.00,"49,560.00"
2019-05-21,2019052101009976,SHPC,50,7,590,286.00,"168,740.00"
2019-05-21,2019052101009975,SHPC,50,16,60,286.00,"17,160.00"
2019-05-21,2019052101009833,SHPC,58,16,340,286.00,"97,240.00"
2019-05-21,2019052101009593,SHPC,43,29,397,283.00,"112,351.00"
2019-05-21,2019052101009592,SHPC,22,29,500,283.00,"141,500.00"
2019-05-21,2019052101009772,SHPC,43,16,50,286.00,"14,300.00"
2019-05-21,2019052101009749,SHPC,17,49,130,284.00,"36,920.00"
2019-05-21,2019052101009888,SIC,5,53,10,"1,420.00","14,200.00"
2019-05-21,2019052101009708,SIC,41,57,30,"1,410.00","42,300.00"
2019-05-21,2019052101009707,SIC,41,16,49,"1,409.00","69,041.00"
2019-05-21,2019052101009804,SICL,6,21,133,858.00,"114,114.00"
2019-05-21,2019052101009803,SICL,41,21,117,860.00,"100,620.00"
2019-05-21,2019052101009802,SICL,54,21,50,862.00,"43,100.00"
2019-05-21,2019052101010019,SIL,25,42,17,589.00,"10,013.00"
2019-05-21,2019052101009877,SINDU,54,59,490,145.00,"71,050.00"
2019-05-21,2019052101009876,SINDU,39,59,500,145.00,"72,500.00"
2019-05-21,2019052101009858,SINDU,59,59,10,146.00,"1,460.00"
2019-05-21,2019052101009964,SKBBL,57,42,10,998.00,"9,980.00"
2019-05-21,2019052101009963,SKBBL,57,59,100,995.00,"99,500.00"
2019-05-21,2019052101009923,SKBBL,57,32,62,993.00,"61,566.00"
2019-05-21,2019052101009829,SKBBL,22,14,59,986.00,"58,174.00"
2019-05-21,2019052101009828,SKBBL,17,14,66,987.00,"65,142.00"
2019-05-21,2019052101010082,SLBBL,26,35,41,475.00,"19,475.00"
2019-05-21,2019052101010081,SLBBL,14,35,100,475.00,"47,500.00"
2019-05-21,2019052101010080,SLBBL,21,35,37,475.00,"17,575.00"
2019-05-21,2019052101010034,SLBS,45,41,18,822.00,"14,796.00"
2019-05-21,2019052101009916,SLBS,48,44,18,810.00,"14,580.00"
2019-05-21,2019052101009788,SLICL,32,45,10,591.00,"5,910.00"
2019-05-21,2019052101009787,SLICL,32,47,190,591.00,"112,290.00"
2019-05-21,2019052101009773,SLICL,32,47,200,591.00,"118,200.00"
2019-05-21,2019052101010032,SMATA,42,45,38,"1,318.00","50,084.00"
2019-05-21,2019052101009780,SMATA,42,48,12,"1,318.00","15,816.00"
2019-05-21,2019052101010083,SMFDB,41,57,26,540.00,"14,040.00"
2019-05-21,2019052101009946,SRBL,17,43,500,259.00,"129,500.00"
2019-05-21,2019052101009915,SRBL,17,57,98,259.00,"25,382.00"
2019-05-21,2019052101010007,UIC,17,45,90,942.00,"84,780.00"
2019-05-21,2019052101009954,UIC,32,45,10,942.00,"9,420.00"
2019-05-21,2019052101009891,UIC,45,58,20,935.00,"18,700.00"
2019-05-21,2019052101010079,UPCL,58,39,10,95.00,950.00
2019-05-21,2019052101010066,UPCL,58,58,50,94.00,"4,700.00"
2019-05-21,2019052101009656,UPCL,47,40,50,93.00,"4,650.00"
2019-05-21,2019052101009601,UPCL,37,46,500,94.00,"47,000.00"
2019-05-21,2019052101009600,UPCL,42,46,80,94.00,"7,520.00"
2019-05-21,2019052101009649,UPPER,58,42,97,278.00,"26,966.00"
2019-05-21,2019052101009648,UPPER,34,42,10,278.00,"2,780.00"
2019-05-21,2019052101009613,UPPER,34,40,40,278.00,"11,120.00"
2019-05-21,2019052101009612,UPPER,36,40,10,278.00,"2,780.00"
2019-05-21,2019052101009453,ADBL,42,47,66,416.00,"27,456.00"
2019-05-21,2019052101009452,ADBL,25,47,200,416.00,"83,200.00"
2019-05-21,2019052101009451,ADBL,42,47,200,416.00,"83,200.00"
2019-05-21,2019052101009450,ADBL,42,47,364,416.00,"151,424.00"
2019-05-21,2019052101009449,ADBL,52,47,70,417.00,"29,190.00"
2019-05-21,2019052101009448,ADBL,50,47,100,417.00,"41,700.00"
2019-05-21,2019052101009152,ADBL,19,25,66,419.00,"27,654.00"
2019-05-21,2019052101009151,ADBL,19,34,113,419.00,"47,347.00"
2019-05-21,2019052101009150,ADBL,19,50,21,419.00,"8,799.00"
2019-05-21,2019052101009336,AHPC,58,57,100,109.00,"10,900.00"
2019-05-21,2019052101009204,AHPC,43,54,"1,000",110.00,"110,000.00"
2019-05-21,2019052101009351,AKJCL,22,38,20,79.00,"1,580.00"
2019-05-21,2019052101009350,AKJCL,22,38,20,79.00,"1,580.00"
2019-05-21,2019052101009349,AKJCL,22,38,20,79.00,"1,580.00"
2019-05-21,2019052101009348,AKJCL,22,38,10,79.00,790.00
2019-05-21,2019052101009310,ALBSL,51,58,10,450.00,"4,500.00"
2019-05-21,2019052101009105,AMFI,1,17,10,563.00,"5,630.00"
2019-05-21,2019052101009577,API,4,56,210,155.00,"32,550.00"
2019-05-21,2019052101009576,API,45,56,"1,000",155.00,"155,000.00"
2019-05-21,2019052101009472,API,25,22,29,157.00,"4,553.00"
2019-05-21,2019052101009470,API,17,56,10,156.00,"1,560.00"
2019-05-21,2019052101009374,API,58,56,"1,000",155.00,"155,000.00"
2019-05-21,2019052101009369,API,56,44,864,156.00,"134,784.00"
2019-05-21,2019052101009102,API,56,34,181,156.00,"28,236.00"
2019-05-21,2019052101009326,API,59,44,136,156.00,"21,216.00"
2019-05-21,2019052101009103,API,59,34,364,156.00,"56,784.00"
2019-05-21,2019052101009566,BFC,21,51,100,106.00,"10,600.00"
2019-05-21,2019052101009465,BOKL,32,43,910,275.00,"250,250.00"
2019-05-21,2019052101009464,BOKL,32,43,230,275.00,"63,250.00"
2019-05-21,2019052101009456,BOKL,19,43,200,275.00,"55,000.00"
2019-05-21,2019052101009236,BOKL,36,43,570,275.00,"156,750.00"
2019-05-21,2019052101009548,BPCL,29,49,80,448.00,"35,840.00"
2019-05-21,2019052101009501,BPCL,46,25,51,447.00,"22,797.00"
2019-05-21,2019052101009484,BPCL,49,49,100,448.00,"44,800.00"
2019-05-21,2019052101009437,BPCL,46,44,33,447.00,"14,751.00"
2019-05-21,2019052101009414,BPCL,38,51,100,447.00,"44,700.00"
2019-05-21,2019052101009409,BPCL,43,49,200,448.00,"89,600.00"
2019-05-21,2019052101009223,BPCL,40,39,"1,000",449.00,"449,000.00"
2019-05-21,2019052101009171,BPCL,38,1,200,449.00,"89,800.00"
2019-05-21,2019052101009146,BPCL,45,46,11,448.00,"4,928.00"
2019-05-21,2019052101009095,BPCL,22,44,"1,000",449.00,"449,000.00"
2019-05-21,2019052101009301,BPCL,40,39,"1,000",449.00,"449,000.00"
2019-05-21,2019052101009300,BPCL,40,53,11,449.00,"4,939.00"
2019-05-21,2019052101009270,BPCL,40,39,"1,000",449.00,"449,000.00"
2019-05-21,2019052101009260,BPCL,45,53,11,448.00,"4,928.00"
2019-05-21,2019052101009250,BPCL,45,53,11,448.00,"4,928.00"
2019-05-21,2019052101009234,BPCL,45,53,11,448.00,"4,928.00"
2019-05-21,2019052101009379,BPCL,40,49,546,448.00,"244,608.00"
2019-05-21,2019052101009340,BPCL,40,13,454,448.00,"203,392.00"
2019-05-21,2019052101009339,BPCL,52,13,46,448.00,"20,608.00"
2019-05-21,2019052101009338,BPCL,52,49,454,448.00,"203,392.00"
2019-05-21,2019052101009337,BPCL,45,49,23,448.00,"10,304.00"
2019-05-21,2019052101009302,BPCL,40,53,11,449.00,"4,939.00"
2019-05-21,2019052101009520,CBBL,37,47,158,942.00,"148,836.00"
2019-05-21,2019052101009519,CBBL,49,47,342,942.00,"322,164.00"
2019-05-21,2019052101009269,CBL,1,56,"1,587",147.00,"233,289.00"
2019-05-21,2019052101009263,CBL,1,40,800,147.00,"117,600.00"
2019-05-21,2019052101009262,CBL,56,40,200,147.00,"29,400.00"
2019-05-21,2019052101009207,CBL,1,25,200,147.00,"29,400.00"
2019-05-21,2019052101009200,CBL,25,34,300,148.00,"44,400.00"
2019-05-21,2019052101009288,CCBL,33,57,71,169.00,"11,999.00"
2019-05-21,2019052101009287,CCBL,33,43,973,169.00,"164,437.00"
2019-05-21,2019052101009286,CCBL,33,40,188,169.00,"31,772.00"
2019-05-21,2019052101009285,CCBL,33,3,192,169.00,"32,448.00"
2019-05-21,2019052101009509,CHCL,22,51,13,540.00,"7,020.00"
2019-05-21,2019052101009410,CHCL,44,16,50,542.00,"27,100.00"
2019-05-21,2019052101009376,CHCL,44,17,50,542.00,"27,100.00"
2019-05-21,2019052101009235,CHCL,22,29,13,540.00,"7,020.00"
2019-05-21,2019052101009194,CHCL,44,29,87,540.00,"46,980.00"
2019-05-21,2019052101009317,CHLBS,35,8,10,466.00,"4,660.00"
2019-05-21,2019052101009316,CHLBS,35,58,10,466.00,"4,660.00"
2019-05-21,2019052101009315,CHLBS,35,47,40,466.00,"18,640.00"
2019-05-21,2019052101009314,CHLBS,35,8,10,466.00,"4,660.00"
2019-05-21,2019052101009313,CHLBS,35,8,10,466.00,"4,660.00"
2019-05-21,2019052101009191,CHLBS,40,49,10,465.00,"4,650.00"
2019-05-21,2019052101009558,CIT,29,57,30,"2,590.00","77,700.00"
2019-05-21,2019052101009557,CIT,37,57,10,"2,590.00","25,900.00"
2019-05-21,2019052101009556,CIT,25,57,50,"2,591.00","129,550.00"
2019-05-21,2019052101009531,CIT,22,57,10,"2,599.00","25,990.00"
2019-05-21,2019052101009510,CZBIL,14,10,530,230.00,"121,900.00"
2019-05-21,2019052101009267,CZBIL,49,6,622,230.00,"143,060.00"
2019-05-21,2019052101009242,CZBIL,49,6,"1,589",230.00,"365,470.00"
2019-05-21,2019052101009233,CZBIL,49,5,10,230.00,"2,300.00"
2019-05-21,2019052101009202,CZBIL,49,57,10,230.00,"2,300.00"
2019-05-21,2019052101009115,CZBIL,49,52,498,230.00,"114,540.00"
2019-05-21,2019052101009572,DBBL,25,34,20,149.00,"2,980.00"
2019-05-21,2019052101009512,DBBL,25,29,140,149.00,"20,860.00"
2019-05-21,2019052101009511,DBBL,46,29,"4,861",149.00,"724,289.00"
2019-05-21,2019052101009253,DBBL,46,33,139,149.00,"20,711.00"
2019-05-21,2019052101009252,DBBL,49,33,"1,861",149.00,"277,289.00"
2019-05-21,2019052101009199,DBBL,21,38,30,150.00,"4,500.00"
2019-05-21,2019052101009322,DDBL,55,26,500,735.00,"367,500.00"
2019-05-21,2019052101009241,DDBL,35,52,44,736.00,"32,384.00"
2019-05-21,2019052101009394,DHPL,26,57,180,70.00,"12,600.00"
2019-05-21,2019052101009393,DHPL,46,57,20,70.00,"1,400.00"
2019-05-21,2019052101009569,EBL,11,48,20,670.00,"13,400.00"
2019-05-21,2019052101009568,EBL,11,59,100,669.00,"66,900.00"
2019-05-21,2019052101009581,EIC,35,51,100,420.00,"42,000.00"
2019-05-21,2019052101009328,EIC,54,51,50,420.00,"21,000.00"
2019-05-21,2019052101009201,EIC,16,56,20,423.00,"8,460.00"
2019-05-21,2019052101009443,FMDBL,56,39,399,403.00,"160,797.00"
2019-05-21,2019052101009585,FOWAD,34,39,200,"1,521.00","304,200.00"
2019-05-21,2019052101009195,FOWAD,34,38,19,"1,535.00","29,165.00"
2019-05-21,2019052101009579,GBBL,13,42,37,227.00,"8,399.00"
2019-05-21,2019052101009562,GBIME,1,52,211,308.00,"64,988.00"
2019-05-21,2019052101009561,GBIME,49,52,200,308.00,"61,600.00"
2019-05-21,2019052101009560,GBIME,43,52,150,308.00,"46,200.00"
2019-05-21,2019052101009559,GBIME,43,52,69,308.00,"21,252.00"
2019-05-21,2019052101009555,GBIME,43,55,30,308.00,"9,240.00"
2019-05-21,2019052101009537,GBIME,43,47,201,308.00,"61,908.00"
2019-05-21,2019052101009431,GBIME,55,6,99,308.00,"30,492.00"
2019-05-21,2019052101009536,GBIME,49,47,65,308.00,"20,020.00"
2019-05-21,2019052101009535,GBIME,13,47,91,308.00,"28,028.00"
2019-05-21,2019052101009534,GBIME,49,47,100,308.00,"30,800.00"
2019-05-21,2019052101009533,GBIME,26,47,200,308.00,"61,600.00"
2019-05-21,2019052101009532,GBIME,55,47,343,308.00,"105,644.00"
2019-05-21,2019052101009444,GBIME,55,17,16,308.00,"4,928.00"
2019-05-21,2019052101009373,GFCL,1,59,20,122.00,"2,440.00"
2019-05-21,2019052101009238,GFCL,49,59,10,120.00,"1,200.00"
2019-05-21,2019052101009372,GILB,38,19,10,"1,280.00","12,800.00"
2019-05-21,2019052101009225,GILB,38,13,17,"1,305.00","22,185.00"
2019-05-21,2019052101009125,GLICL,46,7,163,556.00,"90,628.00"
2019-05-21,2019052101009311,GMFIL,51,43,100,126.00,"12,600.00"
2019-05-21,2019052101009564,GUFL,59,52,200,114.00,"22,800.00"
2019-05-21,2019052101009515,GUFL,5,51,100,115.00,"11,500.00"
2019-05-21,2019052101009333,HDL,33,58,15,"1,885.00","28,275.00"
2019-05-21,2019052101009332,HDL,45,58,85,"1,885.00","160,225.00"
2019-05-21,2019052101009331,HDL,16,58,10,"1,886.00","18,860.00"
2019-05-21,2019052101009330,HDL,51,58,10,"1,886.00","18,860.00"
2019-05-21,2019052101009329,HDL,39,58,100,"1,887.00","188,700.00"
2019-05-21,2019052101009549,HIDCL,50,51,28,165.00,"4,620.00"
2019-05-21,2019052101009529,HIDCL,50,34,228,165.00,"37,620.00"
2019-05-21,2019052101009528,HIDCL,52,34,272,165.00,"44,880.00"
2019-05-21,2019052101009523,HIDCL,52,58,228,165.00,"37,620.00"
2019-05-21,2019052101009522,HIDCL,48,58,89,165.00,"14,685.00"
2019-05-21,2019052101009405,HIDCL,48,57,11,165.00,"1,815.00"
2019-05-21,2019052101009196,HIDCL,3,34,11,165.00,"1,815.00"
2019-05-21,2019052101009104,HIDCL,17,5,46,164.00,"7,544.00"
2019-05-21,2019052101009248,HIDCL,43,16,100,166.00,"16,600.00"
2019-05-21,2019052101009247,HIDCL,43,17,29,166.00,"4,814.00"
2019-05-21,2019052101009246,HIDCL,43,47,144,166.00,"23,904.00"
2019-05-21,2019052101009245,HIDCL,43,29,79,166.00,"13,114.00"
2019-05-21,2019052101009244,HIDCL,43,50,39,166.00,"6,474.00"
2019-05-21,2019052101009243,HIDCL,43,6,25,165.00,"4,125.00"
2019-05-21,2019052101009259,HIDCL,53,26,500,164.00,"82,000.00"
2019-05-21,2019052101009258,HIDCL,21,26,500,164.00,"82,000.00"
2019-05-21,2019052101009257,HIDCL,43,26,200,164.00,"32,800.00"
2019-05-21,2019052101009256,HIDCL,38,26,100,164.00,"16,400.00"
2019-05-21,2019052101009255,HIDCL,17,26,893,164.00,"146,452.00"
2019-05-21,2019052101009249,HIDCL,43,5,100,166.00,"16,600.00"
2019-05-21,2019052101009496,HPPL,25,44,10,185.00,"1,850.00"
2019-05-21,2019052101009463,HPPL,25,57,10,185.00,"1,850.00"
2019-05-21,2019052101009434,HPPL,25,45,20,185.00,"3,700.00"
2019-05-21,2019052101009433,HPPL,45,45,480,185.00,"88,800.00"
2019-05-21,2019052101009264,ICFC,16,57,400,162.00,"64,800.00"
2019-05-21,2019052101009401,JBBL,14,10,439,148.00,"64,972.00"
2019-05-21,2019052101009400,JBBL,43,10,60,148.00,"8,880.00"
2019-05-21,2019052101009399,JBBL,46,10,282,148.00,"41,736.00"
2019-05-21,2019052101009398,JBBL,46,10,126,149.00,"18,774.00"
2019-05-21,2019052101009504,JBNL,35,52,100,204.00,"20,400.00"
2019-05-21,2019052101009274,JBNL,35,20,17,204.00,"3,468.00"
2019-05-21,2019052101009273,JBNL,57,20,83,204.00,"16,932.00"
2019-05-21,2019052101009508,KBBL,55,35,20,226.00,"4,520.00"
2019-05-21,2019052101009121,KBBL,55,44,37,226.00,"8,362.00"
2019-05-21,2019052101009308,KBL,28,51,657,221.00,"145,197.00"
2019-05-21,2019052101009307,KBL,28,33,354,221.00,"78,234.00"
2019-05-21,2019052101009306,KBL,28,43,343,220.00,"75,460.00"
2019-05-21,2019052101009304,KBL,36,43,"1,657",220.00,"364,540.00"
2019-05-21,2019052101009268,KBL,36,5,343,220.00,"75,460.00"
2019-05-21,2019052101009265,KBL,47,33,10,221.00,"2,210.00"
2019-05-21,2019052101009445,KNBL,33,34,10,140.00,"1,400.00"
2019-05-21,2019052101009402,KNBL,35,34,10,142.00,"1,420.00"
2019-05-21,2019052101009367,KNBL,35,17,535,144.00,"77,040.00"
2019-05-21,2019052101009413,KPCL,57,47,10,93.00,930.00
2019-05-21,2019052101009182,KSBBL,22,55,241,160.00,"38,560.00"
2019-05-21,2019052101009110,KSBBL,22,3,198,160.00,"31,680.00"
2019-05-21,2019052101009298,LBBL,33,4,500,205.00,"102,500.00"
2019-05-21,2019052101009297,LBBL,29,4,200,205.00,"41,000.00"
2019-05-21,2019052101009296,LBBL,32,4,135,205.00,"27,675.00"
2019-05-21,2019052101009295,LBBL,45,4,100,205.00,"20,500.00"
2019-05-21,2019052101009294,LBBL,48,4,500,205.00,"102,500.00"
2019-05-21,2019052101009293,LBBL,48,4,10,205.00,"2,050.00"
2019-05-21,2019052101009292,LBBL,32,4,72,205.00,"14,760.00"
2019-05-21,2019052101009277,LBBL,32,13,66,205.00,"13,530.00"
2019-05-21,2019052101009137,LBBL,32,57,104,205.00,"21,320.00"
2019-05-21,2019052101009580,LBL,34,1,200,223.00,"44,600.00"
2019-05-21,2019052101009123,LBL,58,17,15,222.00,"3,330.00"
2019-05-21,2019052101009122,LBL,58,43,23,222.00,"5,106.00"
2019-05-21,2019052101009179,LGIL,56,20,50,502.00,"25,100.00"
2019-05-21,2019052101009584,LICN,28,22,200,"1,912.00","382,400.00"
2019-05-21,2019052101009583,LICN,28,59,100,"1,911.00","191,100.00"
2019-05-21,2019052101009582,LICN,28,44,57,"1,910.00","108,870.00"
2019-05-21,2019052101009521,LICN,56,13,405,"1,909.00","773,145.00"
2019-05-21,2019052101009384,LICN,42,57,100,"1,907.00","190,700.00"
2019-05-21,2019052101009383,LICN,42,58,432,"1,905.00","822,960.00"
2019-05-21,2019052101009471,MBL,18,57,500,270.00,"135,000.00"
2019-05-21,2019052101009217,MBL,45,40,30,271.00,"8,130.00"
2019-05-21,2019052101009500,MEGA,4,43,"1,040",196.00,"203,840.00"
2019-05-21,2019052101009474,MEGA,42,43,960,197.00,"189,120.00"
2019-05-21,2019052101009389,MEGA,42,45,40,197.00,"7,880.00"
2019-05-21,2019052101009325,MEGA,4,33,627,196.00,"122,892.00"
2019-05-21,2019052101009324,MEGA,33,33,39,196.00,"7,644.00"
2019-05-21,2019052101009240,MEGA,33,19,200,196.00,"39,200.00"
2019-05-21,2019052101009114,MEGA,33,46,49,198.00,"9,702.00"
2019-05-21,2019052101009113,MEGA,33,46,951,198.00,"188,298.00"
2019-05-21,2019052101009272,MERO,26,35,30,598.00,"17,940.00"
2019-05-21,2019052101009165,MNBBL,52,54,59,377.00,"22,243.00"
2019-05-21,2019052101009363,MSMBS,42,5,50,502.00,"25,100.00"
2019-05-21,2019052101009396,NABIL,59,39,15,838.00,"12,570.00"
2019-05-21,2019052101009112,NABIL,50,37,100,839.00,"83,900.00"
2019-05-21,2019052101009505,NABILP,35,52,100,807.00,"80,700.00"
2019-05-21,2019052101009128,NADEP,49,26,200,460.00,"92,000.00"
2019-05-21,2019052101009127,NADEP,6,26,40,460.00,"18,400.00"
2019-05-21,2019052101009126,NADEP,42,26,100,462.00,"46,200.00"
2019-05-21,2019052101009129,NADEP,28,26,10,460.00,"4,600.00"
2019-05-21,2019052101009145,NBB,28,42,193,225.00,"43,425.00"
2019-05-21,2019052101009144,NBB,45,42,100,225.00,"22,500.00"
2019-05-21,2019052101009143,NBB,41,42,500,225.00,"112,500.00"
2019-05-21,2019052101009142,NBB,42,42,150,225.00,"33,750.00"
2019-05-21,2019052101009141,NBB,36,42,"2,000",225.00,"450,000.00"
2019-05-21,2019052101009140,NBB,55,42,"2,000",225.00,"450,000.00"
2019-05-21,2019052101009139,NBB,11,42,778,225.00,"175,050.00"
2019-05-21,2019052101009567,NBL,32,13,"2,815",331.00,"931,765.00"
2019-05-21,2019052101009542,NBL,32,13,200,331.00,"66,200.00"
2019-05-21,2019052101009526,NBL,44,13,500,331.00,"165,500.00"
2019-05-21,2019052101009483,NBL,32,13,"1,000",331.00,"331,000.00"
2019-05-21,2019052101009467,NBL,43,13,500,331.00,"165,500.00"
2019-05-21,2019052101009466,NBL,5,13,985,331.00,"326,035.00"
2019-05-21,2019052101009155,NBL,14,47,280,331.00,"92,680.00"
2019-05-21,2019052101009154,NBL,32,47,100,332.00,"33,200.00"
2019-05-21,2019052101009161,NBL,56,47,100,331.00,"33,100.00"
2019-05-21,2019052101009160,NBL,35,47,400,331.00,"132,400.00"
2019-05-21,2019052101009159,NBL,54,47,500,331.00,"165,500.00"
2019-05-21,2019052101009158,NBL,52,47,50,331.00,"16,550.00"
2019-05-21,2019052101009157,NBL,56,47,100,331.00,"33,100.00"
2019-05-21,2019052101009156,NBL,25,47,150,331.00,"49,650.00"
2019-05-21,2019052101009210,NBL,52,36,"1,000",331.00,"331,000.00"
2019-05-21,2019052101009209,NBL,45,36,300,331.00,"99,300.00"
2019-05-21,2019052101009208,NBL,6,36,250,331.00,"82,750.00"
2019-05-21,2019052101009205,NBL,39,58,740,332.00,"245,680.00"
2019-05-21,2019052101009198,NBL,29,58,500,332.00,"166,000.00"
2019-05-21,2019052101009162,NBL,6,47,750,331.00,"248,250.00"
2019-05-21,2019052101009278,NBL,44,29,495,331.00,"163,845.00"
2019-05-21,2019052101009266,NBL,48,13,40,332.00,"13,280.00"
2019-05-21,2019052101009227,NBL,11,13,602,332.00,"199,864.00"
2019-05-21,2019052101009226,NBL,11,58,398,332.00,"132,136.00"
2019-05-21,2019052101009218,NBL,52,58,100,332.00,"33,200.00"
2019-05-21,2019052101009211,NBL,44,36,450,331.00,"148,950.00"
2019-05-21,2019052101009407,NBL,5,40,15,331.00,"4,965.00"
2019-05-21,2019052101009406,NBL,44,40,"1,485",331.00,"491,535.00"
2019-05-21,2019052101009378,NBL,44,48,500,331.00,"165,500.00"
2019-05-21,2019052101009377,NBL,47,48,500,331.00,"165,500.00"
2019-05-21,2019052101009368,NBL,38,13,500,332.00,"166,000.00"
2019-05-21,2019052101009283,NBL,44,20,70,331.00,"23,170.00"
2019-05-21,2019052101009578,NCCB,34,29,300,256.00,"76,800.00"
2019-05-21,2019052101009486,NCCB,26,54,184,257.00,"47,288.00"
2019-05-21,2019052101009457,NCCB,26,58,16,257.00,"4,112.00"
2019-05-21,2019052101009421,NHPC,56,42,100,69.00,"6,900.00"
2019-05-21,2019052101009148,NHPC,57,42,500,68.00,"34,000.00"
2019-05-21,2019052101009473,NIB,32,6,23,538.00,"12,374.00"
2019-05-21,2019052101009420,NIB,32,47,139,538.00,"74,782.00"
2019-05-21,2019052101009419,NIB,34,47,100,538.00,"53,800.00"
2019-05-21,2019052101009418,NIB,52,47,43,538.00,"23,134.00"
2019-05-21,2019052101009417,NIB,41,47,200,539.00,"107,800.00"
2019-05-21,2019052101009416,NIB,21,47,30,539.00,"16,170.00"
2019-05-21,2019052101009415,NIB,40,47,78,539.00,"42,042.00"
2019-05-21,2019052101009362,NIB,38,18,425,540.00,"229,500.00"
2019-05-21,2019052101009361,NIB,38,21,75,540.00,"40,500.00"
2019-05-21,2019052101009239,NIBPO,7,29,110,509.00,"55,990.00"
2019-05-21,2019052101009544,NICA,40,54,100,482.00,"48,200.00"
2019-05-21,2019052101009390,NICA,40,19,500,482.00,"241,000.00"
2019-05-21,2019052101009305,NIL,34,35,10,518.00,"5,180.00"
2019-05-21,2019052101009485,NLIC,17,6,17,931.00,"15,827.00"
2019-05-21,2019052101009189,NLIC,26,53,23,930.00,"21,390.00"
2019-05-21,2019052101009188,NLIC,56,53,50,930.00,"46,500.00"
2019-05-21,2019052101009187,NLIC,1,53,50,930.00,"46,500.00"
2019-05-21,2019052101009186,NLIC,14,53,67,930.00,"62,310.00"
2019-05-21,2019052101009185,NLIC,21,53,10,931.00,"9,310.00"
2019-05-21,2019052101009184,NLIC,28,53,200,931.00,"186,200.00"
2019-05-21,2019052101009183,NLIC,42,53,100,931.00,"93,100.00"
2019-05-21,2019052101009397,NLICL,34,53,500,660.00,"330,000.00"
2019-05-21,2019052101009381,NLICL,34,53,700,660.00,"462,000.00"
2019-05-21,2019052101009366,NLICL,34,53,353,660.00,"232,980.00"
2019-05-21,2019052101009365,NLICL,16,53,147,661.00,"97,167.00"
2019-05-21,2019052101009101,NLICL,34,49,"1,000",664.00,"664,000.00"
2019-05-21,2019052101009100,NLICL,34,13,200,662.00,"132,400.00"
2019-05-21,2019052101009099,NLICL,34,6,50,662.00,"33,100.00"
2019-05-21,2019052101009098,NLICL,34,13,150,661.00,"99,150.00"
2019-05-21,2019052101009097,NLICL,34,41,200,660.00,"132,000.00"
2019-05-21,2019052101009096,NLICL,34,53,400,660.00,"264,000.00"
2019-05-21,2019052101009237,NMFBS,33,44,15,"1,604.00","24,060.00"
2019-05-21,2019052101009149,NMFBS,33,29,15,"1,604.00","24,060.00"
2019-05-21,2019052101009516,NNLB,32,33,50,410.00,"20,500.00"
2019-05-21,2019052101009216,NTC,34,46,345,731.00,"252,195.00"
2019-05-21,2019052101009203,NTC,57,57,100,732.00,"73,200.00"
2019-05-21,2019052101009491,NUBL,17,26,32,855.00,"27,360.00"
2019-05-21,2019052101009490,NUBL,35,26,20,855.00,"17,100.00"
2019-05-21,2019052101009489,NUBL,48,26,30,855.00,"25,650.00"
2019-05-21,2019052101009488,NUBL,45,26,10,855.00,"8,550.00"
2019-05-21,2019052101009487,NUBL,19,26,68,856.00,"58,208.00"
2019-05-21,2019052101009482,OHL,42,19,124,648.00,"80,352.00"
2019-05-21,2019052101009481,OHL,42,35,200,646.00,"129,200.00"
2019-05-21,2019052101009480,OHL,42,42,200,645.00,"129,000.00"
2019-05-21,2019052101009479,OHL,42,7,13,645.00,"8,385.00"
2019-05-21,2019052101009478,OHL,42,45,17,645.00,"10,965.00"
2019-05-21,2019052101009439,OHL,42,34,250,641.00,"160,250.00"
2019-05-21,2019052101009438,OHL,42,16,200,640.00,"128,000.00"
2019-05-21,2019052101009477,OHL,42,10,42,645.00,"27,090.00"
2019-05-21,2019052101009476,OHL,42,10,14,645.00,"9,030.00"
2019-05-21,2019052101009475,OHL,42,44,390,644.00,"251,160.00"
2019-05-21,2019052101009442,OHL,42,38,200,643.00,"128,600.00"
2019-05-21,2019052101009441,OHL,42,10,345,643.00,"221,835.00"
2019-05-21,2019052101009440,OHL,42,38,200,642.00,"128,400.00"
2019-05-21,2019052101009587,PCBL,38,26,"1,296",363.00,"470,448.00"
2019-05-21,2019052101009586,PCBL,38,26,704,363.00,"255,552.00"
2019-05-21,2019052101009563,PCBL,38,45,50,363.00,"18,150.00"
2019-05-21,2019052101009527,PCBL,53,49,400,364.00,"145,600.00"
2019-05-21,2019052101009517,PCBL,38,38,246,363.00,"89,298.00"
2019-05-21,2019052101009494,PCBL,55,47,100,362.00,"36,200.00"
2019-05-21,2019052101009228,PCBL,11,58,104,363.00,"37,752.00"
2019-05-21,2019052101009222,PCBL,11,45,896,363.00,"325,248.00"
2019-05-21,2019052101009221,PCBL,25,45,104,363.00,"37,752.00"
2019-05-21,2019052101009212,PCBL,25,41,196,363.00,"71,148.00"
2019-05-21,2019052101009193,PCBL,57,48,56,364.00,"20,384.00"
2019-05-21,2019052101009192,PCBL,57,58,244,364.00,"88,816.00"
2019-05-21,2019052101009386,PCBL,53,37,47,364.00,"17,108.00"
2019-05-21,2019052101009309,PCBL,53,21,76,364.00,"27,664.00"
2019-05-21,2019052101009271,PCBL,53,48,94,364.00,"34,216.00"
2019-05-21,2019052101009254,PCBL,26,48,150,364.00,"54,600.00"
2019-05-21,2019052101009230,PCBL,14,58,296,363.00,"107,448.00"
2019-05-21,2019052101009229,PCBL,49,58,300,363.00,"108,900.00"
2019-05-21,2019052101009426,PCBL,51,38,200,363.00,"72,600.00"
2019-05-21,2019052101009425,PCBL,1,38,200,363.00,"72,600.00"
2019-05-21,2019052101009424,PCBL,38,38,100,363.00,"36,300.00"
2019-05-21,2019052101009423,PCBL,1,38,200,363.00,"72,600.00"
2019-05-21,2019052101009422,PCBL,14,38,704,363.00,"255,552.00"
2019-05-21,2019052101009392,PCBL,53,49,283,364.00,"103,012.00"
2019-05-21,2019052101009493,PCBL,32,47,200,362.00,"72,400.00"
2019-05-21,2019052101009492,PCBL,45,47,500,362.00,"181,000.00"
2019-05-21,2019052101009430,PCBL,43,38,50,363.00,"18,150.00"
2019-05-21,2019052101009429,PCBL,16,38,200,363.00,"72,600.00"
2019-05-21,2019052101009428,PCBL,41,38,100,363.00,"36,300.00"
2019-05-21,2019052101009427,PCBL,58,38,"1,000",363.00,"363,000.00"
2019-05-21,2019052101009543,PIC,36,1,200,"1,207.00","241,400.00"
2019-05-21,2019052101009530,PIC,4,52,100,"1,205.00","120,500.00"
2019-05-21,2019052101009391,PIC,33,1,200,"1,204.00","240,800.00"
2019-05-21,2019052101009303,PIC,33,1,78,"1,206.00","94,068.00"
2019-05-21,2019052101009276,PIC,33,35,12,"1,206.00","14,472.00"
2019-05-21,2019052101009275,PIC,33,56,11,"1,206.00","13,266.00"
2019-05-21,2019052101009170,PIC,21,1,11,"1,205.00","13,255.00"
2019-05-21,2019052101009169,PIC,21,1,11,"1,205.00","13,255.00"
2019-05-21,2019052101009168,PIC,21,1,11,"1,205.00","13,255.00"
2019-05-21,2019052101009167,PIC,21,1,11,"1,205.00","13,255.00"
2019-05-21,2019052101009166,PIC,21,1,11,"1,205.00","13,255.00"
2019-05-21,2019052101009507,PLIC,53,51,160,472.00,"75,520.00"
2019-05-21,2019052101009404,PLIC,47,38,294,471.00,"138,474.00"
2019-05-21,2019052101009403,PLIC,58,38,206,471.00,"97,026.00"
2019-05-21,2019052101009364,PLIC,17,51,200,472.00,"94,400.00"
2019-05-21,2019052101009513,PMHPL,29,40,10,110.00,"1,100.00"
2019-05-21,2019052101009503,PMHPL,29,6,10,110.00,"1,100.00"
2019-05-21,2019052101009284,PRIN,34,32,400,410.00,"164,000.00"
2019-05-21,2019052101009153,PRIN,34,20,50,410.00,"20,500.00"
2019-05-21,2019052101009538,PRVU,28,45,50,279.00,"13,950.00"
2019-05-21,2019052101009261,PRVU,32,25,400,280.00,"112,000.00"
2019-05-21,2019052101009197,PRVU,45,45,500,279.00,"139,500.00"
2019-05-21,2019052101009291,PRVU,28,25,284,279.00,"79,236.00"
2019-05-21,2019052101009290,PRVU,21,25,"1,500",279.00,"418,500.00"
2019-05-21,2019052101009289,PRVU,45,25,500,279.00,"139,500.00"
2019-05-21,2019052101009280,PRVU,42,25,15,280.00,"4,200.00"
2019-05-21,2019052101009524,RADHI,17,25,11,174.00,"1,914.00"
2019-05-21,2019052101009387,RADHI,16,3,10,175.00,"1,750.00"
2019-05-21,2019052101009574,RBCL,19,6,10,"10,955.00","109,550.00"
2019-05-21,2019052101009573,RBCLPO,35,33,80,"10,065.00","805,200.00"
2019-05-21,2019052101009321,RBCLPO,35,33,20,"10,065.00","201,300.00"
2019-05-21,2019052101009432,RBCLPO,17,39,10,"10,151.00","101,510.00"
2019-05-21,2019052101009514,RRHP,47,6,10,94.00,940.00
2019-05-21,2019052101009319,SANIMA,28,20,14,359.00,"5,026.00"
2019-05-21,2019052101009318,SANIMA,25,20,86,359.00,"30,874.00"
2019-05-21,2019052101009312,SANIMA,25,38,50,359.00,"17,950.00"
2019-05-21,2019052101009116,SANIMA,58,48,100,360.00,"36,000.00"
2019-05-21,2019052101009571,SBL,34,28,200,337.00,"67,400.00"
2019-05-21,2019052101009111,SBL,50,1,60,336.00,"20,160.00"
2019-05-21,2019052101009547,SCB,43,26,50,693.00,"34,650.00"
2019-05-21,2019052101009546,SCB,48,13,20,690.00,"13,800.00"
2019-05-21,2019052101009545,SCB,14,13,80,690.00,"55,200.00"
2019-05-21,2019052101009358,SCB,48,26,30,693.00,"20,790.00"
2019-05-21,2019052101009181,SEF,43,42,100,10.07,"1,007.00"
2019-05-21,2019052101009180,SEF,43,14,"1,000",9.90,"9,900.00"
2019-05-21,2019052101009565,SHIVM,49,37,50,581.00,"29,050.00"
2019-05-21,2019052101009554,SHIVM,38,19,60,584.00,"35,040.00"
2019-05-21,2019052101009553,SHIVM,38,7,50,584.00,"29,200.00"
2019-05-21,2019052101009552,SHIVM,38,19,50,584.00,"29,200.00"
2019-05-21,2019052101009551,SHIVM,38,19,50,584.00,"29,200.00"
2019-05-21,2019052101009550,SHIVM,38,19,50,584.00,"29,200.00"
2019-05-21,2019052101009164,SHIVM,48,32,75,582.00,"43,650.00"
2019-05-21,2019052101009163,SHIVM,6,32,100,583.00,"58,300.00"
2019-05-21,2019052101009120,SHIVM,48,38,50,582.00,"29,100.00"
2019-05-21,2019052101009094,SHIVM,56,34,50,583.00,"29,150.00"
2019-05-21,2019052101009093,SHIVM,56,5,250,583.00,"145,750.00"
2019-05-21,2019052101009408,SHIVM,6,32,100,583.00,"58,300.00"
2019-05-21,2019052101009360,SHIVM,55,32,260,584.00,"151,840.00"
2019-05-21,2019052101009323,SHIVM,48,28,100,582.00,"58,200.00"
2019-05-21,2019052101009299,SHIVM,48,32,40,584.00,"23,360.00"
2019-05-21,2019052101009206,SHIVM,48,13,50,582.00,"29,100.00"
2019-05-21,2019052101009178,SHIVM,26,58,200,584.00,"116,800.00"
2019-05-21,2019052101009506,SHIVM,49,26,50,581.00,"29,050.00"
2019-05-21,2019052101009499,SHIVM,49,14,50,581.00,"29,050.00"
2019-05-21,2019052101009498,SHIVM,48,14,200,581.00,"116,200.00"
2019-05-21,2019052101009497,SHIVM,48,14,150,581.00,"87,150.00"
2019-05-21,2019052101009447,SHIVM,48,28,50,581.00,"29,050.00"
2019-05-21,2019052101009446,SHIVM,48,28,50,582.00,"29,100.00"
2019-05-21,2019052101009591,SHPC,41,29,500,283.00,"141,500.00"
2019-05-21,2019052101009590,SHPC,39,29,50,284.00,"14,200.00"
2019-05-21,2019052101009589,SHPC,45,29,300,284.00,"85,200.00"
2019-05-21,2019052101009588,SHPC,42,29,253,284.00,"71,852.00"
2019-05-21,2019052101009138,SHPC,5,49,700,287.00,"200,900.00"
2019-05-21,2019052101009124,SHPC,52,49,"1,000",287.00,"287,000.00"
2019-05-21,2019052101009119,SHPC,36,49,670,287.00,"192,290.00"
2019-05-21,2019052101009118,SHPC,36,41,20,287.00,"5,740.00"
2019-05-21,2019052101009092,SHPC,36,42,210,287.00,"60,270.00"
2019-05-21,2019052101009352,SHPC,58,16,375,285.00,"106,875.00"
2019-05-21,2019052101009320,SHPC,39,57,100,286.00,"28,600.00"
2019-05-21,2019052101009220,SHPC,33,43,500,286.00,"143,000.00"
2019-05-21,2019052101009371,SHPC,55,16,375,285.00,"106,875.00"
2019-05-21,2019052101009356,SHPC,54,16,"1,000",285.00,"285,000.00"
2019-05-21,2019052101009355,SHPC,39,16,100,285.00,"28,500.00"
2019-05-21,2019052101009354,SHPC,45,16,150,285.00,"42,750.00"
2019-05-21,2019052101009353,SHPC,5,16,"1,000",285.00,"285,000.00"
2019-05-21,2019052101009518,SHPC,43,16,50,286.00,"14,300.00"
2019-05-21,2019052101009462,SHPC,42,7,747,284.00,"212,148.00"
2019-05-21,2019052101009461,SHPC,22,7,500,284.00,"142,000.00"
2019-05-21,2019052101009460,SHPC,45,7,100,284.00,"28,400.00"
2019-05-21,2019052101009459,SHPC,56,7,"1,000",284.00,"284,000.00"
2019-05-21,2019052101009458,SHPC,55,7,125,285.00,"35,625.00"
2019-05-21,2019052101009455,SIC,53,16,50,"1,399.00","69,950.00"
2019-05-21,2019052101009454,SIC,11,16,100,"1,399.00","139,900.00"
2019-05-21,2019052101009436,SIC,35,16,50,"1,402.00","70,100.00"
2019-05-21,2019052101009435,SIC,56,16,11,"1,405.00","15,455.00"
2019-05-21,2019052101009224,SIC,35,57,20,"1,410.00","28,200.00"
2019-05-21,2019052101009136,SIC,25,16,10,"1,410.00","14,100.00"
2019-05-21,2019052101009135,SIC,25,16,10,"1,410.00","14,100.00"
2019-05-21,2019052101009134,SIC,41,16,100,"1,411.00","141,100.00"
2019-05-21,2019052101009133,SIC,45,16,80,"1,411.00","112,880.00"
2019-05-21,2019052101009132,SIC,37,16,200,"1,412.00","282,400.00"
2019-05-21,2019052101009131,SIC,57,16,90,"1,412.00","127,080.00"
2019-05-21,2019052101009130,SIC,35,16,50,"1,413.00","70,650.00"
2019-05-21,2019052101009359,SIFC,4,17,10,160.00,"1,600.00"
2019-05-21,2019052101009231,SINDU,33,52,200,148.00,"29,600.00"
2019-05-21,2019052101009213,SKBBL,19,32,65,990.00,"64,350.00"
2019-05-21,2019052101009469,SLBBL,21,57,43,475.00,"20,425.00"
2019-05-21,2019052101009468,SLBBL,22,57,55,476.00,"26,180.00"
2019-05-21,2019052101009385,SLBBL,1,29,59,477.00,"28,143.00"
2019-05-21,2019052101009219,SLBBL,22,20,45,476.00,"21,420.00"
2019-05-21,2019052101009177,SLBBL,57,29,250,477.00,"119,250.00"
2019-05-21,2019052101009176,SLBBL,37,29,49,478.00,"23,422.00"
2019-05-21,2019052101009175,SLBSL,57,52,10,581.00,"5,810.00"
2019-05-21,2019052101009174,SLBSL,57,25,20,580.00,"11,600.00"
2019-05-21,2019052101009173,SLBSL,57,49,10,579.00,"5,790.00"
2019-05-21,2019052101009172,SLBSL,57,49,10,579.00,"5,790.00"
2019-05-21,2019052101009388,SLICL,34,4,77,590.00,"45,430.00"
2019-05-21,2019052101009382,SLICL,18,4,160,590.00,"94,400.00"
2019-05-21,2019052101009357,SLICL,1,4,15,590.00,"8,850.00"
2019-05-21,2019052101009251,SLICL,58,4,48,590.00,"28,320.00"
2019-05-21,2019052101009495,SMATA,42,5,15,"1,318.00","19,770.00"
2019-05-21,2019052101009335,SMATA,42,41,19,"1,318.00","25,042.00"
2019-05-21,2019052101009334,SMATA,42,13,12,"1,318.00","15,816.00"
2019-05-21,2019052101009232,SMB,43,7,10,550.00,"5,500.00"
2019-05-21,2019052101009347,SMFDB,45,10,119,530.00,"63,070.00"
2019-05-21,2019052101009346,SMFDB,55,10,20,530.00,"10,600.00"
2019-05-21,2019052101009106,SMFDB,48,7,16,543.00,"8,688.00"
2019-05-21,2019052101009109,SMFDB,29,7,154,540.00,"83,160.00"
2019-05-21,2019052101009108,SMFDB,57,7,100,541.00,"54,100.00"
2019-05-21,2019052101009107,SMFDB,55,7,30,543.00,"16,290.00"
2019-05-21,2019052101009345,SMFDB,14,10,30,530.00,"15,900.00"
2019-05-21,2019052101009344,SMFDB,25,10,50,538.00,"26,900.00"
2019-05-21,2019052101009343,SMFDB,48,10,50,539.00,"26,950.00"
2019-05-21,2019052101009342,SMFDB,29,10,46,540.00,"24,840.00"
2019-05-21,2019052101009341,SMFDB,17,10,26,541.00,"14,066.00"
2019-05-21,2019052101009541,SRBL,34,25,100,260.00,"26,000.00"
2019-05-21,2019052101009540,SRBL,34,45,"1,000",260.00,"260,000.00"
2019-05-21,2019052101009539,SRBL,34,40,440,260.00,"114,400.00"
2019-05-21,2019052101009525,SRBL,17,6,41,259.00,"10,619.00"
2019-05-21,2019052101009375,SRBL,17,36,200,259.00,"51,800.00"
2019-05-21,2019052101009327,SRBL,17,20,100,259.00,"25,900.00"
2019-05-21,2019052101009282,SRBL,17,57,116,259.00,"30,044.00"
2019-05-21,2019052101009281,SRBL,28,57,42,259.00,"10,878.00"
2019-05-21,2019052101009279,SRBL,48,40,60,260.00,"15,600.00"
2019-05-21,2019052101009190,SWBBL,44,5,50,899.00,"44,950.00"
2019-05-21,2019052101009502,UIC,45,41,50,940.00,"47,000.00"
2019-05-21,2019052101009570,UMHL,22,57,100,125.00,"12,500.00"
2019-05-21,2019052101009147,UMHL,59,56,10,125.00,"1,250.00"
2019-05-21,2019052101009215,UMHL,59,26,42,127.00,"5,334.00"
2019-05-21,2019052101009214,UMHL,59,39,200,127.00,"25,400.00"
2019-05-21,2019052101009575,UPCL,42,25,60,94.00,"5,640.00"
2019-05-21,2019052101009412,UPCL,42,47,10,94.00,940.00
2019-05-21,2019052101009411,UPCL,13,47,40,94.00,"3,760.00"
2019-05-21,2019052101009395,UPCL,13,47,50,94.00,"4,700.00"
2019-05-21,2019052101009380,UPCL,13,47,50,94.00,"4,700.00"
2019-05-21,2019052101009370,UPCL,13,57,110,94.00,"10,340.00"
2019-05-21,2019052101009117,VLBS,5,11,78,561.00,"43,758.00"
2019-05-21,2019052101009080,ADBL,40,20,100,417.00,"41,700.00"
2019-05-21,2019052101008945,ADBL,41,50,10,419.00,"4,190.00"
2019-05-21,2019052101008909,ADBL,4,50,100,419.00,"41,900.00"
2019-05-21,2019052101008808,ADBL,22,14,"1,500",417.00,"625,500.00"
2019-05-21,2019052101008807,ADBL,39,14,200,417.00,"83,400.00"
2019-05-21,2019052101008806,ADBL,42,14,200,417.00,"83,400.00"
2019-05-21,2019052101008799,ADBL,45,14,100,418.00,"41,800.00"
2019-05-21,2019052101008645,ADBL,25,50,200,419.00,"83,800.00"
2019-05-21,2019052101008593,ADBL,34,50,113,419.00,"47,347.00"
2019-05-21,2019052101008805,ADBL,6,14,11,417.00,"4,587.00"
2019-05-21,2019052101008804,ADBL,54,14,"1,000",417.00,"417,000.00"
2019-05-21,2019052101008803,ADBL,57,14,100,417.00,"41,700.00"
2019-05-21,2019052101008802,ADBL,26,14,"1,100",417.00,"458,700.00"
2019-05-21,2019052101008801,ADBL,17,14,200,418.00,"83,600.00"
2019-05-21,2019052101008800,ADBL,50,14,200,418.00,"83,600.00"
2019-05-21,2019052101008616,AHPC,43,25,200,111.00,"22,200.00"
2019-05-21,2019052101008771,AKPL,25,19,14,198.00,"2,772.00"
2019-05-21,2019052101008770,AKPL,25,22,13,197.00,"2,561.00"
2019-05-21,2019052101008769,AKPL,25,29,13,196.00,"2,548.00"
2019-05-21,2019052101008964,ALBSL,29,29,10,455.00,"4,550.00"
2019-05-21,2019052101008931,ALBSL,51,32,10,450.00,"4,500.00"
2019-05-21,2019052101008868,ALBSL,51,32,10,450.00,"4,500.00"
2019-05-21,2019052101008837,ALBSL,51,32,10,450.00,"4,500.00"
2019-05-21,2019052101008832,ALBSL,51,44,10,450.00,"4,500.00"
2019-05-21,2019052101008761,ALBSL,51,44,10,450.00,"4,500.00"
2019-05-21,2019052101008745,ALBSL,51,39,10,450.00,"4,500.00"
2019-05-21,2019052101008720,ALBSL,36,13,10,455.00,"4,550.00"
2019-05-21,2019052101008717,ALBSL,51,13,10,450.00,"4,500.00"
2019-05-21,2019052101008955,AMFI,45,47,10,560.00,"5,600.00"
2019-05-21,2019052101009061,API,25,22,50,157.00,"7,850.00"
2019-05-21,2019052101009047,API,56,14,29,156.00,"4,524.00"
2019-05-21,2019052101009041,API,56,14,29,156.00,"4,524.00"
2019-05-21,2019052101009022,API,56,14,29,156.00,"4,524.00"
2019-05-21,2019052101008994,API,56,14,28,156.00,"4,368.00"
2019-05-21,2019052101008970,API,56,53,304,156.00,"47,424.00"
2019-05-21,2019052101008704,API,36,36,57,158.00,"9,006.00"
2019-05-21,2019052101008693,API,36,36,100,158.00,"15,800.00"
2019-05-21,2019052101008903,API,4,25,318,156.00,"49,608.00"
2019-05-21,2019052101008902,API,38,25,"1,132",156.00,"176,592.00"
2019-05-21,2019052101008882,API,38,58,800,156.00,"124,800.00"
2019-05-21,2019052101008859,API,38,50,68,156.00,"10,608.00"
2019-05-21,2019052101008858,API,57,50,132,156.00,"20,592.00"
2019-05-21,2019052101008705,API,36,29,43,158.00,"6,794.00"
2019-05-21,2019052101008959,API,56,4,500,157.00,"78,500.00"
2019-05-21,2019052101008958,API,56,17,450,157.00,"70,650.00"
2019-05-21,2019052101008947,API,25,17,68,157.00,"10,676.00"
2019-05-21,2019052101008946,API,25,17,29,157.00,"4,553.00"
2019-05-21,2019052101008940,API,56,49,400,156.00,"62,400.00"
2019-05-21,2019052101008921,API,17,49,100,156.00,"15,600.00"
2019-05-21,2019052101009067,BFC,42,51,950,105.00,"99,750.00"
2019-05-21,2019052101009066,BFC,39,51,50,105.00,"5,250.00"
2019-05-21,2019052101008865,BOKL,36,35,30,275.00,"8,250.00"
2019-05-21,2019052101009021,BPCL,22,39,"1,000",450.00,"450,000.00"
2019-05-21,2019052101009011,BPCL,5,44,"1,000",450.00,"450,000.00"
2019-05-21,2019052101008912,BPCL,45,21,33,448.00,"14,784.00"
2019-05-21,2019052101008889,BPCL,42,21,100,448.00,"44,800.00"
2019-05-21,2019052101008888,BPCL,6,21,50,448.00,"22,400.00"
2019-05-21,2019052101008887,BPCL,42,21,100,449.00,"44,900.00"
2019-05-21,2019052101008618,BPCL,22,58,372,450.00,"167,400.00"
2019-05-21,2019052101008617,BPCL,22,44,228,449.00,"102,372.00"
2019-05-21,2019052101008624,BPCL,22,34,22,454.00,"9,988.00"
2019-05-21,2019052101008623,BPCL,22,44,33,453.00,"14,949.00"
2019-05-21,2019052101008622,BPCL,22,44,33,453.00,"14,949.00"
2019-05-21,2019052101008621,BPCL,22,46,21,453.00,"9,513.00"
2019-05-21,2019052101008620,BPCL,22,58,22,453.00,"9,966.00"
2019-05-21,2019052101008619,BPCL,22,32,278,450.00,"125,100.00"
2019-05-21,2019052101008886,BPCL,19,21,217,449.00,"97,433.00"
2019-05-21,2019052101008885,BPCL,19,53,11,449.00,"4,939.00"
2019-05-21,2019052101008753,BPCL,5,44,"1,000",452.00,"452,000.00"
2019-05-21,2019052101008627,BPCL,22,53,769,454.00,"349,126.00"
2019-05-21,2019052101008626,BPCL,22,1,"1,200",454.00,"544,800.00"
2019-05-21,2019052101008625,BPCL,22,51,22,454.00,"9,988.00"
2019-05-21,2019052101008814,CBBL,49,34,158,942.00,"148,836.00"
2019-05-21,2019052101008813,CBBL,40,34,242,943.00,"228,206.00"
2019-05-21,2019052101008708,CBL,1,48,293,147.00,"43,071.00"
2019-05-21,2019052101008707,CBL,25,48,500,147.00,"73,500.00"
2019-05-21,2019052101008706,CBL,57,48,"2,711",147.00,"398,517.00"
2019-05-21,2019052101008760,CCBL,7,21,89,168.00,"14,952.00"
2019-05-21,2019052101008759,CCBL,7,21,186,168.00,"31,248.00"
2019-05-21,2019052101008951,CEFL,5,45,100,96.00,"9,600.00"
2019-05-21,2019052101008993,CFCL,7,16,550,123.00,"67,650.00"
2019-05-21,2019052101008992,CFCL,7,58,"1,000",123.00,"123,000.00"
2019-05-21,2019052101008983,CFCL,7,59,"1,000",122.00,"122,000.00"
2019-05-21,2019052101008982,CFCL,7,32,106,121.00,"12,826.00"
2019-05-21,2019052101008981,CFCL,7,32,106,121.00,"12,826.00"
2019-05-21,2019052101008980,CFCL,7,47,326,121.00,"39,446.00"
2019-05-21,2019052101008848,CFCL,28,14,50,120.00,"6,000.00"
2019-05-21,2019052101008847,CFCL,28,45,900,119.00,"107,100.00"
2019-05-21,2019052101008979,CFCL,7,57,700,121.00,"84,700.00"
2019-05-21,2019052101008978,CFCL,7,42,15,121.00,"1,815.00"
2019-05-21,2019052101008977,CFCL,7,25,200,121.00,"24,200.00"
2019-05-21,2019052101008976,CFCL,7,28,435,121.00,"52,635.00"
2019-05-21,2019052101008975,CFCL,7,44,175,121.00,"21,175.00"
2019-05-21,2019052101008849,CFCL,28,58,"3,000",120.00,"360,000.00"
2019-05-21,2019052101008968,CHCL,44,34,13,540.00,"7,020.00"
2019-05-21,2019052101008752,CHCL,49,16,65,541.00,"35,165.00"
2019-05-21,2019052101008659,CHCL,21,16,115,541.00,"62,215.00"
2019-05-21,2019052101008658,CHCL,44,51,400,543.00,"217,200.00"
2019-05-21,2019052101009033,CHLBS,42,1,10,461.00,"4,610.00"
2019-05-21,2019052101008953,CHLBS,42,32,10,461.00,"4,610.00"
2019-05-21,2019052101008949,CHLBS,42,44,10,461.00,"4,610.00"
2019-05-21,2019052101008723,CHLBS,42,14,300,461.00,"138,300.00"
2019-05-21,2019052101008722,CHLBS,56,14,20,461.00,"9,220.00"
2019-05-21,2019052101008954,CIT,37,50,40,"2,590.00","103,600.00"
2019-05-21,2019052101008899,CIT,5,58,19,"2,590.00","49,210.00"
2019-05-21,2019052101008898,CIT,5,58,20,"2,590.00","51,800.00"
2019-05-21,2019052101008897,CIT,49,58,20,"2,590.00","51,800.00"
2019-05-21,2019052101008896,CIT,17,58,10,"2,590.00","25,900.00"
2019-05-21,2019052101008895,CIT,22,58,51,"2,591.00","132,141.00"
2019-05-21,2019052101008739,CIT,25,32,50,"2,599.00","129,950.00"
2019-05-21,2019052101008738,CIT,4,32,10,"2,599.00","25,990.00"
2019-05-21,2019052101008656,CIT,57,58,10,"2,600.00","26,000.00"
2019-05-21,2019052101008633,CIT,57,58,22,"2,600.00","57,200.00"
2019-05-21,2019052101008632,CIT,57,38,40,"2,600.00","104,000.00"
2019-05-21,2019052101008791,CZBIL,49,21,106,230.00,"24,380.00"
2019-05-21,2019052101008712,CZBIL,49,57,100,230.00,"23,000.00"
2019-05-21,2019052101008644,CZBIL,44,6,211,231.00,"48,741.00"
2019-05-21,2019052101008643,CZBIL,44,6,654,231.00,"151,074.00"
2019-05-21,2019052101008642,CZBIL,44,43,135,231.00,"31,185.00"
2019-05-21,2019052101009044,DBBL,49,38,"1,139",149.00,"169,711.00"
2019-05-21,2019052101009043,DBBL,51,38,861,149.00,"128,289.00"
2019-05-21,2019052101009024,EIC,19,56,59,423.00,"24,957.00"
2019-05-21,2019052101008923,FOWAD,19,38,20,"1,535.00","30,700.00"
2019-05-21,2019052101008922,FOWAD,19,6,15,"1,534.00","23,010.00"
2019-05-21,2019052101008711,GBBL,40,26,500,228.00,"114,000.00"
2019-05-21,2019052101008934,GBIME,55,21,42,308.00,"12,936.00"
2019-05-21,2019052101008933,GBIME,42,21,108,308.00,"33,264.00"
2019-05-21,2019052101008864,GBIME,42,29,892,308.00,"274,736.00"
2019-05-21,2019052101008863,GBIME,55,29,108,308.00,"33,264.00"
2019-05-21,2019052101008614,GBIME,55,34,53,308.00,"16,324.00"
2019-05-21,2019052101008906,GBLBS,22,5,90,358.00,"32,220.00"
2019-05-21,2019052101009013,GDBL,34,5,105,217.00,"22,785.00"
2019-05-21,2019052101008824,GDBL,34,26,500,217.00,"108,500.00"
2019-05-21,2019052101008709,GLICL,46,5,100,556.00,"55,600.00"
2019-05-21,2019052101008681,GLICL,46,35,50,556.00,"27,800.00"
2019-05-21,2019052101008929,GRDBL,25,28,70,112.00,"7,840.00"
2019-05-21,2019052101008825,GRDBL,25,19,30,112.00,"3,360.00"
2019-05-21,2019052101008901,GUFL,5,34,100,115.00,"11,500.00"
2019-05-21,2019052101008751,GUFL,5,21,400,115.00,"46,000.00"
2019-05-21,2019052101008750,GUFL,5,21,100,115.00,"11,500.00"
2019-05-21,2019052101009084,HBL,10,35,30,595.00,"17,850.00"
2019-05-21,2019052101008691,HIDCL,18,34,50,165.00,"8,250.00"
2019-05-21,2019052101009023,ICFC,14,57,100,162.00,"16,200.00"
2019-05-21,2019052101008905,ICFC,14,58,500,162.00,"81,000.00"
2019-05-21,2019052101008840,ICFC,14,58,400,162.00,"64,800.00"
2019-05-21,2019052101008839,ICFC,17,58,100,162.00,"16,200.00"
2019-05-21,2019052101008995,IGI,7,17,25,426.00,"10,650.00"
2019-05-21,2019052101008939,JBBL,46,50,87,149.00,"12,963.00"
2019-05-21,2019052101008652,JBBL,46,17,31,149.00,"4,619.00"
2019-05-21,2019052101008944,JBNL,57,25,917,204.00,"187,068.00"
2019-05-21,2019052101008943,JBNL,6,25,83,204.00,"16,932.00"
2019-05-21,2019052101008942,JBNL,21,25,50,204.00,"10,200.00"
2019-05-21,2019052101008941,JBNL,48,25,550,204.00,"112,200.00"
2019-05-21,2019052101008844,JBNL,48,21,450,204.00,"91,800.00"
2019-05-21,2019052101008724,JBNL,48,34,100,205.00,"20,500.00"
2019-05-21,2019052101008796,KBBL,49,58,170,226.00,"38,420.00"
2019-05-21,2019052101008690,KBBL,6,58,600,226.00,"135,600.00"
2019-05-21,2019052101009017,KBL,35,33,136,221.00,"30,056.00"
2019-05-21,2019052101009016,KBL,35,43,64,221.00,"14,144.00"
2019-05-21,2019052101008725,KBL,43,43,"5,000",219.00,"1,095,000.00"
2019-05-21,2019052101008713,KBL,46,51,500,220.00,"110,000.00"
2019-05-21,2019052101008900,KNBL,7,17,52,142.00,"7,384.00"
2019-05-21,2019052101009088,KSBBL,54,32,151,161.00,"24,311.00"
2019-05-21,2019052101009087,KSBBL,54,14,250,161.00,"40,250.00"
2019-05-21,2019052101009086,KSBBL,54,40,"1,000",161.00,"161,000.00"
2019-05-21,2019052101009085,KSBBL,54,45,100,161.00,"16,100.00"
2019-05-21,2019052101008719,KSBBL,22,32,61,160.00,"9,760.00"
2019-05-21,2019052101008714,KSBBL,33,21,500,159.00,"79,500.00"
2019-05-21,2019052101008662,KSBBL,58,32,89,160.00,"14,240.00"
2019-05-21,2019052101008772,LBBL,33,25,139,206.00,"28,634.00"
2019-05-21,2019052101008734,LBBL,32,21,258,205.00,"52,890.00"
2019-05-21,2019052101008733,LBBL,52,21,242,205.00,"49,610.00"
2019-05-21,2019052101008650,LBBL,10,25,300,206.00,"61,800.00"
2019-05-21,2019052101008649,LBBL,57,25,100,206.00,"20,600.00"
2019-05-21,2019052101008648,LBBL,10,25,300,206.00,"61,800.00"
2019-05-21,2019052101008678,LGIL,56,45,369,502.00,"185,238.00"
2019-05-21,2019052101008603,LGIL,14,45,100,502.00,"50,200.00"
2019-05-21,2019052101008684,LICN,58,17,200,"1,907.00","381,400.00"
2019-05-21,2019052101008683,LICN,58,32,100,"1,907.00","190,700.00"
2019-05-21,2019052101008682,LICN,58,59,23,"1,907.00","43,861.00"
2019-05-21,2019052101008663,LICN,28,17,172,"1,906.00","327,832.00"
2019-05-21,2019052101008657,LICN,28,17,200,"1,905.00","381,000.00"
2019-05-21,2019052101008647,LICN,28,17,198,"1,905.00","377,190.00"
2019-05-21,2019052101008634,LICN,28,25,200,"1,904.00","380,800.00"
2019-05-21,2019052101008815,MBL,58,40,50,271.00,"13,550.00"
2019-05-21,2019052101009058,MEGA,4,29,154,197.00,"30,338.00"
2019-05-21,2019052101009057,MEGA,4,26,"2,372",197.00,"467,284.00"
2019-05-21,2019052101008991,MEGA,33,28,761,196.00,"149,156.00"
2019-05-21,2019052101008990,MEGA,28,28,119,196.00,"23,324.00"
2019-05-21,2019052101008810,MEGA,58,26,50,197.00,"9,850.00"
2019-05-21,2019052101008735,MEGA,28,5,54,196.00,"10,584.00"
2019-05-21,2019052101009048,MLBL,1,33,10,202.00,"2,020.00"
2019-05-21,2019052101008692,MLBL,1,42,27,200.00,"5,400.00"
2019-05-21,2019052101008798,MNBBL,52,34,75,377.00,"28,275.00"
2019-05-21,2019052101008948,MSMBS,42,43,50,500.00,"25,000.00"
2019-05-21,2019052101008853,MSMBS,51,16,22,501.00,"11,022.00"
2019-05-21,2019052101008852,MSMBS,51,16,22,501.00,"11,022.00"
2019-05-21,2019052101008851,MSMBS,51,16,11,501.00,"5,511.00"
2019-05-21,2019052101008850,MSMBS,51,16,11,501.00,"5,511.00"
2019-05-21,2019052101008828,MSMBS,51,29,50,500.00,"25,000.00"
2019-05-21,2019052101008974,NABIL,41,37,10,840.00,"8,400.00"
2019-05-21,2019052101008827,NABIL,36,37,20,840.00,"16,800.00"
2019-05-21,2019052101008790,NABIL,50,48,400,839.00,"335,600.00"
2019-05-21,2019052101009020,NADEP,6,58,210,460.00,"96,600.00"
2019-05-21,2019052101009019,NADEP,13,58,90,461.00,"41,490.00"
2019-05-21,2019052101008935,NADEP,13,44,20,461.00,"9,220.00"
2019-05-21,2019052101008890,NADEP,13,32,10,461.00,"4,610.00"
2019-05-21,2019052101008860,NADEP,29,29,10,467.00,"4,670.00"
2019-05-21,2019052101008596,NADEP,1,14,60,465.00,"27,900.00"
2019-05-21,2019052101008595,NADEP,45,14,60,466.00,"27,960.00"
2019-05-21,2019052101008602,NADEP,13,14,20,461.00,"9,220.00"
2019-05-21,2019052101008601,NADEP,45,14,50,462.00,"23,100.00"
2019-05-21,2019052101008600,NADEP,32,14,30,462.00,"13,860.00"
2019-05-21,2019052101008599,NADEP,38,14,100,463.00,"46,300.00"
2019-05-21,2019052101008598,NADEP,43,14,100,463.00,"46,300.00"
2019-05-21,2019052101008597,NADEP,22,14,100,465.00,"46,500.00"
2019-05-21,2019052101008821,NADEP,29,29,10,467.00,"4,670.00"
2019-05-21,2019052101008783,NADEP,13,5,60,461.00,"27,660.00"
2019-05-21,2019052101008876,NBB,11,25,222,225.00,"49,950.00"
2019-05-21,2019052101008875,NBB,41,25,"1,000",225.00,"225,000.00"
2019-05-21,2019052101008874,NBB,56,25,101,225.00,"22,725.00"
2019-05-21,2019052101008873,NBB,21,25,"1,000",225.00,"225,000.00"
2019-05-21,2019052101008872,NBB,17,25,527,225.00,"118,575.00"
2019-05-21,2019052101008871,NBB,41,25,150,226.00,"33,900.00"
2019-05-21,2019052101009083,NBL,32,41,100,332.00,"33,200.00"
2019-05-21,2019052101009071,NBL,32,33,"1,487",332.00,"493,684.00"
2019-05-21,2019052101009070,NBL,10,33,"1,513",332.00,"502,316.00"
2019-05-21,2019052101009059,NBL,10,49,200,332.00,"66,400.00"
2019-05-21,2019052101009052,NBL,10,45,500,332.00,"166,000.00"
2019-05-21,2019052101009051,NBL,10,45,"1,000",332.00,"332,000.00"
2019-05-21,2019052101008689,NBL,39,14,200,331.00,"66,200.00"
2019-05-21,2019052101008608,NBL,56,14,100,331.00,"33,100.00"
2019-05-21,2019052101008607,NBL,52,14,200,331.00,"66,200.00"
2019-05-21,2019052101008606,NBL,32,14,180,331.00,"59,580.00"
2019-05-21,2019052101008775,NBL,5,17,100,331.00,"33,100.00"
2019-05-21,2019052101008774,NBL,7,17,180,331.00,"59,580.00"
2019-05-21,2019052101008716,NBL,32,29,100,332.00,"33,200.00"
2019-05-21,2019052101008696,NBL,7,4,"1,000",331.00,"331,000.00"
2019-05-21,2019052101008695,NBL,7,32,500,331.00,"165,500.00"
2019-05-21,2019052101008694,NBL,7,14,320,331.00,"105,920.00"
2019-05-21,2019052101008818,NBL,14,52,700,332.00,"232,400.00"
2019-05-21,2019052101008817,NBL,14,29,400,332.00,"132,800.00"
2019-05-21,2019052101008779,NBL,14,17,220,331.00,"72,820.00"
2019-05-21,2019052101008778,NBL,1,17,500,331.00,"165,500.00"
2019-05-21,2019052101008777,NBL,28,17,"1,000",331.00,"331,000.00"
2019-05-21,2019052101008776,NBL,5,17,500,331.00,"165,500.00"
2019-05-21,2019052101009050,NBL,10,52,87,332.00,"28,884.00"
2019-05-21,2019052101009042,NBL,14,52,403,332.00,"133,796.00"
2019-05-21,2019052101008952,NBL,41,52,10,332.00,"3,320.00"
2019-05-21,2019052101008866,NBL,11,52,"1,500",332.00,"498,000.00"
2019-05-21,2019052101008820,NBL,14,34,"2,000",332.00,"664,000.00"
2019-05-21,2019052101008819,NBL,14,17,"2,500",332.00,"830,000.00"
2019-05-21,2019052101008927,NCCB,34,25,471,256.00,"120,576.00"
2019-05-21,2019052101008926,NCCB,58,25,29,257.00,"7,453.00"
2019-05-21,2019052101008838,NCCB,58,34,21,257.00,"5,397.00"
2019-05-21,2019052101008831,NCCB,58,34,29,257.00,"7,453.00"
2019-05-21,2019052101008767,NCCB,58,28,11,257.00,"2,827.00"
2019-05-21,2019052101008766,NCCB,25,28,239,257.00,"61,423.00"
2019-05-21,2019052101009046,NHPC,57,22,100,68.00,"6,800.00"
2019-05-21,2019052101008797,NHPC,32,52,500,68.00,"34,000.00"
2019-05-21,2019052101009081,NIB,40,1,100,539.00,"53,900.00"
2019-05-21,2019052101008894,NIB,40,41,44,539.00,"23,716.00"
2019-05-21,2019052101008893,NIB,40,34,44,539.00,"23,716.00"
2019-05-21,2019052101008892,NIB,40,28,34,539.00,"18,326.00"
2019-05-21,2019052101008793,NIB,52,45,157,538.00,"84,466.00"
2019-05-21,2019052101008792,NIB,25,45,120,538.00,"64,560.00"
2019-05-21,2019052101008703,NIB,25,16,180,538.00,"96,840.00"
2019-05-21,2019052101008661,NIBPO,7,44,200,509.00,"101,800.00"
2019-05-21,2019052101008969,NICA,38,8,500,483.00,"241,500.00"
2019-05-21,2019052101008928,NICA,40,10,"1,000",482.00,"482,000.00"
2019-05-21,2019052101008833,NICA,50,8,"1,000",483.00,"483,000.00"
2019-05-21,2019052101009064,NICL,29,10,479,394.00,"188,726.00"
2019-05-21,2019052101008965,NICL,34,35,200,393.00,"78,600.00"
2019-05-21,2019052101008749,NIL,34,44,"1,990",518.00,"1,030,820.00"
2019-05-21,2019052101008640,NLBBL,50,34,134,525.00,"70,350.00"
2019-05-21,2019052101008639,NLBBL,50,13,30,525.00,"15,750.00"
2019-05-21,2019052101008638,NLBBL,50,4,69,525.00,"36,225.00"
2019-05-21,2019052101008637,NLBBL,50,44,11,525.00,"5,775.00"
2019-05-21,2019052101008636,NLBBL,50,1,30,524.00,"15,720.00"
2019-05-21,2019052101008635,NLBBL,50,45,70,523.00,"36,610.00"
2019-05-21,2019052101008592,NLG,55,45,201,800.00,"160,800.00"
2019-05-21,2019052101008984,NLIC,28,13,402,930.00,"373,860.00"
2019-05-21,2019052101008920,NLIC,41,13,50,931.00,"46,550.00"
2019-05-21,2019052101008919,NLIC,32,13,100,931.00,"93,100.00"
2019-05-21,2019052101008918,NLIC,43,13,200,931.00,"186,200.00"
2019-05-21,2019052101008917,NLIC,19,13,90,931.00,"83,790.00"
2019-05-21,2019052101008916,NLIC,49,13,50,931.00,"46,550.00"
2019-05-21,2019052101008631,NLIC,33,50,368,933.00,"343,344.00"
2019-05-21,2019052101008630,NLIC,32,50,132,934.00,"123,288.00"
2019-05-21,2019052101008615,NLIC,32,34,17,934.00,"15,878.00"
2019-05-21,2019052101008915,NLIC,6,13,50,932.00,"46,600.00"
2019-05-21,2019052101008914,NLIC,55,13,100,932.00,"93,200.00"
2019-05-21,2019052101008913,NLIC,57,13,100,932.00,"93,200.00"
2019-05-21,2019052101008857,NLIC,40,10,100,933.00,"93,300.00"
2019-05-21,2019052101008856,NLIC,22,10,50,933.00,"46,650.00"
2019-05-21,2019052101008855,NLIC,33,10,241,933.00,"224,853.00"
2019-05-21,2019052101008748,NLICL,29,57,50,659.00,"32,950.00"
2019-05-21,2019052101008861,NMFBS,14,56,15,"1,604.00","24,060.00"
2019-05-21,2019052101008768,NNLB,58,48,50,414.00,"20,700.00"
2019-05-21,2019052101008891,NTC,33,36,100,733.00,"73,300.00"
2019-05-21,2019052101008669,NTC,58,44,90,730.00,"65,700.00"
2019-05-21,2019052101008668,NTC,28,44,500,731.00,"365,500.00"
2019-05-21,2019052101008667,NTC,46,44,200,731.00,"146,200.00"
2019-05-21,2019052101008666,NTC,42,44,200,732.00,"146,400.00"
2019-05-21,2019052101008665,NTC,7,44,500,732.00,"366,000.00"
2019-05-21,2019052101008697,NTC,44,44,"1,990",730.00,"1,452,700.00"
2019-05-21,2019052101008673,NTC,44,44,"3,010",730.00,"2,197,300.00"
2019-05-21,2019052101008672,NTC,35,44,50,730.00,"36,500.00"
2019-05-21,2019052101008671,NTC,6,44,250,730.00,"182,500.00"
2019-05-21,2019052101008670,NTC,22,44,200,730.00,"146,000.00"
2019-05-21,2019052101009040,PCBL,1,58,20,364.00,"7,280.00"
2019-05-21,2019052101009010,PCBL,22,58,300,364.00,"109,200.00"
2019-05-21,2019052101009009,PCBL,42,58,100,364.00,"36,400.00"
2019-05-21,2019052101009008,PCBL,39,58,500,364.00,"182,000.00"
2019-05-21,2019052101009007,PCBL,52,58,"1,330",364.00,"484,120.00"
2019-05-21,2019052101009006,PCBL,53,58,100,364.00,"36,400.00"
2019-05-21,2019052101008721,PCBL,51,50,10,366.00,"3,660.00"
2019-05-21,2019052101008702,PCBL,6,10,220,365.00,"80,300.00"
2019-05-21,2019052101008701,PCBL,34,10,100,365.00,"36,500.00"
2019-05-21,2019052101008700,PCBL,28,10,40,365.00,"14,600.00"
2019-05-21,2019052101008699,PCBL,45,10,100,365.00,"36,500.00"
2019-05-21,2019052101008698,PCBL,58,10,40,365.00,"14,600.00"
2019-05-21,2019052101008877,PCBL,41,21,18,364.00,"6,552.00"
2019-05-21,2019052101008826,PCBL,6,49,180,365.00,"65,700.00"
2019-05-21,2019052101008809,PCBL,6,6,100,365.00,"36,500.00"
2019-05-21,2019052101008782,PCBL,1,54,50,366.00,"18,300.00"
2019-05-21,2019052101008781,PCBL,1,22,100,366.00,"36,600.00"
2019-05-21,2019052101008780,PCBL,1,50,50,366.00,"18,300.00"
2019-05-21,2019052101008936,PCBL,25,49,13,364.00,"4,732.00"
2019-05-21,2019052101008911,PCBL,6,57,580,365.00,"211,700.00"
2019-05-21,2019052101008910,PCBL,6,49,20,365.00,"7,300.00"
2019-05-21,2019052101008880,PCBL,51,21,10,364.00,"3,640.00"
2019-05-21,2019052101008879,PCBL,51,21,200,364.00,"72,800.00"
2019-05-21,2019052101008878,PCBL,43,21,100,364.00,"36,400.00"
2019-05-21,2019052101008999,PCBL,53,58,"1,000",364.00,"364,000.00"
2019-05-21,2019052101008998,PCBL,51,58,100,364.00,"36,400.00"
2019-05-21,2019052101008997,PCBL,4,58,100,364.00,"36,400.00"
2019-05-21,2019052101008996,PCBL,51,58,76,364.00,"27,664.00"
2019-05-21,2019052101008960,PCBL,51,5,116,364.00,"42,224.00"
2019-05-21,2019052101008937,PCBL,51,49,248,364.00,"90,272.00"
2019-05-21,2019052101009005,PCBL,57,58,500,364.00,"182,000.00"
2019-05-21,2019052101009004,PCBL,5,58,500,364.00,"182,000.00"
2019-05-21,2019052101009003,PCBL,19,58,500,364.00,"182,000.00"
2019-05-21,2019052101009002,PCBL,42,58,90,364.00,"32,760.00"
2019-05-21,2019052101009001,PCBL,17,58,"2,000",364.00,"728,000.00"
2019-05-21,2019052101009000,PCBL,34,58,100,364.00,"36,400.00"
2019-05-21,2019052101009045,PIC,33,1,11,"1,205.00","13,255.00"
2019-05-21,2019052101009054,PLIC,58,16,64,471.00,"30,144.00"
2019-05-21,2019052101009053,PLIC,47,16,158,471.00,"74,418.00"
2019-05-21,2019052101008962,PLIC,22,16,"1,000",473.00,"473,000.00"
2019-05-21,2019052101008961,PLIC,22,38,150,472.00,"70,800.00"
2019-05-21,2019052101009049,PMHPL,6,47,10,112.00,"1,120.00"
2019-05-21,2019052101008685,PMHPL,6,25,10,112.00,"1,120.00"
2019-05-21,2019052101008676,PMHPL,6,8,10,111.00,"1,110.00"
2019-05-21,2019052101008675,PMHPL,6,43,10,111.00,"1,110.00"
2019-05-21,2019052101008674,PMHPL,6,55,10,110.00,"1,100.00"
2019-05-21,2019052101008651,PMHPL,44,34,10,109.00,"1,090.00"
2019-05-21,2019052101008737,PRIN,48,48,"1,160",413.00,"479,080.00"
2019-05-21,2019052101008736,PRIN,48,50,100,413.00,"41,300.00"
2019-05-21,2019052101008830,PROFL,43,5,100,106.00,"10,600.00"
2019-05-21,2019052101009090,PRVU,42,28,197,279.00,"54,963.00"
2019-05-21,2019052101009089,PRVU,57,28,383,279.00,"106,857.00"
2019-05-21,2019052101008967,PRVU,57,10,117,279.00,"32,643.00"
2019-05-21,2019052101008966,PRVU,14,10,"1,383",279.00,"385,857.00"
2019-05-21,2019052101008845,PRVU,36,25,301,280.00,"84,280.00"
2019-05-21,2019052101008764,PRVU,32,5,660,280.00,"184,800.00"
2019-05-21,2019052101008605,PRVU,32,45,340,280.00,"95,200.00"
2019-05-21,2019052101008604,PRVU,32,45,60,280.00,"16,800.00"
2019-05-21,2019052101008843,PRVU,36,34,162,280.00,"45,360.00"
2019-05-21,2019052101008829,PRVU,58,38,45,281.00,"12,645.00"
2019-05-21,2019052101008788,PRVU,36,11,37,280.00,"10,360.00"
2019-05-21,2019052101008787,PRVU,28,11,71,280.00,"19,880.00"
2019-05-21,2019052101008765,PRVU,28,5,"1,929",280.00,"540,120.00"
2019-05-21,2019052101008594,RADHI,17,6,11,174.00,"1,914.00"
2019-05-21,2019052101008688,RBCL,39,7,10,"11,000.00","110,000.00"
2019-05-21,2019052101008687,RBCL,1,7,20,"11,000.00","220,000.00"
2019-05-21,2019052101008686,RBCL,41,7,20,"11,000.00","220,000.00"
2019-05-21,2019052101008816,RBCLPO,17,14,30,"10,105.00","303,150.00"
2019-05-21,2019052101008812,RHPC,20,40,"1,000",94.00,"94,000.00"
2019-05-21,2019052101008811,RHPC,57,40,176,94.00,"16,544.00"
2019-05-21,2019052101008786,RHPC,34,40,300,95.00,"28,500.00"
2019-05-21,2019052101008785,RHPC,50,40,300,95.00,"28,500.00"
2019-05-21,2019052101008784,RHPC,49,40,67,95.00,"6,365.00"
2019-05-21,2019052101008743,RHPC,22,40,30,96.00,"2,880.00"
2019-05-21,2019052101009032,RMDC,47,16,206,653.00,"134,518.00"
2019-05-21,2019052101009031,RMDC,19,16,150,654.00,"98,100.00"
2019-05-21,2019052101009030,RMDC,53,16,10,654.00,"6,540.00"
2019-05-21,2019052101009029,RMDC,6,16,100,655.00,"65,500.00"
2019-05-21,2019052101009028,RMDC,49,16,50,655.00,"32,750.00"
2019-05-21,2019052101009027,RMDC,49,16,100,655.00,"65,500.00"
2019-05-21,2019052101009026,RMDC,40,16,200,657.00,"131,400.00"
2019-05-21,2019052101009025,RMDC,5,16,182,658.00,"119,756.00"
2019-05-21,2019052101008660,RRHP,47,34,10,94.00,940.00
2019-05-21,2019052101008836,RSDC,7,56,20,381.00,"7,620.00"
2019-05-21,2019052101008835,RSDC,6,56,20,383.00,"7,660.00"
2019-05-21,2019052101008834,RSDC,36,56,23,385.00,"8,855.00"
2019-05-21,2019052101008654,RSDC,36,6,27,385.00,"10,395.00"
2019-05-21,2019052101008641,RSDC,36,6,36,387.00,"13,932.00"
2019-05-21,2019052101008862,SANIMA,25,34,60,359.00,"21,540.00"
2019-05-21,2019052101008823,SANIMA,6,45,10,360.00,"3,600.00"
2019-05-21,2019052101008822,SANIMA,17,45,173,360.00,"62,280.00"
2019-05-21,2019052101008867,SBBLJ,7,26,486,202.00,"98,172.00"
2019-05-21,2019052101008842,SBI,48,16,30,480.00,"14,400.00"
2019-05-21,2019052101009091,SBL,50,1,119,336.00,"39,984.00"
2019-05-21,2019052101009065,SBL,50,1,46,336.00,"15,456.00"
2019-05-21,2019052101009056,SBL,50,1,30,336.00,"10,080.00"
2019-05-21,2019052101009055,SBL,25,1,100,337.00,"33,700.00"
2019-05-21,2019052101008881,SBL,50,34,47,336.00,"15,792.00"
2019-05-21,2019052101008730,SBL,28,5,200,337.00,"67,400.00"
2019-05-21,2019052101008729,SBL,48,5,"1,000",337.00,"337,000.00"
2019-05-21,2019052101008728,SBL,26,5,200,337.00,"67,400.00"
2019-05-21,2019052101008727,SBL,28,5,"1,000",337.00,"337,000.00"
2019-05-21,2019052101008726,SBL,53,5,990,337.00,"333,630.00"
2019-05-21,2019052101008963,SCB,41,19,10,691.00,"6,910.00"
2019-05-21,2019052101008740,SCB,58,19,20,691.00,"13,820.00"
2019-05-21,2019052101008653,SDESI,29,56,12,602.00,"7,224.00"
2019-05-21,2019052101009069,SHIVM,34,5,50,583.00,"29,150.00"
2019-05-21,2019052101009068,SHIVM,34,14,50,583.00,"29,150.00"
2019-05-21,2019052101008988,SHIVM,48,58,100,582.00,"58,200.00"
2019-05-21,2019052101008986,SHIVM,48,14,100,582.00,"58,200.00"
2019-05-21,2019052101008972,SHIVM,48,42,25,582.00,"14,550.00"
2019-05-21,2019052101008925,SHIVM,42,44,50,585.00,"29,250.00"
2019-05-21,2019052101008612,SHIVM,36,45,200,584.00,"116,800.00"
2019-05-21,2019052101008611,SHIVM,36,34,100,583.00,"58,300.00"
2019-05-21,2019052101008755,SHIVM,34,40,50,581.00,"29,050.00"
2019-05-21,2019052101008754,SHIVM,49,40,130,582.00,"75,660.00"
2019-05-21,2019052101008731,SHIVM,49,13,250,582.00,"145,500.00"
2019-05-21,2019052101008718,SHIVM,49,51,100,582.00,"58,200.00"
2019-05-21,2019052101008628,SHIVM,49,7,120,582.00,"69,840.00"
2019-05-21,2019052101008613,SHIVM,36,5,300,584.00,"175,200.00"
2019-05-21,2019052101008924,SHIVM,42,17,50,585.00,"29,250.00"
2019-05-21,2019052101008854,SHIVM,26,38,100,584.00,"58,400.00"
2019-05-21,2019052101008789,SHIVM,48,57,100,582.00,"58,200.00"
2019-05-21,2019052101008758,SHIVM,49,40,"1,000",581.00,"581,000.00"
2019-05-21,2019052101008757,SHIVM,32,40,200,581.00,"116,200.00"
2019-05-21,2019052101008756,SHIVM,48,40,150,581.00,"87,150.00"
2019-05-21,2019052101009079,SHL,29,16,290,236.00,"68,440.00"
2019-05-21,2019052101009078,SHL,55,16,100,236.00,"23,600.00"
2019-05-21,2019052101009077,SHL,41,16,200,236.00,"47,200.00"
2019-05-21,2019052101009076,SHL,43,16,110,236.00,"25,960.00"
2019-05-21,2019052101009082,SHPC,36,25,100,287.00,"28,700.00"
2019-05-21,2019052101009075,SHPC,43,50,310,288.00,"89,280.00"
2019-05-21,2019052101009074,SHPC,43,45,150,288.00,"43,200.00"
2019-05-21,2019052101009073,SHPC,43,41,500,288.00,"144,000.00"
2019-05-21,2019052101009072,SHPC,43,4,40,288.00,"11,520.00"
2019-05-21,2019052101009063,SHPC,55,4,960,288.00,"276,480.00"
2019-05-21,2019052101008680,SHPC,50,47,150,286.00,"42,900.00"
2019-05-21,2019052101008679,SHPC,50,36,148,286.00,"42,328.00"
2019-05-21,2019052101008664,SHPC,58,6,39,285.00,"11,115.00"
2019-05-21,2019052101008610,SHPC,11,36,352,286.00,"100,672.00"
2019-05-21,2019052101008609,SHPC,11,10,148,286.00,"42,328.00"
2019-05-21,2019052101008773,SHPC,48,41,100,286.00,"28,600.00"
2019-05-21,2019052101008747,SHPC,48,49,400,286.00,"114,400.00"
2019-05-21,2019052101008746,SHPC,34,49,100,286.00,"28,600.00"
2019-05-21,2019052101008744,SHPC,43,46,100,287.00,"28,700.00"
2019-05-21,2019052101008710,SHPC,34,49,400,286.00,"114,400.00"
2019-05-21,2019052101009012,SHPC,43,46,50,287.00,"14,350.00"
2019-05-21,2019052101008989,SHPC,25,17,500,286.00,"143,000.00"
2019-05-21,2019052101008930,SHPC,58,34,"1,386",285.00,"395,010.00"
2019-05-21,2019052101008841,SHPC,43,46,100,287.00,"28,700.00"
2019-05-21,2019052101009062,SHPC,55,42,40,288.00,"11,520.00"
2019-05-21,2019052101009060,SHPC,33,21,"1,000",287.00,"287,000.00"
2019-05-21,2019052101009038,SHPC,48,17,500,287.00,"143,500.00"
2019-05-21,2019052101009037,SHPC,48,51,"1,200",287.00,"344,400.00"
2019-05-21,2019052101009036,SHPC,48,51,220,287.00,"63,140.00"
2019-05-21,2019052101009035,SHPC,48,46,250,287.00,"71,750.00"
2019-05-21,2019052101009034,SICL,54,58,50,862.00,"43,100.00"
2019-05-21,2019052101008950,SICL,41,45,48,860.00,"41,280.00"
2019-05-21,2019052101009018,SIFC,4,17,10,157.00,"1,570.00"
2019-05-21,2019052101008795,SIFC,58,14,"4,972",154.00,"765,688.00"
2019-05-21,2019052101008794,SIFC,1,14,"1,000",155.00,"155,000.00"
2019-05-21,2019052101009015,SINDU,44,52,280,147.00,"41,160.00"
2019-05-21,2019052101009014,SINDU,58,52,10,148.00,"1,480.00"
2019-05-21,2019052101008646,SINDU,58,57,190,148.00,"28,120.00"
2019-05-21,2019052101009039,SKBBL,29,26,200,989.00,"197,800.00"
2019-05-21,2019052101008904,SKBBL,6,28,25,985.00,"24,625.00"
2019-05-21,2019052101008932,SLBBL,37,28,51,478.00,"24,378.00"
2019-05-21,2019052101008869,SLICL,58,56,152,590.00,"89,680.00"
2019-05-21,2019052101008715,SMATA,28,6,19,"1,300.00","24,700.00"
2019-05-21,2019052101008763,SMB,17,11,40,545.00,"21,800.00"
2019-05-21,2019052101008762,SMB,17,11,10,545.00,"5,450.00"
2019-05-21,2019052101008655,SMB,38,14,10,550.00,"5,500.00"
2019-05-21,2019052101008732,SMFDB,41,58,29,548.00,"15,892.00"
2019-05-21,2019052101008677,SMFDB,45,58,11,559.00,"6,149.00"
2019-05-21,2019052101008629,SMFDB,45,58,100,559.00,"55,900.00"
2019-05-21,2019052101008908,SRBL,28,50,500,259.00,"129,500.00"
2019-05-21,2019052101008884,UIC,45,52,10,930.00,"9,300.00"
2019-05-21,2019052101008883,UIC,51,52,40,935.00,"37,400.00"
2019-05-21,2019052101008987,UMHL,22,16,176,123.00,"21,648.00"
2019-05-21,2019052101008971,UMHL,59,34,14,124.00,"1,736.00"
2019-05-21,2019052101008973,UPCL,13,1,50,94.00,"4,700.00"
2019-05-21,2019052101008957,UPCL,13,22,50,94.00,"4,700.00"
2019-05-21,2019052101008956,UPCL,13,1,50,94.00,"4,700.00"
2019-05-21,2019052101008938,UPCL,13,1,50,94.00,"4,700.00"
2019-05-21,2019052101008907,UPCL,13,1,50,94.00,"4,700.00"
2019-05-21,2019052101008870,UPCL,46,1,50,94.00,"4,700.00"
2019-05-21,2019052101008846,UPCL,46,1,50,94.00,"4,700.00"
2019-05-21,2019052101008985,UPPER,36,22,50,278.00,"13,900.00"
2019-05-21,2019052101008742,UPPER,36,6,40,278.00,"11,120.00"
2019-05-21,2019052101008741,UPPER,58,6,10,278.00,"2,780.00"
2019-05-21,2019052101008446,ADBL,25,34,120,419.00,"50,280.00"
2019-05-21,2019052101008445,ADBL,25,34,598,419.00,"250,562.00"
2019-05-21,2019052101008232,AHPC,58,28,982,110.00,"108,020.00"
2019-05-21,2019052101008231,AHPC,58,1,343,110.00,"37,730.00"
2019-05-21,2019052101008195,AHPC,35,28,18,110.00,"1,980.00"
2019-05-21,2019052101008194,AHPC,35,58,242,110.00,"26,620.00"
2019-05-21,2019052101008193,AHPC,35,45,740,110.00,"81,400.00"
2019-05-21,2019052101008129,AHPC,6,45,200,110.00,"22,000.00"
2019-05-21,2019052101008128,AHPC,6,56,363,110.00,"39,930.00"
2019-05-21,2019052101008127,AHPC,6,6,437,110.00,"48,070.00"
2019-05-21,2019052101008539,AKJCL,33,25,500,79.00,"39,500.00"
2019-05-21,2019052101008368,AKJCL,37,25,490,78.00,"38,220.00"
2019-05-21,2019052101008196,AKJCL,22,25,500,77.00,"38,500.00"
2019-05-21,2019052101008168,AKJCL,37,25,10,76.00,760.00
2019-05-21,2019052101008130,AKPL,36,40,500,196.00,"98,000.00"
2019-05-21,2019052101008108,ALBSL,51,56,10,450.00,"4,500.00"
2019-05-21,2019052101008253,ALICL,8,51,95,428.00,"40,660.00"
2019-05-21,2019052101008252,ALICL,26,51,27,428.00,"11,556.00"
2019-05-21,2019052101008251,ALICL,1,51,25,429.00,"10,725.00"
2019-05-21,2019052101008408,AMFI,42,34,10,552.00,"5,520.00"
2019-05-21,2019052101008556,API,42,36,343,158.00,"54,194.00"
2019-05-21,2019052101008555,API,42,13,134,158.00,"21,172.00"
2019-05-21,2019052101008554,API,42,1,91,158.00,"14,378.00"
2019-05-21,2019052101008553,API,42,57,250,158.00,"39,500.00"
2019-05-21,2019052101008552,API,42,43,282,158.00,"44,556.00"
2019-05-21,2019052101008433,API,5,57,50,158.00,"7,900.00"
2019-05-21,2019052101008114,API,50,29,200,157.00,"31,400.00"
2019-05-21,2019052101008098,API,57,29,318,156.00,"49,608.00"
2019-05-21,2019052101008097,API,6,29,182,156.00,"28,392.00"
2019-05-21,2019052101008228,API,57,34,50,156.00,"7,800.00"
2019-05-21,2019052101008227,API,25,29,89,157.00,"13,973.00"
2019-05-21,2019052101008333,API,32,29,10,157.00,"1,570.00"
2019-05-21,2019052101008332,API,32,57,500,157.00,"78,500.00"
2019-05-21,2019052101008331,API,32,29,430,157.00,"67,510.00"
2019-05-21,2019052101008284,API,25,29,550,157.00,"86,350.00"
2019-05-21,2019052101008283,API,56,29,10,157.00,"1,570.00"
2019-05-21,2019052101008427,API,5,58,7,158.00,"1,106.00"
2019-05-21,2019052101008426,API,5,26,18,158.00,"2,844.00"
2019-05-21,2019052101008425,API,5,57,25,158.00,"3,950.00"
2019-05-21,2019052101008383,API,25,57,25,158.00,"3,950.00"
2019-05-21,2019052101008382,API,25,11,29,158.00,"4,582.00"
2019-05-21,2019052101008375,API,56,58,10,158.00,"1,580.00"
2019-05-21,2019052101008432,BARUN,21,13,40,95.00,"3,800.00"
2019-05-21,2019052101008431,BARUN,21,44,10,95.00,950.00
2019-05-21,2019052101008154,BFC,42,33,300,106.00,"31,800.00"
2019-05-21,2019052101008153,BFC,14,33,100,106.00,"10,600.00"
2019-05-21,2019052101008152,BFC,14,33,"1,000",106.00,"106,000.00"
2019-05-21,2019052101008151,BFC,57,33,"1,000",106.00,"106,000.00"
2019-05-21,2019052101008150,BFC,37,33,88,107.00,"9,416.00"
2019-05-21,2019052101008102,BFC,37,51,162,107.00,"17,334.00"
2019-05-21,2019052101008577,BOKL,36,43,400,275.00,"110,000.00"
2019-05-21,2019052101008545,BOKL,32,34,42,274.00,"11,508.00"
2019-05-21,2019052101008494,BOKL,19,43,600,275.00,"165,000.00"
2019-05-21,2019052101008379,BOKL,32,41,50,274.00,"13,700.00"
2019-05-21,2019052101008303,BOKL,32,32,64,274.00,"17,536.00"
2019-05-21,2019052101008116,BOKL,57,43,500,275.00,"137,500.00"
2019-05-21,2019052101008230,BPCL,7,44,"1,000",453.00,"453,000.00"
2019-05-21,2019052101008119,BPCL,22,44,300,450.00,"135,000.00"
2019-05-21,2019052101008118,BPCL,50,44,500,450.00,"225,000.00"
2019-05-21,2019052101008117,BPCL,45,44,200,452.00,"90,400.00"
2019-05-21,2019052101008365,BPCL,7,49,523,456.00,"238,488.00"
2019-05-21,2019052101008364,BPCL,7,13,22,455.00,"10,010.00"
2019-05-21,2019052101008363,BPCL,7,58,100,455.00,"45,500.00"
2019-05-21,2019052101008362,BPCL,7,47,55,454.00,"24,970.00"
2019-05-21,2019052101008361,BPCL,7,44,300,454.00,"136,200.00"
2019-05-21,2019052101008343,BPCL,49,58,200,453.00,"90,600.00"
2019-05-21,2019052101008537,BPCL,5,46,472,450.00,"212,400.00"
2019-05-21,2019052101008536,BPCL,6,46,28,450.00,"12,600.00"
2019-05-21,2019052101008532,BPCL,6,34,22,450.00,"9,900.00"
2019-05-21,2019052101008479,BPCL,58,44,500,450.00,"225,000.00"
2019-05-21,2019052101008478,BPCL,22,44,500,451.00,"225,500.00"
2019-05-21,2019052101008551,BPCL,18,44,372,449.00,"167,028.00"
2019-05-21,2019052101008550,BPCL,38,44,400,449.00,"179,600.00"
2019-05-21,2019052101008549,BPCL,38,53,100,449.00,"44,900.00"
2019-05-21,2019052101008541,BPCL,5,58,128,450.00,"57,600.00"
2019-05-21,2019052101008470,CBBL,40,53,258,943.00,"243,294.00"
2019-05-21,2019052101008469,CBBL,40,53,157,944.00,"148,208.00"
2019-05-21,2019052101008564,CBL,35,34,20,148.00,"2,960.00"
2019-05-21,2019052101008438,CBL,57,42,289,147.00,"42,483.00"
2019-05-21,2019052101008437,CBL,35,42,"2,361",147.00,"347,067.00"
2019-05-21,2019052101008434,CBL,49,34,300,148.00,"44,400.00"
2019-05-21,2019052101008396,CBL,35,14,639,147.00,"93,933.00"
2019-05-21,2019052101008395,CBL,43,14,600,147.00,"88,200.00"
2019-05-21,2019052101008394,CBL,42,14,761,147.00,"111,867.00"
2019-05-21,2019052101008390,CBL,42,5,39,147.00,"5,733.00"
2019-05-21,2019052101008389,CBL,7,5,200,147.00,"29,400.00"
2019-05-21,2019052101008388,CBL,26,5,500,147.00,"73,500.00"
2019-05-21,2019052101008387,CBL,25,5,266,147.00,"39,102.00"
2019-05-21,2019052101008277,CBL,34,34,70,148.00,"10,360.00"
2019-05-21,2019052101008519,CCBL,16,3,398,169.00,"67,262.00"
2019-05-21,2019052101008518,CCBL,16,56,13,169.00,"2,197.00"
2019-05-21,2019052101008517,CCBL,16,13,28,169.00,"4,732.00"
2019-05-21,2019052101008516,CCBL,16,16,61,169.00,"10,309.00"
2019-05-21,2019052101008350,CCBL,59,16,39,169.00,"6,591.00"
2019-05-21,2019052101008334,CFCL,17,14,50,120.00,"6,000.00"
2019-05-21,2019052101008289,CFCL,1,14,500,118.00,"59,000.00"
2019-05-21,2019052101008407,CHCL,44,45,900,543.00,"488,700.00"
2019-05-21,2019052101008314,CHCL,49,21,50,542.00,"27,100.00"
2019-05-21,2019052101008249,CHCL,49,14,100,542.00,"54,200.00"
2019-05-21,2019052101008148,CHCL,50,45,100,543.00,"54,300.00"
2019-05-21,2019052101008366,CHLBS,56,51,10,461.00,"4,610.00"
2019-05-21,2019052101008247,CHLBS,56,19,10,461.00,"4,610.00"
2019-05-21,2019052101008159,CORBL,50,50,"10,660",134.00,"1,428,440.00"
2019-05-21,2019052101008495,CZBIL,49,22,65,230.00,"14,950.00"
2019-05-21,2019052101008572,DBBL,59,38,206,150.00,"30,900.00"
2019-05-21,2019052101008456,DBBL,6,38,50,150.00,"7,500.00"
2019-05-21,2019052101008312,DBBL,40,38,48,150.00,"7,200.00"
2019-05-21,2019052101008288,DBBL,40,4,152,150.00,"22,800.00"
2019-05-21,2019052101008287,DBBL,32,4,348,150.00,"52,200.00"
2019-05-21,2019052101008404,EBL,13,52,50,667.00,"33,350.00"
2019-05-21,2019052101008392,EBL,13,28,20,667.00,"13,340.00"
2019-05-21,2019052101008391,EBL,26,28,230,667.00,"153,410.00"
