Date,Transact. No.,Symbol,Buyer,Seller,Quantity,Rate,Amount
2020-08-09,2020080901030155,ACLBSL,25,51,10,692.00,"6,920.00"
2020-08-09,2020080901030000,ACLBSL,48,29,13,703.00,"9,139.00"
2020-08-09,2020080901029999,ACLBSL,48,52,50,703.00,"35,150.00"
2020-08-09,2020080901029998,ACLBSL,48,51,85,703.00,"59,755.00"
2020-08-09,2020080901029997,ACLBSL,48,22,10,703.00,"7,030.00"
2020-08-09,2020080901029996,ACLBSL,48,39,10,702.00,"7,020.00"
2020-08-09,2020080901029995,ACLBSL,48,29,32,702.00,"22,464.00"
2020-08-09,2020080901029906,ACLBSL,25,7,10,692.00,"6,920.00"
2020-08-09,2020080901029812,ACLBSL,25,50,29,692.00,"20,068.00"
2020-08-09,2020080901029811,ACLBSL,29,50,50,692.00,"34,600.00"
2020-08-09,2020080901029808,ACLBSL,29,19,10,700.00,"7,000.00"
2020-08-09,2020080901029779,ACLBSL,29,49,10,700.00,"7,000.00"
2020-08-09,2020080901030199,ADBL,34,14,71,412.00,"29,252.00"
2020-08-09,2020080901030198,ADBL,34,14,129,412.00,"53,148.00"
2020-08-09,2020080901030193,ADBL,51,59,30,411.00,"12,330.00"
2020-08-09,2020080901029972,ADBL,35,14,50,412.00,"20,600.00"
2020-08-09,2020080901029969,ADBL,49,14,500,412.00,"206,000.00"
2020-08-09,2020080901029831,ADBL,39,14,321,412.00,"132,252.00"
2020-08-09,2020080901029830,ADBL,39,57,70,412.00,"28,840.00"
2020-08-09,2020080901029780,ADBL,39,57,100,412.00,"41,200.00"
2020-08-09,2020080901029827,AHPC,49,6,346,95.00,"32,870.00"
2020-08-09,2020080901029826,AHPC,49,47,300,95.00,"28,500.00"
2020-08-09,2020080901029825,AHPC,49,14,58,95.00,"5,510.00"
2020-08-09,2020080901030146,AIL,38,17,10,467.00,"4,670.00"
2020-08-09,2020080901029962,AIL,38,29,10,467.00,"4,670.00"
2020-08-09,2020080901029842,AIL,38,29,10,467.00,"4,670.00"
2020-08-09,2020080901029767,AIL,38,17,10,467.00,"4,670.00"
2020-08-09,2020080901030161,AKJCL,39,45,20,53.00,"1,060.00"
2020-08-09,2020080901030044,AKPL,58,19,400,112.00,"44,800.00"
2020-08-09,2020080901029819,AKPL,36,48,100,113.00,"11,300.00"
2020-08-09,2020080901030035,ALBSL,51,5,118,700.00,"82,600.00"
2020-08-09,2020080901030034,ALBSL,51,10,11,700.00,"7,700.00"
2020-08-09,2020080901030033,ALBSL,51,52,11,700.00,"7,700.00"
2020-08-09,2020080901030032,ALBSL,51,58,39,699.00,"27,261.00"
2020-08-09,2020080901030031,ALBSL,51,38,30,696.00,"20,880.00"
2020-08-09,2020080901030030,ALBSL,51,6,60,695.00,"41,700.00"
2020-08-09,2020080901030029,ALBSL,51,38,20,694.00,"13,880.00"
2020-08-09,2020080901030028,ALBSL,51,33,11,690.00,"7,590.00"
2020-08-09,2020080901029765,ALICL,37,19,100,618.00,"61,800.00"
2020-08-09,2020080901030115,API,21,49,750,107.00,"80,250.00"
2020-08-09,2020080901030142,BOKL,29,36,100,224.00,"22,400.00"
2020-08-09,2020080901029935,BPCL,39,39,2,350.00,700.00
2020-08-09,2020080901029712,BPCL,13,13,39,351.00,"13,689.00"
2020-08-09,2020080901029711,BPCL,13,19,26,351.00,"9,126.00"
2020-08-09,2020080901030151,CBBL,16,43,30,"1,050.00","31,500.00"
2020-08-09,2020080901030167,CBL,28,37,25,143.00,"3,575.00"
2020-08-09,2020080901029964,CCBL,38,41,200,177.00,"35,400.00"
2020-08-09,2020080901029909,CCBL,29,41,100,177.00,"17,700.00"
2020-08-09,2020080901029800,CHCL,32,25,10,389.00,"3,890.00"
2020-08-09,2020080901029710,CHCL,32,51,12,388.00,"4,656.00"
2020-08-09,2020080901030145,CIT,35,55,25,"2,580.00","64,500.00"
2020-08-09,2020080901029960,CIT,10,14,10,"2,579.00","25,790.00"
2020-08-09,2020080901029853,CIT,51,55,75,"2,580.00","193,500.00"
2020-08-09,2020080901029768,CIT,45,52,10,"2,580.00","25,800.00"
2020-08-09,2020080901030071,CZBIL,25,38,323,197.00,"63,631.00"
2020-08-09,2020080901030012,DDBL,45,26,11,833.00,"9,163.00"
2020-08-09,2020080901029932,EBL,35,4,20,718.00,"14,360.00"
2020-08-09,2020080901030189,EIC,50,26,500,408.00,"204,000.00"
2020-08-09,2020080901030087,EIC,50,59,300,408.00,"122,400.00"
2020-08-09,2020080901030086,EIC,50,57,500,408.00,"204,000.00"
2020-08-09,2020080901030085,EIC,50,57,400,408.00,"163,200.00"
2020-08-09,2020080901030084,EIC,50,47,121,407.00,"49,247.00"
2020-08-09,2020080901030020,EIC,39,47,179,407.00,"72,853.00"
2020-08-09,2020080901030013,EIC,39,57,25,405.00,"10,125.00"
2020-08-09,2020080901029849,EIC,50,16,100,405.00,"40,500.00"
2020-08-09,2020080901029781,EIC,29,16,25,405.00,"10,125.00"
2020-08-09,2020080901030019,EIC,39,28,500,407.00,"203,500.00"
2020-08-09,2020080901030018,EIC,39,49,100,407.00,"40,700.00"
2020-08-09,2020080901030017,EIC,39,48,196,407.00,"79,772.00"
2020-08-09,2020080901030016,EIC,39,57,50,406.00,"20,300.00"
2020-08-09,2020080901030015,EIC,39,57,100,406.00,"40,600.00"
2020-08-09,2020080901030014,EIC,39,57,50,406.00,"20,300.00"
2020-08-09,2020080901030183,FMDBL,34,16,10,520.00,"5,200.00"
2020-08-09,2020080901029832,FMDBL,1,16,200,520.00,"104,000.00"
2020-08-09,2020080901029823,FMDBL,10,26,198,520.00,"102,960.00"
2020-08-09,2020080901029822,FMDBL,10,26,100,520.00,"52,000.00"
2020-08-09,2020080901029821,FMDBL,10,48,50,520.00,"26,000.00"
2020-08-09,2020080901029820,FMDBL,10,21,152,519.00,"78,888.00"
2020-08-09,2020080901029786,FMDBL,1,21,348,519.00,"180,612.00"
2020-08-09,2020080901030177,GBIME,57,45,100,250.00,"25,000.00"
2020-08-09,2020080901030163,GBIME,41,45,190,250.00,"47,500.00"
2020-08-09,2020080901030162,GBIME,41,41,10,250.00,"2,500.00"
2020-08-09,2020080901030140,GBIME,54,41,40,250.00,"10,000.00"
2020-08-09,2020080901030139,GBIME,34,41,150,250.00,"37,500.00"
2020-08-09,2020080901030138,GBIME,34,26,50,250.00,"12,500.00"
2020-08-09,2020080901029896,GBIME,38,26,100,250.00,"25,000.00"
2020-08-09,2020080901029885,GBIME,41,42,10,250.00,"2,500.00"
2020-08-09,2020080901029851,GBIME,34,42,489,250.00,"122,250.00"
2020-08-09,2020080901029850,GBIME,34,1,11,250.00,"2,750.00"
2020-08-09,2020080901029701,GBIME,21,1,400,250.00,"100,000.00"
2020-08-09,2020080901030007,GGBSL,38,41,10,805.00,"8,050.00"
2020-08-09,2020080901029929,GGBSL,38,34,10,804.00,"8,040.00"
2020-08-09,2020080901029928,GGBSL,38,34,10,804.00,"8,040.00"
2020-08-09,2020080901029778,GGBSL,22,14,15,789.00,"11,835.00"
2020-08-09,2020080901029930,GGBSL,38,43,10,804.00,"8,040.00"
2020-08-09,2020080901029809,GILB,57,5,72,"1,194.00","85,968.00"
2020-08-09,2020080901030050,GMFBS,39,17,32,775.00,"24,800.00"
2020-08-09,2020080901029798,GMFBS,34,17,10,775.00,"7,750.00"
2020-08-09,2020080901029774,GMFIL,58,33,50,124.00,"6,200.00"
2020-08-09,2020080901029773,GMFIL,58,33,20,124.00,"2,480.00"
2020-08-09,2020080901029994,GRDBL,39,16,100,118.00,"11,800.00"
2020-08-09,2020080901029890,GRDBL,39,1,50,116.00,"5,800.00"
2020-08-09,2020080901029889,GRDBL,39,6,50,116.00,"5,800.00"
2020-08-09,2020080901029839,GRDBL,39,56,85,115.00,"9,775.00"
2020-08-09,2020080901029838,GRDBL,39,49,50,115.00,"5,750.00"
2020-08-09,2020080901029803,GRDBL,39,26,300,114.00,"34,200.00"
2020-08-09,2020080901029802,GRDBL,39,22,500,114.00,"57,000.00"
2020-08-09,2020080901029801,GRDBL,39,13,90,114.00,"10,260.00"
2020-08-09,2020080901030006,HBL,38,26,50,540.00,"27,000.00"
2020-08-09,2020080901029948,HDL,49,26,10,"1,670.00","16,700.00"
2020-08-09,2020080901029947,HDL,49,53,50,"1,669.00","83,450.00"
2020-08-09,2020080901030072,HGI,38,36,50,404.00,"20,200.00"
2020-08-09,2020080901030037,HGI,58,14,41,400.00,"16,400.00"
2020-08-09,2020080901029897,HGI,22,14,10,404.00,"4,040.00"
2020-08-09,2020080901029796,HGI,58,28,59,400.00,"23,600.00"
2020-08-09,2020080901029795,HGI,17,28,41,400.00,"16,400.00"
2020-08-09,2020080901029848,HIDCL,56,17,20,128.00,"2,560.00"
2020-08-09,2020080901029746,HIDCL,56,41,13,127.00,"1,651.00"
2020-08-09,2020080901029745,HIDCL,56,13,214,127.00,"27,178.00"
2020-08-09,2020080901029744,HIDCL,6,13,100,127.00,"12,700.00"
2020-08-09,2020080901029743,HIDCL,17,13,102,127.00,"12,954.00"
2020-08-09,2020080901029934,HPPL,41,51,10,136.00,"1,360.00"
2020-08-09,2020080901030099,IGI,38,29,50,428.00,"21,400.00"
2020-08-09,2020080901029843,ILBS,56,26,11,703.00,"7,733.00"
2020-08-09,2020080901030154,JFL,17,32,112,166.00,"18,592.00"
2020-08-09,2020080901030107,JSLBB,14,43,50,"1,389.00","69,450.00"
2020-08-09,2020080901030106,JSLBB,14,42,30,"1,388.00","41,640.00"
2020-08-09,2020080901030105,JSLBB,14,10,17,"1,388.00","23,596.00"
2020-08-09,2020080901030061,KBL,49,41,152,191.00,"29,032.00"
2020-08-09,2020080901030060,KBL,49,43,500,191.00,"95,500.00"
2020-08-09,2020080901030059,KBL,49,37,418,191.00,"79,838.00"
2020-08-09,2020080901030058,KBL,39,37,50,191.00,"9,550.00"
2020-08-09,2020080901030040,KBL,4,37,200,191.00,"38,200.00"
2020-08-09,2020080901029834,KBL,58,50,20,191.00,"3,820.00"
2020-08-09,2020080901029940,KBL,5,37,201,191.00,"38,391.00"
2020-08-09,2020080901029939,KBL,5,53,200,191.00,"38,200.00"
2020-08-09,2020080901029938,KBL,5,48,257,191.00,"49,087.00"
2020-08-09,2020080901029937,KBL,5,11,131,191.00,"25,021.00"
2020-08-09,2020080901029936,KBL,5,50,211,191.00,"40,301.00"
2020-08-09,2020080901030010,KPCL,25,39,10,107.00,"1,070.00"
2020-08-09,2020080901029894,KSBBL,39,45,653,153.00,"99,909.00"
2020-08-09,2020080901029893,KSBBL,39,59,"1,000",153.00,"153,000.00"
2020-08-09,2020080901029892,KSBBL,39,45,256,152.00,"38,912.00"
2020-08-09,2020080901029891,KSBBL,39,52,91,151.00,"13,741.00"
2020-08-09,2020080901029788,LBBL,58,14,500,187.00,"93,500.00"
2020-08-09,2020080901029805,LBL,57,45,23,229.00,"5,267.00"
2020-08-09,2020080901029716,LBL,57,10,77,229.00,"17,633.00"
2020-08-09,2020080901029715,LBL,46,10,200,229.00,"45,800.00"
2020-08-09,2020080901029714,LBL,14,10,465,229.00,"106,485.00"
2020-08-09,2020080901029713,LBL,38,10,108,230.00,"24,840.00"
2020-08-09,2020080901030075,LICN,1,34,41,"1,415.00","58,015.00"
2020-08-09,2020080901029924,LICN,54,50,200,"1,412.00","282,400.00"
2020-08-09,2020080901029923,LICN,54,26,30,"1,410.00","42,300.00"
2020-08-09,2020080901029922,LICN,54,7,100,"1,409.00","140,900.00"
2020-08-09,2020080901029921,LICN,54,51,250,"1,407.00","351,750.00"
2020-08-09,2020080901029920,LICN,54,14,10,"1,407.00","14,070.00"
2020-08-09,2020080901030152,MBL,45,50,50,228.00,"11,400.00"
2020-08-09,2020080901030002,MBL,38,50,500,228.00,"114,000.00"
2020-08-09,2020080901030001,MBL,52,50,200,228.00,"45,600.00"
2020-08-09,2020080901030116,MDB,49,45,13,324.00,"4,212.00"
2020-08-09,2020080901030098,MDB,19,45,10,324.00,"3,240.00"
2020-08-09,2020080901030024,MDB,49,14,500,319.00,"159,500.00"
2020-08-09,2020080901030195,MEGA,41,55,200,222.00,"44,400.00"
2020-08-09,2020080901030169,MEGA,19,47,60,221.00,"13,260.00"
2020-08-09,2020080901030168,MEGA,52,47,29,221.00,"6,409.00"
2020-08-09,2020080901030135,MFIL,43,51,338,285.00,"96,330.00"
2020-08-09,2020080901030134,MFIL,43,52,117,282.00,"32,994.00"
2020-08-09,2020080901030067,MFIL,43,42,40,280.00,"11,200.00"
2020-08-09,2020080901030066,MFIL,43,17,35,280.00,"9,800.00"
2020-08-09,2020080901030065,MFIL,43,35,34,279.00,"9,486.00"
2020-08-09,2020080901030064,MFIL,43,45,100,278.00,"27,800.00"
2020-08-09,2020080901029946,MFIL,43,6,40,277.00,"11,080.00"
2020-08-09,2020080901029945,MFIL,43,13,100,277.00,"27,700.00"
2020-08-09,2020080901029944,MFIL,43,57,100,277.00,"27,700.00"
2020-08-09,2020080901029943,MFIL,43,19,200,277.00,"55,400.00"
2020-08-09,2020080901029942,MFIL,43,34,970,272.00,"263,840.00"
2020-08-09,2020080901029784,MFIL,41,34,10,272.00,"2,720.00"
2020-08-09,2020080901029741,MHNL,25,6,20,83.00,"1,660.00"
2020-08-09,2020080901029740,MHNL,48,6,10,83.00,830.00
2020-08-09,2020080901029706,MLBBL,45,38,10,719.00,"7,190.00"
2020-08-09,2020080901029705,MLBBL,45,16,100,718.00,"71,800.00"
2020-08-09,2020080901029704,MLBBL,45,16,20,718.00,"14,360.00"
2020-08-09,2020080901029703,MLBBL,45,17,80,717.00,"57,360.00"
2020-08-09,2020080901030178,MLBL,4,14,500,194.00,"97,000.00"
2020-08-09,2020080901030056,MLBL,1,14,10,194.00,"1,940.00"
2020-08-09,2020080901030068,MNBBL,35,57,100,320.00,"32,000.00"
2020-08-09,2020080901030102,NABIL,33,4,119,813.00,"96,747.00"
2020-08-09,2020080901030008,NABIL,40,4,100,813.00,"81,300.00"
2020-08-09,2020080901030022,NBB,26,17,200,200.00,"40,000.00"
2020-08-09,2020080901029846,NBB,38,17,100,200.00,"20,000.00"
2020-08-09,2020080901030200,NBL,41,6,50,263.00,"13,150.00"
2020-08-09,2020080901030190,NBL,33,6,20,263.00,"5,260.00"
2020-08-09,2020080901030166,NBL,25,32,150,262.00,"39,300.00"
2020-08-09,2020080901030136,NBL,25,32,150,262.00,"39,300.00"
2020-08-09,2020080901030130,NBL,49,6,200,263.00,"52,600.00"
2020-08-09,2020080901030076,NBL,34,6,10,263.00,"2,630.00"
2020-08-09,2020080901029976,NBL,53,17,30,263.00,"7,890.00"
2020-08-09,2020080901029861,NBL,29,36,50,262.00,"13,100.00"
2020-08-09,2020080901029860,NBL,29,32,455,262.00,"119,210.00"
2020-08-09,2020080901029813,NBL,5,32,"1,000",262.00,"262,000.00"
2020-08-09,2020080901029797,NBL,38,32,100,262.00,"26,200.00"
2020-08-09,2020080901029782,NBL,57,32,410,262.00,"107,420.00"
2020-08-09,2020080901030011,NBL,25,45,10,262.00,"2,620.00"
2020-08-09,2020080901029992,NBL,58,6,10,263.00,"2,630.00"
2020-08-09,2020080901029980,NBL,53,6,315,263.00,"82,845.00"
2020-08-09,2020080901029979,NBL,53,6,500,263.00,"131,500.00"
2020-08-09,2020080901029978,NBL,53,6,"1,000",263.00,"263,000.00"
2020-08-09,2020080901029977,NBL,53,56,155,263.00,"40,765.00"
2020-08-09,2020080901030074,NCCB,21,49,103,192.00,"19,776.00"
2020-08-09,2020080901029807,NCCB,50,49,200,192.00,"38,400.00"
2020-08-09,2020080901030113,NFS,29,47,10,196.00,"1,960.00"
2020-08-09,2020080901029965,NFS,29,47,20,196.00,"3,920.00"
2020-08-09,2020080901029817,NFS,29,47,20,195.00,"3,900.00"
2020-08-09,2020080901030186,NIB,32,33,198,445.00,"88,110.00"
2020-08-09,2020080901030185,NIB,32,57,50,444.00,"22,200.00"
2020-08-09,2020080901030184,NIB,32,13,52,444.00,"23,088.00"
2020-08-09,2020080901030159,NIB,38,13,48,444.00,"21,312.00"
2020-08-09,2020080901030158,NIB,38,28,10,444.00,"4,440.00"
2020-08-09,2020080901030157,NIB,38,39,41,444.00,"18,204.00"
2020-08-09,2020080901029950,NIB,38,58,49,444.00,"21,756.00"
2020-08-09,2020080901029824,NIB,57,16,30,443.00,"13,290.00"
2020-08-09,2020080901029785,NIB,25,16,700,443.00,"310,100.00"
2020-08-09,2020080901029886,NIBSF1,25,7,"3,000",10.59,"31,770.00"
2020-08-09,2020080901030175,NICA,33,33,265,553.00,"146,545.00"
2020-08-09,2020080901030174,NICA,49,33,150,553.00,"82,950.00"
2020-08-09,2020080901030173,NICA,56,33,85,553.00,"47,005.00"
2020-08-09,2020080901030153,NICA,58,58,50,555.00,"27,750.00"
2020-08-09,2020080901030133,NICA,28,45,140,554.00,"77,560.00"
2020-08-09,2020080901030132,NICA,28,17,200,554.00,"110,800.00"
2020-08-09,2020080901029879,NICA,45,45,200,554.00,"110,800.00"
2020-08-09,2020080901029878,NICA,45,52,50,554.00,"27,700.00"
2020-08-09,2020080901029877,NICA,45,58,200,554.00,"110,800.00"
2020-08-09,2020080901029750,NICA,14,58,50,554.00,"27,700.00"
2020-08-09,2020080901029733,NICA,50,58,50,554.00,"27,700.00"
2020-08-09,2020080901030131,NICA,28,16,303,554.00,"167,862.00"
2020-08-09,2020080901030123,NICA,56,45,165,553.00,"91,245.00"
2020-08-09,2020080901030069,NICA,56,10,50,553.00,"27,650.00"
2020-08-09,2020080901029970,NICA,14,16,47,554.00,"26,038.00"
2020-08-09,2020080901029968,NICA,5,16,100,554.00,"55,400.00"
2020-08-09,2020080901029967,NICA,45,16,50,554.00,"27,700.00"
2020-08-09,2020080901030144,NICL,45,35,12,437.00,"5,244.00"
2020-08-09,2020080901030143,NICL,45,49,24,437.00,"10,488.00"
2020-08-09,2020080901029855,NICL,6,49,76,437.00,"33,212.00"
2020-08-09,2020080901029854,NICL,6,35,24,437.00,"10,488.00"
2020-08-09,2020080901030192,NICLBSL,25,48,10,756.00,"7,560.00"
2020-08-09,2020080901030182,NICLBSL,48,36,10,757.00,"7,570.00"
2020-08-09,2020080901030073,NICLBSL,25,29,10,756.00,"7,560.00"
2020-08-09,2020080901030026,NICLBSL,36,36,50,757.00,"37,850.00"
2020-08-09,2020080901029981,NICLBSL,25,38,10,756.00,"7,560.00"
2020-08-09,2020080901029973,NICLBSL,25,17,10,756.00,"7,560.00"
2020-08-09,2020080901029702,NICLBSL,28,29,10,753.00,"7,530.00"
2020-08-09,2020080901029729,NICLBSL,7,14,10,756.00,"7,560.00"
2020-08-09,2020080901029728,NICLBSL,7,29,350,756.00,"264,600.00"
2020-08-09,2020080901029727,NICLBSL,7,14,10,755.00,"7,550.00"
2020-08-09,2020080901029726,NICLBSL,7,32,10,755.00,"7,550.00"
2020-08-09,2020080901029725,NICLBSL,7,17,10,755.00,"7,550.00"
2020-08-09,2020080901029720,NICLBSL,28,21,20,753.00,"15,060.00"
2020-08-09,2020080901029799,NICLBSL,25,39,10,756.00,"7,560.00"
2020-08-09,2020080901029751,NICLBSL,28,21,20,753.00,"15,060.00"
2020-08-09,2020080901029739,NICLBSL,7,17,10,756.00,"7,560.00"
2020-08-09,2020080901029734,NICLBSL,7,28,10,756.00,"7,560.00"
2020-08-09,2020080901029731,NICLBSL,7,38,10,756.00,"7,560.00"
2020-08-09,2020080901029730,NICLBSL,7,1,10,756.00,"7,560.00"
2020-08-09,2020080901029931,NICLBSL,25,26,10,756.00,"7,560.00"
2020-08-09,2020080901029926,NICLBSL,25,38,10,756.00,"7,560.00"
2020-08-09,2020080901029918,NICLBSL,25,28,10,756.00,"7,560.00"
2020-08-09,2020080901029880,NICLBSL,25,57,10,756.00,"7,560.00"
2020-08-09,2020080901029841,NICLBSL,25,17,10,756.00,"7,560.00"
2020-08-09,2020080901029828,NICLBSL,25,28,10,756.00,"7,560.00"
2020-08-09,2020080901030063,NIL,10,25,500,620.00,"310,000.00"
2020-08-09,2020080901029845,NIL,43,25,50,620.00,"31,000.00"
2020-08-09,2020080901029793,NIL,34,25,200,620.00,"124,000.00"
2020-08-09,2020080901029792,NIL,34,55,69,620.00,"42,780.00"
2020-08-09,2020080901029791,NIL,34,14,231,619.00,"142,989.00"
2020-08-09,2020080901029952,NLBBL,14,33,470,699.00,"328,530.00"
2020-08-09,2020080901029951,NLBBL,14,37,30,698.00,"20,940.00"
2020-08-09,2020080901030114,NLIC,45,40,14,"1,343.00","18,802.00"
2020-08-09,2020080901030100,NLIC,34,19,22,"1,340.00","29,480.00"
2020-08-09,2020080901030070,NLIC,45,34,30,"1,343.00","40,290.00"
2020-08-09,2020080901030062,NLIC,51,59,50,"1,343.00","67,150.00"
2020-08-09,2020080901030025,NLIC,34,49,25,"1,340.00","33,500.00"
2020-08-09,2020080901029963,NLIC,34,19,80,"1,340.00","107,200.00"
2020-08-09,2020080901029755,NLIC,58,57,100,"1,339.00","133,900.00"
2020-08-09,2020080901029754,NLIC,58,22,200,"1,339.00","267,800.00"
2020-08-09,2020080901029753,NLIC,58,50,20,"1,339.00","26,780.00"
2020-08-09,2020080901029752,NLIC,58,42,151,"1,339.00","202,189.00"
2020-08-09,2020080901029709,NLIC,34,38,21,"1,337.00","28,077.00"
2020-08-09,2020080901029761,NLIC,58,38,100,"1,340.00","134,000.00"
2020-08-09,2020080901029760,NLIC,58,19,100,"1,340.00","134,000.00"
2020-08-09,2020080901029759,NLIC,58,5,100,"1,340.00","134,000.00"
2020-08-09,2020080901029758,NLIC,58,19,15,"1,340.00","20,100.00"
2020-08-09,2020080901029757,NLIC,58,6,50,"1,340.00","67,000.00"
2020-08-09,2020080901029756,NLIC,58,6,10,"1,340.00","13,400.00"
2020-08-09,2020080901029900,NLIC,34,20,400,"1,340.00","536,000.00"
2020-08-09,2020080901029899,NLIC,34,50,146,"1,340.00","195,640.00"
2020-08-09,2020080901029898,NLIC,34,25,322,"1,340.00","431,480.00"
2020-08-09,2020080901029884,NLIC,53,50,54,"1,340.00","72,360.00"
2020-08-09,2020080901029883,NLIC,53,50,46,"1,340.00","61,640.00"
2020-08-09,2020080901029762,NLIC,58,50,154,"1,340.00","206,360.00"
2020-08-09,2020080901029927,NLIC,34,35,50,"1,340.00","67,000.00"
2020-08-09,2020080901029905,NLIC,34,45,40,"1,340.00","53,600.00"
2020-08-09,2020080901029904,NLIC,34,34,50,"1,340.00","67,000.00"
2020-08-09,2020080901029903,NLIC,34,35,10,"1,340.00","13,400.00"
2020-08-09,2020080901029902,NLIC,34,42,70,"1,340.00","93,800.00"
2020-08-09,2020080901029901,NLIC,34,13,200,"1,340.00","268,000.00"
2020-08-09,2020080901030172,NLICL,51,36,150,670.00,"100,500.00"
2020-08-09,2020080901030101,NLICL,49,41,30,672.00,"20,160.00"
2020-08-09,2020080901030039,NLICL,37,28,100,665.00,"66,500.00"
2020-08-09,2020080901030038,NLICL,54,28,100,666.00,"66,600.00"
2020-08-09,2020080901029723,NLICL,34,16,10,673.00,"6,730.00"
2020-08-09,2020080901030164,NMB,34,14,20,411.00,"8,220.00"
2020-08-09,2020080901030110,NMB,46,14,100,411.00,"41,100.00"
2020-08-09,2020080901030045,NMB,32,14,89,411.00,"36,579.00"
2020-08-09,2020080901030027,NMB,45,14,100,411.00,"41,100.00"
2020-08-09,2020080901030021,NMB,57,14,100,411.00,"41,100.00"
2020-08-09,2020080901030009,NMB,14,39,55,410.00,"22,550.00"
2020-08-09,2020080901029833,NMB,34,14,30,411.00,"12,330.00"
2020-08-09,2020080901029806,NMB,14,38,500,410.00,"205,000.00"
2020-08-09,2020080901029721,NMB,29,14,100,411.00,"41,100.00"
2020-08-09,2020080901029993,NMB50,26,53,100,9.75,975.00
2020-08-09,2020080901030194,NRIC,50,25,10,572.00,"5,720.00"
2020-08-09,2020080901030141,NRIC,41,38,10,571.00,"5,710.00"
2020-08-09,2020080901030118,NRIC,50,38,10,571.00,"5,710.00"
2020-08-09,2020080901030117,NRIC,50,51,10,571.00,"5,710.00"
2020-08-09,2020080901030057,NRIC,58,51,10,571.00,"5,710.00"
2020-08-09,2020080901030005,NRIC,45,21,5,571.00,"2,855.00"
2020-08-09,2020080901029748,NRIC,40,38,50,572.00,"28,600.00"
2020-08-09,2020080901029777,NRIC,10,25,100,572.00,"57,200.00"
2020-08-09,2020080901029776,NRIC,40,25,360,572.00,"205,920.00"
2020-08-09,2020080901029771,NRIC,40,26,20,572.00,"11,440.00"
2020-08-09,2020080901029766,NRIC,8,36,300,573.00,"171,900.00"
2020-08-09,2020080901029764,NRIC,40,48,30,572.00,"17,160.00"
2020-08-09,2020080901029749,NRIC,40,38,40,572.00,"22,880.00"
2020-08-09,2020080901029955,NRIC,40,49,100,571.00,"57,100.00"
2020-08-09,2020080901029954,NRIC,49,49,55,571.00,"31,405.00"
2020-08-09,2020080901029919,NRIC,49,11,20,571.00,"11,420.00"
2020-08-09,2020080901029875,NRIC,49,38,40,571.00,"22,840.00"
2020-08-09,2020080901029829,NRIC,53,25,500,572.00,"286,000.00"
2020-08-09,2020080901029810,NRIC,49,11,40,571.00,"22,840.00"
2020-08-09,2020080901030004,NRIC,45,49,445,571.00,"254,095.00"
2020-08-09,2020080901030003,NRIC,11,49,55,571.00,"31,405.00"
2020-08-09,2020080901029959,NRIC,11,49,75,571.00,"42,825.00"
2020-08-09,2020080901029958,NRIC,40,49,50,571.00,"28,550.00"
2020-08-09,2020080901029957,NRIC,39,49,700,571.00,"399,700.00"
2020-08-09,2020080901029956,NRIC,49,49,20,571.00,"11,420.00"
2020-08-09,2020080901030097,NUBL,1,40,70,958.00,"67,060.00"
2020-08-09,2020080901030096,NUBL,6,40,"1,000",958.00,"958,000.00"
2020-08-09,2020080901030095,NUBL,55,40,50,960.00,"48,000.00"
2020-08-09,2020080901030094,NUBL,53,40,30,961.00,"28,830.00"
2020-08-09,2020080901030093,NUBL,45,40,20,961.00,"19,220.00"
2020-08-09,2020080901030108,OHL,59,14,20,340.00,"6,800.00"
2020-08-09,2020080901029814,OHL,10,14,100,340.00,"34,000.00"
2020-08-09,2020080901030049,PCBL,4,35,80,263.00,"21,040.00"
2020-08-09,2020080901030048,PCBL,4,50,300,263.00,"78,900.00"
2020-08-09,2020080901030047,PCBL,4,14,200,263.00,"52,600.00"
2020-08-09,2020080901030046,PCBL,4,13,293,263.00,"77,059.00"
2020-08-09,2020080901029852,PCBL,51,13,50,263.00,"13,150.00"
2020-08-09,2020080901030150,PFL,13,13,17,151.00,"2,567.00"
2020-08-09,2020080901030149,PFL,13,39,27,150.00,"4,050.00"
2020-08-09,2020080901030148,PFL,13,42,32,150.00,"4,800.00"
2020-08-09,2020080901030147,PFL,13,49,24,148.00,"3,552.00"
2020-08-09,2020080901029804,PFL,41,38,14,146.00,"2,044.00"
2020-08-09,2020080901029917,PIC,58,33,12,625.00,"7,500.00"
2020-08-09,2020080901029916,PIC,58,17,100,625.00,"62,500.00"
2020-08-09,2020080901029915,PIC,58,53,11,625.00,"6,875.00"
2020-08-09,2020080901029914,PIC,58,41,11,624.00,"6,864.00"
2020-08-09,2020080901029913,PIC,58,47,46,624.00,"28,704.00"
2020-08-09,2020080901029912,PIC,58,53,200,623.00,"124,600.00"
2020-08-09,2020080901029911,PIC,58,58,20,623.00,"12,460.00"
2020-08-09,2020080901029910,PIC,58,25,100,622.00,"62,200.00"
2020-08-09,2020080901029790,PICL,17,4,500,454.00,"227,000.00"
2020-08-09,2020080901030165,PLIC,38,53,10,540.00,"5,400.00"
2020-08-09,2020080901030137,PLIC,39,14,93,540.00,"50,220.00"
2020-08-09,2020080901030083,PLIC,39,53,100,539.00,"53,900.00"
2020-08-09,2020080901030082,PLIC,39,57,15,539.00,"8,085.00"
2020-08-09,2020080901030081,PLIC,39,38,167,539.00,"90,013.00"
2020-08-09,2020080901030080,PLIC,39,42,225,536.00,"120,600.00"
2020-08-09,2020080901030079,PLIC,39,55,400,535.00,"214,000.00"
2020-08-09,2020080901029840,PPCL,22,38,30,115.00,"3,450.00"
2020-08-09,2020080901030092,PRIN,17,51,150,478.00,"71,700.00"
2020-08-09,2020080901030091,PRIN,17,49,200,478.00,"95,600.00"
2020-08-09,2020080901029975,PRIN,17,59,190,477.00,"90,630.00"
2020-08-09,2020080901029974,PRIN,17,53,150,477.00,"71,550.00"
2020-08-09,2020080901029783,PRIN,49,59,10,477.00,"4,770.00"
2020-08-09,2020080901030191,RBCL,5,48,10,"9,070.00","90,700.00"
2020-08-09,2020080901030043,RBCL,19,10,10,"9,100.00","91,000.00"
2020-08-09,2020080901030042,RBCL,50,10,21,"9,105.00","191,205.00"
2020-08-09,2020080901030041,RBCL,49,10,10,"9,112.00","91,120.00"
2020-08-09,2020080901029794,RHPC,14,34,56,85.00,"4,760.00"
2020-08-09,2020080901029888,RHPL,25,38,40,146.00,"5,840.00"
2020-08-09,2020080901029818,RHPL,25,59,20,146.00,"2,920.00"
2020-08-09,2020080901029925,RMDC,5,29,10,728.00,"7,280.00"
2020-08-09,2020080901029770,RRHP,22,17,10,93.00,930.00
2020-08-09,2020080901029971,SABSL,22,38,11,717.00,"7,887.00"
2020-08-09,2020080901029907,SABSL,34,19,18,724.00,"13,032.00"
2020-08-09,2020080901029732,SABSL,13,39,11,723.00,"7,953.00"
2020-08-09,2020080901029763,SADBL,34,47,300,143.00,"42,900.00"
2020-08-09,2020080901029772,SAEF,56,43,"2,000",9.78,"19,560.00"
2020-08-09,2020080901030054,SANIMA,26,28,90,340.00,"30,600.00"
2020-08-09,2020080901030053,SANIMA,26,57,43,340.00,"14,620.00"
2020-08-09,2020080901030052,SANIMA,26,6,37,340.00,"12,580.00"
2020-08-09,2020080901030051,SANIMA,26,37,230,340.00,"78,200.00"
2020-08-09,2020080901029961,SANIMA,46,37,10,340.00,"3,400.00"
2020-08-09,2020080901029949,SANIMA,49,37,200,340.00,"68,000.00"
2020-08-09,2020080901029742,SANIMA,49,37,20,340.00,"6,800.00"
2020-08-09,2020080901029868,SAPDBL,52,17,60,119.00,"7,140.00"
2020-08-09,2020080901029859,SBI,14,8,"1,000",420.00,"420,000.00"
2020-08-09,2020080901029858,SBI,19,8,100,421.00,"42,100.00"
2020-08-09,2020080901029857,SBI,25,8,200,421.00,"84,200.00"
2020-08-09,2020080901029856,SBI,13,8,200,421.00,"84,200.00"
2020-08-09,2020080901030160,SBL,52,39,765,295.00,"225,675.00"
2020-08-09,2020080901029876,SCB,14,11,50,644.00,"32,200.00"
2020-08-09,2020080901029787,SCB,26,47,98,644.00,"63,112.00"
2020-08-09,2020080901029719,SCB,43,36,100,643.00,"64,300.00"
2020-08-09,2020080901029718,SCB,43,58,488,643.00,"313,784.00"
2020-08-09,2020080901029717,SCB,43,43,440,643.00,"282,920.00"
2020-08-09,2020080901030171,SHINE,42,49,140,230.00,"32,200.00"
2020-08-09,2020080901030170,SHINE,41,49,10,230.00,"2,300.00"
2020-08-09,2020080901029908,SHINE,36,34,200,231.00,"46,200.00"
2020-08-09,2020080901029738,SHINE,1,34,111,231.00,"25,641.00"
2020-08-09,2020080901029737,SHINE,1,57,100,231.00,"23,100.00"
2020-08-09,2020080901029736,SHINE,1,57,164,231.00,"37,884.00"
2020-08-09,2020080901029735,SHINE,1,42,625,231.00,"144,375.00"
2020-08-09,2020080901030179,SHIVM,38,35,50,575.00,"28,750.00"
2020-08-09,2020080901030121,SHIVM,33,52,85,572.00,"48,620.00"
2020-08-09,2020080901030120,SHIVM,36,52,15,572.00,"8,580.00"
2020-08-09,2020080901030036,SHIVM,6,35,500,575.00,"287,500.00"
2020-08-09,2020080901029882,SHIVM,6,35,275,575.00,"158,125.00"
2020-08-09,2020080901029881,SHIVM,6,58,25,575.00,"14,375.00"
2020-08-09,2020080901029789,SHIVM,36,56,10,572.00,"5,720.00"
2020-08-09,2020080901029874,SHL,43,14,119,155.00,"18,445.00"
2020-08-09,2020080901029873,SHL,57,14,140,155.00,"21,700.00"
2020-08-09,2020080901029872,SHL,51,14,100,155.00,"15,500.00"
2020-08-09,2020080901029871,SHL,58,14,100,155.00,"15,500.00"
2020-08-09,2020080901029870,SHL,58,14,200,155.00,"31,000.00"
2020-08-09,2020080901029869,SHL,48,14,341,155.00,"52,855.00"
2020-08-09,2020080901030109,SHPC,55,25,44,217.00,"9,548.00"
2020-08-09,2020080901030090,SIC,58,28,14,740.00,"10,360.00"
2020-08-09,2020080901030089,SIC,58,33,50,730.00,"36,500.00"
2020-08-09,2020080901030088,SIC,58,49,16,728.00,"11,648.00"
2020-08-09,2020080901029991,SIC,58,49,84,728.00,"61,152.00"
2020-08-09,2020080901029990,SIC,58,29,50,727.00,"36,350.00"
2020-08-09,2020080901029989,SIC,58,36,85,727.00,"61,795.00"
2020-08-09,2020080901029982,SIC,58,22,46,723.00,"33,258.00"
2020-08-09,2020080901029816,SIC,22,22,20,723.00,"14,460.00"
2020-08-09,2020080901029988,SIC,58,42,27,726.00,"19,602.00"
2020-08-09,2020080901029987,SIC,58,11,100,726.00,"72,600.00"
2020-08-09,2020080901029986,SIC,58,5,20,725.00,"14,500.00"
2020-08-09,2020080901029985,SIC,58,58,30,725.00,"21,750.00"
2020-08-09,2020080901029984,SIC,58,21,40,725.00,"29,000.00"
2020-08-09,2020080901029983,SIC,58,21,18,724.00,"13,032.00"
2020-08-09,2020080901029815,SICL,58,11,20,"1,200.00","24,000.00"
2020-08-09,2020080901029775,SICL,17,49,21,"1,199.00","25,179.00"
2020-08-09,2020080901030103,SIL,34,14,500,600.00,"300,000.00"
2020-08-09,2020080901029844,SIL,58,35,100,601.00,"60,100.00"
2020-08-09,2020080901029724,SIL,34,55,500,600.00,"300,000.00"
2020-08-09,2020080901030180,SINDU,57,5,100,127.00,"12,700.00"
2020-08-09,2020080901030055,SJCL,36,38,20,136.00,"2,720.00"
2020-08-09,2020080901029941,SJCL,36,17,10,136.00,"1,360.00"
2020-08-09,2020080901029747,SJCL,36,29,300,136.00,"40,800.00"
2020-08-09,2020080901030197,SKBBL,19,51,50,"1,239.00","61,950.00"
2020-08-09,2020080901030196,SKBBL,19,22,10,"1,239.00","12,390.00"
2020-08-09,2020080901029837,SKBBL,20,55,10,"1,236.00","12,360.00"
2020-08-09,2020080901030111,SLBBL,7,51,232,806.00,"186,992.00"
2020-08-09,2020080901029966,SLBBL,7,45,22,806.00,"17,732.00"
2020-08-09,2020080901029769,SLBBL,7,51,246,806.00,"198,276.00"
2020-08-09,2020080901030181,SLBSL,51,34,10,814.00,"8,140.00"
2020-08-09,2020080901030078,SLICL,35,4,450,437.00,"196,650.00"
2020-08-09,2020080901029953,SLICL,35,48,50,437.00,"21,850.00"
2020-08-09,2020080901029867,SLICL,17,16,200,437.00,"87,400.00"
2020-08-09,2020080901029866,SLICL,17,25,100,437.00,"43,700.00"
2020-08-09,2020080901029865,SLICL,17,47,300,437.00,"131,100.00"
2020-08-09,2020080901029864,SLICL,17,19,15,437.00,"6,555.00"
2020-08-09,2020080901029863,SLICL,17,49,480,437.00,"209,760.00"
2020-08-09,2020080901029862,SLICL,17,50,100,436.00,"43,600.00"
2020-08-09,2020080901029708,SLICL,45,45,50,431.00,"21,550.00"
2020-08-09,2020080901030023,SPDL,22,17,15,98.00,"1,470.00"
2020-08-09,2020080901029722,SPDL,22,7,"1,029",99.00,"101,871.00"
2020-08-09,2020080901030122,SRBL,34,4,10,233.00,"2,330.00"
2020-08-09,2020080901029847,SRBL,52,35,30,232.00,"6,960.00"
2020-08-09,2020080901030176,SWBBL,5,14,35,"1,189.00","41,615.00"
2020-08-09,2020080901030119,TMDBL,6,28,900,163.00,"146,700.00"
2020-08-09,2020080901029887,TRH,58,46,50,210.00,"10,500.00"
2020-08-09,2020080901030188,UIC,17,50,125,365.00,"45,625.00"
2020-08-09,2020080901030187,UIC,17,14,75,362.00,"27,150.00"
2020-08-09,2020080901030129,UIC,29,14,100,362.00,"36,200.00"
2020-08-09,2020080901030128,UIC,41,14,50,362.00,"18,100.00"
2020-08-09,2020080901030127,UIC,7,14,200,363.00,"72,600.00"
2020-08-09,2020080901030126,UIC,6,14,50,363.00,"18,150.00"
2020-08-09,2020080901030125,UIC,34,14,200,364.00,"72,800.00"
2020-08-09,2020080901030124,UIC,6,14,30,364.00,"10,920.00"
2020-08-09,2020080901030104,UMHL,17,17,14,102.00,"1,428.00"
2020-08-09,2020080901030156,UPCL,39,25,150,70.00,"10,500.00"
2020-08-09,2020080901030112,UPPER,1,38,40,224.00,"8,960.00"
2020-08-09,2020080901029933,UPPER,1,58,40,224.00,"8,960.00"
2020-08-09,2020080901029895,UPPER,55,34,50,223.00,"11,150.00"
2020-08-09,2020080901029836,VLBS,21,18,136,880.00,"119,680.00"
2020-08-09,2020080901029835,VLBS,22,18,42,881.00,"37,002.00"
2020-08-09,2020080901030077,WOMI,29,22,21,894.00,"18,774.00"
2020-08-09,2020080901029707,WOMI,33,22,25,894.00,"22,350.00"
2020-08-09,2020080901029312,ACLBSL,26,34,130,690.00,"89,700.00"
2020-08-09,2020080901029311,ACLBSL,49,34,70,690.00,"48,300.00"
2020-08-09,2020080901029223,ACLBSL,49,29,10,690.00,"6,900.00"
2020-08-09,2020080901029580,ADBL,58,57,30,412.00,"12,360.00"
2020-08-09,2020080901029539,ADBL,51,6,116,411.00,"47,676.00"
2020-08-09,2020080901029512,ADBL,16,57,330,412.00,"135,960.00"
2020-08-09,2020080901029511,ADBL,16,48,100,412.00,"41,200.00"
2020-08-09,2020080901029510,ADBL,16,36,214,412.00,"88,168.00"
2020-08-09,2020080901029509,ADBL,16,47,300,412.00,"123,600.00"
2020-08-09,2020080901029508,ADBL,16,28,56,412.00,"23,072.00"
2020-08-09,2020080901029484,ADBL,58,14,500,411.00,"205,500.00"
2020-08-09,2020080901029398,ADBL,53,14,500,411.00,"205,500.00"
2020-08-09,2020080901029600,AIL,38,17,10,467.00,"4,670.00"
2020-08-09,2020080901029530,AIL,38,26,10,467.00,"4,670.00"
2020-08-09,2020080901029482,AIL,38,26,10,467.00,"4,670.00"
2020-08-09,2020080901029435,AIL,38,17,10,467.00,"4,670.00"
2020-08-09,2020080901029416,AIL,38,39,10,467.00,"4,670.00"
2020-08-09,2020080901029383,AIL,38,20,10,467.00,"4,670.00"
2020-08-09,2020080901029354,AIL,38,17,10,467.00,"4,670.00"
2020-08-09,2020080901029286,AIL,38,28,10,467.00,"4,670.00"
2020-08-09,2020080901029205,AIL,38,29,10,467.00,"4,670.00"
2020-08-09,2020080901029587,AKPL,53,40,"1,000",112.00,"112,000.00"
2020-08-09,2020080901029586,AKPL,1,40,500,112.00,"56,000.00"
2020-08-09,2020080901029585,AKPL,38,40,"1,000",112.00,"112,000.00"
2020-08-09,2020080901029584,AKPL,42,40,150,112.00,"16,800.00"
2020-08-09,2020080901029583,AKPL,10,40,500,112.00,"56,000.00"
2020-08-09,2020080901029582,AKPL,58,40,"9,645",112.00,"1,080,240.00"
2020-08-09,2020080901029350,AKPL,45,40,200,113.00,"22,600.00"
2020-08-09,2020080901029235,AKPL,58,22,193,112.00,"21,616.00"
2020-08-09,2020080901029688,ALBSL,51,16,100,693.00,"69,300.00"
2020-08-09,2020080901029522,ALICL,34,57,"1,000",620.00,"620,000.00"
2020-08-09,2020080901029241,ALICL,57,4,500,619.00,"309,500.00"
2020-08-09,2020080901029521,API,25,49,50,107.00,"5,350.00"
2020-08-09,2020080901029677,BOKL,34,36,46,224.00,"10,304.00"
2020-08-09,2020080901029542,BOKL,40,40,100,225.00,"22,500.00"
2020-08-09,2020080901029449,BOKL,1,40,166,225.00,"37,350.00"
2020-08-09,2020080901029448,BOKL,1,37,34,225.00,"7,650.00"
2020-08-09,2020080901029447,BOKL,1,45,300,224.00,"67,200.00"
2020-08-09,2020080901029201,BOKL,34,13,53,224.00,"11,872.00"
2020-08-09,2020080901029442,BPCL,1,54,12,350.00,"4,200.00"
2020-08-09,2020080901029349,BPCL,54,19,50,351.00,"17,550.00"
2020-08-09,2020080901029319,BPCL,22,19,10,351.00,"3,510.00"
2020-08-09,2020080901029593,CBBL,26,34,10,"1,055.00","10,550.00"
2020-08-09,2020080901029592,CBBL,26,8,15,"1,055.00","15,825.00"
2020-08-09,2020080901029308,CBBL,34,46,10,"1,055.00","10,550.00"
2020-08-09,2020080901029472,CBL,43,29,10,145.00,"1,450.00"
2020-08-09,2020080901029579,CCBL,29,47,620,177.00,"109,740.00"
2020-08-09,2020080901029492,CCBL,34,47,380,177.00,"67,260.00"
2020-08-09,2020080901029446,CCBL,34,48,120,177.00,"21,240.00"
2020-08-09,2020080901029445,CCBL,29,48,180,177.00,"31,860.00"
2020-08-09,2020080901029292,CCBL,29,48,320,177.00,"56,640.00"
2020-08-09,2020080901029291,CCBL,4,48,180,177.00,"31,860.00"
2020-08-09,2020080901029240,CCBL,4,53,19,177.00,"3,363.00"
2020-08-09,2020080901029284,CFCL,54,28,200,118.00,"23,600.00"
2020-08-09,2020080901029283,CFCL,6,28,500,118.00,"59,000.00"
2020-08-09,2020080901029282,CFCL,43,28,51,118.00,"6,018.00"
2020-08-09,2020080901029281,CFCL,29,28,25,118.00,"2,950.00"
2020-08-09,2020080901029280,CFCL,1,28,144,118.00,"16,992.00"
2020-08-09,2020080901029279,CFCL,42,28,50,118.00,"5,900.00"
2020-08-09,2020080901029278,CFCL,37,28,"1,000",118.00,"118,000.00"
2020-08-09,2020080901029277,CFCL,6,28,119,118.00,"14,042.00"
2020-08-09,2020080901029658,CHCL,38,52,200,387.00,"77,400.00"
2020-08-09,2020080901029657,CHCL,38,34,20,387.00,"7,740.00"
2020-08-09,2020080901029441,CHCL,32,35,351,385.00,"135,135.00"
2020-08-09,2020080901029440,CHCL,22,35,50,385.00,"19,250.00"
2020-08-09,2020080901029439,CHCL,51,35,31,385.00,"11,935.00"
2020-08-09,2020080901029233,CHCL,51,8,19,385.00,"7,315.00"
2020-08-09,2020080901029573,CIT,10,33,10,"2,579.00","25,790.00"
2020-08-09,2020080901029343,CIT,45,26,10,"2,579.00","25,790.00"
2020-08-09,2020080901029276,CIT,33,35,10,"2,580.00","25,800.00"
2020-08-09,2020080901029263,CIT,48,16,5,"2,580.00","12,900.00"
2020-08-09,2020080901029262,CIT,22,16,20,"2,580.00","51,600.00"
2020-08-09,2020080901029209,CIT,34,16,30,"2,580.00","77,400.00"
2020-08-09,2020080901029411,CLBSL,46,41,10,673.00,"6,730.00"
2020-08-09,2020080901029410,CLBSL,46,57,11,671.00,"7,381.00"
2020-08-09,2020080901029409,CLBSL,46,42,11,670.00,"7,370.00"
2020-08-09,2020080901029394,CMF1,25,17,"2,500",10.08,"25,200.00"
2020-08-09,2020080901029561,CZBIL,25,25,677,197.00,"133,369.00"
2020-08-09,2020080901029560,CZBIL,26,25,300,197.00,"59,100.00"
2020-08-09,2020080901029559,CZBIL,33,25,100,197.00,"19,700.00"
2020-08-09,2020080901029558,CZBIL,28,25,456,197.00,"89,832.00"
2020-08-09,2020080901029302,DDBL,6,26,12,833.00,"9,996.00"
2020-08-09,2020080901029215,DDBL,7,49,24,835.00,"20,040.00"
2020-08-09,2020080901029250,DHPL,46,51,100,53.00,"5,300.00"
2020-08-09,2020080901029611,EBL,43,4,524,718.00,"376,232.00"
2020-08-09,2020080901029610,EBL,43,57,70,717.00,"50,190.00"
2020-08-09,2020080901029609,EBL,43,17,241,717.00,"172,797.00"
2020-08-09,2020080901029608,EBL,43,11,100,716.00,"71,600.00"
2020-08-09,2020080901029607,EBL,43,26,90,716.00,"64,440.00"
2020-08-09,2020080901029606,EBL,43,36,100,716.00,"71,600.00"
2020-08-09,2020080901029385,EBL,56,46,10,713.00,"7,130.00"
2020-08-09,2020080901029384,EBL,56,49,180,713.00,"128,340.00"
2020-08-09,2020080901029489,EBL,58,47,13,714.00,"9,282.00"
2020-08-09,2020080901029466,EBL,40,47,100,714.00,"71,400.00"
2020-08-09,2020080901029419,EBL,57,47,74,714.00,"52,836.00"
2020-08-09,2020080901029418,EBL,57,51,411,714.00,"293,454.00"
2020-08-09,2020080901029417,EBL,57,50,15,714.00,"10,710.00"
2020-08-09,2020080901029415,EBL,33,6,50,712.00,"35,600.00"
2020-08-09,2020080901029605,EBL,43,59,114,715.00,"81,510.00"
2020-08-09,2020080901029604,EBL,43,42,761,715.00,"544,115.00"
2020-08-09,2020080901029538,EBL,14,42,200,715.00,"143,000.00"
2020-08-09,2020080901029526,EBL,50,42,37,715.00,"26,455.00"
2020-08-09,2020080901029525,EBL,50,35,13,714.00,"9,282.00"
2020-08-09,2020080901029490,EBL,58,42,17,715.00,"12,155.00"
2020-08-09,2020080901029218,EDBL,38,33,98,312.00,"30,576.00"
2020-08-09,2020080901029678,EIC,50,40,380,405.00,"153,900.00"
2020-08-09,2020080901029544,EIC,50,35,200,405.00,"81,000.00"
2020-08-09,2020080901029543,EIC,50,33,110,404.00,"44,440.00"
2020-08-09,2020080901029309,EIC,50,8,700,405.00,"283,500.00"
2020-08-09,2020080901029642,FMDBL,1,29,100,519.00,"51,900.00"
2020-08-09,2020080901029641,FMDBL,1,50,52,519.00,"26,988.00"
2020-08-09,2020080901029339,FMDBL,10,50,48,519.00,"24,912.00"
2020-08-09,2020080901029602,FOWAD,32,7,15,"1,515.00","22,725.00"
2020-08-09,2020080901029355,FOWAD,51,33,38,"1,512.00","57,456.00"
2020-08-09,2020080901029386,GBIME,38,1,200,250.00,"50,000.00"
2020-08-09,2020080901029324,GBIME,46,28,41,249.00,"10,209.00"
2020-08-09,2020080901029323,GBIME,56,28,859,249.00,"213,891.00"
2020-08-09,2020080901029248,GBIME,58,1,15,250.00,"3,750.00"
2020-08-09,2020080901029217,GBIME,13,1,30,250.00,"7,500.00"
2020-08-09,2020080901029663,GBLBS,38,57,251,469.00,"117,719.00"
2020-08-09,2020080901029408,GHL,52,58,30,58.00,"1,740.00"
2020-08-09,2020080901029557,GLICL,38,57,50,445.00,"22,250.00"
2020-08-09,2020080901029556,GLICL,38,37,50,445.00,"22,250.00"
2020-08-09,2020080901029555,GLICL,38,43,100,444.00,"44,400.00"
2020-08-09,2020080901029581,HBL,34,26,100,540.00,"54,000.00"
2020-08-09,2020080901029247,HBL,5,26,100,540.00,"54,000.00"
2020-08-09,2020080901029454,HDL,49,26,10,"1,670.00","16,700.00"
2020-08-09,2020080901029255,HDL,49,41,50,"1,670.00","83,500.00"
2020-08-09,2020080901029254,HDL,49,52,10,"1,670.00","16,700.00"
2020-08-09,2020080901029253,HDL,49,14,100,"1,667.00","166,700.00"
2020-08-09,2020080901029252,HDL,49,55,100,"1,667.00","166,700.00"
2020-08-09,2020080901029251,HDL,49,34,30,"1,667.00","50,010.00"
2020-08-09,2020080901029681,HGI,17,29,29,400.00,"11,600.00"
2020-08-09,2020080901029649,HGI,13,19,100,402.00,"40,200.00"
2020-08-09,2020080901029648,HGI,13,39,40,402.00,"16,080.00"
2020-08-09,2020080901029318,HIDCL,17,22,88,127.00,"11,176.00"
2020-08-09,2020080901029689,HPPL,38,34,10,135.00,"1,350.00"
2020-08-09,2020080901029666,HURJA,45,45,70,93.00,"6,510.00"
2020-08-09,2020080901029665,HURJA,13,45,20,94.00,"1,880.00"
2020-08-09,2020080901029504,ILBS,56,35,21,714.00,"14,994.00"
2020-08-09,2020080901029503,ILBS,56,19,11,712.00,"7,832.00"
2020-08-09,2020080901029483,ILBS,40,17,10,712.00,"7,120.00"
2020-08-09,2020080901029389,ILBS,56,35,11,710.00,"7,810.00"
2020-08-09,2020080901029388,ILBS,56,58,11,710.00,"7,810.00"
2020-08-09,2020080901029387,ILBS,56,17,84,706.00,"59,304.00"
2020-08-09,2020080901029315,ILBS,49,17,20,706.00,"14,120.00"
2020-08-09,2020080901029206,ILBS,56,17,83,706.00,"58,598.00"
2020-08-09,2020080901029348,JBBL,49,34,"1,993",170.00,"338,810.00"
2020-08-09,2020080901029347,JBBL,34,34,500,170.00,"85,000.00"
2020-08-09,2020080901029346,JBBL,46,34,807,170.00,"137,190.00"
2020-08-09,2020080901029345,JBBL,10,34,300,171.00,"51,300.00"
2020-08-09,2020080901029335,JOSHI,52,58,20,59.00,"1,180.00"
2020-08-09,2020080901029546,JSLBB,21,52,75,"1,385.00","103,875.00"
2020-08-09,2020080901029545,JSLBB,21,38,50,"1,385.00","69,250.00"
2020-08-09,2020080901029434,KBL,29,50,200,191.00,"38,200.00"
2020-08-09,2020080901029399,KBL,19,50,100,191.00,"19,100.00"
2020-08-09,2020080901029467,KKHC,46,22,16,51.00,816.00
2020-08-09,2020080901029451,KKHC,45,56,10,51.00,510.00
2020-08-09,2020080901029634,KSBBL,34,50,400,150.00,"60,000.00"
2020-08-09,2020080901029633,KSBBL,34,29,41,150.00,"6,150.00"
2020-08-09,2020080901029599,LBBL,58,16,87,188.00,"16,356.00"
2020-08-09,2020080901029598,LBBL,58,50,13,188.00,"2,444.00"
2020-08-09,2020080901029375,LBBL,59,50,100,188.00,"18,800.00"
2020-08-09,2020080901029700,LGIL,7,22,55,443.00,"24,365.00"
2020-08-09,2020080901029699,LGIL,7,34,15,442.00,"6,630.00"
2020-08-09,2020080901029698,LGIL,7,48,100,441.00,"44,100.00"
2020-08-09,2020080901029697,LGIL,7,4,100,440.00,"44,000.00"
2020-08-09,2020080901029696,LGIL,7,7,130,437.00,"56,810.00"
2020-08-09,2020080901029572,LGIL,19,7,50,437.00,"21,850.00"
2020-08-09,2020080901029571,LGIL,59,7,100,437.00,"43,700.00"
2020-08-09,2020080901029307,LGIL,34,7,120,440.00,"52,800.00"
2020-08-09,2020080901029683,LICN,19,14,50,"1,407.00","70,350.00"
2020-08-09,2020080901029392,MBL,34,49,10,229.00,"2,290.00"
2020-08-09,2020080901029682,MEGA,52,49,50,221.00,"11,050.00"
2020-08-09,2020080901029675,MEGA,43,55,10,222.00,"2,220.00"
2020-08-09,2020080901029625,MEGA,52,40,121,221.00,"26,741.00"
2020-08-09,2020080901029624,MEGA,59,40,43,221.00,"9,503.00"
2020-08-09,2020080901029623,MEGA,26,40,136,221.00,"30,056.00"
2020-08-09,2020080901029246,MEGA,26,51,100,221.00,"22,100.00"
2020-08-09,2020080901029274,MFIL,41,34,10,272.00,"2,720.00"
2020-08-09,2020080901029619,MLBBL,45,46,11,712.00,"7,832.00"
2020-08-09,2020080901029578,MLBBL,45,58,150,710.00,"106,500.00"
2020-08-09,2020080901029577,MLBBL,45,32,300,708.00,"212,400.00"
2020-08-09,2020080901029463,MMFDB,42,11,54,915.00,"49,410.00"
2020-08-09,2020080901029631,MNBBL,58,57,70,320.00,"22,400.00"
2020-08-09,2020080901029444,MNBBL,38,57,24,320.00,"7,680.00"
2020-08-09,2020080901029443,MNBBL,38,25,176,320.00,"56,320.00"
2020-08-09,2020080901029690,NABIL,58,4,20,813.00,"16,260.00"
2020-08-09,2020080901029656,NABIL,52,4,254,812.00,"206,248.00"
2020-08-09,2020080901029450,NABIL,33,4,100,812.00,"81,200.00"
2020-08-09,2020080901029227,NADEP,38,41,23,609.00,"14,007.00"
2020-08-09,2020080901029226,NADEP,38,10,50,608.00,"30,400.00"
2020-08-09,2020080901029229,NADEP,38,49,152,610.00,"92,720.00"
2020-08-09,2020080901029228,NADEP,38,28,75,609.00,"45,675.00"
2020-08-09,2020080901029491,NBB,38,17,200,200.00,"40,000.00"
2020-08-09,2020080901029645,NBL,22,49,50,260.00,"13,000.00"
2020-08-09,2020080901029644,NBL,33,49,150,260.00,"39,000.00"
2020-08-09,2020080901029622,NBL,53,32,35,262.00,"9,170.00"
2020-08-09,2020080901029621,NBL,53,32,"2,915",262.00,"763,730.00"
2020-08-09,2020080901029620,NBL,53,36,50,261.00,"13,050.00"
2020-08-09,2020080901029601,NBL,33,49,100,260.00,"26,000.00"
2020-08-09,2020080901029289,NBL,33,41,50,260.00,"13,000.00"
2020-08-09,2020080901029230,NBL,33,45,20,262.00,"5,240.00"
2020-08-09,2020080901029203,NBL,50,41,39,260.00,"10,140.00"
2020-08-09,2020080901029524,NBL,57,32,990,261.00,"258,390.00"
2020-08-09,2020080901029438,NBL,35,32,85,262.00,"22,270.00"
2020-08-09,2020080901029437,NBL,35,49,50,262.00,"13,100.00"
2020-08-09,2020080901029436,NBL,35,45,65,262.00,"17,030.00"
2020-08-09,2020080901029359,NBL,14,45,100,262.00,"26,200.00"
2020-08-09,2020080901029300,NBL,14,45,100,262.00,"26,200.00"
2020-08-09,2020080901029202,NCCB,58,49,50,192.00,"9,600.00"
2020-08-09,2020080901029632,NFS,55,47,100,195.00,"19,500.00"
2020-08-09,2020080901029507,NFS,57,47,10,195.00,"1,950.00"
2020-08-09,2020080901029210,NFS,54,47,200,195.00,"39,000.00"
2020-08-09,2020080901029397,NGPL,22,22,25,115.00,"2,875.00"
2020-08-09,2020080901029628,NHDL,22,38,10,128.00,"1,280.00"
2020-08-09,2020080901029245,NHDL,22,33,10,130.00,"1,300.00"
2020-08-09,2020080901029244,NHDL,22,11,10,130.00,"1,300.00"
2020-08-09,2020080901029243,NHDL,22,41,10,130.00,"1,300.00"
2020-08-09,2020080901029242,NHDL,22,49,10,130.00,"1,300.00"
2020-08-09,2020080901029403,NHPC,55,1,"1,000",52.00,"52,000.00"
2020-08-09,2020080901029316,NHPC,46,54,100,53.00,"5,300.00"
2020-08-09,2020080901029480,NIB,34,16,270,443.00,"119,610.00"
2020-08-09,2020080901029479,NIB,34,45,80,443.00,"35,440.00"
2020-08-09,2020080901029477,NIB,38,45,200,443.00,"88,600.00"
2020-08-09,2020080901029360,NIB,58,45,20,443.00,"8,860.00"
2020-08-09,2020080901029322,NIB,32,52,29,442.00,"12,818.00"
2020-08-09,2020080901029321,NIB,32,52,49,442.00,"21,658.00"
2020-08-09,2020080901029320,NIB,32,45,200,442.00,"88,400.00"
2020-08-09,2020080901029290,NIB,32,52,590,441.00,"260,190.00"
2020-08-09,2020080901029264,NIB,32,17,31,440.00,"13,640.00"
2020-08-09,2020080901029659,NICA,38,58,100,554.00,"55,400.00"
2020-08-09,2020080901029638,NICA,14,49,10,553.00,"5,530.00"
2020-08-09,2020080901029395,NICA,16,58,100,554.00,"55,400.00"
2020-08-09,2020080901029344,NICA,41,58,100,554.00,"55,400.00"
2020-08-09,2020080901029329,NICA,59,58,400,554.00,"221,600.00"
2020-08-09,2020080901029328,NICA,59,51,100,554.00,"55,400.00"
2020-08-09,2020080901029305,NICA,45,14,200,554.00,"110,800.00"
2020-08-09,2020080901029212,NICA,48,14,100,554.00,"55,400.00"
2020-08-09,2020080901029588,NICL,43,35,10,437.00,"4,370.00"
2020-08-09,2020080901029505,NICL,6,16,181,433.00,"78,373.00"
2020-08-09,2020080901029687,NICLBSL,28,28,10,753.00,"7,530.00"
2020-08-09,2020080901029685,NICLBSL,28,21,10,753.00,"7,530.00"
2020-08-09,2020080901029684,NICLBSL,43,21,10,753.00,"7,530.00"
2020-08-09,2020080901029680,NICLBSL,43,45,10,753.00,"7,530.00"
2020-08-09,2020080901029676,NICLBSL,43,38,10,753.00,"7,530.00"
2020-08-09,2020080901029640,NICLBSL,43,28,10,753.00,"7,530.00"
2020-08-09,2020080901029211,NICLBSL,26,14,10,756.00,"7,560.00"
2020-08-09,2020080901029301,NICLBSL,58,28,10,755.00,"7,550.00"
2020-08-09,2020080901029293,NICLBSL,58,17,10,755.00,"7,550.00"
2020-08-09,2020080901029285,NICLBSL,58,14,10,755.00,"7,550.00"
2020-08-09,2020080901029260,NICLBSL,58,29,10,755.00,"7,550.00"
2020-08-09,2020080901029256,NICLBSL,58,28,10,755.00,"7,550.00"
2020-08-09,2020080901029225,NICLBSL,26,29,40,756.00,"30,240.00"
2020-08-09,2020080901029364,NICLBSL,58,21,20,755.00,"15,100.00"
2020-08-09,2020080901029361,NICLBSL,58,41,10,755.00,"7,550.00"
2020-08-09,2020080901029340,NICLBSL,58,28,10,755.00,"7,550.00"
2020-08-09,2020080901029336,NICLBSL,38,29,10,756.00,"7,560.00"
2020-08-09,2020080901029317,NICLBSL,58,26,20,755.00,"15,100.00"
2020-08-09,2020080901029306,NICLBSL,58,29,10,755.00,"7,550.00"
2020-08-09,2020080901029424,NICLBSL,38,28,10,755.00,"7,550.00"
2020-08-09,2020080901029404,NICLBSL,38,21,20,755.00,"15,100.00"
2020-08-09,2020080901029391,NICLBSL,58,28,10,755.00,"7,550.00"
2020-08-09,2020080901029376,NICLBSL,58,38,10,755.00,"7,550.00"
2020-08-09,2020080901029368,NICLBSL,58,51,20,755.00,"15,100.00"
2020-08-09,2020080901029366,NICLBSL,58,28,10,755.00,"7,550.00"
2020-08-09,2020080901029475,NICLBSL,8,21,10,755.00,"7,550.00"
2020-08-09,2020080901029474,NICLBSL,38,21,10,755.00,"7,550.00"
2020-08-09,2020080901029473,NICLBSL,38,32,10,755.00,"7,550.00"
2020-08-09,2020080901029471,NICLBSL,38,45,10,755.00,"7,550.00"
2020-08-09,2020080901029462,NICLBSL,38,28,10,755.00,"7,550.00"
2020-08-09,2020080901029433,NICLBSL,38,21,20,755.00,"15,100.00"
2020-08-09,2020080901029563,NICLBSL,26,21,10,754.00,"7,540.00"
2020-08-09,2020080901029562,NICLBSL,26,21,10,754.00,"7,540.00"
2020-08-09,2020080901029537,NICLBSL,26,38,10,754.00,"7,540.00"
2020-08-09,2020080901029528,NICLBSL,26,28,10,754.00,"7,540.00"
2020-08-09,2020080901029523,NICLBSL,26,45,10,754.00,"7,540.00"
2020-08-09,2020080901029502,NICLBSL,26,21,20,754.00,"15,080.00"
2020-08-09,2020080901029635,NICLBSL,26,45,10,754.00,"7,540.00"
2020-08-09,2020080901029629,NICLBSL,26,45,10,754.00,"7,540.00"
2020-08-09,2020080901029627,NICLBSL,26,32,20,754.00,"15,080.00"
2020-08-09,2020080901029626,NICLBSL,26,21,20,754.00,"15,080.00"
2020-08-09,2020080901029589,NICLBSL,26,28,20,754.00,"15,080.00"
2020-08-09,2020080901029570,NICLBSL,26,45,10,754.00,"7,540.00"
2020-08-09,2020080901029669,NIL,41,55,31,620.00,"19,220.00"
2020-08-09,2020080901029668,NIL,41,55,100,620.00,"62,000.00"
2020-08-09,2020080901029667,NIL,41,56,69,620.00,"42,780.00"
2020-08-09,2020080901029400,NIL,47,56,16,620.00,"9,920.00"
2020-08-09,2020080901029362,NIL,3,56,53,620.00,"32,860.00"
2020-08-09,2020080901029310,NIL,47,56,16,620.00,"9,920.00"
2020-08-09,2020080901029204,NIL,47,56,20,620.00,"12,400.00"
2020-08-09,2020080901029686,NLIC,34,38,200,"1,337.00","267,400.00"
2020-08-09,2020080901029630,NLIC,34,34,100,"1,337.00","133,700.00"
2020-08-09,2020080901029567,NLIC,53,42,49,"1,339.00","65,611.00"
2020-08-09,2020080901029566,NLIC,53,58,51,"1,339.00","68,289.00"
2020-08-09,2020080901029536,NLIC,34,13,200,"1,337.00","267,400.00"
2020-08-09,2020080901029513,NLIC,53,50,15,"1,338.00","20,070.00"
2020-08-09,2020080901029367,NLIC,34,34,950,"1,337.00","1,270,150.00"
2020-08-09,2020080901029363,NLIC,17,34,50,"1,337.00","66,850.00"
2020-08-09,2020080901029331,NLIC,5,17,22,"1,336.00","29,392.00"
2020-08-09,2020080901029219,NLIC,33,49,15,"1,337.00","20,055.00"
2020-08-09,2020080901029458,NLIC,21,50,85,"1,338.00","113,730.00"
2020-08-09,2020080901029457,NLIC,21,17,15,"1,338.00","20,070.00"
2020-08-09,2020080901029453,NLIC,14,17,35,"1,338.00","46,830.00"
2020-08-09,2020080901029452,NLIC,14,28,15,"1,338.00","20,070.00"
2020-08-09,2020080901029402,NLIC,25,28,50,"1,338.00","66,900.00"
2020-08-09,2020080901029369,NLIC,34,34,50,"1,337.00","66,850.00"
2020-08-09,2020080901029371,NLICL,54,40,100,673.00,"67,300.00"
2020-08-09,2020080901029370,NLICL,54,6,50,673.00,"33,650.00"
2020-08-09,2020080901029275,NLICL,37,53,18,665.00,"11,970.00"
2020-08-09,2020080901029693,NMB,25,14,90,411.00,"36,990.00"
2020-08-09,2020080901029603,NMB,58,14,20,411.00,"8,220.00"
2020-08-09,2020080901029590,NMB,14,49,50,410.00,"20,500.00"
2020-08-09,2020080901029554,NMB,14,14,267,410.00,"109,470.00"
2020-08-09,2020080901029553,NMB,13,14,25,410.00,"10,250.00"
2020-08-09,2020080901029552,NMB,26,14,20,410.00,"8,200.00"
2020-08-09,2020080901029237,NMB,55,14,300,411.00,"123,300.00"
2020-08-09,2020080901029494,NMB,13,35,80,411.00,"32,880.00"
2020-08-09,2020080901029485,NMB,38,35,50,411.00,"20,550.00"
2020-08-09,2020080901029327,NMB,17,35,220,411.00,"90,420.00"
2020-08-09,2020080901029326,NMB,17,14,280,411.00,"115,080.00"
2020-08-09,2020080901029288,NMB,21,14,10,411.00,"4,110.00"
2020-08-09,2020080901029265,NMB,45,14,200,411.00,"82,200.00"
2020-08-09,2020080901029551,NMB,33,14,50,410.00,"20,500.00"
2020-08-09,2020080901029534,NMB,8,14,500,411.00,"205,500.00"
2020-08-09,2020080901029520,NMB,47,52,100,410.00,"41,000.00"
2020-08-09,2020080901029519,NMB,41,52,47,410.00,"19,270.00"
2020-08-09,2020080901029518,NMB,50,52,145,410.00,"59,450.00"
2020-08-09,2020080901029495,NMB,13,14,70,411.00,"28,770.00"
2020-08-09,2020080901029643,NMBHF1,34,28,"10,000",9.91,"99,100.00"
2020-08-09,2020080901029427,NMFBS,33,14,20,"1,597.00","31,940.00"
2020-08-09,2020080901029426,NMFBS,33,58,26,"1,593.00","41,418.00"
2020-08-09,2020080901029425,NMFBS,33,42,26,"1,575.00","40,950.00"
2020-08-09,2020080901029674,NRIC,49,17,345,571.00,"196,995.00"
2020-08-09,2020080901029673,NRIC,32,17,25,572.00,"14,300.00"
2020-08-09,2020080901029672,NRIC,51,17,230,572.00,"131,560.00"
2020-08-09,2020080901029671,NRIC,51,57,50,572.00,"28,600.00"
2020-08-09,2020080901029647,NRIC,52,36,410,573.00,"234,930.00"
2020-08-09,2020080901029646,NRIC,52,22,90,573.00,"51,570.00"
2020-08-09,2020080901029258,NRIC,38,36,250,573.00,"143,250.00"
2020-08-09,2020080901029249,NRIC,34,45,40,572.00,"22,880.00"
2020-08-09,2020080901029239,NRIC,34,55,120,572.00,"68,640.00"
2020-08-09,2020080901029234,NRIC,45,17,50,572.00,"28,600.00"
2020-08-09,2020080901029214,NRIC,7,45,24,572.00,"13,728.00"
2020-08-09,2020080901029213,NRIC,35,45,16,572.00,"9,152.00"
2020-08-09,2020080901029270,NRIC,38,49,160,572.00,"91,520.00"
2020-08-09,2020080901029269,NRIC,51,49,200,572.00,"114,400.00"
2020-08-09,2020080901029268,NRIC,56,49,15,572.00,"8,580.00"
2020-08-09,2020080901029267,NRIC,39,49,100,572.00,"57,200.00"
2020-08-09,2020080901029266,NRIC,34,49,40,572.00,"22,880.00"
2020-08-09,2020080901029259,NRIC,38,49,250,573.00,"143,250.00"
2020-08-09,2020080901029330,NRIC,49,45,40,571.00,"22,840.00"
2020-08-09,2020080901029325,NRIC,6,49,95,572.00,"54,340.00"
2020-08-09,2020080901029303,NRIC,49,54,40,571.00,"22,840.00"
2020-08-09,2020080901029273,NRIC,41,49,90,572.00,"51,480.00"
2020-08-09,2020080901029272,NRIC,59,49,10,572.00,"5,720.00"
2020-08-09,2020080901029271,NRIC,50,49,290,572.00,"165,880.00"
2020-08-09,2020080901029382,NRIC,55,49,260,573.00,"148,980.00"
2020-08-09,2020080901029381,NRIC,55,29,200,572.00,"114,400.00"
2020-08-09,2020080901029380,NRIC,55,45,40,572.00,"22,880.00"
2020-08-09,2020080901029377,NRIC,49,8,40,571.00,"22,840.00"
2020-08-09,2020080901029365,NRIC,49,45,40,571.00,"22,840.00"
2020-08-09,2020080901029342,NRIC,49,8,40,571.00,"22,840.00"
2020-08-09,2020080901029460,NRIC,25,49,490,573.00,"280,770.00"
2020-08-09,2020080901029428,NRIC,52,45,50,572.00,"28,600.00"
2020-08-09,2020080901029421,NRIC,52,55,80,572.00,"45,760.00"
2020-08-09,2020080901029420,NRIC,25,55,20,572.00,"11,440.00"
2020-08-09,2020080901029406,NRIC,25,26,40,572.00,"22,880.00"
2020-08-09,2020080901029396,NRIC,25,38,40,572.00,"22,880.00"
2020-08-09,2020080901029540,NRIC,52,38,30,572.00,"17,160.00"
2020-08-09,2020080901029532,NRIC,52,45,40,572.00,"22,880.00"
2020-08-09,2020080901029516,NRIC,52,38,40,572.00,"22,880.00"
2020-08-09,2020080901029496,NRIC,52,54,40,572.00,"22,880.00"
2020-08-09,2020080901029481,NRIC,25,22,100,573.00,"57,300.00"
2020-08-09,2020080901029461,NRIC,25,22,10,573.00,"5,730.00"
2020-08-09,2020080901029595,NRIC,51,7,20,572.00,"11,440.00"
2020-08-09,2020080901029594,NRIC,54,7,80,572.00,"45,760.00"
2020-08-09,2020080901029576,NRIC,54,25,20,572.00,"11,440.00"
2020-08-09,2020080901029575,NRIC,25,25,100,572.00,"57,200.00"
2020-08-09,2020080901029574,NRIC,52,25,180,572.00,"102,960.00"
2020-08-09,2020080901029549,NRIC,52,11,40,572.00,"22,880.00"
2020-08-09,2020080901029493,NUBL,38,40,300,964.00,"289,200.00"
2020-08-09,2020080901029257,OHL,6,14,100,340.00,"34,000.00"
2020-08-09,2020080901029541,PCBL,22,13,52,263.00,"13,676.00"
2020-08-09,2020080901029313,PCBL,41,13,200,262.00,"52,400.00"
2020-08-09,2020080901029238,PCBL,39,53,133,261.00,"34,713.00"
2020-08-09,2020080901029660,PFL,37,17,14,146.00,"2,044.00"
2020-08-09,2020080901029695,PIC,17,10,200,621.00,"124,200.00"
2020-08-09,2020080901029694,PIC,17,41,20,619.00,"12,380.00"
2020-08-09,2020080901029569,PIC,43,54,20,616.00,"12,320.00"
2020-08-09,2020080901029568,PIC,43,4,150,616.00,"92,400.00"
2020-08-09,2020080901029338,PIC,43,4,200,616.00,"123,200.00"
2020-08-09,2020080901029337,PIC,38,4,150,616.00,"92,400.00"
2020-08-09,2020080901029299,PLIC,38,7,54,534.00,"28,836.00"
2020-08-09,2020080901029550,PMHPL,10,45,10,75.00,750.00
2020-08-09,2020080901029393,PMHPL,10,17,10,75.00,750.00
2020-08-09,2020080901029639,PPCL,22,28,10,115.00,"1,150.00"
2020-08-09,2020080901029459,PPCL,22,26,10,115.00,"1,150.00"
2020-08-09,2020080901029414,PPCL,22,17,10,115.00,"1,150.00"
2020-08-09,2020080901029679,PRVU,38,34,100,233.00,"23,300.00"
2020-08-09,2020080901029591,PRVU,49,34,279,233.00,"65,007.00"
2020-08-09,2020080901029487,PRVU,34,34,10,233.00,"2,330.00"
2020-08-09,2020080901029334,PRVU,52,41,510,232.00,"118,320.00"
2020-08-09,2020080901029333,PRVU,52,45,100,232.00,"23,200.00"
2020-08-09,2020080901029332,PRVU,52,35,302,232.00,"70,064.00"
2020-08-09,2020080901029287,PRVU,33,35,200,232.00,"46,400.00"
2020-08-09,2020080901029207,PRVU,14,35,150,232.00,"34,800.00"
2020-08-09,2020080901029478,RADHI,22,41,11,170.00,"1,870.00"
2020-08-09,2020080901029488,RHPC,14,17,14,84.00,"1,176.00"
2020-08-09,2020080901029535,RHPL,25,45,20,146.00,"2,920.00"
2020-08-09,2020080901029533,RHPL,25,17,10,146.00,"1,460.00"
2020-08-09,2020080901029531,RHPL,25,54,20,146.00,"2,920.00"
2020-08-09,2020080901029517,RHPL,25,26,30,146.00,"4,380.00"
2020-08-09,2020080901029486,RHPL,25,6,20,146.00,"2,920.00"
2020-08-09,2020080901029379,RHPL,25,54,20,146.00,"2,920.00"
2020-08-09,2020080901029378,RHPL,58,52,"1,000",146.00,"146,000.00"
2020-08-09,2020080901029353,RHPL,58,28,50,146.00,"7,300.00"
2020-08-09,2020080901029637,RLFL,38,17,25,121.00,"3,025.00"
2020-08-09,2020080901029636,RLFL,58,17,20,122.00,"2,440.00"
2020-08-09,2020080901029527,RLFL,34,48,20,124.00,"2,480.00"
2020-08-09,2020080901029224,SANIMA,1,37,200,340.00,"68,000.00"
2020-08-09,2020080901029529,SBL,38,39,100,295.00,"29,500.00"
2020-08-09,2020080901029612,SCB,38,43,50,643.00,"32,150.00"
2020-08-09,2020080901029470,SCB,58,43,10,643.00,"6,430.00"
2020-08-09,2020080901029469,SCB,58,38,190,638.00,"121,220.00"
2020-08-09,2020080901029423,SCB,21,38,300,638.00,"191,400.00"
2020-08-09,2020080901029422,SCB,7,38,10,639.00,"6,390.00"
2020-08-09,2020080901029405,SCB,33,38,100,640.00,"64,000.00"
2020-08-09,2020080901029390,SCB,33,43,300,640.00,"192,000.00"
2020-08-09,2020080901029374,SCB,33,43,600,640.00,"384,000.00"
2020-08-09,2020080901029373,SCB,17,43,50,640.00,"32,000.00"
2020-08-09,2020080901029372,SCB,21,43,50,640.00,"32,000.00"
2020-08-09,2020080901029352,SDESI,18,38,72,812.00,"58,464.00"
2020-08-09,2020080901029351,SDESI,18,42,28,811.00,"22,708.00"
2020-08-09,2020080901029314,SHIVM,19,56,10,574.00,"5,740.00"
2020-08-09,2020080901029468,SHL,10,34,100,156.00,"15,600.00"
2020-08-09,2020080901029655,SHPC,47,25,100,217.00,"21,700.00"
2020-08-09,2020080901029654,SHPC,47,25,200,217.00,"43,400.00"
2020-08-09,2020080901029653,SHPC,47,25,100,217.00,"21,700.00"
2020-08-09,2020080901029652,SHPC,47,25,88,217.00,"19,096.00"
2020-08-09,2020080901029651,SHPC,47,25,140,217.00,"30,380.00"
2020-08-09,2020080901029650,SHPC,47,25,78,217.00,"16,926.00"
2020-08-09,2020080901029465,SHPC,47,49,30,218.00,"6,540.00"
2020-08-09,2020080901029464,SHPC,47,49,70,218.00,"15,260.00"
2020-08-09,2020080901029341,SHPC,47,22,47,219.00,"10,293.00"
2020-08-09,2020080901029222,SHPC,47,22,59,219.00,"12,921.00"
2020-08-09,2020080901029501,SHPC,47,45,178,217.00,"38,626.00"
2020-08-09,2020080901029500,SHPC,47,45,30,218.00,"6,540.00"
2020-08-09,2020080901029499,SHPC,47,45,50,218.00,"10,900.00"
2020-08-09,2020080901029498,SHPC,47,45,42,218.00,"9,156.00"
2020-08-09,2020080901029497,SHPC,21,45,50,218.00,"10,900.00"
2020-08-09,2020080901029476,SHPC,47,22,46,219.00,"10,074.00"
2020-08-09,2020080901029432,SIC,36,22,334,723.00,"241,482.00"
2020-08-09,2020080901029431,SIC,36,58,125,723.00,"90,375.00"
2020-08-09,2020080901029430,SIC,36,11,33,723.00,"23,859.00"
2020-08-09,2020080901029429,SIC,36,47,158,722.00,"114,076.00"
2020-08-09,2020080901029297,SIC,1,47,14,722.00,"10,108.00"
2020-08-09,2020080901029296,SIC,1,50,20,721.00,"14,420.00"
2020-08-09,2020080901029295,SIC,1,26,16,720.00,"11,520.00"
2020-08-09,2020080901029294,SIC,1,45,50,719.00,"35,950.00"
2020-08-09,2020080901029232,SIC,47,6,20,716.00,"14,320.00"
2020-08-09,2020080901029231,SIC,37,6,10,716.00,"7,160.00"
2020-08-09,2020080901029597,SICL,17,47,50,"1,199.00","59,950.00"
2020-08-09,2020080901029596,SICL,17,28,129,"1,199.00","154,671.00"
2020-08-09,2020080901029548,SICL,29,49,25,"1,198.00","29,950.00"
2020-08-09,2020080901029618,SIL,58,35,115,600.00,"69,000.00"
2020-08-09,2020080901029617,SIL,58,32,106,600.00,"63,600.00"
2020-08-09,2020080901029616,SIL,58,45,113,600.00,"67,800.00"
2020-08-09,2020080901029615,SIL,58,49,"1,000",599.00,"599,000.00"
2020-08-09,2020080901029614,SIL,58,40,300,599.00,"179,700.00"
2020-08-09,2020080901029613,SIL,58,22,500,598.00,"299,000.00"
2020-08-09,2020080901029358,SIL,1,53,50,597.00,"29,850.00"
2020-08-09,2020080901029564,SJCL,36,26,20,136.00,"2,720.00"
2020-08-09,2020080901029547,SJCL,36,54,20,136.00,"2,720.00"
2020-08-09,2020080901029407,SJCL,36,54,20,136.00,"2,720.00"
2020-08-09,2020080901029208,SJCL,36,45,10,136.00,"1,360.00"
2020-08-09,2020080901029221,SKBBL,26,58,14,"1,238.00","17,332.00"
2020-08-09,2020080901029220,SKBBL,26,6,36,"1,238.00","44,568.00"
2020-08-09,2020080901029565,SLBBL,16,14,50,809.00,"40,450.00"
2020-08-09,2020080901029670,SLICL,6,49,20,437.00,"8,740.00"
2020-08-09,2020080901029456,SLICL,17,57,100,436.00,"43,600.00"
2020-08-09,2020080901029455,SLICL,17,59,490,435.00,"213,150.00"
2020-08-09,2020080901029401,SLICL,38,59,200,435.00,"87,000.00"
2020-08-09,2020080901029357,SLICL,16,17,"1,000",434.00,"434,000.00"
2020-08-09,2020080901029356,SLICL,16,58,900,434.00,"390,600.00"
2020-08-09,2020080901029304,SLICL,32,4,"1,000",431.00,"431,000.00"
2020-08-09,2020080901029216,SMFBS,58,45,10,862.00,"8,620.00"
2020-08-09,2020080901029298,SPARS,34,6,22,830.00,"18,260.00"
2020-08-09,2020080901029236,SPARS,55,45,11,823.00,"9,053.00"
2020-08-09,2020080901029412,SPDL,22,34,15,98.00,"1,470.00"
2020-08-09,2020080901029506,SRBL,34,43,"1,276",232.00,"296,032.00"
2020-08-09,2020080901029413,SRBL,41,43,50,232.00,"11,600.00"
2020-08-09,2020080901029664,SWBBL,34,14,65,"1,189.00","77,285.00"
2020-08-09,2020080901029692,TRH,34,46,110,210.00,"23,100.00"
2020-08-09,2020080901029691,TRH,34,52,190,210.00,"39,900.00"
2020-08-09,2020080901029515,UIC,17,55,"1,000",367.00,"367,000.00"
2020-08-09,2020080901029514,UIC,29,55,50,367.00,"18,350.00"
2020-08-09,2020080901029662,UPPER,13,41,50,224.00,"11,200.00"
2020-08-09,2020080901029661,UPPER,13,51,40,224.00,"8,960.00"
2020-08-09,2020080901029261,UPPER,55,45,40,223.00,"8,920.00"
2020-08-09,2020080901029114,ACLBSL,49,45,10,690.00,"6,900.00"
2020-08-09,2020080901029098,ACLBSL,49,39,10,690.00,"6,900.00"
2020-08-09,2020080901029057,ACLBSL,38,51,20,700.00,"14,000.00"
2020-08-09,2020080901029056,ACLBSL,38,35,100,700.00,"70,000.00"
2020-08-09,2020080901029055,ACLBSL,38,55,20,700.00,"14,000.00"
2020-08-09,2020080901029054,ACLBSL,38,41,10,700.00,"7,000.00"
2020-08-09,2020080901029053,ACLBSL,38,45,10,700.00,"7,000.00"
2020-08-09,2020080901029052,ACLBSL,38,21,10,699.00,"6,990.00"
2020-08-09,2020080901028906,ACLBSL,7,55,10,689.00,"6,890.00"
2020-08-09,2020080901029169,AIL,38,28,10,467.00,"4,670.00"
2020-08-09,2020080901029160,AIL,38,45,10,467.00,"4,670.00"
2020-08-09,2020080901029140,AIL,38,46,10,467.00,"4,670.00"
2020-08-09,2020080901029127,AIL,38,28,10,467.00,"4,670.00"
2020-08-09,2020080901029112,AIL,38,29,10,467.00,"4,670.00"
2020-08-09,2020080901029100,AIL,38,46,10,467.00,"4,670.00"
2020-08-09,2020080901028717,AIL,22,45,10,467.00,"4,670.00"
2020-08-09,2020080901028708,AIL,22,8,10,467.00,"4,670.00"
2020-08-09,2020080901028702,AIL,22,28,10,467.00,"4,670.00"
2020-08-09,2020080901028853,AIL,38,28,10,467.00,"4,670.00"
2020-08-09,2020080901028831,AIL,38,41,10,467.00,"4,670.00"
2020-08-09,2020080901028827,AIL,38,40,10,467.00,"4,670.00"
2020-08-09,2020080901028813,AIL,11,39,10,467.00,"4,670.00"
2020-08-09,2020080901028781,AIL,22,28,10,467.00,"4,670.00"
2020-08-09,2020080901028734,AIL,22,28,10,467.00,"4,670.00"
2020-08-09,2020080901029079,AIL,38,28,10,467.00,"4,670.00"
2020-08-09,2020080901029035,AIL,38,28,10,467.00,"4,670.00"
2020-08-09,2020080901029020,AIL,38,45,10,467.00,"4,670.00"
2020-08-09,2020080901028990,AIL,38,45,10,467.00,"4,670.00"
2020-08-09,2020080901028966,AIL,38,45,10,467.00,"4,670.00"
2020-08-09,2020080901028951,AIL,38,39,10,467.00,"4,670.00"
2020-08-09,2020080901029147,ALICL,38,7,124,622.00,"77,128.00"
2020-08-09,2020080901029146,ALICL,38,35,100,622.00,"62,200.00"
2020-08-09,2020080901029031,ALICL,7,52,100,621.00,"62,100.00"
2020-08-09,2020080901028851,API,55,56,11,106.00,"1,166.00"
2020-08-09,2020080901029134,BOKL,34,47,20,222.00,"4,440.00"
2020-08-09,2020080901028977,BOKL,34,11,48,222.00,"10,656.00"
2020-08-09,2020080901028976,BOKL,14,11,30,222.00,"6,660.00"
2020-08-09,2020080901028975,BOKL,8,11,22,222.00,"4,884.00"
2020-08-09,2020080901028723,BPCL,14,19,14,351.00,"4,914.00"
2020-08-09,2020080901028722,BPCL,14,55,36,350.00,"12,600.00"
2020-08-09,2020080901028908,CBBL,45,36,10,"1,055.00","10,550.00"
2020-08-09,2020080901028777,CBBL,58,1,98,"1,050.00","102,900.00"
2020-08-09,2020080901028776,CBBL,58,59,160,"1,050.00","168,000.00"
2020-08-09,2020080901028775,CBBL,58,50,30,"1,050.00","31,500.00"
2020-08-09,2020080901028774,CBBL,58,14,100,"1,050.00","105,000.00"
2020-08-09,2020080901028773,CBBL,58,51,70,"1,050.00","73,500.00"
2020-08-09,2020080901028772,CBBL,58,42,106,"1,050.00","111,300.00"
2020-08-09,2020080901028771,CBBL,58,33,40,"1,049.00","41,960.00"
2020-08-09,2020080901029037,CBL,26,59,300,144.00,"43,200.00"
2020-08-09,2020080901029036,CBL,57,59,"5,676",144.00,"817,344.00"
2020-08-09,2020080901028867,CBL,52,29,200,145.00,"29,000.00"
2020-08-09,2020080901029133,CCBL,4,47,"1,000",177.00,"177,000.00"
2020-08-09,2020080901029051,CCBL,4,11,200,177.00,"35,400.00"
2020-08-09,2020080901028902,CCBL,4,17,"1,200",177.00,"212,400.00"
2020-08-09,2020080901028879,CCBL,4,45,500,177.00,"88,500.00"
2020-08-09,2020080901028765,CCBL,52,25,200,177.00,"35,400.00"
2020-08-09,2020080901028878,CCBL,4,43,100,177.00,"17,700.00"
2020-08-09,2020080901028877,CCBL,4,35,500,177.00,"88,500.00"
2020-08-09,2020080901028876,CCBL,4,45,106,177.00,"18,762.00"
2020-08-09,2020080901028875,CCBL,4,48,500,177.00,"88,500.00"
2020-08-09,2020080901028874,CCBL,4,49,98,177.00,"17,346.00"
2020-08-09,2020080901028873,CCBL,4,25,200,177.00,"35,400.00"
2020-08-09,2020080901028969,CFCL,52,52,200,120.00,"24,000.00"
2020-08-09,2020080901029188,CIT,10,16,25,"2,580.00","64,500.00"
2020-08-09,2020080901029179,CIT,22,16,10,"2,580.00","25,800.00"
2020-08-09,2020080901029046,CIT,45,33,10,"2,579.00","25,790.00"
2020-08-09,2020080901028958,CIT,41,16,18,"2,580.00","46,440.00"
2020-08-09,2020080901028957,CIT,41,33,10,"2,580.00","25,800.00"
2020-08-09,2020080901028956,CIT,41,54,10,"2,580.00","25,800.00"
2020-08-09,2020080901028905,CIT,48,52,20,"2,580.00","51,600.00"
2020-08-09,2020080901028904,CIT,48,32,10,"2,579.00","25,790.00"
2020-08-09,2020080901028903,CIT,48,50,15,"2,579.00","38,685.00"
2020-08-09,2020080901028900,CIT,45,48,21,"2,575.00","54,075.00"
2020-08-09,2020080901028822,CIT,58,48,10,"2,575.00","25,750.00"
2020-08-09,2020080901028749,CIT,5,48,25,"2,575.00","64,375.00"
2020-08-09,2020080901028942,CMF1,57,19,"1,000",10.07,"10,070.00"
2020-08-09,2020080901029162,CZBIL,28,19,400,197.00,"78,800.00"
2020-08-09,2020080901028845,CZBIL,38,57,41,198.00,"8,118.00"
2020-08-09,2020080901029185,DDBL,7,51,76,834.00,"63,384.00"
2020-08-09,2020080901029045,DDBL,6,6,88,828.00,"72,864.00"
2020-08-09,2020080901028863,DDBL,34,29,15,830.00,"12,450.00"
2020-08-09,2020080901028862,DDBL,34,32,286,830.00,"237,380.00"
2020-08-09,2020080901028861,DDBL,34,13,39,830.00,"32,370.00"
2020-08-09,2020080901028860,DDBL,34,37,162,830.00,"134,460.00"
2020-08-09,2020080901028965,EIC,33,45,30,405.00,"12,150.00"
2020-08-09,2020080901028915,EIC,33,40,100,405.00,"40,500.00"
2020-08-09,2020080901028914,EIC,33,57,50,404.00,"20,200.00"
2020-08-09,2020080901028968,FMDBL,6,43,100,518.00,"51,800.00"
2020-08-09,2020080901028967,FMDBL,6,52,100,517.00,"51,700.00"
2020-08-09,2020080901028769,FMDBL,6,45,100,516.00,"51,600.00"
2020-08-09,2020080901028768,FMDBL,6,32,200,515.00,"103,000.00"
2020-08-09,2020080901028701,FMDBL,6,49,50,515.00,"25,750.00"
2020-08-09,2020080901029026,GBBL,52,51,50,231.00,"11,550.00"
2020-08-09,2020080901028913,GBBL,32,40,37,230.00,"8,510.00"
2020-08-09,2020080901028834,GBBL,32,29,46,230.00,"10,580.00"
2020-08-09,2020080901028833,GBBL,32,13,391,230.00,"89,930.00"
2020-08-09,2020080901028744,GBBL,35,13,109,230.00,"25,070.00"
2020-08-09,2020080901028743,GBBL,35,36,100,230.00,"23,000.00"
2020-08-09,2020080901028742,GBBL,35,42,91,228.00,"20,748.00"
2020-08-09,2020080901028731,GBBL,39,42,"3,271",228.00,"745,788.00"
2020-08-09,2020080901028730,GBBL,39,45,203,228.00,"46,284.00"
2020-08-09,2020080901028729,GBBL,39,54,870,228.00,"198,360.00"
2020-08-09,2020080901029164,GBIME,58,1,100,250.00,"25,000.00"
2020-08-09,2020080901029117,GBIME,13,1,30,250.00,"7,500.00"
2020-08-09,2020080901029010,GBIME,36,1,10,250.00,"2,500.00"
2020-08-09,2020080901028880,GBIME,38,1,100,250.00,"25,000.00"
2020-08-09,2020080901028854,GBIME,58,1,54,250.00,"13,500.00"
2020-08-09,2020080901028764,GBIME,45,1,20,250.00,"5,000.00"
2020-08-09,2020080901029123,GBLBS,13,32,65,470.00,"30,550.00"
2020-08-09,2020080901029122,GBLBS,13,39,15,470.00,"7,050.00"
2020-08-09,2020080901029121,GBLBS,13,16,20,470.00,"9,400.00"
2020-08-09,2020080901029069,GBLBS,13,57,200,468.00,"93,600.00"
2020-08-09,2020080901029068,GBLBS,13,36,150,468.00,"70,200.00"
2020-08-09,2020080901029067,GBLBS,13,41,10,467.00,"4,670.00"
2020-08-09,2020080901029033,GBLBS,13,8,400,466.00,"186,400.00"
2020-08-09,2020080901029059,GHL,52,34,10,57.00,570.00
2020-08-09,2020080901029058,GHL,52,43,10,56.00,560.00
2020-08-09,2020080901028943,GILB,33,5,10,"1,194.00","11,940.00"
2020-08-09,2020080901029148,GLICL,1,39,100,443.00,"44,300.00"
2020-08-09,2020080901028948,GLICL,45,39,100,443.00,"44,300.00"
2020-08-09,2020080901029032,GMFIL,6,33,20,125.00,"2,500.00"
2020-08-09,2020080901029139,HBL,22,26,40,540.00,"21,600.00"
2020-08-09,2020080901028950,HBL,41,11,30,539.00,"16,170.00"
2020-08-09,2020080901029009,HDL,58,34,20,"1,667.00","33,340.00"
2020-08-09,2020080901029008,HDL,58,47,50,"1,666.00","83,300.00"
2020-08-09,2020080901029007,HDL,58,14,10,"1,665.00","16,650.00"
2020-08-09,2020080901029006,HDL,58,36,50,"1,665.00","83,250.00"
2020-08-09,2020080901029005,HDL,58,8,20,"1,664.00","33,280.00"
2020-08-09,2020080901029004,HDL,58,14,50,"1,664.00","83,200.00"
2020-08-09,2020080901029003,HDL,58,4,50,"1,662.00","83,100.00"
2020-08-09,2020080901029002,HDL,58,41,50,"1,661.00","83,050.00"
2020-08-09,2020080901028792,HDL,49,35,50,"1,660.00","83,000.00"
2020-08-09,2020080901028791,HDL,49,14,30,"1,660.00","49,800.00"
2020-08-09,2020080901028790,HDL,49,29,170,"1,659.00","282,030.00"
2020-08-09,2020080901028789,HDL,49,54,30,"1,659.00","49,770.00"
2020-08-09,2020080901029018,HGI,10,39,100,402.00,"40,200.00"
2020-08-09,2020080901028884,HGI,17,13,430,400.00,"172,000.00"
2020-08-09,2020080901028883,HGI,32,13,10,400.00,"4,000.00"
2020-08-09,2020080901028882,HGI,50,13,60,400.00,"24,000.00"
2020-08-09,2020080901029105,HIDCL,17,35,210,127.00,"26,670.00"
2020-08-09,2020080901029101,HIDCL,17,34,61,126.00,"7,686.00"
2020-08-09,2020080901028835,HIDCL,11,35,110,127.00,"13,970.00"
2020-08-09,2020080901028828,HIDCL,17,56,11,126.00,"1,386.00"
2020-08-09,2020080901028797,HPPL,41,56,10,134.00,"1,340.00"
2020-08-09,2020080901028946,IGI,17,8,12,420.00,"5,040.00"
2020-08-09,2020080901029167,ILBS,26,35,50,708.00,"35,400.00"
2020-08-09,2020080901029166,ILBS,26,11,11,707.00,"7,777.00"
2020-08-09,2020080901028785,JBBL,10,46,17,172.00,"2,924.00"
2020-08-09,2020080901028784,JBBL,10,13,124,172.00,"21,328.00"
2020-08-09,2020080901028783,JBBL,10,47,23,172.00,"3,956.00"
2020-08-09,2020080901028782,JBBL,10,28,50,172.00,"8,600.00"
2020-08-09,2020080901028881,JFL,58,32,160,166.00,"26,560.00"
2020-08-09,2020080901028704,JFL,48,34,71,165.00,"11,715.00"
2020-08-09,2020080901029142,JSLBB,28,14,40,"1,375.00","55,000.00"
2020-08-09,2020080901029141,JSLBB,32,14,10,"1,375.00","13,750.00"
2020-08-09,2020080901028959,KBL,49,50,"1,000",191.00,"191,000.00"
2020-08-09,2020080901028936,KMCDB,52,33,10,782.00,"7,820.00"
2020-08-09,2020080901028935,KMCDB,52,58,10,782.00,"7,820.00"
2020-08-09,2020080901028805,KMCDB,45,28,200,770.00,"154,000.00"
2020-08-09,2020080901028748,KMCDB,52,40,10,767.00,"7,670.00"
2020-08-09,2020080901028713,KMCDB,52,56,10,767.00,"7,670.00"
2020-08-09,2020080901028703,KPCL,22,45,10,105.00,"1,050.00"
2020-08-09,2020080901029118,KRBL,34,52,10,104.00,"1,040.00"
2020-08-09,2020080901029097,KSBBL,1,7,133,149.00,"19,817.00"
2020-08-09,2020080901028964,KSBBL,58,33,100,150.00,"15,000.00"
2020-08-09,2020080901028933,LBL,38,1,171,230.00,"39,330.00"
2020-08-09,2020080901028932,LBL,38,59,262,230.00,"60,260.00"
2020-08-09,2020080901028931,LBL,38,6,459,230.00,"105,570.00"
2020-08-09,2020080901029034,LICN,38,14,200,"1,406.00","281,200.00"
2020-08-09,2020080901028752,LICN,52,14,50,"1,407.00","70,350.00"
2020-08-09,2020080901029138,LLBS,26,37,30,"1,140.00","34,200.00"
2020-08-09,2020080901029137,LLBS,26,47,50,"1,139.00","56,950.00"
2020-08-09,2020080901029136,LLBS,26,47,20,"1,135.00","22,700.00"
2020-08-09,2020080901029158,MBL,40,36,68,228.00,"15,504.00"
2020-08-09,2020080901029157,MBL,40,55,230,228.00,"52,440.00"
2020-08-09,2020080901028970,MBL,49,20,15,227.00,"3,405.00"
2020-08-09,2020080901029192,MEGA,26,47,250,221.00,"55,250.00"
2020-08-09,2020080901029128,MEGA,26,47,100,221.00,"22,100.00"
2020-08-09,2020080901029050,MEGA,26,57,300,221.00,"66,300.00"
2020-08-09,2020080901028762,MEGA,13,43,100,221.00,"22,100.00"
2020-08-09,2020080901028747,MEGA,10,28,"1,000",222.00,"222,000.00"
2020-08-09,2020080901028994,MEGA,26,25,500,222.00,"111,000.00"
2020-08-09,2020080901028993,MEGA,26,57,95,222.00,"21,090.00"
2020-08-09,2020080901028992,MEGA,26,6,230,222.00,"51,060.00"
2020-08-09,2020080901029000,MEGA,26,17,114,221.00,"25,194.00"
2020-08-09,2020080901028999,MEGA,14,17,639,221.00,"141,219.00"
2020-08-09,2020080901028998,MEGA,13,17,247,221.00,"54,587.00"
2020-08-09,2020080901028997,MEGA,26,55,94,222.00,"20,868.00"
2020-08-09,2020080901028996,MEGA,26,33,25,222.00,"5,550.00"
2020-08-09,2020080901028995,MEGA,26,29,56,222.00,"12,432.00"
2020-08-09,2020080901029096,MFIL,54,34,203,270.00,"54,810.00"
2020-08-09,2020080901029095,MFIL,13,34,200,270.00,"54,000.00"
2020-08-09,2020080901029094,MFIL,58,34,200,270.00,"54,000.00"
2020-08-09,2020080901029093,MFIL,18,34,53,270.00,"14,310.00"
2020-08-09,2020080901029092,MFIL,33,34,34,271.00,"9,214.00"
2020-08-09,2020080901029044,MFIL,41,34,10,272.00,"2,720.00"
2020-08-09,2020080901029173,MLBL,42,41,34,191.00,"6,494.00"
2020-08-09,2020080901029049,MLBL,42,7,23,191.00,"4,393.00"
2020-08-09,2020080901028741,MLBL,13,33,380,194.00,"73,720.00"
2020-08-09,2020080901029042,MMFDB,55,43,200,916.00,"183,200.00"
2020-08-09,2020080901028757,MMFDB,39,34,17,916.00,"15,572.00"
2020-08-09,2020080901029132,MNBBL,1,25,288,320.00,"92,160.00"
2020-08-09,2020080901029131,MNBBL,1,52,200,320.00,"64,000.00"
2020-08-09,2020080901029130,MNBBL,1,45,12,319.00,"3,828.00"
2020-08-09,2020080901028978,MNBBL,45,52,300,320.00,"96,000.00"
2020-08-09,2020080901028941,MNBBL,26,52,500,320.00,"160,000.00"
2020-08-09,2020080901028836,MNBBL,47,53,50,320.00,"16,000.00"
2020-08-09,2020080901028758,MSMBS,14,17,22,671.00,"14,762.00"
2020-08-09,2020080901029090,NABIL,40,4,146,812.00,"118,552.00"
2020-08-09,2020080901029089,NABIL,40,36,154,812.00,"125,048.00"
2020-08-09,2020080901029088,NABIL,40,40,200,812.00,"162,400.00"
2020-08-09,2020080901029047,NABIL,45,40,50,812.00,"40,600.00"
2020-08-09,2020080901028801,NADEP,14,28,25,608.00,"15,200.00"
2020-08-09,2020080901029060,NBB,58,17,38,200.00,"7,600.00"
2020-08-09,2020080901029165,NBL,35,41,11,260.00,"2,860.00"
2020-08-09,2020080901029156,NBL,53,59,500,263.00,"131,500.00"
2020-08-09,2020080901029155,NBL,53,51,30,263.00,"7,890.00"
2020-08-09,2020080901029154,NBL,53,25,500,263.00,"131,500.00"
2020-08-09,2020080901029153,NBL,53,45,50,262.00,"13,100.00"
2020-08-09,2020080901029152,NBL,53,5,423,262.00,"110,826.00"
2020-08-09,2020080901028755,NBL,55,4,200,259.00,"51,800.00"
2020-08-09,2020080901028754,NBL,36,4,28,259.00,"7,252.00"
2020-08-09,2020080901028753,NBL,39,4,221,259.00,"57,239.00"
2020-08-09,2020080901028714,NBL,38,6,100,260.00,"26,000.00"
2020-08-09,2020080901028847,NBL,3,45,28,260.00,"7,280.00"
2020-08-09,2020080901028812,NBL,3,16,65,260.00,"16,900.00"
2020-08-09,2020080901028811,NBL,3,29,300,260.00,"78,000.00"
2020-08-09,2020080901028810,NBL,3,6,100,260.00,"26,000.00"
2020-08-09,2020080901028786,NBL,47,6,500,260.00,"130,000.00"
2020-08-09,2020080901028756,NBL,40,4,51,259.00,"13,209.00"
2020-08-09,2020080901029021,NBL,51,6,15,260.00,"3,900.00"
2020-08-09,2020080901028974,NBL,51,1,85,260.00,"22,100.00"
2020-08-09,2020080901028973,NBL,29,1,165,260.00,"42,900.00"
2020-08-09,2020080901028962,NBL,33,32,20,261.00,"5,220.00"
2020-08-09,2020080901028885,NBL,29,43,300,260.00,"78,000.00"
2020-08-09,2020080901028869,NBL,29,34,230,260.00,"59,800.00"
2020-08-09,2020080901029074,NBL,25,32,"2,000",261.00,"522,000.00"
2020-08-09,2020080901029073,NBL,25,32,"3,000",261.00,"783,000.00"
2020-08-09,2020080901029072,NBL,25,32,980,261.00,"255,780.00"
2020-08-09,2020080901029048,NBL,46,6,165,260.00,"42,900.00"
2020-08-09,2020080901029023,NBL,38,6,100,260.00,"26,000.00"
2020-08-09,2020080901029022,NBL,51,6,20,260.00,"5,200.00"
2020-08-09,2020080901029151,NBL,53,56,405,262.00,"106,110.00"
2020-08-09,2020080901029150,NBL,53,58,88,261.00,"22,968.00"
2020-08-09,2020080901029103,NBL,35,55,489,260.00,"127,140.00"
2020-08-09,2020080901029102,NBL,46,55,35,260.00,"9,100.00"
2020-08-09,2020080901029076,NBL,25,58,12,261.00,"3,132.00"
2020-08-09,2020080901029075,NBL,25,38,508,261.00,"132,588.00"
2020-08-09,2020080901029116,NCCB,58,17,850,191.00,"162,350.00"
2020-08-09,2020080901029115,NCCB,52,17,150,191.00,"28,650.00"
2020-08-09,2020080901029108,NFS,51,47,100,195.00,"19,500.00"
2020-08-09,2020080901029064,NFS,57,47,10,198.00,"1,980.00"
2020-08-09,2020080901028947,NFS,6,47,20,199.00,"3,980.00"
2020-08-09,2020080901028832,NHDL,22,17,10,128.00,"1,280.00"
2020-08-09,2020080901028955,NHPC,55,41,500,52.00,"26,000.00"
2020-08-09,2020080901029014,NIB,47,52,10,441.00,"4,410.00"
2020-08-09,2020080901029013,NIB,47,45,40,441.00,"17,640.00"
2020-08-09,2020080901028938,NIB,32,56,49,440.00,"21,560.00"
2020-08-09,2020080901028707,NIB,45,45,100,441.00,"44,100.00"
2020-08-09,2020080901028705,NIB,14,45,50,441.00,"22,050.00"
2020-08-09,2020080901029077,NIBLPF,56,7,202,8.17,"1,650.34"
2020-08-09,2020080901029145,NICA,49,14,100,554.00,"55,400.00"
2020-08-09,2020080901029081,NICA,45,14,150,554.00,"83,100.00"
2020-08-09,2020080901029029,NICA,14,50,100,553.00,"55,300.00"
2020-08-09,2020080901028728,NICA,14,25,50,553.00,"27,650.00"
2020-08-09,2020080901028727,NICA,14,45,200,553.00,"110,600.00"
2020-08-09,2020080901028726,NICA,14,45,90,553.00,"49,770.00"
2020-08-09,2020080901028849,NICGF,57,28,"8,950",10.16,"90,932.00"
2020-08-09,2020080901028848,NICGF,7,28,"1,050",10.17,"10,678.50"
2020-08-09,2020080901028778,NICL,14,8,161,429.00,"69,069.00"
2020-08-09,2020080901029199,NICLBSL,58,29,10,755.00,"7,550.00"
2020-08-09,2020080901029187,NICLBSL,58,29,10,755.00,"7,550.00"
2020-08-09,2020080901029184,NICLBSL,58,29,10,755.00,"7,550.00"
2020-08-09,2020080901029183,NICLBSL,58,45,10,755.00,"7,550.00"
2020-08-09,2020080901029182,NICLBSL,58,14,10,755.00,"7,550.00"
2020-08-09,2020080901029159,NICLBSL,58,29,10,755.00,"7,550.00"
2020-08-09,2020080901028745,NICLBSL,58,6,10,754.00,"7,540.00"
2020-08-09,2020080901028740,NICLBSL,43,21,10,753.00,"7,530.00"
2020-08-09,2020080901028724,NICLBSL,25,29,170,754.00,"128,180.00"
2020-08-09,2020080901028719,NICLBSL,43,6,10,753.00,"7,530.00"
2020-08-09,2020080901028716,NICLBSL,43,39,10,753.00,"7,530.00"
2020-08-09,2020080901028712,NICLBSL,43,46,10,753.00,"7,530.00"
2020-08-09,2020080901028830,NICLBSL,58,10,10,754.00,"7,540.00"
2020-08-09,2020080901028809,NICLBSL,58,39,10,754.00,"7,540.00"
2020-08-09,2020080901028804,NICLBSL,58,38,20,754.00,"15,080.00"
2020-08-09,2020080901028799,NICLBSL,58,21,10,754.00,"7,540.00"
2020-08-09,2020080901028793,NICLBSL,58,52,100,754.00,"75,400.00"
2020-08-09,2020080901028770,NICLBSL,58,39,10,754.00,"7,540.00"
2020-08-09,2020080901028888,NICLBSL,25,17,10,755.00,"7,550.00"
2020-08-09,2020080901028887,NICLBSL,25,17,20,755.00,"15,100.00"
2020-08-09,2020080901028886,NICLBSL,25,42,10,755.00,"7,550.00"
2020-08-09,2020080901028870,NICLBSL,26,39,10,754.00,"7,540.00"
2020-08-09,2020080901028858,NICLBSL,26,39,10,754.00,"7,540.00"
2020-08-09,2020080901028857,NICLBSL,26,29,10,754.00,"7,540.00"
2020-08-09,2020080901028894,NICLBSL,25,45,10,755.00,"7,550.00"
2020-08-09,2020080901028893,NICLBSL,25,17,10,755.00,"7,550.00"
2020-08-09,2020080901028892,NICLBSL,25,17,20,755.00,"15,100.00"
2020-08-09,2020080901028891,NICLBSL,25,10,10,755.00,"7,550.00"
2020-08-09,2020080901028890,NICLBSL,25,10,20,755.00,"15,100.00"
2020-08-09,2020080901028889,NICLBSL,25,14,10,755.00,"7,550.00"
2020-08-09,2020080901028916,NICLBSL,39,51,10,757.00,"7,570.00"
2020-08-09,2020080901028911,NICLBSL,26,43,10,754.00,"7,540.00"
2020-08-09,2020080901028898,NICLBSL,25,41,200,755.00,"151,000.00"
2020-08-09,2020080901028897,NICLBSL,25,45,10,755.00,"7,550.00"
2020-08-09,2020080901028896,NICLBSL,25,45,10,755.00,"7,550.00"
2020-08-09,2020080901028895,NICLBSL,25,45,10,755.00,"7,550.00"
2020-08-09,2020080901028922,NICLBSL,39,43,10,757.00,"7,570.00"
2020-08-09,2020080901028921,NICLBSL,39,42,10,757.00,"7,570.00"
2020-08-09,2020080901028920,NICLBSL,39,38,10,757.00,"7,570.00"
2020-08-09,2020080901028919,NICLBSL,39,32,10,757.00,"7,570.00"
2020-08-09,2020080901028918,NICLBSL,39,7,10,757.00,"7,570.00"
2020-08-09,2020080901028917,NICLBSL,39,6,100,757.00,"75,700.00"
2020-08-09,2020080901028930,NICLBSL,58,29,10,755.00,"7,550.00"
2020-08-09,2020080901028927,NICLBSL,39,57,100,758.00,"75,800.00"
2020-08-09,2020080901028926,NICLBSL,39,3,20,758.00,"15,160.00"
2020-08-09,2020080901028925,NICLBSL,39,39,10,758.00,"7,580.00"
2020-08-09,2020080901028924,NICLBSL,39,29,200,757.00,"151,400.00"
2020-08-09,2020080901028923,NICLBSL,39,11,10,757.00,"7,570.00"
2020-08-09,2020080901029012,NICLBSL,58,29,10,755.00,"7,550.00"
2020-08-09,2020080901028980,NICLBSL,58,39,10,755.00,"7,550.00"
2020-08-09,2020080901028961,NICLBSL,58,39,10,755.00,"7,550.00"
2020-08-09,2020080901028949,NICLBSL,38,57,300,758.00,"227,400.00"
2020-08-09,2020080901028939,NICLBSL,58,8,10,755.00,"7,550.00"
2020-08-09,2020080901028937,NICLBSL,58,39,10,755.00,"7,550.00"
2020-08-09,2020080901029144,NICLBSL,58,17,10,755.00,"7,550.00"
2020-08-09,2020080901029078,NICLBSL,58,39,10,755.00,"7,550.00"
2020-08-09,2020080901029063,NICLBSL,58,39,10,755.00,"7,550.00"
2020-08-09,2020080901029043,NICLBSL,58,39,10,755.00,"7,550.00"
2020-08-09,2020080901029030,NICLBSL,58,8,10,755.00,"7,550.00"
2020-08-09,2020080901029027,NICLBSL,58,17,10,755.00,"7,550.00"
2020-08-09,2020080901029172,NIL,40,56,20,620.00,"12,400.00"
2020-08-09,2020080901029163,NLBBL,45,37,10,698.00,"6,980.00"
2020-08-09,2020080901029193,NLG,58,58,10,623.00,"6,230.00"
2020-08-09,2020080901028718,NLG,53,29,50,620.00,"31,000.00"
2020-08-09,2020080901028945,NLIC,58,28,285,"1,338.00","381,330.00"
2020-08-09,2020080901028944,NLIC,58,34,150,"1,337.00","200,550.00"
2020-08-09,2020080901028929,NLIC,21,47,10,"1,335.00","13,350.00"
2020-08-09,2020080901028928,NLIC,35,47,40,"1,335.00","53,400.00"
2020-08-09,2020080901028907,NLIC,22,34,50,"1,337.00","66,850.00"
2020-08-09,2020080901028901,NLIC,35,20,260,"1,335.00","347,100.00"
2020-08-09,2020080901028868,NLIC,53,20,40,"1,335.00","53,400.00"
2020-08-09,2020080901028800,NLIC,37,28,150,"1,338.00","200,700.00"
2020-08-09,2020080901028739,NLIC,1,28,500,"1,338.00","669,000.00"
2020-08-09,2020080901028721,NLIC,17,45,22,"1,334.00","29,348.00"
2020-08-09,2020080901028738,NLICL,54,36,100,670.00,"67,000.00"
2020-08-09,2020080901028737,NLICL,54,47,50,669.00,"33,450.00"
2020-08-09,2020080901028736,NLICL,54,33,106,669.00,"70,914.00"
2020-08-09,2020080901028735,NLICL,54,16,198,667.00,"132,066.00"
2020-08-09,2020080901029126,NMB,59,14,100,411.00,"41,100.00"
2020-08-09,2020080901028986,NMB,50,45,45,410.00,"18,450.00"
2020-08-09,2020080901028985,NMB,17,45,100,410.00,"41,000.00"
2020-08-09,2020080901028984,NMB,57,45,50,410.00,"20,500.00"
2020-08-09,2020080901028983,NMB,17,45,677,410.00,"277,570.00"
2020-08-09,2020080901028788,NMB,13,14,110,411.00,"45,210.00"
2020-08-09,2020080901028787,NMB,13,1,90,411.00,"36,990.00"
2020-08-09,2020080901028709,NMB,13,1,50,411.00,"20,550.00"
2020-08-09,2020080901029197,NRIC,50,36,500,573.00,"286,500.00"
2020-08-09,2020080901029190,NRIC,56,36,100,573.00,"57,300.00"
2020-08-09,2020080901029189,NRIC,35,17,40,572.00,"22,880.00"
2020-08-09,2020080901029170,NRIC,35,34,30,572.00,"17,160.00"
2020-08-09,2020080901029168,NRIC,35,29,30,572.00,"17,160.00"
2020-08-09,2020080901029135,NRIC,35,29,30,572.00,"17,160.00"
2020-08-09,2020080901028794,NRIC,8,10,20,573.00,"11,460.00"
2020-08-09,2020080901028715,NRIC,8,21,40,573.00,"22,920.00"
2020-08-09,2020080901028711,NRIC,8,38,50,573.00,"28,650.00"
2020-08-09,2020080901028706,NRIC,8,1,50,573.00,"28,650.00"
2020-08-09,2020080901028846,NRIC,57,40,40,572.00,"22,880.00"
2020-08-09,2020080901028829,NRIC,57,38,40,572.00,"22,880.00"
2020-08-09,2020080901028818,NRIC,57,21,20,572.00,"11,440.00"
2020-08-09,2020080901028817,NRIC,4,21,20,572.00,"11,440.00"
2020-08-09,2020080901028796,NRIC,56,40,40,573.00,"22,920.00"
2020-08-09,2020080901028795,NRIC,4,10,20,572.00,"11,440.00"
2020-08-09,2020080901028991,NRIC,39,8,50,572.00,"28,600.00"
2020-08-09,2020080901028953,NRIC,39,28,380,572.00,"217,360.00"
2020-08-09,2020080901028952,NRIC,57,28,20,572.00,"11,440.00"
2020-08-09,2020080901028909,NRIC,57,54,30,572.00,"17,160.00"
2020-08-09,2020080901028872,NRIC,49,36,50,573.00,"28,650.00"
2020-08-09,2020080901028852,NRIC,57,13,50,572.00,"28,600.00"
2020-08-09,2020080901029125,NRIC,35,34,54,572.00,"30,888.00"
2020-08-09,2020080901029124,NRIC,4,34,96,572.00,"54,912.00"
2020-08-09,2020080901029107,NRIC,57,36,100,573.00,"57,300.00"
2020-08-09,2020080901029025,NRIC,4,55,470,572.00,"268,840.00"
2020-08-09,2020080901029024,NRIC,39,55,30,572.00,"17,160.00"
2020-08-09,2020080901029017,NRIC,39,35,40,572.00,"22,880.00"
2020-08-09,2020080901028850,NSEWA,43,56,10,715.00,"7,150.00"
2020-08-09,2020080901028979,NUBL,21,40,150,964.00,"144,600.00"
2020-08-09,2020080901029120,PCBL,26,13,300,263.00,"78,900.00"
2020-08-09,2020080901029119,PCBL,26,11,200,262.00,"52,400.00"
2020-08-09,2020080901029104,PCBL,39,13,"1,000",261.00,"261,000.00"
2020-08-09,2020080901029011,PCBL,51,13,200,263.00,"52,600.00"
2020-08-09,2020080901028767,PCBL,34,13,105,263.00,"27,615.00"
2020-08-09,2020080901029129,PIC,38,45,50,616.00,"30,800.00"
2020-08-09,2020080901028940,PLIC,53,55,200,535.00,"107,000.00"
2020-08-09,2020080901028859,PLIC,38,19,50,534.00,"26,700.00"
2020-08-09,2020080901029149,PRVU,1,35,232,232.00,"53,824.00"
2020-08-09,2020080901029016,PRVU,39,35,100,232.00,"23,200.00"
2020-08-09,2020080901029015,PRVU,39,28,300,232.00,"69,600.00"
2020-08-09,2020080901029198,RHPL,58,45,20,146.00,"2,920.00"
2020-08-09,2020080901029174,RHPL,58,7,500,146.00,"73,000.00"
2020-08-09,2020080901028954,RHPL,58,39,40,146.00,"5,840.00"
2020-08-09,2020080901028760,RHPL,58,45,20,146.00,"2,920.00"
2020-08-09,2020080901028710,RHPL,58,55,40,146.00,"5,840.00"
2020-08-09,2020080901029091,RMDC,26,49,12,718.00,"8,616.00"
2020-08-09,2020080901028844,RMDC,49,49,"1,000",728.00,"728,000.00"
2020-08-09,2020080901028821,RMDC,34,48,150,730.00,"109,500.00"
2020-08-09,2020080901028820,RMDC,34,48,417,730.00,"304,410.00"
2020-08-09,2020080901028819,RMDC,34,17,200,729.00,"145,800.00"
2020-08-09,2020080901029178,RRHP,32,58,10,95.00,950.00
2020-08-09,2020080901029177,RRHP,32,46,10,95.00,950.00
2020-08-09,2020080901029176,RRHP,32,58,10,95.00,950.00
2020-08-09,2020080901029175,RRHP,32,58,10,95.00,950.00
2020-08-09,2020080901029019,SABSL,34,7,11,716.00,"7,876.00"
2020-08-09,2020080901028803,SABSL,7,55,11,723.00,"7,953.00"
2020-08-09,2020080901029066,SADBL,14,42,"1,000",144.00,"144,000.00"
2020-08-09,2020080901029028,SADBL,32,32,"1,400",143.00,"200,200.00"
2020-08-09,2020080901028971,SANIMA,1,37,"1,000",340.00,"340,000.00"
2020-08-09,2020080901028798,SANIMA,56,33,"1,033",339.00,"350,187.00"
2020-08-09,2020080901028746,SANIMA,19,33,200,339.00,"67,800.00"
2020-08-09,2020080901029200,SBI,38,28,50,424.00,"21,200.00"
2020-08-09,2020080901028987,SBI,46,28,330,424.00,"139,920.00"
2020-08-09,2020080901028982,SBI,45,28,80,424.00,"33,920.00"
2020-08-09,2020080901028981,SBI,45,48,70,424.00,"29,680.00"
2020-08-09,2020080901028720,SBI,58,48,30,424.00,"12,720.00"
2020-08-09,2020080901028934,SBL,34,45,300,294.00,"88,200.00"
2020-08-09,2020080901029191,SCB,21,43,150,640.00,"96,000.00"
2020-08-09,2020080901028826,SCB,14,35,324,640.00,"207,360.00"
2020-08-09,2020080901028825,SCB,14,26,10,640.00,"6,400.00"
2020-08-09,2020080901028824,SCB,14,45,20,640.00,"12,800.00"
2020-08-09,2020080901028823,SCB,14,20,100,640.00,"64,000.00"
2020-08-09,2020080901028842,SDESI,21,58,10,801.00,"8,010.00"
2020-08-09,2020080901028751,SEF,56,28,"5,000",9.74,"48,700.00"
2020-08-09,2020080901028750,SEF,45,28,"1,000",9.75,"9,750.00"
2020-08-09,2020080901029186,SHINE,51,42,50,231.00,"11,550.00"
2020-08-09,2020080901029195,SHIVM,19,47,90,574.00,"51,660.00"
2020-08-09,2020080901029194,SHIVM,49,47,10,574.00,"5,740.00"
2020-08-09,2020080901029106,SHL,39,34,100,156.00,"15,600.00"
2020-08-09,2020080901028856,SHL,43,34,115,156.00,"17,940.00"
2020-08-09,2020080901028855,SHL,43,1,150,156.00,"23,400.00"
2020-08-09,2020080901028871,SHPC,47,22,50,219.00,"10,950.00"
2020-08-09,2020080901028806,SHPC,47,22,50,219.00,"10,950.00"
2020-08-09,2020080901029143,SIL,34,49,150,596.00,"89,400.00"
2020-08-09,2020080901029065,SIL,52,49,200,596.00,"119,200.00"
2020-08-09,2020080901028989,SIL,13,49,150,596.00,"89,400.00"
2020-08-09,2020080901028988,SIL,49,49,500,596.00,"298,000.00"
2020-08-09,2020080901028972,SIL,49,43,300,596.00,"178,800.00"
2020-08-09,2020080901028910,SIL,49,51,200,596.00,"119,200.00"
2020-08-09,2020080901028733,SIL,58,49,500,595.00,"297,500.00"
2020-08-09,2020080901028732,SIL,58,22,500,594.00,"297,000.00"
2020-08-09,2020080901029171,SJCL,36,47,100,136.00,"13,600.00"
2020-08-09,2020080901029099,SJCL,36,28,20,136.00,"2,720.00"
2020-08-09,2020080901029001,SJCL,36,39,20,136.00,"2,720.00"
2020-08-09,2020080901028912,SJCL,36,6,20,136.00,"2,720.00"
2020-08-09,2020080901028779,SJCL,36,55,20,136.00,"2,720.00"
2020-08-09,2020080901028766,SJCL,36,45,20,136.00,"2,720.00"
2020-08-09,2020080901028963,SKBBL,52,6,100,"1,234.00","123,400.00"
2020-08-09,2020080901028866,SKBBL,58,6,64,"1,238.00","79,232.00"
2020-08-09,2020080901028865,SKBBL,58,51,40,"1,235.00","49,400.00"
2020-08-09,2020080901028864,SKBBL,58,49,154,"1,235.00","190,190.00"
2020-08-09,2020080901028808,SKBBL,20,22,12,"1,234.00","14,808.00"
2020-08-09,2020080901028807,SKBBL,20,14,64,"1,234.00","78,976.00"
2020-08-09,2020080901029071,SLBBL,58,34,150,804.00,"120,600.00"
2020-08-09,2020080901029070,SLBBL,19,34,50,805.00,"40,250.00"
2020-08-09,2020080901028840,SLBS,56,11,38,933.00,"35,454.00"
2020-08-09,2020080901028839,SLBS,56,45,11,932.00,"10,252.00"
2020-08-09,2020080901028838,SLBS,56,45,16,932.00,"14,912.00"
2020-08-09,2020080901028837,SLBS,56,45,16,932.00,"14,912.00"
2020-08-09,2020080901029196,SLICL,1,58,100,434.00,"43,400.00"
2020-08-09,2020080901029080,SLICL,29,59,10,435.00,"4,350.00"
2020-08-09,2020080901028843,SMB,34,43,10,851.00,"8,510.00"
2020-08-09,2020080901028816,SMB,34,41,10,840.00,"8,400.00"
2020-08-09,2020080901028815,SMB,34,29,10,835.00,"8,350.00"
2020-08-09,2020080901028814,SMB,34,10,10,830.00,"8,300.00"
2020-08-09,2020080901028780,SMB,34,45,10,829.00,"8,290.00"
2020-08-09,2020080901028759,SMB,34,39,10,815.00,"8,150.00"
2020-08-09,2020080901029181,SPARS,55,52,11,830.00,"9,130.00"
2020-08-09,2020080901029180,SPARS,55,10,11,830.00,"9,130.00"
2020-08-09,2020080901028841,SRBL,34,4,41,233.00,"9,553.00"
2020-08-09,2020080901029087,STC,28,17,25,"2,700.00","67,500.00"
2020-08-09,2020080901029086,STC,28,10,150,"2,699.00","404,850.00"
2020-08-09,2020080901029085,STC,28,10,30,"2,698.00","80,940.00"
2020-08-09,2020080901029084,STC,28,33,20,"2,698.00","53,960.00"
2020-08-09,2020080901029041,STC,28,28,70,"2,690.00","188,300.00"
2020-08-09,2020080901029040,STC,28,25,10,"2,689.00","26,890.00"
2020-08-09,2020080901029039,STC,28,39,20,"2,689.00","53,780.00"
2020-08-09,2020080901029038,STC,28,52,175,"2,685.00","469,875.00"
2020-08-09,2020080901029161,TMDBL,6,45,20,162.00,"3,240.00"
2020-08-09,2020080901029110,TMDBL,51,45,10,162.00,"1,620.00"
2020-08-09,2020080901029109,TMDBL,51,41,20,162.00,"3,240.00"
2020-08-09,2020080901029111,UIC,29,58,176,368.00,"64,768.00"
2020-08-09,2020080901029062,UIC,29,58,10,368.00,"3,680.00"
2020-08-09,2020080901029061,UIC,29,39,100,368.00,"36,800.00"
2020-08-09,2020080901028763,UIC,29,22,400,367.00,"146,800.00"
2020-08-09,2020080901028761,UIC,39,26,50,367.00,"18,350.00"
2020-08-09,2020080901028899,UMHL,17,56,14,102.00,"1,428.00"
2020-08-09,2020080901029113,UPPER,55,19,50,223.00,"11,150.00"
2020-08-09,2020080901029083,UPPER,49,19,20,224.00,"4,480.00"
2020-08-09,2020080901029082,UPPER,13,19,30,224.00,"6,720.00"
2020-08-09,2020080901028960,UPPER,13,56,40,224.00,"8,960.00"
2020-08-09,2020080901028802,UPPER,13,45,50,224.00,"11,200.00"
2020-08-09,2020080901028725,UPPER,13,16,40,224.00,"8,960.00"
2020-08-09,2020080901028645,ACLBSL,1,55,10,688.00,"6,880.00"
2020-08-09,2020080901028382,ACLBSL,47,13,104,687.00,"71,448.00"
2020-08-09,2020080901028381,ACLBSL,32,13,10,690.00,"6,900.00"
2020-08-09,2020080901028380,ACLBSL,36,13,100,690.00,"69,000.00"
2020-08-09,2020080901028315,ACLBSL,47,13,10,687.00,"6,870.00"
2020-08-09,2020080901028681,ADBL,39,48,100,411.00,"41,100.00"
2020-08-09,2020080901028680,ADBL,39,48,100,411.00,"41,100.00"
2020-08-09,2020080901028679,ADBL,39,6,283,411.00,"116,313.00"
2020-08-09,2020080901028678,ADBL,39,51,65,411.00,"26,715.00"
2020-08-09,2020080901028641,ADBL,49,49,440,410.00,"180,400.00"
2020-08-09,2020080901028476,ADBL,48,26,300,410.00,"123,000.00"
2020-08-09,2020080901028204,ADBL,51,6,150,409.00,"61,350.00"
2020-08-09,2020080901028505,ADBL,49,49,13,410.00,"5,330.00"
2020-08-09,2020080901028504,ADBL,49,26,500,410.00,"205,000.00"
2020-08-09,2020080901028665,AIL,34,28,10,467.00,"4,670.00"
2020-08-09,2020080901028648,AIL,34,28,10,467.00,"4,670.00"
2020-08-09,2020080901028617,AIL,34,28,10,467.00,"4,670.00"
2020-08-09,2020080901028587,AIL,34,28,10,467.00,"4,670.00"
2020-08-09,2020080901028531,AIL,34,48,10,467.00,"4,670.00"
2020-08-09,2020080901028526,AIL,35,41,10,467.00,"4,670.00"
2020-08-09,2020080901028259,AIL,35,28,10,467.00,"4,670.00"
2020-08-09,2020080901028232,AIL,35,47,10,467.00,"4,670.00"
2020-08-09,2020080901028376,AIL,35,14,10,467.00,"4,670.00"
2020-08-09,2020080901028360,AIL,35,48,10,467.00,"4,670.00"
2020-08-09,2020080901028352,AIL,35,14,10,467.00,"4,670.00"
2020-08-09,2020080901028328,AIL,35,14,10,467.00,"4,670.00"
2020-08-09,2020080901028325,AIL,35,48,10,467.00,"4,670.00"
2020-08-09,2020080901028302,AIL,35,14,10,467.00,"4,670.00"
2020-08-09,2020080901028457,AIL,35,29,10,467.00,"4,670.00"
2020-08-09,2020080901028447,AIL,35,28,10,467.00,"4,670.00"
2020-08-09,2020080901028440,AIL,35,14,10,467.00,"4,670.00"
2020-08-09,2020080901028421,AIL,35,14,10,467.00,"4,670.00"
2020-08-09,2020080901028420,AIL,35,28,10,467.00,"4,670.00"
2020-08-09,2020080901028405,AIL,35,14,10,467.00,"4,670.00"
2020-08-09,2020080901028507,AIL,35,41,10,467.00,"4,670.00"
2020-08-09,2020080901028506,AIL,35,28,10,467.00,"4,670.00"
2020-08-09,2020080901028496,AIL,35,28,10,467.00,"4,670.00"
2020-08-09,2020080901028493,AIL,35,41,10,467.00,"4,670.00"
2020-08-09,2020080901028491,AIL,35,37,10,467.00,"4,670.00"
2020-08-09,2020080901028473,AIL,35,28,10,467.00,"4,670.00"
2020-08-09,2020080901028519,AKJCL,54,16,10,54.00,540.00
2020-08-09,2020080901028518,AKJCL,54,42,20,54.00,"1,080.00"
2020-08-09,2020080901028517,AKJCL,54,42,20,54.00,"1,080.00"
2020-08-09,2020080901028459,ALBSL,51,17,95,688.00,"65,360.00"
2020-08-09,2020080901028362,ALBSL,4,40,11,680.00,"7,480.00"
2020-08-09,2020080901028625,ALICL,37,6,200,618.00,"123,600.00"
2020-08-09,2020080901028403,ALICL,50,32,500,617.00,"308,500.00"
2020-08-09,2020080901028214,ALICL,38,14,166,616.00,"102,256.00"
2020-08-09,2020080901028321,BOKL,8,45,78,222.00,"17,316.00"
2020-08-09,2020080901028320,BOKL,38,45,22,222.00,"4,884.00"
2020-08-09,2020080901028295,BOKL,25,39,800,223.00,"178,400.00"
2020-08-09,2020080901028696,BPCL,52,19,10,351.00,"3,510.00"
2020-08-09,2020080901028558,BPCL,50,8,20,350.00,"7,000.00"
2020-08-09,2020080901028418,BPCL,50,49,10,350.00,"3,500.00"
2020-08-09,2020080901028417,BPCL,43,49,14,350.00,"4,900.00"
2020-08-09,2020080901028690,CBBL,52,33,675,"1,049.00","708,075.00"
2020-08-09,2020080901028689,CBBL,52,25,40,"1,048.00","41,920.00"
2020-08-09,2020080901028662,CBL,57,6,24,144.00,"3,456.00"
2020-08-09,2020080901028434,CBL,28,54,15,143.00,"2,145.00"
2020-08-09,2020080901028331,CFCL,32,36,245,119.00,"29,155.00"
2020-08-09,2020080901028666,CHCL,22,8,10,385.00,"3,850.00"
2020-08-09,2020080901028611,CHCL,22,59,50,385.00,"19,250.00"
2020-08-09,2020080901028610,CHCL,6,59,150,385.00,"57,750.00"
2020-08-09,2020080901028632,CIT,22,40,20,"2,576.00","51,520.00"
2020-08-09,2020080901028578,CIT,48,58,130,"2,570.00","334,100.00"
2020-08-09,2020080901028577,CIT,6,58,100,"2,571.00","257,100.00"
2020-08-09,2020080901028576,CIT,41,58,20,"2,572.00","51,440.00"
2020-08-09,2020080901028258,CIT,35,50,85,"2,579.00","219,215.00"
2020-08-09,2020080901028257,CIT,35,33,10,"2,579.00","25,790.00"
2020-08-09,2020080901028256,CIT,35,40,30,"2,579.00","77,370.00"
2020-08-09,2020080901028255,CIT,35,49,10,"2,575.00","25,750.00"
2020-08-09,2020080901028489,CLBSL,35,17,11,658.00,"7,238.00"
2020-08-09,2020080901028494,CMF1,57,41,250,10.07,"2,517.50"
2020-08-09,2020080901028538,CZBIL,28,17,518,197.00,"102,046.00"
2020-08-09,2020080901028515,CZBIL,52,57,116,198.00,"22,968.00"
2020-08-09,2020080901028514,CZBIL,52,51,64,198.00,"12,672.00"
2020-08-09,2020080901028513,CZBIL,52,45,20,198.00,"3,960.00"
2020-08-09,2020080901028333,CZBIL,28,45,100,197.00,"19,700.00"
2020-08-09,2020080901028329,DHPL,41,51,10,53.00,530.00
2020-08-09,2020080901028682,EBL,58,49,20,713.00,"14,260.00"
2020-08-09,2020080901028409,EBL,58,22,52,711.00,"36,972.00"
2020-08-09,2020080901028337,EBL,35,55,20,712.00,"14,240.00"
2020-08-09,2020080901028392,EIC,57,29,35,401.00,"14,035.00"
2020-08-09,2020080901028304,EIC,58,39,100,402.00,"40,200.00"
2020-08-09,2020080901028700,FMDBL,6,49,"4,443",515.00,"2,288,145.00"
2020-08-09,2020080901028620,FMDBL,10,53,60,514.00,"30,840.00"
2020-08-09,2020080901028294,FMDBL,10,51,200,514.00,"102,800.00"
2020-08-09,2020080901028262,FMDBL,10,36,102,514.00,"52,428.00"
2020-08-09,2020080901028254,FMDBL,50,49,100,515.00,"51,500.00"
2020-08-09,2020080901028370,GBBL,5,54,10,228.00,"2,280.00"
2020-08-09,2020080901028677,GBIME,56,51,500,249.00,"124,500.00"
2020-08-09,2020080901028676,GBIME,56,45,100,249.00,"24,900.00"
2020-08-09,2020080901028675,GBIME,56,54,41,249.00,"10,209.00"
2020-08-09,2020080901028384,GBIME,41,54,30,249.00,"7,470.00"
2020-08-09,2020080901028301,GBIME,21,17,76,248.00,"18,848.00"
2020-08-09,2020080901028285,GBIME,21,6,250,248.00,"62,000.00"
2020-08-09,2020080901028284,GBIME,41,6,50,249.00,"12,450.00"
2020-08-09,2020080901028283,GBIME,26,6,25,249.00,"6,225.00"
2020-08-09,2020080901028697,GBLBS,38,8,100,466.00,"46,600.00"
2020-08-09,2020080901028364,GBLBS,41,57,165,467.00,"77,055.00"
2020-08-09,2020080901028227,GILB,22,17,49,"1,181.00","57,869.00"
2020-08-09,2020080901028684,GMFBS,22,6,10,779.00,"7,790.00"
2020-08-09,2020080901028683,GMFBS,32,6,20,779.00,"15,580.00"
2020-08-09,2020080901028366,GMFBS,5,38,10,780.00,"7,800.00"
2020-08-09,2020080901028246,HDL,41,54,170,"1,659.00","282,030.00"
2020-08-09,2020080901028209,HDL,41,48,20,"1,659.00","33,180.00"
2020-08-09,2020080901028566,HIDCL,53,35,150,127.00,"19,050.00"
2020-08-09,2020080901028395,HIDCL,37,35,200,127.00,"25,400.00"
2020-08-09,2020080901028249,HIDCL,6,35,10,127.00,"1,270.00"
2020-08-09,2020080901028287,HPPL,41,17,20,134.00,"2,680.00"
2020-08-09,2020080901028451,HURJA,13,17,10,94.00,940.00
2020-08-09,2020080901028450,HURJA,45,17,10,94.00,940.00
2020-08-09,2020080901028296,ILBS,22,25,11,705.00,"7,755.00"
2020-08-09,2020080901028319,JFL,34,58,50,165.00,"8,250.00"
2020-08-09,2020080901028667,JOSHI,6,34,70,58.00,"4,060.00"
2020-08-09,2020080901028691,KBL,52,50,200,191.00,"38,200.00"
2020-08-09,2020080901028650,KBL,45,50,19,191.00,"3,629.00"
2020-08-09,2020080901028263,KBL,50,50,200,191.00,"38,200.00"
2020-08-09,2020080901028498,KKHC,45,17,10,51.00,510.00
2020-08-09,2020080901028640,KMCDB,52,58,10,765.00,"7,650.00"
