Date,Transact. No.,Symbol,Buyer,Seller,Quantity,Rate,Amount
2019-05-14,2019051401009843,ADBL,4,45,300,416.00,"124,800.00"
2019-05-14,2019051401009814,ADBL,4,52,30,416.00,"12,480.00"
2019-05-14,2019051401009813,ADBL,45,14,500,417.00,"208,500.00"
2019-05-14,2019051401009747,ADBL,32,14,50,417.00,"20,850.00"
2019-05-14,2019051401009746,ADBL,4,14,75,416.00,"31,200.00"
2019-05-14,2019051401009444,ADBL,53,19,100,416.00,"41,600.00"
2019-05-14,2019051401009443,ADBL,42,37,400,415.00,"166,000.00"
2019-05-14,2019051401009607,ADBL,45,51,33,417.00,"13,761.00"
2019-05-14,2019051401009606,ADBL,45,8,967,417.00,"403,239.00"
2019-05-14,2019051401009511,ADBL,53,34,50,416.00,"20,800.00"
2019-05-14,2019051401009477,ADBL,53,17,100,416.00,"41,600.00"
2019-05-14,2019051401009675,ADBL,45,14,500,417.00,"208,500.00"
2019-05-14,2019051401009659,ADBL,45,14,967,417.00,"403,239.00"
2019-05-14,2019051401009655,ADBL,19,14,33,417.00,"13,761.00"
2019-05-14,2019051401009654,ADBL,19,49,100,417.00,"41,700.00"
2019-05-14,2019051401009653,ADBL,19,50,300,417.00,"125,100.00"
2019-05-14,2019051401009652,ADBL,19,51,67,417.00,"27,939.00"
2019-05-14,2019051401009738,ADBL,4,45,150,416.00,"62,400.00"
2019-05-14,2019051401009737,ADBL,45,45,100,416.00,"41,600.00"
2019-05-14,2019051401009736,ADBL,53,45,250,416.00,"104,000.00"
2019-05-14,2019051401009727,ADBL,32,14,700,417.00,"291,900.00"
2019-05-14,2019051401009705,ADBL,45,14,100,417.00,"41,700.00"
2019-05-14,2019051401009682,ADBL,32,14,200,417.00,"83,400.00"
2019-05-14,2019051401009589,AKJCL,17,50,20,78.00,"1,560.00"
2019-05-14,2019051401009563,AKJCL,17,50,10,77.00,770.00
2019-05-14,2019051401009684,AKPL,41,19,10,200.00,"2,000.00"
2019-05-14,2019051401009666,AKPL,41,41,13,199.00,"2,587.00"
2019-05-14,2019051401009608,ALBSL,57,38,10,466.00,"4,660.00"
2019-05-14,2019051401009482,ALBSL,57,59,10,466.00,"4,660.00"
2019-05-14,2019051401009716,ALICL,42,22,20,451.00,"9,020.00"
2019-05-14,2019051401009882,API,25,47,30,144.00,"4,320.00"
2019-05-14,2019051401009773,API,38,25,10,143.00,"1,430.00"
2019-05-14,2019051401009438,BBC,36,34,10,"1,605.00","16,050.00"
2019-05-14,2019051401009545,BOKL,11,44,16,277.00,"4,432.00"
2019-05-14,2019051401009542,BOKL,11,37,300,277.00,"83,100.00"
2019-05-14,2019051401009436,BOKL,11,40,200,277.00,"55,400.00"
2019-05-14,2019051401009631,BPCL,36,11,60,385.00,"23,100.00"
2019-05-14,2019051401009586,BPCL,11,14,700,386.00,"270,200.00"
2019-05-14,2019051401009519,CBBL,39,45,20,958.00,"19,160.00"
2019-05-14,2019051401009893,CBL,17,58,200,150.00,"30,000.00"
2019-05-14,2019051401009871,CBL,37,58,"2,000",150.00,"300,000.00"
2019-05-14,2019051401009826,CBL,34,52,"1,209",149.00,"180,141.00"
2019-05-14,2019051401009825,CBL,34,52,"1,500",150.00,"225,000.00"
2019-05-14,2019051401009824,CBL,56,52,30,150.00,"4,500.00"
2019-05-14,2019051401009823,CBL,45,52,200,150.00,"30,000.00"
2019-05-14,2019051401009822,CBL,56,52,61,150.00,"9,150.00"
2019-05-14,2019051401009548,CBL,56,58,139,150.00,"20,850.00"
2019-05-14,2019051401009547,CBL,54,58,500,150.00,"75,000.00"
2019-05-14,2019051401009546,CBL,45,58,361,150.00,"54,150.00"
2019-05-14,2019051401009450,CBL,45,13,30,150.00,"4,500.00"
2019-05-14,2019051401009881,CCBL,50,26,500,171.00,"85,500.00"
2019-05-14,2019051401009613,CCBL,49,29,300,172.00,"51,600.00"
2019-05-14,2019051401009522,CHLBS,25,43,62,466.00,"28,892.00"
2019-05-14,2019051401009521,CHLBS,17,43,10,467.00,"4,670.00"
2019-05-14,2019051401009778,CIT,56,58,41,"2,650.00","108,650.00"
2019-05-14,2019051401009777,CIT,36,58,50,"2,655.00","132,750.00"
2019-05-14,2019051401009776,CIT,21,58,20,"2,660.00","53,200.00"
2019-05-14,2019051401009775,CIT,52,58,10,"2,661.00","26,610.00"
2019-05-14,2019051401009848,CLBSL,54,20,10,618.00,"6,180.00"
2019-05-14,2019051401009791,CLBSL,54,29,10,590.00,"5,900.00"
2019-05-14,2019051401009790,CLBSL,54,29,10,590.00,"5,900.00"
2019-05-14,2019051401009789,CLBSL,54,14,11,589.00,"6,479.00"
2019-05-14,2019051401009641,CLBSL,54,45,50,567.00,"28,350.00"
2019-05-14,2019051401009575,CORBL,22,11,50,105.00,"5,250.00"
2019-05-14,2019051401009544,CORBL,56,11,250,105.00,"26,250.00"
2019-05-14,2019051401009860,CZBIL,21,8,50,226.00,"11,300.00"
2019-05-14,2019051401009840,CZBIL,57,49,200,225.00,"45,000.00"
2019-05-14,2019051401009605,CZBIL,22,8,90,226.00,"20,340.00"
2019-05-14,2019051401009838,DBBL,19,28,100,141.00,"14,100.00"
2019-05-14,2019051401009837,DBBL,19,1,400,141.00,"56,400.00"
2019-05-14,2019051401009836,DBBL,58,1,100,141.00,"14,100.00"
2019-05-14,2019051401009625,DBBL,17,26,500,140.00,"70,000.00"
2019-05-14,2019051401009726,EBL,5,53,17,674.00,"11,458.00"
2019-05-14,2019051401009725,EBL,5,52,33,674.00,"22,242.00"
2019-05-14,2019051401009648,EBL,58,28,170,672.00,"114,240.00"
2019-05-14,2019051401009647,EBL,58,48,35,671.00,"23,485.00"
2019-05-14,2019051401009574,EBL,59,48,14,671.00,"9,394.00"
2019-05-14,2019051401009876,EIC,35,25,20,438.00,"8,760.00"
2019-05-14,2019051401009875,EIC,45,25,21,438.00,"9,198.00"
2019-05-14,2019051401009639,FMDBL,57,7,150,420.00,"63,000.00"
2019-05-14,2019051401009638,FMDBL,57,32,50,419.00,"20,950.00"
2019-05-14,2019051401009637,FMDBL,57,32,200,417.00,"83,400.00"
2019-05-14,2019051401009572,FMDBL,25,33,54,412.00,"22,248.00"
2019-05-14,2019051401009571,FMDBL,21,33,96,412.00,"39,552.00"
2019-05-14,2019051401009902,FOWAD,36,35,50,"1,555.00","77,750.00"
2019-05-14,2019051401009783,GBBL,58,26,50,221.00,"11,050.00"
2019-05-14,2019051401009583,GBIME,5,16,138,312.00,"43,056.00"
2019-05-14,2019051401009582,GBIME,5,16,62,312.00,"19,344.00"
2019-05-14,2019051401009579,GBIME,43,16,50,312.00,"15,600.00"
2019-05-14,2019051401009517,GBIME,1,42,16,311.00,"4,976.00"
2019-05-14,2019051401009806,GBLBS,13,49,10,365.00,"3,650.00"
2019-05-14,2019051401009805,GBLBS,13,57,10,364.00,"3,640.00"
2019-05-14,2019051401009533,GBLBS,50,39,50,361.00,"18,050.00"
2019-05-14,2019051401009532,GBLBS,14,39,100,361.00,"36,100.00"
2019-05-14,2019051401009531,GBLBS,56,39,50,361.00,"18,050.00"
2019-05-14,2019051401009530,GBLBS,55,39,100,362.00,"36,200.00"
2019-05-14,2019051401009529,GBLBS,55,39,70,362.00,"25,340.00"
2019-05-14,2019051401009724,GILB,38,11,100,"1,376.00","137,600.00"
2019-05-14,2019051401009782,GLICL,1,45,30,575.00,"17,250.00"
2019-05-14,2019051401009910,GRDBL,57,57,100,104.00,"10,400.00"
2019-05-14,2019051401009867,GUFL,43,28,"5,000",107.00,"535,000.00"
2019-05-14,2019051401009866,GUFL,22,28,"1,000",107.00,"107,000.00"
2019-05-14,2019051401009865,GUFL,5,28,100,107.00,"10,700.00"
2019-05-14,2019051401009864,GUFL,44,28,"5,000",108.00,"540,000.00"
2019-05-14,2019051401009693,GUFL,39,40,270,109.00,"29,430.00"
2019-05-14,2019051401009640,HBL,13,16,300,587.00,"176,100.00"
2019-05-14,2019051401009832,HGI,48,37,18,390.00,"7,020.00"
2019-05-14,2019051401009831,HGI,38,37,20,390.00,"7,800.00"
2019-05-14,2019051401009830,HGI,40,37,50,391.00,"19,550.00"
2019-05-14,2019051401009829,HGI,36,37,500,392.00,"196,000.00"
2019-05-14,2019051401009828,HGI,21,37,76,393.00,"29,868.00"
2019-05-14,2019051401009827,HGI,50,37,336,394.00,"132,384.00"
2019-05-14,2019051401009895,HIDCL,5,42,50,155.00,"7,750.00"
2019-05-14,2019051401009890,HIDCL,45,17,583,154.00,"89,782.00"
2019-05-14,2019051401009845,HIDCL,5,42,50,155.00,"7,750.00"
2019-05-14,2019051401009765,HIDCL,5,50,150,158.00,"23,700.00"
2019-05-14,2019051401009764,HIDCL,5,42,350,158.00,"55,300.00"
2019-05-14,2019051401009745,HIDCL,35,17,200,155.00,"31,000.00"
2019-05-14,2019051401009698,HIDCL,45,50,754,155.00,"116,870.00"
2019-05-14,2019051401009697,HIDCL,45,50,528,155.00,"81,840.00"
2019-05-14,2019051401009696,HIDCL,45,22,460,155.00,"71,300.00"
2019-05-14,2019051401009749,IGI,5,25,100,437.00,"43,700.00"
2019-05-14,2019051401009715,IGI,28,48,90,431.00,"38,790.00"
2019-05-14,2019051401009714,IGI,45,48,110,433.00,"47,630.00"
2019-05-14,2019051401009750,IGI,5,6,20,438.00,"8,760.00"
2019-05-14,2019051401009892,JBBL,26,48,10,143.00,"1,430.00"
2019-05-14,2019051401009624,JBBL,47,26,40,142.00,"5,680.00"
2019-05-14,2019051401009685,JBNL,57,57,500,205.00,"102,500.00"
2019-05-14,2019051401009439,JBNL,38,39,200,204.00,"40,800.00"
2019-05-14,2019051401009692,KBBL,6,28,334,221.00,"73,814.00"
2019-05-14,2019051401009691,KBBL,54,28,50,222.00,"11,100.00"
2019-05-14,2019051401009690,KBBL,39,28,500,222.00,"111,000.00"
2019-05-14,2019051401009689,KBBL,56,28,500,222.00,"111,000.00"
2019-05-14,2019051401009688,KBBL,53,28,100,222.00,"22,200.00"
2019-05-14,2019051401009687,KBBL,49,28,14,222.00,"3,108.00"
2019-05-14,2019051401009646,KBBL,49,28,186,222.00,"41,292.00"
2019-05-14,2019051401009645,KBBL,58,28,50,223.00,"11,150.00"
2019-05-14,2019051401009643,KBL,51,39,120,222.00,"26,640.00"
2019-05-14,2019051401009905,KMCDB,33,52,10,738.00,"7,380.00"
2019-05-14,2019051401009595,KMCDB,13,35,125,725.00,"90,625.00"
2019-05-14,2019051401009594,KMCDB,13,37,100,724.00,"72,400.00"
2019-05-14,2019051401009621,KNBL,58,43,990,132.00,"130,680.00"
2019-05-14,2019051401009620,KNBL,42,43,10,133.00,"1,330.00"
2019-05-14,2019051401009597,KNBL,42,43,490,133.00,"65,170.00"
2019-05-14,2019051401009596,KNBL,34,43,10,133.00,"1,330.00"
2019-05-14,2019051401009568,KNBL,34,43,990,133.00,"131,670.00"
2019-05-14,2019051401009567,KNBL,38,43,10,134.00,"1,340.00"
2019-05-14,2019051401009474,KPCL,38,38,10,92.00,920.00
2019-05-14,2019051401009515,KPCL,38,38,10,92.00,920.00
2019-05-14,2019051401009612,KPCL,38,39,10,92.00,920.00
2019-05-14,2019051401009573,KPCL,38,38,10,92.00,920.00
2019-05-14,2019051401009906,KRBL,52,57,252,102.00,"25,704.00"
2019-05-14,2019051401009863,KRBL,52,37,97,100.00,"9,700.00"
2019-05-14,2019051401009862,KRBL,52,17,40,100.00,"4,000.00"
2019-05-14,2019051401009861,KRBL,52,42,135,100.00,"13,500.00"
2019-05-14,2019051401009834,LBBL,49,34,20,196.00,"3,920.00"
2019-05-14,2019051401009458,LBBL,26,38,275,195.00,"53,625.00"
2019-05-14,2019051401009457,LBBL,26,58,100,195.00,"19,500.00"
2019-05-14,2019051401009908,LBL,57,34,50,229.00,"11,450.00"
2019-05-14,2019051401009901,LGIL,44,34,10,520.00,"5,200.00"
2019-05-14,2019051401009556,LGIL,34,34,69,510.00,"35,190.00"
2019-05-14,2019051401009555,LGIL,42,34,481,510.00,"245,310.00"
2019-05-14,2019051401009554,LGIL,35,34,17,511.00,"8,687.00"
2019-05-14,2019051401009683,LICN,25,32,10,"1,900.00","19,000.00"
2019-05-14,2019051401009566,LVF1,47,22,"6,800",10.14,"68,952.00"
2019-05-14,2019051401009850,MBL,49,38,"1,000",272.00,"272,000.00"
2019-05-14,2019051401009849,MBL,49,37,"1,079",272.00,"293,488.00"
2019-05-14,2019051401009718,MBL,34,39,98,270.00,"26,460.00"
2019-05-14,2019051401009461,MBL,38,37,21,272.00,"5,712.00"
2019-05-14,2019051401009435,MBL,38,52,500,272.00,"136,000.00"
2019-05-14,2019051401009434,MBL,38,42,500,272.00,"136,000.00"
2019-05-14,2019051401009421,MBL,38,21,100,271.00,"27,100.00"
2019-05-14,2019051401009427,MBL,38,25,500,272.00,"136,000.00"
2019-05-14,2019051401009426,MBL,38,41,150,271.00,"40,650.00"
2019-05-14,2019051401009425,MBL,38,42,"1,000",271.00,"271,000.00"
2019-05-14,2019051401009424,MBL,38,14,500,271.00,"135,500.00"
2019-05-14,2019051401009423,MBL,38,45,209,271.00,"56,639.00"
2019-05-14,2019051401009422,MBL,38,28,500,271.00,"135,500.00"
2019-05-14,2019051401009433,MBL,38,25,900,272.00,"244,800.00"
2019-05-14,2019051401009432,MBL,38,25,100,272.00,"27,200.00"
2019-05-14,2019051401009431,MBL,38,50,320,272.00,"87,040.00"
2019-05-14,2019051401009430,MBL,38,42,500,272.00,"136,000.00"
2019-05-14,2019051401009429,MBL,38,57,150,272.00,"40,800.00"
2019-05-14,2019051401009428,MBL,38,26,950,272.00,"258,400.00"
2019-05-14,2019051401009889,MDB,45,44,10,259.00,"2,590.00"
2019-05-14,2019051401009919,MEGA,38,28,100,198.00,"19,800.00"
2019-05-14,2019051401009894,MEGA,43,28,10,198.00,"1,980.00"
2019-05-14,2019051401009820,MEGA,48,41,40,197.00,"7,880.00"
2019-05-14,2019051401009786,MEGA,33,14,500,197.00,"98,500.00"
2019-05-14,2019051401009766,MEGA,43,28,10,198.00,"1,980.00"
2019-05-14,2019051401009677,MEGA,21,11,484,196.00,"94,864.00"
2019-05-14,2019051401009514,MEGA,5,42,100,198.00,"19,800.00"
2019-05-14,2019051401009513,MEGA,5,35,400,198.00,"79,200.00"
2019-05-14,2019051401009667,MEGA,35,42,310,198.00,"61,380.00"
2019-05-14,2019051401009656,MEGA,45,42,100,198.00,"19,800.00"
2019-05-14,2019051401009630,MEGA,14,16,172,197.00,"33,884.00"
2019-05-14,2019051401009629,MEGA,51,16,28,197.00,"5,516.00"
2019-05-14,2019051401009588,MEGA,51,34,972,197.00,"191,484.00"
2019-05-14,2019051401009587,MEGA,41,34,"1,028",197.00,"202,516.00"
2019-05-14,2019051401009676,MEGA,14,11,28,197.00,"5,516.00"
2019-05-14,2019051401009672,MEGA,35,10,90,199.00,"17,910.00"
2019-05-14,2019051401009671,MEGA,35,51,500,199.00,"99,500.00"
2019-05-14,2019051401009670,MEGA,35,34,100,199.00,"19,900.00"
2019-05-14,2019051401009669,MEGA,35,35,500,198.00,"99,000.00"
2019-05-14,2019051401009668,MEGA,35,32,500,198.00,"99,000.00"
2019-05-14,2019051401009741,MERO,26,1,16,635.00,"10,160.00"
2019-05-14,2019051401009704,MERO,16,39,100,631.00,"63,100.00"
2019-05-14,2019051401009516,MERO,29,28,11,635.00,"6,985.00"
2019-05-14,2019051401009858,MNBBL,43,16,30,384.00,"11,520.00"
2019-05-14,2019051401009857,MNBBL,43,16,50,384.00,"19,200.00"
2019-05-14,2019051401009887,NABIL,21,3,30,848.00,"25,440.00"
2019-05-14,2019051401009841,NABIL,46,29,100,845.00,"84,500.00"
2019-05-14,2019051401009553,NABIL,52,29,115,844.00,"97,060.00"
2019-05-14,2019051401009534,NADEP,58,7,10,498.00,"4,980.00"
2019-05-14,2019051401009859,NBB,28,52,269,229.00,"61,601.00"
2019-05-14,2019051401009770,NBB,1,36,500,229.00,"114,500.00"
2019-05-14,2019051401009769,NBB,38,36,500,229.00,"114,500.00"
2019-05-14,2019051401009886,NBL,40,4,"5,000",313.00,"1,565,000.00"
2019-05-14,2019051401009885,NBL,48,4,500,313.00,"156,500.00"
2019-05-14,2019051401009884,NBL,40,4,"2,000",314.00,"628,000.00"
2019-05-14,2019051401009812,NBL,39,4,25,314.00,"7,850.00"
2019-05-14,2019051401009811,NBL,40,25,"1,000",313.00,"313,000.00"
2019-05-14,2019051401009801,NBL,10,10,"6,910",312.00,"2,155,920.00"
2019-05-14,2019051401009771,NBL,28,4,"2,000",314.00,"628,000.00"
2019-05-14,2019051401009760,NBL,37,4,500,314.00,"157,000.00"
2019-05-14,2019051401009744,NBL,33,43,"1,000",313.00,"313,000.00"
2019-05-14,2019051401009633,NBL,34,4,60,314.00,"18,840.00"
2019-05-14,2019051401009619,NBL,5,4,160,314.00,"50,240.00"
2019-05-14,2019051401009618,NBL,5,4,40,314.00,"12,560.00"
2019-05-14,2019051401009907,NCCB,42,32,"1,000",259.00,"259,000.00"
2019-05-14,2019051401009722,NCCB,51,32,500,259.00,"129,500.00"
2019-05-14,2019051401009720,NCCB,44,35,370,258.00,"95,460.00"
2019-05-14,2019051401009673,NCCB,44,39,"1,000",258.00,"258,000.00"
2019-05-14,2019051401009593,NCCB,44,11,500,258.00,"129,000.00"
2019-05-14,2019051401009562,NCCB,44,11,500,258.00,"129,000.00"
2019-05-14,2019051401009520,NCCB,5,32,"1,000",259.00,"259,000.00"
2019-05-14,2019051401009480,NCCB,44,50,"1,000",258.00,"258,000.00"
2019-05-14,2019051401009734,NCDB,28,26,500,138.00,"69,000.00"
2019-05-14,2019051401009733,NCDB,7,26,500,138.00,"69,000.00"
2019-05-14,2019051401009518,NCDB,28,26,"1,000",139.00,"139,000.00"
2019-05-14,2019051401009616,NHPC,52,41,"3,300",68.00,"224,400.00"
2019-05-14,2019051401009615,NHPC,45,41,"1,000",68.00,"68,000.00"
2019-05-14,2019051401009904,NIB,49,51,16,551.00,"8,816.00"
2019-05-14,2019051401009903,NIB,49,29,44,550.00,"24,200.00"
2019-05-14,2019051401009800,NIB,38,48,232,548.00,"127,136.00"
2019-05-14,2019051401009799,NIB,29,48,270,548.00,"147,960.00"
2019-05-14,2019051401009731,NIB,49,51,71,551.00,"39,121.00"
2019-05-14,2019051401009730,NIB,49,59,79,550.00,"43,450.00"
2019-05-14,2019051401009543,NIB,29,37,100,548.00,"54,800.00"
2019-05-14,2019051401009729,NIB,49,42,50,550.00,"27,500.00"
2019-05-14,2019051401009728,NIB,52,11,49,549.00,"26,901.00"
2019-05-14,2019051401009665,NIB,29,42,130,548.00,"71,240.00"
2019-05-14,2019051401009664,NIB,29,42,370,549.00,"203,130.00"
2019-05-14,2019051401009581,NIB,29,14,500,549.00,"274,500.00"
2019-05-14,2019051401009580,NIB,29,5,30,549.00,"16,470.00"
2019-05-14,2019051401009874,NIBPO,28,7,10,520.00,"5,200.00"
2019-05-14,2019051401009873,NIBPO,28,28,24,520.00,"12,480.00"
2019-05-14,2019051401009628,NIBPO,17,39,324,516.00,"167,184.00"
2019-05-14,2019051401009627,NIBPO,8,39,40,516.00,"20,640.00"
2019-05-14,2019051401009626,NIBPO,28,39,36,517.00,"18,612.00"
2019-05-14,2019051401009484,NIBPO,28,56,32,517.00,"16,544.00"
2019-05-14,2019051401009839,NICA,53,44,400,493.00,"197,200.00"
2019-05-14,2019051401009490,NICA,39,41,97,492.00,"47,724.00"
2019-05-14,2019051401009768,NICL,47,10,200,402.00,"80,400.00"
2019-05-14,2019051401009743,NICL,47,10,200,402.00,"80,400.00"
2019-05-14,2019051401009703,NICL,42,40,500,401.00,"200,500.00"
2019-05-14,2019051401009702,NICL,42,54,10,401.00,"4,010.00"
2019-05-14,2019051401009651,NICL,42,42,736,400.00,"294,400.00"
2019-05-14,2019051401009650,NICL,42,42,100,399.00,"39,900.00"
2019-05-14,2019051401009649,NICL,42,16,200,398.00,"79,600.00"
2019-05-14,2019051401009557,NICL,47,5,10,394.00,"3,940.00"
2019-05-14,2019051401009795,NLG,52,39,90,857.00,"77,130.00"
2019-05-14,2019051401009713,NLG,25,39,10,857.00,"8,570.00"
2019-05-14,2019051401009701,NLIC,50,52,19,963.00,"18,297.00"
2019-05-14,2019051401009700,NLIC,51,52,60,966.00,"57,960.00"
2019-05-14,2019051401009699,NLIC,45,52,50,967.00,"48,350.00"
2019-05-14,2019051401009528,NLIC,41,40,52,969.00,"50,388.00"
2019-05-14,2019051401009507,NLIC,55,52,59,970.00,"57,230.00"
2019-05-14,2019051401009506,NLIC,55,28,25,970.00,"24,250.00"
2019-05-14,2019051401009505,NLIC,55,41,17,970.00,"16,490.00"
2019-05-14,2019051401009504,NLIC,55,17,17,970.00,"16,490.00"
2019-05-14,2019051401009503,NLIC,55,55,17,970.00,"16,490.00"
2019-05-14,2019051401009502,NLIC,55,45,40,966.00,"38,640.00"
2019-05-14,2019051401009501,NLIC,55,14,25,965.00,"24,125.00"
2019-05-14,2019051401009636,NLICL,42,42,70,670.00,"46,900.00"
2019-05-14,2019051401009635,NLICL,50,42,30,671.00,"20,130.00"
2019-05-14,2019051401009634,NLICL,6,42,10,671.00,"6,710.00"
2019-05-14,2019051401009455,NLICL,18,50,120,675.00,"81,000.00"
2019-05-14,2019051401009880,NMB,14,45,10,388.00,"3,880.00"
2019-05-14,2019051401009695,NMB,49,37,150,386.00,"57,900.00"
2019-05-14,2019051401009602,NMB,14,49,80,387.00,"30,960.00"
2019-05-14,2019051401009601,NMB,14,11,100,387.00,"38,700.00"
2019-05-14,2019051401009600,NMB,14,6,"1,000",387.00,"387,000.00"
2019-05-14,2019051401009599,NMB,14,34,126,387.00,"48,762.00"
2019-05-14,2019051401009598,NMB,14,25,"1,000",387.00,"387,000.00"
2019-05-14,2019051401009536,NMB,14,44,"1,468",386.00,"566,648.00"
2019-05-14,2019051401009500,NMB,49,44,488,386.00,"188,368.00"
2019-05-14,2019051401009499,NMB,49,6,712,386.00,"274,832.00"
2019-05-14,2019051401009479,NMB,49,40,150,385.00,"57,750.00"
2019-05-14,2019051401009661,NMFBS,21,40,15,"1,703.00","25,545.00"
2019-05-14,2019051401009660,NMFBS,21,35,15,"1,703.00","25,545.00"
2019-05-14,2019051401009891,NTC,50,44,990,717.00,"709,830.00"
2019-05-14,2019051401009802,NTC,43,44,10,717.00,"7,170.00"
2019-05-14,2019051401009916,OHL,25,59,410,663.00,"271,830.00"
2019-05-14,2019051401009915,OHL,25,50,360,657.00,"236,520.00"
2019-05-14,2019051401009914,OHL,25,33,500,654.00,"327,000.00"
2019-05-14,2019051401009913,OHL,25,34,100,654.00,"65,400.00"
2019-05-14,2019051401009912,OHL,25,5,100,650.00,"65,000.00"
2019-05-14,2019051401009911,OHL,25,54,30,650.00,"19,500.00"
2019-05-14,2019051401009558,OHL,25,39,15,638.00,"9,570.00"
2019-05-14,2019051401009442,OHL,25,40,275,638.00,"175,450.00"
2019-05-14,2019051401009584,OHL,50,5,100,641.00,"64,100.00"
2019-05-14,2019051401009578,OHL,57,17,100,640.00,"64,000.00"
2019-05-14,2019051401009577,OHL,57,25,"1,000",640.00,"640,000.00"
2019-05-14,2019051401009576,OHL,57,16,316,640.00,"202,240.00"
2019-05-14,2019051401009560,OHL,25,16,85,640.00,"54,400.00"
2019-05-14,2019051401009559,OHL,25,43,200,639.00,"127,800.00"
2019-05-14,2019051401009754,OHL,42,58,52,644.00,"33,488.00"
2019-05-14,2019051401009723,OHL,50,35,30,642.00,"19,260.00"
2019-05-14,2019051401009674,OHL,50,16,100,642.00,"64,200.00"
2019-05-14,2019051401009644,OHL,50,46,333,642.00,"213,786.00"
2019-05-14,2019051401009623,OHL,50,50,100,642.00,"64,200.00"
2019-05-14,2019051401009585,OHL,50,17,"1,321",642.00,"848,082.00"
2019-05-14,2019051401009816,OHL,50,17,16,642.00,"10,272.00"
2019-05-14,2019051401009774,OHL,57,54,60,650.00,"39,000.00"
2019-05-14,2019051401009758,OHL,42,42,"1,000",645.00,"645,000.00"
2019-05-14,2019051401009757,OHL,42,44,"1,042",645.00,"672,090.00"
2019-05-14,2019051401009756,OHL,42,28,500,645.00,"322,500.00"
2019-05-14,2019051401009755,OHL,42,59,500,645.00,"322,500.00"
2019-05-14,2019051401009879,OHL,57,54,10,650.00,"6,500.00"
2019-05-14,2019051401009878,OHL,57,43,100,648.00,"64,800.00"
2019-05-14,2019051401009846,OHL,53,17,98,642.00,"62,916.00"
2019-05-14,2019051401009883,PCBL,58,45,100,381.00,"38,100.00"
2019-05-14,2019051401009872,PCBL,58,58,"1,500",380.00,"570,000.00"
2019-05-14,2019051401009810,PCBL,49,22,200,381.00,"76,200.00"
2019-05-14,2019051401009809,PCBL,49,34,500,381.00,"190,500.00"
2019-05-14,2019051401009808,PCBL,49,34,500,381.00,"190,500.00"
2019-05-14,2019051401009759,PCBL,58,13,200,380.00,"76,000.00"
2019-05-14,2019051401009459,PCBL,28,56,15,379.00,"5,685.00"
2019-05-14,2019051401009551,PCBL,58,43,500,380.00,"190,000.00"
2019-05-14,2019051401009550,PCBL,58,25,"1,000",380.00,"380,000.00"
2019-05-14,2019051401009549,PCBL,58,55,400,380.00,"152,000.00"
2019-05-14,2019051401009538,PCBL,57,56,75,379.00,"28,425.00"
2019-05-14,2019051401009510,PCBL,21,56,910,379.00,"344,890.00"
2019-05-14,2019051401009509,PCBL,21,8,90,378.00,"34,020.00"
2019-05-14,2019051401009748,PCBL,58,41,137,380.00,"52,060.00"
2019-05-14,2019051401009739,PCBL,53,6,500,381.00,"190,500.00"
2019-05-14,2019051401009721,PCBL,58,41,20,380.00,"7,600.00"
2019-05-14,2019051401009719,PCBL,58,19,148,380.00,"56,240.00"
2019-05-14,2019051401009686,PCBL,58,6,268,381.00,"102,108.00"
2019-05-14,2019051401009552,PCBL,58,41,100,380.00,"38,000.00"
2019-05-14,2019051401009847,PIC,11,36,101,"1,230.00","124,230.00"
2019-05-14,2019051401009798,PIC,11,58,30,"1,230.00","36,900.00"
2019-05-14,2019051401009732,PIC,11,7,65,"1,230.00","79,950.00"
2019-05-14,2019051401009681,PIC,6,33,137,"1,228.00","168,236.00"
2019-05-14,2019051401009680,PIC,56,33,100,"1,228.00","122,800.00"
2019-05-14,2019051401009679,PIC,44,33,23,"1,228.00","28,244.00"
2019-05-14,2019051401009678,PIC,41,33,40,"1,229.00","49,160.00"
2019-05-14,2019051401009604,PIC,41,51,10,"1,229.00","12,290.00"
2019-05-14,2019051401009603,PIC,19,51,40,"1,229.00","49,160.00"
2019-05-14,2019051401009918,PICL,14,39,160,740.00,"118,400.00"
2019-05-14,2019051401009917,PICL,19,39,40,740.00,"29,600.00"
2019-05-14,2019051401009591,PMHPL,56,38,10,112.00,"1,120.00"
2019-05-14,2019051401009540,PMHPL,56,38,10,112.00,"1,120.00"
2019-05-14,2019051401009489,PMHPL,56,38,10,112.00,"1,120.00"
2019-05-14,2019051401009445,PMHPL,56,38,10,112.00,"1,120.00"
2019-05-14,2019051401009487,PRVU,47,53,200,283.00,"56,600.00"
2019-05-14,2019051401009486,PRVU,57,53,550,283.00,"155,650.00"
2019-05-14,2019051401009485,PRVU,39,53,170,283.00,"48,110.00"
2019-05-14,2019051401009870,PRVU,49,58,120,285.00,"34,200.00"
2019-05-14,2019051401009869,PRVU,49,29,100,284.00,"28,400.00"
2019-05-14,2019051401009868,PRVU,49,53,80,283.00,"22,640.00"
2019-05-14,2019051401009753,RADHI,38,38,1,157.00,157.00
2019-05-14,2019051401009707,RBCLPO,58,25,10,"10,063.00","100,630.00"
2019-05-14,2019051401009706,RBCLPO,35,25,10,"10,063.00","100,630.00"
2019-05-14,2019051401009712,RBCLPO,44,25,10,"10,063.00","100,630.00"
2019-05-14,2019051401009711,RBCLPO,58,25,10,"10,063.00","100,630.00"
2019-05-14,2019051401009710,RBCLPO,28,25,30,"10,063.00","301,890.00"
2019-05-14,2019051401009709,RBCLPO,28,25,16,"10,063.00","161,008.00"
2019-05-14,2019051401009708,RBCLPO,58,25,10,"10,063.00","100,630.00"
2019-05-14,2019051401009420,RRHP,59,38,10,94.00,940.00
2019-05-14,2019051401009592,SADBL,58,50,500,150.00,"75,000.00"
2019-05-14,2019051401009476,SADBL,58,50,500,150.00,"75,000.00"
2019-05-14,2019051401009475,SADBL,52,50,"1,000",150.00,"150,000.00"
2019-05-14,2019051401009835,SANIMA,19,39,170,362.00,"61,540.00"
2019-05-14,2019051401009742,SANIMA,19,39,180,362.00,"65,160.00"
2019-05-14,2019051401009717,SANIMA,25,42,660,361.00,"238,260.00"
2019-05-14,2019051401009662,SANIMA,5,45,200,363.00,"72,600.00"
2019-05-14,2019051401009437,SANIMA,25,50,"1,000",361.00,"361,000.00"
2019-05-14,2019051401009441,SBBLJ,16,45,500,195.00,"97,500.00"
2019-05-14,2019051401009440,SBBLJ,25,45,376,195.00,"73,320.00"
2019-05-14,2019051401009694,SBI,56,54,15,485.00,"7,275.00"
2019-05-14,2019051401009512,SBI,56,45,47,485.00,"22,795.00"
2019-05-14,2019051401009807,SBL,13,50,500,340.00,"170,000.00"
2019-05-14,2019051401009740,SBL,13,52,67,340.00,"22,780.00"
2019-05-14,2019051401009614,SBL,48,52,"3,000",341.00,"1,023,000.00"
2019-05-14,2019051401009453,SBL,13,40,200,340.00,"68,000.00"
2019-05-14,2019051401009818,SCB,34,40,10,699.00,"6,990.00"
2019-05-14,2019051401009817,SCB,34,45,40,694.00,"27,760.00"
2019-05-14,2019051401009570,SCB,59,28,180,690.00,"124,200.00"
2019-05-14,2019051401009569,SCB,49,28,10,690.00,"6,900.00"
2019-05-14,2019051401009781,SDESI,1,21,23,617.00,"14,191.00"
2019-05-14,2019051401009481,SDESI,38,38,1,608.00,608.00
2019-05-14,2019051401009900,SHINE,17,43,110,253.00,"27,830.00"
2019-05-14,2019051401009797,SHINE,34,49,10,256.00,"2,560.00"
2019-05-14,2019051401009796,SHINE,34,14,190,255.00,"48,450.00"
2019-05-14,2019051401009617,SHIVM,52,32,50,546.00,"27,300.00"
2019-05-14,2019051401009899,SHL,14,44,100,245.00,"24,500.00"
2019-05-14,2019051401009898,SHL,57,44,100,245.00,"24,500.00"
2019-05-14,2019051401009897,SHL,17,44,"1,000",245.00,"245,000.00"
2019-05-14,2019051401009896,SHL,50,44,201,245.00,"49,245.00"
2019-05-14,2019051401009804,SHL,35,44,"1,000",246.00,"246,000.00"
2019-05-14,2019051401009803,SHL,40,44,500,247.00,"123,500.00"
2019-05-14,2019051401009622,SHL,40,44,"1,000",247.00,"247,000.00"
2019-05-14,2019051401009535,SHL,6,38,210,247.00,"51,870.00"
2019-05-14,2019051401009856,SHPC,6,46,"1,000",267.00,"267,000.00"
2019-05-14,2019051401009855,SHPC,36,46,"1,000",267.00,"267,000.00"
2019-05-14,2019051401009854,SHPC,40,46,500,267.00,"133,500.00"
2019-05-14,2019051401009853,SHPC,35,46,25,267.00,"6,675.00"
2019-05-14,2019051401009852,SHPC,39,46,50,267.00,"13,350.00"
2019-05-14,2019051401009851,SHPC,26,46,275,267.00,"73,425.00"
2019-05-14,2019051401009449,SHPC,26,29,725,267.00,"193,575.00"
2019-05-14,2019051401009448,SHPC,10,29,200,268.00,"53,600.00"
2019-05-14,2019051401009447,SHPC,5,29,75,268.00,"20,100.00"
2019-05-14,2019051401009446,SHPC,45,29,100,268.00,"26,800.00"
2019-05-14,2019051401009767,SHPC,39,46,10,270.00,"2,700.00"
2019-05-14,2019051401009611,SICL,16,43,500,895.00,"447,500.00"
2019-05-14,2019051401009610,SICL,16,43,430,895.00,"384,850.00"
2019-05-14,2019051401009609,SICL,16,45,20,894.00,"17,880.00"
2019-05-14,2019051401009508,SICL,51,43,70,895.00,"62,650.00"
2019-05-14,2019051401009752,SIFC,34,11,96,149.00,"14,304.00"
2019-05-14,2019051401009751,SIFC,34,34,34,149.00,"5,066.00"
2019-05-14,2019051401009735,SIFC,34,17,10,147.00,"1,470.00"
2019-05-14,2019051401009909,SIL,44,7,11,614.00,"6,754.00"
2019-05-14,2019051401009590,SIL,44,58,341,609.00,"207,669.00"
2019-05-14,2019051401009541,SIL,43,5,50,610.00,"30,500.00"
2019-05-14,2019051401009527,SIL,43,5,50,610.00,"30,500.00"
2019-05-14,2019051401009526,SIL,49,5,30,610.00,"18,300.00"
2019-05-14,2019051401009525,SIL,59,5,100,610.00,"61,000.00"
2019-05-14,2019051401009524,SIL,39,5,50,611.00,"30,550.00"
2019-05-14,2019051401009523,SIL,25,5,121,611.00,"73,931.00"
2019-05-14,2019051401009454,SIL,25,52,279,611.00,"170,469.00"
2019-05-14,2019051401009483,SINDU,29,26,50,136.00,"6,800.00"
2019-05-14,2019051401009888,SKBBL,44,45,100,"1,003.00","100,300.00"
2019-05-14,2019051401009663,SKBBL,22,52,67,"1,003.00","67,201.00"
2019-05-14,2019051401009456,SKBBL,22,19,100,"1,003.00","100,300.00"
2019-05-14,2019051401009842,SLBS,54,21,18,832.00,"14,976.00"
2019-05-14,2019051401009844,SLICL,34,35,10,609.00,"6,090.00"
2019-05-14,2019051401009792,SLICL,8,35,20,609.00,"12,180.00"
2019-05-14,2019051401009658,SLICL,21,35,89,609.00,"54,201.00"
2019-05-14,2019051401009657,SLICL,21,45,11,608.00,"6,688.00"
2019-05-14,2019051401009460,SLICL,22,35,200,609.00,"121,800.00"
2019-05-14,2019051401009451,SLICL,1,35,50,609.00,"30,450.00"
2019-05-14,2019051401009565,SLICL,16,34,200,608.00,"121,600.00"
2019-05-14,2019051401009564,SLICL,57,45,90,607.00,"54,630.00"
2019-05-14,2019051401009877,SMATA,41,32,10,"1,299.00","12,990.00"
2019-05-14,2019051401009561,SMATA,41,32,10,"1,280.00","12,800.00"
2019-05-14,2019051401009642,SWBBL,49,47,200,909.00,"181,800.00"
2019-05-14,2019051401009833,UIC,56,1,10,966.00,"9,660.00"
2019-05-14,2019051401009819,UIC,51,57,40,975.00,"39,000.00"
2019-05-14,2019051401009815,UNL,54,17,20,"19,796.00","395,920.00"
2019-05-14,2019051401009794,UPCL,58,41,40,95.00,"3,800.00"
2019-05-14,2019051401009793,UPCL,58,41,10,95.00,950.00
2019-05-14,2019051401009821,UPPER,7,45,200,249.00,"49,800.00"
2019-05-14,2019051401009788,UPPER,7,37,510,250.00,"127,500.00"
2019-05-14,2019051401009787,UPPER,7,35,490,250.00,"122,500.00"
2019-05-14,2019051401009785,UPPER,33,45,10,247.00,"2,470.00"
2019-05-14,2019051401009784,UPPER,41,45,30,249.00,"7,470.00"
2019-05-14,2019051401009780,UPPER,41,17,20,249.00,"4,980.00"
2019-05-14,2019051401009462,UPPER,7,50,500,249.00,"124,500.00"
2019-05-14,2019051401009452,UPPER,14,50,500,249.00,"124,500.00"
2019-05-14,2019051401009468,UPPER,7,37,50,250.00,"12,500.00"
2019-05-14,2019051401009467,UPPER,7,37,50,250.00,"12,500.00"
2019-05-14,2019051401009466,UPPER,7,37,50,250.00,"12,500.00"
2019-05-14,2019051401009465,UPPER,7,37,50,250.00,"12,500.00"
2019-05-14,2019051401009464,UPPER,7,40,40,250.00,"10,000.00"
2019-05-14,2019051401009463,UPPER,7,37,30,250.00,"7,500.00"
2019-05-14,2019051401009473,UPPER,7,50,50,250.00,"12,500.00"
2019-05-14,2019051401009472,UPPER,7,37,50,250.00,"12,500.00"
2019-05-14,2019051401009471,UPPER,7,32,40,250.00,"10,000.00"
2019-05-14,2019051401009470,UPPER,7,37,50,250.00,"12,500.00"
2019-05-14,2019051401009469,UPPER,7,37,40,250.00,"10,000.00"
2019-05-14,2019051401009495,UPPER,7,1,50,250.00,"12,500.00"
2019-05-14,2019051401009494,UPPER,7,33,40,250.00,"10,000.00"
2019-05-14,2019051401009493,UPPER,7,34,170,250.00,"42,500.00"
2019-05-14,2019051401009492,UPPER,7,50,50,250.00,"12,500.00"
2019-05-14,2019051401009491,UPPER,7,13,500,249.00,"124,500.00"
2019-05-14,2019051401009488,UPPER,50,22,50,248.00,"12,400.00"
2019-05-14,2019051401009539,UPPER,50,49,40,248.00,"9,920.00"
2019-05-14,2019051401009537,UPPER,50,34,"2,500",248.00,"620,000.00"
2019-05-14,2019051401009498,UPPER,7,35,50,250.00,"12,500.00"
2019-05-14,2019051401009497,UPPER,7,19,40,250.00,"10,000.00"
2019-05-14,2019051401009496,UPPER,7,39,100,250.00,"25,000.00"
2019-05-14,2019051401009632,UPPER,50,17,300,248.00,"74,400.00"
2019-05-14,2019051401009779,UPPER,41,21,50,249.00,"12,450.00"
2019-05-14,2019051401009772,UPPER,37,21,50,249.00,"12,450.00"
2019-05-14,2019051401009763,UPPER,34,45,500,248.00,"124,000.00"
2019-05-14,2019051401009762,UPPER,39,45,200,248.00,"49,600.00"
2019-05-14,2019051401009761,UPPER,14,45,"1,000",248.00,"248,000.00"
2019-05-14,2019051401009478,VLBS,17,45,30,590.00,"17,700.00"
2019-05-14,2019051401009387,ADBL,58,8,33,417.00,"13,761.00"
2019-05-14,2019051401009386,ADBL,58,8,100,417.00,"41,700.00"
2019-05-14,2019051401009385,ADBL,58,6,59,417.00,"24,603.00"
2019-05-14,2019051401009384,ADBL,58,47,58,417.00,"24,186.00"
2019-05-14,2019051401009379,ADBL,42,8,100,415.00,"41,500.00"
2019-05-14,2019051401009318,ADBL,42,36,437,415.00,"181,355.00"
2019-05-14,2019051401008943,ADBL,4,49,100,417.00,"41,700.00"
2019-05-14,2019051401008942,ADBL,4,43,100,417.00,"41,700.00"
2019-05-14,2019051401008941,ADBL,4,57,761,417.00,"317,337.00"
2019-05-14,2019051401008933,ADBL,16,57,100,417.00,"41,700.00"
2019-05-14,2019051401008922,ADBL,41,49,80,416.00,"33,280.00"
2019-05-14,2019051401009067,ADBL,3,11,200,415.00,"83,000.00"
2019-05-14,2019051401008993,ADBL,42,33,500,418.00,"209,000.00"
2019-05-14,2019051401008992,ADBL,42,43,500,418.00,"209,000.00"
2019-05-14,2019051401008946,ADBL,4,5,700,417.00,"291,900.00"
2019-05-14,2019051401008945,ADBL,4,29,"1,000",417.00,"417,000.00"
2019-05-14,2019051401008944,ADBL,4,14,"3,000",417.00,"1,251,000.00"
2019-05-14,2019051401009165,ADBL,45,43,450,416.00,"187,200.00"
2019-05-14,2019051401009154,ADBL,45,6,50,416.00,"20,800.00"
2019-05-14,2019051401009122,ADBL,17,56,84,416.00,"34,944.00"
2019-05-14,2019051401009079,ADBL,52,6,41,417.00,"17,097.00"
2019-05-14,2019051401009074,ADBL,52,16,559,417.00,"233,103.00"
2019-05-14,2019051401009072,ADBL,3,26,104,415.00,"43,160.00"
2019-05-14,2019051401009317,ADBL,3,36,113,415.00,"46,895.00"
2019-05-14,2019051401009290,ADBL,45,52,79,416.00,"32,864.00"
2019-05-14,2019051401009260,ADBL,45,52,100,416.00,"41,600.00"
2019-05-14,2019051401009239,ADBL,45,52,21,416.00,"8,736.00"
2019-05-14,2019051401009200,ADBL,45,8,79,416.00,"32,864.00"
2019-05-14,2019051401009188,ADBL,45,43,50,416.00,"20,800.00"
2019-05-14,2019051401008969,AHPC,36,45,"1,965",106.00,"208,290.00"
2019-05-14,2019051401008968,AHPC,34,45,50,107.00,"5,350.00"
2019-05-14,2019051401008967,AHPC,43,45,500,107.00,"53,500.00"
2019-05-14,2019051401008966,AHPC,41,45,180,107.00,"19,260.00"
2019-05-14,2019051401009330,AKJCL,47,39,10,76.00,760.00
2019-05-14,2019051401009144,AKJCL,47,45,20,76.00,"1,520.00"
2019-05-14,2019051401008936,AKJCL,58,39,20,76.00,"1,520.00"
2019-05-14,2019051401009374,AKPL,28,19,121,196.00,"23,716.00"
2019-05-14,2019051401008999,ALBSL,17,25,10,470.00,"4,700.00"
2019-05-14,2019051401008998,ALBSL,17,37,10,470.00,"4,700.00"
2019-05-14,2019051401008997,ALBSL,17,47,10,470.00,"4,700.00"
2019-05-14,2019051401009328,ALICL,42,19,25,450.00,"11,250.00"
2019-05-14,2019051401009327,ALICL,42,1,20,450.00,"9,000.00"
2019-05-14,2019051401009326,ALICL,42,43,300,449.00,"134,700.00"
2019-05-14,2019051401009325,ALICL,42,57,200,448.00,"89,600.00"
2019-05-14,2019051401009299,ALICL,42,26,234,447.00,"104,598.00"
2019-05-14,2019051401009298,ALICL,42,48,900,447.00,"402,300.00"
2019-05-14,2019051401008927,ALICL,38,35,100,446.00,"44,600.00"
2019-05-14,2019051401009297,ALICL,42,57,"1,000",446.00,"446,000.00"
2019-05-14,2019051401009166,ALICL,42,45,50,445.00,"22,250.00"
2019-05-14,2019051401009103,ALICL,42,16,500,445.00,"222,500.00"
2019-05-14,2019051401009082,ALICL,42,17,807,445.00,"359,115.00"
2019-05-14,2019051401008928,ALICL,36,35,100,446.00,"44,600.00"
2019-05-14,2019051401009202,BOKL,53,45,100,277.00,"27,700.00"
2019-05-14,2019051401009121,BOKL,42,44,220,278.00,"61,160.00"
2019-05-14,2019051401009117,BOKL,11,44,76,278.00,"21,128.00"
2019-05-14,2019051401009365,BPCL,34,37,68,385.00,"26,180.00"
2019-05-14,2019051401009345,BPCL,34,35,10,385.00,"3,850.00"
2019-05-14,2019051401009062,BPCL,34,35,100,385.00,"38,500.00"
2019-05-14,2019051401009015,CBBL,19,51,50,960.00,"48,000.00"
2019-05-14,2019051401009014,CBBL,19,45,50,960.00,"48,000.00"
2019-05-14,2019051401009264,CBL,45,1,82,150.00,"12,300.00"
2019-05-14,2019051401009215,CBL,45,26,27,150.00,"4,050.00"
2019-05-14,2019051401009085,CBL,45,26,22,150.00,"3,300.00"
2019-05-14,2019051401008979,CBL,45,58,28,150.00,"4,200.00"
2019-05-14,2019051401008978,CBL,1,58,150,150.00,"22,500.00"
2019-05-14,2019051401008977,CBL,29,58,"2,500",150.00,"375,000.00"
2019-05-14,2019051401008926,CBL,7,43,"1,078",150.00,"161,700.00"
2019-05-14,2019051401008925,CBL,19,43,500,150.00,"75,000.00"
2019-05-14,2019051401008924,CBL,36,43,422,150.00,"63,300.00"
2019-05-14,2019051401008976,CBL,38,58,100,150.00,"15,000.00"
2019-05-14,2019051401008975,CBL,38,58,100,150.00,"15,000.00"
2019-05-14,2019051401008974,CBL,38,58,100,150.00,"15,000.00"
2019-05-14,2019051401008973,CBL,38,58,100,150.00,"15,000.00"
2019-05-14,2019051401008972,CBL,8,58,"1,000",150.00,"150,000.00"
2019-05-14,2019051401008971,CBL,7,58,422,150.00,"63,300.00"
2019-05-14,2019051401009164,CCBL,35,6,45,169.00,"7,605.00"
2019-05-14,2019051401009163,CCBL,43,6,147,169.00,"24,843.00"
2019-05-14,2019051401009162,CCBL,5,6,40,170.00,"6,800.00"
2019-05-14,2019051401009119,CCBL,5,25,"1,066",170.00,"181,220.00"
2019-05-14,2019051401009094,CCBL,43,26,53,169.00,"8,957.00"
2019-05-14,2019051401009090,CCBL,57,25,40,170.00,"6,800.00"
2019-05-14,2019051401009352,CFCL,11,21,200,112.00,"22,400.00"
2019-05-14,2019051401009351,CFCL,11,5,200,112.00,"22,400.00"
2019-05-14,2019051401009313,CHCL,55,34,80,530.00,"42,400.00"
2019-05-14,2019051401009305,CHLBS,39,19,90,468.00,"42,120.00"
2019-05-14,2019051401009300,CHLBS,39,19,10,467.00,"4,670.00"
2019-05-14,2019051401009369,CLBSL,54,39,10,578.00,"5,780.00"
2019-05-14,2019051401009237,CORBL,34,42,20,107.00,"2,140.00"
2019-05-14,2019051401009419,CZBIL,57,39,111,225.00,"24,975.00"
2019-05-14,2019051401009342,CZBIL,57,8,101,225.00,"22,725.00"
2019-05-14,2019051401009341,CZBIL,28,8,191,225.00,"42,975.00"
2019-05-14,2019051401009291,CZBIL,28,55,120,225.00,"27,000.00"
2019-05-14,2019051401009238,CZBIL,28,1,78,225.00,"17,550.00"
2019-05-14,2019051401009071,CZBIL,16,8,100,226.00,"22,600.00"
2019-05-14,2019051401008981,CZBIL,28,39,10,225.00,"2,250.00"
2019-05-14,2019051401008953,CZBIL,39,8,100,226.00,"22,600.00"
2019-05-14,2019051401009293,DBBL,47,38,526,140.00,"73,640.00"
2019-05-14,2019051401008982,DBBL,58,49,100,139.00,"13,900.00"
2019-05-14,2019051401008951,DBBL,58,37,140,140.00,"19,600.00"
2019-05-14,2019051401009107,EBL,43,45,100,669.00,"66,900.00"
2019-05-14,2019051401009073,EIC,45,11,10,438.00,"4,380.00"
2019-05-14,2019051401008948,EIC,45,19,19,438.00,"8,322.00"
2019-05-14,2019051401008947,EIC,45,19,25,438.00,"10,950.00"
2019-05-14,2019051401009257,FMDBL,21,37,104,412.00,"42,848.00"
2019-05-14,2019051401009197,FOWAD,36,35,100,"1,559.00","155,900.00"
2019-05-14,2019051401009196,FOWAD,36,35,100,"1,556.00","155,600.00"
2019-05-14,2019051401009195,FOWAD,36,33,115,"1,550.00","178,250.00"
2019-05-14,2019051401009194,FOWAD,36,45,50,"1,540.00","77,000.00"
2019-05-14,2019051401009013,FOWAD,17,33,100,"1,540.00","154,000.00"
2019-05-14,2019051401009012,FOWAD,17,33,10,"1,540.00","15,400.00"
2019-05-14,2019051401009306,GBBL,44,48,410,221.00,"90,610.00"
2019-05-14,2019051401009289,GBBL,44,48,"1,000",221.00,"221,000.00"
2019-05-14,2019051401009281,GBBL,39,48,200,221.00,"44,200.00"
2019-05-14,2019051401009268,GBBL,1,48,10,221.00,"2,210.00"
2019-05-14,2019051401009258,GBBL,39,48,500,221.00,"110,500.00"
2019-05-14,2019051401009118,GBBL,26,48,200,221.00,"44,200.00"
2019-05-14,2019051401009102,GBBL,59,26,50,220.00,"11,000.00"
2019-05-14,2019051401009035,GBBL,52,48,100,221.00,"22,100.00"
2019-05-14,2019051401009011,GBBL,34,48,300,221.00,"66,300.00"
2019-05-14,2019051401009340,GBIME,14,16,200,312.00,"62,400.00"
2019-05-14,2019051401009339,GBIME,39,16,200,312.00,"62,400.00"
2019-05-14,2019051401009338,GBIME,17,16,850,312.00,"265,200.00"
2019-05-14,2019051401009267,GBIME,17,49,150,312.00,"46,800.00"
2019-05-14,2019051401009266,GBIME,59,49,50,312.00,"15,600.00"
2019-05-14,2019051401009191,GBIME,59,1,50,312.00,"15,600.00"
2019-05-14,2019051401009131,GBLBS,55,45,30,362.00,"10,860.00"
2019-05-14,2019051401009227,GDBL,14,45,20,209.00,"4,180.00"
2019-05-14,2019051401009174,GDBL,43,26,100,209.00,"20,900.00"
2019-05-14,2019051401009324,GLICL,41,58,350,570.00,"199,500.00"
2019-05-14,2019051401009323,GLICL,34,58,100,571.00,"57,100.00"
2019-05-14,2019051401009322,GLICL,16,58,100,573.00,"57,300.00"
2019-05-14,2019051401009321,GLICL,16,58,100,573.00,"57,300.00"
2019-05-14,2019051401009320,GLICL,25,58,100,574.00,"57,400.00"
2019-05-14,2019051401009319,GLICL,36,58,100,575.00,"57,500.00"
2019-05-14,2019051401009175,GMFIL,28,43,100,130.00,"13,000.00"
2019-05-14,2019051401009083,GMFIL,35,26,50,131.00,"6,550.00"
2019-05-14,2019051401009142,HGI,50,50,14,394.00,"5,516.00"
2019-05-14,2019051401009089,HGI,50,22,100,394.00,"39,400.00"
2019-05-14,2019051401009068,HGI,50,39,50,395.00,"19,750.00"
2019-05-14,2019051401009388,HIDCL,51,22,190,155.00,"29,450.00"
2019-05-14,2019051401009183,HIDCL,33,55,87,152.00,"13,224.00"
2019-05-14,2019051401009182,HIDCL,50,55,100,152.00,"15,200.00"
2019-05-14,2019051401009181,HIDCL,29,55,100,152.00,"15,200.00"
2019-05-14,2019051401009001,HIDCL,5,22,20,155.00,"3,100.00"
2019-05-14,2019051401008920,HIDCL,5,22,20,155.00,"3,100.00"
2019-05-14,2019051401009009,HPPL,42,14,10,185.00,"1,850.00"
2019-05-14,2019051401009069,ICFC,52,55,34,156.00,"5,304.00"
2019-05-14,2019051401009253,IGI,50,6,300,435.00,"130,500.00"
2019-05-14,2019051401009371,JBBL,47,38,100,142.00,"14,200.00"
2019-05-14,2019051401009366,JBBL,34,38,100,142.00,"14,200.00"
2019-05-14,2019051401009398,JBNL,39,57,458,205.00,"93,890.00"
2019-05-14,2019051401009348,JBNL,39,45,100,205.00,"20,500.00"
2019-05-14,2019051401009295,JBNL,39,58,"3,000",205.00,"615,000.00"
2019-05-14,2019051401009294,JBNL,39,29,325,205.00,"66,625.00"
2019-05-14,2019051401009106,JBNL,38,26,381,204.00,"77,724.00"
2019-05-14,2019051401009105,JBNL,59,26,119,204.00,"24,276.00"
2019-05-14,2019051401009028,JSLBB,47,57,14,"2,141.00","29,974.00"
2019-05-14,2019051401009416,KBL,43,43,"5,000",226.00,"1,130,000.00"
2019-05-14,2019051401009415,KBL,43,59,200,226.00,"45,200.00"
2019-05-14,2019051401009414,KBL,43,56,672,226.00,"151,872.00"
2019-05-14,2019051401009413,KBL,43,42,200,226.00,"45,200.00"
2019-05-14,2019051401009412,KBL,43,43,"5,000",225.00,"1,125,000.00"
2019-05-14,2019051401009411,KBL,43,54,30,225.00,"6,750.00"
2019-05-14,2019051401009404,KBL,43,32,100,223.00,"22,300.00"
2019-05-14,2019051401009403,KBL,43,34,443,223.00,"98,789.00"
2019-05-14,2019051401009287,KBL,51,34,46,222.00,"10,212.00"
2019-05-14,2019051401009286,KBL,45,34,54,222.00,"11,988.00"
2019-05-14,2019051401009410,KBL,43,35,500,225.00,"112,500.00"
2019-05-14,2019051401009409,KBL,43,43,500,225.00,"112,500.00"
2019-05-14,2019051401009408,KBL,43,28,150,225.00,"33,750.00"
2019-05-14,2019051401009407,KBL,43,21,150,224.00,"33,600.00"
2019-05-14,2019051401009406,KBL,43,50,500,224.00,"112,000.00"
2019-05-14,2019051401009405,KBL,43,43,"1,000",223.00,"223,000.00"
2019-05-14,2019051401009383,KPCL,38,38,10,92.00,920.00
2019-05-14,2019051401009022,KPCL,40,39,10,91.00,910.00
2019-05-14,2019051401008952,KRBL,5,42,65,100.00,"6,500.00"
2019-05-14,2019051401009207,KSBBL,34,14,10,153.00,"1,530.00"
2019-05-14,2019051401009116,KSBBL,33,37,671,152.00,"101,992.00"
2019-05-14,2019051401009359,LBBL,18,45,100,194.00,"19,400.00"
2019-05-14,2019051401008985,LBBL,18,43,100,194.00,"19,400.00"
2019-05-14,2019051401009380,LGIL,42,49,202,512.00,"103,424.00"
2019-05-14,2019051401009308,LGIL,42,7,110,510.00,"56,100.00"
2019-05-14,2019051401009262,LGIL,5,49,200,512.00,"102,400.00"
2019-05-14,2019051401009247,LGIL,29,49,50,512.00,"25,600.00"
2019-05-14,2019051401009246,LGIL,16,49,450,512.00,"230,400.00"
2019-05-14,2019051401009210,LGIL,16,46,50,512.00,"25,600.00"
2019-05-14,2019051401009021,LGIL,42,32,100,510.00,"51,000.00"
2019-05-14,2019051401009006,LGIL,42,37,834,510.00,"425,340.00"
2019-05-14,2019051401009005,LGIL,41,37,100,510.00,"51,000.00"
2019-05-14,2019051401009004,LGIL,52,37,266,510.00,"135,660.00"
2019-05-14,2019051401008939,LGIL,34,32,100,511.00,"51,100.00"
2019-05-14,2019051401008930,LGIL,17,57,800,512.00,"409,600.00"
2019-05-14,2019051401009185,LGIL,21,46,50,512.00,"25,600.00"
2019-05-14,2019051401009180,LGIL,42,57,475,510.00,"242,250.00"
2019-05-14,2019051401009179,LGIL,57,57,100,511.00,"51,100.00"
2019-05-14,2019051401009178,LGIL,55,57,50,511.00,"25,550.00"
2019-05-14,2019051401009130,LGIL,56,46,300,512.00,"153,600.00"
2019-05-14,2019051401009129,LGIL,56,57,200,512.00,"102,400.00"
2019-05-14,2019051401009177,LLBS,50,35,13,771.00,"10,023.00"
2019-05-14,2019051401009143,LLBS,50,35,12,771.00,"9,252.00"
2019-05-14,2019051401008950,LLBS,57,16,11,773.00,"8,503.00"
2019-05-14,2019051401008929,LVF1,47,28,"3,200",10.14,"32,448.00"
2019-05-14,2019051401009397,MBL,34,40,34,270.00,"9,180.00"
2019-05-14,2019051401009396,MBL,34,40,66,270.00,"17,820.00"
2019-05-14,2019051401009236,MEGA,43,35,100,198.00,"19,800.00"
2019-05-14,2019051401009235,MEGA,43,20,200,198.00,"39,600.00"
2019-05-14,2019051401009187,MEGA,41,11,972,197.00,"191,484.00"
2019-05-14,2019051401009186,MEGA,55,11,28,197.00,"5,516.00"
2019-05-14,2019051401009184,MEGA,55,6,72,197.00,"14,184.00"
2019-05-14,2019051401009002,MEGA,58,3,"1,000",197.00,"197,000.00"
2019-05-14,2019051401009145,MERO,29,1,16,635.00,"10,160.00"
2019-05-14,2019051401009100,MFIL,52,32,50,115.00,"5,750.00"
2019-05-14,2019051401009214,MNBBL,19,35,320,385.00,"123,200.00"
2019-05-14,2019051401009066,MNBBL,19,39,41,385.00,"15,785.00"
2019-05-14,2019051401008949,MNBBL,19,49,87,385.00,"33,495.00"
2019-05-14,2019051401009370,NABIL,48,45,45,842.00,"37,890.00"
2019-05-14,2019051401009000,NABIL,16,29,115,844.00,"97,060.00"
2019-05-14,2019051401009093,NABILP,25,25,100,823.00,"82,300.00"
2019-05-14,2019051401009092,NABILP,25,53,190,823.00,"156,370.00"
2019-05-14,2019051401009346,NBB,25,53,10,230.00,"2,300.00"
2019-05-14,2019051401009358,NBL,38,4,"4,960",314.00,"1,557,440.00"
2019-05-14,2019051401009357,NBL,38,4,"5,000",314.00,"1,570,000.00"
2019-05-14,2019051401009356,NBL,38,53,90,314.00,"28,260.00"
2019-05-14,2019051401009355,NBL,38,4,"5,000",313.00,"1,565,000.00"
2019-05-14,2019051401009354,NBL,38,45,200,313.00,"62,600.00"
2019-05-14,2019051401009353,NBL,38,4,250,313.00,"78,250.00"
2019-05-14,2019051401009077,NBL,40,4,"1,690",312.00,"527,280.00"
2019-05-14,2019051401009076,NBL,28,4,310,312.00,"96,720.00"
2019-05-14,2019051401009025,NBL,28,28,"1,500",312.00,"468,000.00"
2019-05-14,2019051401009024,NBL,28,4,190,312.00,"59,280.00"
2019-05-14,2019051401008995,NBL,56,4,"1,810",312.00,"564,720.00"
2019-05-14,2019051401008994,NBL,56,35,"1,690",312.00,"527,280.00"
2019-05-14,2019051401009203,NBL,1,53,10,314.00,"3,140.00"
2019-05-14,2019051401009172,NBL,5,4,"5,000",313.00,"1,565,000.00"
2019-05-14,2019051401009171,NBL,5,43,"1,000",313.00,"313,000.00"
2019-05-14,2019051401009169,NBL,28,4,"2,000",312.00,"624,000.00"
2019-05-14,2019051401009168,NBL,56,4,400,312.00,"124,800.00"
2019-05-14,2019051401009123,NBL,56,49,100,312.00,"31,200.00"
2019-05-14,2019051401009344,NBL,13,4,100,313.00,"31,300.00"
2019-05-14,2019051401009304,NBL,32,4,"1,500",313.00,"469,500.00"
2019-05-14,2019051401009303,NBL,35,4,50,313.00,"15,650.00"
2019-05-14,2019051401009288,NBL,56,4,"1,500",313.00,"469,500.00"
2019-05-14,2019051401009274,NBL,32,4,"1,500",313.00,"469,500.00"
2019-05-14,2019051401009244,NBL,56,4,100,313.00,"31,300.00"
2019-05-14,2019051401009417,NCCB,55,32,932,259.00,"241,388.00"
2019-05-14,2019051401009395,NCCB,5,32,500,259.00,"129,500.00"
2019-05-14,2019051401009394,NCCB,53,32,160,259.00,"41,440.00"
2019-05-14,2019051401009382,NCCB,53,28,840,259.00,"217,560.00"
2019-05-14,2019051401009381,NCCB,40,28,160,259.00,"41,440.00"
2019-05-14,2019051401009315,NCCB,52,32,50,260.00,"13,000.00"
2019-05-14,2019051401009127,NCCB,1,40,100,258.00,"25,800.00"
2019-05-14,2019051401009126,NCCB,40,40,82,258.00,"21,156.00"
2019-05-14,2019051401008921,NCCB,40,50,100,258.00,"25,800.00"
2019-05-14,2019051401009159,NCCB,44,58,400,259.00,"103,600.00"
2019-05-14,2019051401009158,NCCB,44,51,500,259.00,"129,500.00"
2019-05-14,2019051401009157,NCCB,44,52,"1,000",259.00,"259,000.00"
2019-05-14,2019051401009156,NCCB,44,43,200,259.00,"51,800.00"
2019-05-14,2019051401009155,NCCB,44,25,953,259.00,"246,827.00"
2019-05-14,2019051401009128,NCCB,55,40,68,258.00,"17,544.00"
2019-05-14,2019051401009284,NCCB,40,51,200,259.00,"51,800.00"
2019-05-14,2019051401009283,NCCB,40,45,40,259.00,"10,360.00"
2019-05-14,2019051401009282,NCCB,50,45,10,259.00,"2,590.00"
2019-05-14,2019051401009245,NCCB,44,5,"1,000",259.00,"259,000.00"
2019-05-14,2019051401009161,NCCB,44,16,"1,000",259.00,"259,000.00"
2019-05-14,2019051401009160,NCCB,44,16,"1,000",259.00,"259,000.00"
2019-05-14,2019051401009031,NCDB,4,26,800,139.00,"111,200.00"
2019-05-14,2019051401009030,NCDB,38,26,10,140.00,"1,400.00"
2019-05-14,2019051401009029,NCDB,17,26,20,140.00,"2,800.00"
2019-05-14,2019051401009265,NIB,7,29,163,547.00,"89,161.00"
2019-05-14,2019051401009095,NIB,7,11,50,547.00,"27,350.00"
2019-05-14,2019051401009312,NIBPO,28,37,132,517.00,"68,244.00"
2019-05-14,2019051401009311,NIBPO,44,37,50,518.00,"25,900.00"
2019-05-14,2019051401009361,NICA,33,28,950,492.00,"467,400.00"
2019-05-14,2019051401009292,NICA,59,28,50,492.00,"24,600.00"
2019-05-14,2019051401009234,NICA,33,51,191,493.00,"94,163.00"
2019-05-14,2019051401009088,NICA,22,39,50,491.00,"24,550.00"
2019-05-14,2019051401009335,NIL,55,45,200,527.00,"105,400.00"
2019-05-14,2019051401009334,NIL,22,45,200,527.00,"105,400.00"
2019-05-14,2019051401009333,NIL,5,45,100,528.00,"52,800.00"
2019-05-14,2019051401009332,NIL,33,45,50,528.00,"26,400.00"
2019-05-14,2019051401009008,NIL,11,41,80,529.00,"42,320.00"
2019-05-14,2019051401009120,NLG,32,56,500,850.00,"425,000.00"
2019-05-14,2019051401009393,NLIC,59,14,50,965.00,"48,250.00"
2019-05-14,2019051401009392,NLIC,37,14,306,965.00,"295,290.00"
2019-05-14,2019051401009391,NLIC,19,14,50,966.00,"48,300.00"
2019-05-14,2019051401009390,NLIC,51,14,46,966.00,"44,436.00"
2019-05-14,2019051401009389,NLIC,38,14,23,967.00,"22,241.00"
2019-05-14,2019051401009316,NLIC,38,21,10,967.00,"9,670.00"
2019-05-14,2019051401009276,NLIC,18,52,17,969.00,"16,473.00"
2019-05-14,2019051401009275,NLIC,18,38,145,969.00,"140,505.00"
2019-05-14,2019051401009173,NLIC,38,1,17,967.00,"16,439.00"
2019-05-14,2019051401009115,NLIC,55,38,55,969.00,"53,295.00"
2019-05-14,2019051401009114,NLIC,55,6,20,969.00,"19,380.00"
2019-05-14,2019051401009113,NLIC,55,39,25,968.00,"24,200.00"
2019-05-14,2019051401009310,NMB,14,28,900,385.00,"346,500.00"
2019-05-14,2019051401009309,NMB,49,28,100,385.00,"38,500.00"
2019-05-14,2019051401009241,NMB,49,21,400,385.00,"154,000.00"
2019-05-14,2019051401009134,NMB,45,6,288,386.00,"111,168.00"
2019-05-14,2019051401009133,NMB,45,57,12,386.00,"4,632.00"
2019-05-14,2019051401008988,NMB,52,57,100,386.00,"38,600.00"
2019-05-14,2019051401009418,NTC,33,13,90,716.00,"64,440.00"
2019-05-14,2019051401009400,NTC,33,55,60,711.00,"42,660.00"
2019-05-14,2019051401009399,NTC,40,55,100,713.00,"71,300.00"
2019-05-14,2019051401009368,NTC,7,5,100,715.00,"71,500.00"
2019-05-14,2019051401009367,NTC,7,57,20,715.00,"14,300.00"
2019-05-14,2019051401009329,NTC,50,44,"1,000",714.00,"714,000.00"
2019-05-14,2019051401009101,NTC,50,44,"1,000",714.00,"714,000.00"
2019-05-14,2019051401009104,NUBL,10,45,114,880.00,"100,320.00"
2019-05-14,2019051401009360,OHL,52,40,300,638.00,"191,400.00"
2019-05-14,2019051401009337,OHL,42,16,502,640.00,"321,280.00"
2019-05-14,2019051401009263,OHL,52,41,150,638.00,"95,700.00"
2019-05-14,2019051401008956,OHL,45,25,130,634.00,"82,420.00"
2019-05-14,2019051401008955,OHL,45,58,900,633.00,"569,700.00"
2019-05-14,2019051401008954,OHL,45,43,50,633.00,"31,650.00"
2019-05-14,2019051401008962,OHL,45,16,100,640.00,"64,000.00"
2019-05-14,2019051401008961,OHL,45,39,949,638.00,"605,462.00"
2019-05-14,2019051401008960,OHL,45,58,600,635.00,"381,000.00"
2019-05-14,2019051401008959,OHL,45,49,300,635.00,"190,500.00"
2019-05-14,2019051401008958,OHL,45,47,32,634.00,"20,288.00"
2019-05-14,2019051401008957,OHL,45,10,300,634.00,"190,200.00"
2019-05-14,2019051401009023,OHL,45,58,500,642.00,"321,000.00"
2019-05-14,2019051401009007,OHL,45,58,400,642.00,"256,800.00"
2019-05-14,2019051401008965,OHL,45,34,200,642.00,"128,400.00"
2019-05-14,2019051401008964,OHL,45,17,500,640.00,"320,000.00"
2019-05-14,2019051401008963,OHL,45,54,273,640.00,"174,720.00"
2019-05-14,2019051401009375,PCBL,53,37,97,377.00,"36,569.00"
2019-05-14,2019051401009273,PCBL,8,35,100,380.00,"38,000.00"
2019-05-14,2019051401009272,PCBL,8,22,200,380.00,"76,000.00"
2019-05-14,2019051401009271,PCBL,8,6,100,380.00,"38,000.00"
2019-05-14,2019051401009270,PCBL,8,17,437,380.00,"166,060.00"
2019-05-14,2019051401009199,PCBL,52,17,63,380.00,"23,940.00"
2019-05-14,2019051401009040,PCBL,58,56,500,379.00,"189,500.00"
2019-05-14,2019051401009039,PCBL,58,32,73,379.00,"27,667.00"
2019-05-14,2019051401009038,PCBL,58,28,400,378.00,"151,200.00"
2019-05-14,2019051401009037,PCBL,58,25,850,378.00,"321,300.00"
2019-05-14,2019051401009036,PCBL,58,53,100,378.00,"37,800.00"
2019-05-14,2019051401009046,PCBL,58,7,100,379.00,"37,900.00"
2019-05-14,2019051401009045,PCBL,58,45,125,379.00,"47,375.00"
2019-05-14,2019051401009044,PCBL,58,28,500,379.00,"189,500.00"
2019-05-14,2019051401009043,PCBL,58,56,500,379.00,"189,500.00"
2019-05-14,2019051401009042,PCBL,58,6,500,379.00,"189,500.00"
2019-05-14,2019051401009041,PCBL,58,22,100,379.00,"37,900.00"
2019-05-14,2019051401009052,PCBL,58,59,200,380.00,"76,000.00"
2019-05-14,2019051401009051,PCBL,58,43,500,380.00,"190,000.00"
2019-05-14,2019051401009050,PCBL,58,50,500,380.00,"190,000.00"
2019-05-14,2019051401009049,PCBL,58,57,250,380.00,"95,000.00"
2019-05-14,2019051401009048,PCBL,58,47,307,380.00,"116,660.00"
2019-05-14,2019051401009047,PCBL,58,44,600,380.00,"228,000.00"
2019-05-14,2019051401009058,PCBL,58,41,50,380.00,"19,000.00"
2019-05-14,2019051401009057,PCBL,58,40,500,380.00,"190,000.00"
2019-05-14,2019051401009056,PCBL,58,17,"1,000",380.00,"380,000.00"
2019-05-14,2019051401009055,PCBL,58,49,500,380.00,"190,000.00"
2019-05-14,2019051401009054,PCBL,58,45,100,380.00,"38,000.00"
2019-05-14,2019051401009053,PCBL,58,11,500,380.00,"190,000.00"
2019-05-14,2019051401009125,PCBL,52,11,100,380.00,"38,000.00"
2019-05-14,2019051401009091,PCBL,52,43,337,380.00,"128,060.00"
2019-05-14,2019051401009084,PCBL,58,43,163,380.00,"61,940.00"
2019-05-14,2019051401009061,PCBL,58,28,28,380.00,"10,640.00"
2019-05-14,2019051401009060,PCBL,58,28,"3,004",380.00,"1,141,520.00"
2019-05-14,2019051401009059,PCBL,58,53,50,380.00,"19,000.00"
2019-05-14,2019051401009285,PIC,6,42,646,"1,230.00","794,580.00"
2019-05-14,2019051401009240,PIC,44,5,56,"1,228.00","68,768.00"
2019-05-14,2019051401009189,PIC,44,25,10,"1,228.00","12,280.00"
2019-05-14,2019051401009167,PIC,41,28,35,"1,229.00","43,015.00"
2019-05-14,2019051401009140,PIC,44,22,11,"1,228.00","13,508.00"
2019-05-14,2019051401009124,PIC,47,28,40,"1,229.00","49,160.00"
2019-05-14,2019051401009003,PIC,6,4,546,"1,231.00","672,126.00"
2019-05-14,2019051401008983,PIC,6,6,315,"1,231.00","387,765.00"
2019-05-14,2019051401008937,PIC,6,6,40,"1,231.00","49,240.00"
2019-05-14,2019051401008935,PIC,6,56,99,"1,231.00","121,869.00"
2019-05-14,2019051401008934,PIC,44,56,801,"1,231.00","986,031.00"
2019-05-14,2019051401009099,PIC,47,58,35,"1,229.00","43,015.00"
2019-05-14,2019051401009032,PIC,47,6,25,"1,229.00","30,725.00"
2019-05-14,2019051401009026,PIC,26,6,25,"1,229.00","30,725.00"
2019-05-14,2019051401009018,PIC,13,42,250,"1,230.00","307,500.00"
2019-05-14,2019051401009017,PIC,20,42,200,"1,230.00","246,000.00"
2019-05-14,2019051401009016,PIC,7,42,100,"1,230.00","123,000.00"
2019-05-14,2019051401009213,PICL,5,14,100,745.00,"74,500.00"
2019-05-14,2019051401009212,PICL,39,14,10,745.00,"7,450.00"
2019-05-14,2019051401009211,PICL,10,14,95,745.00,"70,775.00"
2019-05-14,2019051401009193,PLIC,19,45,10,489.00,"4,890.00"
2019-05-14,2019051401009402,PRIN,29,22,200,420.00,"84,000.00"
2019-05-14,2019051401009401,PRIN,29,22,200,420.00,"84,000.00"
2019-05-14,2019051401009336,PRIN,29,34,48,419.00,"20,112.00"
2019-05-14,2019051401009209,PRIN,29,34,52,419.00,"21,788.00"
2019-05-14,2019051401009208,PRIN,29,26,468,419.00,"196,092.00"
2019-05-14,2019051401009198,PRIN,29,43,180,418.00,"75,240.00"
2019-05-14,2019051401009132,PRIN,48,43,20,418.00,"8,360.00"
2019-05-14,2019051401009111,PRIN,45,57,150,417.00,"62,550.00"
2019-05-14,2019051401009110,PRIN,26,57,40,417.00,"16,680.00"
2019-05-14,2019051401009109,PRIN,5,57,100,417.00,"41,700.00"
2019-05-14,2019051401009108,PRIN,13,57,10,418.00,"4,180.00"
2019-05-14,2019051401009269,PRVU,39,43,30,283.00,"8,490.00"
2019-05-14,2019051401009254,PRVU,39,40,200,284.00,"56,800.00"
2019-05-14,2019051401009078,PRVU,39,57,100,284.00,"28,400.00"
2019-05-14,2019051401009139,PRVU,32,49,100,285.00,"28,500.00"
2019-05-14,2019051401009138,PRVU,32,52,500,285.00,"142,500.00"
2019-05-14,2019051401009137,PRVU,32,43,600,285.00,"171,000.00"
2019-05-14,2019051401009136,PRVU,32,14,60,285.00,"17,100.00"
2019-05-14,2019051401009135,PRVU,32,59,500,285.00,"142,500.00"
2019-05-14,2019051401009249,RADHI,38,38,1,157.00,157.00
2019-05-14,2019051401009080,RADHI,6,35,11,160.00,"1,760.00"
2019-05-14,2019051401008970,RADHI,6,44,11,160.00,"1,760.00"
2019-05-14,2019051401008938,RADHI,6,40,11,160.00,"1,760.00"
2019-05-14,2019051401008931,RADHI,6,40,11,160.00,"1,760.00"
2019-05-14,2019051401009098,RBCLPO,53,14,10,"10,063.00","100,630.00"
2019-05-14,2019051401009097,RBCLPO,53,37,10,"10,063.00","100,630.00"
2019-05-14,2019051401009096,RBCLPO,53,59,10,"10,063.00","100,630.00"
2019-05-14,2019051401008940,RBCLPO,44,59,15,"10,000.00","150,000.00"
2019-05-14,2019051401009376,RLFL,39,33,324,121.00,"39,204.00"
2019-05-14,2019051401008996,RLFL,39,40,37,121.00,"4,477.00"
2019-05-14,2019051401009112,RRHP,59,39,10,94.00,940.00
2019-05-14,2019051401009153,RSDC,42,40,100,397.00,"39,700.00"
2019-05-14,2019051401009152,RSDC,42,51,114,394.00,"44,916.00"
2019-05-14,2019051401009151,RSDC,42,32,50,394.00,"19,700.00"
2019-05-14,2019051401009150,RSDC,42,48,83,393.00,"32,619.00"
2019-05-14,2019051401009020,RSDC,13,49,57,390.00,"22,230.00"
2019-05-14,2019051401009019,RSDC,13,51,53,390.00,"20,670.00"
2019-05-14,2019051401009296,SADBL,38,50,100,149.00,"14,900.00"
2019-05-14,2019051401009219,SADBL,56,26,550,150.00,"82,500.00"
2019-05-14,2019051401009201,SADBL,56,26,200,150.00,"30,000.00"
2019-05-14,2019051401009372,SANIMA,25,5,845,362.00,"305,890.00"
2019-05-14,2019051401009261,SANIMA,25,45,500,363.00,"181,500.00"
2019-05-14,2019051401009242,SANIMA,25,37,155,362.00,"56,110.00"
2019-05-14,2019051401008980,SANIMA,25,45,100,363.00,"36,300.00"
2019-05-14,2019051401009362,SBBLJ,25,45,100,195.00,"19,500.00"
2019-05-14,2019051401009065,SBI,45,45,200,487.00,"97,400.00"
2019-05-14,2019051401009064,SBI,45,17,100,487.00,"48,700.00"
2019-05-14,2019051401008991,SBI,56,58,104,485.00,"50,440.00"
2019-05-14,2019051401008990,SBI,14,58,396,485.00,"192,060.00"
2019-05-14,2019051401009377,SBL,13,53,315,340.00,"107,100.00"
2019-05-14,2019051401009364,SBL,13,35,169,340.00,"57,460.00"
2019-05-14,2019051401009256,SBL,33,37,700,340.00,"238,000.00"
2019-05-14,2019051401009141,SBL,48,39,36,339.00,"12,204.00"
2019-05-14,2019051401009087,SBL,55,16,150,340.00,"51,000.00"
2019-05-14,2019051401009086,SBL,55,16,45,340.00,"15,300.00"
2019-05-14,2019051401009027,SCB,34,55,20,695.00,"13,900.00"
2019-05-14,2019051401009221,SHINE,21,51,167,255.00,"42,585.00"
2019-05-14,2019051401009220,SHIVM,57,49,80,546.00,"43,680.00"
2019-05-14,2019051401009034,SHIVM,57,29,50,546.00,"27,300.00"
2019-05-14,2019051401009350,SHL,40,44,900,248.00,"223,200.00"
2019-05-14,2019051401009343,SHL,43,56,165,246.00,"40,590.00"
2019-05-14,2019051401009302,SIC,26,32,50,"1,480.00","74,000.00"
2019-05-14,2019051401009301,SIC,21,32,50,"1,480.00","74,000.00"
2019-05-14,2019051401009373,SINDU,43,14,326,134.00,"43,684.00"
2019-05-14,2019051401009248,SINDU,43,26,10,136.00,"1,360.00"
2019-05-14,2019051401009347,SLBS,58,45,10,836.00,"8,360.00"
2019-05-14,2019051401009378,SLICL,42,35,50,609.00,"30,450.00"
2019-05-14,2019051401009314,SLICL,20,1,37,610.00,"22,570.00"
2019-05-14,2019051401009255,SLICL,1,42,500,606.00,"303,000.00"
2019-05-14,2019051401009218,SLICL,56,6,100,607.00,"60,700.00"
2019-05-14,2019051401009081,SLICL,13,13,4,597.00,"2,388.00"
2019-05-14,2019051401008987,SLICL,56,56,101,609.00,"61,509.00"
2019-05-14,2019051401008986,SLICL,56,5,271,608.00,"164,768.00"
2019-05-14,2019051401009149,SMATA,28,44,48,"1,255.00","60,240.00"
2019-05-14,2019051401009148,SMATA,28,32,225,"1,255.00","282,375.00"
2019-05-14,2019051401009147,SMATA,28,19,18,"1,250.00","22,500.00"
2019-05-14,2019051401009146,SMATA,28,34,19,"1,244.00","23,636.00"
2019-05-14,2019051401009363,SMFDB,39,37,10,580.00,"5,800.00"
2019-05-14,2019051401009233,SMFDB,42,37,100,580.00,"58,000.00"
2019-05-14,2019051401009232,SMFDB,34,37,80,580.00,"46,400.00"
2019-05-14,2019051401009231,SMFDB,17,37,30,582.00,"17,460.00"
2019-05-14,2019051401009230,SMFDB,41,37,10,582.00,"5,820.00"
2019-05-14,2019051401009229,SMFDB,45,37,50,584.00,"29,200.00"
2019-05-14,2019051401009228,SMFDB,38,37,20,585.00,"11,700.00"
2019-05-14,2019051401009070,SMFDB,38,53,80,585.00,"46,800.00"
2019-05-14,2019051401009259,SPDL,39,22,15,93.00,"1,395.00"
2019-05-14,2019051401009243,SPDL,39,22,15,93.00,"1,395.00"
2019-05-14,2019051401008989,SPDL,39,44,15,93.00,"1,395.00"
2019-05-14,2019051401009331,SRBL,34,55,100,259.00,"25,900.00"
2019-05-14,2019051401009307,SRBL,34,1,48,259.00,"12,432.00"
2019-05-14,2019051401008984,SWBBL,44,55,42,902.00,"37,884.00"
2019-05-14,2019051401009192,UPCL,7,58,300,94.00,"28,200.00"
2019-05-14,2019051401009349,UPPER,14,10,500,249.00,"124,500.00"
2019-05-14,2019051401009280,UPPER,45,37,20,250.00,"5,000.00"
2019-05-14,2019051401009279,UPPER,45,40,50,250.00,"12,500.00"
2019-05-14,2019051401009278,UPPER,45,37,30,250.00,"7,500.00"
2019-05-14,2019051401009033,UPPER,14,44,40,248.00,"9,920.00"
2019-05-14,2019051401009010,UPPER,14,52,100,248.00,"24,800.00"
2019-05-14,2019051401008932,UPPER,59,6,160,248.00,"39,680.00"
2019-05-14,2019051401008923,UPPER,59,33,40,248.00,"9,920.00"
2019-05-14,2019051401009204,UPPER,33,52,40,249.00,"9,960.00"
2019-05-14,2019051401009190,UPPER,14,6,40,248.00,"9,920.00"
2019-05-14,2019051401009176,UPPER,14,34,50,248.00,"12,400.00"
2019-05-14,2019051401009170,UPPER,14,42,250,248.00,"62,000.00"
2019-05-14,2019051401009075,UPPER,14,34,40,248.00,"9,920.00"
2019-05-14,2019051401009063,UPPER,14,34,50,248.00,"12,400.00"
2019-05-14,2019051401009223,UPPER,16,34,50,249.00,"12,450.00"
2019-05-14,2019051401009222,UPPER,16,50,30,249.00,"7,470.00"
2019-05-14,2019051401009217,UPPER,50,55,103,248.00,"25,544.00"
2019-05-14,2019051401009216,UPPER,14,55,430,248.00,"106,640.00"
2019-05-14,2019051401009206,UPPER,33,50,20,249.00,"4,980.00"
2019-05-14,2019051401009205,UPPER,33,21,40,249.00,"9,960.00"
2019-05-14,2019051401009252,UPPER,16,33,50,249.00,"12,450.00"
2019-05-14,2019051401009251,UPPER,16,34,40,249.00,"9,960.00"
2019-05-14,2019051401009250,UPPER,16,57,30,249.00,"7,470.00"
2019-05-14,2019051401009226,UPPER,16,57,20,249.00,"4,980.00"
2019-05-14,2019051401009225,UPPER,16,34,50,249.00,"12,450.00"
2019-05-14,2019051401009224,UPPER,16,57,50,249.00,"12,450.00"
2019-05-14,2019051401009277,VLBS,17,55,30,589.00,"17,670.00"
2019-05-14,2019051401008909,ADBL,39,57,100,417.00,"41,700.00"
2019-05-14,2019051401008878,ADBL,41,26,120,416.00,"49,920.00"
2019-05-14,2019051401008866,ADBL,3,42,83,415.00,"34,445.00"
2019-05-14,2019051401008865,ADBL,35,42,200,415.00,"83,000.00"
2019-05-14,2019051401008862,ADBL,57,32,100,416.00,"41,600.00"
2019-05-14,2019051401008861,ADBL,42,32,93,416.00,"38,688.00"
2019-05-14,2019051401008455,ADBL,45,8,400,411.00,"164,400.00"
2019-05-14,2019051401008442,ADBL,45,34,100,411.00,"41,100.00"
2019-05-14,2019051401008508,ADBL,39,45,100,412.00,"41,200.00"
2019-05-14,2019051401008504,ADBL,8,11,302,411.00,"124,122.00"
2019-05-14,2019051401008503,ADBL,52,11,198,411.00,"81,378.00"
2019-05-14,2019051401008493,ADBL,42,45,355,412.00,"146,260.00"
2019-05-14,2019051401008492,ADBL,42,57,"1,145",412.00,"471,740.00"
2019-05-14,2019051401008456,ADBL,52,8,102,411.00,"41,922.00"
2019-05-14,2019051401008515,ADBL,45,14,"1,000",412.00,"412,000.00"
2019-05-14,2019051401008513,ADBL,49,14,740,412.00,"304,880.00"
2019-05-14,2019051401008512,ADBL,49,49,100,412.00,"41,200.00"
2019-05-14,2019051401008511,ADBL,49,13,347,412.00,"142,964.00"
2019-05-14,2019051401008510,ADBL,49,40,118,412.00,"48,616.00"
2019-05-14,2019051401008509,ADBL,49,45,45,412.00,"18,540.00"
2019-05-14,2019051401008579,ADBL,50,11,100,411.00,"41,100.00"
2019-05-14,2019051401008527,ADBL,47,11,900,411.00,"369,900.00"
2019-05-14,2019051401008525,ADBL,52,34,240,412.00,"98,880.00"
2019-05-14,2019051401008524,ADBL,52,14,260,412.00,"107,120.00"
2019-05-14,2019051401008523,ADBL,47,6,100,411.00,"41,100.00"
2019-05-14,2019051401008518,ADBL,8,11,498,411.00,"204,678.00"
2019-05-14,2019051401008621,ADBL,7,52,"1,000",413.00,"413,000.00"
2019-05-14,2019051401008608,ADBL,50,34,780,412.00,"321,360.00"
2019-05-14,2019051401008597,ADBL,39,34,100,412.00,"41,200.00"
2019-05-14,2019051401008592,ADBL,45,34,"1,000",412.00,"412,000.00"
2019-05-14,2019051401008584,ADBL,49,34,280,412.00,"115,360.00"
2019-05-14,2019051401008580,ADBL,50,52,500,411.00,"205,500.00"
2019-05-14,2019051401008653,ADBL,45,51,200,415.00,"83,000.00"
2019-05-14,2019051401008652,ADBL,45,17,120,415.00,"49,800.00"
2019-05-14,2019051401008651,ADBL,45,29,160,415.00,"66,400.00"
2019-05-14,2019051401008646,ADBL,4,43,130,414.00,"53,820.00"
2019-05-14,2019051401008631,ADBL,4,7,50,414.00,"20,700.00"
2019-05-14,2019051401008630,ADBL,4,49,"3,503",414.00,"1,450,242.00"
2019-05-14,2019051401008659,ADBL,45,17,270,415.00,"112,050.00"
2019-05-14,2019051401008658,ADBL,45,45,"1,000",415.00,"415,000.00"
2019-05-14,2019051401008657,ADBL,45,52,200,415.00,"83,000.00"
2019-05-14,2019051401008656,ADBL,45,51,100,415.00,"41,500.00"
2019-05-14,2019051401008655,ADBL,45,35,"1,000",415.00,"415,000.00"
2019-05-14,2019051401008654,ADBL,45,45,950,415.00,"394,250.00"
2019-05-14,2019051401008718,ADBL,42,38,233,416.00,"96,928.00"
2019-05-14,2019051401008698,ADBL,42,49,200,416.00,"83,200.00"
2019-05-14,2019051401008697,ADBL,42,35,140,416.00,"58,240.00"
2019-05-14,2019051401008690,ADBL,42,14,30,415.00,"12,450.00"
2019-05-14,2019051401008689,ADBL,42,17,500,415.00,"207,500.00"
2019-05-14,2019051401008688,ADBL,42,17,230,415.00,"95,450.00"
2019-05-14,2019051401008857,ADBL,42,49,100,416.00,"41,600.00"
2019-05-14,2019051401008854,ADBL,4,57,464,417.00,"193,488.00"
2019-05-14,2019051401008853,ADBL,4,42,36,417.00,"15,012.00"
2019-05-14,2019051401008840,ADBL,42,49,100,416.00,"41,600.00"
2019-05-14,2019051401008785,ADBL,42,45,300,416.00,"124,800.00"
2019-05-14,2019051401008763,ADBL,42,58,74,416.00,"30,784.00"
2019-05-14,2019051401008554,AHPC,41,43,300,107.00,"32,100.00"
2019-05-14,2019051401008914,ALICL,38,35,100,446.00,"44,600.00"
2019-05-14,2019051401008913,ALICL,26,35,100,446.00,"44,600.00"
2019-05-14,2019051401008662,ALICL,54,57,300,447.00,"134,100.00"
2019-05-14,2019051401008906,API,43,45,206,141.00,"29,046.00"
2019-05-14,2019051401008905,API,42,45,115,141.00,"16,215.00"
2019-05-14,2019051401008877,API,43,25,159,142.00,"22,578.00"
2019-05-14,2019051401008855,API,43,25,"1,000",142.00,"142,000.00"
2019-05-14,2019051401008692,API,21,25,100,142.00,"14,200.00"
2019-05-14,2019051401008670,API,13,25,241,142.00,"34,222.00"
2019-05-14,2019051401008669,API,13,57,29,142.00,"4,118.00"
2019-05-14,2019051401008668,API,13,46,"1,000",142.00,"142,000.00"
2019-05-14,2019051401008667,API,13,45,230,142.00,"32,660.00"
2019-05-14,2019051401008791,BOKL,53,5,100,277.00,"27,700.00"
2019-05-14,2019051401008696,BOKL,53,6,15,277.00,"4,155.00"
2019-05-14,2019051401008556,BOKL,6,44,20,278.00,"5,560.00"
2019-05-14,2019051401008449,BOKL,26,43,772,278.00,"214,616.00"
2019-05-14,2019051401008431,BOKL,26,54,20,278.00,"5,560.00"
2019-05-14,2019051401008550,BPCL,21,26,55,386.00,"21,230.00"
2019-05-14,2019051401008889,CBBL,58,45,50,960.00,"48,000.00"
2019-05-14,2019051401008888,CBBL,58,50,50,959.00,"47,950.00"
2019-05-14,2019051401008766,CBBL,34,45,130,955.00,"124,150.00"
2019-05-14,2019051401008765,CBBL,34,45,180,955.00,"171,900.00"
2019-05-14,2019051401008764,CBBL,34,45,90,955.00,"85,950.00"
2019-05-14,2019051401008912,CBL,36,14,78,150.00,"11,700.00"
2019-05-14,2019051401008911,CBL,59,14,62,150.00,"9,300.00"
2019-05-14,2019051401008904,CBL,59,43,238,150.00,"35,700.00"
2019-05-14,2019051401008903,CBL,56,43,200,150.00,"30,000.00"
2019-05-14,2019051401008902,CBL,56,43,"6,000",150.00,"900,000.00"
2019-05-14,2019051401008901,CBL,58,43,"2,000",150.00,"300,000.00"
2019-05-14,2019051401008900,CBL,45,43,500,150.00,"75,000.00"
2019-05-14,2019051401008899,CBL,56,43,"2,000",150.00,"300,000.00"
2019-05-14,2019051401008898,CBL,55,43,62,150.00,"9,300.00"
2019-05-14,2019051401008787,CBL,55,45,38,150.00,"5,700.00"
2019-05-14,2019051401008786,CBL,14,45,62,150.00,"9,300.00"
2019-05-14,2019051401008599,CBL,56,58,500,151.00,"75,500.00"
2019-05-14,2019051401008845,CCBL,43,16,800,169.00,"135,200.00"
2019-05-14,2019051401008844,CCBL,40,16,200,169.00,"33,800.00"
2019-05-14,2019051401008837,CCBL,28,25,500,170.00,"85,000.00"
2019-05-14,2019051401008810,CCBL,57,25,"1,000",170.00,"170,000.00"
2019-05-14,2019051401008809,CCBL,1,25,"1,000",170.00,"170,000.00"
2019-05-14,2019051401008808,CCBL,4,25,"1,000",170.00,"170,000.00"
2019-05-14,2019051401008501,CCBL,25,19,54,171.00,"9,234.00"
2019-05-14,2019051401008795,CCBL,51,25,700,170.00,"119,000.00"
2019-05-14,2019051401008794,CCBL,48,25,390,170.00,"66,300.00"
2019-05-14,2019051401008793,CCBL,22,25,"2,000",171.00,"342,000.00"
2019-05-14,2019051401008792,CCBL,39,25,154,171.00,"26,334.00"
2019-05-14,2019051401008531,CCBL,25,34,155,172.00,"26,660.00"
2019-05-14,2019051401008502,CCBL,39,19,846,171.00,"144,666.00"
2019-05-14,2019051401008801,CCBL,34,25,300,170.00,"51,000.00"
2019-05-14,2019051401008800,CCBL,45,25,500,170.00,"85,000.00"
2019-05-14,2019051401008799,CCBL,45,25,500,170.00,"85,000.00"
2019-05-14,2019051401008798,CCBL,43,25,400,170.00,"68,000.00"
2019-05-14,2019051401008797,CCBL,34,25,100,170.00,"17,000.00"
2019-05-14,2019051401008796,CCBL,43,25,500,170.00,"85,000.00"
2019-05-14,2019051401008807,CCBL,41,25,"1,000",170.00,"170,000.00"
2019-05-14,2019051401008806,CCBL,45,25,300,170.00,"51,000.00"
2019-05-14,2019051401008805,CCBL,32,25,"1,000",170.00,"170,000.00"
2019-05-14,2019051401008804,CCBL,29,25,50,170.00,"8,500.00"
2019-05-14,2019051401008803,CCBL,55,25,100,170.00,"17,000.00"
2019-05-14,2019051401008802,CCBL,7,25,400,170.00,"68,000.00"
2019-05-14,2019051401008818,CHCL,45,45,300,531.00,"159,300.00"
2019-05-14,2019051401008817,CHCL,29,45,200,531.00,"106,200.00"
2019-05-14,2019051401008851,CIT,45,58,30,"2,700.00","81,000.00"
2019-05-14,2019051401008850,CIT,45,41,50,"2,699.00","134,950.00"
2019-05-14,2019051401008849,CIT,45,1,20,"2,690.00","53,800.00"
2019-05-14,2019051401008848,CIT,45,33,50,"2,675.00","133,750.00"
2019-05-14,2019051401008779,CIT,52,58,75,"2,651.00","198,825.00"
2019-05-14,2019051401008778,CIT,49,58,56,"2,651.00","148,456.00"
2019-05-14,2019051401008777,CIT,21,58,50,"2,652.00","132,600.00"
2019-05-14,2019051401008776,CIT,43,58,17,"2,652.00","45,084.00"
2019-05-14,2019051401008753,CIT,43,5,25,"2,652.00","66,300.00"
2019-05-14,2019051401008752,CIT,17,5,10,"2,653.00","26,530.00"
2019-05-14,2019051401008751,CIT,10,5,40,"2,660.00","106,400.00"
2019-05-14,2019051401008437,CLBSL,42,54,70,589.00,"41,230.00"
2019-05-14,2019051401008665,CORBL,49,59,200,105.00,"21,000.00"
2019-05-14,2019051401008664,CORBL,19,59,200,105.00,"21,000.00"
2019-05-14,2019051401008661,CZBIL,28,32,101,225.00,"22,725.00"
2019-05-14,2019051401008660,CZBIL,21,32,209,225.00,"47,025.00"
2019-05-14,2019051401008505,CZBIL,21,6,88,225.00,"19,800.00"
2019-05-14,2019051401008471,CZBIL,21,5,100,225.00,"22,500.00"
2019-05-14,2019051401008736,DBBL,58,42,155,140.00,"21,700.00"
2019-05-14,2019051401008735,DBBL,58,45,500,140.00,"70,000.00"
2019-05-14,2019051401008734,DBBL,58,57,"2,214",140.00,"309,960.00"
2019-05-14,2019051401008685,DBBL,40,57,500,140.00,"70,000.00"
2019-05-14,2019051401008768,DDBL,47,45,40,744.00,"29,760.00"
2019-05-14,2019051401008683,DDBL,47,41,60,744.00,"44,640.00"
2019-05-14,2019051401008886,EBL,21,4,100,670.00,"67,000.00"
2019-05-14,2019051401008885,EBL,26,4,152,670.00,"101,840.00"
2019-05-14,2019051401008852,EBL,58,48,350,671.00,"234,850.00"
2019-05-14,2019051401008828,EBL,52,28,26,672.00,"17,472.00"
2019-05-14,2019051401008876,GBBL,51,48,50,221.00,"11,050.00"
2019-05-14,2019051401008875,GBBL,39,48,730,221.00,"161,330.00"
2019-05-14,2019051401008470,GBBL,39,1,200,221.00,"44,200.00"
2019-05-14,2019051401008469,GBBL,39,17,70,221.00,"15,470.00"
2019-05-14,2019051401008694,GDBL,6,37,"2,000",209.00,"418,000.00"
2019-05-14,2019051401008693,GDBL,21,37,"1,000",209.00,"209,000.00"
2019-05-14,2019051401008739,GDBL,43,39,399,209.00,"83,391.00"
2019-05-14,2019051401008738,GDBL,47,39,500,209.00,"104,500.00"
2019-05-14,2019051401008622,GFCL,59,39,20,122.00,"2,440.00"
2019-05-14,2019051401008596,GILB,34,47,90,"1,372.00","123,480.00"
2019-05-14,2019051401008441,GILB,38,39,18,"1,395.00","25,110.00"
2019-05-14,2019051401008647,GLICL,17,58,190,575.00,"109,250.00"
2019-05-14,2019051401008620,GLICL,17,1,10,575.00,"5,750.00"
2019-05-14,2019051401008891,GMFIL,54,26,100,131.00,"13,100.00"
2019-05-14,2019051401008436,HBL,58,58,500,586.00,"293,000.00"
2019-05-14,2019051401008435,HBL,38,58,300,587.00,"176,100.00"
2019-05-14,2019051401008434,HBL,17,58,20,587.00,"11,740.00"
2019-05-14,2019051401008433,HBL,25,58,20,587.00,"11,740.00"
2019-05-14,2019051401008432,HBL,49,58,200,588.00,"117,600.00"
2019-05-14,2019051401008682,HDL,46,58,20,"2,004.00","40,080.00"
2019-05-14,2019051401008638,HIDCL,29,42,400,152.00,"60,800.00"
2019-05-14,2019051401008637,HIDCL,38,42,100,154.00,"15,400.00"
2019-05-14,2019051401008636,HIDCL,17,42,100,156.00,"15,600.00"
2019-05-14,2019051401008632,HIDCL,17,42,900,155.00,"139,500.00"
2019-05-14,2019051401008617,HIDCL,16,42,500,155.00,"77,500.00"
2019-05-14,2019051401008616,HIDCL,34,42,"1,000",155.00,"155,000.00"
2019-05-14,2019051401008609,HIDCL,38,42,232,157.00,"36,424.00"
2019-05-14,2019051401008576,HIDCL,38,19,860,157.00,"135,020.00"
2019-05-14,2019051401008427,HIDCL,38,6,408,157.00,"64,056.00"
2019-05-14,2019051401008426,HIDCL,45,6,792,157.00,"124,344.00"
2019-05-14,2019051401008615,HIDCL,26,42,300,156.00,"46,800.00"
2019-05-14,2019051401008614,HIDCL,51,42,"1,000",156.00,"156,000.00"
2019-05-14,2019051401008613,HIDCL,39,42,"1,000",156.00,"156,000.00"
2019-05-14,2019051401008612,HIDCL,45,42,500,156.00,"78,000.00"
2019-05-14,2019051401008611,HIDCL,32,42,20,156.00,"3,120.00"
2019-05-14,2019051401008610,HIDCL,11,42,84,157.00,"13,188.00"
2019-05-14,2019051401008843,HPPL,19,44,10,183.00,"1,830.00"
2019-05-14,2019051401008842,HPPL,19,25,10,183.00,"1,830.00"
2019-05-14,2019051401008813,HPPL,19,41,10,181.00,"1,810.00"
2019-05-14,2019051401008812,HPPL,19,41,10,181.00,"1,810.00"
2019-05-14,2019051401008811,HPPL,19,44,10,181.00,"1,810.00"
2019-05-14,2019051401008702,HPPL,39,44,60,180.00,"10,800.00"
2019-05-14,2019051401008628,HPPL,42,35,10,179.00,"1,790.00"
2019-05-14,2019051401008720,ICFCPO,14,28,"30,483",120.00,"3,657,960.00"
2019-05-14,2019051401008757,IGI,50,55,200,435.00,"87,000.00"
2019-05-14,2019051401008565,IGI,17,6,178,433.00,"77,074.00"
2019-05-14,2019051401008522,IGI,17,6,22,433.00,"9,526.00"
2019-05-14,2019051401008717,IGI,34,29,50,437.00,"21,850.00"
2019-05-14,2019051401008681,IGI,45,6,60,433.00,"25,980.00"
2019-05-14,2019051401008619,IGI,45,21,150,433.00,"64,950.00"
2019-05-14,2019051401008618,IGI,45,22,180,433.00,"77,940.00"
2019-05-14,2019051401008775,JBNL,45,29,57,205.00,"11,685.00"
2019-05-14,2019051401008687,JBNL,45,32,143,205.00,"29,315.00"
2019-05-14,2019051401008686,JBNL,7,32,357,205.00,"73,185.00"
2019-05-14,2019051401008678,JBNL,7,39,400,205.00,"82,000.00"
2019-05-14,2019051401008633,JBNL,7,57,"1,343",205.00,"275,315.00"
2019-05-14,2019051401008482,JBNL,39,57,100,205.00,"20,500.00"
2019-05-14,2019051401008443,JBNL,21,57,"1,486",205.00,"304,630.00"
2019-05-14,2019051401008481,JBNL,40,57,686,205.00,"140,630.00"
2019-05-14,2019051401008459,JBNL,40,48,314,205.00,"64,370.00"
2019-05-14,2019051401008458,JBNL,45,48,686,205.00,"140,630.00"
2019-05-14,2019051401008453,JBNL,45,58,"3,314",205.00,"679,370.00"
2019-05-14,2019051401008452,JBNL,39,58,"1,686",205.00,"345,630.00"
2019-05-14,2019051401008444,JBNL,39,57,"2,314",205.00,"474,370.00"
2019-05-14,2019051401008573,KBBL,55,41,525,224.00,"117,600.00"
2019-05-14,2019051401008439,KBL,45,32,106,222.00,"23,532.00"
2019-05-14,2019051401008919,KRBL,5,5,235,99.00,"23,265.00"
2019-05-14,2019051401008488,KSBBL,36,33,105,151.00,"15,855.00"
2019-05-14,2019051401008890,LBBL,18,35,799,194.00,"155,006.00"
2019-05-14,2019051401008548,LBBL,47,35,100,194.00,"19,400.00"
2019-05-14,2019051401008547,LBBL,57,35,50,194.00,"9,700.00"
2019-05-14,2019051401008546,LBBL,37,35,964,194.00,"187,016.00"
2019-05-14,2019051401008465,LBBL,7,58,500,195.00,"97,500.00"
2019-05-14,2019051401008464,LBBL,7,1,70,195.00,"13,650.00"
2019-05-14,2019051401008448,LBL,56,14,11,228.00,"2,508.00"
2019-05-14,2019051401008677,LGIL,19,57,250,512.00,"128,000.00"
2019-05-14,2019051401008498,LGIL,19,46,250,512.00,"128,000.00"
2019-05-14,2019051401008649,LICN,25,32,50,"1,890.00","94,500.00"
2019-05-14,2019051401008648,LICN,7,32,20,"1,890.00","37,800.00"
2019-05-14,2019051401008489,LLBS,40,16,100,773.00,"77,300.00"
2019-05-14,2019051401008759,MBL,34,32,361,270.00,"97,470.00"
2019-05-14,2019051401008758,MBL,14,32,66,270.00,"17,820.00"
2019-05-14,2019051401008590,MBL,14,19,34,270.00,"9,180.00"
2019-05-14,2019051401008506,MBL,34,32,573,270.00,"154,710.00"
2019-05-14,2019051401008451,MBL,34,13,244,270.00,"65,880.00"
2019-05-14,2019051401008895,MDB,26,59,50,255.00,"12,750.00"
2019-05-14,2019051401008894,MDB,38,59,20,255.00,"5,100.00"
2019-05-14,2019051401008884,MEGA,33,8,"1,000",197.00,"197,000.00"
2019-05-14,2019051401008883,MEGA,33,32,609,197.00,"119,973.00"
2019-05-14,2019051401008847,MEGA,21,44,14,196.00,"2,744.00"
2019-05-14,2019051401008846,MEGA,38,44,18,196.00,"3,528.00"
2019-05-14,2019051401008836,MEGA,57,32,200,197.00,"39,400.00"
2019-05-14,2019051401008820,MEGA,17,32,191,197.00,"37,627.00"
2019-05-14,2019051401008520,MEGA,38,43,180,196.00,"35,280.00"
2019-05-14,2019051401008517,MEGA,38,39,34,196.00,"6,664.00"
2019-05-14,2019051401008507,MEGA,38,37,300,196.00,"58,800.00"
2019-05-14,2019051401008474,MEGA,33,32,91,197.00,"17,927.00"
2019-05-14,2019051401008473,MEGA,33,29,100,197.00,"19,700.00"
2019-05-14,2019051401008472,MEGA,33,44,309,197.00,"60,873.00"
2019-05-14,2019051401008819,MEGA,17,39,309,197.00,"60,873.00"
2019-05-14,2019051401008790,MEGA,17,39,"2,000",197.00,"394,000.00"
2019-05-14,2019051401008783,MEGA,38,43,100,196.00,"19,600.00"
2019-05-14,2019051401008755,MEGA,39,39,191,197.00,"37,627.00"
2019-05-14,2019051401008754,MEGA,39,32,109,197.00,"21,473.00"
2019-05-14,2019051401008629,MEGA,38,40,258,196.00,"50,568.00"
2019-05-14,2019051401008423,MFIL,5,58,20,113.00,"2,260.00"
2019-05-14,2019051401008729,MNBBL,19,46,500,385.00,"192,500.00"
2019-05-14,2019051401008496,MNBBL,17,41,100,385.00,"38,500.00"
2019-05-14,2019051401008821,MSLB,6,54,30,"1,170.00","35,100.00"
2019-05-14,2019051401008555,MSLB,41,19,10,"1,164.00","11,640.00"
2019-05-14,2019051401008816,NABIL,48,44,100,842.00,"84,200.00"
2019-05-14,2019051401008528,NABIL,48,13,27,842.00,"22,734.00"
2019-05-14,2019051401008815,NADEP,39,39,10,495.00,"4,950.00"
2019-05-14,2019051401008495,NBB,25,37,400,230.00,"92,000.00"
2019-05-14,2019051401008425,NBB,28,43,"1,000",230.00,"230,000.00"
2019-05-14,2019051401008424,NBB,25,43,92,230.00,"21,160.00"
2019-05-14,2019051401008917,NBL,1,35,10,312.00,"3,120.00"
2019-05-14,2019051401008750,NBL,47,4,"1,850",311.00,"575,350.00"
2019-05-14,2019051401008749,NBL,58,4,650,311.00,"202,150.00"
2019-05-14,2019051401008748,NBL,56,4,"1,500",311.00,"466,500.00"
2019-05-14,2019051401008747,NBL,5,4,"1,000",311.00,"311,000.00"
2019-05-14,2019051401008542,NBL,25,4,"1,991",311.00,"619,201.00"
2019-05-14,2019051401008535,NBL,40,4,"2,000",311.00,"622,000.00"
2019-05-14,2019051401008534,NBL,34,4,300,311.00,"93,300.00"
2019-05-14,2019051401008533,NBL,10,4,300,311.00,"93,300.00"
2019-05-14,2019051401008487,NBL,40,35,300,312.00,"93,600.00"
2019-05-14,2019051401008541,NBL,1,4,200,311.00,"62,200.00"
2019-05-14,2019051401008540,NBL,39,4,"1,000",311.00,"311,000.00"
2019-05-14,2019051401008539,NBL,47,4,200,311.00,"62,200.00"
2019-05-14,2019051401008538,NBL,25,4,300,311.00,"93,300.00"
2019-05-14,2019051401008537,NBL,56,4,300,311.00,"93,300.00"
2019-05-14,2019051401008536,NBL,25,4,409,311.00,"127,199.00"
2019-05-14,2019051401008782,NCCB,57,25,100,259.00,"25,900.00"
2019-05-14,2019051401008781,NCCB,40,4,318,258.00,"82,044.00"
2019-05-14,2019051401008780,NCCB,58,4,682,258.00,"175,956.00"
2019-05-14,2019051401008771,NCCB,58,26,200,258.00,"51,600.00"
2019-05-14,2019051401008745,NCCB,58,26,500,258.00,"129,000.00"
2019-05-14,2019051401008680,NCCB,58,45,380,258.00,"98,040.00"
2019-05-14,2019051401008478,NCCB,52,56,153,259.00,"39,627.00"
2019-05-14,2019051401008428,NCCB,36,34,500,258.00,"129,000.00"
2019-05-14,2019051401008602,NCCB,58,21,238,258.00,"61,404.00"
2019-05-14,2019051401008601,NCCB,36,21,402,258.00,"103,716.00"
2019-05-14,2019051401008521,NCCB,36,32,100,258.00,"25,800.00"
2019-05-14,2019051401008494,NCCB,28,25,200,259.00,"51,800.00"
2019-05-14,2019051401008480,NCCB,52,25,747,259.00,"193,473.00"
2019-05-14,2019051401008479,NCCB,52,43,100,259.00,"25,900.00"
2019-05-14,2019051401008839,NCDB,56,42,500,141.00,"70,500.00"
2019-05-14,2019051401008838,NCDB,56,26,"1,000",141.00,"141,000.00"
2019-05-14,2019051401008856,NIB,56,44,100,548.00,"54,800.00"
2019-05-14,2019051401008772,NIB,26,26,118,548.00,"64,664.00"
2019-05-14,2019051401008529,NIB,6,5,70,549.00,"38,430.00"
2019-05-14,2019051401008625,NIBSF1,7,47,"5,000",9.85,"49,250.00"
2019-05-14,2019051401008624,NIBSF1,7,47,"5,000",9.85,"49,250.00"
2019-05-14,2019051401008595,NICA,6,53,70,492.00,"34,440.00"
2019-05-14,2019051401008594,NICA,34,53,100,492.00,"49,200.00"
2019-05-14,2019051401008593,NICA,6,53,130,492.00,"63,960.00"
2019-05-14,2019051401008860,NICL,39,20,350,391.00,"136,850.00"
2019-05-14,2019051401008859,NICL,6,20,100,392.00,"39,200.00"
2019-05-14,2019051401008858,NICL,39,20,50,394.00,"19,700.00"
2019-05-14,2019051401008774,NLBBL,18,16,270,529.00,"142,830.00"
2019-05-14,2019051401008773,NLBBL,50,16,200,530.00,"106,000.00"
2019-05-14,2019051401008553,NLBBL,50,41,494,530.00,"261,820.00"
2019-05-14,2019051401008644,NLG,17,5,50,847.00,"42,350.00"
2019-05-14,2019051401008643,NLG,34,5,100,847.00,"84,700.00"
2019-05-14,2019051401008642,NLG,58,5,100,848.00,"84,800.00"
2019-05-14,2019051401008641,NLG,51,5,50,849.00,"42,450.00"
2019-05-14,2019051401008640,NLG,41,5,50,850.00,"42,500.00"
2019-05-14,2019051401008639,NLG,29,5,50,850.00,"42,500.00"
2019-05-14,2019051401008634,NLG,29,20,50,850.00,"42,500.00"
2019-05-14,2019051401008460,NLIC,51,19,15,966.00,"14,490.00"
2019-05-14,2019051401008882,NMB,14,25,"1,000",386.00,"386,000.00"
2019-05-14,2019051401008881,NMB,14,49,"1,000",386.00,"386,000.00"
2019-05-14,2019051401008880,NMB,14,25,"1,000",386.00,"386,000.00"
2019-05-14,2019051401008879,NMB,14,44,957,386.00,"369,402.00"
2019-05-14,2019051401008835,NMB,49,16,300,385.00,"115,500.00"
2019-05-14,2019051401008730,NMB,49,14,200,385.00,"77,000.00"
2019-05-14,2019051401008486,NMB,14,32,681,384.00,"261,504.00"
2019-05-14,2019051401008445,NMB,14,54,10,384.00,"3,840.00"
2019-05-14,2019051401008440,NMB,14,58,12,384.00,"4,608.00"
2019-05-14,2019051401008438,NMB,14,32,"1,000",384.00,"384,000.00"
2019-05-14,2019051401008712,NMB,49,14,300,385.00,"115,500.00"
2019-05-14,2019051401008711,NMB,49,25,900,385.00,"346,500.00"
2019-05-14,2019051401008695,NMB,14,29,100,384.00,"38,400.00"
2019-05-14,2019051401008627,NMB,19,25,100,385.00,"38,500.00"
2019-05-14,2019051401008626,NMB,19,41,100,385.00,"38,500.00"
2019-05-14,2019051401008514,NMB,14,32,319,384.00,"122,496.00"
2019-05-14,2019051401008893,NSEWA,20,11,90,480.00,"43,200.00"
2019-05-14,2019051401008691,NSEWA,11,43,50,481.00,"24,050.00"
2019-05-14,2019051401008719,NTC,36,57,80,715.00,"57,200.00"
2019-05-14,2019051401008704,NUBL,19,41,33,878.00,"28,974.00"
2019-05-14,2019051401008703,NUBL,16,41,26,879.00,"22,854.00"
2019-05-14,2019051401008841,OHL,25,33,461,630.00,"290,430.00"
2019-05-14,2019051401008822,OHL,19,50,22,627.00,"13,794.00"
2019-05-14,2019051401008814,OHL,40,42,126,626.00,"78,876.00"
2019-05-14,2019051401008731,OHL,19,34,50,626.00,"31,300.00"
2019-05-14,2019051401008635,OHL,19,19,250,626.00,"156,500.00"
2019-05-14,2019051401008603,OHL,19,50,78,627.00,"48,906.00"
2019-05-14,2019051401008761,OHL,40,17,74,626.00,"46,324.00"
2019-05-14,2019051401008760,OHL,1,17,50,626.00,"31,300.00"
2019-05-14,2019051401008733,OHL,1,34,50,626.00,"31,300.00"
2019-05-14,2019051401008732,OHL,57,34,100,626.00,"62,600.00"
2019-05-14,2019051401008716,PCBL,58,6,60,377.00,"22,620.00"
2019-05-14,2019051401008715,PCBL,58,38,300,377.00,"113,100.00"
2019-05-14,2019051401008714,PCBL,58,42,812,377.00,"306,124.00"
2019-05-14,2019051401008713,PCBL,58,17,284,377.00,"107,068.00"
2019-05-14,2019051401008623,PCBL,44,33,"1,155",376.00,"434,280.00"
2019-05-14,2019051401008463,PCBL,58,17,50,377.00,"18,850.00"
2019-05-14,2019051401008462,PCBL,58,14,150,377.00,"56,550.00"
2019-05-14,2019051401008450,PCBL,45,14,50,377.00,"18,850.00"
2019-05-14,2019051401008824,PIC,44,56,150,"1,231.00","184,650.00"
2019-05-14,2019051401008823,PIC,57,56,50,"1,232.00","61,600.00"
2019-05-14,2019051401008744,PIC,39,50,12,"1,233.00","14,796.00"
2019-05-14,2019051401008676,PIC,42,50,200,"1,233.00","246,600.00"
2019-05-14,2019051401008675,PIC,56,50,88,"1,234.00","108,592.00"
2019-05-14,2019051401008671,PIC,56,57,12,"1,234.00","14,808.00"
2019-05-14,2019051401008574,PIC,43,3,26,"1,234.00","32,084.00"
2019-05-14,2019051401008543,PIC,5,3,78,"1,235.00","96,330.00"
2019-05-14,2019051401008830,PICL,10,58,405,745.00,"301,725.00"
2019-05-14,2019051401008829,PICL,41,58,40,746.00,"29,840.00"
2019-05-14,2019051401008582,PLIC,19,43,140,489.00,"68,460.00"
2019-05-14,2019051401008581,PLIC,37,43,60,489.00,"29,340.00"
2019-05-14,2019051401008756,PMHPL,56,38,10,112.00,"1,120.00"
2019-05-14,2019051401008908,PRIN,43,26,100,419.00,"41,900.00"
2019-05-14,2019051401008916,PRVU,39,32,500,284.00,"142,000.00"
2019-05-14,2019051401008915,PRVU,39,38,50,284.00,"14,200.00"
2019-05-14,2019051401008767,PRVU,45,38,50,284.00,"14,200.00"
2019-05-14,2019051401008663,PRVU,39,42,150,283.00,"42,450.00"
2019-05-14,2019051401008918,RADHI,38,38,1,156.00,156.00
2019-05-14,2019051401008910,RADHI,59,40,11,159.00,"1,749.00"
2019-05-14,2019051401008575,RADHI,38,38,1,156.00,156.00
2019-05-14,2019051401008887,RBCLPO,48,14,10,"9,900.00","99,000.00"
2019-05-14,2019051401008874,RBCLPO,53,19,10,"10,063.00","100,630.00"
2019-05-14,2019051401008873,RBCLPO,56,19,10,"10,063.00","100,630.00"
2019-05-14,2019051401008789,RBCLPO,56,49,10,"10,063.00","100,630.00"
2019-05-14,2019051401008762,RBCLPO,37,14,10,"10,063.00","100,630.00"
2019-05-14,2019051401008725,RBCLPO,37,56,10,"10,063.00","100,630.00"
2019-05-14,2019051401008421,RBCLPO,42,42,40,"10,063.00","402,520.00"
2019-05-14,2019051401008420,RBCLPO,56,42,10,"10,063.00","100,630.00"
2019-05-14,2019051401008724,RBCLPO,17,56,10,"10,063.00","100,630.00"
2019-05-14,2019051401008723,RBCLPO,16,56,20,"10,063.00","201,260.00"
2019-05-14,2019051401008722,RBCLPO,16,56,20,"10,063.00","201,260.00"
2019-05-14,2019051401008721,RBCLPO,28,56,40,"10,063.00","402,520.00"
2019-05-14,2019051401008650,RBCLPO,16,33,10,"10,063.00","100,630.00"
2019-05-14,2019051401008422,RBCLPO,42,42,40,"10,063.00","402,520.00"
2019-05-14,2019051401008571,RMDC,34,58,"1,000",646.00,"646,000.00"
2019-05-14,2019051401008570,RMDC,16,58,300,647.00,"194,100.00"
2019-05-14,2019051401008569,RMDC,34,58,500,648.00,"324,000.00"
2019-05-14,2019051401008568,RMDC,45,58,56,648.00,"36,288.00"
2019-05-14,2019051401008567,RMDC,34,58,500,649.00,"324,500.00"
2019-05-14,2019051401008566,RMDC,34,58,332,650.00,"215,800.00"
2019-05-14,2019051401008544,RMDC,34,43,25,650.00,"16,250.00"
2019-05-14,2019051401008674,RRHP,58,26,500,95.00,"47,500.00"
2019-05-14,2019051401008673,RRHP,58,26,500,95.00,"47,500.00"
2019-05-14,2019051401008672,RRHP,58,48,10,95.00,950.00
2019-05-14,2019051401008607,SADBL,19,50,300,149.00,"44,700.00"
2019-05-14,2019051401008606,SADBL,58,50,"1,000",149.00,"149,000.00"
2019-05-14,2019051401008605,SADBL,52,50,500,150.00,"75,000.00"
2019-05-14,2019051401008604,SADBL,52,50,200,151.00,"30,200.00"
2019-05-14,2019051401008872,SANIMA,25,29,130,363.00,"47,190.00"
2019-05-14,2019051401008871,SANIMA,25,47,"4,820",363.00,"1,749,660.00"
2019-05-14,2019051401008870,SANIMA,25,39,100,363.00,"36,300.00"
2019-05-14,2019051401008869,SANIMA,25,34,116,363.00,"42,108.00"
2019-05-14,2019051401008863,SANIMA,57,34,100,363.00,"36,300.00"
2019-05-14,2019051401008710,SANIMA,56,42,300,362.00,"108,600.00"
2019-05-14,2019051401008585,SANIMA,34,7,10,360.00,"3,600.00"
2019-05-14,2019051401008461,SANIMA,34,43,100,360.00,"36,000.00"
2019-05-14,2019051401008709,SANIMA,56,41,50,362.00,"18,100.00"
2019-05-14,2019051401008708,SANIMA,56,25,100,362.00,"36,200.00"
2019-05-14,2019051401008707,SANIMA,56,57,"1,000",362.00,"362,000.00"
2019-05-14,2019051401008706,SANIMA,56,6,100,362.00,"36,200.00"
2019-05-14,2019051401008705,SANIMA,56,6,"1,040",362.00,"376,480.00"
2019-05-14,2019051401008588,SANIMA,25,7,300,361.00,"108,300.00"
2019-05-14,2019051401008834,SBBLJ,25,33,24,195.00,"4,680.00"
2019-05-14,2019051401008833,SBBLJ,35,33,100,196.00,"19,600.00"
2019-05-14,2019051401008832,SBBLJ,17,33,400,197.00,"78,800.00"
2019-05-14,2019051401008831,SBBLJ,17,33,100,197.00,"19,700.00"
2019-05-14,2019051401008701,SBI,49,46,188,486.00,"91,368.00"
2019-05-14,2019051401008530,SBI,39,46,100,486.00,"48,600.00"
2019-05-14,2019051401008892,SBL,55,35,105,340.00,"35,700.00"
2019-05-14,2019051401008737,SBL,25,38,59,341.00,"20,119.00"
2019-05-14,2019051401008589,SBL,48,4,"1,500",341.00,"511,500.00"
2019-05-14,2019051401008551,SBL,33,53,281,340.00,"95,540.00"
2019-05-14,2019051401008446,SBL,48,49,298,339.00,"101,022.00"
2019-05-14,2019051401008485,SCB,42,46,10,690.00,"6,900.00"
2019-05-14,2019051401008484,SCB,52,46,100,690.00,"69,000.00"
2019-05-14,2019051401008483,SCB,40,46,30,691.00,"20,730.00"
2019-05-14,2019051401008562,SDESI,34,1,23,620.00,"14,260.00"
2019-05-14,2019051401008561,SDESI,34,1,23,620.00,"14,260.00"
2019-05-14,2019051401008560,SDESI,34,1,23,620.00,"14,260.00"
2019-05-14,2019051401008532,SEOS,7,11,"5,000",10.50,"52,500.00"
2019-05-14,2019051401008784,SHIVM,57,5,10,546.00,"5,460.00"
2019-05-14,2019051401008684,SHIVM,57,41,50,546.00,"27,300.00"
2019-05-14,2019051401008559,SHIVM,57,35,10,546.00,"5,460.00"
2019-05-14,2019051401008558,SHIVM,29,35,500,546.00,"273,000.00"
2019-05-14,2019051401008557,SHIVM,26,35,490,546.00,"267,540.00"
2019-05-14,2019051401008500,SHIVM,26,21,10,546.00,"5,460.00"
2019-05-14,2019051401008499,SHIVM,44,21,40,546.00,"21,840.00"
2019-05-14,2019051401008454,SIC,28,16,50,"1,479.00","73,950.00"
2019-05-14,2019051401008827,SICL,13,43,285,896.00,"255,360.00"
2019-05-14,2019051401008826,SICL,13,57,28,896.00,"25,088.00"
2019-05-14,2019051401008825,SICL,13,35,100,895.00,"89,500.00"
2019-05-14,2019051401008770,SICL,6,35,100,895.00,"89,500.00"
2019-05-14,2019051401008769,SICL,6,42,500,894.00,"447,000.00"
2019-05-14,2019051401008700,SICL,32,10,10,890.00,"8,900.00"
2019-05-14,2019051401008699,SICL,22,10,90,890.00,"80,100.00"
2019-05-14,2019051401008868,SLICL,58,4,"1,700",606.00,"1,030,200.00"
2019-05-14,2019051401008867,SLICL,58,35,100,605.00,"60,500.00"
2019-05-14,2019051401008743,SLICL,50,57,225,603.00,"135,675.00"
2019-05-14,2019051401008742,SLICL,16,57,200,603.00,"120,600.00"
2019-05-14,2019051401008741,SLICL,44,57,30,603.00,"18,090.00"
2019-05-14,2019051401008740,SLICL,6,57,25,604.00,"15,100.00"
2019-05-14,2019051401008429,SLICL,35,34,25,604.00,"15,100.00"
2019-05-14,2019051401008679,SLICL,6,49,75,604.00,"45,300.00"
2019-05-14,2019051401008491,SLICL,17,49,25,604.00,"15,100.00"
2019-05-14,2019051401008468,SLICL,17,45,75,604.00,"45,300.00"
2019-05-14,2019051401008467,SLICL,58,45,100,604.00,"60,400.00"
2019-05-14,2019051401008466,SLICL,57,45,25,604.00,"15,100.00"
2019-05-14,2019051401008430,SLICL,57,34,75,604.00,"45,300.00"
2019-05-14,2019051401008526,SMB,48,49,10,467.00,"4,670.00"
2019-05-14,2019051401008497,SMFDB,35,37,30,591.00,"17,730.00"
2019-05-14,2019051401008907,SRBL,34,28,14,259.00,"3,626.00"
2019-05-14,2019051401008897,SRBL,18,43,500,260.00,"130,000.00"
2019-05-14,2019051401008896,SRBL,18,52,102,260.00,"26,520.00"
2019-05-14,2019051401008490,SRBL,40,19,50,259.00,"12,950.00"
2019-05-14,2019051401008447,SRBL,40,52,146,259.00,"37,814.00"
2019-05-14,2019051401008578,SWBBL,52,41,50,904.00,"45,200.00"
2019-05-14,2019051401008577,SWBBL,45,41,138,904.00,"124,752.00"
2019-05-14,2019051401008564,SWBBL,45,53,250,904.00,"226,000.00"
2019-05-14,2019051401008477,SWBBL,45,55,12,904.00,"10,848.00"
2019-05-14,2019051401008476,SWBBL,56,55,100,905.00,"90,500.00"
2019-05-14,2019051401008475,UFL,17,42,36,192.00,"6,912.00"
2019-05-14,2019051401008645,UIC,17,7,45,980.00,"44,100.00"
2019-05-14,2019051401008552,UIC,17,16,52,980.00,"50,960.00"
2019-05-14,2019051401008788,UPPER,35,40,110,248.00,"27,280.00"
2019-05-14,2019051401008746,UPPER,43,40,100,248.00,"24,800.00"
2019-05-14,2019051401008728,UPPER,50,40,90,248.00,"22,320.00"
2019-05-14,2019051401008727,UPPER,50,54,40,248.00,"9,920.00"
2019-05-14,2019051401008726,UPPER,50,17,70,248.00,"17,360.00"
2019-05-14,2019051401008516,UPPER,33,11,500,248.00,"124,000.00"
2019-05-14,2019051401008457,UPPER,16,45,40,246.00,"9,840.00"
2019-05-14,2019051401008563,UPPER,33,45,50,247.00,"12,350.00"
2019-05-14,2019051401008549,UPPER,33,34,16,248.00,"3,968.00"
2019-05-14,2019051401008545,UPPER,33,13,434,248.00,"107,632.00"
2019-05-14,2019051401008519,UPPER,33,45,50,248.00,"12,400.00"
2019-05-14,2019051401008598,UPPER,33,45,50,247.00,"12,350.00"
2019-05-14,2019051401008591,UPPER,33,40,90,247.00,"22,230.00"
2019-05-14,2019051401008587,UPPER,33,28,84,247.00,"20,748.00"
2019-05-14,2019051401008586,UPPER,33,28,416,247.00,"102,752.00"
2019-05-14,2019051401008583,UPPER,33,34,484,247.00,"119,548.00"
2019-05-14,2019051401008572,UPPER,33,57,50,247.00,"12,350.00"
2019-05-14,2019051401008666,UPPER,33,35,10,247.00,"2,470.00"
2019-05-14,2019051401008600,UPPER,33,28,35,247.00,"8,645.00"
2019-05-14,2019051401008864,VLBS,37,11,29,589.00,"17,081.00"
2019-05-14,2019051401008374,ADBL,34,14,150,410.00,"61,500.00"
2019-05-14,2019051401008373,ADBL,53,14,500,410.00,"205,000.00"
2019-05-14,2019051401008372,ADBL,58,14,"2,000",410.00,"820,000.00"
2019-05-14,2019051401008371,ADBL,58,14,300,410.00,"123,000.00"
2019-05-14,2019051401008370,ADBL,54,14,280,410.00,"114,800.00"
2019-05-14,2019051401008369,ADBL,11,14,450,411.00,"184,950.00"
2019-05-14,2019051401008168,ADBL,54,38,100,410.00,"41,000.00"
2019-05-14,2019051401008167,ADBL,54,39,"1,045",410.00,"428,450.00"
2019-05-14,2019051401008077,ADBL,45,39,955,410.00,"391,550.00"
2019-05-14,2019051401008076,ADBL,45,46,45,409.00,"18,405.00"
2019-05-14,2019051401007963,ADBL,8,38,250,409.00,"102,250.00"
2019-05-14,2019051401008348,ADBL,1,57,300,412.00,"123,600.00"
2019-05-14,2019051401008173,ADBL,54,35,25,410.00,"10,250.00"
2019-05-14,2019051401008172,ADBL,54,8,100,410.00,"41,000.00"
2019-05-14,2019051401008171,ADBL,54,38,200,410.00,"82,000.00"
2019-05-14,2019051401008170,ADBL,54,38,200,410.00,"82,000.00"
2019-05-14,2019051401008169,ADBL,54,19,50,410.00,"20,500.00"
2019-05-14,2019051401007941,AKPL,28,44,13,196.00,"2,548.00"
2019-05-14,2019051401008097,ALBSL,57,39,10,466.00,"4,660.00"
2019-05-14,2019051401007971,ALBSL,57,41,10,466.00,"4,660.00"
2019-05-14,2019051401007923,ALBSL,39,41,10,468.00,"4,680.00"
2019-05-14,2019051401008098,AMFI,49,6,10,566.00,"5,660.00"
2019-05-14,2019051401008245,API,34,45,150,142.00,"21,300.00"
2019-05-14,2019051401008244,API,45,45,50,142.00,"7,100.00"
2019-05-14,2019051401008243,API,17,45,70,143.00,"10,010.00"
2019-05-14,2019051401008224,API,17,56,100,143.00,"14,300.00"
2019-05-14,2019051401008214,API,17,45,500,143.00,"71,500.00"
2019-05-14,2019051401008213,API,13,45,"1,500",143.00,"214,500.00"
2019-05-14,2019051401008202,API,17,58,300,143.00,"42,900.00"
2019-05-14,2019051401008104,API,17,17,30,143.00,"4,290.00"
2019-05-14,2019051401008103,API,34,17,327,143.00,"46,761.00"
2019-05-14,2019051401008015,API,34,28,173,143.00,"24,739.00"
2019-05-14,2019051401008014,API,1,28,100,143.00,"14,300.00"
2019-05-14,2019051401008013,API,34,28,227,143.00,"32,461.00"
2019-05-14,2019051401008271,BHBL,14,56,105,199.00,"20,895.00"
2019-05-14,2019051401008270,BHBL,14,29,300,199.00,"59,700.00"
2019-05-14,2019051401008269,BHBL,14,41,200,199.00,"39,800.00"
2019-05-14,2019051401008268,BHBL,14,11,22,199.00,"4,378.00"
2019-05-14,2019051401008267,BHBL,14,48,500,199.00,"99,500.00"
2019-05-14,2019051401008266,BHBL,14,13,20,199.00,"3,980.00"
2019-05-14,2019051401008265,BHBL,14,1,500,199.00,"99,500.00"
2019-05-14,2019051401008264,BHBL,14,48,500,198.00,"99,000.00"
2019-05-14,2019051401008344,BPCL,21,49,22,386.00,"8,492.00"
2019-05-14,2019051401008276,BPCL,21,49,22,386.00,"8,492.00"
2019-05-14,2019051401008106,BPCL,34,1,11,386.00,"4,246.00"
2019-05-14,2019051401007994,CBBL,29,53,82,964.00,"79,048.00"
2019-05-14,2019051401007977,CBBL,29,44,150,964.00,"144,600.00"
2019-05-14,2019051401007975,CBBL,29,16,72,964.00,"69,408.00"
2019-05-14,2019051401008406,CBL,22,58,"1,000",151.00,"151,000.00"
2019-05-14,2019051401008384,CBL,14,49,138,150.00,"20,700.00"
2019-05-14,2019051401008383,CBL,55,49,30,150.00,"4,500.00"
2019-05-14,2019051401008286,CBL,55,49,209,150.00,"31,350.00"
2019-05-14,2019051401008248,CBL,55,40,"1,500",150.00,"225,000.00"
2019-05-14,2019051401008041,CBL,49,58,200,151.00,"30,200.00"
2019-05-14,2019051401008353,CCBL,25,58,11,171.00,"1,881.00"
2019-05-14,2019051401008323,CCBL,58,34,100,172.00,"17,200.00"
2019-05-14,2019051401008322,CCBL,48,34,245,172.00,"42,140.00"
2019-05-14,2019051401008308,CCBL,48,58,11,172.00,"1,892.00"
2019-05-14,2019051401008284,CCBL,14,42,300,173.00,"51,900.00"
2019-05-14,2019051401008275,CCBL,48,19,190,172.00,"32,680.00"
2019-05-14,2019051401008176,CCBL,21,42,50,173.00,"8,650.00"
2019-05-14,2019051401008009,CCBL,34,42,99,173.00,"17,127.00"
2019-05-14,2019051401008293,CHLBS,25,48,28,466.00,"13,048.00"
2019-05-14,2019051401008231,CHLBS,13,48,50,466.00,"23,300.00"
2019-05-14,2019051401008206,CHLBS,37,48,50,466.00,"23,300.00"
2019-05-14,2019051401008089,CHLBS,13,48,50,466.00,"23,300.00"
2019-05-14,2019051401007992,CHLBS,49,41,10,465.00,"4,650.00"
2019-05-14,2019051401007932,CHLBS,49,41,10,465.00,"4,650.00"
2019-05-14,2019051401008329,CIT,49,6,44,"2,651.00","116,644.00"
2019-05-14,2019051401008298,CIT,39,6,50,"2,660.00","133,000.00"
2019-05-14,2019051401008297,CIT,39,6,50,"2,660.00","133,000.00"
2019-05-14,2019051401008196,CIT,7,33,100,"2,675.00","267,500.00"
2019-05-14,2019051401007995,CIT,45,39,17,"2,700.00","45,900.00"
2019-05-14,2019051401007940,CIT,45,26,10,"2,700.00","27,000.00"
2019-05-14,2019051401007922,CIT,45,19,50,"2,700.00","135,000.00"
2019-05-14,2019051401007921,CIT,45,45,108,"2,700.00","291,600.00"
2019-05-14,2019051401007920,CIT,45,58,115,"2,700.00","310,500.00"
2019-05-14,2019051401007962,CLBSL,42,1,30,589.00,"17,670.00"
2019-05-14,2019051401008114,CZBIL,22,1,10,226.00,"2,260.00"
2019-05-14,2019051401008111,CZBIL,22,21,128,226.00,"28,928.00"
2019-05-14,2019051401008072,CZBIL,34,33,18,228.00,"4,104.00"
2019-05-14,2019051401008031,CZBIL,49,33,200,228.00,"45,600.00"
2019-05-14,2019051401008223,CZBIL,21,32,103,225.00,"23,175.00"
2019-05-14,2019051401008222,CZBIL,42,32,183,225.00,"41,175.00"
2019-05-14,2019051401008138,CZBIL,57,8,100,226.00,"22,600.00"
2019-05-14,2019051401008137,CZBIL,22,8,22,226.00,"4,972.00"
2019-05-14,2019051401008326,DBBL,33,57,145,140.00,"20,300.00"
2019-05-14,2019051401008285,DBBL,58,57,100,140.00,"14,000.00"
2019-05-14,2019051401008283,DBBL,58,17,500,139.00,"69,500.00"
2019-05-14,2019051401008254,DBBL,58,16,"5,000",139.00,"695,000.00"
2019-05-14,2019051401008253,DBBL,28,16,"1,000",139.00,"139,000.00"
2019-05-14,2019051401008192,DBBL,32,57,15,140.00,"2,100.00"
2019-05-14,2019051401008121,DBBL,32,39,85,140.00,"11,900.00"
2019-05-14,2019051401008054,DBBL,14,26,"1,000",140.00,"140,000.00"
2019-05-14,2019051401007976,DBBL,14,44,369,140.00,"51,660.00"
2019-05-14,2019051401008354,EBL,17,17,158,672.00,"106,176.00"
2019-05-14,2019051401007991,EBL,1,26,134,675.00,"90,450.00"
2019-05-14,2019051401007990,EBL,1,45,66,675.00,"44,550.00"
2019-05-14,2019051401008255,EBL,17,58,250,672.00,"168,000.00"
2019-05-14,2019051401008036,EBL,17,52,235,672.00,"157,920.00"
2019-05-14,2019051401008035,EBL,28,52,200,673.00,"134,600.00"
2019-05-14,2019051401008034,EBL,49,52,65,674.00,"43,810.00"
2019-05-14,2019051401008181,EIC,46,51,50,439.00,"21,950.00"
2019-05-14,2019051401008272,FMDBL,56,56,150,415.00,"62,250.00"
2019-05-14,2019051401008083,FMDBL,56,44,47,415.00,"19,505.00"
2019-05-14,2019051401008082,FMDBL,17,44,153,415.00,"63,495.00"
2019-05-14,2019051401008126,FOWAD,17,5,40,"1,540.00","61,600.00"
2019-05-14,2019051401008033,FOWAD,17,33,50,"1,540.00","77,000.00"
