Date,Transact. No.,Symbol,Buyer,Seller,Quantity,Rate,Amount
2020-02-04,2020020401017410,ADBL,26,25,122,386.00,"47,092.00"
2020-02-04,2020020401017223,ADBL,26,47,100,386.00,"38,600.00"
2020-02-04,2020020401017123,ADBL,5,42,10,387.00,"3,870.00"
2020-02-04,2020020401017542,AKPL,36,58,20,126.00,"2,520.00"
2020-02-04,2020020401017191,AKPL,34,40,500,124.00,"62,000.00"
2020-02-04,2020020401017190,AKPL,45,40,500,124.00,"62,000.00"
2020-02-04,2020020401017189,AKPL,45,40,"1,500",124.00,"186,000.00"
2020-02-04,2020020401017188,AKPL,39,40,454,124.00,"56,296.00"
2020-02-04,2020020401017072,AKPL,13,56,960,125.00,"120,000.00"
2020-02-04,2020020401017197,AKPL,29,40,100,124.00,"12,400.00"
2020-02-04,2020020401017196,AKPL,45,40,"1,000",124.00,"124,000.00"
2020-02-04,2020020401017195,AKPL,22,40,100,124.00,"12,400.00"
2020-02-04,2020020401017194,AKPL,55,40,300,124.00,"37,200.00"
2020-02-04,2020020401017193,AKPL,38,40,100,124.00,"12,400.00"
2020-02-04,2020020401017192,AKPL,58,40,100,124.00,"12,400.00"
2020-02-04,2020020401017201,AKPL,36,40,"1,000",124.00,"124,000.00"
2020-02-04,2020020401017200,AKPL,48,40,400,124.00,"49,600.00"
2020-02-04,2020020401017199,AKPL,13,40,"4,000",124.00,"496,000.00"
2020-02-04,2020020401017198,AKPL,48,40,100,124.00,"12,400.00"
2020-02-04,2020020401017533,ALBSL,4,43,100,730.00,"73,000.00"
2020-02-04,2020020401017532,ALBSL,4,14,10,730.00,"7,300.00"
2020-02-04,2020020401017531,ALBSL,4,17,10,728.00,"7,280.00"
2020-02-04,2020020401017530,ALBSL,4,42,120,727.00,"87,240.00"
2020-02-04,2020020401017529,ALBSL,4,14,300,726.00,"217,800.00"
2020-02-04,2020020401017214,ALBSL,4,47,10,720.00,"7,200.00"
2020-02-04,2020020401017213,ALBSL,4,36,10,718.00,"7,180.00"
2020-02-04,2020020401017528,ALBSL,4,47,300,726.00,"217,800.00"
2020-02-04,2020020401017219,ALBSL,4,59,200,725.00,"145,000.00"
2020-02-04,2020020401017218,ALBSL,4,35,10,725.00,"7,250.00"
2020-02-04,2020020401017217,ALBSL,4,52,10,723.00,"7,230.00"
2020-02-04,2020020401017216,ALBSL,4,52,10,723.00,"7,230.00"
2020-02-04,2020020401017215,ALBSL,4,10,200,721.00,"144,200.00"
2020-02-04,2020020401017464,API,25,58,15,125.00,"1,875.00"
2020-02-04,2020020401017463,API,25,58,"1,000",124.00,"124,000.00"
2020-02-04,2020020401017462,API,25,51,10,124.00,"1,240.00"
2020-02-04,2020020401017461,API,25,51,825,124.00,"102,300.00"
2020-02-04,2020020401017308,API,42,51,15,124.00,"1,860.00"
2020-02-04,2020020401017284,API,38,51,"1,000",124.00,"124,000.00"
2020-02-04,2020020401017178,API,47,34,"1,598",123.00,"196,554.00"
2020-02-04,2020020401017177,API,50,34,465,123.00,"57,195.00"
2020-02-04,2020020401017146,API,25,51,50,124.00,"6,200.00"
2020-02-04,2020020401017137,BARUN,55,55,200,99.00,"19,800.00"
2020-02-04,2020020401017372,BBC,56,3,10,"1,793.00","17,930.00"
2020-02-04,2020020401017258,BBC,14,39,20,"1,759.00","35,180.00"
2020-02-04,2020020401017513,BNT,55,22,10,"6,375.00","63,750.00"
2020-02-04,2020020401017376,BNT,57,33,140,"6,250.00","875,000.00"
2020-02-04,2020020401017454,BOKL,56,25,50,238.00,"11,900.00"
2020-02-04,2020020401017208,BOKL,5,44,10,239.00,"2,390.00"
2020-02-04,2020020401017512,BPCL,40,35,11,332.00,"3,652.00"
2020-02-04,2020020401017426,CBBL,43,46,200,991.00,"198,200.00"
2020-02-04,2020020401017425,CBBL,43,21,100,990.00,"99,000.00"
2020-02-04,2020020401017494,CBL,29,32,50,148.00,"7,400.00"
2020-02-04,2020020401017466,CBL,29,51,400,148.00,"59,200.00"
2020-02-04,2020020401017465,CBL,57,51,100,148.00,"14,800.00"
2020-02-04,2020020401017453,CBL,44,32,50,148.00,"7,400.00"
2020-02-04,2020020401017431,CBL,44,32,50,148.00,"7,400.00"
2020-02-04,2020020401017243,CBL,44,39,"4,892",148.00,"724,016.00"
2020-02-04,2020020401017242,CBL,57,39,"2,000",148.00,"296,000.00"
2020-02-04,2020020401017241,CBL,59,39,"2,000",148.00,"296,000.00"
2020-02-04,2020020401017240,CBL,38,39,"3,000",148.00,"444,000.00"
2020-02-04,2020020401017239,CBL,44,39,"2,000",148.00,"296,000.00"
2020-02-04,2020020401017238,CBL,35,39,"1,108",148.00,"163,984.00"
2020-02-04,2020020401017521,CFCL,44,14,57,148.00,"8,436.00"
2020-02-04,2020020401017520,CIT,41,33,100,"2,332.00","233,200.00"
2020-02-04,2020020401017434,CIT,38,3,25,"2,333.00","58,325.00"
2020-02-04,2020020401017433,CIT,38,22,40,"2,333.00","93,320.00"
2020-02-04,2020020401017285,CIT,38,22,60,"2,333.00","139,980.00"
2020-02-04,2020020401017136,CIT,38,33,50,"2,332.00","116,600.00"
2020-02-04,2020020401017107,CIT,57,33,50,"2,332.00","116,600.00"
2020-02-04,2020020401017478,CLBSL,40,49,100,961.00,"96,100.00"
2020-02-04,2020020401017098,DDBL,5,7,10,839.00,"8,390.00"
2020-02-04,2020020401017102,DHPL,38,13,33,57.00,"1,881.00"
2020-02-04,2020020401017061,DHPL,49,13,242,57.00,"13,794.00"
2020-02-04,2020020401017264,EBL,22,13,200,641.00,"128,200.00"
2020-02-04,2020020401017416,EIC,44,6,500,447.00,"223,500.00"
2020-02-04,2020020401017400,EIC,50,11,100,446.00,"44,600.00"
2020-02-04,2020020401017391,EIC,42,6,100,447.00,"44,700.00"
2020-02-04,2020020401017279,EIC,28,6,200,447.00,"89,400.00"
2020-02-04,2020020401017144,EIC,6,6,50,447.00,"22,350.00"
2020-02-04,2020020401017560,FMDBL,32,51,401,464.00,"186,064.00"
2020-02-04,2020020401017559,FMDBL,32,3,50,463.00,"23,150.00"
2020-02-04,2020020401017476,FMDBL,29,3,50,463.00,"23,150.00"
2020-02-04,2020020401017345,FMDBL,35,51,50,464.00,"23,200.00"
2020-02-04,2020020401017437,FOWAD,45,49,15,"1,374.00","20,610.00"
2020-02-04,2020020401017540,GBBL,38,4,71,250.00,"17,750.00"
2020-02-04,2020020401017539,GBBL,38,51,71,249.00,"17,679.00"
2020-02-04,2020020401017538,GBBL,38,42,58,249.00,"14,442.00"
2020-02-04,2020020401017455,GBBL,41,39,300,248.00,"74,400.00"
2020-02-04,2020020401017444,GBBL,38,42,351,249.00,"87,399.00"
2020-02-04,2020020401017443,GBBL,38,39,50,249.00,"12,450.00"
2020-02-04,2020020401017150,GBBL,21,39,500,247.00,"123,500.00"
2020-02-04,2020020401017149,GBBL,21,35,168,247.00,"41,496.00"
2020-02-04,2020020401017442,GBBL,38,41,999,248.00,"247,752.00"
2020-02-04,2020020401017369,GBBL,41,42,100,248.00,"24,800.00"
2020-02-04,2020020401017368,GBBL,41,35,100,248.00,"24,800.00"
2020-02-04,2020020401017367,GBBL,41,26,200,248.00,"49,600.00"
2020-02-04,2020020401017152,GBBL,21,35,400,247.00,"98,800.00"
2020-02-04,2020020401017151,GBBL,21,33,328,247.00,"81,016.00"
2020-02-04,2020020401017447,GBIME,49,48,20,287.00,"5,740.00"
2020-02-04,2020020401017428,GBIME,46,48,100,287.00,"28,700.00"
2020-02-04,2020020401017390,GBIME,45,50,35,286.00,"10,010.00"
2020-02-04,2020020401017389,GBIME,54,50,50,286.00,"14,300.00"
2020-02-04,2020020401017388,GBIME,34,50,400,286.00,"114,400.00"
2020-02-04,2020020401017387,GBIME,43,50,80,286.00,"22,880.00"
2020-02-04,2020020401017332,GBIME,38,33,"1,000",286.00,"286,000.00"
2020-02-04,2020020401017331,GBIME,52,33,250,286.00,"71,500.00"
2020-02-04,2020020401017270,GBIME,45,33,100,287.00,"28,700.00"
2020-02-04,2020020401017263,GBIME,52,57,100,286.00,"28,600.00"
2020-02-04,2020020401017338,GBIME,57,33,75,286.00,"21,450.00"
2020-02-04,2020020401017337,GBIME,39,33,200,286.00,"57,200.00"
2020-02-04,2020020401017336,GBIME,51,33,50,286.00,"14,300.00"
2020-02-04,2020020401017335,GBIME,42,33,"1,000",286.00,"286,000.00"
2020-02-04,2020020401017334,GBIME,41,33,400,286.00,"114,400.00"
2020-02-04,2020020401017333,GBIME,13,33,200,286.00,"57,200.00"
2020-02-04,2020020401017386,GBIME,29,50,200,286.00,"57,200.00"
2020-02-04,2020020401017385,GBIME,34,50,735,286.00,"210,210.00"
2020-02-04,2020020401017342,GBIME,34,33,265,286.00,"75,790.00"
2020-02-04,2020020401017341,GBIME,22,33,100,286.00,"28,600.00"
2020-02-04,2020020401017340,GBIME,57,33,"1,000",286.00,"286,000.00"
2020-02-04,2020020401017339,GBIME,55,33,100,286.00,"28,600.00"
2020-02-04,2020020401017422,GBLBS,5,41,35,482.00,"16,870.00"
2020-02-04,2020020401017370,GBLBS,5,38,20,481.00,"9,620.00"
2020-02-04,2020020401017293,GBLBS,42,52,40,480.00,"19,200.00"
2020-02-04,2020020401017292,GBLBS,40,52,100,481.00,"48,100.00"
2020-02-04,2020020401017278,GBLBS,32,41,10,484.00,"4,840.00"
2020-02-04,2020020401017206,GBLBS,42,49,100,480.00,"48,000.00"
2020-02-04,2020020401017446,GGBSL,17,38,10,858.00,"8,580.00"
2020-02-04,2020020401017143,GILB,14,19,29,"1,325.00","38,425.00"
2020-02-04,2020020401017142,GILB,38,19,21,"1,325.00","27,825.00"
2020-02-04,2020020401017536,GLICL,59,50,100,736.00,"73,600.00"
2020-02-04,2020020401017535,GLICL,59,44,20,735.00,"14,700.00"
2020-02-04,2020020401017069,GLICL,58,44,500,735.00,"367,500.00"
2020-02-04,2020020401017066,GLICL,38,49,88,727.00,"63,976.00"
2020-02-04,2020020401017439,GMFBS,28,38,80,825.00,"66,000.00"
2020-02-04,2020020401017557,GRDBL,52,26,55,120.00,"6,600.00"
2020-02-04,2020020401017556,GRDBL,52,55,50,120.00,"6,000.00"
2020-02-04,2020020401017555,GRDBL,52,5,50,120.00,"6,000.00"
2020-02-04,2020020401017554,GRDBL,52,1,345,120.00,"41,400.00"
2020-02-04,2020020401017291,HBL,38,43,40,515.00,"20,600.00"
2020-02-04,2020020401017290,HBL,38,43,200,515.00,"103,000.00"
2020-02-04,2020020401017289,HBL,38,43,100,515.00,"51,500.00"
2020-02-04,2020020401017288,HBL,38,43,150,515.00,"77,250.00"
2020-02-04,2020020401017547,HDL,49,33,10,"1,217.00","12,170.00"
2020-02-04,2020020401017325,HDL,39,33,100,"1,210.00","121,000.00"
2020-02-04,2020020401017324,HDL,19,33,100,"1,210.00","121,000.00"
2020-02-04,2020020401017323,HDL,56,33,50,"1,210.00","60,500.00"
2020-02-04,2020020401017322,HDL,11,33,20,"1,210.00","24,200.00"
2020-02-04,2020020401017321,HDL,34,33,20,"1,210.00","24,200.00"
2020-02-04,2020020401017280,HDL,57,37,40,"1,215.00","48,600.00"
2020-02-04,2020020401017225,HDL,45,5,30,"1,214.00","36,420.00"
2020-02-04,2020020401017314,HDL,45,33,200,"1,210.00","242,000.00"
2020-02-04,2020020401017313,HDL,32,33,50,"1,210.00","60,500.00"
2020-02-04,2020020401017312,HDL,45,33,90,"1,211.00","108,990.00"
2020-02-04,2020020401017311,HDL,53,33,200,"1,211.00","242,200.00"
2020-02-04,2020020401017310,HDL,35,33,10,"1,211.00","12,110.00"
2020-02-04,2020020401017309,HDL,54,33,100,"1,215.00","121,500.00"
2020-02-04,2020020401017320,HDL,35,33,10,"1,210.00","12,100.00"
2020-02-04,2020020401017319,HDL,55,33,50,"1,210.00","60,500.00"
2020-02-04,2020020401017318,HDL,41,33,210,"1,210.00","254,100.00"
2020-02-04,2020020401017317,HDL,19,33,40,"1,210.00","48,400.00"
2020-02-04,2020020401017316,HDL,51,33,50,"1,210.00","60,500.00"
2020-02-04,2020020401017315,HDL,6,33,200,"1,210.00","242,000.00"
2020-02-04,2020020401017262,HGI,57,59,251,428.00,"107,428.00"
2020-02-04,2020020401017211,HGI,57,44,49,428.00,"20,972.00"
2020-02-04,2020020401017210,HGI,21,44,451,428.00,"193,028.00"
2020-02-04,2020020401017517,IGI,17,58,"1,000",444.00,"444,000.00"
2020-02-04,2020020401017427,IGI,58,55,10,453.00,"4,530.00"
2020-02-04,2020020401017071,IGI,17,8,90,444.00,"39,960.00"
2020-02-04,2020020401017070,IGI,17,8,10,446.00,"4,460.00"
2020-02-04,2020020401017274,ILBS,7,57,10,818.00,"8,180.00"
2020-02-04,2020020401017511,JBBL,58,39,"1,049",201.00,"210,849.00"
2020-02-04,2020020401017510,JBBL,58,42,220,201.00,"44,220.00"
2020-02-04,2020020401017509,JBBL,58,56,150,201.00,"30,150.00"
2020-02-04,2020020401017508,JBBL,58,32,920,201.00,"184,920.00"
2020-02-04,2020020401017507,JBBL,58,43,71,200.00,"14,200.00"
2020-02-04,2020020401017506,JBBL,58,58,500,200.00,"100,000.00"
2020-02-04,2020020401017108,JBBL,42,14,750,195.00,"146,250.00"
2020-02-04,2020020401017435,JBBL,19,52,50,197.00,"9,850.00"
2020-02-04,2020020401017115,JBBL,45,41,"1,000",196.00,"196,000.00"
2020-02-04,2020020401017114,JBBL,45,44,140,196.00,"27,440.00"
2020-02-04,2020020401017111,JBBL,16,14,428,195.00,"83,460.00"
2020-02-04,2020020401017110,JBBL,29,14,200,195.00,"39,000.00"
2020-02-04,2020020401017109,JBBL,58,14,"2,000",195.00,"390,000.00"
2020-02-04,2020020401017499,JBBL,58,3,500,199.00,"99,500.00"
2020-02-04,2020020401017498,JBBL,58,36,300,199.00,"59,700.00"
2020-02-04,2020020401017497,JBBL,58,49,110,199.00,"21,890.00"
2020-02-04,2020020401017496,JBBL,58,25,"1,000",199.00,"199,000.00"
2020-02-04,2020020401017495,JBBL,58,13,100,198.00,"19,800.00"
2020-02-04,2020020401017440,JBBL,45,25,"4,000",199.00,"796,000.00"
2020-02-04,2020020401017505,JBBL,58,42,300,200.00,"60,000.00"
2020-02-04,2020020401017504,JBBL,58,1,100,200.00,"20,000.00"
2020-02-04,2020020401017503,JBBL,58,47,500,200.00,"100,000.00"
2020-02-04,2020020401017502,JBBL,58,7,100,200.00,"20,000.00"
2020-02-04,2020020401017501,JBBL,58,52,300,200.00,"60,000.00"
2020-02-04,2020020401017500,JBBL,58,40,280,200.00,"56,000.00"
2020-02-04,2020020401017472,KBL,32,51,"1,950",199.00,"388,050.00"
2020-02-04,2020020401017471,KBL,32,25,50,199.00,"9,950.00"
2020-02-04,2020020401017445,KBL,54,25,300,199.00,"59,700.00"
2020-02-04,2020020401017299,KBL,41,25,50,199.00,"9,950.00"
2020-02-04,2020020401017160,KBL,36,47,118,198.00,"23,364.00"
2020-02-04,2020020401017159,KBL,55,47,30,198.00,"5,940.00"
2020-02-04,2020020401017541,KPCL,16,14,110,93.00,"10,230.00"
2020-02-04,2020020401017187,KPCL,16,6,10,93.00,930.00
2020-02-04,2020020401017180,KPCL,16,48,10,93.00,930.00
2020-02-04,2020020401017179,KPCL,16,26,10,93.00,930.00
2020-02-04,2020020401017186,KPCL,16,16,10,93.00,930.00
2020-02-04,2020020401017185,KPCL,16,48,10,93.00,930.00
2020-02-04,2020020401017184,KPCL,16,34,10,93.00,930.00
2020-02-04,2020020401017183,KPCL,16,48,10,93.00,930.00
2020-02-04,2020020401017182,KPCL,16,26,10,93.00,930.00
2020-02-04,2020020401017181,KPCL,16,48,10,93.00,930.00
2020-02-04,2020020401017244,KSBBL,52,47,37,161.00,"5,957.00"
2020-02-04,2020020401017269,LBBL,45,8,10,196.00,"1,960.00"
2020-02-04,2020020401017130,LBL,33,34,272,227.00,"61,744.00"
2020-02-04,2020020401017122,LBL,33,11,"2,000",227.00,"454,000.00"
2020-02-04,2020020401017413,LGIL,59,11,100,501.00,"50,100.00"
2020-02-04,2020020401017257,LGIL,58,32,10,505.00,"5,050.00"
2020-02-04,2020020401017543,LICN,25,50,10,"1,230.00","12,300.00"
2020-02-04,2020020401017406,LICN,57,47,18,"1,225.00","22,050.00"
2020-02-04,2020020401017249,MBL,34,55,200,237.00,"47,400.00"
2020-02-04,2020020401017248,MBL,34,38,50,237.00,"11,850.00"
2020-02-04,2020020401017247,MBL,34,14,500,237.00,"118,500.00"
2020-02-04,2020020401017246,MBL,34,14,400,237.00,"94,800.00"
2020-02-04,2020020401017297,MDB,38,6,14,340.00,"4,760.00"
2020-02-04,2020020401017296,MDB,38,1,100,338.00,"33,800.00"
2020-02-04,2020020401017295,MDB,38,25,86,338.00,"29,068.00"
2020-02-04,2020020401017344,MERO,37,26,195,667.00,"130,065.00"
2020-02-04,2020020401017298,MERO,41,26,50,667.00,"33,350.00"
2020-02-04,2020020401017220,MERO,37,26,200,667.00,"133,400.00"
2020-02-04,2020020401017063,MFIL,28,44,15,194.00,"2,910.00"
2020-02-04,2020020401017373,MNBBL,37,45,25,324.00,"8,100.00"
2020-02-04,2020020401017553,MPFL,45,3,284,138.00,"39,192.00"
2020-02-04,2020020401017551,MPFL,18,49,100,140.00,"14,000.00"
2020-02-04,2020020401017065,MPFL,18,1,50,140.00,"7,000.00"
2020-02-04,2020020401017064,MPFL,18,49,100,139.00,"13,900.00"
2020-02-04,2020020401017132,MSMBS,49,53,82,750.00,"61,500.00"
2020-02-04,2020020401017131,MSMBS,6,53,368,750.00,"276,000.00"
2020-02-04,2020020401017452,NABIL,3,1,37,739.00,"27,343.00"
2020-02-04,2020020401017451,NABIL,3,34,85,738.00,"62,730.00"
2020-02-04,2020020401017450,NABIL,3,14,100,738.00,"73,800.00"
2020-02-04,2020020401017449,NABIL,3,51,28,737.00,"20,636.00"
2020-02-04,2020020401017272,NABIL,52,39,20,734.00,"14,680.00"
2020-02-04,2020020401017271,NABIL,45,39,80,735.00,"58,800.00"
2020-02-04,2020020401017550,NADEP,11,47,23,707.00,"16,261.00"
2020-02-04,2020020401017411,NBB,32,25,500,208.00,"104,000.00"
2020-02-04,2020020401017384,NBB,14,26,300,209.00,"62,700.00"
2020-02-04,2020020401017544,NBL,33,44,20,271.00,"5,420.00"
2020-02-04,2020020401017423,NBL,6,44,10,271.00,"2,710.00"
2020-02-04,2020020401017366,NBL,22,28,62,270.00,"16,740.00"
2020-02-04,2020020401017365,NBL,56,28,100,270.00,"27,000.00"
2020-02-04,2020020401017364,NBL,33,28,500,270.00,"135,000.00"
2020-02-04,2020020401017363,NBL,56,28,120,270.00,"32,400.00"
2020-02-04,2020020401017350,NBL,37,28,"1,000",270.00,"270,000.00"
2020-02-04,2020020401017349,NBL,28,28,"2,000",270.00,"540,000.00"
2020-02-04,2020020401017348,NBL,8,28,"1,000",270.00,"270,000.00"
2020-02-04,2020020401017347,NBL,55,28,100,270.00,"27,000.00"
2020-02-04,2020020401017346,NBL,53,28,"1,790",270.00,"483,300.00"
2020-02-04,2020020401017203,NBL,55,44,100,271.00,"27,100.00"
2020-02-04,2020020401017356,NBL,16,28,"1,000",270.00,"270,000.00"
2020-02-04,2020020401017355,NBL,22,28,350,270.00,"94,500.00"
2020-02-04,2020020401017354,NBL,42,28,500,270.00,"135,000.00"
2020-02-04,2020020401017353,NBL,45,28,"1,000",270.00,"270,000.00"
2020-02-04,2020020401017352,NBL,49,28,500,270.00,"135,000.00"
2020-02-04,2020020401017351,NBL,36,28,"1,000",270.00,"270,000.00"
2020-02-04,2020020401017362,NBL,52,28,300,270.00,"81,000.00"
2020-02-04,2020020401017361,NBL,51,28,115,270.00,"31,050.00"
2020-02-04,2020020401017360,NBL,29,28,100,270.00,"27,000.00"
2020-02-04,2020020401017359,NBL,55,28,150,270.00,"40,500.00"
2020-02-04,2020020401017358,NBL,49,28,"1,000",270.00,"270,000.00"
2020-02-04,2020020401017357,NBL,37,28,500,270.00,"135,000.00"
2020-02-04,2020020401017482,NCCB,6,58,10,198.00,"1,980.00"
2020-02-04,2020020401017415,NCCB,33,58,10,198.00,"1,980.00"
2020-02-04,2020020401017106,NCCB,17,26,650,197.00,"128,050.00"
2020-02-04,2020020401017105,NCCB,47,26,100,197.00,"19,700.00"
2020-02-04,2020020401017104,NCCB,46,26,200,197.00,"39,400.00"
2020-02-04,2020020401017103,NCCB,1,26,150,197.00,"29,550.00"
2020-02-04,2020020401017209,NGPL,21,1,11,117.00,"1,287.00"
2020-02-04,2020020401017546,NHPC,56,35,100,64.00,"6,400.00"
2020-02-04,2020020401017545,NHPC,56,41,"1,000",63.00,"63,000.00"
2020-02-04,2020020401017408,NHPC,6,56,500,63.00,"31,500.00"
2020-02-04,2020020401017407,NHPC,45,56,300,63.00,"18,900.00"
2020-02-04,2020020401017119,NIBLPF,13,37,"2,525",7.95,"20,073.75"
2020-02-04,2020020401017175,NIBSF1,7,37,"2,500",9.42,"23,550.00"
2020-02-04,2020020401017477,NICA,52,45,250,481.00,"120,250.00"
2020-02-04,2020020401017260,NICA,7,45,42,481.00,"20,202.00"
2020-02-04,2020020401017259,NICA,35,45,499,481.00,"240,019.00"
2020-02-04,2020020401017212,NICA,54,56,10,482.00,"4,820.00"
2020-02-04,2020020401017148,NICA,54,56,40,482.00,"19,280.00"
2020-02-04,2020020401017147,NICA,7,56,10,482.00,"4,820.00"
2020-02-04,2020020401017552,NICL,58,38,10,449.00,"4,490.00"
2020-02-04,2020020401017537,NICL,50,38,10,449.00,"4,490.00"
2020-02-04,2020020401017527,NICL,32,4,"1,370",441.00,"604,170.00"
2020-02-04,2020020401017526,NICL,7,4,100,441.00,"44,100.00"
2020-02-04,2020020401017525,NICL,41,4,500,442.00,"221,000.00"
2020-02-04,2020020401017524,NICL,28,4,10,448.00,"4,480.00"
2020-02-04,2020020401017090,NICL,28,44,10,446.00,"4,460.00"
2020-02-04,2020020401017075,NICL,58,44,20,446.00,"8,920.00"
2020-02-04,2020020401017329,NICL,50,50,40,449.00,"17,960.00"
2020-02-04,2020020401017328,NICL,50,4,500,447.00,"223,500.00"
2020-02-04,2020020401017327,NICL,50,39,21,446.00,"9,366.00"
2020-02-04,2020020401017326,NICL,50,44,570,446.00,"254,220.00"
2020-02-04,2020020401017307,NICL,43,44,100,446.00,"44,600.00"
2020-02-04,2020020401017207,NICL,49,4,"5,000",444.00,"2,220,000.00"
2020-02-04,2020020401017523,NICL,58,4,10,448.00,"4,480.00"
2020-02-04,2020020401017522,NICL,50,4,10,448.00,"4,480.00"
2020-02-04,2020020401017432,NICL,50,36,350,445.00,"155,750.00"
2020-02-04,2020020401017330,NICL,50,38,69,449.00,"30,981.00"
2020-02-04,2020020401017514,NIL,59,42,490,570.00,"279,300.00"
2020-02-04,2020020401017448,NIL,34,42,10,570.00,"5,700.00"
2020-02-04,2020020401017438,NIL,33,11,20,570.00,"11,400.00"
2020-02-04,2020020401017421,NIL,28,49,20,572.00,"11,440.00"
2020-02-04,2020020401017399,NIL,33,44,100,570.00,"57,000.00"
2020-02-04,2020020401017398,NIL,33,41,50,570.00,"28,500.00"
2020-02-04,2020020401017256,NIL,6,42,210,569.00,"119,490.00"
2020-02-04,2020020401017255,NIL,28,42,66,569.00,"37,554.00"
2020-02-04,2020020401017165,NIL,28,34,234,569.00,"133,146.00"
2020-02-04,2020020401017120,NIL,18,42,100,566.00,"56,600.00"
2020-02-04,2020020401017378,NIL,44,39,52,566.00,"29,432.00"
2020-02-04,2020020401017377,NIL,18,39,318,566.00,"179,988.00"
2020-02-04,2020020401017371,NIL,28,1,20,570.00,"11,400.00"
2020-02-04,2020020401017283,NIL,57,1,126,570.00,"71,820.00"
2020-02-04,2020020401017282,NIL,57,32,100,570.00,"57,000.00"
2020-02-04,2020020401017281,NIL,57,42,74,569.00,"42,106.00"
2020-02-04,2020020401017397,NIL,33,46,560,570.00,"319,200.00"
2020-02-04,2020020401017396,NIL,33,50,"1,000",570.00,"570,000.00"
2020-02-04,2020020401017395,NIL,33,36,75,570.00,"42,750.00"
2020-02-04,2020020401017394,NIL,33,38,200,570.00,"114,000.00"
2020-02-04,2020020401017393,NIL,33,28,100,570.00,"57,000.00"
2020-02-04,2020020401017392,NIL,33,1,54,570.00,"30,780.00"
2020-02-04,2020020401017261,NLIC,8,42,100,"1,113.00","111,300.00"
2020-02-04,2020020401017176,NLIC,45,49,162,"1,114.00","180,468.00"
2020-02-04,2020020401017138,NLIC,52,49,18,"1,114.00","20,052.00"
2020-02-04,2020020401017089,NLIC,39,49,50,"1,114.00","55,700.00"
2020-02-04,2020020401017412,NLICL,11,36,15,649.00,"9,735.00"
2020-02-04,2020020401017129,NMB,42,38,135,366.00,"49,410.00"
2020-02-04,2020020401017128,NMB,45,38,100,366.00,"36,600.00"
2020-02-04,2020020401017127,NMB,42,38,100,366.00,"36,600.00"
2020-02-04,2020020401017126,NMB,42,38,500,366.00,"183,000.00"
2020-02-04,2020020401017125,NMB,19,38,115,366.00,"42,090.00"
2020-02-04,2020020401017124,NMB,54,38,50,368.00,"18,400.00"
2020-02-04,2020020401017414,NMBMF,51,26,60,883.00,"52,980.00"
2020-02-04,2020020401017141,NMBMF,57,26,20,885.00,"17,700.00"
2020-02-04,2020020401017205,NSEWA,17,38,10,686.00,"6,860.00"
2020-02-04,2020020401017343,NTC,59,45,10,624.00,"6,240.00"
2020-02-04,2020020401017237,NTC,52,50,10,619.00,"6,190.00"
2020-02-04,2020020401017068,NTC,59,45,10,624.00,"6,240.00"
2020-02-04,2020020401017480,NUBL,45,53,100,988.00,"98,800.00"
2020-02-04,2020020401017382,NUBL,45,57,100,985.00,"98,500.00"
2020-02-04,2020020401017381,NUBL,45,57,100,985.00,"98,500.00"
2020-02-04,2020020401017277,NUBL,45,57,100,980.00,"98,000.00"
2020-02-04,2020020401017306,OHL,5,56,154,505.00,"77,770.00"
2020-02-04,2020020401017305,OHL,48,56,50,505.00,"25,250.00"
2020-02-04,2020020401017304,OHL,49,56,500,505.00,"252,500.00"
2020-02-04,2020020401017303,OHL,33,56,100,506.00,"50,600.00"
2020-02-04,2020020401017302,OHL,46,56,600,506.00,"303,600.00"
2020-02-04,2020020401017301,OHL,46,56,800,507.00,"405,600.00"
2020-02-04,2020020401017300,OHL,5,56,16,508.00,"8,128.00"
2020-02-04,2020020401017250,PCBL,5,13,10,283.00,"2,830.00"
2020-02-04,2020020401017224,PCBL,46,47,200,281.00,"56,200.00"
2020-02-04,2020020401017519,PIC,16,49,10,577.00,"5,770.00"
2020-02-04,2020020401017168,PICL,53,38,152,740.00,"112,480.00"
2020-02-04,2020020401017167,PICL,49,38,625,742.00,"463,750.00"
2020-02-04,2020020401017166,PICL,42,38,15,743.00,"11,145.00"
2020-02-04,2020020401017101,PICL,42,40,485,743.00,"360,355.00"
2020-02-04,2020020401017460,PLIC,50,6,200,561.00,"112,200.00"
2020-02-04,2020020401017459,PLIC,42,6,30,561.00,"16,830.00"
2020-02-04,2020020401017458,PLIC,46,6,500,561.00,"280,500.00"
2020-02-04,2020020401017457,PLIC,22,6,100,561.00,"56,100.00"
2020-02-04,2020020401017456,PLIC,22,6,300,561.00,"168,300.00"
2020-02-04,2020020401017375,PLIC,57,58,200,565.00,"113,000.00"
2020-02-04,2020020401017265,PLIC,57,16,300,565.00,"169,500.00"
2020-02-04,2020020401017170,PLIC,22,58,500,562.00,"281,000.00"
2020-02-04,2020020401017204,PRIN,53,41,100,449.00,"44,900.00"
2020-02-04,2020020401017162,PRIN,48,13,150,448.00,"67,200.00"
2020-02-04,2020020401017118,PRIN,48,58,200,448.00,"89,600.00"
2020-02-04,2020020401017117,PRIN,48,33,50,448.00,"22,400.00"
2020-02-04,2020020401017483,PRVU,17,43,100,251.00,"25,100.00"
2020-02-04,2020020401017474,PRVU,6,43,220,251.00,"55,220.00"
2020-02-04,2020020401017473,PRVU,6,46,280,251.00,"70,280.00"
2020-02-04,2020020401017409,PRVU,6,46,500,251.00,"125,500.00"
2020-02-04,2020020401017222,PRVU,8,46,"1,000",251.00,"251,000.00"
2020-02-04,2020020401017169,RADHI,53,6,11,150.00,"1,650.00"
2020-02-04,2020020401017116,RBCL,35,19,10,"8,915.00","89,150.00"
2020-02-04,2020020401017492,RHPL,34,49,30,175.00,"5,250.00"
2020-02-04,2020020401017491,RHPL,34,36,10,175.00,"1,750.00"
2020-02-04,2020020401017490,RHPL,34,28,40,175.00,"7,000.00"
2020-02-04,2020020401017489,RHPL,34,52,40,175.00,"7,000.00"
2020-02-04,2020020401017488,RHPL,34,50,40,175.00,"7,000.00"
2020-02-04,2020020401017487,RHPL,34,52,30,175.00,"5,250.00"
2020-02-04,2020020401017486,RHPL,34,45,"1,000",174.00,"174,000.00"
2020-02-04,2020020401017485,RHPL,34,52,500,174.00,"87,000.00"
2020-02-04,2020020401017484,RHPL,34,16,500,174.00,"87,000.00"
2020-02-04,2020020401017097,RLFL,34,38,990,141.00,"139,590.00"
2020-02-04,2020020401017383,RMDC,17,39,50,667.00,"33,350.00"
2020-02-04,2020020401017226,RMDC,38,59,25,655.00,"16,375.00"
2020-02-04,2020020401017254,RRHP,52,39,10,101.00,"1,010.00"
2020-02-04,2020020401017253,RRHP,52,43,10,101.00,"1,010.00"
2020-02-04,2020020401017252,RRHP,52,21,10,101.00,"1,010.00"
2020-02-04,2020020401017251,RRHP,52,21,10,101.00,"1,010.00"
2020-02-04,2020020401017158,SADBL,45,59,300,163.00,"48,900.00"
2020-02-04,2020020401017076,SADBL,29,14,61,162.00,"9,882.00"
2020-02-04,2020020401017174,SANIMA,34,56,100,349.00,"34,900.00"
2020-02-04,2020020401017173,SANIMA,45,56,100,349.00,"34,900.00"
2020-02-04,2020020401017172,SANIMA,44,56,500,349.00,"174,500.00"
2020-02-04,2020020401017171,SANIMA,4,56,200,349.00,"69,800.00"
2020-02-04,2020020401017479,SBI,36,36,200,420.00,"84,000.00"
2020-02-04,2020020401017202,SBL,6,34,110,315.00,"34,650.00"
2020-02-04,2020020401017139,SBL,6,13,189,315.00,"59,535.00"
2020-02-04,2020020401017100,SBL,45,13,11,315.00,"3,465.00"
2020-02-04,2020020401017099,SBL,45,57,89,315.00,"28,035.00"
2020-02-04,2020020401017436,SDESI,35,48,10,864.00,"8,640.00"
2020-02-04,2020020401017273,SHINE,58,45,100,282.00,"28,200.00"
2020-02-04,2020020401017135,SHINE,42,38,500,281.00,"140,500.00"
2020-02-04,2020020401017134,SHINE,48,38,250,281.00,"70,250.00"
2020-02-04,2020020401017534,SHIVM,29,38,10,521.00,"5,210.00"
2020-02-04,2020020401017276,SHIVM,35,56,531,517.00,"274,527.00"
2020-02-04,2020020401017236,SHL,43,17,200,198.00,"39,600.00"
2020-02-04,2020020401017235,SHL,29,17,"2,000",198.00,"396,000.00"
2020-02-04,2020020401017234,SHL,50,17,500,200.00,"100,000.00"
2020-02-04,2020020401017233,SHL,14,17,100,200.00,"20,000.00"
2020-02-04,2020020401017232,SHL,51,17,300,200.00,"60,000.00"
2020-02-04,2020020401017231,SHL,58,17,200,200.00,"40,000.00"
2020-02-04,2020020401017230,SHL,35,17,900,201.00,"180,900.00"
2020-02-04,2020020401017229,SHL,43,17,200,201.00,"40,200.00"
2020-02-04,2020020401017228,SHL,6,17,500,201.00,"100,500.00"
2020-02-04,2020020401017227,SHL,14,17,300,201.00,"60,300.00"
2020-02-04,2020020401017558,SHPC,19,48,10,227.00,"2,270.00"
2020-02-04,2020020401017481,SHPC,13,35,100,224.00,"22,400.00"
2020-02-04,2020020401017429,SHPC,28,49,590,226.00,"133,340.00"
2020-02-04,2020020401017405,SHPC,28,17,490,226.00,"110,740.00"
2020-02-04,2020020401017404,SHPC,28,49,500,226.00,"113,000.00"
2020-02-04,2020020401017403,SHPC,28,36,100,226.00,"22,600.00"
2020-02-04,2020020401017402,SHPC,28,59,120,226.00,"27,120.00"
2020-02-04,2020020401017161,SHPC,58,59,20,226.00,"4,520.00"
2020-02-04,2020020401017113,SHPC,58,34,489,224.00,"109,536.00"
2020-02-04,2020020401017112,SHPC,59,34,"1,000",224.00,"224,000.00"
2020-02-04,2020020401017268,SIC,46,53,17,756.00,"12,852.00"
2020-02-04,2020020401017267,SIC,33,53,20,756.00,"15,120.00"
2020-02-04,2020020401017266,SIC,8,53,110,756.00,"83,160.00"
2020-02-04,2020020401017133,SIC,8,14,100,756.00,"75,600.00"
2020-02-04,2020020401017074,SIC,8,48,90,756.00,"68,040.00"
2020-02-04,2020020401017470,SICL,58,26,110,"1,144.00","125,840.00"
2020-02-04,2020020401017469,SICL,33,26,150,"1,144.00","171,600.00"
2020-02-04,2020020401017468,SICL,28,26,40,"1,145.00","45,800.00"
2020-02-04,2020020401017441,SICL,14,7,200,"1,148.00","229,600.00"
2020-02-04,2020020401017077,SIL,21,34,200,600.00,"120,000.00"
2020-02-04,2020020401017140,SINDU,34,35,500,135.00,"67,500.00"
2020-02-04,2020020401017518,SJCL,49,52,950,160.00,"152,000.00"
2020-02-04,2020020401017420,SJCL,14,37,500,160.00,"80,000.00"
2020-02-04,2020020401017419,SJCL,42,37,80,160.00,"12,800.00"
2020-02-04,2020020401017418,SJCL,14,37,500,160.00,"80,000.00"
2020-02-04,2020020401017417,SJCL,28,37,420,160.00,"67,200.00"
2020-02-04,2020020401017493,SKBBL,39,57,720,975.00,"702,000.00"
2020-02-04,2020020401017380,SKBBL,39,37,30,975.00,"29,250.00"
2020-02-04,2020020401017401,SLBBL,34,45,20,854.00,"17,080.00"
2020-02-04,2020020401017430,SLBSL,22,41,10,855.00,"8,550.00"
2020-02-04,2020020401017549,SLICL,44,35,10,464.00,"4,640.00"
2020-02-04,2020020401017548,SLICL,44,49,200,463.00,"92,600.00"
2020-02-04,2020020401017475,SLICL,38,41,100,462.00,"46,200.00"
2020-02-04,2020020401017424,SLICL,25,49,50,463.00,"23,150.00"
2020-02-04,2020020401017379,SLICL,25,49,50,463.00,"23,150.00"
2020-02-04,2020020401017275,SLICL,45,53,500,463.00,"231,500.00"
2020-02-04,2020020401017374,SMATA,33,40,10,775.00,"7,750.00"
2020-02-04,2020020401017096,SMATA,16,28,188,761.00,"143,068.00"
2020-02-04,2020020401017095,SMATA,48,28,14,761.00,"10,654.00"
2020-02-04,2020020401017094,SMATA,49,28,50,761.00,"38,050.00"
2020-02-04,2020020401017093,SMATA,41,28,20,762.00,"15,240.00"
2020-02-04,2020020401017092,SMATA,19,28,28,765.00,"21,420.00"
2020-02-04,2020020401017091,SMATA,1,28,100,766.00,"76,600.00"
2020-02-04,2020020401017467,SMB,28,17,50,903.00,"45,150.00"
2020-02-04,2020020401017067,SMFBS,48,28,60,"1,006.00","60,360.00"
2020-02-04,2020020401017287,SMFDB,28,48,117,762.00,"89,154.00"
2020-02-04,2020020401017286,SMFDB,53,48,184,763.00,"140,392.00"
2020-02-04,2020020401017245,SPDL,13,6,11,101.00,"1,111.00"
2020-02-04,2020020401017073,SPDL,13,22,15,101.00,"1,515.00"
2020-02-04,2020020401017516,TMDBL,44,4,200,189.00,"37,800.00"
2020-02-04,2020020401017515,TMDBL,44,4,300,189.00,"56,700.00"
2020-02-04,2020020401017157,TRH,38,17,230,296.00,"68,080.00"
2020-02-04,2020020401017156,TRH,58,17,500,297.00,"148,500.00"
2020-02-04,2020020401017155,TRH,20,17,20,298.00,"5,960.00"
2020-02-04,2020020401017154,TRH,45,17,"1,660",298.00,"494,680.00"
2020-02-04,2020020401017153,TRH,54,17,150,298.00,"44,700.00"
2020-02-04,2020020401017088,TRH,54,17,50,298.00,"14,900.00"
2020-02-04,2020020401017081,TRH,6,17,250,302.00,"75,500.00"
2020-02-04,2020020401017080,TRH,3,17,200,302.00,"60,400.00"
2020-02-04,2020020401017079,TRH,3,17,50,302.00,"15,100.00"
2020-02-04,2020020401017078,TRH,46,17,280,302.00,"84,560.00"
2020-02-04,2020020401017087,TRH,14,17,500,300.00,"150,000.00"
2020-02-04,2020020401017086,TRH,35,17,900,300.00,"270,000.00"
2020-02-04,2020020401017085,TRH,25,17,200,300.00,"60,000.00"
2020-02-04,2020020401017084,TRH,44,17,30,301.00,"9,030.00"
2020-02-04,2020020401017083,TRH,6,17,50,301.00,"15,050.00"
2020-02-04,2020020401017082,TRH,7,17,490,302.00,"147,980.00"
2020-02-04,2020020401017121,UPCL,37,57,50,77.00,"3,850.00"
2020-02-04,2020020401017294,UPPER,33,6,50,244.00,"12,200.00"
2020-02-04,2020020401017145,UPPER,33,45,200,244.00,"48,800.00"
2020-02-04,2020020401017062,UPPER,33,32,50,244.00,"12,200.00"
2020-02-04,2020020401017164,VLBS,36,34,200,"1,020.00","204,000.00"
2020-02-04,2020020401017163,VLBS,36,52,32,"1,020.00","32,640.00"
2020-02-04,2020020401017221,WOMI,34,28,10,"1,005.00","10,050.00"
2020-02-04,2020020401017033,ADBL,35,6,100,386.00,"38,600.00"
2020-02-04,2020020401016997,ADBL,43,45,"1,876",385.00,"722,260.00"
2020-02-04,2020020401016996,ADBL,8,45,200,385.00,"77,000.00"
2020-02-04,2020020401016995,ADBL,42,45,100,385.00,"38,500.00"
2020-02-04,2020020401016994,ADBL,56,45,374,385.00,"143,990.00"
2020-02-04,2020020401016993,ADBL,1,45,50,386.00,"19,300.00"
2020-02-04,2020020401016922,ADBL,56,36,126,385.00,"48,510.00"
2020-02-04,2020020401016921,ADBL,10,36,100,385.00,"38,500.00"
2020-02-04,2020020401016920,ADBL,38,36,50,385.00,"19,250.00"
2020-02-04,2020020401016919,ADBL,16,36,100,385.00,"38,500.00"
2020-02-04,2020020401016918,ADBL,10,36,124,385.00,"47,740.00"
2020-02-04,2020020401016817,AHPC,38,47,193,97.00,"18,721.00"
2020-02-04,2020020401016589,AHPC,38,36,"1,000",97.00,"97,000.00"
2020-02-04,2020020401017017,AKPL,32,56,40,125.00,"5,000.00"
2020-02-04,2020020401016982,AKPL,32,58,40,126.00,"5,040.00"
2020-02-04,2020020401016972,AKPL,36,19,"1,000",125.00,"125,000.00"
2020-02-04,2020020401016960,AKPL,39,40,"2,546",124.00,"315,704.00"
2020-02-04,2020020401016959,AKPL,42,40,"1,500",124.00,"186,000.00"
2020-02-04,2020020401016958,AKPL,19,40,500,124.00,"62,000.00"
2020-02-04,2020020401016957,AKPL,29,40,454,124.00,"56,296.00"
2020-02-04,2020020401016829,AKPL,49,58,100,126.00,"12,600.00"
2020-02-04,2020020401016828,AKPL,49,58,"4,900",126.00,"617,400.00"
2020-02-04,2020020401016625,AKPL,48,17,113,125.00,"14,125.00"
2020-02-04,2020020401016990,ALBSL,4,34,300,716.00,"214,800.00"
2020-02-04,2020020401017005,ALICL,57,37,20,562.00,"11,240.00"
2020-02-04,2020020401016923,ALICL,57,33,100,562.00,"56,200.00"
2020-02-04,2020020401016827,ALICL,57,28,80,556.00,"44,480.00"
2020-02-04,2020020401016774,ALICL,14,28,500,556.00,"278,000.00"
2020-02-04,2020020401016773,ALICL,35,28,500,556.00,"278,000.00"
2020-02-04,2020020401016772,ALICL,41,28,100,558.00,"55,800.00"
2020-02-04,2020020401016765,ALICL,45,28,285,560.00,"159,600.00"
2020-02-04,2020020401016764,ALICL,28,28,135,561.00,"75,735.00"
2020-02-04,2020020401016660,ALICL,5,11,100,562.00,"56,200.00"
2020-02-04,2020020401016771,ALICL,59,28,500,558.00,"279,000.00"
2020-02-04,2020020401016770,ALICL,25,28,300,558.00,"167,400.00"
2020-02-04,2020020401016769,ALICL,59,28,400,559.00,"223,600.00"
2020-02-04,2020020401016768,ALICL,38,28,100,560.00,"56,000.00"
2020-02-04,2020020401016767,ALICL,46,28,100,560.00,"56,000.00"
2020-02-04,2020020401016766,ALICL,53,28,500,560.00,"280,000.00"
2020-02-04,2020020401017020,API,50,19,400,123.00,"49,200.00"
2020-02-04,2020020401016973,API,25,51,50,124.00,"6,200.00"
2020-02-04,2020020401016811,API,50,6,18,123.00,"2,214.00"
2020-02-04,2020020401016730,API,50,45,117,123.00,"14,391.00"
2020-02-04,2020020401016729,API,25,45,"1,733",123.00,"213,159.00"
2020-02-04,2020020401017046,BBC,13,39,30,"1,759.00","52,770.00"
2020-02-04,2020020401016853,BOKL,33,1,200,237.00,"47,400.00"
2020-02-04,2020020401016705,BOKL,33,47,"1,477",237.00,"350,049.00"
2020-02-04,2020020401016581,BOKL,34,34,200,238.00,"47,600.00"
2020-02-04,2020020401016580,BOKL,34,34,150,238.00,"35,700.00"
2020-02-04,2020020401017058,BPCL,34,38,200,333.00,"66,600.00"
2020-02-04,2020020401016672,BPCL,45,6,25,334.00,"8,350.00"
2020-02-04,2020020401016657,CBBL,52,1,100,985.00,"98,500.00"
2020-02-04,2020020401016656,CBBL,16,1,100,985.00,"98,500.00"
2020-02-04,2020020401016655,CBBL,49,1,211,985.00,"207,835.00"
2020-02-04,2020020401016654,CBBL,52,1,50,986.00,"49,300.00"
2020-02-04,2020020401016653,CBBL,42,1,88,986.00,"86,768.00"
2020-02-04,2020020401016697,CBBL,54,1,141,983.00,"138,603.00"
2020-02-04,2020020401016659,CBBL,22,1,10,983.00,"9,830.00"
2020-02-04,2020020401016658,CBBL,44,1,500,983.00,"491,500.00"
2020-02-04,2020020401016607,CBL,35,57,76,148.00,"11,248.00"
2020-02-04,2020020401016962,CCBL,25,57,50,186.00,"9,300.00"
2020-02-04,2020020401016961,CCBL,42,57,858,186.00,"159,588.00"
2020-02-04,2020020401016744,CCBL,42,58,204,186.00,"37,944.00"
2020-02-04,2020020401016743,CCBL,42,56,938,186.00,"174,468.00"
2020-02-04,2020020401016562,CCBL,38,56,384,186.00,"71,424.00"
2020-02-04,2020020401016561,CCBL,38,56,16,186.00,"2,976.00"
2020-02-04,2020020401016926,CFCL,44,47,43,147.00,"6,321.00"
2020-02-04,2020020401016572,CZBIL,36,32,341,199.00,"67,859.00"
2020-02-04,2020020401016571,CZBIL,7,32,102,199.00,"20,298.00"
2020-02-04,2020020401016570,CZBIL,11,32,57,200.00,"11,400.00"
2020-02-04,2020020401016999,DDBL,19,19,30,834.00,"25,020.00"
2020-02-04,2020020401016737,DDBL,39,7,100,839.00,"83,900.00"
2020-02-04,2020020401017035,EBL,34,14,100,641.00,"64,100.00"
2020-02-04,2020020401016980,EIC,50,28,100,447.00,"44,700.00"
2020-02-04,2020020401016979,EIC,50,56,622,447.00,"278,034.00"
2020-02-04,2020020401016970,EIC,50,36,100,446.00,"44,600.00"
2020-02-04,2020020401016904,EIC,37,56,78,447.00,"34,866.00"
2020-02-04,2020020401016903,EIC,37,47,22,447.00,"9,834.00"
2020-02-04,2020020401016984,FMDBL,26,44,117,462.00,"54,054.00"
2020-02-04,2020020401016862,FOWAD,45,37,40,"1,374.00","54,960.00"
2020-02-04,2020020401016833,FOWAD,45,37,200,"1,375.00","275,000.00"
2020-02-04,2020020401016832,FOWAD,45,37,10,"1,375.00","13,750.00"
2020-02-04,2020020401016831,FOWAD,45,37,50,"1,376.00","68,800.00"
2020-02-04,2020020401017038,GBIME,52,45,150,286.00,"42,900.00"
2020-02-04,2020020401017037,GBIME,46,45,200,286.00,"57,200.00"
2020-02-04,2020020401017036,GBIME,57,45,350,286.00,"100,100.00"
2020-02-04,2020020401017018,GBIME,22,33,100,287.00,"28,700.00"
2020-02-04,2020020401016804,GBIME,17,33,50,287.00,"14,350.00"
2020-02-04,2020020401016634,GBIME,38,33,500,287.00,"143,500.00"
2020-02-04,2020020401017009,GBLBS,42,57,810,480.00,"388,800.00"
2020-02-04,2020020401017008,GBLBS,38,57,100,481.00,"48,100.00"
2020-02-04,2020020401017007,GBLBS,44,57,"1,985",481.00,"954,785.00"
2020-02-04,2020020401017006,GBLBS,42,57,105,482.00,"50,610.00"
2020-02-04,2020020401016950,GBLBS,44,39,"1,000",481.00,"481,000.00"
2020-02-04,2020020401016850,GBLBS,44,52,15,481.00,"7,215.00"
2020-02-04,2020020401016707,GBLBS,44,41,"2,000",484.00,"968,000.00"
2020-02-04,2020020401016706,GBLBS,44,51,"1,000",483.00,"483,000.00"
2020-02-04,2020020401017034,GILB,38,45,10,"1,325.00","13,250.00"
2020-02-04,2020020401016696,GLBSL,26,26,31,678.00,"21,018.00"
2020-02-04,2020020401017013,GLICL,38,47,28,727.00,"20,356.00"
2020-02-04,2020020401016988,GLICL,25,46,300,730.00,"219,000.00"
2020-02-04,2020020401016987,GLICL,25,46,600,730.00,"438,000.00"
2020-02-04,2020020401016986,GLICL,25,58,678,729.00,"494,262.00"
2020-02-04,2020020401016929,GLICL,6,58,301,726.00,"218,526.00"
2020-02-04,2020020401016928,GLICL,46,58,99,726.00,"71,874.00"
2020-02-04,2020020401016927,GLICL,46,58,200,728.00,"145,600.00"
2020-02-04,2020020401016606,GLICL,46,43,382,726.00,"277,332.00"
2020-02-04,2020020401016605,GLICL,25,43,30,727.00,"21,810.00"
2020-02-04,2020020401016604,GLICL,5,43,88,727.00,"63,976.00"
2020-02-04,2020020401016694,GMFBS,19,43,100,827.00,"82,700.00"
2020-02-04,2020020401016693,GMFBS,14,43,45,827.00,"37,215.00"
2020-02-04,2020020401016610,GMFIL,1,29,100,131.00,"13,100.00"
2020-02-04,2020020401016854,GRDBL,34,1,500,120.00,"60,000.00"
2020-02-04,2020020401016901,HDL,19,5,20,"1,214.00","24,280.00"
2020-02-04,2020020401016863,HDL,53,5,50,"1,214.00","60,700.00"
2020-02-04,2020020401016844,HDL,22,5,50,"1,214.00","60,700.00"
2020-02-04,2020020401016843,HDL,32,33,350,"1,210.00","423,500.00"
2020-02-04,2020020401016842,HDL,42,33,100,"1,210.00","121,000.00"
2020-02-04,2020020401016841,HDL,45,33,50,"1,210.00","60,500.00"
2020-02-04,2020020401016596,HDL,45,29,20,"1,211.00","24,220.00"
2020-02-04,2020020401016595,HDL,58,29,50,"1,211.00","60,550.00"
2020-02-04,2020020401016834,HDL,6,33,100,"1,212.00","121,200.00"
2020-02-04,2020020401016805,HDL,50,37,50,"1,215.00","60,750.00"
2020-02-04,2020020401016759,HDL,55,37,200,"1,215.00","243,000.00"
2020-02-04,2020020401016621,HDL,57,17,80,"1,211.00","96,880.00"
2020-02-04,2020020401016598,HDL,57,29,120,"1,211.00","145,320.00"
2020-02-04,2020020401016597,HDL,7,29,10,"1,211.00","12,110.00"
2020-02-04,2020020401016840,HDL,8,33,50,"1,210.00","60,500.00"
2020-02-04,2020020401016839,HDL,1,33,100,"1,210.00","121,000.00"
2020-02-04,2020020401016838,HDL,40,33,50,"1,211.00","60,550.00"
2020-02-04,2020020401016837,HDL,37,33,100,"1,211.00","121,100.00"
2020-02-04,2020020401016836,HDL,40,33,100,"1,211.00","121,100.00"
2020-02-04,2020020401016835,HDL,35,33,500,"1,211.00","605,500.00"
2020-02-04,2020020401016861,HGI,21,44,449,428.00,"192,172.00"
2020-02-04,2020020401016860,HGI,42,44,51,429.00,"21,879.00"
2020-02-04,2020020401016859,HGI,42,51,149,429.00,"63,921.00"
2020-02-04,2020020401016734,HGI,21,44,100,428.00,"42,800.00"
2020-02-04,2020020401016622,HGI,34,6,100,428.00,"42,800.00"
2020-02-04,2020020401016855,HIDCL,45,6,141,139.00,"19,599.00"
2020-02-04,2020020401016599,HURJA,36,41,20,107.00,"2,140.00"
2020-02-04,2020020401016917,IGI,6,54,55,447.00,"24,585.00"
2020-02-04,2020020401016704,JBBL,38,14,"1,000",196.00,"196,000.00"
2020-02-04,2020020401016703,JBBL,36,14,100,196.00,"19,600.00"
2020-02-04,2020020401016702,JBBL,54,14,250,197.00,"49,250.00"
2020-02-04,2020020401016701,JBBL,40,14,400,197.00,"78,800.00"
2020-02-04,2020020401016700,JBBL,45,14,100,197.00,"19,700.00"
2020-02-04,2020020401016742,KADBL,45,4,489,270.00,"132,030.00"
2020-02-04,2020020401016741,KADBL,14,4,11,271.00,"2,981.00"
2020-02-04,2020020401017023,KBL,55,8,500,198.00,"99,000.00"
2020-02-04,2020020401016816,KBL,33,25,50,199.00,"9,950.00"
2020-02-04,2020020401016692,KBL,55,36,970,198.00,"192,060.00"
2020-02-04,2020020401016691,KBL,55,36,"2,000",198.00,"396,000.00"
2020-02-04,2020020401016690,KBL,37,36,330,198.00,"65,340.00"
2020-02-04,2020020401016689,KBL,33,36,700,198.00,"138,600.00"
2020-02-04,2020020401016641,KBL,26,25,50,199.00,"9,950.00"
2020-02-04,2020020401016600,KBL,33,32,500,198.00,"99,000.00"
2020-02-04,2020020401016913,LGIL,40,34,359,497.00,"178,423.00"
2020-02-04,2020020401016912,LGIL,59,34,200,498.00,"99,600.00"
2020-02-04,2020020401016911,LGIL,33,34,100,500.00,"50,000.00"
2020-02-04,2020020401016910,LGIL,33,34,100,500.00,"50,000.00"
2020-02-04,2020020401016909,LGIL,58,34,91,500.00,"45,500.00"
2020-02-04,2020020401016969,LLBS,57,18,10,"1,062.00","10,620.00"
2020-02-04,2020020401017031,MBL,59,14,500,237.00,"118,500.00"
2020-02-04,2020020401016971,MBL,10,14,100,237.00,"23,700.00"
2020-02-04,2020020401016978,MEGA,28,42,10,205.00,"2,050.00"
2020-02-04,2020020401016977,MEGA,28,34,44,204.00,"8,976.00"
2020-02-04,2020020401016639,MEGA,34,34,400,204.00,"81,600.00"
2020-02-04,2020020401016848,MERO,38,56,50,664.00,"33,200.00"
2020-02-04,2020020401016573,MERO,45,26,186,665.00,"123,690.00"
2020-02-04,2020020401016815,MLBBL,41,26,10,815.00,"8,150.00"
2020-02-04,2020020401016814,MLBBL,14,26,18,816.00,"14,688.00"
2020-02-04,2020020401016946,MPFL,45,17,16,138.00,"2,208.00"
2020-02-04,2020020401016809,MSMBS,6,52,32,750.00,"24,000.00"
2020-02-04,2020020401016808,MSMBS,38,52,100,753.00,"75,300.00"
2020-02-04,2020020401016807,MSMBS,52,52,200,753.00,"150,600.00"
2020-02-04,2020020401016684,MSMBS,57,52,50,755.00,"37,750.00"
2020-02-04,2020020401016683,MSMBS,45,52,100,755.00,"75,500.00"
2020-02-04,2020020401016682,MSMBS,54,52,70,755.00,"52,850.00"
2020-02-04,2020020401016681,MSMBS,47,52,100,756.00,"75,600.00"
2020-02-04,2020020401016680,MSMBS,46,52,245,757.00,"185,465.00"
2020-02-04,2020020401016756,NABIL,14,4,173,733.00,"126,809.00"
2020-02-04,2020020401016632,NABIL,44,4,26,733.00,"19,058.00"
2020-02-04,2020020401016631,NABIL,25,4,100,733.00,"73,300.00"
2020-02-04,2020020401016630,NABIL,47,4,200,734.00,"146,800.00"
2020-02-04,2020020401016998,NADEP,38,16,23,706.00,"16,238.00"
2020-02-04,2020020401016847,NBL,32,44,200,271.00,"54,200.00"
2020-02-04,2020020401016775,NBL,37,44,200,271.00,"54,200.00"
2020-02-04,2020020401016716,NBL,48,44,"1,000",271.00,"271,000.00"
2020-02-04,2020020401016713,NBL,53,4,210,270.00,"56,700.00"
2020-02-04,2020020401016712,NBL,25,4,100,270.00,"27,000.00"
2020-02-04,2020020401016711,NBL,34,4,"2,000",270.00,"540,000.00"
2020-02-04,2020020401016710,NBL,22,4,500,270.00,"135,000.00"
2020-02-04,2020020401016709,NBL,25,4,190,270.00,"51,300.00"
2020-02-04,2020020401016708,NBL,40,4,50,270.00,"13,500.00"
2020-02-04,2020020401016643,NBL,48,44,"1,000",271.00,"271,000.00"
2020-02-04,2020020401016965,NGPL,21,45,66,117.00,"7,722.00"
2020-02-04,2020020401016964,NGPL,4,45,"1,000",117.00,"117,000.00"
2020-02-04,2020020401016963,NGPL,45,45,334,117.00,"39,078.00"
2020-02-04,2020020401017021,NHPC,54,58,90,63.00,"5,670.00"
2020-02-04,2020020401016846,NHPC,42,58,"1,000",63.00,"63,000.00"
2020-02-04,2020020401016845,NHPC,48,58,910,63.00,"57,330.00"
2020-02-04,2020020401016830,NHPC,43,35,200,64.00,"12,800.00"
2020-02-04,2020020401016736,NHPC,48,56,90,63.00,"5,670.00"
2020-02-04,2020020401016735,NHPC,58,56,910,63.00,"57,330.00"
2020-02-04,2020020401017042,NIB,52,45,24,397.00,"9,528.00"
2020-02-04,2020020401017041,NIB,6,45,26,397.00,"10,322.00"
2020-02-04,2020020401016895,NIB,6,49,44,397.00,"17,468.00"
2020-02-04,2020020401016686,NIB,6,51,30,397.00,"11,910.00"
2020-02-04,2020020401017019,NICA,7,56,40,482.00,"19,280.00"
2020-02-04,2020020401016966,NICA,43,44,50,484.00,"24,200.00"
2020-02-04,2020020401016779,NICA,35,59,501,481.00,"240,981.00"
2020-02-04,2020020401016778,NICA,49,59,200,481.00,"96,200.00"
2020-02-04,2020020401016777,NICA,36,59,100,481.00,"48,100.00"
2020-02-04,2020020401016776,NICA,46,59,500,481.00,"240,500.00"
2020-02-04,2020020401016715,NICA,49,48,"1,000",483.00,"483,000.00"
2020-02-04,2020020401016629,NICA,49,32,200,483.00,"96,600.00"
2020-02-04,2020020401016628,NICA,6,44,100,484.00,"48,400.00"
2020-02-04,2020020401016722,NICA,10,59,55,482.00,"26,510.00"
2020-02-04,2020020401016721,NICA,57,59,500,482.00,"241,000.00"
2020-02-04,2020020401016720,NICA,52,59,643,482.00,"309,926.00"
2020-02-04,2020020401016719,NICA,54,59,350,483.00,"169,050.00"
2020-02-04,2020020401016718,NICA,33,59,500,483.00,"241,500.00"
2020-02-04,2020020401016717,NICA,49,59,651,483.00,"314,433.00"
2020-02-04,2020020401017044,NICL,50,4,"6,077",440.00,"2,673,880.00"
2020-02-04,2020020401017012,NICL,28,4,10,440.00,"4,400.00"
2020-02-04,2020020401016940,NICL,33,4,"7,690",437.00,"3,360,530.00"
2020-02-04,2020020401016939,NICL,33,4,"5,000",437.00,"2,185,000.00"
2020-02-04,2020020401016938,NICL,44,4,300,437.00,"131,100.00"
2020-02-04,2020020401016937,NICL,35,4,500,438.00,"219,000.00"
2020-02-04,2020020401016603,NICL,5,26,200,445.00,"89,000.00"
2020-02-04,2020020401016645,NICL,49,44,500,446.00,"223,000.00"
2020-02-04,2020020401016865,NICL,39,4,100,444.00,"44,400.00"
2020-02-04,2020020401016864,NICL,7,4,100,444.00,"44,400.00"
2020-02-04,2020020401016755,NICL,14,44,200,446.00,"89,200.00"
2020-02-04,2020020401016871,NICL,39,4,100,442.00,"44,200.00"
2020-02-04,2020020401016870,NICL,38,4,120,443.00,"53,160.00"
2020-02-04,2020020401016869,NICL,19,4,20,443.00,"8,860.00"
2020-02-04,2020020401016868,NICL,33,4,500,443.00,"221,500.00"
2020-02-04,2020020401016867,NICL,21,4,100,443.00,"44,300.00"
2020-02-04,2020020401016866,NICL,26,4,27,443.00,"11,961.00"
2020-02-04,2020020401016877,NICL,52,4,200,441.00,"88,200.00"
2020-02-04,2020020401016876,NICL,40,4,714,441.00,"314,874.00"
2020-02-04,2020020401016875,NICL,19,4,100,442.00,"44,200.00"
2020-02-04,2020020401016874,NICL,38,4,200,442.00,"88,400.00"
2020-02-04,2020020401016873,NICL,50,4,"1,000",442.00,"442,000.00"
2020-02-04,2020020401016872,NICL,57,4,500,442.00,"221,000.00"
2020-02-04,2020020401016883,NICL,51,4,100,440.00,"44,000.00"
2020-02-04,2020020401016882,NICL,52,4,"1,000",440.00,"440,000.00"
2020-02-04,2020020401016881,NICL,44,4,500,440.00,"220,000.00"
2020-02-04,2020020401016880,NICL,50,4,"1,000",441.00,"441,000.00"
2020-02-04,2020020401016879,NICL,19,4,10,441.00,"4,410.00"
2020-02-04,2020020401016878,NICL,35,4,500,441.00,"220,500.00"
2020-02-04,2020020401016889,NICL,51,4,500,440.00,"220,000.00"
2020-02-04,2020020401016888,NICL,46,4,40,440.00,"17,600.00"
2020-02-04,2020020401016887,NICL,19,4,10,440.00,"4,400.00"
2020-02-04,2020020401016886,NICL,32,4,50,440.00,"22,000.00"
2020-02-04,2020020401016885,NICL,45,4,300,440.00,"132,000.00"
2020-02-04,2020020401016884,NICL,14,4,500,440.00,"220,000.00"
2020-02-04,2020020401016924,NICL,17,36,100,439.00,"43,900.00"
2020-02-04,2020020401016894,NICL,41,4,500,440.00,"220,000.00"
2020-02-04,2020020401016893,NICL,14,4,52,440.00,"22,880.00"
2020-02-04,2020020401016892,NICL,4,4,"15,000",440.00,"6,600,000.00"
2020-02-04,2020020401016891,NICL,44,4,20,440.00,"8,800.00"
2020-02-04,2020020401016890,NICL,45,4,50,440.00,"22,000.00"
2020-02-04,2020020401016936,NICL,50,4,200,438.00,"87,600.00"
2020-02-04,2020020401016935,NICL,56,4,10,438.00,"4,380.00"
2020-02-04,2020020401016934,NICL,44,4,500,438.00,"219,000.00"
2020-02-04,2020020401016933,NICL,32,4,300,438.00,"131,400.00"
2020-02-04,2020020401016932,NICL,7,4,200,439.00,"87,800.00"
2020-02-04,2020020401016931,NICL,17,4,300,439.00,"131,700.00"
2020-02-04,2020020401017049,NIL,18,44,82,566.00,"46,412.00"
2020-02-04,2020020401017048,NIL,38,44,418,566.00,"236,588.00"
2020-02-04,2020020401017004,NIL,38,36,50,566.00,"28,300.00"
2020-02-04,2020020401016981,NIL,34,34,500,569.00,"284,500.00"
2020-02-04,2020020401016930,NIL,19,52,100,568.00,"56,800.00"
2020-02-04,2020020401016763,NIL,14,59,14,567.00,"7,938.00"
2020-02-04,2020020401016588,NIL,38,14,32,566.00,"18,112.00"
2020-02-04,2020020401016587,NIL,59,14,468,567.00,"265,356.00"
2020-02-04,2020020401016956,NLBBL,49,5,550,746.00,"410,300.00"
2020-02-04,2020020401016955,NLBBL,7,5,100,747.00,"74,700.00"
2020-02-04,2020020401016954,NLBBL,25,5,100,748.00,"74,800.00"
2020-02-04,2020020401016953,NLBBL,1,5,50,749.00,"37,450.00"
2020-02-04,2020020401016952,NLBBL,57,5,200,749.00,"149,800.00"
2020-02-04,2020020401016820,NLG,49,26,50,875.00,"43,750.00"
2020-02-04,2020020401016819,NLG,49,25,100,874.00,"87,400.00"
2020-02-04,2020020401017059,NLIC,57,11,50,"1,113.00","55,650.00"
2020-02-04,2020020401017047,NLIC,46,49,230,"1,114.00","256,220.00"
2020-02-04,2020020401016902,NLIC,8,49,30,"1,114.00","33,420.00"
2020-02-04,2020020401016856,NLIC,41,49,50,"1,114.00","55,700.00"
2020-02-04,2020020401016802,NLIC,45,58,15,"1,115.00","16,725.00"
2020-02-04,2020020401016801,NLIC,45,36,35,"1,115.00","39,025.00"
2020-02-04,2020020401016760,NLIC,35,51,450,"1,111.00","499,950.00"
2020-02-04,2020020401016695,NLIC,8,36,30,"1,115.00","33,450.00"
2020-02-04,2020020401016626,NLIC,57,26,78,"1,115.00","86,970.00"
2020-02-04,2020020401016648,NLICL,36,5,215,644.00,"138,460.00"
2020-02-04,2020020401017015,NMB,19,6,350,366.00,"128,100.00"
2020-02-04,2020020401017014,NMB,20,6,150,367.00,"55,050.00"
2020-02-04,2020020401017003,NMB,43,44,50,368.00,"18,400.00"
2020-02-04,2020020401016900,NMB,19,59,885,366.00,"323,910.00"
2020-02-04,2020020401016899,NMB,46,59,80,366.00,"29,280.00"
2020-02-04,2020020401016898,NMB,43,59,"2,000",367.00,"734,000.00"
2020-02-04,2020020401016897,NMB,43,59,35,368.00,"12,880.00"
2020-02-04,2020020401016762,NMB,43,21,25,368.00,"9,200.00"
2020-02-04,2020020401016761,NMB,43,17,40,368.00,"14,720.00"
2020-02-04,2020020401016745,NMB,58,58,250,367.00,"91,750.00"
2020-02-04,2020020401016673,NMB,58,32,349,367.00,"128,083.00"
2020-02-04,2020020401017032,NMBMF,41,26,79,885.00,"69,915.00"
2020-02-04,2020020401016624,NMBMF,41,28,11,885.00,"9,735.00"
2020-02-04,2020020401016591,NMFBS,7,11,50,"1,600.00","80,000.00"
2020-02-04,2020020401016826,NTC,52,49,10,619.00,"6,190.00"
2020-02-04,2020020401016825,NTC,49,49,100,619.00,"61,900.00"
2020-02-04,2020020401016824,NTC,35,49,20,619.00,"12,380.00"
2020-02-04,2020020401016823,NTC,7,49,100,620.00,"62,000.00"
2020-02-04,2020020401016822,NTC,21,49,200,620.00,"124,000.00"
2020-02-04,2020020401016821,NTC,37,49,70,620.00,"43,400.00"
2020-02-04,2020020401016585,NUBL,26,39,250,979.00,"244,750.00"
2020-02-04,2020020401016584,NUBL,1,39,100,980.00,"98,000.00"
2020-02-04,2020020401016583,NUBL,55,39,50,980.00,"49,000.00"
2020-02-04,2020020401016582,NUBL,19,39,100,980.00,"98,000.00"
2020-02-04,2020020401016640,PCBL,42,22,108,280.00,"30,240.00"
2020-02-04,2020020401016586,PFL,1,47,13,157.00,"2,041.00"
2020-02-04,2020020401016674,PIC,41,42,50,571.00,"28,550.00"
2020-02-04,2020020401016905,PICL,49,38,260,742.00,"192,920.00"
2020-02-04,2020020401016642,PICL,49,58,15,742.00,"11,130.00"
2020-02-04,2020020401016633,PICL,19,16,60,747.00,"44,820.00"
2020-02-04,2020020401016852,PLIC,22,38,200,561.00,"112,200.00"
2020-02-04,2020020401016740,PMHPL,33,38,10,89.00,890.00
2020-02-04,2020020401016688,PMHPL,33,38,10,89.00,890.00
2020-02-04,2020020401016627,PMHPL,33,38,10,89.00,890.00
2020-02-04,2020020401016593,PMHPL,33,38,10,89.00,890.00
2020-02-04,2020020401016592,PMHPL,33,14,10,89.00,890.00
2020-02-04,2020020401016916,PPCL,39,26,260,124.00,"32,240.00"
2020-02-04,2020020401016915,PPCL,13,26,280,124.00,"34,720.00"
2020-02-04,2020020401016914,PPCL,13,26,170,125.00,"21,250.00"
2020-02-04,2020020401016751,PPCL,13,41,20,125.00,"2,500.00"
2020-02-04,2020020401016992,PRIN,58,48,250,446.00,"111,500.00"
2020-02-04,2020020401016728,PRIN,36,36,62,445.00,"27,590.00"
2020-02-04,2020020401016727,PRIN,50,36,100,445.00,"44,500.00"
2020-02-04,2020020401016726,PRIN,45,36,100,445.00,"44,500.00"
2020-02-04,2020020401016725,PRIN,43,36,300,445.00,"133,500.00"
2020-02-04,2020020401016724,PRIN,34,36,120,445.00,"53,400.00"
2020-02-04,2020020401016723,PRIN,53,36,318,446.00,"141,828.00"
2020-02-04,2020020401017002,PRVU,6,46,100,251.00,"25,100.00"
2020-02-04,2020020401016975,PRVU,37,46,120,251.00,"30,120.00"
2020-02-04,2020020401016974,PRVU,37,25,80,251.00,"20,080.00"
2020-02-04,2020020401016739,PRVU,13,25,620,251.00,"155,620.00"
2020-02-04,2020020401016732,PRVU,55,32,322,250.00,"80,500.00"
2020-02-04,2020020401016576,PRVU,55,26,180,250.00,"45,000.00"
2020-02-04,2020020401016575,PRVU,46,26,420,250.00,"105,000.00"
2020-02-04,2020020401016574,PRVU,4,25,100,251.00,"25,100.00"
2020-02-04,2020020401017001,RBCLPO,7,32,20,"8,200.00","164,000.00"
2020-02-04,2020020401017000,RBCLPO,57,32,10,"8,239.00","82,390.00"
2020-02-04,2020020401016644,RHPC,44,56,21,77.00,"1,617.00"
2020-02-04,2020020401016608,RHPC,14,56,21,78.00,"1,638.00"
2020-02-04,2020020401016637,RHPL,14,52,50,172.00,"8,600.00"
2020-02-04,2020020401017043,RLFL,34,38,10,141.00,"1,410.00"
2020-02-04,2020020401016813,RLFL,48,58,82,139.00,"11,398.00"
2020-02-04,2020020401016812,RLFL,34,58,10,144.00,"1,440.00"
2020-02-04,2020020401016810,RLFL,34,26,10,145.00,"1,450.00"
2020-02-04,2020020401016748,RLFL,34,55,347,144.00,"49,968.00"
2020-02-04,2020020401016747,RLFL,34,37,11,142.00,"1,562.00"
2020-02-04,2020020401016746,RLFL,34,28,39,142.00,"5,538.00"
2020-02-04,2020020401016677,RLFL,34,28,301,142.00,"42,742.00"
2020-02-04,2020020401016676,RLFL,34,38,599,141.00,"84,459.00"
2020-02-04,2020020401016968,RMDC,26,28,20,657.00,"13,140.00"
2020-02-04,2020020401016967,RMDC,47,28,100,657.00,"65,700.00"
2020-02-04,2020020401016945,RMDC,22,28,200,658.00,"131,600.00"
2020-02-04,2020020401016944,RMDC,53,28,500,660.00,"330,000.00"
2020-02-04,2020020401016943,RMDC,19,28,50,660.00,"33,000.00"
2020-02-04,2020020401016942,RMDC,1,28,208,660.00,"137,280.00"
2020-02-04,2020020401016941,RMDC,39,28,300,661.00,"198,300.00"
2020-02-04,2020020401016925,SADBL,16,34,100,164.00,"16,400.00"
2020-02-04,2020020401016806,SANIMA,4,59,250,349.00,"87,250.00"
2020-02-04,2020020401017028,SBL,17,57,100,315.00,"31,500.00"
2020-02-04,2020020401017027,SBL,52,57,200,315.00,"63,000.00"
2020-02-04,2020020401017026,SBL,58,57,500,315.00,"157,500.00"
2020-02-04,2020020401017025,SBL,52,57,100,315.00,"31,500.00"
2020-02-04,2020020401017024,SBL,26,57,111,315.00,"34,965.00"
2020-02-04,2020020401016983,SDESI,45,37,200,852.00,"170,400.00"
2020-02-04,2020020401016652,SDESI,45,37,13,852.00,"11,076.00"
2020-02-04,2020020401017039,SHIVM,35,32,50,517.00,"25,850.00"
2020-02-04,2020020401016951,SHIVM,40,45,100,516.00,"51,600.00"
2020-02-04,2020020401016800,SHIVM,16,17,496,515.00,"255,440.00"
2020-02-04,2020020401016781,SHIVM,45,17,300,519.00,"155,700.00"
2020-02-04,2020020401016780,SHIVM,29,17,500,520.00,"260,000.00"
2020-02-04,2020020401016787,SHIVM,6,17,100,517.00,"51,700.00"
2020-02-04,2020020401016786,SHIVM,37,17,100,518.00,"51,800.00"
2020-02-04,2020020401016785,SHIVM,35,17,100,518.00,"51,800.00"
2020-02-04,2020020401016784,SHIVM,29,17,100,518.00,"51,800.00"
2020-02-04,2020020401016783,SHIVM,53,17,204,518.00,"105,672.00"
2020-02-04,2020020401016782,SHIVM,47,17,"1,000",519.00,"519,000.00"
2020-02-04,2020020401016793,SHIVM,50,17,300,515.00,"154,500.00"
2020-02-04,2020020401016792,SHIVM,19,17,50,516.00,"25,800.00"
2020-02-04,2020020401016791,SHIVM,34,17,100,516.00,"51,600.00"
2020-02-04,2020020401016790,SHIVM,16,17,200,516.00,"103,200.00"
2020-02-04,2020020401016789,SHIVM,6,17,50,517.00,"25,850.00"
2020-02-04,2020020401016788,SHIVM,35,17,"1,000",517.00,"517,000.00"
2020-02-04,2020020401016799,SHIVM,40,17,500,515.00,"257,500.00"
2020-02-04,2020020401016798,SHIVM,29,17,100,515.00,"51,500.00"
2020-02-04,2020020401016797,SHIVM,47,17,100,515.00,"51,500.00"
2020-02-04,2020020401016796,SHIVM,47,17,100,515.00,"51,500.00"
2020-02-04,2020020401016795,SHIVM,6,17,500,515.00,"257,500.00"
2020-02-04,2020020401016794,SHIVM,11,17,100,515.00,"51,500.00"
2020-02-04,2020020401016671,SHL,6,34,100,202.00,"20,200.00"
2020-02-04,2020020401016670,SHL,34,34,"1,000",202.00,"202,000.00"
2020-02-04,2020020401016669,SHL,58,34,500,202.00,"101,000.00"
2020-02-04,2020020401016668,SHL,11,34,200,202.00,"40,400.00"
2020-02-04,2020020401016667,SHL,51,34,500,203.00,"101,500.00"
2020-02-04,2020020401016666,SHL,25,34,100,203.00,"20,300.00"
2020-02-04,2020020401016665,SHL,43,34,100,203.00,"20,300.00"
2020-02-04,2020020401016664,SHL,48,34,200,203.00,"40,600.00"
2020-02-04,2020020401016663,SHL,51,34,300,203.00,"60,900.00"
2020-02-04,2020020401016662,SHL,45,34,500,203.00,"101,500.00"
2020-02-04,2020020401016661,SHL,40,34,500,203.00,"101,500.00"
2020-02-04,2020020401016687,SHPC,58,48,50,227.00,"11,350.00"
2020-02-04,2020020401016675,SHPC,39,19,200,224.00,"44,800.00"
2020-02-04,2020020401016647,SHPC,39,11,50,224.00,"11,200.00"
2020-02-04,2020020401016636,SHPC,58,48,50,227.00,"11,350.00"
2020-02-04,2020020401016635,SHPC,58,3,100,226.00,"22,600.00"
2020-02-04,2020020401016602,SHPC,39,47,138,224.00,"30,912.00"
2020-02-04,2020020401016601,SHPC,29,47,"1,402",224.00,"314,048.00"
2020-02-04,2020020401016738,SIC,45,53,26,760.00,"19,760.00"
2020-02-04,2020020401016646,SIC,45,25,50,760.00,"38,000.00"
2020-02-04,2020020401017030,SICL,50,52,391,"1,143.00","446,913.00"
2020-02-04,2020020401017029,SICL,50,52,409,"1,144.00","467,896.00"
2020-02-04,2020020401016976,SICL,56,39,100,"1,145.00","114,500.00"
2020-02-04,2020020401016754,SICL,58,49,47,"1,149.00","54,003.00"
2020-02-04,2020020401016753,SICL,58,28,23,"1,149.00","26,427.00"
2020-02-04,2020020401016577,SICL,14,44,100,"1,144.00","114,400.00"
2020-02-04,2020020401016752,SICL,58,39,30,"1,145.00","34,350.00"
2020-02-04,2020020401016731,SICL,58,39,70,"1,145.00","80,150.00"
2020-02-04,2020020401016699,SICL,58,39,130,"1,145.00","148,850.00"
2020-02-04,2020020401016698,SICL,37,39,100,"1,145.00","114,500.00"
2020-02-04,2020020401016609,SICL,50,44,65,"1,144.00","74,360.00"
2020-02-04,2020020401016578,SICL,40,44,100,"1,144.00","114,400.00"
2020-02-04,2020020401017045,SIFC,25,34,366,166.00,"60,756.00"
2020-02-04,2020020401016896,SIL,25,35,10,607.00,"6,070.00"
2020-02-04,2020020401016849,SIL,33,44,149,600.00,"89,400.00"
2020-02-04,2020020401016758,SIL,33,48,90,600.00,"54,000.00"
2020-02-04,2020020401016750,SIL,33,59,150,600.00,"90,000.00"
2020-02-04,2020020401016749,SIL,33,54,111,599.00,"66,489.00"
2020-02-04,2020020401016733,SIL,44,7,330,596.00,"196,680.00"
2020-02-04,2020020401016638,SINDU,47,40,350,136.00,"47,600.00"
2020-02-04,2020020401016594,SINDU,40,26,10,137.00,"1,370.00"
2020-02-04,2020020401016908,SKBBL,39,39,250,970.00,"242,500.00"
2020-02-04,2020020401016907,SKBBL,58,39,100,970.00,"97,000.00"
2020-02-04,2020020401016906,SKBBL,55,39,150,970.00,"145,500.00"
2020-02-04,2020020401016679,SKBBL,16,37,100,975.00,"97,500.00"
2020-02-04,2020020401016678,SKBBL,33,37,170,976.00,"165,920.00"
2020-02-04,2020020401016851,SLBBL,19,55,50,852.00,"42,600.00"
2020-02-04,2020020401016685,SLBBL,19,5,50,852.00,"42,600.00"
2020-02-04,2020020401017016,SLICL,38,58,100,462.00,"46,200.00"
2020-02-04,2020020401016989,SLICL,53,36,100,461.00,"46,100.00"
2020-02-04,2020020401016949,SLICL,53,14,180,461.00,"82,980.00"
2020-02-04,2020020401016948,SLICL,49,14,300,462.00,"138,600.00"
2020-02-04,2020020401016947,SLICL,52,14,20,463.00,"9,260.00"
2020-02-04,2020020401016569,SLICL,5,38,340,460.00,"156,400.00"
2020-02-04,2020020401016568,SLICL,5,38,"1,000",460.00,"460,000.00"
2020-02-04,2020020401016567,SLICL,39,38,200,460.00,"92,000.00"
2020-02-04,2020020401016566,SLICL,28,38,"1,000",461.00,"461,000.00"
2020-02-04,2020020401016565,SLICL,20,38,60,461.00,"27,660.00"
2020-02-04,2020020401016564,SLICL,26,38,500,461.00,"230,500.00"
2020-02-04,2020020401016563,SLICL,35,38,100,462.00,"46,200.00"
2020-02-04,2020020401017057,SMATA,19,28,72,765.00,"55,080.00"
2020-02-04,2020020401017056,SMATA,46,28,75,765.00,"57,375.00"
2020-02-04,2020020401017055,SMATA,58,28,50,765.00,"38,250.00"
2020-02-04,2020020401017054,SMATA,55,28,10,767.00,"7,670.00"
2020-02-04,2020020401017053,SMATA,41,28,95,767.00,"72,865.00"
2020-02-04,2020020401017052,SMATA,22,28,70,768.00,"53,760.00"
2020-02-04,2020020401017051,SMATA,19,28,28,769.00,"21,532.00"
2020-02-04,2020020401017050,SMATA,52,28,50,770.00,"38,500.00"
2020-02-04,2020020401017010,SMB,28,34,50,903.00,"45,150.00"
2020-02-04,2020020401016991,SMB,28,17,10,903.00,"9,030.00"
2020-02-04,2020020401016714,SMB,28,48,40,903.00,"36,120.00"
2020-02-04,2020020401016818,SMFBS,44,28,20,"1,006.00","20,120.00"
2020-02-04,2020020401017011,SMFDB,53,57,16,763.00,"12,208.00"
2020-02-04,2020020401016803,SMFDB,28,44,192,762.00,"146,304.00"
2020-02-04,2020020401016616,SMFDB,59,57,100,763.00,"76,300.00"
2020-02-04,2020020401016615,SMFDB,58,57,100,763.00,"76,300.00"
2020-02-04,2020020401016614,SMFDB,45,57,500,763.00,"381,500.00"
2020-02-04,2020020401016613,SMFDB,51,57,100,763.00,"76,300.00"
2020-02-04,2020020401016612,SMFDB,41,57,100,763.00,"76,300.00"
2020-02-04,2020020401016611,SMFDB,6,57,44,764.00,"33,616.00"
2020-02-04,2020020401017040,SPDL,52,42,293,102.00,"29,886.00"
2020-02-04,2020020401017060,STC,49,51,170,"2,361.00","401,370.00"
2020-02-04,2020020401016651,STC,49,22,30,"2,361.00","70,830.00"
2020-02-04,2020020401016650,STC,40,22,10,"2,363.00","23,630.00"
2020-02-04,2020020401016649,STC,35,22,10,"2,364.00","23,640.00"
2020-02-04,2020020401016620,SWBBL,39,17,10,"1,125.00","11,250.00"
2020-02-04,2020020401016619,SWBBL,39,34,10,"1,122.00","11,220.00"
2020-02-04,2020020401016618,SWBBL,39,39,10,"1,122.00","11,220.00"
2020-02-04,2020020401016617,SWBBL,39,33,10,"1,120.00","11,200.00"
2020-02-04,2020020401016590,SWBBL,39,10,100,"1,111.00","111,100.00"
2020-02-04,2020020401016757,TMDBL,55,26,200,190.00,"38,000.00"
2020-02-04,2020020401017022,UPPER,33,51,50,244.00,"12,200.00"
2020-02-04,2020020401016623,UPPER,33,6,40,244.00,"9,760.00"
2020-02-04,2020020401016985,VLBS,25,34,54,"1,015.00","54,810.00"
2020-02-04,2020020401016858,VLBS,25,45,19,"1,015.00","19,285.00"
2020-02-04,2020020401016857,VLBS,25,34,27,"1,015.00","27,405.00"
2020-02-04,2020020401016579,WOMI,59,45,40,999.00,"39,960.00"
2020-02-04,2020020401016387,ADBL,10,35,100,385.00,"38,500.00"
2020-02-04,2020020401016386,ADBL,8,35,300,386.00,"115,800.00"
2020-02-04,2020020401016501,AHPC,38,26,"1,000",97.00,"97,000.00"
2020-02-04,2020020401016156,AHPC,39,59,"1,150",98.00,"112,700.00"
2020-02-04,2020020401016269,AKPL,29,17,87,125.00,"10,875.00"
2020-02-04,2020020401016125,AKPL,29,56,13,125.00,"1,625.00"
2020-02-04,2020020401016124,AKPL,42,56,487,125.00,"60,875.00"
2020-02-04,2020020401016069,AKPL,42,58,613,125.00,"76,625.00"
2020-02-04,2020020401016068,AKPL,46,58,487,125.00,"60,875.00"
2020-02-04,2020020401016256,ALBSL,4,45,100,716.00,"71,600.00"
2020-02-04,2020020401016123,ALBSL,4,38,10,716.00,"7,160.00"
2020-02-04,2020020401016485,ALICL,25,14,285,562.00,"160,170.00"
2020-02-04,2020020401016474,ALICL,28,26,155,561.00,"86,955.00"
2020-02-04,2020020401016427,ALICL,28,44,50,561.00,"28,050.00"
2020-02-04,2020020401016190,ALICL,28,26,160,561.00,"89,760.00"
2020-02-04,2020020401016378,API,25,51,60,124.00,"7,440.00"
2020-02-04,2020020401016216,API,25,29,430,123.00,"52,890.00"
2020-02-04,2020020401016215,API,25,29,70,124.00,"8,680.00"
2020-02-04,2020020401016409,BARUN,33,34,200,100.00,"20,000.00"
2020-02-04,2020020401016408,BARUN,45,34,"1,000",100.00,"100,000.00"
2020-02-04,2020020401016407,BARUN,34,34,100,100.00,"10,000.00"
2020-02-04,2020020401016406,BARUN,41,34,"1,000",100.00,"100,000.00"
2020-02-04,2020020401016405,BARUN,55,34,200,100.00,"20,000.00"
2020-02-04,2020020401016404,BARUN,34,34,500,100.00,"50,000.00"
2020-02-04,2020020401016403,BARUN,55,34,49,100.00,"4,900.00"
2020-02-04,2020020401016206,BARUN,55,56,10,100.00,"1,000.00"
2020-02-04,2020020401016155,BARUN,55,56,10,100.00,"1,000.00"
2020-02-04,2020020401016524,BFC,57,51,300,99.00,"29,700.00"
2020-02-04,2020020401016523,BFC,52,51,100,99.00,"9,900.00"
2020-02-04,2020020401016522,BFC,14,51,100,99.00,"9,900.00"
2020-02-04,2020020401016434,BFC,52,45,50,100.00,"5,000.00"
2020-02-04,2020020401016273,BFC,16,58,500,100.00,"50,000.00"
2020-02-04,2020020401016272,BFC,13,58,120,100.00,"12,000.00"
2020-02-04,2020020401016400,BOKL,33,34,530,237.00,"125,610.00"
2020-02-04,2020020401016472,BPCL,37,6,35,334.00,"11,690.00"
2020-02-04,2020020401016243,CBBL,34,34,39,991.00,"38,649.00"
2020-02-04,2020020401016446,CBBL,58,17,200,991.00,"198,200.00"
2020-02-04,2020020401016445,CBBL,34,17,50,991.00,"49,550.00"
2020-02-04,2020020401016444,CBBL,54,17,200,991.00,"198,200.00"
2020-02-04,2020020401016443,CBBL,34,17,111,991.00,"110,001.00"
2020-02-04,2020020401016452,CBBL,39,17,50,990.00,"49,500.00"
2020-02-04,2020020401016451,CBBL,40,17,50,990.00,"49,500.00"
2020-02-04,2020020401016450,CBBL,40,17,50,990.00,"49,500.00"
2020-02-04,2020020401016449,CBBL,59,17,200,990.00,"198,000.00"
2020-02-04,2020020401016448,CBBL,52,17,100,990.00,"99,000.00"
2020-02-04,2020020401016447,CBBL,55,17,200,990.00,"198,000.00"
2020-02-04,2020020401016454,CBBL,49,17,789,985.00,"777,165.00"
2020-02-04,2020020401016453,CBBL,55,17,100,987.00,"98,700.00"
2020-02-04,2020020401016549,CBL,35,7,"1,000",148.00,"148,000.00"
2020-02-04,2020020401016393,CBL,35,19,816,148.00,"120,768.00"
2020-02-04,2020020401016392,CBL,33,19,184,148.00,"27,232.00"
2020-02-04,2020020401016176,CBL,41,45,75,149.00,"11,175.00"
2020-02-04,2020020401016554,CCBL,57,47,300,185.00,"55,500.00"
2020-02-04,2020020401016553,CCBL,44,47,300,185.00,"55,500.00"
2020-02-04,2020020401016552,CCBL,32,47,658,185.00,"121,730.00"
2020-02-04,2020020401016194,CCBL,37,56,70,186.00,"13,020.00"
2020-02-04,2020020401016320,CFCL,38,14,500,147.00,"73,500.00"
2020-02-04,2020020401016268,CHCL,56,44,28,441.00,"12,348.00"
2020-02-04,2020020401016518,CIT,57,58,10,"2,334.00","23,340.00"
2020-02-04,2020020401016517,CIT,57,5,10,"2,333.00","23,330.00"
2020-02-04,2020020401016516,CIT,57,25,10,"2,332.00","23,320.00"
2020-02-04,2020020401016160,CIT,57,1,16,"2,325.00","37,200.00"
2020-02-04,2020020401016511,CLBSL,17,4,250,960.00,"240,000.00"
2020-02-04,2020020401016510,CLBSL,40,4,100,961.00,"96,100.00"
2020-02-04,2020020401016509,CLBSL,45,4,50,962.00,"48,100.00"
2020-02-04,2020020401016172,CLBSL,43,58,45,963.00,"43,335.00"
2020-02-04,2020020401016171,CLBSL,41,58,11,964.00,"10,604.00"
2020-02-04,2020020401016170,CLBSL,17,58,10,965.00,"9,650.00"
2020-02-04,2020020401016203,CORBL,38,19,100,130.00,"13,000.00"
2020-02-04,2020020401016401,DDBL,46,7,115,839.00,"96,485.00"
2020-02-04,2020020401016360,DDBL,46,25,150,838.00,"125,700.00"
2020-02-04,2020020401016359,DDBL,46,49,40,837.00,"33,480.00"
2020-02-04,2020020401016358,DDBL,46,45,195,837.00,"163,215.00"
2020-02-04,2020020401016456,EBL,40,49,15,643.00,"9,645.00"
2020-02-04,2020020401016143,EBL,18,56,200,641.00,"128,200.00"
2020-02-04,2020020401016329,EBL,41,56,18,641.00,"11,538.00"
2020-02-04,2020020401016530,EDBL,4,44,110,366.00,"40,260.00"
2020-02-04,2020020401016332,EDBL,4,39,426,366.00,"155,916.00"
2020-02-04,2020020401016165,EDBL,4,35,30,366.00,"10,980.00"
2020-02-04,2020020401016439,EIC,44,47,230,447.00,"102,810.00"
2020-02-04,2020020401016416,EIC,56,34,"1,111",448.00,"497,728.00"
2020-02-04,2020020401016361,EIC,11,34,50,448.00,"22,400.00"
2020-02-04,2020020401016335,EIC,11,26,100,448.00,"44,800.00"
2020-02-04,2020020401016334,EIC,11,21,100,448.00,"44,800.00"
2020-02-04,2020020401016333,EIC,11,6,250,448.00,"112,000.00"
2020-02-04,2020020401016309,EIC,44,50,770,447.00,"344,190.00"
2020-02-04,2020020401016276,EIC,10,50,150,447.00,"67,050.00"
2020-02-04,2020020401016252,EIC,39,50,250,447.00,"111,750.00"
2020-02-04,2020020401016244,EIC,50,50,100,447.00,"44,700.00"
2020-02-04,2020020401016202,EIC,52,50,130,447.00,"58,110.00"
2020-02-04,2020020401016159,EIC,53,50,100,447.00,"44,700.00"
2020-02-04,2020020401016115,FOWAD,45,19,13,"1,375.00","17,875.00"
2020-02-04,2020020401016396,GBBL,39,21,100,246.00,"24,600.00"
2020-02-04,2020020401016395,GBBL,39,55,40,246.00,"9,840.00"
2020-02-04,2020020401016234,GBBL,55,55,960,246.00,"236,160.00"
2020-02-04,2020020401016199,GBBL,55,48,40,246.00,"9,840.00"
2020-02-04,2020020401016198,GBBL,48,48,50,246.00,"12,300.00"
2020-02-04,2020020401016197,GBBL,29,48,410,246.00,"100,860.00"
2020-02-04,2020020401016175,GBBL,29,28,90,246.00,"22,140.00"
2020-02-04,2020020401016174,GBBL,34,28,100,246.00,"24,600.00"
2020-02-04,2020020401016173,GBBL,36,28,588,246.00,"144,648.00"
2020-02-04,2020020401016519,GBIME,42,33,100,287.00,"28,700.00"
2020-02-04,2020020401016500,GBIME,45,33,100,287.00,"28,700.00"
2020-02-04,2020020401016285,GBIME,38,33,10,287.00,"2,870.00"
2020-02-04,2020020401016221,GBLBS,22,44,919,478.00,"439,282.00"
2020-02-04,2020020401016220,GBLBS,50,44,100,479.00,"47,900.00"
2020-02-04,2020020401016219,GBLBS,55,44,100,480.00,"48,000.00"
2020-02-04,2020020401016218,GBLBS,11,44,100,480.00,"48,000.00"
2020-02-04,2020020401016217,GBLBS,36,44,300,481.00,"144,300.00"
2020-02-04,2020020401016210,GBLBS,55,7,300,483.00,"144,900.00"
2020-02-04,2020020401016535,GGBSL,17,7,50,858.00,"42,900.00"
2020-02-04,2020020401016380,GILB,38,49,13,"1,325.00","17,225.00"
2020-02-04,2020020401016305,GILB,38,52,156,"1,325.00","206,700.00"
2020-02-04,2020020401016374,GLICL,5,58,12,727.00,"8,724.00"
2020-02-04,2020020401016354,HBL,38,49,100,515.00,"51,500.00"
2020-02-04,2020020401016135,HBL,38,4,100,515.00,"51,500.00"
2020-02-04,2020020401016134,HBL,38,4,50,515.00,"25,750.00"
2020-02-04,2020020401016133,HBL,38,4,100,515.00,"51,500.00"
2020-02-04,2020020401016132,HBL,38,4,100,515.00,"51,500.00"
2020-02-04,2020020401016131,HBL,38,4,150,515.00,"77,250.00"
2020-02-04,2020020401016130,HBL,38,4,45,515.00,"23,175.00"
2020-02-04,2020020401016065,HBL,38,4,55,515.00,"28,325.00"
2020-02-04,2020020401016064,HBL,38,4,100,515.00,"51,500.00"
2020-02-04,2020020401016063,HBL,32,4,100,516.00,"51,600.00"
2020-02-04,2020020401016546,HDL,20,17,100,"1,211.00","121,100.00"
2020-02-04,2020020401016545,HDL,10,17,20,"1,211.00","24,220.00"
2020-02-04,2020020401016544,HDL,6,17,30,"1,212.00","36,360.00"
2020-02-04,2020020401016543,HDL,20,17,50,"1,212.00","60,600.00"
2020-02-04,2020020401016542,HDL,59,17,100,"1,212.00","121,200.00"
2020-02-04,2020020401016541,HDL,55,17,50,"1,212.00","60,600.00"
2020-02-04,2020020401016304,HDL,45,37,10,"1,215.00","12,150.00"
2020-02-04,2020020401016303,HDL,45,58,490,"1,215.00","595,350.00"
2020-02-04,2020020401016540,HDL,11,17,50,"1,213.00","60,650.00"
2020-02-04,2020020401016539,HDL,58,17,100,"1,213.00","121,300.00"
2020-02-04,2020020401016538,HDL,38,17,500,"1,214.00","607,000.00"
2020-02-04,2020020401016491,HDL,50,37,250,"1,215.00","303,750.00"
2020-02-04,2020020401016357,HDL,53,37,50,"1,215.00","60,750.00"
2020-02-04,2020020401016330,HDL,43,37,100,"1,215.00","121,500.00"
2020-02-04,2020020401016430,HGI,17,6,20,427.00,"8,540.00"
2020-02-04,2020020401016429,HGI,48,6,50,427.00,"21,350.00"
2020-02-04,2020020401016428,HGI,32,6,33,427.00,"14,091.00"
2020-02-04,2020020401016413,HGI,32,29,50,427.00,"21,350.00"
2020-02-04,2020020401016280,HGI,32,52,200,427.00,"85,400.00"
2020-02-04,2020020401016279,HGI,44,52,300,428.00,"128,400.00"
2020-02-04,2020020401016515,HIDCL,45,19,200,139.00,"27,800.00"
2020-02-04,2020020401016231,HIDCL,45,56,11,139.00,"1,529.00"
2020-02-04,2020020401016381,HURJA,36,52,20,107.00,"2,140.00"
2020-02-04,2020020401016525,IGI,17,11,990,446.00,"441,540.00"
2020-02-04,2020020401016492,JBBL,14,14,77,198.00,"15,246.00"
2020-02-04,2020020401016208,JBBL,45,46,400,197.00,"78,800.00"
2020-02-04,2020020401016193,JBBL,58,46,100,197.00,"19,700.00"
2020-02-04,2020020401016385,KBL,33,45,"3,800",198.00,"752,400.00"
2020-02-04,2020020401016384,KBL,34,45,500,198.00,"99,000.00"
2020-02-04,2020020401016383,KBL,34,45,"2,000",198.00,"396,000.00"
2020-02-04,2020020401016382,KBL,40,45,700,198.00,"138,600.00"
2020-02-04,2020020401016178,KBL,6,34,200,199.00,"39,800.00"
2020-02-04,2020020401016191,KSBBL,33,59,"1,304",161.00,"209,944.00"
2020-02-04,2020020401016088,KSBBL,48,59,100,161.00,"16,100.00"
2020-02-04,2020020401016520,LBL,33,37,177,227.00,"40,179.00"
2020-02-04,2020020401016226,MBL,34,38,446,237.00,"105,702.00"
2020-02-04,2020020401016422,MERO,41,26,35,664.00,"23,240.00"
2020-02-04,2020020401016399,MERO,16,22,150,665.00,"99,750.00"
2020-02-04,2020020401016157,MERO,7,10,18,665.00,"11,970.00"
2020-02-04,2020020401016340,MERO,16,10,50,665.00,"33,250.00"
2020-02-04,2020020401016313,MERO,41,26,42,664.00,"27,888.00"
2020-02-04,2020020401016308,MERO,41,34,23,664.00,"15,272.00"
2020-02-04,2020020401016158,MERO,46,10,50,665.00,"33,250.00"
2020-02-04,2020020401016331,MHNL,49,52,800,92.00,"73,600.00"
2020-02-04,2020020401016119,MHNL,49,14,20,92.00,"1,840.00"
2020-02-04,2020020401016118,MHNL,1,14,20,93.00,"1,860.00"
2020-02-04,2020020401016425,MLBBL,14,40,82,816.00,"66,912.00"
2020-02-04,2020020401016424,MLBBL,35,40,50,816.00,"40,800.00"
2020-02-04,2020020401016168,MLBBL,41,17,100,815.00,"81,500.00"
2020-02-04,2020020401016167,MLBBL,50,17,100,816.00,"81,600.00"
2020-02-04,2020020401016140,MLBBL,50,17,150,816.00,"122,400.00"
2020-02-04,2020020401016139,MLBBL,37,17,50,817.00,"40,850.00"
2020-02-04,2020020401016138,MLBBL,19,17,100,817.00,"81,700.00"
2020-02-04,2020020401016420,MLBL,4,44,"1,000",213.00,"213,000.00"
2020-02-04,2020020401016419,MLBL,14,44,500,213.00,"106,500.00"
2020-02-04,2020020401016418,MLBL,1,44,200,213.00,"42,600.00"
2020-02-04,2020020401016148,MLBL,1,49,200,213.00,"42,600.00"
2020-02-04,2020020401016484,MNBBL,48,49,23,323.00,"7,429.00"
2020-02-04,2020020401016483,MNBBL,58,49,477,323.00,"154,071.00"
2020-02-04,2020020401016209,MNBBL,32,45,60,324.00,"19,440.00"
2020-02-04,2020020401016298,MPFL,18,34,50,138.00,"6,900.00"
2020-02-04,2020020401016142,MSMBS,19,37,200,758.00,"151,600.00"
2020-02-04,2020020401016267,NABIL,25,4,163,732.00,"119,316.00"
2020-02-04,2020020401016266,NABIL,22,4,37,733.00,"27,121.00"
2020-02-04,2020020401016205,NABIL,22,4,263,733.00,"192,779.00"
2020-02-04,2020020401016204,NABIL,14,4,37,733.00,"27,121.00"
2020-02-04,2020020401016338,NADEP,57,26,46,705.00,"32,430.00"
2020-02-04,2020020401016230,NADEP,57,17,156,705.00,"109,980.00"
2020-02-04,2020020401016229,NADEP,58,17,100,706.00,"70,600.00"
2020-02-04,2020020401016228,NADEP,45,17,266,706.00,"187,796.00"
2020-02-04,2020020401016227,NADEP,20,17,25,707.00,"17,675.00"
2020-02-04,2020020401016312,NBB,58,26,"1,000",209.00,"209,000.00"
2020-02-04,2020020401016551,NBL,40,56,950,270.00,"256,500.00"
2020-02-04,2020020401016550,NBL,43,56,50,270.00,"13,500.00"
2020-02-04,2020020401016232,NBL,19,44,"1,500",271.00,"406,500.00"
2020-02-04,2020020401016105,NBL,29,44,20,271.00,"5,420.00"
2020-02-04,2020020401016104,NBL,6,44,50,271.00,"13,550.00"
2020-02-04,2020020401016103,NBL,26,44,"1,000",271.00,"271,000.00"
2020-02-04,2020020401016090,NBL,19,44,"2,000",272.00,"544,000.00"
2020-02-04,2020020401016096,NBL,16,44,"1,000",271.00,"271,000.00"
2020-02-04,2020020401016095,NBL,7,44,"2,000",271.00,"542,000.00"
2020-02-04,2020020401016094,NBL,53,44,200,271.00,"54,200.00"
2020-02-04,2020020401016093,NBL,36,44,500,271.00,"135,500.00"
2020-02-04,2020020401016092,NBL,7,44,200,271.00,"54,200.00"
2020-02-04,2020020401016091,NBL,8,44,665,271.00,"180,215.00"
2020-02-04,2020020401016102,NBL,51,44,115,271.00,"31,165.00"
2020-02-04,2020020401016101,NBL,29,44,100,271.00,"27,100.00"
2020-02-04,2020020401016100,NBL,13,44,500,271.00,"135,500.00"
2020-02-04,2020020401016099,NBL,42,44,100,271.00,"27,100.00"
2020-02-04,2020020401016098,NBL,56,44,"1,000",271.00,"271,000.00"
2020-02-04,2020020401016097,NBL,22,44,300,271.00,"81,300.00"
2020-02-04,2020020401016495,NEF,29,37,"1,063",8.30,"8,822.90"
2020-02-04,2020020401016355,NEF,29,34,"3,937",8.30,"32,677.10"
2020-02-04,2020020401016317,NEF,47,34,"10,000",8.35,"83,500.00"
2020-02-04,2020020401016316,NEF,29,34,"15,000",8.36,"125,400.00"
2020-02-04,2020020401016315,NEF,26,34,"3,000",8.36,"25,080.00"
2020-02-04,2020020401016314,NEF,5,34,439,8.37,"3,674.43"
2020-02-04,2020020401016339,NGPL,45,33,200,117.00,"23,400.00"
2020-02-04,2020020401016502,NHPC,58,47,90,63.00,"5,670.00"
2020-02-04,2020020401016455,NHPC,36,47,50,63.00,"3,150.00"
2020-02-04,2020020401016362,NHPC,36,47,10,63.00,630.00
2020-02-04,2020020401016284,NHPC,32,47,"1,000",63.00,"63,000.00"
2020-02-04,2020020401016283,NHPC,45,47,250,63.00,"15,750.00"
2020-02-04,2020020401016282,NHPC,45,47,200,63.00,"12,600.00"
2020-02-04,2020020401016281,NHPC,36,47,400,63.00,"25,200.00"
2020-02-04,2020020401016246,NHPC,36,55,"1,600",63.00,"100,800.00"
2020-02-04,2020020401016245,NHPC,58,55,400,63.00,"25,200.00"
2020-02-04,2020020401016067,NHPC,7,35,"2,000",64.00,"128,000.00"
2020-02-04,2020020401016547,NIBPO,13,4,70,355.00,"24,850.00"
2020-02-04,2020020401016373,NIBPO,1,4,500,355.00,"177,500.00"
2020-02-04,2020020401016372,NIBPO,45,4,200,355.00,"71,000.00"
2020-02-04,2020020401016371,NIBPO,6,4,100,355.00,"35,500.00"
2020-02-04,2020020401016370,NIBPO,6,4,100,355.00,"35,500.00"
2020-02-04,2020020401016369,NIBPO,4,4,50,355.00,"17,750.00"
2020-02-04,2020020401016368,NIBPO,54,4,100,355.00,"35,500.00"
2020-02-04,2020020401016367,NIBPO,26,4,100,355.00,"35,500.00"
2020-02-04,2020020401016366,NIBPO,11,4,280,356.00,"99,680.00"
2020-02-04,2020020401016460,NICA,49,56,100,483.00,"48,300.00"
2020-02-04,2020020401016311,NICA,43,44,50,484.00,"24,200.00"
2020-02-04,2020020401016247,NICA,49,44,100,484.00,"48,400.00"
2020-02-04,2020020401016161,NICA,49,44,49,483.00,"23,667.00"
2020-02-04,2020020401016528,NICL,26,45,173,443.00,"76,639.00"
2020-02-04,2020020401016527,NICL,41,45,27,443.00,"11,961.00"
2020-02-04,2020020401016526,NICL,35,45,100,444.00,"44,400.00"
2020-02-04,2020020401016504,NICL,5,26,300,445.00,"133,500.00"
2020-02-04,2020020401016503,NICL,5,50,200,445.00,"89,000.00"
2020-02-04,2020020401016487,NICL,41,45,473,443.00,"209,539.00"
2020-02-04,2020020401016116,NICL,5,57,123,442.00,"54,366.00"
2020-02-04,2020020401016207,NICL,33,35,100,443.00,"44,300.00"
2020-02-04,2020020401016141,NICL,33,4,23,443.00,"10,189.00"
2020-02-04,2020020401016137,NICL,33,50,190,443.00,"84,170.00"
2020-02-04,2020020401016136,NICL,33,57,77,442.00,"34,034.00"
2020-02-04,2020020401016117,NICL,22,57,100,442.00,"44,200.00"
2020-02-04,2020020401016440,NICL,5,45,500,444.00,"222,000.00"
2020-02-04,2020020401016379,NICL,50,45,500,444.00,"222,000.00"
2020-02-04,2020020401016486,NICL,33,45,27,443.00,"11,961.00"
2020-02-04,2020020401016482,NICL,21,50,200,445.00,"89,000.00"
2020-02-04,2020020401016480,NICL,33,21,450,443.00,"199,350.00"
2020-02-04,2020020401016478,NICL,4,50,500,445.00,"222,500.00"
2020-02-04,2020020401016537,NIL,53,34,266,569.00,"151,354.00"
2020-02-04,2020020401016536,NIL,53,50,34,569.00,"19,346.00"
2020-02-04,2020020401016437,NIL,40,40,200,568.00,"113,600.00"
2020-02-04,2020020401016394,NIL,59,3,232,567.00,"131,544.00"
2020-02-04,2020020401016321,NIL,59,36,300,567.00,"170,100.00"
2020-02-04,2020020401016179,NIL,14,50,16,569.00,"9,104.00"
2020-02-04,2020020401016151,NIL,42,57,462,565.00,"261,030.00"
2020-02-04,2020020401016150,NIL,38,57,100,566.00,"56,600.00"
2020-02-04,2020020401016149,NIL,59,57,468,568.00,"265,824.00"
2020-02-04,2020020401016121,NIL,59,50,950,569.00,"540,550.00"
2020-02-04,2020020401016120,NIL,59,14,50,569.00,"28,450.00"
2020-02-04,2020020401016177,NLBBL,49,17,511,750.00,"383,250.00"
2020-02-04,2020020401016532,NLG,34,25,100,873.00,"87,300.00"
2020-02-04,2020020401016531,NLG,57,25,100,874.00,"87,400.00"
2020-02-04,2020020401016435,NLG,38,32,300,874.00,"262,200.00"
2020-02-04,2020020401016426,NLG,11,26,33,875.00,"28,875.00"
2020-02-04,2020020401016494,NLIC,35,57,24,"1,112.00","26,688.00"
2020-02-04,2020020401016391,NLIC,35,58,386,"1,112.00","429,232.00"
2020-02-04,2020020401016352,NLIC,11,58,60,"1,112.00","66,720.00"
2020-02-04,2020020401016351,NLIC,40,58,300,"1,112.00","333,600.00"
2020-02-04,2020020401016350,NLIC,57,58,20,"1,112.00","22,240.00"
2020-02-04,2020020401016349,NLIC,50,58,21,"1,112.00","23,352.00"
2020-02-04,2020020401016348,NLIC,37,58,213,"1,113.00","237,069.00"
2020-02-04,2020020401016336,NLIC,57,26,100,"1,115.00","111,500.00"
2020-02-04,2020020401016301,NLIC,57,26,20,"1,115.00","22,300.00"
2020-02-04,2020020401016464,NLICL,22,44,300,644.00,"193,200.00"
2020-02-04,2020020401016347,NLICL,22,34,200,644.00,"128,800.00"
2020-02-04,2020020401016346,NLICL,52,34,100,644.00,"64,400.00"
2020-02-04,2020020401016345,NLICL,14,34,200,645.00,"129,000.00"
2020-02-04,2020020401016344,NLICL,28,34,100,645.00,"64,500.00"
2020-02-04,2020020401016466,NMB,58,35,400,367.00,"146,800.00"
2020-02-04,2020020401016465,NMB,34,35,100,367.00,"36,700.00"
2020-02-04,2020020401016390,NMB,57,1,200,367.00,"73,400.00"
2020-02-04,2020020401016343,NMB,57,56,110,367.00,"40,370.00"
2020-02-04,2020020401016214,NMB,57,41,685,367.00,"251,395.00"
2020-02-04,2020020401016213,NMB,58,41,85,367.00,"31,195.00"
2020-02-04,2020020401016212,NMB,47,41,30,367.00,"11,010.00"
2020-02-04,2020020401016467,NMBMF,38,28,89,885.00,"78,765.00"
2020-02-04,2020020401016411,NSEWA,17,42,100,686.00,"68,600.00"
2020-02-04,2020020401016306,NTC,16,45,30,624.00,"18,720.00"
2020-02-04,2020020401016062,NTC,16,45,30,624.00,"18,720.00"
2020-02-04,2020020401016061,NTC,16,26,170,624.00,"106,080.00"
2020-02-04,2020020401016508,NUBL,19,39,100,980.00,"98,000.00"
2020-02-04,2020020401016328,NUBL,16,39,55,981.00,"53,955.00"
2020-02-04,2020020401016299,NUBL,40,39,45,985.00,"44,325.00"
2020-02-04,2020020401016307,PCBL,46,22,200,280.00,"56,000.00"
2020-02-04,2020020401016086,PCBL,45,28,100,280.00,"28,000.00"
2020-02-04,2020020401016085,PCBL,20,28,"1,000",280.00,"280,000.00"
2020-02-04,2020020401016084,PCBL,42,28,"2,000",280.00,"560,000.00"
2020-02-04,2020020401016083,PCBL,22,28,400,280.00,"112,000.00"
2020-02-04,2020020401016082,PCBL,22,28,100,280.00,"28,000.00"
2020-02-04,2020020401016075,PCBL,48,28,20,280.00,"5,600.00"
2020-02-04,2020020401016074,PCBL,34,28,50,281.00,"14,050.00"
2020-02-04,2020020401016073,PCBL,49,28,428,281.00,"120,268.00"
2020-02-04,2020020401016072,PCBL,55,28,300,282.00,"84,600.00"
2020-02-04,2020020401016071,PCBL,45,28,54,282.00,"15,228.00"
2020-02-04,2020020401016081,PCBL,4,28,"1,000",280.00,"280,000.00"
2020-02-04,2020020401016080,PCBL,51,28,200,280.00,"56,000.00"
2020-02-04,2020020401016079,PCBL,1,28,100,280.00,"28,000.00"
2020-02-04,2020020401016078,PCBL,11,28,500,280.00,"140,000.00"
2020-02-04,2020020401016077,PCBL,39,28,100,280.00,"28,000.00"
2020-02-04,2020020401016076,PCBL,4,28,200,280.00,"56,000.00"
2020-02-04,2020020401016365,PFL,1,21,146,157.00,"22,922.00"
2020-02-04,2020020401016364,PFL,51,21,178,158.00,"28,124.00"
2020-02-04,2020020401016363,PFL,7,21,26,159.00,"4,134.00"
2020-02-04,2020020401016270,PIC,8,6,100,571.00,"57,100.00"
2020-02-04,2020020401016476,PICL,59,16,400,747.00,"298,800.00"
2020-02-04,2020020401016475,PICL,59,44,100,745.00,"74,500.00"
2020-02-04,2020020401016412,PICL,49,16,100,742.00,"74,200.00"
2020-02-04,2020020401016225,PICL,10,38,30,745.00,"22,350.00"
2020-02-04,2020020401016185,PLIC,22,11,200,560.00,"112,000.00"
2020-02-04,2020020401016184,PLIC,56,11,10,560.00,"5,600.00"
2020-02-04,2020020401016183,PLIC,34,11,50,560.00,"28,000.00"
2020-02-04,2020020401016182,PLIC,32,11,100,560.00,"56,000.00"
2020-02-04,2020020401016181,PLIC,46,11,100,560.00,"56,000.00"
2020-02-04,2020020401016180,PLIC,35,11,38,561.00,"21,318.00"
2020-02-04,2020020401016114,PLIC,35,26,62,561.00,"34,782.00"
2020-02-04,2020020401016113,PLIC,59,26,85,561.00,"47,685.00"
2020-02-04,2020020401016112,PLIC,14,26,500,562.00,"281,000.00"
2020-02-04,2020020401016111,PLIC,22,26,500,562.00,"281,000.00"
2020-02-04,2020020401016110,PLIC,52,26,100,562.00,"56,200.00"
2020-02-04,2020020401016109,PLIC,45,26,154,563.00,"86,702.00"
2020-02-04,2020020401016521,PMHPL,33,38,10,89.00,890.00
2020-02-04,2020020401016493,PMHPL,33,38,10,89.00,890.00
2020-02-04,2020020401016470,PMHPL,33,38,10,89.00,890.00
2020-02-04,2020020401016421,PMHPL,33,38,10,89.00,890.00
2020-02-04,2020020401016342,PMHPL,33,38,10,89.00,890.00
2020-02-04,2020020401016310,PMHPL,33,38,10,89.00,890.00
2020-02-04,2020020401016417,PRIN,53,10,182,446.00,"81,172.00"
2020-02-04,2020020401016129,PRIN,48,48,500,446.00,"223,000.00"
2020-02-04,2020020401016128,PRIN,58,48,400,446.00,"178,400.00"
2020-02-04,2020020401016127,PRIN,50,48,200,446.00,"89,200.00"
2020-02-04,2020020401016126,PRIN,17,48,500,447.00,"223,500.00"
2020-02-04,2020020401016070,PRIN,17,48,500,447.00,"223,500.00"
2020-02-04,2020020401016433,PROFL,38,49,281,109.00,"30,629.00"
2020-02-04,2020020401016498,PRVU,50,25,879,251.00,"220,629.00"
2020-02-04,2020020401016497,PRVU,50,46,121,251.00,"30,371.00"
2020-02-04,2020020401016473,PRVU,38,46,200,251.00,"50,200.00"
2020-02-04,2020020401016436,PRVU,46,38,220,250.00,"55,000.00"
2020-02-04,2020020401016300,PRVU,46,44,200,250.00,"50,000.00"
2020-02-04,2020020401016289,PRVU,46,50,160,250.00,"40,000.00"
2020-02-04,2020020401016288,PRVU,57,50,200,250.00,"50,000.00"
2020-02-04,2020020401016287,PRVU,44,50,140,250.00,"35,000.00"
2020-02-04,2020020401016195,PRVU,14,46,"1,000",251.00,"251,000.00"
2020-02-04,2020020401016187,PRVU,44,49,10,250.00,"2,500.00"
2020-02-04,2020020401016186,PRVU,49,49,190,250.00,"47,500.00"
2020-02-04,2020020401016533,RADHI,53,47,11,150.00,"1,650.00"
2020-02-04,2020020401016560,RBCLPO,6,8,40,"8,250.00","330,000.00"
2020-02-04,2020020401016559,RBCLPO,28,8,10,"8,251.00","82,510.00"
2020-02-04,2020020401016558,RBCLPO,55,8,10,"8,252.00","82,520.00"
2020-02-04,2020020401016557,RBCLPO,28,8,20,"8,253.00","165,060.00"
2020-02-04,2020020401016556,RBCLPO,7,8,10,"8,253.00","82,530.00"
2020-02-04,2020020401016555,RBCLPO,3,8,10,"8,254.00","82,540.00"
2020-02-04,2020020401016506,RHPC,14,45,200,78.00,"15,600.00"
2020-02-04,2020020401016442,RHPC,14,51,78,78.00,"6,084.00"
2020-02-04,2020020401016441,RHPC,49,51,172,78.00,"13,416.00"
2020-02-04,2020020401016438,RHPL,14,47,10,172.00,"1,720.00"
2020-02-04,2020020401016189,RHPL,14,58,190,172.00,"32,680.00"
2020-02-04,2020020401016188,RHPL,25,58,60,172.00,"10,320.00"
2020-02-04,2020020401016341,RSDC,57,28,500,480.00,"240,000.00"
2020-02-04,2020020401016236,RSDC,52,26,2,480.00,960.00
2020-02-04,2020020401016235,RSDC,45,26,10,480.00,"4,800.00"
2020-02-04,2020020401016066,RSDC,45,21,87,484.00,"42,108.00"
2020-02-04,2020020401016353,SANIMA,4,17,50,349.00,"17,450.00"
2020-02-04,2020020401016507,SBI,33,57,65,416.00,"27,040.00"
2020-02-04,2020020401016337,SBL,58,42,300,316.00,"94,800.00"
2020-02-04,2020020401016265,SBL,26,28,389,315.00,"122,535.00"
2020-02-04,2020020401016264,SBL,58,28,170,315.00,"53,550.00"
2020-02-04,2020020401016263,SBL,42,28,20,315.00,"6,300.00"
2020-02-04,2020020401016262,SBL,1,28,400,315.00,"126,000.00"
2020-02-04,2020020401016261,SBL,6,28,50,315.00,"15,750.00"
2020-02-04,2020020401016260,SBL,44,28,400,315.00,"126,000.00"
2020-02-04,2020020401016259,SBL,43,28,905,315.00,"285,075.00"
2020-02-04,2020020401016402,SCB,41,57,26,611.00,"15,886.00"
2020-02-04,2020020401016271,SCB,41,26,70,610.00,"42,700.00"
2020-02-04,2020020401016154,SCB,41,26,100,610.00,"61,000.00"
2020-02-04,2020020401016153,SCB,19,26,50,610.00,"30,500.00"
2020-02-04,2020020401016152,SCB,53,26,80,611.00,"48,880.00"
2020-02-04,2020020401016514,SDESI,7,37,187,852.00,"159,324.00"
2020-02-04,2020020401016468,SDESI,7,44,13,852.00,"11,076.00"
2020-02-04,2020020401016087,SDESI,49,49,520,846.00,"439,920.00"
2020-02-04,2020020401016432,SHINE,48,45,300,281.00,"84,300.00"
2020-02-04,2020020401016223,SHINE,28,50,894,280.00,"250,320.00"
2020-02-04,2020020401016548,SHIVM,54,38,20,521.00,"10,420.00"
2020-02-04,2020020401016431,SHIVM,53,3,100,518.00,"51,800.00"
2020-02-04,2020020401016461,SHL,18,33,108,204.00,"22,032.00"
2020-02-04,2020020401016423,SHPC,17,45,700,225.00,"157,500.00"
2020-02-04,2020020401016278,SHPC,17,7,100,225.00,"22,500.00"
2020-02-04,2020020401016277,SHPC,17,16,200,225.00,"45,000.00"
2020-02-04,2020020401016258,SHPC,26,16,300,225.00,"67,500.00"
2020-02-04,2020020401016224,SHPC,26,7,500,225.00,"112,500.00"
2020-02-04,2020020401016211,SHPC,26,19,200,225.00,"45,000.00"
2020-02-04,2020020401016513,SHPC,25,6,150,225.00,"33,750.00"
2020-02-04,2020020401016499,SHPC,29,47,980,224.00,"219,520.00"
2020-02-04,2020020401016490,SHPC,58,48,10,227.00,"2,270.00"
2020-02-04,2020020401016489,SHPC,58,3,100,226.00,"22,600.00"
2020-02-04,2020020401016488,SHPC,58,28,460,226.00,"103,960.00"
2020-02-04,2020020401016471,SHPC,29,7,618,224.00,"138,432.00"
2020-02-04,2020020401016233,SIC,45,49,24,757.00,"18,168.00"
2020-02-04,2020020401016389,SICL,16,28,77,"1,149.00","88,473.00"
2020-02-04,2020020401016388,SICL,16,39,23,"1,149.00","26,427.00"
2020-02-04,2020020401016251,SICL,50,26,12,"1,142.00","13,704.00"
2020-02-04,2020020401016512,SIL,25,59,30,600.00,"18,000.00"
2020-02-04,2020020401016459,SIL,44,58,81,596.00,"48,276.00"
2020-02-04,2020020401016458,SIL,53,58,37,597.00,"22,089.00"
2020-02-04,2020020401016457,SIL,44,58,132,597.00,"78,804.00"
2020-02-04,2020020401016274,SIL,44,26,37,597.00,"22,089.00"
2020-02-04,2020020401016222,SIL,25,59,20,600.00,"12,000.00"
2020-02-04,2020020401016089,SIL,44,26,31,597.00,"18,507.00"
2020-02-04,2020020401016477,SJCL,28,47,10,160.00,"1,600.00"
2020-02-04,2020020401016250,SKBBL,16,33,200,975.00,"195,000.00"
2020-02-04,2020020401016249,SKBBL,57,33,100,975.00,"97,500.00"
2020-02-04,2020020401016248,SKBBL,36,33,200,976.00,"195,200.00"
2020-02-04,2020020401016196,SKBBL,35,4,50,979.00,"48,950.00"
2020-02-04,2020020401016169,SLBBL,39,37,45,853.00,"38,385.00"
2020-02-04,2020020401016290,SLICL,55,19,"1,000",463.00,"463,000.00"
2020-02-04,2020020401016242,SLICL,50,48,100,461.00,"46,100.00"
2020-02-04,2020020401016463,SMATA,19,10,22,769.00,"16,918.00"
2020-02-04,2020020401016462,SMATA,45,10,42,770.00,"32,340.00"
2020-02-04,2020020401016356,SMATA,59,42,42,771.00,"32,382.00"
2020-02-04,2020020401016302,SMATA,45,48,58,770.00,"44,660.00"
2020-02-04,2020020401016481,SMB,28,7,50,903.00,"45,150.00"
2020-02-04,2020020401016479,SMB,28,34,110,903.00,"99,330.00"
2020-02-04,2020020401016398,SMB,28,45,100,903.00,"90,300.00"
2020-02-04,2020020401016397,SMB,28,45,40,903.00,"36,120.00"
2020-02-04,2020020401016237,SMB,28,48,60,888.00,"53,280.00"
2020-02-04,2020020401016201,SMB,28,50,10,884.00,"8,840.00"
2020-02-04,2020020401016200,SMB,28,21,20,879.00,"17,580.00"
2020-02-04,2020020401016166,SMB,28,1,15,868.00,"13,020.00"
2020-02-04,2020020401016292,SMB,28,43,50,902.00,"45,100.00"
2020-02-04,2020020401016291,SMB,28,40,10,902.00,"9,020.00"
2020-02-04,2020020401016241,SMB,28,19,30,900.00,"27,000.00"
2020-02-04,2020020401016240,SMB,28,49,10,900.00,"9,000.00"
2020-02-04,2020020401016239,SMB,28,40,50,900.00,"45,000.00"
2020-02-04,2020020401016238,SMB,28,17,20,889.00,"17,780.00"
2020-02-04,2020020401016297,SMB,28,11,30,903.00,"27,090.00"
2020-02-04,2020020401016296,SMB,28,19,10,903.00,"9,030.00"
2020-02-04,2020020401016295,SMB,28,1,60,903.00,"54,180.00"
2020-02-04,2020020401016294,SMB,28,39,10,903.00,"9,030.00"
2020-02-04,2020020401016293,SMB,28,4,40,902.00,"36,080.00"
2020-02-04,2020020401016286,SMFBS,19,28,20,"1,006.00","20,120.00"
2020-02-04,2020020401016319,SMFDB,6,39,56,764.00,"42,784.00"
2020-02-04,2020020401016318,SMFDB,43,39,144,764.00,"110,016.00"
2020-02-04,2020020401016255,SMFDB,43,57,56,764.00,"42,784.00"
2020-02-04,2020020401016254,SMFDB,57,57,169,764.00,"129,116.00"
2020-02-04,2020020401016253,SMFDB,50,57,25,764.00,"19,100.00"
2020-02-04,2020020401016257,SPARS,22,21,20,817.00,"16,340.00"
2020-02-04,2020020401016192,SPARS,20,47,10,820.00,"8,200.00"
2020-02-04,2020020401016147,SRBL,11,34,50,249.00,"12,450.00"
2020-02-04,2020020401016146,SRBL,21,34,200,249.00,"49,800.00"
2020-02-04,2020020401016145,SRBL,6,34,50,249.00,"12,450.00"
2020-02-04,2020020401016144,SRBL,33,34,174,249.00,"43,326.00"
2020-02-04,2020020401016505,STC,32,32,50,"2,364.00","118,200.00"
2020-02-04,2020020401016327,SWBBL,41,17,100,"1,107.00","110,700.00"
2020-02-04,2020020401016326,SWBBL,26,17,50,"1,108.00","55,400.00"
2020-02-04,2020020401016325,SWBBL,22,17,100,"1,109.00","110,900.00"
2020-02-04,2020020401016324,SWBBL,22,17,100,"1,110.00","111,000.00"
2020-02-04,2020020401016323,SWBBL,7,17,50,"1,111.00","55,550.00"
2020-02-04,2020020401016322,SWBBL,14,17,96,"1,111.00","106,656.00"
2020-02-04,2020020401016534,TMDBL,55,6,195,190.00,"37,050.00"
2020-02-04,2020020401016415,TMDBL,55,47,100,190.00,"19,000.00"
2020-02-04,2020020401016414,TMDBL,55,5,205,190.00,"38,950.00"
2020-02-04,2020020401016377,TMDBL,44,38,200,189.00,"37,800.00"
2020-02-04,2020020401016376,TMDBL,44,38,500,189.00,"94,500.00"
2020-02-04,2020020401016375,TMDBL,44,38,"1,000",189.00,"189,000.00"
2020-02-04,2020020401016164,TMDBL,43,5,500,190.00,"95,000.00"
2020-02-04,2020020401016163,TMDBL,44,5,500,190.00,"95,000.00"
2020-02-04,2020020401016162,TMDBL,55,5,895,190.00,"170,050.00"
2020-02-04,2020020401016108,TMDBL,55,42,105,190.00,"19,950.00"
2020-02-04,2020020401016107,TMDBL,44,42,60,190.00,"11,400.00"
2020-02-04,2020020401016106,TMDBL,44,42,395,190.00,"75,050.00"
2020-02-04,2020020401016469,UIC,56,38,30,434.00,"13,020.00"
2020-02-04,2020020401016122,UIC,13,26,50,430.00,"21,500.00"
2020-02-04,2020020401016496,UPCL,37,47,50,77.00,"3,850.00"
2020-02-04,2020020401016410,UPCL,37,25,300,77.00,"23,100.00"
2020-02-04,2020020401016529,WOMI,34,45,10,999.00,"9,990.00"
2020-02-04,2020020401016275,WOMI,45,14,190,991.00,"188,290.00"
2020-02-04,2020020401015999,AKPL,48,58,100,126.00,"12,600.00"
2020-02-04,2020020401015998,AKPL,48,51,"1,000",126.00,"126,000.00"
2020-02-04,2020020401015751,ALBSL,4,7,90,716.00,"64,440.00"
2020-02-04,2020020401015750,ALBSL,7,7,110,717.00,"78,870.00"
2020-02-04,2020020401015586,ALBSL,7,58,90,717.00,"64,530.00"
2020-02-04,2020020401015585,ALBSL,38,58,10,717.00,"7,170.00"
2020-02-04,2020020401015884,ALICL,59,37,100,559.00,"55,900.00"
2020-02-04,2020020401015883,ALICL,57,37,200,560.00,"112,000.00"
2020-02-04,2020020401015765,ALICL,5,44,300,563.00,"168,900.00"
2020-02-04,2020020401015951,API,25,58,60,125.00,"7,500.00"
2020-02-04,2020020401015943,API,25,35,530,124.00,"65,720.00"
2020-02-04,2020020401015942,API,25,52,"1,000",124.00,"124,000.00"
2020-02-04,2020020401015759,API,1,51,100,124.00,"12,400.00"
2020-02-04,2020020401016039,BFC,13,40,880,100.00,"88,000.00"
2020-02-04,2020020401015748,BOKL,33,7,55,237.00,"13,035.00"
2020-02-04,2020020401015595,BOKL,33,44,120,237.00,"28,440.00"
2020-02-04,2020020401015575,BOKL,26,34,150,238.00,"35,700.00"
2020-02-04,2020020401016038,BPCL,6,58,192,334.00,"64,128.00"
2020-02-04,2020020401015961,BPCL,45,58,100,334.00,"33,400.00"
2020-02-04,2020020401015960,BPCL,41,58,100,334.00,"33,400.00"
2020-02-04,2020020401015959,BPCL,33,58,234,334.00,"78,156.00"
2020-02-04,2020020401015934,BPCL,52,58,200,335.00,"67,000.00"
2020-02-04,2020020401015933,BPCL,52,58,100,336.00,"33,600.00"
2020-02-04,2020020401016017,CBBL,58,34,161,992.00,"159,712.00"
2020-02-04,2020020401016009,CBBL,42,32,200,995.00,"199,000.00"
2020-02-04,2020020401015583,CBBL,42,58,500,993.00,"496,500.00"
2020-02-04,2020020401015582,CBBL,39,58,338,993.00,"335,634.00"
2020-02-04,2020020401015581,CBBL,45,58,60,994.00,"59,640.00"
2020-02-04,2020020401015584,CBBL,35,58,100,993.00,"99,300.00"
2020-02-04,2020020401015870,CCBL,7,56,314,186.00,"58,404.00"
2020-02-04,2020020401015863,CCBL,7,45,86,186.00,"15,996.00"
2020-02-04,2020020401015796,CFCL,45,52,49,148.00,"7,252.00"
2020-02-04,2020020401015592,CHCL,56,55,326,441.00,"143,766.00"
2020-02-04,2020020401015591,CHCL,38,55,174,443.00,"77,082.00"
2020-02-04,2020020401015985,CIT,57,4,150,"2,329.00","349,350.00"
2020-02-04,2020020401015984,CIT,57,33,150,"2,328.00","349,200.00"
2020-02-04,2020020401015725,CIT,58,59,83,"2,318.00","192,394.00"
2020-02-04,2020020401015724,CIT,26,59,50,"2,318.00","115,900.00"
2020-02-04,2020020401015723,CIT,7,59,50,"2,319.00","115,950.00"
2020-02-04,2020020401015722,CIT,49,59,100,"2,320.00","232,000.00"
2020-02-04,2020020401015721,CIT,57,59,217,"2,321.00","503,657.00"
2020-02-04,2020020401015697,CIT,57,32,83,"2,321.00","192,643.00"
2020-02-04,2020020401015696,CIT,16,32,17,"2,321.00","39,457.00"
2020-02-04,2020020401015695,CIT,38,32,100,"2,322.00","232,200.00"
2020-02-04,2020020401015670,CIT,38,39,50,"2,330.00","116,500.00"
2020-02-04,2020020401015743,CZBIL,11,37,16,200.00,"3,200.00"
2020-02-04,2020020401015620,CZBIL,11,26,27,200.00,"5,400.00"
2020-02-04,2020020401015619,CZBIL,38,26,872,200.00,"174,400.00"
2020-02-04,2020020401015837,DDBL,39,10,50,831.00,"41,550.00"
2020-02-04,2020020401015836,DDBL,35,10,50,831.00,"41,550.00"
2020-02-04,2020020401015825,DDBL,10,7,150,835.00,"125,250.00"
2020-02-04,2020020401015757,DDBL,18,49,91,832.00,"75,712.00"
2020-02-04,2020020401015668,DDBL,35,41,50,831.00,"41,550.00"
2020-02-04,2020020401015667,DDBL,41,41,40,831.00,"33,240.00"
2020-02-04,2020020401015666,DDBL,22,41,50,831.00,"41,550.00"
2020-02-04,2020020401015957,DHPL,42,38,334,56.00,"18,704.00"
2020-02-04,2020020401015956,DHPL,55,38,666,56.00,"37,296.00"
2020-02-04,2020020401016051,EBL,42,56,100,641.00,"64,100.00"
2020-02-04,2020020401016050,EBL,21,56,20,642.00,"12,840.00"
2020-02-04,2020020401016060,EDBL,4,35,35,366.00,"12,810.00"
2020-02-04,2020020401015732,EDBL,4,44,50,366.00,"18,300.00"
2020-02-04,2020020401015731,EDBL,57,44,100,366.00,"36,600.00"
2020-02-04,2020020401016055,EIC,50,57,170,447.00,"75,990.00"
2020-02-04,2020020401016054,EIC,50,56,500,447.00,"223,500.00"
2020-02-04,2020020401016053,EIC,50,20,350,447.00,"156,450.00"
2020-02-04,2020020401015898,EIC,50,52,50,446.00,"22,300.00"
2020-02-04,2020020401016005,FMDBL,18,39,100,457.00,"45,700.00"
2020-02-04,2020020401015897,FMDBL,50,42,100,460.00,"46,000.00"
2020-02-04,2020020401015675,FMDBL,49,49,"1,000",457.00,"457,000.00"
2020-02-04,2020020401015661,FMDBL,18,46,385,457.00,"175,945.00"
2020-02-04,2020020401015660,FMDBL,32,46,175,457.00,"79,975.00"
2020-02-04,2020020401015877,FOWAD,45,53,150,"1,375.00","206,250.00"
2020-02-04,2020020401015811,FOWAD,45,48,13,"1,375.00","17,875.00"
2020-02-04,2020020401015853,GBIME,57,57,150,286.00,"42,900.00"
2020-02-04,2020020401015852,GBIME,57,57,50,286.00,"14,300.00"
2020-02-04,2020020401015840,GBIME,57,32,150,286.00,"42,900.00"
2020-02-04,2020020401015657,GBIME,11,33,40,287.00,"11,480.00"
2020-02-04,2020020401015958,GBLBS,45,7,500,480.00,"240,000.00"
2020-02-04,2020020401015851,GBLBS,38,17,176,479.00,"84,304.00"
2020-02-04,2020020401015850,GBLBS,55,17,200,479.00,"95,800.00"
2020-02-04,2020020401015849,GBLBS,42,17,15,479.00,"7,185.00"
2020-02-04,2020020401015848,GBLBS,51,17,200,480.00,"96,000.00"
2020-02-04,2020020401015847,GBLBS,43,17,109,480.00,"52,320.00"
2020-02-04,2020020401015626,GBLBS,26,51,100,480.00,"48,000.00"
2020-02-04,2020020401015625,GBLBS,38,51,310,481.00,"149,110.00"
2020-02-04,2020020401015755,GBLBS,1,50,136,483.00,"65,688.00"
2020-02-04,2020020401015631,GBLBS,43,51,191,480.00,"91,680.00"
2020-02-04,2020020401015630,GBLBS,52,51,10,480.00,"4,800.00"
2020-02-04,2020020401015629,GBLBS,43,51,500,480.00,"240,000.00"
2020-02-04,2020020401015628,GBLBS,42,51,100,480.00,"48,000.00"
2020-02-04,2020020401015627,GBLBS,5,51,"1,000",480.00,"480,000.00"
2020-02-04,2020020401015901,GFCL,11,25,53,148.00,"7,844.00"
2020-02-04,2020020401015900,GFCL,36,25,250,148.00,"37,000.00"
2020-02-04,2020020401015909,GGBSL,34,7,50,859.00,"42,950.00"
2020-02-04,2020020401015908,GGBSL,1,7,90,860.00,"77,400.00"
2020-02-04,2020020401015690,GILB,28,21,15,"1,323.00","19,845.00"
2020-02-04,2020020401015662,GILB,14,21,17,"1,324.00","22,508.00"
2020-02-04,2020020401015990,GLICL,46,44,19,726.00,"13,794.00"
2020-02-04,2020020401015737,GLICL,59,21,100,730.00,"73,000.00"
2020-02-04,2020020401015995,GMFBS,14,55,100,828.00,"82,800.00"
2020-02-04,2020020401015913,GRDBL,44,14,50,119.00,"5,950.00"
2020-02-04,2020020401015767,HDL,6,42,15,"1,212.00","18,180.00"
2020-02-04,2020020401015766,HDL,19,42,35,"1,212.00","42,420.00"
2020-02-04,2020020401015603,HGI,32,26,17,427.00,"7,259.00"
2020-02-04,2020020401015602,HGI,38,26,512,427.00,"218,624.00"
2020-02-04,2020020401015571,HGI,38,51,51,428.00,"21,828.00"
2020-02-04,2020020401015570,HGI,3,51,100,428.00,"42,800.00"
2020-02-04,2020020401015838,HIDCL,45,39,61,139.00,"8,479.00"
