Date,Transact. No.,Symbol,Buyer,Seller,Quantity,Rate,Amount
2021-03-23,2021032305013495,CGH,3,56,10,"1,719.00","17,190.00"
2021-03-23,2021032305013407,CGH,3,45,10,"1,719.00","17,190.00"
2021-03-23,2021032305013398,CGH,3,28,10,"1,719.00","17,190.00"
2021-03-23,2021032305013198,CGH,3,58,10,"1,719.00","17,190.00"
2021-03-23,2021032305013188,CGH,3,21,10,"1,719.00","17,190.00"
2021-03-23,2021032305013661,GLH,6,26,10,388.00,"3,880.00"
2021-03-23,2021032305013653,GLH,6,58,10,388.00,"3,880.00"
2021-03-23,2021032305013652,GLH,6,58,10,388.00,"3,880.00"
2021-03-23,2021032305013647,GLH,38,50,10,389.00,"3,890.00"
2021-03-23,2021032305013646,GLH,38,42,10,388.00,"3,880.00"
2021-03-23,2021032305013645,GLH,38,13,10,388.00,"3,880.00"
2021-03-23,2021032305013203,GLH,57,35,10,381.00,"3,810.00"
2021-03-23,2021032305013181,GLH,57,4,10,381.00,"3,810.00"
2021-03-23,2021032305013178,GLH,57,11,10,381.00,"3,810.00"
2021-03-23,2021032305013254,GLH,34,49,10,383.00,"3,830.00"
2021-03-23,2021032305013253,GLH,34,14,10,383.00,"3,830.00"
2021-03-23,2021032305013252,GLH,34,36,10,382.00,"3,820.00"
2021-03-23,2021032305013249,GLH,57,42,10,381.00,"3,810.00"
2021-03-23,2021032305013246,GLH,57,55,10,381.00,"3,810.00"
2021-03-23,2021032305013215,GLH,57,57,10,381.00,"3,810.00"
2021-03-23,2021032305013260,GLH,34,48,10,384.00,"3,840.00"
2021-03-23,2021032305013259,GLH,34,57,10,384.00,"3,840.00"
2021-03-23,2021032305013258,GLH,34,36,10,383.00,"3,830.00"
2021-03-23,2021032305013257,GLH,34,44,10,383.00,"3,830.00"
2021-03-23,2021032305013256,GLH,34,56,10,383.00,"3,830.00"
2021-03-23,2021032305013255,GLH,34,49,10,383.00,"3,830.00"
2021-03-23,2021032305013266,GLH,34,33,10,384.00,"3,840.00"
2021-03-23,2021032305013265,GLH,34,58,10,384.00,"3,840.00"
2021-03-23,2021032305013264,GLH,34,3,10,384.00,"3,840.00"
2021-03-23,2021032305013263,GLH,34,14,10,384.00,"3,840.00"
2021-03-23,2021032305013262,GLH,34,57,10,384.00,"3,840.00"
2021-03-23,2021032305013261,GLH,34,6,10,384.00,"3,840.00"
2021-03-23,2021032305013284,GLH,57,58,10,381.00,"3,810.00"
2021-03-23,2021032305013281,GLH,57,4,10,381.00,"3,810.00"
2021-03-23,2021032305013270,GLH,34,29,10,384.00,"3,840.00"
2021-03-23,2021032305013269,GLH,34,38,10,384.00,"3,840.00"
2021-03-23,2021032305013268,GLH,34,14,10,384.00,"3,840.00"
2021-03-23,2021032305013267,GLH,34,22,10,384.00,"3,840.00"
2021-03-23,2021032305013322,GLH,57,45,10,381.00,"3,810.00"
2021-03-23,2021032305013302,GLH,57,4,10,381.00,"3,810.00"
2021-03-23,2021032305013299,GLH,57,47,10,381.00,"3,810.00"
2021-03-23,2021032305013298,GLH,57,47,10,381.00,"3,810.00"
2021-03-23,2021032305013296,GLH,57,49,10,381.00,"3,810.00"
2021-03-23,2021032305013292,GLH,57,52,10,381.00,"3,810.00"
2021-03-23,2021032305013337,GLH,57,17,10,381.00,"3,810.00"
2021-03-23,2021032305013335,GLH,57,58,10,381.00,"3,810.00"
2021-03-23,2021032305013333,GLH,34,58,290,384.00,"111,360.00"
2021-03-23,2021032305013328,GLH,57,4,10,381.00,"3,810.00"
2021-03-23,2021032305013327,GLH,57,11,10,381.00,"3,810.00"
2021-03-23,2021032305013326,GLH,57,38,10,383.00,"3,830.00"
2021-03-23,2021032305013358,GLH,1,58,10,382.00,"3,820.00"
2021-03-23,2021032305013357,GLH,38,58,11,384.00,"4,224.00"
2021-03-23,2021032305013356,GLH,1,21,10,382.00,"3,820.00"
2021-03-23,2021032305013349,GLH,1,38,10,382.00,"3,820.00"
2021-03-23,2021032305013339,GLH,57,58,10,383.00,"3,830.00"
2021-03-23,2021032305013338,GLH,57,55,10,382.00,"3,820.00"
2021-03-23,2021032305013396,GLH,34,46,10,383.00,"3,830.00"
2021-03-23,2021032305013391,GLH,34,28,10,383.00,"3,830.00"
2021-03-23,2021032305013378,GLH,34,21,10,383.00,"3,830.00"
2021-03-23,2021032305013377,GLH,34,28,10,383.00,"3,830.00"
2021-03-23,2021032305013375,GLH,34,44,10,383.00,"3,830.00"
2021-03-23,2021032305013365,GLH,1,21,10,382.00,"3,820.00"
2021-03-23,2021032305013440,GLH,42,53,10,384.00,"3,840.00"
2021-03-23,2021032305013439,GLH,6,49,10,384.00,"3,840.00"
2021-03-23,2021032305013437,GLH,6,11,10,384.00,"3,840.00"
2021-03-23,2021032305013410,GLH,6,34,10,384.00,"3,840.00"
2021-03-23,2021032305013409,GLH,6,57,10,384.00,"3,840.00"
2021-03-23,2021032305013408,GLH,6,58,59,384.00,"22,656.00"
2021-03-23,2021032305013491,GLH,42,29,10,384.00,"3,840.00"
2021-03-23,2021032305013468,GLH,42,14,10,384.00,"3,840.00"
2021-03-23,2021032305013466,GLH,42,58,10,384.00,"3,840.00"
2021-03-23,2021032305013465,GLH,42,41,10,384.00,"3,840.00"
2021-03-23,2021032305013464,GLH,42,29,10,384.00,"3,840.00"
2021-03-23,2021032305013459,GLH,42,21,10,384.00,"3,840.00"
2021-03-23,2021032305013500,GLH,59,53,10,385.00,"3,850.00"
2021-03-23,2021032305013499,GLH,59,54,10,385.00,"3,850.00"
2021-03-23,2021032305013498,GLH,59,58,10,385.00,"3,850.00"
2021-03-23,2021032305013497,GLH,59,37,10,385.00,"3,850.00"
2021-03-23,2021032305013496,GLH,59,58,10,385.00,"3,850.00"
2021-03-23,2021032305013494,GLH,42,7,10,384.00,"3,840.00"
2021-03-23,2021032305013508,GLH,42,26,10,384.00,"3,840.00"
2021-03-23,2021032305013506,GLH,42,14,10,384.00,"3,840.00"
2021-03-23,2021032305013505,GLH,42,57,10,385.00,"3,850.00"
2021-03-23,2021032305013504,GLH,42,58,10,385.00,"3,850.00"
2021-03-23,2021032305013503,GLH,42,58,10,385.00,"3,850.00"
2021-03-23,2021032305013502,GLH,42,21,10,385.00,"3,850.00"
2021-03-23,2021032305013540,GLH,6,59,10,385.00,"3,850.00"
2021-03-23,2021032305013539,GLH,6,57,10,385.00,"3,850.00"
2021-03-23,2021032305013538,GLH,6,56,10,385.00,"3,850.00"
2021-03-23,2021032305013537,GLH,6,52,10,384.00,"3,840.00"
2021-03-23,2021032305013534,GLH,49,29,10,384.00,"3,840.00"
2021-03-23,2021032305013509,GLH,49,26,17,384.00,"6,528.00"
2021-03-23,2021032305013546,GLH,6,58,10,385.00,"3,850.00"
2021-03-23,2021032305013545,GLH,6,58,10,385.00,"3,850.00"
2021-03-23,2021032305013544,GLH,6,26,10,385.00,"3,850.00"
2021-03-23,2021032305013543,GLH,6,43,10,385.00,"3,850.00"
2021-03-23,2021032305013542,GLH,6,34,10,385.00,"3,850.00"
2021-03-23,2021032305013541,GLH,6,58,10,385.00,"3,850.00"
2021-03-23,2021032305013556,GLH,50,21,10,385.00,"3,850.00"
2021-03-23,2021032305013551,GLH,6,58,10,385.00,"3,850.00"
2021-03-23,2021032305013550,GLH,6,34,10,385.00,"3,850.00"
2021-03-23,2021032305013549,GLH,6,49,10,385.00,"3,850.00"
2021-03-23,2021032305013548,GLH,6,59,10,385.00,"3,850.00"
2021-03-23,2021032305013547,GLH,6,45,10,385.00,"3,850.00"
2021-03-23,2021032305013562,GLH,50,48,10,385.00,"3,850.00"
2021-03-23,2021032305013561,GLH,50,59,10,385.00,"3,850.00"
2021-03-23,2021032305013560,GLH,50,42,10,385.00,"3,850.00"
2021-03-23,2021032305013559,GLH,50,29,10,385.00,"3,850.00"
2021-03-23,2021032305013558,GLH,50,21,10,385.00,"3,850.00"
2021-03-23,2021032305013557,GLH,50,40,10,385.00,"3,850.00"
2021-03-23,2021032305013568,GLH,50,48,10,385.00,"3,850.00"
2021-03-23,2021032305013567,GLH,50,48,10,385.00,"3,850.00"
2021-03-23,2021032305013566,GLH,50,29,10,385.00,"3,850.00"
2021-03-23,2021032305013565,GLH,50,59,10,385.00,"3,850.00"
2021-03-23,2021032305013564,GLH,50,54,10,385.00,"3,850.00"
2021-03-23,2021032305013563,GLH,50,59,10,385.00,"3,850.00"
2021-03-23,2021032305013574,GLH,50,58,10,385.00,"3,850.00"
2021-03-23,2021032305013573,GLH,50,21,10,385.00,"3,850.00"
2021-03-23,2021032305013572,GLH,50,32,10,385.00,"3,850.00"
2021-03-23,2021032305013571,GLH,50,49,10,385.00,"3,850.00"
2021-03-23,2021032305013570,GLH,50,41,10,385.00,"3,850.00"
2021-03-23,2021032305013569,GLH,50,29,10,385.00,"3,850.00"
2021-03-23,2021032305013602,GLH,38,51,10,386.00,"3,860.00"
2021-03-23,2021032305013601,GLH,38,3,10,386.00,"3,860.00"
2021-03-23,2021032305013600,GLH,38,48,10,385.00,"3,850.00"
2021-03-23,2021032305013599,GLH,38,57,10,385.00,"3,850.00"
2021-03-23,2021032305013598,GLH,38,47,10,384.00,"3,840.00"
2021-03-23,2021032305013575,GLH,50,58,10,385.00,"3,850.00"
2021-03-23,2021032305013608,GLH,38,48,10,386.00,"3,860.00"
2021-03-23,2021032305013607,GLH,38,4,10,386.00,"3,860.00"
2021-03-23,2021032305013606,GLH,38,1,10,386.00,"3,860.00"
2021-03-23,2021032305013605,GLH,38,38,10,386.00,"3,860.00"
2021-03-23,2021032305013604,GLH,38,48,10,386.00,"3,860.00"
2021-03-23,2021032305013603,GLH,38,26,10,386.00,"3,860.00"
2021-03-23,2021032305013614,GLH,38,21,10,387.00,"3,870.00"
2021-03-23,2021032305013613,GLH,38,42,10,387.00,"3,870.00"
2021-03-23,2021032305013612,GLH,38,41,10,387.00,"3,870.00"
2021-03-23,2021032305013611,GLH,38,36,10,387.00,"3,870.00"
2021-03-23,2021032305013610,GLH,38,55,10,386.00,"3,860.00"
2021-03-23,2021032305013609,GLH,38,49,10,386.00,"3,860.00"
2021-03-23,2021032305013620,GLH,38,41,10,387.00,"3,870.00"
2021-03-23,2021032305013619,GLH,38,49,10,387.00,"3,870.00"
2021-03-23,2021032305013618,GLH,38,58,10,387.00,"3,870.00"
2021-03-23,2021032305013617,GLH,38,21,10,387.00,"3,870.00"
2021-03-23,2021032305013616,GLH,38,57,10,387.00,"3,870.00"
2021-03-23,2021032305013615,GLH,38,28,10,387.00,"3,870.00"
2021-03-23,2021032305013626,GLH,38,52,10,387.00,"3,870.00"
2021-03-23,2021032305013625,GLH,38,19,10,387.00,"3,870.00"
2021-03-23,2021032305013624,GLH,38,34,10,387.00,"3,870.00"
2021-03-23,2021032305013623,GLH,38,58,10,387.00,"3,870.00"
2021-03-23,2021032305013622,GLH,38,14,10,387.00,"3,870.00"
2021-03-23,2021032305013621,GLH,38,48,10,387.00,"3,870.00"
2021-03-23,2021032305013632,GLH,38,55,10,388.00,"3,880.00"
2021-03-23,2021032305013631,GLH,38,42,10,388.00,"3,880.00"
2021-03-23,2021032305013630,GLH,38,47,10,388.00,"3,880.00"
2021-03-23,2021032305013629,GLH,38,39,10,388.00,"3,880.00"
2021-03-23,2021032305013628,GLH,38,58,10,388.00,"3,880.00"
2021-03-23,2021032305013627,GLH,38,43,10,387.00,"3,870.00"
2021-03-23,2021032305013638,GLH,38,58,10,388.00,"3,880.00"
2021-03-23,2021032305013637,GLH,38,58,10,388.00,"3,880.00"
2021-03-23,2021032305013636,GLH,38,42,10,388.00,"3,880.00"
2021-03-23,2021032305013635,GLH,38,36,10,388.00,"3,880.00"
2021-03-23,2021032305013634,GLH,38,28,10,388.00,"3,880.00"
2021-03-23,2021032305013633,GLH,38,22,10,388.00,"3,880.00"
2021-03-23,2021032305013644,GLH,38,42,10,388.00,"3,880.00"
2021-03-23,2021032305013643,GLH,38,49,10,388.00,"3,880.00"
2021-03-23,2021032305013642,GLH,38,58,10,388.00,"3,880.00"
2021-03-23,2021032305013641,GLH,38,58,10,388.00,"3,880.00"
2021-03-23,2021032305013640,GLH,38,47,10,388.00,"3,880.00"
2021-03-23,2021032305013639,GLH,38,42,10,388.00,"3,880.00"
2021-03-23,2021032305013676,NIFRA,55,44,30,540.00,"16,200.00"
2021-03-23,2021032305013675,NIFRA,55,58,50,540.00,"27,000.00"
2021-03-23,2021032305013674,NIFRA,55,59,20,540.00,"10,800.00"
2021-03-23,2021032305013673,NIFRA,38,59,40,540.00,"21,600.00"
2021-03-23,2021032305013672,NIFRA,38,41,50,540.00,"27,000.00"
2021-03-23,2021032305013671,NIFRA,38,3,50,540.00,"27,000.00"
2021-03-23,2021032305013184,NIFRA,49,19,10,537.00,"5,370.00"
2021-03-23,2021032305013183,NIFRA,49,4,50,537.00,"26,850.00"
2021-03-23,2021032305013182,NIFRA,46,34,100,538.00,"53,800.00"
2021-03-23,2021032305013180,NIFRA,49,49,40,537.00,"21,480.00"
2021-03-23,2021032305013179,NIFRA,54,49,20,537.00,"10,740.00"
2021-03-23,2021032305013177,NIFRA,58,34,20,538.00,"10,760.00"
2021-03-23,2021032305013191,NIFRA,58,34,50,537.00,"26,850.00"
2021-03-23,2021032305013190,NIFRA,58,25,30,537.00,"16,110.00"
2021-03-23,2021032305013189,NIFRA,41,25,30,537.00,"16,110.00"
2021-03-23,2021032305013187,NIFRA,41,44,60,537.00,"32,220.00"
2021-03-23,2021032305013186,NIFRA,41,50,60,537.00,"32,220.00"
2021-03-23,2021032305013185,NIFRA,41,19,50,537.00,"26,850.00"
2021-03-23,2021032305013197,NIFRA,3,58,10,538.00,"5,380.00"
2021-03-23,2021032305013196,NIFRA,45,55,180,537.00,"96,660.00"
2021-03-23,2021032305013195,NIFRA,45,55,800,537.00,"429,600.00"
2021-03-23,2021032305013194,NIFRA,36,55,800,537.00,"429,600.00"
2021-03-23,2021032305013193,NIFRA,52,55,50,537.00,"26,850.00"
2021-03-23,2021032305013192,NIFRA,58,55,170,537.00,"91,290.00"
2021-03-23,2021032305013205,NIFRA,17,6,50,538.00,"26,900.00"
2021-03-23,2021032305013204,NIFRA,45,38,10,537.00,"5,370.00"
2021-03-23,2021032305013202,NIFRA,11,58,10,538.00,"5,380.00"
2021-03-23,2021032305013201,NIFRA,45,33,60,537.00,"32,220.00"
2021-03-23,2021032305013200,NIFRA,45,41,50,537.00,"26,850.00"
2021-03-23,2021032305013199,NIFRA,45,16,60,537.00,"32,220.00"
2021-03-23,2021032305013211,NIFRA,45,58,50,537.00,"26,850.00"
2021-03-23,2021032305013210,NIFRA,17,22,100,538.00,"53,800.00"
2021-03-23,2021032305013209,NIFRA,17,43,60,538.00,"32,280.00"
2021-03-23,2021032305013208,NIFRA,17,32,200,538.00,"107,600.00"
2021-03-23,2021032305013207,NIFRA,17,22,60,538.00,"32,280.00"
2021-03-23,2021032305013206,NIFRA,17,58,30,538.00,"16,140.00"
2021-03-23,2021032305013218,NIFRA,42,52,60,539.00,"32,340.00"
2021-03-23,2021032305013217,NIFRA,42,59,295,539.00,"159,005.00"
2021-03-23,2021032305013216,NIFRA,47,33,50,538.00,"26,900.00"
2021-03-23,2021032305013214,NIFRA,47,7,50,538.00,"26,900.00"
2021-03-23,2021032305013213,NIFRA,47,45,80,538.00,"43,040.00"
2021-03-23,2021032305013212,NIFRA,47,22,100,538.00,"53,800.00"
2021-03-23,2021032305013224,NIFRA,42,59,200,539.00,"107,800.00"
2021-03-23,2021032305013223,NIFRA,42,52,40,539.00,"21,560.00"
2021-03-23,2021032305013222,NIFRA,42,21,50,539.00,"26,950.00"
2021-03-23,2021032305013221,NIFRA,42,8,60,539.00,"32,340.00"
2021-03-23,2021032305013220,NIFRA,42,11,60,539.00,"32,340.00"
2021-03-23,2021032305013219,NIFRA,42,58,60,539.00,"32,340.00"
2021-03-23,2021032305013230,NIFRA,42,41,20,539.00,"10,780.00"
2021-03-23,2021032305013229,NIFRA,42,8,50,539.00,"26,950.00"
2021-03-23,2021032305013228,NIFRA,42,8,60,539.00,"32,340.00"
2021-03-23,2021032305013227,NIFRA,42,1,60,539.00,"32,340.00"
2021-03-23,2021032305013226,NIFRA,42,52,40,539.00,"21,560.00"
2021-03-23,2021032305013225,NIFRA,42,8,60,539.00,"32,340.00"
2021-03-23,2021032305013236,NIFRA,42,48,200,539.00,"107,800.00"
2021-03-23,2021032305013235,NIFRA,42,8,50,539.00,"26,950.00"
2021-03-23,2021032305013234,NIFRA,42,8,50,539.00,"26,950.00"
2021-03-23,2021032305013233,NIFRA,42,22,300,539.00,"161,700.00"
2021-03-23,2021032305013232,NIFRA,42,8,60,539.00,"32,340.00"
2021-03-23,2021032305013231,NIFRA,42,8,60,539.00,"32,340.00"
2021-03-23,2021032305013242,NIFRA,35,48,500,537.00,"268,500.00"
2021-03-23,2021032305013241,NIFRA,38,48,100,537.00,"53,700.00"
2021-03-23,2021032305013240,NIFRA,34,48,100,537.00,"53,700.00"
2021-03-23,2021032305013239,NIFRA,52,48,50,537.00,"26,850.00"
2021-03-23,2021032305013238,NIFRA,45,48,390,537.00,"209,430.00"
2021-03-23,2021032305013237,NIFRA,47,48,220,538.00,"118,360.00"
2021-03-23,2021032305013250,NIFRA,13,8,50,537.00,"26,850.00"
2021-03-23,2021032305013248,NIFRA,37,16,60,537.00,"32,220.00"
2021-03-23,2021032305013247,NIFRA,37,11,50,537.00,"26,850.00"
2021-03-23,2021032305013245,NIFRA,37,48,390,537.00,"209,430.00"
2021-03-23,2021032305013244,NIFRA,11,48,40,537.00,"21,480.00"
2021-03-23,2021032305013243,NIFRA,8,48,10,537.00,"5,370.00"
2021-03-23,2021032305013275,NIFRA,42,59,100,540.00,"54,000.00"
2021-03-23,2021032305013274,NIFRA,42,43,50,538.00,"26,900.00"
2021-03-23,2021032305013273,NIFRA,42,57,50,538.00,"26,900.00"
2021-03-23,2021032305013272,NIFRA,42,35,50,538.00,"26,900.00"
2021-03-23,2021032305013271,NIFRA,42,37,50,538.00,"26,900.00"
2021-03-23,2021032305013251,NIFRA,13,43,140,537.00,"75,180.00"
2021-03-23,2021032305013282,NIFRA,13,19,10,537.00,"5,370.00"
2021-03-23,2021032305013280,NIFRA,13,16,50,537.00,"26,850.00"
2021-03-23,2021032305013279,NIFRA,13,11,50,537.00,"26,850.00"
2021-03-23,2021032305013278,NIFRA,13,16,100,537.00,"53,700.00"
2021-03-23,2021032305013277,NIFRA,49,45,60,539.00,"32,340.00"
2021-03-23,2021032305013276,NIFRA,42,57,200,540.00,"108,000.00"
2021-03-23,2021032305013289,NIFRA,49,4,320,538.00,"172,160.00"
2021-03-23,2021032305013288,NIFRA,49,1,50,538.00,"26,900.00"
2021-03-23,2021032305013287,NIFRA,49,6,50,537.00,"26,850.00"
2021-03-23,2021032305013286,NIFRA,49,8,50,537.00,"26,850.00"
2021-03-23,2021032305013285,NIFRA,49,19,30,537.00,"16,110.00"
2021-03-23,2021032305013283,NIFRA,42,19,10,537.00,"5,370.00"
2021-03-23,2021032305013297,NIFRA,33,56,50,536.00,"26,800.00"
2021-03-23,2021032305013295,NIFRA,34,4,10,538.00,"5,380.00"
2021-03-23,2021032305013294,NIFRA,34,16,40,537.00,"21,480.00"
2021-03-23,2021032305013293,NIFRA,41,16,10,537.00,"5,370.00"
2021-03-23,2021032305013291,NIFRA,41,52,50,537.00,"26,850.00"
2021-03-23,2021032305013290,NIFRA,41,35,30,537.00,"16,110.00"
2021-03-23,2021032305013306,NIFRA,55,55,100,536.00,"53,600.00"
2021-03-23,2021032305013305,NIFRA,33,55,605,536.00,"324,280.00"
2021-03-23,2021032305013304,NIFRA,57,8,40,537.00,"21,480.00"
2021-03-23,2021032305013303,NIFRA,57,51,60,537.00,"32,220.00"
2021-03-23,2021032305013301,NIFRA,33,38,50,536.00,"26,800.00"
2021-03-23,2021032305013300,NIFRA,33,38,40,536.00,"21,440.00"
2021-03-23,2021032305013312,NIFRA,44,29,500,536.00,"268,000.00"
2021-03-23,2021032305013311,NIFRA,44,29,135,536.00,"72,360.00"
2021-03-23,2021032305013310,NIFRA,44,55,165,536.00,"88,440.00"
2021-03-23,2021032305013309,NIFRA,47,55,100,536.00,"53,600.00"
2021-03-23,2021032305013308,NIFRA,14,55,"1,000",536.00,"536,000.00"
2021-03-23,2021032305013307,NIFRA,28,55,30,536.00,"16,080.00"
2021-03-23,2021032305013318,NIFRA,5,41,10,537.00,"5,370.00"
2021-03-23,2021032305013317,NIFRA,5,16,50,537.00,"26,850.00"
2021-03-23,2021032305013316,NIFRA,5,51,60,537.00,"32,220.00"
2021-03-23,2021032305013315,NIFRA,5,51,50,537.00,"26,850.00"
2021-03-23,2021032305013314,NIFRA,5,8,10,537.00,"5,370.00"
2021-03-23,2021032305013313,NIFRA,57,29,165,536.00,"88,440.00"
2021-03-23,2021032305013325,NIFRA,5,49,50,537.00,"26,850.00"
2021-03-23,2021032305013324,NIFRA,5,21,50,537.00,"26,850.00"
2021-03-23,2021032305013323,NIFRA,5,16,50,537.00,"26,850.00"
2021-03-23,2021032305013321,NIFRA,5,8,50,537.00,"26,850.00"
2021-03-23,2021032305013320,NIFRA,5,28,60,537.00,"32,220.00"
2021-03-23,2021032305013319,NIFRA,5,11,50,537.00,"26,850.00"
2021-03-23,2021032305013336,NIFRA,33,8,10,537.00,"5,370.00"
2021-03-23,2021032305013334,NIFRA,33,17,60,537.00,"32,220.00"
2021-03-23,2021032305013332,NIFRA,33,55,10,537.00,"5,370.00"
2021-03-23,2021032305013331,NIFRA,49,55,300,537.00,"161,100.00"
2021-03-23,2021032305013330,NIFRA,5,28,10,537.00,"5,370.00"
2021-03-23,2021032305013329,NIFRA,8,4,70,538.00,"37,660.00"
2021-03-23,2021032305013345,NIFRA,57,44,25,536.00,"13,400.00"
2021-03-23,2021032305013344,NIFRA,57,38,10,536.00,"5,360.00"
2021-03-23,2021032305013343,NIFRA,44,38,40,537.00,"21,480.00"
2021-03-23,2021032305013342,NIFRA,44,45,10,537.00,"5,370.00"
2021-03-23,2021032305013341,NIFRA,58,45,20,537.00,"10,740.00"
2021-03-23,2021032305013340,NIFRA,33,45,20,537.00,"10,740.00"
2021-03-23,2021032305013352,NIFRA,47,17,50,536.00,"26,800.00"
2021-03-23,2021032305013351,NIFRA,6,55,100,537.00,"53,700.00"
2021-03-23,2021032305013350,NIFRA,41,16,50,537.00,"26,850.00"
2021-03-23,2021032305013348,NIFRA,47,8,60,536.00,"32,160.00"
2021-03-23,2021032305013347,NIFRA,45,46,50,538.00,"26,900.00"
2021-03-23,2021032305013346,NIFRA,47,44,35,536.00,"18,760.00"
2021-03-23,2021032305013361,NIFRA,13,33,200,537.00,"107,400.00"
2021-03-23,2021032305013360,NIFRA,13,57,20,537.00,"10,740.00"
2021-03-23,2021032305013359,NIFRA,13,51,40,537.00,"21,480.00"
2021-03-23,2021032305013355,NIFRA,58,51,10,537.00,"5,370.00"
2021-03-23,2021032305013354,NIFRA,58,55,75,537.00,"40,275.00"
2021-03-23,2021032305013353,NIFRA,58,55,25,537.00,"13,425.00"
2021-03-23,2021032305013368,NIFRA,41,49,40,537.00,"21,480.00"
2021-03-23,2021032305013367,NIFRA,41,28,60,537.00,"32,220.00"
2021-03-23,2021032305013366,NIFRA,41,22,170,537.00,"91,290.00"
2021-03-23,2021032305013364,NIFRA,58,22,30,537.00,"16,110.00"
2021-03-23,2021032305013363,NIFRA,58,16,20,537.00,"10,740.00"
2021-03-23,2021032305013362,NIFRA,13,16,40,537.00,"21,480.00"
2021-03-23,2021032305013374,NIFRA,41,16,50,537.00,"26,850.00"
2021-03-23,2021032305013373,NIFRA,41,26,130,537.00,"69,810.00"
2021-03-23,2021032305013372,NIFRA,26,26,10,537.00,"5,370.00"
2021-03-23,2021032305013371,NIFRA,22,26,360,537.00,"193,320.00"
2021-03-23,2021032305013370,NIFRA,22,49,10,537.00,"5,370.00"
2021-03-23,2021032305013369,NIFRA,47,38,50,536.00,"26,800.00"
2021-03-23,2021032305013383,NIFRA,46,43,50,537.00,"26,850.00"
2021-03-23,2021032305013382,NIFRA,46,55,40,537.00,"21,480.00"
2021-03-23,2021032305013381,NIFRA,41,55,80,537.00,"42,960.00"
2021-03-23,2021032305013380,NIFRA,1,22,50,538.00,"26,900.00"
2021-03-23,2021032305013379,NIFRA,41,45,40,537.00,"21,480.00"
2021-03-23,2021032305013376,NIFRA,58,22,40,538.00,"21,520.00"
2021-03-23,2021032305013389,NIFRA,46,11,50,537.00,"26,850.00"
2021-03-23,2021032305013388,NIFRA,38,6,5,536.00,"2,680.00"
2021-03-23,2021032305013387,NIFRA,46,57,50,537.00,"26,850.00"
2021-03-23,2021032305013386,NIFRA,48,22,50,538.00,"26,900.00"
2021-03-23,2021032305013385,NIFRA,46,16,60,537.00,"32,220.00"
2021-03-23,2021032305013384,NIFRA,46,16,50,537.00,"26,850.00"
2021-03-23,2021032305013397,NIFRA,45,22,100,538.00,"53,800.00"
2021-03-23,2021032305013395,NIFRA,32,55,50,537.00,"26,850.00"
2021-03-23,2021032305013394,NIFRA,34,55,100,537.00,"53,700.00"
2021-03-23,2021032305013393,NIFRA,46,55,150,537.00,"80,550.00"
2021-03-23,2021032305013392,NIFRA,36,22,50,538.00,"26,900.00"
2021-03-23,2021032305013390,NIFRA,46,59,50,537.00,"26,850.00"
2021-03-23,2021032305013404,NIFRA,34,41,50,538.00,"26,900.00"
2021-03-23,2021032305013403,NIFRA,34,26,310,538.00,"166,780.00"
2021-03-23,2021032305013402,NIFRA,38,26,190,538.00,"102,220.00"
2021-03-23,2021032305013401,NIFRA,38,22,10,538.00,"5,380.00"
2021-03-23,2021032305013400,NIFRA,32,59,50,537.00,"26,850.00"
2021-03-23,2021032305013399,NIFRA,32,38,40,537.00,"21,480.00"
2021-03-23,2021032305013414,NIFRA,49,46,200,538.00,"107,600.00"
2021-03-23,2021032305013413,NIFRA,49,58,50,538.00,"26,900.00"
2021-03-23,2021032305013412,NIFRA,32,59,50,537.00,"26,850.00"
2021-03-23,2021032305013411,NIFRA,32,11,50,537.00,"26,850.00"
2021-03-23,2021032305013406,NIFRA,34,59,140,539.00,"75,460.00"
2021-03-23,2021032305013405,NIFRA,34,39,500,539.00,"269,500.00"
2021-03-23,2021032305013420,NIFRA,39,11,50,537.00,"26,850.00"
2021-03-23,2021032305013419,NIFRA,39,59,40,537.00,"21,480.00"
2021-03-23,2021032305013418,NIFRA,32,59,10,537.00,"5,370.00"
2021-03-23,2021032305013417,NIFRA,32,44,40,537.00,"21,480.00"
2021-03-23,2021032305013416,NIFRA,32,44,10,537.00,"5,370.00"
2021-03-23,2021032305013415,NIFRA,32,58,50,537.00,"26,850.00"
2021-03-23,2021032305013426,NIFRA,45,51,20,538.00,"10,760.00"
2021-03-23,2021032305013425,NIFRA,21,51,115,538.00,"61,870.00"
2021-03-23,2021032305013424,NIFRA,21,49,60,538.00,"32,280.00"
2021-03-23,2021032305013423,NIFRA,21,42,25,538.00,"13,450.00"
2021-03-23,2021032305013422,NIFRA,17,17,50,538.00,"26,900.00"
2021-03-23,2021032305013421,NIFRA,39,20,50,537.00,"26,850.00"
2021-03-23,2021032305013432,NIFRA,29,55,50,537.00,"26,850.00"
2021-03-23,2021032305013431,NIFRA,8,55,10,537.00,"5,370.00"
2021-03-23,2021032305013430,NIFRA,32,55,100,537.00,"53,700.00"
2021-03-23,2021032305013429,NIFRA,39,55,285,537.00,"153,045.00"
2021-03-23,2021032305013428,NIFRA,39,59,50,537.00,"26,850.00"
2021-03-23,2021032305013427,NIFRA,39,51,365,537.00,"196,005.00"
2021-03-23,2021032305013441,NIFRA,36,59,450,539.00,"242,550.00"
2021-03-23,2021032305013438,NIFRA,45,55,40,538.00,"21,520.00"
2021-03-23,2021032305013436,NIFRA,45,38,50,538.00,"26,900.00"
2021-03-23,2021032305013435,NIFRA,5,55,65,537.00,"34,905.00"
2021-03-23,2021032305013434,NIFRA,53,55,100,537.00,"53,700.00"
2021-03-23,2021032305013433,NIFRA,49,55,300,537.00,"161,100.00"
2021-03-23,2021032305013447,NIFRA,6,36,40,538.00,"21,520.00"
2021-03-23,2021032305013446,NIFRA,6,39,60,538.00,"32,280.00"
2021-03-23,2021032305013445,NIFRA,20,59,20,539.00,"10,780.00"
2021-03-23,2021032305013444,NIFRA,25,34,50,537.00,"26,850.00"
2021-03-23,2021032305013443,NIFRA,25,44,40,537.00,"21,480.00"
2021-03-23,2021032305013442,NIFRA,45,44,10,538.00,"5,380.00"
2021-03-23,2021032305013453,NIFRA,5,57,5,539.00,"2,695.00"
2021-03-23,2021032305013452,NIFRA,19,13,200,537.00,"107,400.00"
2021-03-23,2021032305013451,NIFRA,47,44,40,536.00,"21,440.00"
2021-03-23,2021032305013450,NIFRA,25,44,10,537.00,"5,370.00"
2021-03-23,2021032305013449,NIFRA,34,36,20,538.00,"10,760.00"
2021-03-23,2021032305013448,NIFRA,29,36,50,538.00,"26,900.00"
2021-03-23,2021032305013460,NIFRA,43,16,10,538.00,"5,380.00"
2021-03-23,2021032305013458,NIFRA,50,34,50,538.00,"26,900.00"
2021-03-23,2021032305013457,NIFRA,34,50,5,538.00,"2,690.00"
2021-03-23,2021032305013456,NIFRA,44,50,10,538.00,"5,380.00"
2021-03-23,2021032305013455,NIFRA,44,49,40,538.00,"21,520.00"
2021-03-23,2021032305013454,NIFRA,44,46,50,538.00,"26,900.00"
2021-03-23,2021032305013470,NIFRA,29,41,10,537.00,"5,370.00"
2021-03-23,2021032305013469,NIFRA,57,41,40,537.00,"21,480.00"
2021-03-23,2021032305013467,NIFRA,17,17,50,538.00,"26,900.00"
2021-03-23,2021032305013463,NIFRA,38,11,50,537.00,"26,850.00"
2021-03-23,2021032305013462,NIFRA,43,59,10,539.00,"5,390.00"
2021-03-23,2021032305013461,NIFRA,43,16,10,538.00,"5,380.00"
2021-03-23,2021032305013476,NIFRA,47,57,226,537.00,"121,362.00"
2021-03-23,2021032305013475,NIFRA,48,57,186,537.00,"99,882.00"
2021-03-23,2021032305013474,NIFRA,29,57,88,537.00,"47,256.00"
2021-03-23,2021032305013473,NIFRA,42,22,120,539.00,"64,680.00"
2021-03-23,2021032305013472,NIFRA,42,59,380,539.00,"204,820.00"
2021-03-23,2021032305013471,NIFRA,29,11,50,537.00,"26,850.00"
2021-03-23,2021032305013482,NIFRA,53,22,100,539.00,"53,900.00"
2021-03-23,2021032305013481,NIFRA,53,58,60,539.00,"32,340.00"
2021-03-23,2021032305013480,NIFRA,53,57,20,539.00,"10,780.00"
2021-03-23,2021032305013479,NIFRA,53,58,60,539.00,"32,340.00"
2021-03-23,2021032305013478,NIFRA,53,26,50,539.00,"26,950.00"
2021-03-23,2021032305013477,NIFRA,53,22,80,539.00,"43,120.00"
2021-03-23,2021032305013488,NIFRA,53,22,100,539.00,"53,900.00"
2021-03-23,2021032305013487,NIFRA,53,52,50,539.00,"26,950.00"
2021-03-23,2021032305013486,NIFRA,53,49,50,539.00,"26,950.00"
2021-03-23,2021032305013485,NIFRA,53,20,20,539.00,"10,780.00"
2021-03-23,2021032305013484,NIFRA,53,36,60,539.00,"32,340.00"
2021-03-23,2021032305013483,NIFRA,53,22,100,539.00,"53,900.00"
2021-03-23,2021032305013507,NIFRA,53,45,50,539.00,"26,950.00"
2021-03-23,2021032305013501,NIFRA,53,45,100,539.00,"53,900.00"
2021-03-23,2021032305013493,NIFRA,53,58,30,539.00,"16,170.00"
2021-03-23,2021032305013492,NIFRA,53,52,40,539.00,"21,560.00"
2021-03-23,2021032305013490,NIFRA,53,32,10,539.00,"5,390.00"
2021-03-23,2021032305013489,NIFRA,53,14,10,539.00,"5,390.00"
2021-03-23,2021032305013515,NIFRA,5,42,10,540.00,"5,400.00"
2021-03-23,2021032305013514,NIFRA,5,29,50,540.00,"27,000.00"
2021-03-23,2021032305013513,NIFRA,34,14,10,539.00,"5,390.00"
2021-03-23,2021032305013512,NIFRA,34,10,10,539.00,"5,390.00"
2021-03-23,2021032305013511,NIFRA,34,38,40,539.00,"21,560.00"
2021-03-23,2021032305013510,NIFRA,53,38,10,539.00,"5,390.00"
2021-03-23,2021032305013521,NIFRA,46,57,500,540.00,"270,000.00"
2021-03-23,2021032305013520,NIFRA,46,55,100,540.00,"54,000.00"
2021-03-23,2021032305013519,NIFRA,46,53,50,540.00,"27,000.00"
2021-03-23,2021032305013518,NIFRA,46,29,50,540.00,"27,000.00"
2021-03-23,2021032305013517,NIFRA,46,47,30,540.00,"16,200.00"
2021-03-23,2021032305013516,NIFRA,5,47,70,540.00,"37,800.00"
2021-03-23,2021032305013527,NIFRA,46,25,30,540.00,"16,200.00"
2021-03-23,2021032305013526,NIFRA,46,45,10,540.00,"5,400.00"
2021-03-23,2021032305013525,NIFRA,46,47,50,540.00,"27,000.00"
2021-03-23,2021032305013524,NIFRA,46,11,30,540.00,"16,200.00"
2021-03-23,2021032305013523,NIFRA,46,22,100,540.00,"54,000.00"
2021-03-23,2021032305013522,NIFRA,46,21,50,540.00,"27,000.00"
2021-03-23,2021032305013533,NIFRA,28,57,10,539.00,"5,390.00"
2021-03-23,2021032305013532,NIFRA,28,54,40,539.00,"21,560.00"
2021-03-23,2021032305013531,NIFRA,14,54,60,539.00,"32,340.00"
2021-03-23,2021032305013530,NIFRA,14,38,50,539.00,"26,950.00"
2021-03-23,2021032305013529,NIFRA,14,51,40,539.00,"21,560.00"
2021-03-23,2021032305013528,NIFRA,34,51,40,539.00,"21,560.00"
2021-03-23,2021032305013555,NIFRA,17,7,50,539.00,"26,950.00"
2021-03-23,2021032305013554,NIFRA,17,17,10,539.00,"5,390.00"
2021-03-23,2021032305013553,NIFRA,17,47,50,539.00,"26,950.00"
2021-03-23,2021032305013552,NIFRA,17,59,20,539.00,"10,780.00"
2021-03-23,2021032305013536,NIFRA,28,59,30,539.00,"16,170.00"
2021-03-23,2021032305013535,NIFRA,28,6,20,539.00,"10,780.00"
2021-03-23,2021032305013581,NIFRA,53,58,60,540.00,"32,400.00"
2021-03-23,2021032305013580,NIFRA,53,58,20,540.00,"10,800.00"
2021-03-23,2021032305013579,NIFRA,53,25,20,540.00,"10,800.00"
2021-03-23,2021032305013578,NIFRA,53,55,60,539.00,"32,340.00"
2021-03-23,2021032305013577,NIFRA,14,58,40,538.00,"21,520.00"
2021-03-23,2021032305013576,NIFRA,17,58,10,539.00,"5,390.00"
2021-03-23,2021032305013587,NIFRA,19,58,30,538.00,"16,140.00"
2021-03-23,2021032305013586,NIFRA,14,58,20,538.00,"10,760.00"
2021-03-23,2021032305013585,NIFRA,53,51,220,540.00,"118,800.00"
2021-03-23,2021032305013584,NIFRA,53,16,10,540.00,"5,400.00"
2021-03-23,2021032305013583,NIFRA,53,55,60,540.00,"32,400.00"
2021-03-23,2021032305013582,NIFRA,53,45,50,540.00,"27,000.00"
2021-03-23,2021032305013593,NIFRA,51,39,50,539.00,"26,950.00"
2021-03-23,2021032305013592,NIFRA,51,34,19,539.00,"10,241.00"
2021-03-23,2021032305013591,NIFRA,54,51,300,540.00,"162,000.00"
2021-03-23,2021032305013590,NIFRA,51,45,50,539.00,"26,950.00"
2021-03-23,2021032305013589,NIFRA,51,58,50,539.00,"26,950.00"
2021-03-23,2021032305013588,NIFRA,51,10,10,539.00,"5,390.00"
2021-03-23,2021032305013649,NIFRA,45,22,10,539.00,"5,390.00"
2021-03-23,2021032305013648,NIFRA,51,47,50,539.00,"26,950.00"
2021-03-23,2021032305013597,NIFRA,16,45,220,540.00,"118,800.00"
2021-03-23,2021032305013596,NIFRA,16,59,50,540.00,"27,000.00"
2021-03-23,2021032305013595,NIFRA,16,59,50,540.00,"27,000.00"
2021-03-23,2021032305013594,NIFRA,16,51,180,540.00,"97,200.00"
2021-03-23,2021032305013657,NIFRA,47,35,50,540.00,"27,000.00"
2021-03-23,2021032305013656,NIFRA,47,7,50,540.00,"27,000.00"
2021-03-23,2021032305013655,NIFRA,47,45,30,540.00,"16,200.00"
2021-03-23,2021032305013654,NIFRA,39,45,150,539.00,"80,850.00"
2021-03-23,2021032305013651,NIFRA,45,45,50,540.00,"27,000.00"
2021-03-23,2021032305013650,NIFRA,39,22,50,539.00,"26,950.00"
2021-03-23,2021032305013664,NIFRA,38,58,40,540.00,"21,600.00"
2021-03-23,2021032305013663,NIFRA,10,43,40,539.00,"21,560.00"
2021-03-23,2021032305013662,NIFRA,41,43,30,539.00,"16,170.00"
2021-03-23,2021032305013660,NIFRA,39,29,50,539.00,"26,950.00"
2021-03-23,2021032305013659,NIFRA,47,58,20,540.00,"10,800.00"
2021-03-23,2021032305013658,NIFRA,47,59,50,540.00,"27,000.00"
2021-03-23,2021032305013670,NIFRA,38,41,50,540.00,"27,000.00"
2021-03-23,2021032305013669,NIFRA,38,1,100,540.00,"54,000.00"
2021-03-23,2021032305013668,NIFRA,38,47,50,540.00,"27,000.00"
2021-03-23,2021032305013667,NIFRA,38,42,30,540.00,"16,200.00"
2021-03-23,2021032305013666,NIFRA,38,55,60,540.00,"32,400.00"
2021-03-23,2021032305013665,NIFRA,38,6,30,540.00,"16,200.00"
2021-03-23,2021032305013159,CGH,3,17,10,"1,719.00","17,190.00"
2021-03-23,2021032305013153,CGH,3,35,10,"1,719.00","17,190.00"
2021-03-23,2021032305013090,CGH,3,4,10,"1,719.00","17,190.00"
2021-03-23,2021032305013086,CGH,3,28,10,"1,719.00","17,190.00"
2021-03-23,2021032305013039,CGH,3,36,10,"1,719.00","17,190.00"
2021-03-23,2021032305013008,CGH,3,48,10,"1,719.00","17,190.00"
2021-03-23,2021032305012810,CGH,3,21,10,"1,719.00","17,190.00"
2021-03-23,2021032305012760,CGH,3,57,10,"1,719.00","17,190.00"
2021-03-23,2021032305012758,CGH,3,58,10,"1,719.00","17,190.00"
2021-03-23,2021032305012706,CGH,3,38,10,"1,719.00","17,190.00"
2021-03-23,2021032305012700,CGH,3,38,10,"1,719.00","17,190.00"
2021-03-23,2021032305012991,CGH,3,21,10,"1,719.00","17,190.00"
2021-03-23,2021032305012980,CGH,3,45,10,"1,719.00","17,190.00"
2021-03-23,2021032305012905,CGH,3,55,10,"1,719.00","17,190.00"
2021-03-23,2021032305012856,CGH,3,6,10,"1,719.00","17,190.00"
2021-03-23,2021032305012854,CGH,3,45,10,"1,719.00","17,190.00"
2021-03-23,2021032305012845,CGH,3,58,10,"1,719.00","17,190.00"
2021-03-23,2021032305013165,GLH,58,34,10,382.00,"3,820.00"
2021-03-23,2021032305013164,GLH,58,21,10,382.00,"3,820.00"
2021-03-23,2021032305013163,GLH,58,41,10,382.00,"3,820.00"
2021-03-23,2021032305013158,GLH,57,25,10,381.00,"3,810.00"
2021-03-23,2021032305013157,GLH,57,33,10,381.00,"3,810.00"
2021-03-23,2021032305013156,GLH,57,49,10,381.00,"3,810.00"
2021-03-23,2021032305012716,GLH,56,35,10,377.00,"3,770.00"
2021-03-23,2021032305012715,GLH,56,34,10,377.00,"3,770.00"
2021-03-23,2021032305012714,GLH,6,7,10,376.00,"3,760.00"
2021-03-23,2021032305012710,GLH,6,40,10,376.00,"3,760.00"
2021-03-23,2021032305012738,GLH,6,34,10,376.00,"3,760.00"
2021-03-23,2021032305012737,GLH,56,45,10,377.00,"3,770.00"
2021-03-23,2021032305012724,GLH,56,33,10,377.00,"3,770.00"
2021-03-23,2021032305012722,GLH,56,45,10,377.00,"3,770.00"
2021-03-23,2021032305012718,GLH,56,6,10,377.00,"3,770.00"
2021-03-23,2021032305012717,GLH,56,22,10,377.00,"3,770.00"
2021-03-23,2021032305012759,GLH,6,59,10,376.00,"3,760.00"
2021-03-23,2021032305012757,GLH,6,42,10,376.00,"3,760.00"
2021-03-23,2021032305012753,GLH,6,59,10,376.00,"3,760.00"
2021-03-23,2021032305012751,GLH,6,51,10,376.00,"3,760.00"
2021-03-23,2021032305012750,GLH,6,42,10,376.00,"3,760.00"
2021-03-23,2021032305012742,GLH,6,33,10,376.00,"3,760.00"
2021-03-23,2021032305012769,GLH,6,51,10,376.00,"3,760.00"
2021-03-23,2021032305012768,GLH,34,4,180,380.00,"68,400.00"
2021-03-23,2021032305012767,GLH,34,55,10,379.00,"3,790.00"
2021-03-23,2021032305012766,GLH,34,57,10,377.00,"3,770.00"
2021-03-23,2021032305012764,GLH,6,52,10,376.00,"3,760.00"
2021-03-23,2021032305012761,GLH,6,21,10,376.00,"3,760.00"
2021-03-23,2021032305012801,GLH,6,57,10,376.00,"3,760.00"
2021-03-23,2021032305012798,GLH,6,52,10,376.00,"3,760.00"
2021-03-23,2021032305012796,GLH,6,55,10,376.00,"3,760.00"
2021-03-23,2021032305012795,GLH,6,52,10,376.00,"3,760.00"
2021-03-23,2021032305012778,GLH,6,52,10,376.00,"3,760.00"
2021-03-23,2021032305012770,GLH,6,59,10,376.00,"3,760.00"
2021-03-23,2021032305012829,GLH,21,39,10,376.00,"3,760.00"
2021-03-23,2021032305012821,GLH,21,52,10,376.00,"3,760.00"
2021-03-23,2021032305012819,GLH,34,49,10,378.00,"3,780.00"
2021-03-23,2021032305012814,GLH,21,52,10,376.00,"3,760.00"
2021-03-23,2021032305012808,GLH,21,52,10,376.00,"3,760.00"
2021-03-23,2021032305012802,GLH,21,3,10,376.00,"3,760.00"
2021-03-23,2021032305012865,GLH,42,58,90,376.00,"33,840.00"
2021-03-23,2021032305012862,GLH,21,32,10,376.00,"3,760.00"
2021-03-23,2021032305012858,GLH,21,44,10,376.00,"3,760.00"
2021-03-23,2021032305012857,GLH,21,8,10,376.00,"3,760.00"
2021-03-23,2021032305012855,GLH,21,52,10,376.00,"3,760.00"
2021-03-23,2021032305012830,GLH,21,45,10,376.00,"3,760.00"
2021-03-23,2021032305012871,GLH,38,58,50,375.00,"18,750.00"
2021-03-23,2021032305012870,GLH,17,58,100,375.00,"37,500.00"
2021-03-23,2021032305012869,GLH,1,58,86,375.00,"32,250.00"
2021-03-23,2021032305012868,GLH,25,58,100,375.00,"37,500.00"
2021-03-23,2021032305012867,GLH,57,58,100,375.00,"37,500.00"
2021-03-23,2021032305012866,GLH,57,58,90,375.00,"33,750.00"
2021-03-23,2021032305012879,GLH,6,44,10,380.00,"3,800.00"
2021-03-23,2021032305012878,GLH,6,43,10,380.00,"3,800.00"
2021-03-23,2021032305012877,GLH,6,4,570,380.00,"216,600.00"
2021-03-23,2021032305012876,GLH,6,52,10,378.00,"3,780.00"
2021-03-23,2021032305012875,GLH,6,58,10,375.00,"3,750.00"
2021-03-23,2021032305012872,GLH,45,58,100,375.00,"37,500.00"
2021-03-23,2021032305012885,GLH,6,41,10,380.00,"3,800.00"
2021-03-23,2021032305012884,GLH,6,21,10,380.00,"3,800.00"
2021-03-23,2021032305012883,GLH,6,42,10,380.00,"3,800.00"
2021-03-23,2021032305012882,GLH,6,58,10,380.00,"3,800.00"
2021-03-23,2021032305012881,GLH,6,6,10,380.00,"3,800.00"
2021-03-23,2021032305012880,GLH,6,56,10,380.00,"3,800.00"
2021-03-23,2021032305012891,GLH,6,58,10,380.00,"3,800.00"
2021-03-23,2021032305012890,GLH,6,22,10,380.00,"3,800.00"
2021-03-23,2021032305012889,GLH,6,41,10,380.00,"3,800.00"
2021-03-23,2021032305012888,GLH,6,25,10,380.00,"3,800.00"
2021-03-23,2021032305012887,GLH,6,42,10,380.00,"3,800.00"
2021-03-23,2021032305012886,GLH,6,29,10,380.00,"3,800.00"
2021-03-23,2021032305012907,GLH,6,28,10,380.00,"3,800.00"
2021-03-23,2021032305012906,GLH,6,19,10,380.00,"3,800.00"
2021-03-23,2021032305012897,GLH,6,58,10,380.00,"3,800.00"
2021-03-23,2021032305012894,GLH,6,33,10,380.00,"3,800.00"
2021-03-23,2021032305012893,GLH,6,46,10,380.00,"3,800.00"
2021-03-23,2021032305012892,GLH,6,48,10,380.00,"3,800.00"
2021-03-23,2021032305012941,GLH,38,35,10,381.00,"3,810.00"
2021-03-23,2021032305012936,GLH,38,21,10,381.00,"3,810.00"
2021-03-23,2021032305012912,GLH,38,52,10,381.00,"3,810.00"
2021-03-23,2021032305012911,GLH,38,45,10,381.00,"3,810.00"
2021-03-23,2021032305012909,GLH,38,49,10,381.00,"3,810.00"
2021-03-23,2021032305012908,GLH,6,19,10,380.00,"3,800.00"
2021-03-23,2021032305012983,GLH,32,40,10,381.00,"3,810.00"
2021-03-23,2021032305012979,GLH,6,28,10,380.00,"3,800.00"
2021-03-23,2021032305012975,GLH,6,25,10,380.00,"3,800.00"
2021-03-23,2021032305012967,GLH,6,28,10,380.00,"3,800.00"
2021-03-23,2021032305012961,GLH,57,29,10,381.00,"3,810.00"
2021-03-23,2021032305012959,GLH,57,40,10,381.00,"3,810.00"
2021-03-23,2021032305013034,GLH,57,28,10,381.00,"3,810.00"
2021-03-23,2021032305013030,GLH,57,3,10,381.00,"3,810.00"
2021-03-23,2021032305013029,GLH,57,16,10,381.00,"3,810.00"
2021-03-23,2021032305013028,GLH,57,40,10,381.00,"3,810.00"
2021-03-23,2021032305013021,GLH,6,41,10,380.00,"3,800.00"
2021-03-23,2021032305013011,GLH,6,28,10,380.00,"3,800.00"
2021-03-23,2021032305013045,GLH,40,57,10,382.00,"3,820.00"
2021-03-23,2021032305013044,GLH,40,54,10,382.00,"3,820.00"
2021-03-23,2021032305013043,GLH,57,55,10,381.00,"3,810.00"
2021-03-23,2021032305013042,GLH,57,28,10,381.00,"3,810.00"
2021-03-23,2021032305013038,GLH,57,38,10,381.00,"3,810.00"
2021-03-23,2021032305013035,GLH,57,48,10,381.00,"3,810.00"
2021-03-23,2021032305013070,GLH,21,13,10,382.00,"3,820.00"
2021-03-23,2021032305013069,GLH,21,50,10,382.00,"3,820.00"
2021-03-23,2021032305013068,GLH,57,38,10,381.00,"3,810.00"
2021-03-23,2021032305013061,GLH,57,28,10,381.00,"3,810.00"
2021-03-23,2021032305013060,GLH,57,48,10,381.00,"3,810.00"
2021-03-23,2021032305013047,GLH,57,19,10,381.00,"3,810.00"
2021-03-23,2021032305013105,GLH,57,3,10,381.00,"3,810.00"
2021-03-23,2021032305013101,GLH,57,4,10,382.00,"3,820.00"
2021-03-23,2021032305013098,GLH,57,38,10,381.00,"3,810.00"
2021-03-23,2021032305013093,GLH,57,28,10,381.00,"3,810.00"
2021-03-23,2021032305013089,GLH,57,39,10,381.00,"3,810.00"
2021-03-23,2021032305013074,GLH,57,5,10,381.00,"3,810.00"
2021-03-23,2021032305013128,GLH,58,49,10,382.00,"3,820.00"
2021-03-23,2021032305013127,GLH,19,58,10,381.00,"3,810.00"
2021-03-23,2021032305013122,GLH,21,28,10,381.00,"3,810.00"
2021-03-23,2021032305013120,GLH,57,11,10,381.00,"3,810.00"
2021-03-23,2021032305013118,GLH,57,39,10,381.00,"3,810.00"
2021-03-23,2021032305013106,GLH,57,38,10,381.00,"3,810.00"
2021-03-23,2021032305013152,GLH,54,42,10,382.00,"3,820.00"
2021-03-23,2021032305013151,GLH,57,11,10,381.00,"3,810.00"
2021-03-23,2021032305013150,GLH,57,45,10,381.00,"3,810.00"
2021-03-23,2021032305013142,GLH,57,28,10,381.00,"3,810.00"
2021-03-23,2021032305013131,GLH,57,58,10,381.00,"3,810.00"
2021-03-23,2021032305013129,GLH,57,28,10,381.00,"3,810.00"
2021-03-23,2021032305013176,NIFRA,54,49,50,537.00,"26,850.00"
2021-03-23,2021032305013175,NIFRA,18,34,40,538.00,"21,520.00"
2021-03-23,2021032305013174,NIFRA,18,34,10,538.00,"5,380.00"
2021-03-23,2021032305013173,NIFRA,3,34,50,538.00,"26,900.00"
2021-03-23,2021032305013172,NIFRA,54,44,50,537.00,"26,850.00"
2021-03-23,2021032305013171,NIFRA,5,44,10,537.00,"5,370.00"
2021-03-23,2021032305012681,NIFRA,13,3,30,540.00,"16,200.00"
2021-03-23,2021032305012680,NIFRA,13,41,60,540.00,"32,400.00"
2021-03-23,2021032305012679,NIFRA,13,58,60,540.00,"32,400.00"
2021-03-23,2021032305012678,NIFRA,13,58,50,540.00,"27,000.00"
2021-03-23,2021032305012677,NIFRA,13,58,50,540.00,"27,000.00"
2021-03-23,2021032305012687,NIFRA,13,48,60,540.00,"32,400.00"
2021-03-23,2021032305012686,NIFRA,13,25,50,540.00,"27,000.00"
2021-03-23,2021032305012685,NIFRA,13,21,50,540.00,"27,000.00"
2021-03-23,2021032305012684,NIFRA,13,40,50,540.00,"27,000.00"
2021-03-23,2021032305012683,NIFRA,13,54,50,540.00,"27,000.00"
2021-03-23,2021032305012682,NIFRA,13,49,60,540.00,"32,400.00"
2021-03-23,2021032305012693,NIFRA,13,25,50,540.00,"27,000.00"
2021-03-23,2021032305012692,NIFRA,13,38,10,540.00,"5,400.00"
2021-03-23,2021032305012691,NIFRA,13,22,25,540.00,"13,500.00"
2021-03-23,2021032305012690,NIFRA,13,54,50,540.00,"27,000.00"
2021-03-23,2021032305012689,NIFRA,13,57,50,540.00,"27,000.00"
2021-03-23,2021032305012688,NIFRA,13,34,20,540.00,"10,800.00"
2021-03-23,2021032305012699,NIFRA,13,16,40,540.00,"21,600.00"
2021-03-23,2021032305012698,NIFRA,13,34,50,540.00,"27,000.00"
2021-03-23,2021032305012697,NIFRA,13,16,60,540.00,"32,400.00"
2021-03-23,2021032305012696,NIFRA,13,13,60,540.00,"32,400.00"
2021-03-23,2021032305012695,NIFRA,13,14,50,540.00,"27,000.00"
2021-03-23,2021032305012694,NIFRA,13,16,10,540.00,"5,400.00"
2021-03-23,2021032305012707,NIFRA,13,3,20,540.00,"10,800.00"
2021-03-23,2021032305012705,NIFRA,13,57,10,540.00,"5,400.00"
2021-03-23,2021032305012704,NIFRA,13,45,50,540.00,"27,000.00"
2021-03-23,2021032305012703,NIFRA,13,34,60,540.00,"32,400.00"
2021-03-23,2021032305012702,NIFRA,13,55,50,540.00,"27,000.00"
2021-03-23,2021032305012701,NIFRA,13,55,60,540.00,"32,400.00"
2021-03-23,2021032305012719,NIFRA,13,55,50,540.00,"27,000.00"
2021-03-23,2021032305012713,NIFRA,13,59,50,540.00,"27,000.00"
2021-03-23,2021032305012712,NIFRA,13,57,10,540.00,"5,400.00"
2021-03-23,2021032305012711,NIFRA,13,45,50,540.00,"27,000.00"
2021-03-23,2021032305012709,NIFRA,13,46,40,540.00,"21,600.00"
2021-03-23,2021032305012708,NIFRA,13,46,50,540.00,"27,000.00"
2021-03-23,2021032305012727,NIFRA,38,40,60,540.00,"32,400.00"
2021-03-23,2021032305012726,NIFRA,38,59,35,540.00,"18,900.00"
2021-03-23,2021032305012725,NIFRA,57,59,50,540.00,"27,000.00"
2021-03-23,2021032305012723,NIFRA,58,59,500,540.00,"270,000.00"
2021-03-23,2021032305012721,NIFRA,49,59,200,540.00,"108,000.00"
2021-03-23,2021032305012720,NIFRA,13,59,215,540.00,"116,100.00"
2021-03-23,2021032305012733,NIFRA,38,14,50,541.00,"27,050.00"
2021-03-23,2021032305012732,NIFRA,38,59,50,540.00,"27,000.00"
2021-03-23,2021032305012731,NIFRA,38,13,500,540.00,"270,000.00"
2021-03-23,2021032305012730,NIFRA,38,45,50,540.00,"27,000.00"
2021-03-23,2021032305012729,NIFRA,38,13,50,540.00,"27,000.00"
2021-03-23,2021032305012728,NIFRA,38,45,50,540.00,"27,000.00"
2021-03-23,2021032305012741,NIFRA,48,52,60,540.00,"32,400.00"
2021-03-23,2021032305012740,NIFRA,48,21,10,540.00,"5,400.00"
2021-03-23,2021032305012739,NIFRA,48,55,50,540.00,"27,000.00"
2021-03-23,2021032305012736,NIFRA,38,42,95,541.00,"51,395.00"
2021-03-23,2021032305012735,NIFRA,38,34,50,541.00,"27,050.00"
2021-03-23,2021032305012734,NIFRA,38,58,10,541.00,"5,410.00"
2021-03-23,2021032305012748,NIFRA,36,16,20,540.00,"10,800.00"
2021-03-23,2021032305012747,NIFRA,36,40,20,540.00,"10,800.00"
2021-03-23,2021032305012746,NIFRA,51,54,50,539.00,"26,950.00"
2021-03-23,2021032305012745,NIFRA,52,40,20,540.00,"10,800.00"
2021-03-23,2021032305012744,NIFRA,48,40,20,540.00,"10,800.00"
2021-03-23,2021032305012743,NIFRA,48,49,60,540.00,"32,400.00"
2021-03-23,2021032305012762,NIFRA,40,55,40,539.00,"21,560.00"
2021-03-23,2021032305012756,NIFRA,32,51,20,540.00,"10,800.00"
2021-03-23,2021032305012755,NIFRA,32,6,20,540.00,"10,800.00"
2021-03-23,2021032305012754,NIFRA,28,6,20,540.00,"10,800.00"
2021-03-23,2021032305012752,NIFRA,40,19,60,539.00,"32,340.00"
2021-03-23,2021032305012749,NIFRA,36,6,10,540.00,"5,400.00"
2021-03-23,2021032305012774,NIFRA,1,39,30,540.00,"16,200.00"
2021-03-23,2021032305012773,NIFRA,58,39,20,540.00,"10,800.00"
2021-03-23,2021032305012772,NIFRA,58,51,30,540.00,"16,200.00"
2021-03-23,2021032305012771,NIFRA,58,11,50,540.00,"27,000.00"
2021-03-23,2021032305012765,NIFRA,39,16,50,539.00,"26,950.00"
2021-03-23,2021032305012763,NIFRA,39,55,10,539.00,"5,390.00"
2021-03-23,2021032305012781,NIFRA,14,58,30,539.00,"16,170.00"
2021-03-23,2021032305012780,NIFRA,14,58,20,539.00,"10,780.00"
2021-03-23,2021032305012779,NIFRA,39,58,40,539.00,"21,560.00"
2021-03-23,2021032305012777,NIFRA,1,16,30,540.00,"16,200.00"
2021-03-23,2021032305012776,NIFRA,1,39,50,540.00,"27,000.00"
2021-03-23,2021032305012775,NIFRA,1,13,40,540.00,"21,600.00"
2021-03-23,2021032305012787,NIFRA,42,58,60,541.00,"32,460.00"
2021-03-23,2021032305012786,NIFRA,42,51,60,541.00,"32,460.00"
2021-03-23,2021032305012785,NIFRA,42,58,300,541.00,"162,300.00"
2021-03-23,2021032305012784,NIFRA,42,42,155,541.00,"83,855.00"
2021-03-23,2021032305012783,NIFRA,42,16,30,540.00,"16,200.00"
2021-03-23,2021032305012782,NIFRA,48,58,20,539.00,"10,780.00"
2021-03-23,2021032305012793,NIFRA,45,38,30,540.00,"16,200.00"
2021-03-23,2021032305012792,NIFRA,48,39,35,539.00,"18,865.00"
2021-03-23,2021032305012791,NIFRA,42,39,15,541.00,"8,115.00"
2021-03-23,2021032305012790,NIFRA,42,58,50,541.00,"27,050.00"
2021-03-23,2021032305012789,NIFRA,42,22,60,541.00,"32,460.00"
2021-03-23,2021032305012788,NIFRA,42,16,20,541.00,"10,820.00"
2021-03-23,2021032305012804,NIFRA,45,16,20,539.00,"10,780.00"
2021-03-23,2021032305012803,NIFRA,42,16,40,539.00,"21,560.00"
2021-03-23,2021032305012800,NIFRA,52,58,50,539.00,"26,950.00"
2021-03-23,2021032305012799,NIFRA,48,58,10,539.00,"5,390.00"
2021-03-23,2021032305012797,NIFRA,48,35,60,539.00,"32,340.00"
2021-03-23,2021032305012794,NIFRA,45,58,30,540.00,"16,200.00"
2021-03-23,2021032305012812,NIFRA,38,58,30,540.00,"16,200.00"
2021-03-23,2021032305012811,NIFRA,38,46,70,540.00,"37,800.00"
2021-03-23,2021032305012809,NIFRA,45,35,60,539.00,"32,340.00"
2021-03-23,2021032305012807,NIFRA,45,46,30,540.00,"16,200.00"
2021-03-23,2021032305012806,NIFRA,45,22,50,540.00,"27,000.00"
2021-03-23,2021032305012805,NIFRA,45,21,50,540.00,"27,000.00"
2021-03-23,2021032305012820,NIFRA,17,58,50,540.00,"27,000.00"
2021-03-23,2021032305012818,NIFRA,17,11,50,540.00,"27,000.00"
2021-03-23,2021032305012817,NIFRA,17,58,10,540.00,"5,400.00"
2021-03-23,2021032305012816,NIFRA,45,39,50,539.00,"26,950.00"
2021-03-23,2021032305012815,NIFRA,45,16,60,539.00,"32,340.00"
2021-03-23,2021032305012813,NIFRA,35,58,10,540.00,"5,400.00"
2021-03-23,2021032305012827,NIFRA,45,54,140,539.00,"75,460.00"
2021-03-23,2021032305012826,NIFRA,45,54,10,539.00,"5,390.00"
2021-03-23,2021032305012825,NIFRA,41,54,100,540.00,"54,000.00"
2021-03-23,2021032305012824,NIFRA,17,54,230,540.00,"124,200.00"
2021-03-23,2021032305012823,NIFRA,17,58,60,540.00,"32,400.00"
2021-03-23,2021032305012822,NIFRA,17,32,50,540.00,"27,000.00"
2021-03-23,2021032305012835,NIFRA,58,45,140,539.00,"75,460.00"
2021-03-23,2021032305012834,NIFRA,57,45,100,539.00,"53,900.00"
2021-03-23,2021032305012833,NIFRA,57,53,50,539.00,"26,950.00"
2021-03-23,2021032305012832,NIFRA,57,35,10,539.00,"5,390.00"
2021-03-23,2021032305012831,NIFRA,38,35,30,539.00,"16,170.00"
2021-03-23,2021032305012828,NIFRA,38,54,20,539.00,"10,780.00"
2021-03-23,2021032305012841,NIFRA,43,45,260,538.00,"139,880.00"
2021-03-23,2021032305012840,NIFRA,41,45,300,538.00,"161,400.00"
2021-03-23,2021032305012839,NIFRA,45,45,10,538.00,"5,380.00"
2021-03-23,2021032305012838,NIFRA,49,45,100,538.00,"53,800.00"
2021-03-23,2021032305012837,NIFRA,57,45,20,538.00,"10,760.00"
2021-03-23,2021032305012836,NIFRA,3,45,80,538.00,"43,040.00"
2021-03-23,2021032305012848,NIFRA,39,34,10,539.00,"5,390.00"
2021-03-23,2021032305012847,NIFRA,25,34,50,539.00,"26,950.00"
2021-03-23,2021032305012846,NIFRA,25,41,50,539.00,"26,950.00"
2021-03-23,2021032305012844,NIFRA,32,45,231,538.00,"124,278.00"
2021-03-23,2021032305012843,NIFRA,39,45,50,538.00,"26,900.00"
2021-03-23,2021032305012842,NIFRA,35,45,200,538.00,"107,600.00"
2021-03-23,2021032305012859,NIFRA,16,45,50,540.00,"27,000.00"
2021-03-23,2021032305012853,NIFRA,58,41,50,541.00,"27,050.00"
2021-03-23,2021032305012852,NIFRA,16,6,50,540.00,"27,000.00"
2021-03-23,2021032305012851,NIFRA,16,45,50,540.00,"27,000.00"
2021-03-23,2021032305012850,NIFRA,16,6,50,540.00,"27,000.00"
2021-03-23,2021032305012849,NIFRA,39,58,50,539.00,"26,950.00"
2021-03-23,2021032305012874,NIFRA,38,45,100,540.00,"54,000.00"
2021-03-23,2021032305012873,NIFRA,39,38,40,539.00,"21,560.00"
2021-03-23,2021032305012864,NIFRA,39,48,120,539.00,"64,680.00"
2021-03-23,2021032305012863,NIFRA,55,45,50,540.00,"27,000.00"
2021-03-23,2021032305012861,NIFRA,55,38,60,540.00,"32,400.00"
2021-03-23,2021032305012860,NIFRA,55,45,10,540.00,"5,400.00"
2021-03-23,2021032305012901,NIFRA,59,58,50,540.00,"27,000.00"
2021-03-23,2021032305012900,NIFRA,59,45,10,540.00,"5,400.00"
2021-03-23,2021032305012899,NIFRA,39,39,60,539.00,"32,340.00"
2021-03-23,2021032305012898,NIFRA,39,37,60,539.00,"32,340.00"
2021-03-23,2021032305012896,NIFRA,39,58,50,539.00,"26,950.00"
2021-03-23,2021032305012895,NIFRA,52,45,40,540.00,"21,600.00"
2021-03-23,2021032305012914,NIFRA,57,57,60,540.00,"32,400.00"
2021-03-23,2021032305012913,NIFRA,57,58,20,540.00,"10,800.00"
2021-03-23,2021032305012910,NIFRA,39,57,50,539.00,"26,950.00"
2021-03-23,2021032305012904,NIFRA,59,58,30,540.00,"16,200.00"
2021-03-23,2021032305012903,NIFRA,59,39,50,540.00,"27,000.00"
2021-03-23,2021032305012902,NIFRA,59,41,60,540.00,"32,400.00"
2021-03-23,2021032305012920,NIFRA,59,16,50,540.00,"27,000.00"
2021-03-23,2021032305012919,NIFRA,59,55,50,540.00,"27,000.00"
2021-03-23,2021032305012918,NIFRA,59,43,50,540.00,"27,000.00"
2021-03-23,2021032305012917,NIFRA,59,14,50,540.00,"27,000.00"
2021-03-23,2021032305012916,NIFRA,59,55,40,540.00,"21,600.00"
2021-03-23,2021032305012915,NIFRA,57,55,20,540.00,"10,800.00"
2021-03-23,2021032305012926,NIFRA,59,55,70,540.00,"37,800.00"
2021-03-23,2021032305012925,NIFRA,59,59,20,540.00,"10,800.00"
2021-03-23,2021032305012924,NIFRA,59,55,50,540.00,"27,000.00"
2021-03-23,2021032305012923,NIFRA,59,45,50,540.00,"27,000.00"
2021-03-23,2021032305012922,NIFRA,59,58,10,540.00,"5,400.00"
2021-03-23,2021032305012921,NIFRA,59,55,60,540.00,"32,400.00"
2021-03-23,2021032305012932,NIFRA,32,55,500,539.00,"269,500.00"
2021-03-23,2021032305012931,NIFRA,43,55,15,539.00,"8,085.00"
2021-03-23,2021032305012930,NIFRA,37,55,30,539.00,"16,170.00"
2021-03-23,2021032305012929,NIFRA,39,55,500,539.00,"269,500.00"
2021-03-23,2021032305012928,NIFRA,39,55,500,539.00,"269,500.00"
2021-03-23,2021032305012927,NIFRA,39,55,60,539.00,"32,340.00"
2021-03-23,2021032305012939,NIFRA,32,42,60,539.00,"32,340.00"
2021-03-23,2021032305012938,NIFRA,32,8,50,539.00,"26,950.00"
2021-03-23,2021032305012937,NIFRA,32,56,60,539.00,"32,340.00"
2021-03-23,2021032305012935,NIFRA,32,45,50,539.00,"26,950.00"
2021-03-23,2021032305012934,NIFRA,32,55,25,539.00,"13,475.00"
2021-03-23,2021032305012933,NIFRA,45,55,300,539.00,"161,700.00"
2021-03-23,2021032305012946,NIFRA,29,58,10,540.00,"5,400.00"
2021-03-23,2021032305012945,NIFRA,29,59,50,540.00,"27,000.00"
2021-03-23,2021032305012944,NIFRA,29,56,60,540.00,"32,400.00"
2021-03-23,2021032305012943,NIFRA,29,55,60,540.00,"32,400.00"
2021-03-23,2021032305012942,NIFRA,32,21,60,539.00,"32,340.00"
2021-03-23,2021032305012940,NIFRA,32,8,60,539.00,"32,340.00"
2021-03-23,2021032305012952,NIFRA,29,41,50,541.00,"27,050.00"
2021-03-23,2021032305012951,NIFRA,29,42,200,541.00,"108,200.00"
2021-03-23,2021032305012950,NIFRA,29,22,150,541.00,"81,150.00"
2021-03-23,2021032305012949,NIFRA,29,43,500,541.00,"270,500.00"
2021-03-23,2021032305012948,NIFRA,29,41,10,541.00,"5,410.00"
2021-03-23,2021032305012947,NIFRA,29,33,50,540.00,"27,000.00"
2021-03-23,2021032305012958,NIFRA,29,36,50,541.00,"27,050.00"
2021-03-23,2021032305012957,NIFRA,29,25,50,541.00,"27,050.00"
2021-03-23,2021032305012956,NIFRA,29,42,50,541.00,"27,050.00"
2021-03-23,2021032305012955,NIFRA,29,56,50,541.00,"27,050.00"
2021-03-23,2021032305012954,NIFRA,29,55,60,541.00,"32,460.00"
2021-03-23,2021032305012953,NIFRA,29,40,60,541.00,"32,460.00"
2021-03-23,2021032305012966,NIFRA,17,36,40,540.00,"21,600.00"
2021-03-23,2021032305012965,NIFRA,32,42,50,539.00,"26,950.00"
2021-03-23,2021032305012964,NIFRA,55,36,10,540.00,"5,400.00"
2021-03-23,2021032305012963,NIFRA,29,55,"1,480",541.00,"800,680.00"
2021-03-23,2021032305012962,NIFRA,29,10,10,541.00,"5,410.00"
2021-03-23,2021032305012960,NIFRA,29,45,50,541.00,"27,050.00"
2021-03-23,2021032305012973,NIFRA,58,50,50,542.00,"27,100.00"
2021-03-23,2021032305012972,NIFRA,58,35,50,542.00,"27,100.00"
2021-03-23,2021032305012971,NIFRA,58,42,10,542.00,"5,420.00"
2021-03-23,2021032305012970,NIFRA,58,58,60,541.00,"32,460.00"
2021-03-23,2021032305012969,NIFRA,58,55,20,541.00,"10,820.00"
2021-03-23,2021032305012968,NIFRA,17,43,60,540.00,"32,400.00"
2021-03-23,2021032305012982,NIFRA,50,56,40,540.00,"21,600.00"
2021-03-23,2021032305012981,NIFRA,50,44,60,540.00,"32,400.00"
2021-03-23,2021032305012978,NIFRA,32,42,60,539.00,"32,340.00"
2021-03-23,2021032305012977,NIFRA,32,56,20,539.00,"10,780.00"
2021-03-23,2021032305012976,NIFRA,17,56,30,540.00,"16,200.00"
2021-03-23,2021032305012974,NIFRA,58,14,30,542.00,"16,260.00"
2021-03-23,2021032305012989,NIFRA,38,56,60,540.00,"32,400.00"
2021-03-23,2021032305012988,NIFRA,32,38,10,539.00,"5,390.00"
2021-03-23,2021032305012987,NIFRA,32,8,50,539.00,"26,950.00"
2021-03-23,2021032305012986,NIFRA,32,56,20,539.00,"10,780.00"
2021-03-23,2021032305012985,NIFRA,13,56,30,539.00,"16,170.00"
2021-03-23,2021032305012984,NIFRA,45,45,8,544.00,"4,352.00"
2021-03-23,2021032305012996,NIFRA,32,36,410,539.00,"220,990.00"
2021-03-23,2021032305012995,NIFRA,35,36,140,539.00,"75,460.00"
2021-03-23,2021032305012994,NIFRA,32,44,10,539.00,"5,390.00"
2021-03-23,2021032305012993,NIFRA,38,44,50,540.00,"27,000.00"
2021-03-23,2021032305012992,NIFRA,38,42,40,540.00,"21,600.00"
2021-03-23,2021032305012990,NIFRA,38,34,50,540.00,"27,000.00"
2021-03-23,2021032305013002,NIFRA,54,36,50,538.00,"26,900.00"
2021-03-23,2021032305013001,NIFRA,28,36,100,538.00,"53,800.00"
2021-03-23,2021032305013000,NIFRA,32,36,269,538.00,"144,722.00"
2021-03-23,2021032305012999,NIFRA,59,36,500,539.00,"269,500.00"
2021-03-23,2021032305012998,NIFRA,56,36,55,539.00,"29,645.00"
2021-03-23,2021032305012997,NIFRA,39,36,50,539.00,"26,950.00"
2021-03-23,2021032305013009,NIFRA,59,8,50,539.00,"26,950.00"
2021-03-23,2021032305013007,NIFRA,59,56,50,539.00,"26,950.00"
2021-03-23,2021032305013006,NIFRA,59,6,50,539.00,"26,950.00"
2021-03-23,2021032305013005,NIFRA,25,36,341,538.00,"183,458.00"
2021-03-23,2021032305013004,NIFRA,52,36,50,538.00,"26,900.00"
2021-03-23,2021032305013003,NIFRA,45,36,85,538.00,"45,730.00"
2021-03-23,2021032305013016,NIFRA,53,28,100,540.00,"54,000.00"
2021-03-23,2021032305013015,NIFRA,59,8,50,539.00,"26,950.00"
2021-03-23,2021032305013014,NIFRA,59,42,50,539.00,"26,950.00"
2021-03-23,2021032305013013,NIFRA,59,10,10,539.00,"5,390.00"
2021-03-23,2021032305013012,NIFRA,59,44,50,539.00,"26,950.00"
2021-03-23,2021032305013010,NIFRA,59,42,60,539.00,"32,340.00"
2021-03-23,2021032305013023,NIFRA,59,36,45,539.00,"24,255.00"
2021-03-23,2021032305013022,NIFRA,59,17,60,539.00,"32,340.00"
2021-03-23,2021032305013020,NIFRA,59,48,150,540.00,"81,000.00"
2021-03-23,2021032305013019,NIFRA,14,48,250,540.00,"135,000.00"
2021-03-23,2021032305013018,NIFRA,14,53,50,540.00,"27,000.00"
2021-03-23,2021032305013017,NIFRA,59,6,25,539.00,"13,475.00"
2021-03-23,2021032305013032,NIFRA,8,48,50,540.00,"27,000.00"
2021-03-23,2021032305013031,NIFRA,50,55,50,539.00,"26,950.00"
2021-03-23,2021032305013027,NIFRA,58,8,50,539.00,"26,950.00"
2021-03-23,2021032305013026,NIFRA,58,42,50,539.00,"26,950.00"
2021-03-23,2021032305013025,NIFRA,58,48,50,540.00,"27,000.00"
2021-03-23,2021032305013024,NIFRA,32,36,5,539.00,"2,695.00"
2021-03-23,2021032305013046,NIFRA,50,6,20,539.00,"10,780.00"
2021-03-23,2021032305013041,NIFRA,55,29,60,540.00,"32,400.00"
2021-03-23,2021032305013040,NIFRA,50,45,40,539.00,"21,560.00"
2021-03-23,2021032305013037,NIFRA,50,36,60,539.00,"32,340.00"
2021-03-23,2021032305013036,NIFRA,50,44,60,539.00,"32,340.00"
2021-03-23,2021032305013033,NIFRA,8,34,50,540.00,"27,000.00"
2021-03-23,2021032305013053,NIFRA,50,44,50,539.00,"26,950.00"
2021-03-23,2021032305013052,NIFRA,50,36,50,539.00,"26,950.00"
2021-03-23,2021032305013051,NIFRA,50,8,50,539.00,"26,950.00"
2021-03-23,2021032305013050,NIFRA,50,38,20,539.00,"10,780.00"
2021-03-23,2021032305013049,NIFRA,50,19,60,539.00,"32,340.00"
2021-03-23,2021032305013048,NIFRA,50,3,60,539.00,"32,340.00"
2021-03-23,2021032305013059,NIFRA,59,39,50,539.00,"26,950.00"
2021-03-23,2021032305013058,NIFRA,59,55,255,539.00,"137,445.00"
2021-03-23,2021032305013057,NIFRA,57,55,125,539.00,"67,375.00"
2021-03-23,2021032305013056,NIFRA,29,55,200,539.00,"107,800.00"
2021-03-23,2021032305013055,NIFRA,50,55,420,539.00,"226,380.00"
2021-03-23,2021032305013054,NIFRA,50,45,60,539.00,"32,340.00"
2021-03-23,2021032305013067,NIFRA,22,20,100,540.00,"54,000.00"
2021-03-23,2021032305013066,NIFRA,22,16,50,540.00,"27,000.00"
2021-03-23,2021032305013065,NIFRA,1,16,50,540.00,"27,000.00"
2021-03-23,2021032305013064,NIFRA,1,25,30,540.00,"16,200.00"
2021-03-23,2021032305013063,NIFRA,59,38,50,539.00,"26,950.00"
2021-03-23,2021032305013062,NIFRA,59,43,50,539.00,"26,950.00"
2021-03-23,2021032305013077,NIFRA,38,58,60,539.00,"32,340.00"
2021-03-23,2021032305013076,NIFRA,38,29,50,539.00,"26,950.00"
2021-03-23,2021032305013075,NIFRA,47,20,50,540.00,"27,000.00"
2021-03-23,2021032305013073,NIFRA,38,8,50,539.00,"26,950.00"
2021-03-23,2021032305013072,NIFRA,59,57,45,539.00,"24,255.00"
2021-03-23,2021032305013071,NIFRA,59,39,50,539.00,"26,950.00"
2021-03-23,2021032305013083,NIFRA,38,8,50,539.00,"26,950.00"
2021-03-23,2021032305013082,NIFRA,38,48,60,539.00,"32,340.00"
2021-03-23,2021032305013081,NIFRA,38,44,50,539.00,"26,950.00"
2021-03-23,2021032305013080,NIFRA,38,51,20,539.00,"10,780.00"
2021-03-23,2021032305013079,NIFRA,38,45,50,539.00,"26,950.00"
2021-03-23,2021032305013078,NIFRA,38,58,50,539.00,"26,950.00"
2021-03-23,2021032305013092,NIFRA,17,59,200,539.00,"107,800.00"
2021-03-23,2021032305013091,NIFRA,17,59,50,539.00,"26,950.00"
2021-03-23,2021032305013088,NIFRA,38,59,460,539.00,"247,940.00"
2021-03-23,2021032305013087,NIFRA,41,59,400,539.00,"215,600.00"
2021-03-23,2021032305013085,NIFRA,38,52,50,539.00,"26,950.00"
2021-03-23,2021032305013084,NIFRA,38,39,50,539.00,"26,950.00"
2021-03-23,2021032305013100,NIFRA,47,49,5,538.00,"2,690.00"
2021-03-23,2021032305013099,NIFRA,25,7,60,538.00,"32,280.00"
2021-03-23,2021032305013097,NIFRA,25,39,50,538.00,"26,900.00"
2021-03-23,2021032305013096,NIFRA,41,59,75,539.00,"40,425.00"
2021-03-23,2021032305013095,NIFRA,25,58,20,538.00,"10,760.00"
2021-03-23,2021032305013094,NIFRA,35,59,100,539.00,"53,900.00"
2021-03-23,2021032305013109,NIFRA,25,20,30,538.00,"16,140.00"
2021-03-23,2021032305013108,NIFRA,33,20,379,538.00,"203,902.00"
2021-03-23,2021032305013107,NIFRA,33,33,150,538.00,"80,700.00"
2021-03-23,2021032305013104,NIFRA,6,59,100,539.00,"53,900.00"
2021-03-23,2021032305013103,NIFRA,33,55,471,538.00,"253,398.00"
2021-03-23,2021032305013102,NIFRA,25,55,529,538.00,"284,602.00"
2021-03-23,2021032305013115,NIFRA,1,34,50,538.00,"26,900.00"
2021-03-23,2021032305013114,NIFRA,1,20,221,538.00,"118,898.00"
2021-03-23,2021032305013113,NIFRA,57,20,100,538.00,"53,800.00"
2021-03-23,2021032305013112,NIFRA,17,20,50,538.00,"26,900.00"
2021-03-23,2021032305013111,NIFRA,37,20,20,538.00,"10,760.00"
2021-03-23,2021032305013110,NIFRA,44,20,50,538.00,"26,900.00"
2021-03-23,2021032305013124,NIFRA,1,22,19,538.00,"10,222.00"
2021-03-23,2021032305013123,NIFRA,1,44,50,538.00,"26,900.00"
2021-03-23,2021032305013121,NIFRA,1,58,50,538.00,"26,900.00"
2021-03-23,2021032305013119,NIFRA,49,59,20,539.00,"10,780.00"
2021-03-23,2021032305013117,NIFRA,1,45,50,538.00,"26,900.00"
2021-03-23,2021032305013116,NIFRA,1,39,60,538.00,"32,280.00"
2021-03-23,2021032305013134,NIFRA,29,17,50,538.00,"26,900.00"
2021-03-23,2021032305013133,NIFRA,36,59,150,539.00,"80,850.00"
2021-03-23,2021032305013132,NIFRA,37,59,50,539.00,"26,950.00"
2021-03-23,2021032305013130,NIFRA,42,50,50,538.00,"26,900.00"
2021-03-23,2021032305013126,NIFRA,42,32,60,538.00,"32,280.00"
2021-03-23,2021032305013125,NIFRA,42,22,31,538.00,"16,678.00"
2021-03-23,2021032305013140,NIFRA,1,58,30,538.00,"16,140.00"
2021-03-23,2021032305013139,NIFRA,19,59,100,539.00,"53,900.00"
2021-03-23,2021032305013138,NIFRA,1,43,60,538.00,"32,280.00"
2021-03-23,2021032305013137,NIFRA,39,43,100,538.00,"53,800.00"
2021-03-23,2021032305013136,NIFRA,1,6,10,538.00,"5,380.00"
2021-03-23,2021032305013135,NIFRA,29,6,50,538.00,"26,900.00"
2021-03-23,2021032305013147,NIFRA,48,44,50,538.00,"26,900.00"
2021-03-23,2021032305013146,NIFRA,48,45,30,538.00,"16,140.00"
2021-03-23,2021032305013145,NIFRA,38,46,5,540.00,"2,700.00"
2021-03-23,2021032305013144,NIFRA,39,45,20,538.00,"10,760.00"
2021-03-23,2021032305013143,NIFRA,39,49,50,538.00,"26,900.00"
2021-03-23,2021032305013141,NIFRA,39,58,30,538.00,"16,140.00"
2021-03-23,2021032305013161,NIFRA,5,16,50,537.00,"26,850.00"
2021-03-23,2021032305013160,NIFRA,5,44,60,537.00,"32,220.00"
2021-03-23,2021032305013155,NIFRA,28,58,40,538.00,"21,520.00"
2021-03-23,2021032305013154,NIFRA,28,3,10,538.00,"5,380.00"
2021-03-23,2021032305013149,NIFRA,11,3,20,538.00,"10,760.00"
2021-03-23,2021032305013148,NIFRA,48,3,20,538.00,"10,760.00"
2021-03-23,2021032305013170,NIFRA,11,43,60,538.00,"32,280.00"
2021-03-23,2021032305013169,NIFRA,11,33,40,538.00,"21,520.00"
2021-03-23,2021032305013168,NIFRA,5,11,50,537.00,"26,850.00"
2021-03-23,2021032305013167,NIFRA,16,33,10,538.00,"5,380.00"
2021-03-23,2021032305013166,NIFRA,19,57,50,538.00,"26,900.00"
2021-03-23,2021032305013162,NIFRA,45,58,10,538.00,"5,380.00"
2021-03-23,2021032305012648,CGH,3,38,10,"1,719.00","17,190.00"
2021-03-23,2021032305012642,CGH,3,38,10,"1,719.00","17,190.00"
2021-03-23,2021032305012631,CGH,3,38,10,"1,719.00","17,190.00"
2021-03-23,2021032305012626,CGH,3,38,10,"1,719.00","17,190.00"
2021-03-23,2021032305012543,CGH,3,34,10,"1,719.00","17,190.00"
2021-03-23,2021032305012473,CGH,3,58,10,"1,719.00","17,190.00"
2021-03-23,2021032305012336,CGH,3,40,10,"1,719.00","17,190.00"
2021-03-23,2021032305012253,CGH,3,44,10,"1,719.00","17,190.00"
2021-03-23,2021032305012194,CGH,3,57,10,"1,719.00","17,190.00"
2021-03-23,2021032305012177,CGH,3,6,10,"1,719.00","17,190.00"
2021-03-23,2021032305012658,GLH,42,58,30,377.00,"11,310.00"
2021-03-23,2021032305012657,GLH,42,33,10,377.00,"3,770.00"
2021-03-23,2021032305012656,GLH,42,58,10,377.00,"3,770.00"
2021-03-23,2021032305012655,GLH,42,57,10,377.00,"3,770.00"
2021-03-23,2021032305012654,GLH,42,58,40,377.00,"15,080.00"
2021-03-23,2021032305012644,GLH,6,38,10,376.00,"3,760.00"
2021-03-23,2021032305012211,GLH,55,34,10,377.00,"3,770.00"
2021-03-23,2021032305012210,GLH,55,50,10,377.00,"3,770.00"
2021-03-23,2021032305012196,GLH,55,26,10,377.00,"3,770.00"
2021-03-23,2021032305012183,GLH,55,26,10,377.00,"3,770.00"
2021-03-23,2021032305012182,GLH,55,58,10,377.00,"3,770.00"
2021-03-23,2021032305012178,GLH,55,6,10,377.00,"3,770.00"
2021-03-23,2021032305012288,GLH,57,26,10,378.00,"3,780.00"
2021-03-23,2021032305012287,GLH,57,57,10,378.00,"3,780.00"
2021-03-23,2021032305012285,GLH,55,34,10,377.00,"3,770.00"
2021-03-23,2021032305012282,GLH,55,26,10,377.00,"3,770.00"
2021-03-23,2021032305012254,GLH,55,26,10,377.00,"3,770.00"
2021-03-23,2021032305012212,GLH,55,26,10,377.00,"3,770.00"
2021-03-23,2021032305012309,GLH,55,26,10,377.00,"3,770.00"
2021-03-23,2021032305012304,GLH,55,38,10,377.00,"3,770.00"
2021-03-23,2021032305012295,GLH,55,14,10,377.00,"3,770.00"
2021-03-23,2021032305012294,GLH,55,34,10,377.00,"3,770.00"
2021-03-23,2021032305012293,GLH,55,7,10,377.00,"3,770.00"
2021-03-23,2021032305012292,GLH,55,55,10,377.00,"3,770.00"
2021-03-23,2021032305012340,GLH,55,26,10,377.00,"3,770.00"
2021-03-23,2021032305012337,GLH,55,26,10,377.00,"3,770.00"
2021-03-23,2021032305012322,GLH,55,59,10,377.00,"3,770.00"
2021-03-23,2021032305012316,GLH,55,13,10,377.00,"3,770.00"
2021-03-23,2021032305012311,GLH,57,14,10,379.00,"3,790.00"
2021-03-23,2021032305012310,GLH,57,38,10,378.00,"3,780.00"
2021-03-23,2021032305012413,GLH,34,47,10,377.00,"3,770.00"
2021-03-23,2021032305012408,GLH,55,26,10,377.00,"3,770.00"
2021-03-23,2021032305012392,GLH,45,10,10,379.00,"3,790.00"
2021-03-23,2021032305012390,GLH,55,26,10,377.00,"3,770.00"
2021-03-23,2021032305012383,GLH,55,42,10,377.00,"3,770.00"
2021-03-23,2021032305012341,GLH,55,14,10,377.00,"3,770.00"
2021-03-23,2021032305012443,GLH,6,32,10,378.00,"3,780.00"
2021-03-23,2021032305012424,GLH,6,29,10,378.00,"3,780.00"
2021-03-23,2021032305012423,GLH,6,54,10,377.00,"3,770.00"
2021-03-23,2021032305012422,GLH,6,48,10,377.00,"3,770.00"
2021-03-23,2021032305012421,GLH,6,58,10,377.00,"3,770.00"
2021-03-23,2021032305012420,GLH,6,26,10,376.00,"3,760.00"
2021-03-23,2021032305012459,GLH,1,33,10,378.00,"3,780.00"
2021-03-23,2021032305012457,GLH,6,20,10,378.00,"3,780.00"
2021-03-23,2021032305012456,GLH,6,26,10,378.00,"3,780.00"
2021-03-23,2021032305012455,GLH,6,48,10,378.00,"3,780.00"
2021-03-23,2021032305012450,GLH,6,20,10,378.00,"3,780.00"
2021-03-23,2021032305012444,GLH,6,59,10,378.00,"3,780.00"
2021-03-23,2021032305012517,GLH,46,4,160,380.00,"60,800.00"
2021-03-23,2021032305012496,GLH,38,56,10,379.00,"3,790.00"
2021-03-23,2021032305012481,GLH,38,26,10,379.00,"3,790.00"
2021-03-23,2021032305012465,GLH,38,42,10,379.00,"3,790.00"
2021-03-23,2021032305012464,GLH,38,25,10,379.00,"3,790.00"
2021-03-23,2021032305012463,GLH,38,22,10,379.00,"3,790.00"
2021-03-23,2021032305012557,GLH,38,57,10,379.00,"3,790.00"
2021-03-23,2021032305012544,GLH,38,8,10,379.00,"3,790.00"
2021-03-23,2021032305012538,GLH,38,58,10,379.00,"3,790.00"
2021-03-23,2021032305012534,GLH,38,58,10,379.00,"3,790.00"
2021-03-23,2021032305012527,GLH,38,58,10,379.00,"3,790.00"
2021-03-23,2021032305012519,GLH,38,58,10,379.00,"3,790.00"
2021-03-23,2021032305012613,GLH,59,57,10,378.00,"3,780.00"
2021-03-23,2021032305012602,GLH,38,58,50,379.00,"18,950.00"
2021-03-23,2021032305012597,GLH,38,17,10,379.00,"3,790.00"
2021-03-23,2021032305012567,GLH,38,59,10,379.00,"3,790.00"
2021-03-23,2021032305012565,GLH,38,1,10,379.00,"3,790.00"
2021-03-23,2021032305012560,GLH,38,7,10,379.00,"3,790.00"
2021-03-23,2021032305012633,GLH,17,40,10,378.00,"3,780.00"
2021-03-23,2021032305012630,GLH,21,38,10,377.00,"3,770.00"
2021-03-23,2021032305012624,GLH,21,26,10,377.00,"3,770.00"
2021-03-23,2021032305012621,GLH,59,54,10,378.00,"3,780.00"
2021-03-23,2021032305012620,GLH,59,38,10,378.00,"3,780.00"
2021-03-23,2021032305012619,GLH,59,28,10,378.00,"3,780.00"
2021-03-23,2021032305012639,GLH,35,58,30,377.00,"11,310.00"
2021-03-23,2021032305012638,GLH,21,58,30,377.00,"11,310.00"
2021-03-23,2021032305012637,GLH,17,4,20,380.00,"7,600.00"
2021-03-23,2021032305012636,GLH,17,41,10,379.00,"3,790.00"
2021-03-23,2021032305012635,GLH,17,40,10,379.00,"3,790.00"
2021-03-23,2021032305012634,GLH,17,58,50,379.00,"18,950.00"
2021-03-23,2021032305012676,NIFRA,13,8,60,540.00,"32,400.00"
2021-03-23,2021032305012675,NIFRA,13,58,60,540.00,"32,400.00"
2021-03-23,2021032305012674,NIFRA,13,29,60,540.00,"32,400.00"
2021-03-23,2021032305012673,NIFRA,13,49,50,540.00,"27,000.00"
2021-03-23,2021032305012672,NIFRA,13,53,60,540.00,"32,400.00"
2021-03-23,2021032305012671,NIFRA,13,58,50,540.00,"27,000.00"
2021-03-23,2021032305012184,NIFRA,25,43,50,544.00,"27,200.00"
2021-03-23,2021032305012181,NIFRA,41,6,10,545.00,"5,450.00"
2021-03-23,2021032305012180,NIFRA,41,8,50,545.00,"27,250.00"
2021-03-23,2021032305012179,NIFRA,17,6,20,545.00,"10,900.00"
2021-03-23,2021032305012190,NIFRA,6,55,140,544.00,"76,160.00"
2021-03-23,2021032305012189,NIFRA,38,55,100,544.00,"54,400.00"
2021-03-23,2021032305012188,NIFRA,34,55,100,544.00,"54,400.00"
2021-03-23,2021032305012187,NIFRA,38,55,800,544.00,"435,200.00"
2021-03-23,2021032305012186,NIFRA,25,55,40,544.00,"21,760.00"
2021-03-23,2021032305012185,NIFRA,55,55,"1,200",544.00,"652,800.00"
2021-03-23,2021032305012198,NIFRA,51,55,10,543.00,"5,430.00"
2021-03-23,2021032305012197,NIFRA,41,55,100,543.00,"54,300.00"
2021-03-23,2021032305012195,NIFRA,22,38,50,544.00,"27,200.00"
2021-03-23,2021032305012193,NIFRA,35,55,50,544.00,"27,200.00"
2021-03-23,2021032305012192,NIFRA,1,55,150,544.00,"81,600.00"
2021-03-23,2021032305012191,NIFRA,41,55,600,544.00,"326,400.00"
2021-03-23,2021032305012204,NIFRA,51,55,500,543.00,"271,500.00"
2021-03-23,2021032305012203,NIFRA,26,55,30,543.00,"16,290.00"
2021-03-23,2021032305012202,NIFRA,41,55,900,543.00,"488,700.00"
2021-03-23,2021032305012201,NIFRA,3,55,"1,000",543.00,"543,000.00"
2021-03-23,2021032305012200,NIFRA,19,55,50,543.00,"27,150.00"
2021-03-23,2021032305012199,NIFRA,50,55,100,543.00,"54,300.00"
2021-03-23,2021032305012213,NIFRA,22,6,50,543.00,"27,150.00"
2021-03-23,2021032305012209,NIFRA,17,55,100,543.00,"54,300.00"
2021-03-23,2021032305012208,NIFRA,36,55,520,543.00,"282,360.00"
2021-03-23,2021032305012207,NIFRA,39,55,90,543.00,"48,870.00"
2021-03-23,2021032305012206,NIFRA,1,55,150,543.00,"81,450.00"
2021-03-23,2021032305012205,NIFRA,29,55,50,543.00,"27,150.00"
2021-03-23,2021032305012219,NIFRA,26,55,50,542.00,"27,100.00"
2021-03-23,2021032305012218,NIFRA,35,55,50,542.00,"27,100.00"
2021-03-23,2021032305012217,NIFRA,14,55,100,542.00,"54,200.00"
2021-03-23,2021032305012216,NIFRA,14,55,20,542.00,"10,840.00"
2021-03-23,2021032305012215,NIFRA,49,55,100,542.00,"54,200.00"
2021-03-23,2021032305012214,NIFRA,57,55,200,542.00,"108,400.00"
2021-03-23,2021032305012225,NIFRA,16,55,200,542.00,"108,400.00"
2021-03-23,2021032305012224,NIFRA,35,55,10,542.00,"5,420.00"
2021-03-23,2021032305012223,NIFRA,53,55,250,542.00,"135,500.00"
2021-03-23,2021032305012222,NIFRA,44,55,500,542.00,"271,000.00"
2021-03-23,2021032305012221,NIFRA,38,55,"3,000",542.00,"1,626,000.00"
2021-03-23,2021032305012220,NIFRA,57,55,126,542.00,"68,292.00"
2021-03-23,2021032305012231,NIFRA,29,55,90,542.00,"48,780.00"
2021-03-23,2021032305012230,NIFRA,44,55,50,542.00,"27,100.00"
2021-03-23,2021032305012229,NIFRA,38,55,50,542.00,"27,100.00"
2021-03-23,2021032305012228,NIFRA,42,55,20,542.00,"10,840.00"
2021-03-23,2021032305012227,NIFRA,44,55,90,542.00,"48,780.00"
2021-03-23,2021032305012226,NIFRA,45,55,50,542.00,"27,100.00"
2021-03-23,2021032305012237,NIFRA,49,55,50,542.00,"27,100.00"
2021-03-23,2021032305012236,NIFRA,7,55,100,542.00,"54,200.00"
2021-03-23,2021032305012235,NIFRA,57,55,230,542.00,"124,660.00"
2021-03-23,2021032305012234,NIFRA,29,55,"1,000",542.00,"542,000.00"
2021-03-23,2021032305012233,NIFRA,49,55,100,542.00,"54,200.00"
2021-03-23,2021032305012232,NIFRA,57,55,"1,040",542.00,"563,680.00"
2021-03-23,2021032305012243,NIFRA,22,55,20,542.00,"10,840.00"
2021-03-23,2021032305012242,NIFRA,33,55,"1,000",542.00,"542,000.00"
2021-03-23,2021032305012241,NIFRA,22,55,20,542.00,"10,840.00"
2021-03-23,2021032305012240,NIFRA,38,55,"1,000",542.00,"542,000.00"
2021-03-23,2021032305012239,NIFRA,33,55,500,542.00,"271,000.00"
2021-03-23,2021032305012238,NIFRA,5,55,50,542.00,"27,100.00"
2021-03-23,2021032305012249,NIFRA,1,55,68,542.00,"36,856.00"
2021-03-23,2021032305012248,NIFRA,49,55,100,542.00,"54,200.00"
2021-03-23,2021032305012247,NIFRA,58,55,50,542.00,"27,100.00"
2021-03-23,2021032305012246,NIFRA,8,55,10,542.00,"5,420.00"
2021-03-23,2021032305012245,NIFRA,33,55,"1,000",542.00,"542,000.00"
2021-03-23,2021032305012244,NIFRA,33,55,"1,000",542.00,"542,000.00"
2021-03-23,2021032305012257,NIFRA,48,55,"1,970",542.00,"1,067,740.00"
2021-03-23,2021032305012256,NIFRA,48,14,30,542.00,"16,260.00"
2021-03-23,2021032305012255,NIFRA,17,14,30,544.00,"16,320.00"
2021-03-23,2021032305012252,NIFRA,17,50,10,542.00,"5,420.00"
2021-03-23,2021032305012251,NIFRA,38,50,40,544.00,"21,760.00"
2021-03-23,2021032305012250,NIFRA,38,6,10,543.00,"5,430.00"
2021-03-23,2021032305012263,NIFRA,34,55,"1,000",541.00,"541,000.00"
2021-03-23,2021032305012262,NIFRA,5,55,500,541.00,"270,500.00"
2021-03-23,2021032305012261,NIFRA,41,55,100,541.00,"54,100.00"
2021-03-23,2021032305012260,NIFRA,36,55,"1,000",541.00,"541,000.00"
2021-03-23,2021032305012259,NIFRA,55,55,200,541.00,"108,200.00"
2021-03-23,2021032305012258,NIFRA,41,55,100,541.00,"54,100.00"
2021-03-23,2021032305012269,NIFRA,36,55,"5,000",541.00,"2,705,000.00"
2021-03-23,2021032305012268,NIFRA,58,55,200,541.00,"108,200.00"
2021-03-23,2021032305012267,NIFRA,8,55,500,541.00,"270,500.00"
2021-03-23,2021032305012266,NIFRA,50,55,500,541.00,"270,500.00"
2021-03-23,2021032305012265,NIFRA,46,55,10,541.00,"5,410.00"
2021-03-23,2021032305012264,NIFRA,13,55,10,541.00,"5,410.00"
2021-03-23,2021032305012275,NIFRA,14,55,500,541.00,"270,500.00"
2021-03-23,2021032305012274,NIFRA,35,55,500,541.00,"270,500.00"
2021-03-23,2021032305012273,NIFRA,46,55,"1,500",541.00,"811,500.00"
2021-03-23,2021032305012272,NIFRA,47,55,50,541.00,"27,050.00"
2021-03-23,2021032305012271,NIFRA,19,55,450,541.00,"243,450.00"
2021-03-23,2021032305012270,NIFRA,56,55,100,541.00,"54,100.00"
2021-03-23,2021032305012281,NIFRA,42,55,280,541.00,"151,480.00"
2021-03-23,2021032305012280,NIFRA,8,55,10,541.00,"5,410.00"
2021-03-23,2021032305012279,NIFRA,8,55,10,541.00,"5,410.00"
2021-03-23,2021032305012278,NIFRA,21,55,200,541.00,"108,200.00"
2021-03-23,2021032305012277,NIFRA,58,55,20,541.00,"10,820.00"
2021-03-23,2021032305012276,NIFRA,20,55,70,541.00,"37,870.00"
2021-03-23,2021032305012291,NIFRA,45,55,"25,880",541.00,"14,001,080.00"
2021-03-23,2021032305012290,NIFRA,45,17,50,541.00,"27,050.00"
2021-03-23,2021032305012289,NIFRA,45,55,"74,070",541.00,"40,071,870.00"
2021-03-23,2021032305012286,NIFRA,21,55,100,541.00,"54,100.00"
2021-03-23,2021032305012284,NIFRA,22,55,50,541.00,"27,050.00"
2021-03-23,2021032305012283,NIFRA,10,55,"1,000",541.00,"541,000.00"
2021-03-23,2021032305012301,NIFRA,17,28,20,540.00,"10,800.00"
2021-03-23,2021032305012300,NIFRA,3,28,40,540.00,"21,600.00"
2021-03-23,2021032305012299,NIFRA,3,50,160,540.00,"86,400.00"
2021-03-23,2021032305012298,NIFRA,41,50,50,540.00,"27,000.00"
2021-03-23,2021032305012297,NIFRA,34,50,"2,000",540.00,"1,080,000.00"
2021-03-23,2021032305012296,NIFRA,49,50,"1,030",540.00,"556,200.00"
2021-03-23,2021032305012308,NIFRA,41,55,300,541.00,"162,300.00"
2021-03-23,2021032305012307,NIFRA,17,58,50,540.00,"27,000.00"
2021-03-23,2021032305012306,NIFRA,17,8,50,540.00,"27,000.00"
2021-03-23,2021032305012305,NIFRA,17,45,10,540.00,"5,400.00"
2021-03-23,2021032305012303,NIFRA,45,55,40,541.00,"21,640.00"
2021-03-23,2021032305012302,NIFRA,17,18,60,540.00,"32,400.00"
2021-03-23,2021032305012318,NIFRA,42,58,60,540.00,"32,400.00"
2021-03-23,2021032305012317,NIFRA,42,28,50,540.00,"27,000.00"
2021-03-23,2021032305012315,NIFRA,42,6,60,540.00,"32,400.00"
2021-03-23,2021032305012314,NIFRA,42,57,10,540.00,"5,400.00"
2021-03-23,2021032305012313,NIFRA,42,42,50,540.00,"27,000.00"
2021-03-23,2021032305012312,NIFRA,17,42,10,540.00,"5,400.00"
2021-03-23,2021032305012325,NIFRA,42,44,120,540.00,"64,800.00"
2021-03-23,2021032305012324,NIFRA,42,45,100,540.00,"54,000.00"
2021-03-23,2021032305012323,NIFRA,26,55,200,541.00,"108,200.00"
2021-03-23,2021032305012321,NIFRA,19,55,500,541.00,"270,500.00"
2021-03-23,2021032305012320,NIFRA,42,17,50,540.00,"27,000.00"
2021-03-23,2021032305012319,NIFRA,42,49,50,540.00,"27,000.00"
2021-03-23,2021032305012331,NIFRA,17,45,40,541.00,"21,640.00"
2021-03-23,2021032305012330,NIFRA,17,32,60,541.00,"32,460.00"
2021-03-23,2021032305012329,NIFRA,17,16,60,541.00,"32,460.00"
2021-03-23,2021032305012328,NIFRA,42,14,50,540.00,"27,000.00"
2021-03-23,2021032305012327,NIFRA,28,55,100,541.00,"54,100.00"
2021-03-23,2021032305012326,NIFRA,42,29,50,540.00,"27,000.00"
2021-03-23,2021032305012339,NIFRA,42,6,60,540.00,"32,400.00"
2021-03-23,2021032305012338,NIFRA,42,8,50,540.00,"27,000.00"
2021-03-23,2021032305012335,NIFRA,42,58,50,540.00,"27,000.00"
2021-03-23,2021032305012334,NIFRA,17,29,280,541.00,"151,480.00"
2021-03-23,2021032305012333,NIFRA,17,42,60,541.00,"32,460.00"
2021-03-23,2021032305012332,NIFRA,17,47,50,541.00,"27,050.00"
2021-03-23,2021032305012347,NIFRA,34,39,130,540.00,"70,200.00"
2021-03-23,2021032305012346,NIFRA,16,39,100,540.00,"54,000.00"
2021-03-23,2021032305012345,NIFRA,1,39,450,540.00,"243,000.00"
2021-03-23,2021032305012344,NIFRA,7,39,50,540.00,"27,000.00"
2021-03-23,2021032305012343,NIFRA,42,39,60,540.00,"32,400.00"
2021-03-23,2021032305012342,NIFRA,42,32,50,540.00,"27,000.00"
2021-03-23,2021032305012353,NIFRA,38,39,100,540.00,"54,000.00"
2021-03-23,2021032305012352,NIFRA,14,39,50,540.00,"27,000.00"
2021-03-23,2021032305012351,NIFRA,58,39,10,540.00,"5,400.00"
2021-03-23,2021032305012350,NIFRA,26,39,30,540.00,"16,200.00"
2021-03-23,2021032305012349,NIFRA,14,39,10,540.00,"5,400.00"
2021-03-23,2021032305012348,NIFRA,29,39,900,540.00,"486,000.00"
2021-03-23,2021032305012359,NIFRA,10,58,60,540.00,"32,400.00"
2021-03-23,2021032305012358,NIFRA,10,58,50,540.00,"27,000.00"
2021-03-23,2021032305012357,NIFRA,10,47,50,540.00,"27,000.00"
2021-03-23,2021032305012356,NIFRA,10,45,60,540.00,"32,400.00"
2021-03-23,2021032305012355,NIFRA,10,39,50,540.00,"27,000.00"
2021-03-23,2021032305012354,NIFRA,14,39,60,540.00,"32,400.00"
2021-03-23,2021032305012365,NIFRA,47,5,500,540.00,"270,000.00"
2021-03-23,2021032305012364,NIFRA,57,5,50,540.00,"27,000.00"
2021-03-23,2021032305012363,NIFRA,11,5,40,540.00,"21,600.00"
2021-03-23,2021032305012362,NIFRA,25,5,20,540.00,"10,800.00"
2021-03-23,2021032305012361,NIFRA,10,5,630,540.00,"340,200.00"
2021-03-23,2021032305012360,NIFRA,10,33,100,540.00,"54,000.00"
2021-03-23,2021032305012371,NIFRA,41,5,100,540.00,"54,000.00"
2021-03-23,2021032305012370,NIFRA,45,5,100,540.00,"54,000.00"
2021-03-23,2021032305012369,NIFRA,4,5,30,540.00,"16,200.00"
2021-03-23,2021032305012368,NIFRA,22,5,100,540.00,"54,000.00"
2021-03-23,2021032305012367,NIFRA,38,5,150,540.00,"81,000.00"
2021-03-23,2021032305012366,NIFRA,42,5,100,540.00,"54,000.00"
2021-03-23,2021032305012377,NIFRA,8,5,100,540.00,"54,000.00"
2021-03-23,2021032305012376,NIFRA,44,5,50,540.00,"27,000.00"
2021-03-23,2021032305012375,NIFRA,34,5,100,540.00,"54,000.00"
2021-03-23,2021032305012374,NIFRA,42,5,92,540.00,"49,680.00"
2021-03-23,2021032305012373,NIFRA,14,5,200,540.00,"108,000.00"
2021-03-23,2021032305012372,NIFRA,44,5,50,540.00,"27,000.00"
2021-03-23,2021032305012384,NIFRA,1,8,80,541.00,"43,280.00"
2021-03-23,2021032305012382,NIFRA,1,36,50,541.00,"27,050.00"
2021-03-23,2021032305012381,NIFRA,1,35,50,541.00,"27,050.00"
2021-03-23,2021032305012380,NIFRA,1,29,20,541.00,"10,820.00"
2021-03-23,2021032305012379,NIFRA,36,40,50,540.00,"27,000.00"
2021-03-23,2021032305012378,NIFRA,36,5,"1,588",540.00,"857,520.00"
2021-03-23,2021032305012391,NIFRA,36,6,50,540.00,"27,000.00"
2021-03-23,2021032305012389,NIFRA,36,58,50,540.00,"27,000.00"
2021-03-23,2021032305012388,NIFRA,36,18,50,540.00,"27,000.00"
2021-03-23,2021032305012387,NIFRA,36,17,50,540.00,"27,000.00"
2021-03-23,2021032305012386,NIFRA,36,8,60,540.00,"32,400.00"
2021-03-23,2021032305012385,NIFRA,36,8,920,540.00,"496,800.00"
2021-03-23,2021032305012398,NIFRA,33,57,500,540.00,"270,000.00"
2021-03-23,2021032305012397,NIFRA,42,57,20,540.00,"10,800.00"
2021-03-23,2021032305012396,NIFRA,55,57,50,540.00,"27,000.00"
2021-03-23,2021032305012395,NIFRA,42,57,12,540.00,"6,480.00"
2021-03-23,2021032305012394,NIFRA,36,57,"2,132",540.00,"1,151,280.00"
2021-03-23,2021032305012393,NIFRA,36,8,50,540.00,"27,000.00"
2021-03-23,2021032305012404,NIFRA,50,57,100,540.00,"54,000.00"
2021-03-23,2021032305012403,NIFRA,36,57,100,540.00,"54,000.00"
2021-03-23,2021032305012402,NIFRA,41,57,400,540.00,"216,000.00"
2021-03-23,2021032305012401,NIFRA,38,57,34,540.00,"18,360.00"
2021-03-23,2021032305012400,NIFRA,39,57,40,540.00,"21,600.00"
2021-03-23,2021032305012399,NIFRA,42,57,10,540.00,"5,400.00"
2021-03-23,2021032305012411,NIFRA,45,52,50,540.00,"27,000.00"
2021-03-23,2021032305012410,NIFRA,45,48,10,540.00,"5,400.00"
2021-03-23,2021032305012409,NIFRA,29,48,50,540.00,"27,000.00"
2021-03-23,2021032305012407,NIFRA,29,57,50,540.00,"27,000.00"
2021-03-23,2021032305012406,NIFRA,29,57,50,540.00,"27,000.00"
2021-03-23,2021032305012405,NIFRA,33,57,500,540.00,"270,000.00"
2021-03-23,2021032305012418,NIFRA,58,58,50,541.00,"27,050.00"
2021-03-23,2021032305012417,NIFRA,58,52,60,541.00,"32,460.00"
2021-03-23,2021032305012416,NIFRA,58,19,50,541.00,"27,050.00"
2021-03-23,2021032305012415,NIFRA,45,19,50,541.00,"27,050.00"
2021-03-23,2021032305012414,NIFRA,45,16,40,540.00,"21,600.00"
2021-03-23,2021032305012412,NIFRA,45,57,100,540.00,"54,000.00"
2021-03-23,2021032305012429,NIFRA,42,45,50,540.00,"27,000.00"
2021-03-23,2021032305012428,NIFRA,53,45,70,540.00,"37,800.00"
2021-03-23,2021032305012427,NIFRA,45,45,50,540.00,"27,000.00"
2021-03-23,2021032305012426,NIFRA,57,45,100,541.00,"54,100.00"
2021-03-23,2021032305012425,NIFRA,58,45,40,541.00,"21,640.00"
2021-03-23,2021032305012419,NIFRA,38,57,10,542.00,"5,420.00"
2021-03-23,2021032305012435,NIFRA,57,45,150,540.00,"81,000.00"
2021-03-23,2021032305012434,NIFRA,7,45,100,540.00,"54,000.00"
2021-03-23,2021032305012433,NIFRA,59,45,"1,000",540.00,"540,000.00"
2021-03-23,2021032305012432,NIFRA,58,45,50,540.00,"27,000.00"
2021-03-23,2021032305012431,NIFRA,49,45,150,540.00,"81,000.00"
2021-03-23,2021032305012430,NIFRA,14,45,50,540.00,"27,000.00"
2021-03-23,2021032305012441,NIFRA,25,45,10,540.00,"5,400.00"
2021-03-23,2021032305012440,NIFRA,53,45,100,540.00,"54,000.00"
2021-03-23,2021032305012439,NIFRA,44,45,10,540.00,"5,400.00"
2021-03-23,2021032305012438,NIFRA,26,45,240,540.00,"129,600.00"
2021-03-23,2021032305012437,NIFRA,10,45,100,540.00,"54,000.00"
2021-03-23,2021032305012436,NIFRA,3,45,20,540.00,"10,800.00"
2021-03-23,2021032305012449,NIFRA,41,21,50,539.00,"26,950.00"
2021-03-23,2021032305012448,NIFRA,28,45,100,540.00,"54,000.00"
2021-03-23,2021032305012447,NIFRA,22,45,80,540.00,"43,200.00"
2021-03-23,2021032305012446,NIFRA,41,6,50,539.00,"26,950.00"
2021-03-23,2021032305012445,NIFRA,41,29,60,539.00,"32,340.00"
2021-03-23,2021032305012442,NIFRA,34,45,100,540.00,"54,000.00"
2021-03-23,2021032305012460,NIFRA,41,46,50,539.00,"26,950.00"
2021-03-23,2021032305012458,NIFRA,41,33,50,539.00,"26,950.00"
2021-03-23,2021032305012454,NIFRA,41,25,"1,000",539.00,"539,000.00"
2021-03-23,2021032305012453,NIFRA,41,57,50,539.00,"26,950.00"
2021-03-23,2021032305012452,NIFRA,41,5,30,539.00,"16,170.00"
2021-03-23,2021032305012451,NIFRA,41,28,57,539.00,"30,723.00"
2021-03-23,2021032305012469,NIFRA,41,22,500,539.00,"269,500.00"
2021-03-23,2021032305012468,NIFRA,41,58,50,539.00,"26,950.00"
2021-03-23,2021032305012467,NIFRA,41,19,200,539.00,"107,800.00"
2021-03-23,2021032305012466,NIFRA,41,42,50,539.00,"26,950.00"
2021-03-23,2021032305012462,NIFRA,41,43,10,539.00,"5,390.00"
2021-03-23,2021032305012461,NIFRA,40,45,20,540.00,"10,800.00"
2021-03-23,2021032305012476,NIFRA,41,25,423,539.00,"227,997.00"
2021-03-23,2021032305012475,NIFRA,18,45,100,540.00,"54,000.00"
2021-03-23,2021032305012474,NIFRA,41,19,50,539.00,"26,950.00"
2021-03-23,2021032305012472,NIFRA,41,8,50,539.00,"26,950.00"
2021-03-23,2021032305012471,NIFRA,57,45,100,540.00,"54,000.00"
2021-03-23,2021032305012470,NIFRA,41,42,50,539.00,"26,950.00"
2021-03-23,2021032305012483,NIFRA,14,45,100,539.00,"53,900.00"
2021-03-23,2021032305012482,NIFRA,41,45,"4,040",539.00,"2,177,560.00"
2021-03-23,2021032305012480,NIFRA,41,49,60,539.00,"32,340.00"
2021-03-23,2021032305012479,NIFRA,41,38,10,539.00,"5,390.00"
2021-03-23,2021032305012478,NIFRA,41,32,50,539.00,"26,950.00"
2021-03-23,2021032305012477,NIFRA,41,42,60,539.00,"32,340.00"
2021-03-23,2021032305012489,NIFRA,14,45,10,539.00,"5,390.00"
2021-03-23,2021032305012488,NIFRA,57,45,200,539.00,"107,800.00"
2021-03-23,2021032305012487,NIFRA,59,45,60,539.00,"32,340.00"
2021-03-23,2021032305012486,NIFRA,39,45,50,539.00,"26,950.00"
2021-03-23,2021032305012485,NIFRA,41,45,15,539.00,"8,085.00"
2021-03-23,2021032305012484,NIFRA,41,45,50,539.00,"26,950.00"
2021-03-23,2021032305012495,NIFRA,41,21,50,538.00,"26,900.00"
2021-03-23,2021032305012494,NIFRA,41,32,10,538.00,"5,380.00"
2021-03-23,2021032305012493,NIFRA,57,45,100,539.00,"53,900.00"
2021-03-23,2021032305012492,NIFRA,57,45,10,539.00,"5,390.00"
2021-03-23,2021032305012491,NIFRA,8,45,50,539.00,"26,950.00"
2021-03-23,2021032305012490,NIFRA,32,45,100,539.00,"53,900.00"
2021-03-23,2021032305012502,NIFRA,49,45,20,538.00,"10,760.00"
2021-03-23,2021032305012501,NIFRA,35,45,200,538.00,"107,600.00"
2021-03-23,2021032305012500,NIFRA,35,45,10,538.00,"5,380.00"
2021-03-23,2021032305012499,NIFRA,41,45,100,538.00,"53,800.00"
2021-03-23,2021032305012498,NIFRA,58,45,20,538.00,"10,760.00"
2021-03-23,2021032305012497,NIFRA,41,45,40,538.00,"21,520.00"
2021-03-23,2021032305012508,NIFRA,28,45,10,537.00,"5,370.00"
2021-03-23,2021032305012507,NIFRA,21,45,40,537.00,"21,480.00"
2021-03-23,2021032305012506,NIFRA,57,45,115,537.00,"61,755.00"
2021-03-23,2021032305012505,NIFRA,45,45,100,538.00,"53,800.00"
2021-03-23,2021032305012504,NIFRA,29,45,50,538.00,"26,900.00"
2021-03-23,2021032305012503,NIFRA,47,45,200,538.00,"107,600.00"
2021-03-23,2021032305012514,NIFRA,19,45,25,537.00,"13,425.00"
2021-03-23,2021032305012513,NIFRA,42,45,20,537.00,"10,740.00"
2021-03-23,2021032305012512,NIFRA,35,45,900,537.00,"483,300.00"
2021-03-23,2021032305012511,NIFRA,41,45,100,537.00,"53,700.00"
2021-03-23,2021032305012510,NIFRA,58,45,50,537.00,"26,850.00"
2021-03-23,2021032305012509,NIFRA,41,45,100,537.00,"53,700.00"
2021-03-23,2021032305012522,NIFRA,16,26,50,538.00,"26,900.00"
2021-03-23,2021032305012521,NIFRA,16,39,500,538.00,"269,000.00"
2021-03-23,2021032305012520,NIFRA,16,26,30,538.00,"16,140.00"
2021-03-23,2021032305012518,NIFRA,56,26,20,538.00,"10,760.00"
2021-03-23,2021032305012516,NIFRA,33,45,205,536.00,"109,880.00"
2021-03-23,2021032305012515,NIFRA,37,45,120,536.00,"64,320.00"
2021-03-23,2021032305012529,NIFRA,48,41,430,537.00,"230,910.00"
2021-03-23,2021032305012528,NIFRA,42,41,20,537.00,"10,740.00"
2021-03-23,2021032305012526,NIFRA,14,41,50,537.00,"26,850.00"
2021-03-23,2021032305012525,NIFRA,26,45,"1,000",538.00,"538,000.00"
2021-03-23,2021032305012524,NIFRA,16,45,370,538.00,"199,060.00"
2021-03-23,2021032305012523,NIFRA,16,48,50,538.00,"26,900.00"
2021-03-23,2021032305012536,NIFRA,44,45,50,537.00,"26,850.00"
2021-03-23,2021032305012535,NIFRA,44,16,60,537.00,"32,220.00"
2021-03-23,2021032305012533,NIFRA,44,58,15,537.00,"8,055.00"
2021-03-23,2021032305012532,NIFRA,48,58,10,537.00,"5,370.00"
2021-03-23,2021032305012531,NIFRA,48,18,60,537.00,"32,220.00"
2021-03-23,2021032305012530,NIFRA,10,45,300,538.00,"161,400.00"
2021-03-23,2021032305012545,NIFRA,21,58,35,538.00,"18,830.00"
2021-03-23,2021032305012542,NIFRA,44,11,50,537.00,"26,850.00"
2021-03-23,2021032305012541,NIFRA,44,39,60,537.00,"32,220.00"
2021-03-23,2021032305012540,NIFRA,44,58,20,537.00,"10,740.00"
2021-03-23,2021032305012539,NIFRA,44,58,10,537.00,"5,370.00"
2021-03-23,2021032305012537,NIFRA,44,28,50,537.00,"26,850.00"
2021-03-23,2021032305012551,NIFRA,44,28,50,537.00,"26,850.00"
2021-03-23,2021032305012550,NIFRA,17,28,20,537.00,"10,740.00"
2021-03-23,2021032305012549,NIFRA,44,28,55,537.00,"29,535.00"
2021-03-23,2021032305012548,NIFRA,44,18,60,537.00,"32,220.00"
2021-03-23,2021032305012547,NIFRA,6,42,85,538.00,"45,730.00"
2021-03-23,2021032305012546,NIFRA,6,58,15,538.00,"8,070.00"
2021-03-23,2021032305012558,NIFRA,50,55,50,537.00,"26,850.00"
2021-03-23,2021032305012556,NIFRA,50,58,50,537.00,"26,850.00"
2021-03-23,2021032305012555,NIFRA,44,22,15,538.00,"8,070.00"
2021-03-23,2021032305012554,NIFRA,44,42,25,538.00,"13,450.00"
2021-03-23,2021032305012553,NIFRA,50,28,75,537.00,"40,275.00"
2021-03-23,2021032305012552,NIFRA,3,28,100,537.00,"53,700.00"
2021-03-23,2021032305012566,NIFRA,33,26,50,536.00,"26,800.00"
2021-03-23,2021032305012564,NIFRA,43,59,200,537.00,"107,400.00"
2021-03-23,2021032305012563,NIFRA,1,59,100,537.00,"53,700.00"
2021-03-23,2021032305012562,NIFRA,49,59,250,537.00,"134,250.00"
2021-03-23,2021032305012561,NIFRA,50,59,265,537.00,"142,305.00"
2021-03-23,2021032305012559,NIFRA,50,59,60,537.00,"32,220.00"
2021-03-23,2021032305012573,NIFRA,5,21,50,538.00,"26,900.00"
2021-03-23,2021032305012572,NIFRA,5,26,60,538.00,"32,280.00"
2021-03-23,2021032305012571,NIFRA,5,22,485,538.00,"260,930.00"
2021-03-23,2021032305012570,NIFRA,5,47,50,537.00,"26,850.00"
2021-03-23,2021032305012569,NIFRA,5,32,50,537.00,"26,850.00"
2021-03-23,2021032305012568,NIFRA,5,59,145,537.00,"77,865.00"
2021-03-23,2021032305012579,NIFRA,38,42,50,537.00,"26,850.00"
2021-03-23,2021032305012578,NIFRA,38,16,50,537.00,"26,850.00"
2021-03-23,2021032305012577,NIFRA,5,22,20,538.00,"10,760.00"
2021-03-23,2021032305012576,NIFRA,5,22,50,538.00,"26,900.00"
2021-03-23,2021032305012575,NIFRA,5,48,50,538.00,"26,900.00"
2021-03-23,2021032305012574,NIFRA,5,21,40,538.00,"21,520.00"
2021-03-23,2021032305012585,NIFRA,38,49,30,537.00,"16,110.00"
2021-03-23,2021032305012584,NIFRA,42,17,10,538.00,"5,380.00"
2021-03-23,2021032305012583,NIFRA,42,22,30,538.00,"16,140.00"
2021-03-23,2021032305012582,NIFRA,38,59,50,537.00,"26,850.00"
2021-03-23,2021032305012581,NIFRA,38,26,50,537.00,"26,850.00"
2021-03-23,2021032305012580,NIFRA,38,14,50,537.00,"26,850.00"
2021-03-23,2021032305012591,NIFRA,44,56,125,537.00,"67,125.00"
2021-03-23,2021032305012590,NIFRA,51,59,65,538.00,"34,970.00"
2021-03-23,2021032305012589,NIFRA,51,32,50,538.00,"26,900.00"
2021-03-23,2021032305012588,NIFRA,51,17,25,538.00,"13,450.00"
2021-03-23,2021032305012587,NIFRA,51,34,50,537.00,"26,850.00"
2021-03-23,2021032305012586,NIFRA,39,49,20,537.00,"10,740.00"
2021-03-23,2021032305012598,NIFRA,5,38,50,537.00,"26,850.00"
2021-03-23,2021032305012596,NIFRA,5,56,50,537.00,"26,850.00"
2021-03-23,2021032305012595,NIFRA,5,38,50,537.00,"26,850.00"
2021-03-23,2021032305012594,NIFRA,39,7,25,537.00,"13,425.00"
2021-03-23,2021032305012593,NIFRA,44,7,25,537.00,"13,425.00"
2021-03-23,2021032305012592,NIFRA,44,59,50,537.00,"26,850.00"
2021-03-23,2021032305012605,NIFRA,5,32,50,537.00,"26,850.00"
2021-03-23,2021032305012604,NIFRA,40,42,115,538.00,"61,870.00"
2021-03-23,2021032305012603,NIFRA,40,59,885,538.00,"476,130.00"
2021-03-23,2021032305012601,NIFRA,5,21,50,537.00,"26,850.00"
2021-03-23,2021032305012600,NIFRA,42,59,50,538.00,"26,900.00"
2021-03-23,2021032305012599,NIFRA,5,21,30,537.00,"16,110.00"
2021-03-23,2021032305012611,NIFRA,4,34,20,538.00,"10,760.00"
2021-03-23,2021032305012610,NIFRA,4,28,50,538.00,"26,900.00"
2021-03-23,2021032305012609,NIFRA,4,40,50,538.00,"26,900.00"
2021-03-23,2021032305012608,NIFRA,4,44,50,538.00,"26,900.00"
2021-03-23,2021032305012607,NIFRA,4,42,185,538.00,"99,530.00"
2021-03-23,2021032305012606,NIFRA,5,38,50,537.00,"26,850.00"
2021-03-23,2021032305012618,NIFRA,4,58,50,538.00,"26,900.00"
2021-03-23,2021032305012617,NIFRA,35,57,100,539.00,"53,900.00"
2021-03-23,2021032305012616,NIFRA,4,59,200,538.00,"107,600.00"
2021-03-23,2021032305012615,NIFRA,38,57,40,539.00,"21,560.00"
2021-03-23,2021032305012614,NIFRA,38,58,60,539.00,"32,340.00"
2021-03-23,2021032305012612,NIFRA,4,19,50,538.00,"26,900.00"
2021-03-23,2021032305012629,NIFRA,4,28,50,538.00,"26,900.00"
2021-03-23,2021032305012628,NIFRA,44,8,20,539.00,"10,780.00"
2021-03-23,2021032305012627,NIFRA,44,57,60,539.00,"32,340.00"
2021-03-23,2021032305012625,NIFRA,4,49,50,538.00,"26,900.00"
2021-03-23,2021032305012623,NIFRA,4,42,50,538.00,"26,900.00"
2021-03-23,2021032305012622,NIFRA,32,57,300,539.00,"161,700.00"
2021-03-23,2021032305012646,NIFRA,4,35,50,538.00,"26,900.00"
2021-03-23,2021032305012645,NIFRA,4,28,50,538.00,"26,900.00"
2021-03-23,2021032305012643,NIFRA,20,8,30,539.00,"16,170.00"
2021-03-23,2021032305012641,NIFRA,4,40,50,538.00,"26,900.00"
2021-03-23,2021032305012640,NIFRA,4,20,40,538.00,"21,520.00"
2021-03-23,2021032305012632,NIFRA,4,49,60,538.00,"32,280.00"
2021-03-23,2021032305012653,NIFRA,33,17,50,538.00,"26,900.00"
2021-03-23,2021032305012652,NIFRA,33,35,40,538.00,"21,520.00"
2021-03-23,2021032305012651,NIFRA,4,35,20,538.00,"10,760.00"
2021-03-23,2021032305012650,NIFRA,4,14,50,538.00,"26,900.00"
2021-03-23,2021032305012649,NIFRA,4,40,60,538.00,"32,280.00"
2021-03-23,2021032305012647,NIFRA,4,46,50,538.00,"26,900.00"
2021-03-23,2021032305012664,NIFRA,13,51,50,539.00,"26,950.00"
2021-03-23,2021032305012663,NIFRA,13,33,30,539.00,"16,170.00"
2021-03-23,2021032305012662,NIFRA,3,45,20,538.00,"10,760.00"
2021-03-23,2021032305012661,NIFRA,33,45,30,538.00,"16,140.00"
2021-03-23,2021032305012660,NIFRA,33,34,50,538.00,"26,900.00"
2021-03-23,2021032305012659,NIFRA,33,56,30,538.00,"16,140.00"
2021-03-23,2021032305012670,NIFRA,13,58,50,540.00,"27,000.00"
2021-03-23,2021032305012669,NIFRA,13,49,50,540.00,"27,000.00"
2021-03-23,2021032305012668,NIFRA,13,1,50,540.00,"27,000.00"
2021-03-23,2021032305012667,NIFRA,13,58,50,540.00,"27,000.00"
2021-03-23,2021032305012666,NIFRA,13,52,60,540.00,"32,400.00"
2021-03-23,2021032305012665,NIFRA,13,8,60,540.00,"32,400.00"
2021-03-23,2021032305012126,CGH,3,51,10,"1,719.00","17,190.00"
2021-03-23,2021032305012028,CGH,3,56,10,"1,719.00","17,190.00"
2021-03-23,2021032305012013,CGH,3,44,10,"1,719.00","17,190.00"
2021-03-23,2021032305011997,CGH,3,46,10,"1,719.00","17,190.00"
2021-03-23,2021032305011968,CGH,3,55,10,"1,719.00","17,190.00"
2021-03-23,2021032305011963,CGH,3,45,10,"1,719.00","17,190.00"
2021-03-23,2021032305011843,CGH,3,51,10,"1,719.00","17,190.00"
2021-03-23,2021032305011833,CGH,3,58,10,"1,719.00","17,190.00"
2021-03-23,2021032305011783,CGH,3,59,10,"1,719.00","17,190.00"
2021-03-23,2021032305011782,CGH,3,6,10,"1,719.00","17,190.00"
2021-03-23,2021032305011743,CGH,3,21,10,"1,719.00","17,190.00"
2021-03-23,2021032305011692,CGH,3,32,10,"1,719.00","17,190.00"
2021-03-23,2021032305011961,CGH,3,34,10,"1,719.00","17,190.00"
2021-03-23,2021032305011960,CGH,3,55,10,"1,719.00","17,190.00"
2021-03-23,2021032305011932,CGH,3,38,10,"1,719.00","17,190.00"
2021-03-23,2021032305011919,CGH,3,52,10,"1,719.00","17,190.00"
2021-03-23,2021032305011866,CGH,3,28,10,"1,719.00","17,190.00"
2021-03-23,2021032305011856,CGH,3,57,10,"1,719.00","17,190.00"
2021-03-23,2021032305012164,GLH,55,43,10,377.00,"3,770.00"
2021-03-23,2021032305012150,GLH,55,47,10,377.00,"3,770.00"
2021-03-23,2021032305012109,GLH,50,42,10,377.00,"3,770.00"
2021-03-23,2021032305012108,GLH,50,4,929,377.00,"350,233.00"
2021-03-23,2021032305012107,GLH,50,11,10,377.00,"3,770.00"
2021-03-23,2021032305012106,GLH,50,3,10,377.00,"3,770.00"
2021-03-23,2021032305011690,GLH,47,38,10,375.00,"3,750.00"
2021-03-23,2021032305011682,GLH,47,45,10,375.00,"3,750.00"
2021-03-23,2021032305011681,GLH,47,26,10,375.00,"3,750.00"
2021-03-23,2021032305011679,GLH,47,20,10,375.00,"3,750.00"
2021-03-23,2021032305011678,GLH,47,26,10,375.00,"3,750.00"
2021-03-23,2021032305011723,GLH,42,4,90,377.00,"33,930.00"
2021-03-23,2021032305011722,GLH,42,49,10,376.00,"3,760.00"
2021-03-23,2021032305011717,GLH,47,49,10,375.00,"3,750.00"
2021-03-23,2021032305011716,GLH,47,51,10,375.00,"3,750.00"
2021-03-23,2021032305011711,GLH,47,38,10,375.00,"3,750.00"
2021-03-23,2021032305011698,GLH,47,32,10,375.00,"3,750.00"
2021-03-23,2021032305011779,GLH,47,59,10,375.00,"3,750.00"
2021-03-23,2021032305011775,GLH,47,36,10,375.00,"3,750.00"
2021-03-23,2021032305011770,GLH,47,59,10,375.00,"3,750.00"
2021-03-23,2021032305011769,GLH,47,28,10,375.00,"3,750.00"
2021-03-23,2021032305011764,GLH,47,11,10,375.00,"3,750.00"
2021-03-23,2021032305011740,GLH,47,29,10,375.00,"3,750.00"
2021-03-23,2021032305011805,GLH,47,47,10,375.00,"3,750.00"
2021-03-23,2021032305011790,GLH,47,53,10,375.00,"3,750.00"
2021-03-23,2021032305011789,GLH,25,58,20,375.00,"7,500.00"
2021-03-23,2021032305011788,GLH,38,58,30,375.00,"11,250.00"
2021-03-23,2021032305011787,GLH,6,58,400,375.00,"150,000.00"
2021-03-23,2021032305011786,GLH,47,58,43,375.00,"16,125.00"
2021-03-23,2021032305011881,GLH,47,13,10,375.00,"3,750.00"
2021-03-23,2021032305011855,GLH,47,45,10,375.00,"3,750.00"
2021-03-23,2021032305011852,GLH,47,55,10,375.00,"3,750.00"
2021-03-23,2021032305011842,GLH,47,17,10,375.00,"3,750.00"
2021-03-23,2021032305011829,GLH,47,17,10,375.00,"3,750.00"
2021-03-23,2021032305011806,GLH,47,38,10,375.00,"3,750.00"
2021-03-23,2021032305011914,GLH,47,50,10,375.00,"3,750.00"
2021-03-23,2021032305011910,GLH,47,45,10,375.00,"3,750.00"
2021-03-23,2021032305011905,GLH,58,28,10,376.00,"3,760.00"
2021-03-23,2021032305011892,GLH,58,34,10,376.00,"3,760.00"
2021-03-23,2021032305011889,GLH,47,36,10,375.00,"3,750.00"
2021-03-23,2021032305011882,GLH,45,4,100,377.00,"37,700.00"
2021-03-23,2021032305011966,GLH,47,50,10,375.00,"3,750.00"
2021-03-23,2021032305011965,GLH,47,35,10,375.00,"3,750.00"
2021-03-23,2021032305011958,GLH,47,29,10,375.00,"3,750.00"
2021-03-23,2021032305011928,GLH,47,29,10,375.00,"3,750.00"
2021-03-23,2021032305011922,GLH,47,39,10,375.00,"3,750.00"
2021-03-23,2021032305011915,GLH,45,4,100,377.00,"37,700.00"
2021-03-23,2021032305011998,GLH,39,49,10,376.00,"3,760.00"
2021-03-23,2021032305011994,GLH,39,58,10,375.00,"3,750.00"
2021-03-23,2021032305011990,GLH,39,50,10,375.00,"3,750.00"
2021-03-23,2021032305011986,GLH,45,45,10,375.00,"3,750.00"
2021-03-23,2021032305011985,GLH,51,45,10,375.00,"3,750.00"
2021-03-23,2021032305011984,GLH,47,44,10,375.00,"3,750.00"
2021-03-23,2021032305012024,GLH,39,36,10,375.00,"3,750.00"
2021-03-23,2021032305012023,GLH,39,53,10,375.00,"3,750.00"
2021-03-23,2021032305012015,GLH,39,19,10,375.00,"3,750.00"
2021-03-23,2021032305012012,GLH,39,50,10,375.00,"3,750.00"
2021-03-23,2021032305012005,GLH,39,50,10,375.00,"3,750.00"
2021-03-23,2021032305011999,GLH,39,40,10,376.00,"3,760.00"
2021-03-23,2021032305012051,GLH,3,4,100,377.00,"37,700.00"
2021-03-23,2021032305012050,GLH,39,51,10,375.00,"3,750.00"
2021-03-23,2021032305012034,GLH,39,28,10,376.00,"3,760.00"
2021-03-23,2021032305012033,GLH,4,54,10,376.00,"3,760.00"
2021-03-23,2021032305012030,GLH,4,59,10,376.00,"3,760.00"
2021-03-23,2021032305012029,GLH,39,19,10,375.00,"3,750.00"
2021-03-23,2021032305012082,GLH,6,16,10,376.00,"3,760.00"
2021-03-23,2021032305012080,GLH,6,22,10,376.00,"3,760.00"
2021-03-23,2021032305012074,GLH,6,46,10,376.00,"3,760.00"
2021-03-23,2021032305012070,GLH,57,11,10,375.00,"3,750.00"
2021-03-23,2021032305012066,GLH,39,16,10,375.00,"3,750.00"
2021-03-23,2021032305012056,GLH,57,4,100,377.00,"37,700.00"
2021-03-23,2021032305012105,GLH,50,42,10,377.00,"3,770.00"
2021-03-23,2021032305012104,GLH,50,4,730,377.00,"275,210.00"
2021-03-23,2021032305012102,GLH,39,4,10,377.00,"3,770.00"
2021-03-23,2021032305012096,GLH,6,22,10,376.00,"3,760.00"
2021-03-23,2021032305012088,GLH,6,45,10,376.00,"3,760.00"
2021-03-23,2021032305012085,GLH,39,4,10,377.00,"3,770.00"
2021-03-23,2021032305012176,NIFRA,57,21,5,541.00,"2,705.00"
2021-03-23,2021032305012175,NIFRA,50,6,10,545.00,"5,450.00"
2021-03-23,2021032305012174,NIFRA,50,28,390,545.00,"212,550.00"
2021-03-23,2021032305012173,NIFRA,1,28,110,545.00,"59,950.00"
2021-03-23,2021032305012172,NIFRA,1,29,50,545.00,"27,250.00"
2021-03-23,2021032305012171,NIFRA,34,55,5,546.00,"2,730.00"
2021-03-23,2021032305011683,NIFRA,16,35,10,545.00,"5,450.00"
2021-03-23,2021032305011680,NIFRA,28,3,10,544.00,"5,440.00"
2021-03-23,2021032305011677,NIFRA,58,57,296,546.00,"161,616.00"
2021-03-23,2021032305011689,NIFRA,1,57,310,546.00,"169,260.00"
2021-03-23,2021032305011688,NIFRA,1,41,30,545.00,"16,350.00"
2021-03-23,2021032305011687,NIFRA,1,32,60,545.00,"32,700.00"
2021-03-23,2021032305011686,NIFRA,1,18,20,545.00,"10,900.00"
2021-03-23,2021032305011685,NIFRA,16,18,40,545.00,"21,800.00"
2021-03-23,2021032305011684,NIFRA,16,21,50,545.00,"27,250.00"
2021-03-23,2021032305011697,NIFRA,58,1,190,545.00,"103,550.00"
2021-03-23,2021032305011696,NIFRA,39,1,10,545.00,"5,450.00"
2021-03-23,2021032305011695,NIFRA,53,57,200,546.00,"109,200.00"
2021-03-23,2021032305011694,NIFRA,39,52,50,545.00,"27,250.00"
2021-03-23,2021032305011693,NIFRA,39,59,60,545.00,"32,700.00"
2021-03-23,2021032305011691,NIFRA,41,38,60,545.00,"32,700.00"
2021-03-23,2021032305011704,NIFRA,13,39,60,544.00,"32,640.00"
2021-03-23,2021032305011703,NIFRA,29,39,200,544.00,"108,800.00"
2021-03-23,2021032305011702,NIFRA,10,39,100,544.00,"54,400.00"
2021-03-23,2021032305011701,NIFRA,28,39,90,544.00,"48,960.00"
2021-03-23,2021032305011700,NIFRA,58,39,50,545.00,"27,250.00"
2021-03-23,2021032305011699,NIFRA,58,52,60,545.00,"32,700.00"
2021-03-23,2021032305011710,NIFRA,57,45,10,545.00,"5,450.00"
2021-03-23,2021032305011709,NIFRA,57,34,60,545.00,"32,700.00"
2021-03-23,2021032305011708,NIFRA,57,10,50,545.00,"27,250.00"
2021-03-23,2021032305011707,NIFRA,42,43,50,544.00,"27,200.00"
2021-03-23,2021032305011706,NIFRA,42,58,10,544.00,"5,440.00"
2021-03-23,2021032305011705,NIFRA,13,58,40,544.00,"21,760.00"
2021-03-23,2021032305011719,NIFRA,57,38,60,545.00,"32,700.00"
2021-03-23,2021032305011718,NIFRA,57,45,60,545.00,"32,700.00"
2021-03-23,2021032305011715,NIFRA,57,43,60,545.00,"32,700.00"
