Date,Transact. No.,Symbol,Buyer,Seller,Quantity,Rate,Amount
2020-10-04,2020100404003211,BBC,58,26,20,"1,597.00","31,940.00"
2020-10-04,2020100404003319,CMF1,8,48,"4,980",9.55,"47,559.00"
2020-10-04,2020100404003318,CMF1,52,48,"10,000",9.59,"95,900.00"
2020-10-04,2020100404003317,CMF1,33,48,"2,020",9.59,"19,371.80"
2020-10-04,2020100404003316,CMF1,46,48,"1,000",9.60,"9,600.00"
2020-10-04,2020100404003315,CMF1,21,48,"1,000",9.61,"9,610.00"
2020-10-04,2020100404003314,CMF1,21,48,"1,000",9.61,"9,610.00"
2020-10-04,2020100404002991,KBLD86,13,38,35,"1,050.00","36,750.00"
2020-10-04,2020100404003143,LEMF,50,46,100,8.84,884.00
2020-10-04,2020100404003381,LUK,39,49,200,8.75,"1,750.00"
2020-10-04,2020100404003326,LUK,47,49,"1,000",8.76,"8,760.00"
2020-10-04,2020100404003311,LUK,26,49,"3,700",8.77,"32,449.00"
2020-10-04,2020100404003226,LUK,26,6,300,8.77,"2,631.00"
2020-10-04,2020100404002993,LUK,7,58,100,8.85,885.00
2020-10-04,2020100404003312,NBF2,17,28,400,8.91,"3,564.00"
2020-10-04,2020100404003292,NBF2,17,49,"2,000",8.91,"17,820.00"
2020-10-04,2020100404003249,NBF2,17,28,600,8.91,"5,346.00"
2020-10-04,2020100404003248,NBF2,25,28,900,8.92,"8,028.00"
2020-10-04,2020100404003112,NBF2,25,46,100,8.92,892.00
2020-10-04,2020100404003310,NEF,52,40,"3,025",8.91,"26,952.75"
2020-10-04,2020100404003444,NIBD2082,39,57,60,"1,045.00","62,700.00"
2020-10-04,2020100404003444,NIBD2082,39,57,60,"1,045.00","62,700.00"
2020-10-04,2020100404003447,NIBLPF,17,7,500,9.03,"4,515.00"
2020-10-04,2020100404003481,NIBPO,37,57,472,365.00,"172,280.00"
2020-10-04,2020100404003465,NIBPO,37,49,100,365.00,"36,500.00"
2020-10-04,2020100404003461,NIBPO,49,49,"55,000",358.00,"19,690,000.00"
2020-10-04,2020100404003443,NIBPO,37,49,100,365.00,"36,500.00"
2020-10-04,2020100404003442,NIBPO,48,49,400,368.00,"147,200.00"
2020-10-04,2020100404003439,NIBPO,48,13,500,368.00,"184,000.00"
2020-10-04,2020100404003187,NIBPO,42,14,300,365.00,"109,500.00"
2020-10-04,2020100404003186,NIBPO,42,49,386,365.00,"140,890.00"
2020-10-04,2020100404003185,NIBPO,42,17,"1,000",364.00,"364,000.00"
2020-10-04,2020100404003184,NIBPO,42,13,568,364.00,"206,752.00"
2020-10-04,2020100404003373,NIBPO,48,49,100,365.00,"36,500.00"
2020-10-04,2020100404003192,NIBPO,42,49,"2,887",369.00,"1,065,303.00"
2020-10-04,2020100404003191,NIBPO,42,55,"1,000",367.00,"367,000.00"
2020-10-04,2020100404003190,NIBPO,42,34,"1,000",366.00,"366,000.00"
2020-10-04,2020100404003189,NIBPO,42,7,419,365.00,"152,935.00"
2020-10-04,2020100404003188,NIBPO,42,51,440,365.00,"160,600.00"
2020-10-04,2020100404003450,NIBSF1,7,17,600,9.84,"5,904.00"
2020-10-04,2020100404003106,NIBSF1,43,34,"47,345",9.70,"459,246.50"
2020-10-04,2020100404003046,NICBF,16,46,100,8.91,891.00
2020-10-04,2020100404003464,NICD83/84,26,35,495,"1,043.00","516,285.00"
2020-10-04,2020100404003463,NICD83/84,26,45,25,"1,040.00","26,000.00"
2020-10-04,2020100404003061,NICGF,50,46,100,9.60,960.00
2020-10-04,2020100404003150,RBCLPO,42,16,22,"10,750.00","236,500.00"
2020-10-04,2020100404003142,RBCLPO,42,16,118,"10,750.00","1,268,500.00"
2020-10-04,2020100404003141,RBCLPO,42,45,25,"10,750.00","268,750.00"
2020-10-04,2020100404003140,RBCLPO,42,17,100,"10,745.00","1,074,500.00"
2020-10-04,2020100404003139,RBCLPO,42,49,57,"10,744.00","612,408.00"
2020-10-04,2020100404003134,RBCLPO,42,49,43,"10,744.00","461,992.00"
2020-10-04,2020100404003127,RBCLPO,42,33,10,"10,650.00","106,500.00"
2020-10-04,2020100404003126,RBCLPO,42,5,50,"10,649.00","532,450.00"
2020-10-04,2020100404003133,RBCLPO,42,38,10,"10,742.00","107,420.00"
2020-10-04,2020100404003132,RBCLPO,42,19,40,"10,730.00","429,200.00"
2020-10-04,2020100404003131,RBCLPO,42,43,10,"10,700.00","107,000.00"
2020-10-04,2020100404003130,RBCLPO,42,44,30,"10,700.00","321,000.00"
2020-10-04,2020100404003129,RBCLPO,42,35,37,"10,700.00","395,900.00"
2020-10-04,2020100404003128,RBCLPO,42,59,20,"10,700.00","214,000.00"
2020-10-04,2020100404003480,RLI,34,46,20,625.00,"12,500.00"
2020-10-04,2020100404003479,RLI,53,46,100,625.00,"62,500.00"
2020-10-04,2020100404003478,RLI,36,46,90,625.00,"56,250.00"
2020-10-04,2020100404003477,RLI,41,46,200,625.00,"125,000.00"
2020-10-04,2020100404003476,RLI,41,46,50,625.00,"31,250.00"
2020-10-04,2020100404003475,RLI,59,46,10,625.00,"6,250.00"
2020-10-04,2020100404002986,RLI,44,41,10,628.00,"6,280.00"
2020-10-04,2020100404002985,RLI,38,57,10,626.00,"6,260.00"
2020-10-04,2020100404002984,RLI,38,28,10,626.00,"6,260.00"
2020-10-04,2020100404002983,RLI,40,22,10,627.00,"6,270.00"
2020-10-04,2020100404002982,RLI,40,48,10,627.00,"6,270.00"
2020-10-04,2020100404002994,RLI,38,28,10,626.00,"6,260.00"
2020-10-04,2020100404002992,RLI,38,36,10,626.00,"6,260.00"
2020-10-04,2020100404002990,RLI,38,20,10,626.00,"6,260.00"
2020-10-04,2020100404002989,RLI,38,28,10,626.00,"6,260.00"
2020-10-04,2020100404002988,RLI,38,55,10,626.00,"6,260.00"
2020-10-04,2020100404002987,RLI,38,22,10,626.00,"6,260.00"
2020-10-04,2020100404003000,RLI,38,22,10,626.00,"6,260.00"
2020-10-04,2020100404002999,RLI,38,20,10,626.00,"6,260.00"
2020-10-04,2020100404002998,RLI,38,59,10,626.00,"6,260.00"
2020-10-04,2020100404002997,RLI,38,50,10,626.00,"6,260.00"
2020-10-04,2020100404002996,RLI,38,28,10,626.00,"6,260.00"
2020-10-04,2020100404002995,RLI,38,49,10,626.00,"6,260.00"
2020-10-04,2020100404003006,RLI,38,50,10,626.00,"6,260.00"
2020-10-04,2020100404003005,RLI,38,28,10,626.00,"6,260.00"
2020-10-04,2020100404003004,RLI,38,44,10,626.00,"6,260.00"
2020-10-04,2020100404003003,RLI,38,20,10,626.00,"6,260.00"
2020-10-04,2020100404003002,RLI,40,45,10,627.00,"6,270.00"
2020-10-04,2020100404003001,RLI,38,28,10,626.00,"6,260.00"
2020-10-04,2020100404003012,RLI,29,17,220,626.00,"137,720.00"
2020-10-04,2020100404003011,RLI,29,38,10,626.00,"6,260.00"
2020-10-04,2020100404003010,RLI,29,13,10,626.00,"6,260.00"
2020-10-04,2020100404003009,RLI,29,20,10,626.00,"6,260.00"
2020-10-04,2020100404003008,RLI,38,16,10,626.00,"6,260.00"
2020-10-04,2020100404003007,RLI,38,28,10,626.00,"6,260.00"
2020-10-04,2020100404003019,RLI,55,45,10,626.00,"6,260.00"
2020-10-04,2020100404003018,RLI,55,40,10,626.00,"6,260.00"
2020-10-04,2020100404003016,RLI,55,28,10,626.00,"6,260.00"
2020-10-04,2020100404003015,RLI,55,17,70,626.00,"43,820.00"
2020-10-04,2020100404003014,RLI,41,17,10,626.00,"6,260.00"
2020-10-04,2020100404003013,RLI,58,17,200,626.00,"125,200.00"
2020-10-04,2020100404003025,RLI,55,35,10,626.00,"6,260.00"
2020-10-04,2020100404003024,RLI,55,38,10,626.00,"6,260.00"
2020-10-04,2020100404003023,RLI,55,20,10,626.00,"6,260.00"
2020-10-04,2020100404003022,RLI,55,11,10,626.00,"6,260.00"
2020-10-04,2020100404003021,RLI,55,28,10,626.00,"6,260.00"
2020-10-04,2020100404003020,RLI,55,55,10,626.00,"6,260.00"
2020-10-04,2020100404003031,RLI,19,22,10,626.00,"6,260.00"
2020-10-04,2020100404003030,RLI,19,45,10,626.00,"6,260.00"
2020-10-04,2020100404003029,RLI,55,8,10,626.00,"6,260.00"
2020-10-04,2020100404003028,RLI,55,28,10,626.00,"6,260.00"
2020-10-04,2020100404003027,RLI,55,45,10,626.00,"6,260.00"
2020-10-04,2020100404003026,RLI,55,41,10,626.00,"6,260.00"
2020-10-04,2020100404003038,RLI,19,53,10,626.00,"6,260.00"
2020-10-04,2020100404003037,RLI,19,38,10,626.00,"6,260.00"
2020-10-04,2020100404003036,RLI,19,22,10,626.00,"6,260.00"
2020-10-04,2020100404003034,RLI,19,38,10,626.00,"6,260.00"
2020-10-04,2020100404003033,RLI,19,22,10,626.00,"6,260.00"
2020-10-04,2020100404003032,RLI,19,20,10,626.00,"6,260.00"
2020-10-04,2020100404003044,RLI,50,49,10,626.00,"6,260.00"
2020-10-04,2020100404003043,RLI,50,22,10,626.00,"6,260.00"
2020-10-04,2020100404003042,RLI,8,41,10,626.00,"6,260.00"
2020-10-04,2020100404003041,RLI,8,22,10,626.00,"6,260.00"
2020-10-04,2020100404003040,RLI,19,20,10,626.00,"6,260.00"
2020-10-04,2020100404003039,RLI,19,38,10,626.00,"6,260.00"
2020-10-04,2020100404003051,RLI,50,38,10,626.00,"6,260.00"
2020-10-04,2020100404003050,RLI,50,29,10,626.00,"6,260.00"
2020-10-04,2020100404003049,RLI,50,28,10,626.00,"6,260.00"
2020-10-04,2020100404003048,RLI,50,22,10,626.00,"6,260.00"
2020-10-04,2020100404003047,RLI,50,16,10,626.00,"6,260.00"
2020-10-04,2020100404003045,RLI,50,14,10,626.00,"6,260.00"
2020-10-04,2020100404003057,RLI,1,13,10,626.00,"6,260.00"
2020-10-04,2020100404003056,RLI,28,39,10,625.00,"6,250.00"
2020-10-04,2020100404003055,RLI,17,8,10,626.00,"6,260.00"
2020-10-04,2020100404003054,RLI,17,28,10,626.00,"6,260.00"
2020-10-04,2020100404003053,RLI,50,22,10,626.00,"6,260.00"
2020-10-04,2020100404003052,RLI,50,59,10,626.00,"6,260.00"
2020-10-04,2020100404003064,RLI,1,58,10,626.00,"6,260.00"
2020-10-04,2020100404003063,RLI,1,57,10,626.00,"6,260.00"
2020-10-04,2020100404003062,RLI,1,39,10,626.00,"6,260.00"
2020-10-04,2020100404003060,RLI,1,28,10,626.00,"6,260.00"
2020-10-04,2020100404003059,RLI,1,22,10,626.00,"6,260.00"
2020-10-04,2020100404003058,RLI,1,41,10,626.00,"6,260.00"
2020-10-04,2020100404003070,RLI,40,22,10,626.00,"6,260.00"
2020-10-04,2020100404003069,RLI,28,22,10,625.00,"6,250.00"
2020-10-04,2020100404003068,RLI,28,53,10,625.00,"6,250.00"
2020-10-04,2020100404003067,RLI,28,39,10,625.00,"6,250.00"
2020-10-04,2020100404003066,RLI,1,20,10,626.00,"6,260.00"
2020-10-04,2020100404003065,RLI,1,38,10,626.00,"6,260.00"
2020-10-04,2020100404003076,RLI,28,22,10,625.00,"6,250.00"
2020-10-04,2020100404003075,RLI,28,20,10,625.00,"6,250.00"
2020-10-04,2020100404003074,RLI,28,38,10,625.00,"6,250.00"
2020-10-04,2020100404003073,RLI,40,45,10,626.00,"6,260.00"
2020-10-04,2020100404003072,RLI,40,29,10,626.00,"6,260.00"
2020-10-04,2020100404003071,RLI,40,38,10,626.00,"6,260.00"
2020-10-04,2020100404003082,RLI,57,17,50,625.00,"31,250.00"
2020-10-04,2020100404003081,RLI,53,22,10,625.00,"6,250.00"
2020-10-04,2020100404003080,RLI,53,28,10,625.00,"6,250.00"
2020-10-04,2020100404003079,RLI,28,42,10,625.00,"6,250.00"
2020-10-04,2020100404003078,RLI,28,58,10,625.00,"6,250.00"
2020-10-04,2020100404003077,RLI,28,42,10,625.00,"6,250.00"
2020-10-04,2020100404003088,RLI,25,17,20,625.00,"12,500.00"
2020-10-04,2020100404003087,RLI,51,17,100,625.00,"62,500.00"
2020-10-04,2020100404003086,RLI,6,17,50,625.00,"31,250.00"
2020-10-04,2020100404003085,RLI,53,17,40,625.00,"25,000.00"
2020-10-04,2020100404003084,RLI,47,17,500,625.00,"312,500.00"
2020-10-04,2020100404003083,RLI,53,17,280,625.00,"175,000.00"
2020-10-04,2020100404003094,RLI,11,17,20,625.00,"12,500.00"
2020-10-04,2020100404003093,RLI,13,17,30,625.00,"18,750.00"
2020-10-04,2020100404003092,RLI,42,17,100,625.00,"62,500.00"
2020-10-04,2020100404003091,RLI,33,17,30,625.00,"18,750.00"
2020-10-04,2020100404003090,RLI,54,17,50,625.00,"31,250.00"
2020-10-04,2020100404003089,RLI,18,17,50,625.00,"31,250.00"
2020-10-04,2020100404003100,RLI,14,17,50,625.00,"31,250.00"
2020-10-04,2020100404003099,RLI,42,17,25,625.00,"15,625.00"
2020-10-04,2020100404003098,RLI,42,17,100,625.00,"62,500.00"
2020-10-04,2020100404003097,RLI,21,17,100,625.00,"62,500.00"
2020-10-04,2020100404003096,RLI,11,17,50,625.00,"31,250.00"
2020-10-04,2020100404003095,RLI,43,17,50,625.00,"31,250.00"
2020-10-04,2020100404003107,RLI,57,42,10,625.00,"6,250.00"
2020-10-04,2020100404003105,RLI,57,17,25,625.00,"15,625.00"
2020-10-04,2020100404003104,RLI,55,17,10,625.00,"6,250.00"
2020-10-04,2020100404003103,RLI,49,17,200,625.00,"125,000.00"
2020-10-04,2020100404003102,RLI,35,17,50,625.00,"31,250.00"
2020-10-04,2020100404003101,RLI,47,17,20,625.00,"12,500.00"
2020-10-04,2020100404003114,RLI,13,36,10,625.00,"6,250.00"
2020-10-04,2020100404003113,RLI,13,28,10,625.00,"6,250.00"
2020-10-04,2020100404003111,RLI,13,22,10,625.00,"6,250.00"
2020-10-04,2020100404003110,RLI,13,42,10,625.00,"6,250.00"
2020-10-04,2020100404003109,RLI,13,28,10,625.00,"6,250.00"
2020-10-04,2020100404003108,RLI,57,38,10,625.00,"6,250.00"
2020-10-04,2020100404003120,RLI,57,45,30,626.00,"18,780.00"
2020-10-04,2020100404003119,RLI,17,48,10,625.00,"6,250.00"
2020-10-04,2020100404003118,RLI,17,58,70,625.00,"43,750.00"
2020-10-04,2020100404003117,RLI,58,58,80,625.00,"50,000.00"
2020-10-04,2020100404003116,RLI,13,58,140,625.00,"87,500.00"
2020-10-04,2020100404003115,RLI,13,22,10,625.00,"6,250.00"
2020-10-04,2020100404003135,RLI,6,48,10,624.00,"6,240.00"
2020-10-04,2020100404003125,RLI,6,20,10,624.00,"6,240.00"
2020-10-04,2020100404003124,RLI,6,36,10,624.00,"6,240.00"
2020-10-04,2020100404003123,RLI,6,28,10,624.00,"6,240.00"
2020-10-04,2020100404003122,RLI,17,22,10,625.00,"6,250.00"
2020-10-04,2020100404003121,RLI,17,38,10,625.00,"6,250.00"
2020-10-04,2020100404003147,RLI,41,45,110,626.00,"68,860.00"
2020-10-04,2020100404003146,RLI,41,29,10,625.00,"6,250.00"
2020-10-04,2020100404003145,RLI,6,22,10,624.00,"6,240.00"
2020-10-04,2020100404003144,RLI,6,26,10,624.00,"6,240.00"
2020-10-04,2020100404003138,RLI,6,53,10,624.00,"6,240.00"
2020-10-04,2020100404003136,RLI,6,22,10,624.00,"6,240.00"
2020-10-04,2020100404003154,RLI,59,22,10,625.00,"6,250.00"
2020-10-04,2020100404003153,RLI,48,38,10,624.00,"6,240.00"
2020-10-04,2020100404003152,RLI,48,20,10,624.00,"6,240.00"
2020-10-04,2020100404003151,RLI,50,26,10,624.00,"6,240.00"
2020-10-04,2020100404003149,RLI,6,28,10,624.00,"6,240.00"
2020-10-04,2020100404003148,RLI,6,38,10,624.00,"6,240.00"
2020-10-04,2020100404003160,RLI,59,22,10,625.00,"6,250.00"
2020-10-04,2020100404003159,RLI,59,36,10,625.00,"6,250.00"
2020-10-04,2020100404003158,RLI,59,26,10,625.00,"6,250.00"
2020-10-04,2020100404003157,RLI,59,38,10,625.00,"6,250.00"
2020-10-04,2020100404003156,RLI,59,26,10,625.00,"6,250.00"
2020-10-04,2020100404003155,RLI,59,25,10,625.00,"6,250.00"
2020-10-04,2020100404003166,RLI,59,39,10,625.00,"6,250.00"
2020-10-04,2020100404003165,RLI,59,41,10,625.00,"6,250.00"
2020-10-04,2020100404003164,RLI,59,39,10,625.00,"6,250.00"
2020-10-04,2020100404003163,RLI,59,26,10,625.00,"6,250.00"
2020-10-04,2020100404003162,RLI,59,26,10,625.00,"6,250.00"
2020-10-04,2020100404003161,RLI,59,38,10,625.00,"6,250.00"
2020-10-04,2020100404003172,RLI,59,20,10,625.00,"6,250.00"
2020-10-04,2020100404003171,RLI,59,8,10,625.00,"6,250.00"
2020-10-04,2020100404003170,RLI,59,51,10,625.00,"6,250.00"
2020-10-04,2020100404003169,RLI,59,7,10,625.00,"6,250.00"
2020-10-04,2020100404003168,RLI,59,39,10,625.00,"6,250.00"
2020-10-04,2020100404003167,RLI,59,45,10,625.00,"6,250.00"
2020-10-04,2020100404003178,RLI,48,42,10,624.00,"6,240.00"
2020-10-04,2020100404003177,RLI,48,39,10,624.00,"6,240.00"
2020-10-04,2020100404003176,RLI,48,42,10,624.00,"6,240.00"
2020-10-04,2020100404003175,RLI,48,52,10,624.00,"6,240.00"
2020-10-04,2020100404003174,RLI,48,39,10,624.00,"6,240.00"
2020-10-04,2020100404003173,RLI,59,38,10,625.00,"6,250.00"
2020-10-04,2020100404003193,RLI,57,26,10,624.00,"6,240.00"
2020-10-04,2020100404003183,RLI,57,46,10,624.00,"6,240.00"
2020-10-04,2020100404003182,RLI,57,22,10,624.00,"6,240.00"
2020-10-04,2020100404003181,RLI,57,45,10,624.00,"6,240.00"
2020-10-04,2020100404003180,RLI,57,20,10,624.00,"6,240.00"
2020-10-04,2020100404003179,RLI,57,33,10,624.00,"6,240.00"
2020-10-04,2020100404003199,RLI,1,6,10,625.00,"6,250.00"
2020-10-04,2020100404003198,RLI,57,32,10,624.00,"6,240.00"
2020-10-04,2020100404003197,RLI,57,16,10,624.00,"6,240.00"
2020-10-04,2020100404003196,RLI,57,20,10,624.00,"6,240.00"
2020-10-04,2020100404003195,RLI,57,39,10,624.00,"6,240.00"
2020-10-04,2020100404003194,RLI,57,16,10,624.00,"6,240.00"
2020-10-04,2020100404003205,RLI,1,11,10,625.00,"6,250.00"
2020-10-04,2020100404003204,RLI,1,16,10,625.00,"6,250.00"
2020-10-04,2020100404003203,RLI,1,58,10,625.00,"6,250.00"
2020-10-04,2020100404003202,RLI,1,54,10,625.00,"6,250.00"
2020-10-04,2020100404003201,RLI,1,58,10,625.00,"6,250.00"
2020-10-04,2020100404003200,RLI,1,45,10,625.00,"6,250.00"
2020-10-04,2020100404003213,RLI,1,16,10,625.00,"6,250.00"
2020-10-04,2020100404003210,RLI,1,36,10,625.00,"6,250.00"
2020-10-04,2020100404003209,RLI,1,4,10,625.00,"6,250.00"
2020-10-04,2020100404003208,RLI,1,32,10,625.00,"6,250.00"
2020-10-04,2020100404003207,RLI,1,20,10,625.00,"6,250.00"
2020-10-04,2020100404003206,RLI,1,20,10,625.00,"6,250.00"
2020-10-04,2020100404003219,RLI,35,20,10,625.00,"6,250.00"
2020-10-04,2020100404003218,RLI,35,47,10,625.00,"6,250.00"
2020-10-04,2020100404003217,RLI,52,29,10,625.00,"6,250.00"
2020-10-04,2020100404003216,RLI,52,36,10,625.00,"6,250.00"
2020-10-04,2020100404003215,RLI,1,51,10,625.00,"6,250.00"
2020-10-04,2020100404003214,RLI,1,14,10,625.00,"6,250.00"
2020-10-04,2020100404003225,RLI,41,16,10,625.00,"6,250.00"
2020-10-04,2020100404003224,RLI,41,46,10,625.00,"6,250.00"
2020-10-04,2020100404003223,RLI,57,20,10,624.00,"6,240.00"
2020-10-04,2020100404003222,RLI,57,32,10,624.00,"6,240.00"
2020-10-04,2020100404003221,RLI,35,1,10,625.00,"6,250.00"
2020-10-04,2020100404003220,RLI,35,22,10,625.00,"6,250.00"
2020-10-04,2020100404003232,RLI,35,40,10,624.00,"6,240.00"
2020-10-04,2020100404003231,RLI,35,20,10,624.00,"6,240.00"
2020-10-04,2020100404003230,RLI,35,28,10,624.00,"6,240.00"
2020-10-04,2020100404003229,RLI,35,32,10,624.00,"6,240.00"
2020-10-04,2020100404003228,RLI,57,22,10,624.00,"6,240.00"
2020-10-04,2020100404003227,RLI,57,20,10,624.00,"6,240.00"
2020-10-04,2020100404003238,RLI,46,58,10,625.00,"6,250.00"
2020-10-04,2020100404003237,RLI,35,40,10,624.00,"6,240.00"
2020-10-04,2020100404003236,RLI,35,22,10,624.00,"6,240.00"
2020-10-04,2020100404003235,RLI,35,54,10,624.00,"6,240.00"
2020-10-04,2020100404003234,RLI,35,45,50,625.00,"31,250.00"
2020-10-04,2020100404003233,RLI,35,20,10,624.00,"6,240.00"
2020-10-04,2020100404003244,RLI,35,44,10,624.00,"6,240.00"
2020-10-04,2020100404003243,RLI,35,22,10,624.00,"6,240.00"
2020-10-04,2020100404003242,RLI,46,41,10,625.00,"6,250.00"
2020-10-04,2020100404003241,RLI,46,39,10,625.00,"6,250.00"
2020-10-04,2020100404003240,RLI,46,40,10,625.00,"6,250.00"
2020-10-04,2020100404003239,RLI,46,22,10,625.00,"6,250.00"
2020-10-04,2020100404003252,RLI,58,22,10,625.00,"6,250.00"
2020-10-04,2020100404003251,RLI,58,40,10,625.00,"6,250.00"
2020-10-04,2020100404003250,RLI,26,20,10,624.00,"6,240.00"
2020-10-04,2020100404003247,RLI,26,22,10,624.00,"6,240.00"
2020-10-04,2020100404003246,RLI,26,32,10,624.00,"6,240.00"
2020-10-04,2020100404003245,RLI,26,40,10,624.00,"6,240.00"
2020-10-04,2020100404003258,RLI,58,28,10,625.00,"6,250.00"
2020-10-04,2020100404003257,RLI,58,58,10,625.00,"6,250.00"
2020-10-04,2020100404003256,RLI,58,47,10,625.00,"6,250.00"
2020-10-04,2020100404003255,RLI,58,32,10,625.00,"6,250.00"
2020-10-04,2020100404003254,RLI,58,28,10,625.00,"6,250.00"
2020-10-04,2020100404003253,RLI,58,40,10,625.00,"6,250.00"
2020-10-04,2020100404003264,RLI,36,35,10,624.00,"6,240.00"
2020-10-04,2020100404003263,RLI,36,6,10,624.00,"6,240.00"
2020-10-04,2020100404003262,RLI,45,40,10,624.00,"6,240.00"
2020-10-04,2020100404003261,RLI,26,28,10,624.00,"6,240.00"
2020-10-04,2020100404003260,RLI,58,22,10,625.00,"6,250.00"
2020-10-04,2020100404003259,RLI,58,40,10,625.00,"6,250.00"
2020-10-04,2020100404003270,RLI,58,40,10,625.00,"6,250.00"
2020-10-04,2020100404003269,RLI,58,45,10,625.00,"6,250.00"
2020-10-04,2020100404003268,RLI,36,28,10,624.00,"6,240.00"
2020-10-04,2020100404003267,RLI,36,36,10,624.00,"6,240.00"
2020-10-04,2020100404003266,RLI,36,40,10,624.00,"6,240.00"
2020-10-04,2020100404003265,RLI,36,45,10,624.00,"6,240.00"
2020-10-04,2020100404003276,RLI,36,20,10,624.00,"6,240.00"
2020-10-04,2020100404003275,RLI,36,28,10,624.00,"6,240.00"
2020-10-04,2020100404003274,RLI,36,47,10,624.00,"6,240.00"
2020-10-04,2020100404003273,RLI,36,40,10,624.00,"6,240.00"
2020-10-04,2020100404003272,RLI,36,20,10,624.00,"6,240.00"
2020-10-04,2020100404003271,RLI,36,40,10,624.00,"6,240.00"
2020-10-04,2020100404003282,RLI,36,20,10,624.00,"6,240.00"
2020-10-04,2020100404003281,RLI,45,17,490,625.00,"306,250.00"
2020-10-04,2020100404003280,RLI,45,21,10,625.00,"6,250.00"
2020-10-04,2020100404003279,RLI,36,40,10,624.00,"6,240.00"
2020-10-04,2020100404003278,RLI,36,26,10,624.00,"6,240.00"
2020-10-04,2020100404003277,RLI,36,20,10,624.00,"6,240.00"
2020-10-04,2020100404003288,RLI,36,22,10,624.00,"6,240.00"
2020-10-04,2020100404003287,RLI,36,19,10,624.00,"6,240.00"
2020-10-04,2020100404003286,RLI,36,22,10,624.00,"6,240.00"
2020-10-04,2020100404003285,RLI,36,40,10,624.00,"6,240.00"
2020-10-04,2020100404003284,RLI,36,28,10,624.00,"6,240.00"
2020-10-04,2020100404003283,RLI,36,1,10,624.00,"6,240.00"
2020-10-04,2020100404003295,RLI,55,28,10,625.00,"6,250.00"
2020-10-04,2020100404003294,RLI,55,41,10,625.00,"6,250.00"
2020-10-04,2020100404003293,RLI,55,17,10,625.00,"6,250.00"
2020-10-04,2020100404003291,RLI,36,28,10,624.00,"6,240.00"
2020-10-04,2020100404003290,RLI,36,20,10,624.00,"6,240.00"
2020-10-04,2020100404003289,RLI,36,40,10,624.00,"6,240.00"
2020-10-04,2020100404003301,RLI,49,17,50,625.00,"31,250.00"
2020-10-04,2020100404003300,RLI,55,17,130,625.00,"81,250.00"
2020-10-04,2020100404003299,RLI,55,28,10,625.00,"6,250.00"
2020-10-04,2020100404003298,RLI,55,41,10,625.00,"6,250.00"
2020-10-04,2020100404003297,RLI,55,20,10,625.00,"6,250.00"
2020-10-04,2020100404003296,RLI,55,21,10,625.00,"6,250.00"
2020-10-04,2020100404003308,RLI,36,28,10,624.00,"6,240.00"
2020-10-04,2020100404003307,RLI,36,46,10,624.00,"6,240.00"
2020-10-04,2020100404003306,RLI,36,47,10,624.00,"6,240.00"
2020-10-04,2020100404003305,RLI,36,28,10,624.00,"6,240.00"
2020-10-04,2020100404003303,RLI,57,17,10,625.00,"6,250.00"
2020-10-04,2020100404003302,RLI,33,17,50,625.00,"31,250.00"
2020-10-04,2020100404003323,RLI,34,46,10,624.00,"6,240.00"
2020-10-04,2020100404003322,RLI,34,26,10,624.00,"6,240.00"
2020-10-04,2020100404003321,RLI,34,36,10,624.00,"6,240.00"
2020-10-04,2020100404003320,RLI,36,20,10,624.00,"6,240.00"
2020-10-04,2020100404003313,RLI,36,28,10,624.00,"6,240.00"
2020-10-04,2020100404003309,RLI,36,22,10,624.00,"6,240.00"
2020-10-04,2020100404003330,RLI,25,34,10,624.00,"6,240.00"
2020-10-04,2020100404003329,RLI,25,43,10,624.00,"6,240.00"
2020-10-04,2020100404003328,RLI,25,20,10,624.00,"6,240.00"
2020-10-04,2020100404003327,RLI,25,20,10,624.00,"6,240.00"
2020-10-04,2020100404003325,RLI,34,22,10,624.00,"6,240.00"
2020-10-04,2020100404003324,RLI,34,28,10,624.00,"6,240.00"
2020-10-04,2020100404003336,RLI,26,28,10,624.00,"6,240.00"
2020-10-04,2020100404003335,RLI,26,57,10,624.00,"6,240.00"
2020-10-04,2020100404003334,RLI,26,28,10,624.00,"6,240.00"
2020-10-04,2020100404003333,RLI,26,43,10,624.00,"6,240.00"
2020-10-04,2020100404003332,RLI,25,28,10,624.00,"6,240.00"
2020-10-04,2020100404003331,RLI,52,17,500,625.00,"312,500.00"
2020-10-04,2020100404003342,RLI,32,38,10,624.00,"6,240.00"
2020-10-04,2020100404003341,RLI,32,28,10,624.00,"6,240.00"
2020-10-04,2020100404003340,RLI,32,21,10,624.00,"6,240.00"
2020-10-04,2020100404003339,RLI,32,47,10,624.00,"6,240.00"
2020-10-04,2020100404003338,RLI,41,40,10,624.00,"6,240.00"
2020-10-04,2020100404003337,RLI,26,20,10,624.00,"6,240.00"
2020-10-04,2020100404003348,RLI,34,57,10,625.00,"6,250.00"
2020-10-04,2020100404003347,RLI,34,42,10,625.00,"6,250.00"
2020-10-04,2020100404003346,RLI,34,17,260,625.00,"162,500.00"
2020-10-04,2020100404003345,RLI,32,47,10,624.00,"6,240.00"
2020-10-04,2020100404003344,RLI,32,20,10,624.00,"6,240.00"
2020-10-04,2020100404003343,RLI,32,28,10,624.00,"6,240.00"
2020-10-04,2020100404003354,RLI,34,26,10,625.00,"6,250.00"
2020-10-04,2020100404003353,RLI,34,29,10,625.00,"6,250.00"
2020-10-04,2020100404003352,RLI,34,25,10,625.00,"6,250.00"
2020-10-04,2020100404003351,RLI,34,42,10,625.00,"6,250.00"
2020-10-04,2020100404003350,RLI,34,59,10,625.00,"6,250.00"
2020-10-04,2020100404003349,RLI,34,48,10,625.00,"6,250.00"
2020-10-04,2020100404003360,RLI,34,32,10,625.00,"6,250.00"
2020-10-04,2020100404003359,RLI,34,28,10,625.00,"6,250.00"
2020-10-04,2020100404003358,RLI,34,44,10,625.00,"6,250.00"
2020-10-04,2020100404003357,RLI,34,13,10,625.00,"6,250.00"
2020-10-04,2020100404003356,RLI,34,17,"1,000",625.00,"625,000.00"
2020-10-04,2020100404003355,RLI,34,46,10,625.00,"6,250.00"
2020-10-04,2020100404003366,RLI,16,46,20,625.00,"12,500.00"
2020-10-04,2020100404003365,RLI,34,46,70,625.00,"43,750.00"
2020-10-04,2020100404003364,RLI,34,1,10,625.00,"6,250.00"
2020-10-04,2020100404003363,RLI,34,28,10,625.00,"6,250.00"
2020-10-04,2020100404003362,RLI,34,28,10,625.00,"6,250.00"
2020-10-04,2020100404003361,RLI,34,47,10,625.00,"6,250.00"
2020-10-04,2020100404003372,RLI,36,46,30,625.00,"18,750.00"
2020-10-04,2020100404003371,RLI,16,46,140,625.00,"87,500.00"
2020-10-04,2020100404003370,RLI,16,48,10,625.00,"6,250.00"
2020-10-04,2020100404003369,RLI,16,28,10,625.00,"6,250.00"
2020-10-04,2020100404003368,RLI,16,46,10,625.00,"6,250.00"
2020-10-04,2020100404003367,RLI,16,28,10,625.00,"6,250.00"
2020-10-04,2020100404003380,RLI,25,45,10,625.00,"6,250.00"
2020-10-04,2020100404003379,RLI,25,46,20,625.00,"12,500.00"
2020-10-04,2020100404003378,RLI,36,46,30,625.00,"18,750.00"
2020-10-04,2020100404003377,RLI,36,45,10,625.00,"6,250.00"
2020-10-04,2020100404003376,RLI,36,21,10,625.00,"6,250.00"
2020-10-04,2020100404003375,RLI,36,28,10,625.00,"6,250.00"
2020-10-04,2020100404003387,RLI,32,22,10,624.00,"6,240.00"
2020-10-04,2020100404003386,RLI,35,26,10,625.00,"6,250.00"
2020-10-04,2020100404003385,RLI,35,46,10,625.00,"6,250.00"
2020-10-04,2020100404003384,RLI,32,20,10,624.00,"6,240.00"
2020-10-04,2020100404003383,RLI,32,48,10,624.00,"6,240.00"
2020-10-04,2020100404003382,RLI,25,46,170,625.00,"106,250.00"
2020-10-04,2020100404003393,RLI,48,11,10,625.00,"6,250.00"
2020-10-04,2020100404003392,RLI,48,29,10,625.00,"6,250.00"
2020-10-04,2020100404003391,RLI,32,21,10,624.00,"6,240.00"
2020-10-04,2020100404003390,RLI,32,46,10,624.00,"6,240.00"
2020-10-04,2020100404003389,RLI,32,47,10,624.00,"6,240.00"
2020-10-04,2020100404003388,RLI,32,20,10,624.00,"6,240.00"
2020-10-04,2020100404003399,RLI,48,22,10,625.00,"6,250.00"
2020-10-04,2020100404003398,RLI,48,42,10,625.00,"6,250.00"
2020-10-04,2020100404003397,RLI,48,21,10,625.00,"6,250.00"
2020-10-04,2020100404003396,RLI,48,42,10,625.00,"6,250.00"
2020-10-04,2020100404003395,RLI,48,20,10,625.00,"6,250.00"
2020-10-04,2020100404003394,RLI,48,47,10,625.00,"6,250.00"
2020-10-04,2020100404003406,RLI,54,59,10,625.00,"6,250.00"
2020-10-04,2020100404003405,RLI,54,45,10,625.00,"6,250.00"
2020-10-04,2020100404003404,RLI,54,20,10,625.00,"6,250.00"
2020-10-04,2020100404003403,RLI,54,21,10,625.00,"6,250.00"
2020-10-04,2020100404003401,RLI,48,35,10,625.00,"6,250.00"
2020-10-04,2020100404003400,RLI,48,45,10,625.00,"6,250.00"
2020-10-04,2020100404003412,RLI,32,20,10,624.00,"6,240.00"
2020-10-04,2020100404003411,RLI,32,46,10,624.00,"6,240.00"
2020-10-04,2020100404003410,RLI,32,21,10,624.00,"6,240.00"
2020-10-04,2020100404003409,RLI,32,58,10,624.00,"6,240.00"
2020-10-04,2020100404003408,RLI,54,46,10,625.00,"6,250.00"
2020-10-04,2020100404003407,RLI,54,36,10,625.00,"6,250.00"
2020-10-04,2020100404003418,RLI,32,20,10,625.00,"6,250.00"
2020-10-04,2020100404003417,RLI,32,59,10,625.00,"6,250.00"
2020-10-04,2020100404003416,RLI,32,40,10,625.00,"6,250.00"
2020-10-04,2020100404003415,RLI,32,14,10,625.00,"6,250.00"
2020-10-04,2020100404003414,RLI,29,46,50,625.00,"31,250.00"
2020-10-04,2020100404003413,RLI,32,21,10,624.00,"6,240.00"
2020-10-04,2020100404003424,RLI,49,8,100,626.00,"62,600.00"
2020-10-04,2020100404003423,RLI,49,53,10,626.00,"6,260.00"
2020-10-04,2020100404003422,RLI,49,49,10,626.00,"6,260.00"
2020-10-04,2020100404003421,RLI,49,22,10,626.00,"6,260.00"
2020-10-04,2020100404003420,RLI,49,22,10,626.00,"6,260.00"
2020-10-04,2020100404003419,RLI,49,45,50,626.00,"31,300.00"
2020-10-04,2020100404003430,RLI,49,42,20,626.00,"12,520.00"
2020-10-04,2020100404003429,RLI,49,47,10,626.00,"6,260.00"
2020-10-04,2020100404003428,RLI,49,22,10,626.00,"6,260.00"
2020-10-04,2020100404003427,RLI,49,54,10,626.00,"6,260.00"
2020-10-04,2020100404003426,RLI,49,19,10,626.00,"6,260.00"
2020-10-04,2020100404003425,RLI,49,42,10,626.00,"6,260.00"
2020-10-04,2020100404003436,RLI,49,32,10,627.00,"6,270.00"
2020-10-04,2020100404003435,RLI,49,50,10,627.00,"6,270.00"
2020-10-04,2020100404003434,RLI,49,42,10,627.00,"6,270.00"
2020-10-04,2020100404003433,RLI,49,40,90,627.00,"56,430.00"
2020-10-04,2020100404003432,RLI,49,19,10,627.00,"6,270.00"
2020-10-04,2020100404003431,RLI,49,51,10,627.00,"6,270.00"
2020-10-04,2020100404003446,RLI,19,57,10,626.00,"6,260.00"
2020-10-04,2020100404003445,RLI,19,20,10,626.00,"6,260.00"
2020-10-04,2020100404003441,RLI,19,8,10,626.00,"6,260.00"
2020-10-04,2020100404003440,RLI,32,20,10,625.00,"6,250.00"
2020-10-04,2020100404003438,RLI,32,29,10,625.00,"6,250.00"
2020-10-04,2020100404003437,RLI,32,42,10,625.00,"6,250.00"
2020-10-04,2020100404003455,RLI,13,42,10,627.00,"6,270.00"
2020-10-04,2020100404003454,RLI,13,58,10,627.00,"6,270.00"
2020-10-04,2020100404003453,RLI,13,19,10,627.00,"6,270.00"
2020-10-04,2020100404003452,RLI,13,44,10,627.00,"6,270.00"
2020-10-04,2020100404003451,RLI,19,44,10,626.00,"6,260.00"
2020-10-04,2020100404003448,RLI,19,57,10,626.00,"6,260.00"
2020-10-04,2020100404003462,RLI,13,8,10,629.00,"6,290.00"
2020-10-04,2020100404003460,RLI,13,13,10,629.00,"6,290.00"
2020-10-04,2020100404003459,RLI,13,48,10,628.00,"6,280.00"
2020-10-04,2020100404003458,RLI,13,42,10,628.00,"6,280.00"
2020-10-04,2020100404003457,RLI,13,57,10,628.00,"6,280.00"
2020-10-04,2020100404003456,RLI,13,41,10,628.00,"6,280.00"
2020-10-04,2020100404003474,RLI,32,46,230,625.00,"143,750.00"
2020-10-04,2020100404003473,RLI,1,46,20,626.00,"12,520.00"
2020-10-04,2020100404003472,RLI,19,46,30,626.00,"18,780.00"
2020-10-04,2020100404003471,RLI,19,26,10,626.00,"6,260.00"
2020-10-04,2020100404003467,RLI,19,21,10,626.00,"6,260.00"
2020-10-04,2020100404003466,RLI,13,13,10,630.00,"6,300.00"
2020-10-04,2020100404003470,SAEF,37,35,"1,000",10.22,"10,220.00"
2020-10-04,2020100404003469,SAEF,37,35,"2,000",10.22,"20,440.00"
2020-10-04,2020100404003468,SAEF,37,35,"2,000",10.22,"20,440.00"
2020-10-04,2020100404003449,SAEF,13,8,"2,500",10.24,"25,600.00"
2020-10-04,2020100404003402,SEF,34,58,"1,000",9.20,"9,200.00"
2020-10-04,2020100404003304,SEF,34,26,400,9.20,"3,680.00"
2020-10-04,2020100404003212,SEF,34,41,"1,000",9.16,"9,160.00"
2020-10-04,2020100404003137,SEF,34,41,200,9.16,"1,832.00"
2020-10-04,2020100404003017,SEF,34,46,100,9.16,916.00
2020-10-04,2020100404003035,SRBLD83,39,33,25,"1,020.00","25,500.00"
2020-10-04,2020100404003374,STC,40,19,150,"3,512.00","526,800.00"
2020-10-04,2020100404002801,BBC,38,26,10,"1,600.00","16,000.00"
2020-10-04,2020100404002800,BBC,52,26,10,"1,602.00","16,020.00"
2020-10-04,2020100404002679,BBC,8,3,10,"1,603.00","16,030.00"
2020-10-04,2020100404002496,BBC,58,3,60,"1,629.00","97,740.00"
2020-10-04,2020100404002910,CMF1,33,50,"2,980",9.59,"28,578.20"
2020-10-04,2020100404002909,CMF1,46,50,"1,000",9.60,"9,600.00"
2020-10-04,2020100404002908,CMF1,46,50,"1,000",9.60,"9,600.00"
2020-10-04,2020100404002907,CMF1,7,50,120,9.61,"1,153.20"
2020-10-04,2020100404002699,GBD80/81,11,58,25,"1,050.00","26,250.00"
2020-10-04,2020100404002852,LEMF,5,46,"2,000",9.00,"18,000.00"
2020-10-04,2020100404002541,LUK,26,53,"1,000",8.77,"8,770.00"
2020-10-04,2020100404002730,NBF2,25,25,"1,000",8.92,"8,920.00"
2020-10-04,2020100404002640,NBF2,39,42,100,9.00,900.00
2020-10-04,2020100404002639,NBF2,39,42,100,9.00,900.00
2020-10-04,2020100404002638,NBF2,39,42,100,9.00,900.00
2020-10-04,2020100404002623,NBF2,39,58,200,8.95,"1,790.00"
2020-10-04,2020100404002946,NEF,50,38,"2,082",8.90,"18,529.80"
2020-10-04,2020100404002885,NEF,25,38,332,8.90,"2,954.80"
2020-10-04,2020100404002755,NEF,25,45,"1,127",8.90,"10,030.30"
2020-10-04,2020100404002747,NEF,25,45,"1,127",8.90,"10,030.30"
2020-10-04,2020100404002630,NEF,25,58,"2,414",8.90,"21,484.60"
2020-10-04,2020100404002969,NIBPO,1,6,601,362.00,"217,562.00"
2020-10-04,2020100404002870,NIBPO,55,13,500,363.00,"181,500.00"
2020-10-04,2020100404002869,NIBPO,55,25,70,363.00,"25,410.00"
2020-10-04,2020100404002626,NIBPO,52,25,500,363.00,"181,500.00"
2020-10-04,2020100404002571,NIBPO,1,25,430,363.00,"156,090.00"
2020-10-04,2020100404002725,NIBSF1,8,16,700,9.89,"6,923.00"
2020-10-04,2020100404002716,NIBSF1,8,17,"5,000",9.72,"48,600.00"
2020-10-04,2020100404002715,NIBSF1,8,48,400,9.72,"3,888.00"
2020-10-04,2020100404002777,NICGF,8,25,500,9.70,"4,850.00"
2020-10-04,2020100404002556,NICGF,8,44,"20,000",9.70,"194,000.00"
2020-10-04,2020100404002552,NICGF,8,5,"5,000",9.68,"48,400.00"
2020-10-04,2020100404002549,NICGF,50,1,500,9.60,"4,800.00"
2020-10-04,2020100404002714,NMB50,50,45,110,9.45,"1,039.50"
2020-10-04,2020100404002637,NMBHF1,50,58,"4,161",9.30,"38,697.30"
2020-10-04,2020100404002576,NMBHF1,14,22,"1,000",9.47,"9,470.00"
2020-10-04,2020100404002937,RBCLPO,42,49,100,"10,700.00","1,070,000.00"
2020-10-04,2020100404002890,RBCLPO,42,41,20,"10,745.00","214,900.00"
2020-10-04,2020100404002889,RBCLPO,42,32,20,"10,740.00","214,800.00"
2020-10-04,2020100404002888,RBCLPO,42,59,10,"10,700.00","107,000.00"
2020-10-04,2020100404002887,RBCLPO,42,35,10,"10,495.00","104,950.00"
2020-10-04,2020100404002886,RBCLPO,42,59,25,"10,480.00","262,000.00"
2020-10-04,2020100404002981,RLI,40,22,10,627.00,"6,270.00"
2020-10-04,2020100404002980,RLI,40,43,10,627.00,"6,270.00"
2020-10-04,2020100404002974,RLI,40,13,10,627.00,"6,270.00"
2020-10-04,2020100404002973,RLI,38,34,10,626.00,"6,260.00"
2020-10-04,2020100404002972,RLI,38,40,10,626.00,"6,260.00"
2020-10-04,2020100404002971,RLI,38,28,10,626.00,"6,260.00"
2020-10-04,2020100404002482,RLI,39,44,10,627.00,"6,270.00"
2020-10-04,2020100404002488,RLI,39,17,10,627.00,"6,270.00"
2020-10-04,2020100404002487,RLI,39,47,10,627.00,"6,270.00"
2020-10-04,2020100404002486,RLI,39,55,10,627.00,"6,270.00"
2020-10-04,2020100404002485,RLI,39,32,10,627.00,"6,270.00"
2020-10-04,2020100404002484,RLI,39,44,10,627.00,"6,270.00"
2020-10-04,2020100404002483,RLI,39,28,10,627.00,"6,270.00"
2020-10-04,2020100404002494,RLI,39,44,10,627.00,"6,270.00"
2020-10-04,2020100404002493,RLI,39,44,10,627.00,"6,270.00"
2020-10-04,2020100404002492,RLI,39,48,10,627.00,"6,270.00"
2020-10-04,2020100404002491,RLI,39,40,10,627.00,"6,270.00"
2020-10-04,2020100404002490,RLI,39,44,10,627.00,"6,270.00"
2020-10-04,2020100404002489,RLI,39,39,10,627.00,"6,270.00"
2020-10-04,2020100404002501,RLI,39,44,10,627.00,"6,270.00"
2020-10-04,2020100404002500,RLI,39,28,10,627.00,"6,270.00"
2020-10-04,2020100404002499,RLI,39,55,10,627.00,"6,270.00"
2020-10-04,2020100404002498,RLI,39,56,10,627.00,"6,270.00"
2020-10-04,2020100404002497,RLI,39,29,10,627.00,"6,270.00"
2020-10-04,2020100404002495,RLI,39,32,10,627.00,"6,270.00"
2020-10-04,2020100404002507,RLI,39,6,10,627.00,"6,270.00"
2020-10-04,2020100404002506,RLI,39,49,10,627.00,"6,270.00"
2020-10-04,2020100404002505,RLI,39,55,10,627.00,"6,270.00"
2020-10-04,2020100404002504,RLI,39,44,10,627.00,"6,270.00"
2020-10-04,2020100404002503,RLI,39,56,10,627.00,"6,270.00"
2020-10-04,2020100404002502,RLI,39,43,10,627.00,"6,270.00"
2020-10-04,2020100404002513,RLI,56,6,10,627.00,"6,270.00"
2020-10-04,2020100404002512,RLI,56,47,10,627.00,"6,270.00"
2020-10-04,2020100404002511,RLI,56,1,10,627.00,"6,270.00"
2020-10-04,2020100404002510,RLI,55,44,10,627.00,"6,270.00"
2020-10-04,2020100404002509,RLI,55,56,10,627.00,"6,270.00"
2020-10-04,2020100404002508,RLI,39,48,10,627.00,"6,270.00"
2020-10-04,2020100404002519,RLI,56,44,10,627.00,"6,270.00"
2020-10-04,2020100404002518,RLI,56,58,10,627.00,"6,270.00"
2020-10-04,2020100404002517,RLI,56,54,10,627.00,"6,270.00"
2020-10-04,2020100404002516,RLI,56,56,10,627.00,"6,270.00"
2020-10-04,2020100404002515,RLI,56,55,10,627.00,"6,270.00"
2020-10-04,2020100404002514,RLI,56,59,10,627.00,"6,270.00"
2020-10-04,2020100404002525,RLI,42,42,10,627.00,"6,270.00"
2020-10-04,2020100404002524,RLI,42,5,10,627.00,"6,270.00"
2020-10-04,2020100404002523,RLI,42,56,10,627.00,"6,270.00"
2020-10-04,2020100404002522,RLI,42,17,10,627.00,"6,270.00"
2020-10-04,2020100404002521,RLI,42,38,10,627.00,"6,270.00"
2020-10-04,2020100404002520,RLI,56,56,10,627.00,"6,270.00"
2020-10-04,2020100404002531,RLI,42,28,10,627.00,"6,270.00"
2020-10-04,2020100404002530,RLI,42,38,10,627.00,"6,270.00"
2020-10-04,2020100404002529,RLI,42,59,10,627.00,"6,270.00"
2020-10-04,2020100404002528,RLI,42,44,10,627.00,"6,270.00"
2020-10-04,2020100404002527,RLI,42,29,10,627.00,"6,270.00"
2020-10-04,2020100404002526,RLI,42,55,10,627.00,"6,270.00"
2020-10-04,2020100404002537,RLI,42,56,10,627.00,"6,270.00"
2020-10-04,2020100404002536,RLI,42,44,10,627.00,"6,270.00"
2020-10-04,2020100404002535,RLI,42,47,10,627.00,"6,270.00"
2020-10-04,2020100404002534,RLI,42,44,10,627.00,"6,270.00"
2020-10-04,2020100404002533,RLI,42,17,10,627.00,"6,270.00"
2020-10-04,2020100404002532,RLI,42,44,10,627.00,"6,270.00"
2020-10-04,2020100404002544,RLI,42,37,10,627.00,"6,270.00"
2020-10-04,2020100404002543,RLI,42,32,10,627.00,"6,270.00"
2020-10-04,2020100404002542,RLI,42,44,10,627.00,"6,270.00"
2020-10-04,2020100404002540,RLI,42,59,10,627.00,"6,270.00"
2020-10-04,2020100404002539,RLI,42,55,10,627.00,"6,270.00"
2020-10-04,2020100404002538,RLI,42,28,10,627.00,"6,270.00"
2020-10-04,2020100404002551,RLI,42,32,10,627.00,"6,270.00"
2020-10-04,2020100404002550,RLI,42,45,10,627.00,"6,270.00"
2020-10-04,2020100404002548,RLI,42,28,10,627.00,"6,270.00"
2020-10-04,2020100404002547,RLI,42,47,10,627.00,"6,270.00"
2020-10-04,2020100404002546,RLI,42,59,10,627.00,"6,270.00"
2020-10-04,2020100404002545,RLI,42,44,10,627.00,"6,270.00"
2020-10-04,2020100404002559,RLI,32,58,10,627.00,"6,270.00"
2020-10-04,2020100404002558,RLI,32,16,10,627.00,"6,270.00"
2020-10-04,2020100404002557,RLI,32,28,10,627.00,"6,270.00"
2020-10-04,2020100404002555,RLI,38,1,10,627.00,"6,270.00"
2020-10-04,2020100404002554,RLI,38,38,10,627.00,"6,270.00"
2020-10-04,2020100404002553,RLI,42,56,10,627.00,"6,270.00"
2020-10-04,2020100404002566,RLI,32,32,10,627.00,"6,270.00"
2020-10-04,2020100404002565,RLI,32,58,10,627.00,"6,270.00"
2020-10-04,2020100404002564,RLI,32,39,10,627.00,"6,270.00"
2020-10-04,2020100404002563,RLI,32,32,10,627.00,"6,270.00"
2020-10-04,2020100404002562,RLI,32,36,10,627.00,"6,270.00"
2020-10-04,2020100404002560,RLI,32,47,10,627.00,"6,270.00"
2020-10-04,2020100404002573,RLI,25,29,10,627.00,"6,270.00"
2020-10-04,2020100404002572,RLI,25,44,10,627.00,"6,270.00"
2020-10-04,2020100404002570,RLI,44,43,10,627.00,"6,270.00"
2020-10-04,2020100404002569,RLI,44,29,10,627.00,"6,270.00"
2020-10-04,2020100404002568,RLI,44,21,10,627.00,"6,270.00"
2020-10-04,2020100404002567,RLI,32,28,10,627.00,"6,270.00"
2020-10-04,2020100404002580,RLI,25,47,10,627.00,"6,270.00"
2020-10-04,2020100404002579,RLI,25,28,10,627.00,"6,270.00"
2020-10-04,2020100404002578,RLI,25,44,10,627.00,"6,270.00"
2020-10-04,2020100404002577,RLI,25,43,10,627.00,"6,270.00"
2020-10-04,2020100404002575,RLI,25,32,10,627.00,"6,270.00"
2020-10-04,2020100404002574,RLI,25,28,10,627.00,"6,270.00"
2020-10-04,2020100404002586,RLI,25,28,10,627.00,"6,270.00"
2020-10-04,2020100404002585,RLI,25,29,10,627.00,"6,270.00"
2020-10-04,2020100404002584,RLI,25,3,10,627.00,"6,270.00"
2020-10-04,2020100404002583,RLI,25,32,10,627.00,"6,270.00"
2020-10-04,2020100404002582,RLI,25,44,10,627.00,"6,270.00"
2020-10-04,2020100404002581,RLI,25,43,10,627.00,"6,270.00"
2020-10-04,2020100404002592,RLI,29,45,10,628.00,"6,280.00"
2020-10-04,2020100404002591,RLI,29,43,10,628.00,"6,280.00"
2020-10-04,2020100404002590,RLI,29,44,10,628.00,"6,280.00"
2020-10-04,2020100404002589,RLI,29,54,10,628.00,"6,280.00"
2020-10-04,2020100404002588,RLI,29,44,10,628.00,"6,280.00"
2020-10-04,2020100404002587,RLI,29,21,10,628.00,"6,280.00"
2020-10-04,2020100404002598,RLI,25,44,10,627.00,"6,270.00"
2020-10-04,2020100404002597,RLI,25,1,10,627.00,"6,270.00"
2020-10-04,2020100404002596,RLI,29,38,10,628.00,"6,280.00"
2020-10-04,2020100404002595,RLI,29,43,10,628.00,"6,280.00"
2020-10-04,2020100404002594,RLI,29,44,10,628.00,"6,280.00"
2020-10-04,2020100404002593,RLI,29,8,10,628.00,"6,280.00"
2020-10-04,2020100404002604,RLI,25,44,10,627.00,"6,270.00"
2020-10-04,2020100404002603,RLI,17,21,10,630.00,"6,300.00"
2020-10-04,2020100404002602,RLI,17,32,10,630.00,"6,300.00"
2020-10-04,2020100404002601,RLI,25,28,10,627.00,"6,270.00"
2020-10-04,2020100404002600,RLI,25,29,10,627.00,"6,270.00"
2020-10-04,2020100404002599,RLI,25,45,10,627.00,"6,270.00"
2020-10-04,2020100404002610,RLI,25,28,10,627.00,"6,270.00"
2020-10-04,2020100404002609,RLI,25,39,10,627.00,"6,270.00"
2020-10-04,2020100404002608,RLI,25,17,10,627.00,"6,270.00"
2020-10-04,2020100404002607,RLI,25,47,10,627.00,"6,270.00"
2020-10-04,2020100404002606,RLI,25,45,10,627.00,"6,270.00"
2020-10-04,2020100404002605,RLI,25,48,10,627.00,"6,270.00"
2020-10-04,2020100404002616,RLI,51,43,10,628.00,"6,280.00"
2020-10-04,2020100404002615,RLI,25,17,10,627.00,"6,270.00"
2020-10-04,2020100404002614,RLI,25,45,10,627.00,"6,270.00"
2020-10-04,2020100404002613,RLI,25,40,10,627.00,"6,270.00"
2020-10-04,2020100404002612,RLI,25,1,10,627.00,"6,270.00"
2020-10-04,2020100404002611,RLI,25,43,10,627.00,"6,270.00"
2020-10-04,2020100404002622,RLI,25,43,10,627.00,"6,270.00"
2020-10-04,2020100404002621,RLI,25,1,10,627.00,"6,270.00"
2020-10-04,2020100404002620,RLI,25,47,10,627.00,"6,270.00"
2020-10-04,2020100404002619,RLI,25,45,10,627.00,"6,270.00"
2020-10-04,2020100404002618,RLI,51,43,10,628.00,"6,280.00"
2020-10-04,2020100404002617,RLI,51,41,10,628.00,"6,280.00"
2020-10-04,2020100404002631,RLI,25,28,10,627.00,"6,270.00"
2020-10-04,2020100404002629,RLI,25,10,10,627.00,"6,270.00"
2020-10-04,2020100404002628,RLI,25,28,10,627.00,"6,270.00"
2020-10-04,2020100404002627,RLI,25,39,10,627.00,"6,270.00"
2020-10-04,2020100404002625,RLI,25,1,10,627.00,"6,270.00"
2020-10-04,2020100404002624,RLI,25,39,10,627.00,"6,270.00"
2020-10-04,2020100404002641,RLI,25,48,10,627.00,"6,270.00"
2020-10-04,2020100404002636,RLI,25,44,10,627.00,"6,270.00"
2020-10-04,2020100404002635,RLI,25,1,10,627.00,"6,270.00"
2020-10-04,2020100404002634,RLI,25,44,10,627.00,"6,270.00"
2020-10-04,2020100404002633,RLI,25,40,10,627.00,"6,270.00"
2020-10-04,2020100404002632,RLI,25,56,10,627.00,"6,270.00"
2020-10-04,2020100404002647,RLI,47,43,10,628.00,"6,280.00"
2020-10-04,2020100404002646,RLI,59,28,10,627.00,"6,270.00"
2020-10-04,2020100404002645,RLI,59,44,10,627.00,"6,270.00"
2020-10-04,2020100404002644,RLI,25,47,10,627.00,"6,270.00"
2020-10-04,2020100404002643,RLI,25,16,10,627.00,"6,270.00"
2020-10-04,2020100404002642,RLI,25,44,10,627.00,"6,270.00"
2020-10-04,2020100404002653,RLI,59,22,10,627.00,"6,270.00"
2020-10-04,2020100404002652,RLI,59,43,10,627.00,"6,270.00"
2020-10-04,2020100404002651,RLI,47,44,10,628.00,"6,280.00"
2020-10-04,2020100404002650,RLI,47,28,10,628.00,"6,280.00"
2020-10-04,2020100404002649,RLI,47,44,10,628.00,"6,280.00"
2020-10-04,2020100404002648,RLI,47,47,10,628.00,"6,280.00"
2020-10-04,2020100404002659,RLI,32,8,80,627.00,"50,160.00"
2020-10-04,2020100404002658,RLI,59,8,20,627.00,"12,540.00"
2020-10-04,2020100404002657,RLI,59,10,10,627.00,"6,270.00"
2020-10-04,2020100404002656,RLI,59,44,10,627.00,"6,270.00"
2020-10-04,2020100404002655,RLI,59,28,10,627.00,"6,270.00"
2020-10-04,2020100404002654,RLI,59,22,10,627.00,"6,270.00"
2020-10-04,2020100404002665,RLI,32,42,10,627.00,"6,270.00"
2020-10-04,2020100404002664,RLI,32,10,10,627.00,"6,270.00"
2020-10-04,2020100404002663,RLI,32,44,10,627.00,"6,270.00"
2020-10-04,2020100404002662,RLI,32,44,10,627.00,"6,270.00"
2020-10-04,2020100404002661,RLI,32,10,10,627.00,"6,270.00"
2020-10-04,2020100404002660,RLI,32,47,10,627.00,"6,270.00"
2020-10-04,2020100404002671,RLI,32,43,10,627.00,"6,270.00"
2020-10-04,2020100404002670,RLI,32,10,10,627.00,"6,270.00"
2020-10-04,2020100404002669,RLI,32,44,10,627.00,"6,270.00"
2020-10-04,2020100404002668,RLI,32,48,10,627.00,"6,270.00"
2020-10-04,2020100404002667,RLI,32,26,10,627.00,"6,270.00"
2020-10-04,2020100404002666,RLI,32,33,10,627.00,"6,270.00"
2020-10-04,2020100404002677,RLI,32,36,10,627.00,"6,270.00"
2020-10-04,2020100404002676,RLI,32,10,10,627.00,"6,270.00"
2020-10-04,2020100404002675,RLI,32,54,10,627.00,"6,270.00"
2020-10-04,2020100404002674,RLI,32,26,10,627.00,"6,270.00"
2020-10-04,2020100404002673,RLI,32,44,10,627.00,"6,270.00"
2020-10-04,2020100404002672,RLI,32,41,10,627.00,"6,270.00"
2020-10-04,2020100404002684,RLI,32,48,10,627.00,"6,270.00"
2020-10-04,2020100404002683,RLI,32,26,10,627.00,"6,270.00"
2020-10-04,2020100404002682,RLI,32,22,10,627.00,"6,270.00"
2020-10-04,2020100404002681,RLI,32,58,10,627.00,"6,270.00"
2020-10-04,2020100404002680,RLI,32,29,10,627.00,"6,270.00"
2020-10-04,2020100404002678,RLI,32,58,10,627.00,"6,270.00"
2020-10-04,2020100404002690,RLI,32,28,10,627.00,"6,270.00"
2020-10-04,2020100404002689,RLI,32,28,10,627.00,"6,270.00"
2020-10-04,2020100404002688,RLI,32,58,10,627.00,"6,270.00"
2020-10-04,2020100404002687,RLI,32,28,10,627.00,"6,270.00"
2020-10-04,2020100404002686,RLI,32,10,10,627.00,"6,270.00"
2020-10-04,2020100404002685,RLI,32,10,10,627.00,"6,270.00"
2020-10-04,2020100404002696,RLI,39,58,10,628.00,"6,280.00"
2020-10-04,2020100404002695,RLI,39,28,10,628.00,"6,280.00"
2020-10-04,2020100404002694,RLI,44,45,10,629.00,"6,290.00"
2020-10-04,2020100404002693,RLI,32,28,10,627.00,"6,270.00"
2020-10-04,2020100404002692,RLI,32,16,10,627.00,"6,270.00"
2020-10-04,2020100404002691,RLI,32,49,10,627.00,"6,270.00"
2020-10-04,2020100404002703,RLI,39,20,10,628.00,"6,280.00"
2020-10-04,2020100404002702,RLI,39,57,10,628.00,"6,280.00"
2020-10-04,2020100404002701,RLI,39,48,10,628.00,"6,280.00"
2020-10-04,2020100404002700,RLI,39,28,10,628.00,"6,280.00"
2020-10-04,2020100404002698,RLI,39,20,10,628.00,"6,280.00"
2020-10-04,2020100404002697,RLI,39,39,10,628.00,"6,280.00"
2020-10-04,2020100404002709,RLI,39,50,10,628.00,"6,280.00"
2020-10-04,2020100404002708,RLI,39,37,10,628.00,"6,280.00"
2020-10-04,2020100404002707,RLI,39,10,10,628.00,"6,280.00"
2020-10-04,2020100404002706,RLI,39,58,10,628.00,"6,280.00"
2020-10-04,2020100404002705,RLI,39,56,10,628.00,"6,280.00"
2020-10-04,2020100404002704,RLI,39,22,10,628.00,"6,280.00"
2020-10-04,2020100404002718,RLI,39,34,10,628.00,"6,280.00"
2020-10-04,2020100404002717,RLI,39,10,10,628.00,"6,280.00"
2020-10-04,2020100404002713,RLI,39,6,10,628.00,"6,280.00"
2020-10-04,2020100404002712,RLI,39,10,10,628.00,"6,280.00"
2020-10-04,2020100404002711,RLI,39,28,10,628.00,"6,280.00"
2020-10-04,2020100404002710,RLI,39,44,10,628.00,"6,280.00"
2020-10-04,2020100404002724,RLI,32,28,10,627.00,"6,270.00"
2020-10-04,2020100404002723,RLI,32,32,10,627.00,"6,270.00"
2020-10-04,2020100404002722,RLI,32,22,10,627.00,"6,270.00"
2020-10-04,2020100404002721,RLI,32,20,10,627.00,"6,270.00"
2020-10-04,2020100404002720,RLI,32,3,10,627.00,"6,270.00"
2020-10-04,2020100404002719,RLI,32,44,10,627.00,"6,270.00"
2020-10-04,2020100404002732,RLI,14,28,10,627.00,"6,270.00"
2020-10-04,2020100404002731,RLI,14,10,10,627.00,"6,270.00"
2020-10-04,2020100404002729,RLI,14,22,10,627.00,"6,270.00"
2020-10-04,2020100404002728,RLI,32,28,10,627.00,"6,270.00"
2020-10-04,2020100404002727,RLI,32,28,10,627.00,"6,270.00"
2020-10-04,2020100404002726,RLI,32,10,10,627.00,"6,270.00"
2020-10-04,2020100404002738,RLI,14,28,10,627.00,"6,270.00"
2020-10-04,2020100404002737,RLI,14,44,10,627.00,"6,270.00"
2020-10-04,2020100404002736,RLI,14,20,10,627.00,"6,270.00"
2020-10-04,2020100404002735,RLI,14,28,10,627.00,"6,270.00"
2020-10-04,2020100404002734,RLI,14,10,10,627.00,"6,270.00"
2020-10-04,2020100404002733,RLI,14,22,10,627.00,"6,270.00"
2020-10-04,2020100404002744,RLI,14,20,10,627.00,"6,270.00"
2020-10-04,2020100404002743,RLI,14,44,10,627.00,"6,270.00"
2020-10-04,2020100404002742,RLI,14,44,10,627.00,"6,270.00"
2020-10-04,2020100404002741,RLI,14,17,10,627.00,"6,270.00"
2020-10-04,2020100404002740,RLI,14,43,10,627.00,"6,270.00"
2020-10-04,2020100404002739,RLI,14,28,10,627.00,"6,270.00"
2020-10-04,2020100404002751,RLI,14,39,10,627.00,"6,270.00"
2020-10-04,2020100404002750,RLI,14,47,10,627.00,"6,270.00"
2020-10-04,2020100404002749,RLI,14,51,10,627.00,"6,270.00"
2020-10-04,2020100404002748,RLI,14,17,10,627.00,"6,270.00"
2020-10-04,2020100404002746,RLI,14,28,10,627.00,"6,270.00"
2020-10-04,2020100404002745,RLI,14,44,10,627.00,"6,270.00"
2020-10-04,2020100404002758,RLI,57,22,10,627.00,"6,270.00"
2020-10-04,2020100404002757,RLI,39,28,10,627.00,"6,270.00"
2020-10-04,2020100404002756,RLI,39,21,10,627.00,"6,270.00"
2020-10-04,2020100404002754,RLI,14,28,10,627.00,"6,270.00"
2020-10-04,2020100404002753,RLI,14,28,10,627.00,"6,270.00"
2020-10-04,2020100404002752,RLI,14,44,10,627.00,"6,270.00"
2020-10-04,2020100404002764,RLI,57,28,10,627.00,"6,270.00"
2020-10-04,2020100404002763,RLI,57,22,10,627.00,"6,270.00"
2020-10-04,2020100404002762,RLI,57,19,10,627.00,"6,270.00"
2020-10-04,2020100404002761,RLI,57,40,10,627.00,"6,270.00"
2020-10-04,2020100404002760,RLI,57,44,10,627.00,"6,270.00"
2020-10-04,2020100404002759,RLI,57,28,10,627.00,"6,270.00"
2020-10-04,2020100404002771,RLI,28,39,10,626.00,"6,260.00"
2020-10-04,2020100404002770,RLI,28,22,10,626.00,"6,260.00"
2020-10-04,2020100404002768,RLI,28,22,10,626.00,"6,260.00"
2020-10-04,2020100404002767,RLI,57,22,10,627.00,"6,270.00"
2020-10-04,2020100404002766,RLI,57,44,10,627.00,"6,270.00"
2020-10-04,2020100404002765,RLI,57,28,10,627.00,"6,270.00"
2020-10-04,2020100404002778,RLI,51,54,10,626.00,"6,260.00"
2020-10-04,2020100404002776,RLI,51,22,10,626.00,"6,260.00"
2020-10-04,2020100404002775,RLI,51,10,10,626.00,"6,260.00"
2020-10-04,2020100404002774,RLI,51,44,10,626.00,"6,260.00"
2020-10-04,2020100404002773,RLI,51,28,10,626.00,"6,260.00"
2020-10-04,2020100404002772,RLI,51,28,10,626.00,"6,260.00"
2020-10-04,2020100404002784,RLI,51,22,10,626.00,"6,260.00"
2020-10-04,2020100404002783,RLI,51,39,10,626.00,"6,260.00"
2020-10-04,2020100404002782,RLI,51,38,10,626.00,"6,260.00"
2020-10-04,2020100404002781,RLI,51,44,10,626.00,"6,260.00"
2020-10-04,2020100404002780,RLI,51,38,10,626.00,"6,260.00"
2020-10-04,2020100404002779,RLI,51,10,10,626.00,"6,260.00"
2020-10-04,2020100404002790,RLI,47,19,100,626.00,"62,600.00"
2020-10-04,2020100404002789,RLI,32,19,500,626.00,"313,000.00"
2020-10-04,2020100404002788,RLI,6,19,50,626.00,"31,300.00"
2020-10-04,2020100404002787,RLI,13,19,50,626.00,"31,300.00"
2020-10-04,2020100404002786,RLI,16,19,100,626.00,"62,600.00"
2020-10-04,2020100404002785,RLI,51,19,170,626.00,"106,420.00"
2020-10-04,2020100404002796,RLI,35,58,10,626.00,"6,260.00"
2020-10-04,2020100404002795,RLI,35,22,10,626.00,"6,260.00"
2020-10-04,2020100404002794,RLI,35,29,10,626.00,"6,260.00"
2020-10-04,2020100404002793,RLI,35,38,10,626.00,"6,260.00"
2020-10-04,2020100404002792,RLI,35,44,10,626.00,"6,260.00"
2020-10-04,2020100404002791,RLI,35,19,30,626.00,"18,780.00"
2020-10-04,2020100404002804,RLI,22,39,10,626.00,"6,260.00"
2020-10-04,2020100404002803,RLI,22,59,10,626.00,"6,260.00"
2020-10-04,2020100404002802,RLI,22,44,10,626.00,"6,260.00"
2020-10-04,2020100404002799,RLI,22,38,10,626.00,"6,260.00"
2020-10-04,2020100404002798,RLI,35,58,10,626.00,"6,260.00"
2020-10-04,2020100404002797,RLI,35,44,10,626.00,"6,260.00"
2020-10-04,2020100404002811,RLI,22,44,10,626.00,"6,260.00"
2020-10-04,2020100404002810,RLI,22,58,10,626.00,"6,260.00"
2020-10-04,2020100404002809,RLI,22,58,10,626.00,"6,260.00"
2020-10-04,2020100404002807,RLI,22,22,10,626.00,"6,260.00"
2020-10-04,2020100404002806,RLI,45,37,10,627.00,"6,270.00"
2020-10-04,2020100404002805,RLI,45,37,10,627.00,"6,270.00"
2020-10-04,2020100404002817,RLI,47,45,10,626.00,"6,260.00"
2020-10-04,2020100404002816,RLI,47,38,10,626.00,"6,260.00"
2020-10-04,2020100404002815,RLI,47,26,10,626.00,"6,260.00"
2020-10-04,2020100404002814,RLI,47,10,10,626.00,"6,260.00"
2020-10-04,2020100404002813,RLI,22,57,10,626.00,"6,260.00"
2020-10-04,2020100404002812,RLI,22,37,10,626.00,"6,260.00"
2020-10-04,2020100404002823,RLI,42,19,490,626.00,"306,740.00"
2020-10-04,2020100404002822,RLI,33,19,70,626.00,"43,820.00"
2020-10-04,2020100404002821,RLI,33,57,10,626.00,"6,260.00"
2020-10-04,2020100404002820,RLI,33,44,10,626.00,"6,260.00"
2020-10-04,2020100404002819,RLI,33,22,10,626.00,"6,260.00"
2020-10-04,2020100404002818,RLI,47,38,10,626.00,"6,260.00"
2020-10-04,2020100404002829,RLI,33,7,10,626.00,"6,260.00"
2020-10-04,2020100404002828,RLI,33,57,10,626.00,"6,260.00"
2020-10-04,2020100404002827,RLI,33,20,10,626.00,"6,260.00"
2020-10-04,2020100404002826,RLI,33,28,10,626.00,"6,260.00"
2020-10-04,2020100404002825,RLI,33,19,60,626.00,"37,560.00"
2020-10-04,2020100404002824,RLI,22,19,170,626.00,"106,420.00"
2020-10-04,2020100404002835,RLI,33,44,10,626.00,"6,260.00"
2020-10-04,2020100404002834,RLI,33,45,10,626.00,"6,260.00"
2020-10-04,2020100404002833,RLI,33,28,10,626.00,"6,260.00"
2020-10-04,2020100404002832,RLI,33,22,10,626.00,"6,260.00"
2020-10-04,2020100404002831,RLI,33,38,10,626.00,"6,260.00"
2020-10-04,2020100404002830,RLI,33,38,10,626.00,"6,260.00"
2020-10-04,2020100404002841,RLI,35,28,10,625.00,"6,250.00"
2020-10-04,2020100404002840,RLI,13,44,10,626.00,"6,260.00"
2020-10-04,2020100404002839,RLI,33,57,10,626.00,"6,260.00"
2020-10-04,2020100404002838,RLI,33,22,10,626.00,"6,260.00"
2020-10-04,2020100404002837,RLI,33,28,10,626.00,"6,260.00"
2020-10-04,2020100404002836,RLI,33,36,10,626.00,"6,260.00"
2020-10-04,2020100404002847,RLI,52,38,10,626.00,"6,260.00"
2020-10-04,2020100404002846,RLI,52,58,10,626.00,"6,260.00"
2020-10-04,2020100404002845,RLI,35,10,10,625.00,"6,250.00"
2020-10-04,2020100404002844,RLI,35,44,10,625.00,"6,250.00"
2020-10-04,2020100404002843,RLI,35,22,10,625.00,"6,250.00"
2020-10-04,2020100404002842,RLI,35,38,10,625.00,"6,250.00"
2020-10-04,2020100404002854,RLI,35,57,10,625.00,"6,250.00"
2020-10-04,2020100404002853,RLI,35,44,10,625.00,"6,250.00"
2020-10-04,2020100404002851,RLI,35,57,10,625.00,"6,250.00"
2020-10-04,2020100404002850,RLI,35,22,10,625.00,"6,250.00"
2020-10-04,2020100404002849,RLI,35,44,10,625.00,"6,250.00"
2020-10-04,2020100404002848,RLI,52,38,10,626.00,"6,260.00"
2020-10-04,2020100404002860,RLI,35,58,10,625.00,"6,250.00"
2020-10-04,2020100404002859,RLI,35,38,10,625.00,"6,250.00"
2020-10-04,2020100404002858,RLI,35,39,10,625.00,"6,250.00"
2020-10-04,2020100404002857,RLI,35,57,10,625.00,"6,250.00"
2020-10-04,2020100404002856,RLI,35,22,10,625.00,"6,250.00"
2020-10-04,2020100404002855,RLI,35,42,10,625.00,"6,250.00"
2020-10-04,2020100404002866,RLI,35,44,10,625.00,"6,250.00"
2020-10-04,2020100404002865,RLI,35,38,10,625.00,"6,250.00"
2020-10-04,2020100404002864,RLI,35,22,10,625.00,"6,250.00"
2020-10-04,2020100404002863,RLI,35,49,10,625.00,"6,250.00"
2020-10-04,2020100404002862,RLI,35,57,10,625.00,"6,250.00"
2020-10-04,2020100404002861,RLI,35,32,10,625.00,"6,250.00"
2020-10-04,2020100404002874,RLI,35,22,10,625.00,"6,250.00"
2020-10-04,2020100404002873,RLI,35,44,10,625.00,"6,250.00"
2020-10-04,2020100404002872,RLI,35,57,10,625.00,"6,250.00"
2020-10-04,2020100404002871,RLI,35,57,10,625.00,"6,250.00"
2020-10-04,2020100404002868,RLI,35,38,10,625.00,"6,250.00"
2020-10-04,2020100404002867,RLI,35,57,10,625.00,"6,250.00"
2020-10-04,2020100404002880,RLI,35,35,10,627.00,"6,270.00"
2020-10-04,2020100404002879,RLI,35,5,10,627.00,"6,270.00"
2020-10-04,2020100404002878,RLI,35,49,10,626.00,"6,260.00"
2020-10-04,2020100404002877,RLI,35,49,10,626.00,"6,260.00"
2020-10-04,2020100404002876,RLI,35,34,10,626.00,"6,260.00"
2020-10-04,2020100404002875,RLI,35,49,10,626.00,"6,260.00"
2020-10-04,2020100404002892,RLI,35,44,10,625.00,"6,250.00"
2020-10-04,2020100404002891,RLI,35,57,10,625.00,"6,250.00"
2020-10-04,2020100404002884,RLI,35,58,10,625.00,"6,250.00"
2020-10-04,2020100404002883,RLI,35,58,10,625.00,"6,250.00"
2020-10-04,2020100404002882,RLI,35,26,10,628.00,"6,280.00"
2020-10-04,2020100404002881,RLI,35,41,10,628.00,"6,280.00"
2020-10-04,2020100404002898,RLI,35,22,10,625.00,"6,250.00"
2020-10-04,2020100404002897,RLI,35,57,10,625.00,"6,250.00"
2020-10-04,2020100404002896,RLI,20,44,10,626.00,"6,260.00"
2020-10-04,2020100404002895,RLI,20,49,10,626.00,"6,260.00"
2020-10-04,2020100404002894,RLI,35,43,10,625.00,"6,250.00"
2020-10-04,2020100404002893,RLI,35,22,10,625.00,"6,250.00"
2020-10-04,2020100404002904,RLI,54,49,10,626.00,"6,260.00"
2020-10-04,2020100404002903,RLI,48,58,10,625.00,"6,250.00"
2020-10-04,2020100404002902,RLI,55,57,10,626.00,"6,260.00"
2020-10-04,2020100404002901,RLI,35,44,10,625.00,"6,250.00"
2020-10-04,2020100404002900,RLI,35,57,10,625.00,"6,250.00"
2020-10-04,2020100404002899,RLI,35,38,10,625.00,"6,250.00"
2020-10-04,2020100404002914,RLI,48,42,10,625.00,"6,250.00"
2020-10-04,2020100404002913,RLI,48,21,10,625.00,"6,250.00"
2020-10-04,2020100404002912,RLI,54,43,10,626.00,"6,260.00"
2020-10-04,2020100404002911,RLI,54,22,10,626.00,"6,260.00"
2020-10-04,2020100404002906,RLI,54,16,10,626.00,"6,260.00"
2020-10-04,2020100404002905,RLI,54,49,10,626.00,"6,260.00"
2020-10-04,2020100404002920,RLI,48,22,10,625.00,"6,250.00"
2020-10-04,2020100404002919,RLI,48,58,10,625.00,"6,250.00"
2020-10-04,2020100404002918,RLI,48,38,10,625.00,"6,250.00"
2020-10-04,2020100404002917,RLI,48,58,10,625.00,"6,250.00"
2020-10-04,2020100404002916,RLI,48,57,10,625.00,"6,250.00"
2020-10-04,2020100404002915,RLI,48,44,10,625.00,"6,250.00"
2020-10-04,2020100404002926,RLI,58,58,10,625.00,"6,250.00"
2020-10-04,2020100404002925,RLI,58,44,10,625.00,"6,250.00"
2020-10-04,2020100404002924,RLI,58,22,10,625.00,"6,250.00"
2020-10-04,2020100404002923,RLI,58,57,10,625.00,"6,250.00"
2020-10-04,2020100404002922,RLI,48,58,10,625.00,"6,250.00"
2020-10-04,2020100404002921,RLI,48,44,10,625.00,"6,250.00"
2020-10-04,2020100404002932,RLI,3,22,10,625.00,"6,250.00"
2020-10-04,2020100404002931,RLI,3,44,10,625.00,"6,250.00"
2020-10-04,2020100404002930,RLI,3,58,10,625.00,"6,250.00"
2020-10-04,2020100404002929,RLI,3,58,10,625.00,"6,250.00"
2020-10-04,2020100404002928,RLI,3,49,10,625.00,"6,250.00"
2020-10-04,2020100404002927,RLI,58,17,10,625.00,"6,250.00"
2020-10-04,2020100404002939,RLI,3,44,10,625.00,"6,250.00"
2020-10-04,2020100404002938,RLI,3,49,10,625.00,"6,250.00"
2020-10-04,2020100404002936,RLI,33,58,10,626.00,"6,260.00"
2020-10-04,2020100404002935,RLI,33,28,10,626.00,"6,260.00"
2020-10-04,2020100404002934,RLI,55,58,10,626.00,"6,260.00"
2020-10-04,2020100404002933,RLI,55,49,10,626.00,"6,260.00"
2020-10-04,2020100404002945,RLI,14,58,10,625.00,"6,250.00"
2020-10-04,2020100404002944,RLI,14,38,10,625.00,"6,250.00"
2020-10-04,2020100404002943,RLI,14,54,10,625.00,"6,250.00"
2020-10-04,2020100404002942,RLI,3,44,10,625.00,"6,250.00"
2020-10-04,2020100404002941,RLI,3,58,10,625.00,"6,250.00"
2020-10-04,2020100404002940,RLI,3,42,10,625.00,"6,250.00"
2020-10-04,2020100404002952,RLI,35,58,10,628.00,"6,280.00"
2020-10-04,2020100404002951,RLI,35,58,10,628.00,"6,280.00"
2020-10-04,2020100404002950,RLI,35,49,10,628.00,"6,280.00"
2020-10-04,2020100404002949,RLI,35,49,10,628.00,"6,280.00"
2020-10-04,2020100404002948,RLI,14,28,10,625.00,"6,250.00"
2020-10-04,2020100404002947,RLI,14,49,10,625.00,"6,250.00"
2020-10-04,2020100404002963,RLI,33,28,10,625.00,"6,250.00"
2020-10-04,2020100404002962,RLI,33,47,10,625.00,"6,250.00"
2020-10-04,2020100404002961,RLI,52,44,10,625.00,"6,250.00"
2020-10-04,2020100404002960,RLI,52,17,10,625.00,"6,250.00"
2020-10-04,2020100404002959,RLI,14,58,10,625.00,"6,250.00"
2020-10-04,2020100404002958,RLI,35,44,10,628.00,"6,280.00"
2020-10-04,2020100404002970,RLI,38,17,10,626.00,"6,260.00"
2020-10-04,2020100404002968,RLI,28,44,10,625.00,"6,250.00"
2020-10-04,2020100404002967,RLI,28,57,10,625.00,"6,250.00"
2020-10-04,2020100404002966,RLI,28,8,10,625.00,"6,250.00"
2020-10-04,2020100404002965,RLI,28,58,10,625.00,"6,250.00"
2020-10-04,2020100404002964,RLI,33,13,10,625.00,"6,250.00"
2020-10-04,2020100404002769,SAND2085,13,52,25,"1,015.00","25,375.00"
2020-10-04,2020100404002808,SEF,28,48,"1,000",9.15,"9,150.00"
2020-10-04,2020100404002561,SEF,26,35,"2,000",9.16,"18,320.00"
2020-10-04,2020100404002979,STC,40,5,10,"3,550.00","35,500.00"
2020-10-04,2020100404002978,STC,40,26,10,"3,550.00","35,500.00"
2020-10-04,2020100404002977,STC,40,34,48,"3,550.00","170,400.00"
2020-10-04,2020100404002976,STC,40,4,45,"3,549.00","159,705.00"
2020-10-04,2020100404002975,STC,40,1,40,"3,540.00","141,600.00"
2020-10-04,2020100404002957,STC,40,4,10,"3,549.00","35,490.00"
2020-10-04,2020100404002956,STC,40,16,20,"3,549.00","70,980.00"
2020-10-04,2020100404002955,STC,40,40,50,"3,548.00","177,400.00"
2020-10-04,2020100404002954,STC,40,25,20,"3,546.00","70,920.00"
2020-10-04,2020100404002953,STC,40,33,50,"3,545.00","177,250.00"
2020-10-04,2020100404002235,BBC,58,21,40,"1,629.00","65,160.00"
2020-10-04,2020100404002193,CMF1,33,39,"5,000",9.59,"47,950.00"
2020-10-04,2020100404002034,CMF1,50,39,"25,000",9.72,"243,000.00"
2020-10-04,2020100404002033,CMF1,50,44,200,9.72,"1,944.00"
2020-10-04,2020100404002418,GIMES1,26,4,"2,000",9.19,"18,380.00"
2020-10-04,2020100404002017,GIMES1,22,39,"4,866",9.16,"44,572.56"
2020-10-04,2020100404002016,GIMES1,49,39,"2,000",9.17,"18,340.00"
2020-10-04,2020100404002015,GIMES1,34,39,"5,000",9.17,"45,850.00"
2020-10-04,2020100404002222,LEMF,50,39,"5,000",8.84,"44,200.00"
2020-10-04,2020100404002040,LEMF,50,39,"27,786",8.84,"245,628.24"
2020-10-04,2020100404002234,LUK,11,17,100,8.90,890.00
2020-10-04,2020100404002139,LUK,39,1,200,8.75,"1,750.00"
2020-10-04,2020100404002402,NBF2,25,34,"1,000",8.90,"8,900.00"
2020-10-04,2020100404002367,NBF2,48,1,150,8.89,"1,333.50"
2020-10-04,2020100404002352,NBF2,48,35,500,8.89,"4,445.00"
2020-10-04,2020100404002198,NBF2,55,22,500,8.84,"4,420.00"
2020-10-04,2020100404002054,NBF2,50,42,"1,000",8.83,"8,830.00"
2020-10-04,2020100404001990,NBF2,50,39,"5,400",8.83,"47,682.00"
2020-10-04,2020100404002424,NEF,17,1,130,8.91,"1,158.30"
2020-10-04,2020100404002227,NEF,50,39,"2,414",8.85,"21,363.90"
2020-10-04,2020100404002219,NEF,50,28,575,8.85,"5,088.75"
2020-10-04,2020100404002052,NEF,50,39,"7,321",8.85,"64,790.85"
2020-10-04,2020100404002474,NIBLPF,50,38,961,8.92,"8,572.12"
2020-10-04,2020100404002372,NIBLPF,50,39,"2,525",8.92,"22,523.00"
2020-10-04,2020100404002231,NIBLPF,50,39,"2,525",8.92,"22,523.00"
2020-10-04,2020100404002058,NIBLPF,50,39,"8,577",8.92,"76,506.84"
2020-10-04,2020100404002306,NIBPO,1,13,370,363.00,"134,310.00"
2020-10-04,2020100404002150,NIBPO,52,49,633,363.00,"229,779.00"
2020-10-04,2020100404001998,NIBPO,8,17,300,361.00,"108,300.00"
2020-10-04,2020100404002084,NIBSF1,50,48,"5,600",9.72,"54,432.00"
2020-10-04,2020100404002083,NIBSF1,50,25,"17,900",9.70,"173,630.00"
2020-10-04,2020100404002082,NIBSF1,50,57,"5,000",9.69,"48,450.00"
2020-10-04,2020100404002081,NIBSF1,50,34,"3,500",9.69,"33,915.00"
2020-10-04,2020100404002080,NIBSF1,50,42,"1,000",9.68,"9,680.00"
2020-10-04,2020100404002079,NIBSF1,50,38,"5,000",9.65,"48,250.00"
2020-10-04,2020100404002078,NIBSF1,50,38,"5,000",9.65,"48,250.00"
2020-10-04,2020100404002232,NICGF,50,39,"5,000",9.60,"48,000.00"
2020-10-04,2020100404002068,NICGF,50,39,"25,000",9.60,"240,000.00"
2020-10-04,2020100404002047,NMB50,50,10,400,9.45,"3,780.00"
2020-10-04,2020100404002046,NMB50,22,10,300,9.50,"2,850.00"
2020-10-04,2020100404002388,NMBHF1,50,39,"2,211",9.30,"20,562.30"
2020-10-04,2020100404002387,NMBHF1,14,39,"1,950",9.40,"18,330.00"
2020-10-04,2020100404002311,NMBHF1,14,39,"2,211",9.40,"20,783.40"
2020-10-04,2020100404002310,NMBHF1,49,39,950,9.40,"8,930.00"
2020-10-04,2020100404002309,NMBHF1,49,39,"1,000",9.40,"9,400.00"
2020-10-04,2020100404002074,NMBHF1,50,39,"5,521",9.30,"51,345.30"
2020-10-04,2020100404002011,NMBHF1,50,8,"4,161",9.43,"39,238.23"
2020-10-04,2020100404002010,NMBHF1,50,45,"3,155",9.43,"29,751.65"
2020-10-04,2020100404002397,RBCLPO,33,59,25,"10,550.00","263,750.00"
2020-10-04,2020100404002393,RBCLPO,33,17,180,"10,400.00","1,872,000.00"
2020-10-04,2020100404002392,RBCLPO,4,17,20,"10,400.00","208,000.00"
2020-10-04,2020100404002391,RBCLPO,33,17,100,"10,401.00","1,040,100.00"
2020-10-04,2020100404002390,RBCLPO,54,17,200,"10,402.00","2,080,400.00"
2020-10-04,2020100404002385,RBCLPO,6,43,10,"10,403.00","104,030.00"
2020-10-04,2020100404002384,RBCLPO,41,43,10,"10,404.00","104,040.00"
2020-10-04,2020100404002298,RBCLPO,49,59,10,"10,406.00","104,060.00"
2020-10-04,2020100404002291,RBCLPO,6,59,10,"10,410.00","104,100.00"
2020-10-04,2020100404002137,RBCLPO,6,45,10,"10,585.00","105,850.00"
2020-10-04,2020100404002481,RLI,39,55,10,627.00,"6,270.00"
2020-10-04,2020100404002480,RLI,39,8,10,627.00,"6,270.00"
2020-10-04,2020100404002479,RLI,39,28,10,627.00,"6,270.00"
2020-10-04,2020100404002478,RLI,39,50,10,627.00,"6,270.00"
2020-10-04,2020100404002477,RLI,39,53,10,627.00,"6,270.00"
2020-10-04,2020100404002476,RLI,44,39,10,628.00,"6,280.00"
2020-10-04,2020100404001982,RLI,18,54,10,627.00,"6,270.00"
2020-10-04,2020100404001988,RLI,34,47,10,627.00,"6,270.00"
2020-10-04,2020100404001987,RLI,34,51,10,627.00,"6,270.00"
2020-10-04,2020100404001986,RLI,58,58,10,628.00,"6,280.00"
2020-10-04,2020100404001985,RLI,58,42,10,628.00,"6,280.00"
2020-10-04,2020100404001984,RLI,34,28,10,627.00,"6,270.00"
2020-10-04,2020100404001983,RLI,18,41,20,627.00,"12,540.00"
2020-10-04,2020100404001995,RLI,34,58,100,627.00,"62,700.00"
2020-10-04,2020100404001994,RLI,28,58,80,627.00,"50,160.00"
2020-10-04,2020100404001993,RLI,28,43,10,627.00,"6,270.00"
2020-10-04,2020100404001992,RLI,28,28,10,627.00,"6,270.00"
2020-10-04,2020100404001991,RLI,34,48,10,627.00,"6,270.00"
2020-10-04,2020100404001989,RLI,34,58,10,627.00,"6,270.00"
2020-10-04,2020100404002002,RLI,22,37,10,627.00,"6,270.00"
2020-10-04,2020100404002001,RLI,22,47,10,627.00,"6,270.00"
2020-10-04,2020100404002000,RLI,22,28,10,627.00,"6,270.00"
2020-10-04,2020100404001999,RLI,22,20,10,627.00,"6,270.00"
2020-10-04,2020100404001997,RLI,22,58,290,627.00,"181,830.00"
2020-10-04,2020100404001996,RLI,13,58,30,627.00,"18,810.00"
2020-10-04,2020100404002008,RLI,22,20,10,627.00,"6,270.00"
2020-10-04,2020100404002007,RLI,22,37,10,627.00,"6,270.00"
2020-10-04,2020100404002006,RLI,22,47,10,627.00,"6,270.00"
2020-10-04,2020100404002005,RLI,22,42,10,627.00,"6,270.00"
2020-10-04,2020100404002004,RLI,22,43,10,627.00,"6,270.00"
2020-10-04,2020100404002003,RLI,22,28,10,627.00,"6,270.00"
2020-10-04,2020100404002019,RLI,22,28,10,627.00,"6,270.00"
2020-10-04,2020100404002018,RLI,22,55,10,627.00,"6,270.00"
2020-10-04,2020100404002014,RLI,22,56,10,627.00,"6,270.00"
2020-10-04,2020100404002013,RLI,22,1,10,627.00,"6,270.00"
2020-10-04,2020100404002012,RLI,22,58,10,627.00,"6,270.00"
2020-10-04,2020100404002009,RLI,22,38,10,627.00,"6,270.00"
2020-10-04,2020100404002025,RLI,57,36,10,628.00,"6,280.00"
2020-10-04,2020100404002024,RLI,57,22,10,628.00,"6,280.00"
2020-10-04,2020100404002023,RLI,57,36,10,628.00,"6,280.00"
2020-10-04,2020100404002022,RLI,57,58,10,628.00,"6,280.00"
2020-10-04,2020100404002021,RLI,57,42,10,628.00,"6,280.00"
2020-10-04,2020100404002020,RLI,57,6,10,628.00,"6,280.00"
2020-10-04,2020100404002032,RLI,22,28,10,627.00,"6,270.00"
2020-10-04,2020100404002031,RLI,22,42,10,627.00,"6,270.00"
2020-10-04,2020100404002030,RLI,22,17,10,627.00,"6,270.00"
2020-10-04,2020100404002029,RLI,22,58,10,627.00,"6,270.00"
2020-10-04,2020100404002027,RLI,57,41,10,628.00,"6,280.00"
2020-10-04,2020100404002026,RLI,57,4,10,628.00,"6,280.00"
2020-10-04,2020100404002041,RLI,25,32,10,628.00,"6,280.00"
2020-10-04,2020100404002039,RLI,25,45,10,628.00,"6,280.00"
2020-10-04,2020100404002038,RLI,25,5,10,628.00,"6,280.00"
2020-10-04,2020100404002037,RLI,25,17,10,628.00,"6,280.00"
2020-10-04,2020100404002036,RLI,25,28,10,628.00,"6,280.00"
2020-10-04,2020100404002035,RLI,25,28,10,628.00,"6,280.00"
2020-10-04,2020100404002049,RLI,45,49,10,628.00,"6,280.00"
2020-10-04,2020100404002048,RLI,45,34,10,628.00,"6,280.00"
2020-10-04,2020100404002045,RLI,25,44,10,628.00,"6,280.00"
2020-10-04,2020100404002044,RLI,25,34,10,628.00,"6,280.00"
2020-10-04,2020100404002043,RLI,25,28,10,628.00,"6,280.00"
2020-10-04,2020100404002042,RLI,25,28,10,628.00,"6,280.00"
2020-10-04,2020100404002057,RLI,19,41,10,628.00,"6,280.00"
2020-10-04,2020100404002056,RLI,19,34,10,628.00,"6,280.00"
2020-10-04,2020100404002055,RLI,45,28,10,628.00,"6,280.00"
2020-10-04,2020100404002053,RLI,45,35,10,628.00,"6,280.00"
2020-10-04,2020100404002051,RLI,45,34,10,628.00,"6,280.00"
2020-10-04,2020100404002050,RLI,45,14,50,628.00,"31,400.00"
2020-10-04,2020100404002064,RLI,19,56,10,628.00,"6,280.00"
2020-10-04,2020100404002063,RLI,19,34,10,628.00,"6,280.00"
2020-10-04,2020100404002062,RLI,19,44,10,628.00,"6,280.00"
2020-10-04,2020100404002061,RLI,19,56,10,628.00,"6,280.00"
2020-10-04,2020100404002060,RLI,19,56,10,628.00,"6,280.00"
2020-10-04,2020100404002059,RLI,19,44,10,628.00,"6,280.00"
2020-10-04,2020100404002072,RLI,35,17,10,628.00,"6,280.00"
2020-10-04,2020100404002071,RLI,35,41,10,628.00,"6,280.00"
2020-10-04,2020100404002070,RLI,35,44,10,628.00,"6,280.00"
2020-10-04,2020100404002069,RLI,35,25,10,628.00,"6,280.00"
2020-10-04,2020100404002067,RLI,19,44,10,628.00,"6,280.00"
2020-10-04,2020100404002065,RLI,19,28,10,628.00,"6,280.00"
2020-10-04,2020100404002086,RLI,1,44,10,628.00,"6,280.00"
2020-10-04,2020100404002085,RLI,1,34,10,628.00,"6,280.00"
2020-10-04,2020100404002077,RLI,1,8,10,628.00,"6,280.00"
2020-10-04,2020100404002076,RLI,1,44,10,628.00,"6,280.00"
2020-10-04,2020100404002075,RLI,1,56,10,628.00,"6,280.00"
2020-10-04,2020100404002073,RLI,35,44,10,628.00,"6,280.00"
2020-10-04,2020100404002092,RLI,22,44,10,627.00,"6,270.00"
2020-10-04,2020100404002091,RLI,1,28,10,628.00,"6,280.00"
2020-10-04,2020100404002090,RLI,1,56,10,628.00,"6,280.00"
2020-10-04,2020100404002089,RLI,1,41,10,628.00,"6,280.00"
2020-10-04,2020100404002088,RLI,1,16,10,628.00,"6,280.00"
2020-10-04,2020100404002087,RLI,1,42,10,628.00,"6,280.00"
2020-10-04,2020100404002098,RLI,22,7,10,627.00,"6,270.00"
2020-10-04,2020100404002097,RLI,22,14,10,627.00,"6,270.00"
2020-10-04,2020100404002096,RLI,22,13,10,627.00,"6,270.00"
2020-10-04,2020100404002095,RLI,22,6,10,627.00,"6,270.00"
2020-10-04,2020100404002094,RLI,22,58,90,627.00,"56,430.00"
2020-10-04,2020100404002093,RLI,22,56,10,627.00,"6,270.00"
2020-10-04,2020100404002104,RLI,3,32,10,628.00,"6,280.00"
2020-10-04,2020100404002103,RLI,3,34,10,628.00,"6,280.00"
2020-10-04,2020100404002102,RLI,3,41,10,628.00,"6,280.00"
2020-10-04,2020100404002101,RLI,3,58,300,628.00,"188,400.00"
2020-10-04,2020100404002100,RLI,22,33,10,627.00,"6,270.00"
2020-10-04,2020100404002099,RLI,22,56,10,627.00,"6,270.00"
2020-10-04,2020100404002110,RLI,3,55,10,629.00,"6,290.00"
2020-10-04,2020100404002109,RLI,3,51,10,629.00,"6,290.00"
2020-10-04,2020100404002108,RLI,3,32,10,629.00,"6,290.00"
2020-10-04,2020100404002107,RLI,3,55,10,629.00,"6,290.00"
2020-10-04,2020100404002106,RLI,3,13,10,628.00,"6,280.00"
2020-10-04,2020100404002105,RLI,3,34,10,628.00,"6,280.00"
2020-10-04,2020100404002116,RLI,3,43,10,630.00,"6,300.00"
2020-10-04,2020100404002115,RLI,3,11,10,630.00,"6,300.00"
2020-10-04,2020100404002114,RLI,3,54,10,630.00,"6,300.00"
2020-10-04,2020100404002113,RLI,3,29,10,630.00,"6,300.00"
2020-10-04,2020100404002112,RLI,3,55,10,629.00,"6,290.00"
2020-10-04,2020100404002111,RLI,3,35,10,629.00,"6,290.00"
2020-10-04,2020100404002122,RLI,22,46,10,627.00,"6,270.00"
2020-10-04,2020100404002121,RLI,3,43,10,630.00,"6,300.00"
2020-10-04,2020100404002120,RLI,3,57,10,630.00,"6,300.00"
2020-10-04,2020100404002119,RLI,3,43,10,630.00,"6,300.00"
2020-10-04,2020100404002118,RLI,3,43,10,630.00,"6,300.00"
2020-10-04,2020100404002117,RLI,3,28,10,630.00,"6,300.00"
2020-10-04,2020100404002128,RLI,22,18,10,627.00,"6,270.00"
2020-10-04,2020100404002127,RLI,22,7,10,627.00,"6,270.00"
2020-10-04,2020100404002126,RLI,22,56,10,627.00,"6,270.00"
2020-10-04,2020100404002125,RLI,22,21,10,627.00,"6,270.00"
2020-10-04,2020100404002124,RLI,22,33,10,627.00,"6,270.00"
2020-10-04,2020100404002123,RLI,22,28,10,627.00,"6,270.00"
2020-10-04,2020100404002136,RLI,22,21,10,627.00,"6,270.00"
2020-10-04,2020100404002133,RLI,22,7,10,627.00,"6,270.00"
2020-10-04,2020100404002132,RLI,22,21,10,627.00,"6,270.00"
2020-10-04,2020100404002131,RLI,22,33,10,627.00,"6,270.00"
2020-10-04,2020100404002130,RLI,47,1,10,628.00,"6,280.00"
2020-10-04,2020100404002129,RLI,22,1,10,627.00,"6,270.00"
2020-10-04,2020100404002146,RLI,47,56,10,628.00,"6,280.00"
2020-10-04,2020100404002144,RLI,55,56,10,628.00,"6,280.00"
2020-10-04,2020100404002143,RLI,55,56,10,628.00,"6,280.00"
2020-10-04,2020100404002142,RLI,55,34,10,628.00,"6,280.00"
2020-10-04,2020100404002140,RLI,57,28,10,628.00,"6,280.00"
2020-10-04,2020100404002138,RLI,22,34,10,627.00,"6,270.00"
2020-10-04,2020100404002157,RLI,22,44,10,627.00,"6,270.00"
2020-10-04,2020100404002153,RLI,52,56,10,628.00,"6,280.00"
2020-10-04,2020100404002152,RLI,52,56,10,628.00,"6,280.00"
2020-10-04,2020100404002149,RLI,47,56,10,628.00,"6,280.00"
2020-10-04,2020100404002148,RLI,47,56,10,628.00,"6,280.00"
2020-10-04,2020100404002147,RLI,47,28,10,628.00,"6,280.00"
2020-10-04,2020100404002165,RLI,22,39,10,627.00,"6,270.00"
2020-10-04,2020100404002162,RLI,46,56,10,628.00,"6,280.00"
2020-10-04,2020100404002161,RLI,46,41,10,628.00,"6,280.00"
2020-10-04,2020100404002160,RLI,46,56,10,628.00,"6,280.00"
2020-10-04,2020100404002159,RLI,46,41,10,628.00,"6,280.00"
2020-10-04,2020100404002158,RLI,46,11,10,628.00,"6,280.00"
2020-10-04,2020100404002171,RLI,44,59,10,628.00,"6,280.00"
2020-10-04,2020100404002170,RLI,44,56,10,628.00,"6,280.00"
2020-10-04,2020100404002169,RLI,44,36,10,628.00,"6,280.00"
2020-10-04,2020100404002168,RLI,44,41,10,628.00,"6,280.00"
2020-10-04,2020100404002167,RLI,22,28,10,627.00,"6,270.00"
2020-10-04,2020100404002166,RLI,22,44,10,627.00,"6,270.00"
2020-10-04,2020100404002177,RLI,22,44,10,627.00,"6,270.00"
2020-10-04,2020100404002176,RLI,44,58,10,628.00,"6,280.00"
2020-10-04,2020100404002175,RLI,44,56,10,628.00,"6,280.00"
2020-10-04,2020100404002174,RLI,44,56,10,628.00,"6,280.00"
2020-10-04,2020100404002173,RLI,44,28,10,628.00,"6,280.00"
2020-10-04,2020100404002172,RLI,44,56,10,628.00,"6,280.00"
2020-10-04,2020100404002186,RLI,44,56,10,628.00,"6,280.00"
2020-10-04,2020100404002185,RLI,44,56,10,628.00,"6,280.00"
2020-10-04,2020100404002181,RLI,22,44,10,627.00,"6,270.00"
2020-10-04,2020100404002180,RLI,22,28,10,627.00,"6,270.00"
2020-10-04,2020100404002179,RLI,22,10,10,627.00,"6,270.00"
2020-10-04,2020100404002178,RLI,22,22,10,627.00,"6,270.00"
2020-10-04,2020100404002192,RLI,22,10,10,627.00,"6,270.00"
2020-10-04,2020100404002191,RLI,22,44,10,627.00,"6,270.00"
2020-10-04,2020100404002190,RLI,22,44,10,627.00,"6,270.00"
2020-10-04,2020100404002189,RLI,44,16,10,628.00,"6,280.00"
2020-10-04,2020100404002188,RLI,44,56,10,628.00,"6,280.00"
2020-10-04,2020100404002187,RLI,44,34,10,628.00,"6,280.00"
2020-10-04,2020100404002200,RLI,22,8,10,627.00,"6,270.00"
2020-10-04,2020100404002199,RLI,22,44,10,627.00,"6,270.00"
2020-10-04,2020100404002197,RLI,22,8,10,627.00,"6,270.00"
2020-10-04,2020100404002196,RLI,22,44,10,627.00,"6,270.00"
2020-10-04,2020100404002195,RLI,22,44,10,627.00,"6,270.00"
2020-10-04,2020100404002194,RLI,22,10,10,627.00,"6,270.00"
2020-10-04,2020100404002206,RLI,56,56,10,628.00,"6,280.00"
2020-10-04,2020100404002205,RLI,56,34,10,628.00,"6,280.00"
2020-10-04,2020100404002204,RLI,56,56,10,628.00,"6,280.00"
2020-10-04,2020100404002203,RLI,56,39,10,628.00,"6,280.00"
2020-10-04,2020100404002202,RLI,56,41,10,628.00,"6,280.00"
2020-10-04,2020100404002201,RLI,56,59,10,628.00,"6,280.00"
2020-10-04,2020100404002212,RLI,56,59,10,628.00,"6,280.00"
2020-10-04,2020100404002211,RLI,56,59,10,628.00,"6,280.00"
2020-10-04,2020100404002210,RLI,56,43,10,628.00,"6,280.00"
2020-10-04,2020100404002209,RLI,56,58,10,628.00,"6,280.00"
2020-10-04,2020100404002208,RLI,56,50,10,628.00,"6,280.00"
2020-10-04,2020100404002207,RLI,56,58,10,628.00,"6,280.00"
2020-10-04,2020100404002218,RLI,44,56,10,628.00,"6,280.00"
2020-10-04,2020100404002217,RLI,44,57,10,628.00,"6,280.00"
2020-10-04,2020100404002216,RLI,22,44,10,627.00,"6,270.00"
2020-10-04,2020100404002215,RLI,22,44,10,627.00,"6,270.00"
2020-10-04,2020100404002214,RLI,22,8,10,627.00,"6,270.00"
2020-10-04,2020100404002213,RLI,56,58,10,628.00,"6,280.00"
2020-10-04,2020100404002226,RLI,22,8,10,627.00,"6,270.00"
2020-10-04,2020100404002225,RLI,22,8,10,627.00,"6,270.00"
2020-10-04,2020100404002224,RLI,22,28,10,627.00,"6,270.00"
2020-10-04,2020100404002223,RLI,22,8,10,627.00,"6,270.00"
2020-10-04,2020100404002221,RLI,22,44,10,627.00,"6,270.00"
2020-10-04,2020100404002220,RLI,22,28,10,627.00,"6,270.00"
2020-10-04,2020100404002240,RLI,47,38,10,628.00,"6,280.00"
2020-10-04,2020100404002239,RLI,47,22,10,628.00,"6,280.00"
2020-10-04,2020100404002238,RLI,47,49,10,628.00,"6,280.00"
2020-10-04,2020100404002237,RLI,47,49,10,628.00,"6,280.00"
2020-10-04,2020100404002236,RLI,47,47,10,627.00,"6,270.00"
2020-10-04,2020100404002233,RLI,22,17,10,627.00,"6,270.00"
2020-10-04,2020100404002246,RLI,47,50,10,628.00,"6,280.00"
2020-10-04,2020100404002245,RLI,47,8,10,628.00,"6,280.00"
2020-10-04,2020100404002244,RLI,47,39,10,628.00,"6,280.00"
2020-10-04,2020100404002243,RLI,47,59,10,628.00,"6,280.00"
2020-10-04,2020100404002242,RLI,47,22,10,628.00,"6,280.00"
2020-10-04,2020100404002241,RLI,47,39,10,628.00,"6,280.00"
2020-10-04,2020100404002252,RLI,47,39,10,628.00,"6,280.00"
2020-10-04,2020100404002251,RLI,47,59,10,628.00,"6,280.00"
2020-10-04,2020100404002250,RLI,47,57,10,628.00,"6,280.00"
2020-10-04,2020100404002249,RLI,47,6,10,628.00,"6,280.00"
2020-10-04,2020100404002248,RLI,47,22,10,628.00,"6,280.00"
2020-10-04,2020100404002247,RLI,47,56,10,628.00,"6,280.00"
2020-10-04,2020100404002259,RLI,22,59,10,627.00,"6,270.00"
2020-10-04,2020100404002258,RLI,22,28,10,627.00,"6,270.00"
2020-10-04,2020100404002257,RLI,22,20,10,627.00,"6,270.00"
2020-10-04,2020100404002256,RLI,50,32,10,628.00,"6,280.00"
2020-10-04,2020100404002255,RLI,22,35,10,627.00,"6,270.00"
2020-10-04,2020100404002254,RLI,22,28,10,627.00,"6,270.00"
2020-10-04,2020100404002265,RLI,22,21,10,627.00,"6,270.00"
2020-10-04,2020100404002264,RLI,22,35,10,627.00,"6,270.00"
2020-10-04,2020100404002263,RLI,22,48,10,627.00,"6,270.00"
2020-10-04,2020100404002262,RLI,22,28,10,627.00,"6,270.00"
2020-10-04,2020100404002261,RLI,22,58,10,627.00,"6,270.00"
2020-10-04,2020100404002260,RLI,22,22,10,627.00,"6,270.00"
2020-10-04,2020100404002271,RLI,22,56,10,627.00,"6,270.00"
2020-10-04,2020100404002270,RLI,22,48,10,627.00,"6,270.00"
2020-10-04,2020100404002269,RLI,22,28,10,627.00,"6,270.00"
2020-10-04,2020100404002268,RLI,22,26,10,627.00,"6,270.00"
2020-10-04,2020100404002267,RLI,22,17,10,627.00,"6,270.00"
2020-10-04,2020100404002266,RLI,44,42,10,628.00,"6,280.00"
2020-10-04,2020100404002277,RLI,25,57,10,628.00,"6,280.00"
2020-10-04,2020100404002276,RLI,25,28,10,628.00,"6,280.00"
2020-10-04,2020100404002275,RLI,25,28,10,628.00,"6,280.00"
2020-10-04,2020100404002274,RLI,25,47,10,628.00,"6,280.00"
2020-10-04,2020100404002273,RLI,25,42,10,628.00,"6,280.00"
2020-10-04,2020100404002272,RLI,25,32,10,628.00,"6,280.00"
2020-10-04,2020100404002284,RLI,22,28,10,627.00,"6,270.00"
2020-10-04,2020100404002283,RLI,22,8,10,627.00,"6,270.00"
2020-10-04,2020100404002282,RLI,25,28,10,628.00,"6,280.00"
2020-10-04,2020100404002281,RLI,25,35,10,628.00,"6,280.00"
2020-10-04,2020100404002280,RLI,25,57,10,628.00,"6,280.00"
2020-10-04,2020100404002278,RLI,25,38,10,628.00,"6,280.00"
2020-10-04,2020100404002290,RLI,22,59,10,627.00,"6,270.00"
2020-10-04,2020100404002289,RLI,22,35,10,627.00,"6,270.00"
2020-10-04,2020100404002288,RLI,22,41,10,627.00,"6,270.00"
2020-10-04,2020100404002287,RLI,22,8,10,627.00,"6,270.00"
2020-10-04,2020100404002286,RLI,22,28,10,627.00,"6,270.00"
2020-10-04,2020100404002285,RLI,22,39,10,627.00,"6,270.00"
2020-10-04,2020100404002297,RLI,39,57,10,628.00,"6,280.00"
2020-10-04,2020100404002296,RLI,39,41,10,628.00,"6,280.00"
2020-10-04,2020100404002295,RLI,39,58,10,628.00,"6,280.00"
2020-10-04,2020100404002294,RLI,39,47,10,628.00,"6,280.00"
2020-10-04,2020100404002293,RLI,39,28,10,628.00,"6,280.00"
2020-10-04,2020100404002292,RLI,39,8,10,628.00,"6,280.00"
2020-10-04,2020100404002304,RLI,22,28,10,627.00,"6,270.00"
2020-10-04,2020100404002303,RLI,22,8,10,627.00,"6,270.00"
2020-10-04,2020100404002302,RLI,39,47,10,628.00,"6,280.00"
2020-10-04,2020100404002301,RLI,39,59,10,628.00,"6,280.00"
2020-10-04,2020100404002300,RLI,39,8,10,628.00,"6,280.00"
2020-10-04,2020100404002299,RLI,39,56,10,628.00,"6,280.00"
2020-10-04,2020100404002314,RLI,22,21,10,627.00,"6,270.00"
2020-10-04,2020100404002313,RLI,22,21,10,627.00,"6,270.00"
2020-10-04,2020100404002312,RLI,22,28,10,627.00,"6,270.00"
2020-10-04,2020100404002308,RLI,22,28,10,627.00,"6,270.00"
2020-10-04,2020100404002307,RLI,22,20,10,627.00,"6,270.00"
2020-10-04,2020100404002305,RLI,22,57,10,627.00,"6,270.00"
2020-10-04,2020100404002320,RLI,44,56,10,629.00,"6,290.00"
2020-10-04,2020100404002319,RLI,22,21,10,627.00,"6,270.00"
2020-10-04,2020100404002318,RLI,22,7,10,627.00,"6,270.00"
2020-10-04,2020100404002317,RLI,22,21,10,627.00,"6,270.00"
2020-10-04,2020100404002316,RLI,22,40,10,627.00,"6,270.00"
2020-10-04,2020100404002315,RLI,22,45,10,627.00,"6,270.00"
2020-10-04,2020100404002326,RLI,44,56,10,630.00,"6,300.00"
2020-10-04,2020100404002325,RLI,44,38,10,629.00,"6,290.00"
2020-10-04,2020100404002324,RLI,44,38,10,629.00,"6,290.00"
2020-10-04,2020100404002323,RLI,44,25,10,629.00,"6,290.00"
2020-10-04,2020100404002322,RLI,44,25,10,629.00,"6,290.00"
2020-10-04,2020100404002321,RLI,44,44,10,629.00,"6,290.00"
2020-10-04,2020100404002332,RLI,44,6,10,630.00,"6,300.00"
2020-10-04,2020100404002331,RLI,44,56,10,630.00,"6,300.00"
2020-10-04,2020100404002330,RLI,44,52,10,630.00,"6,300.00"
2020-10-04,2020100404002329,RLI,44,42,10,630.00,"6,300.00"
2020-10-04,2020100404002328,RLI,44,33,10,630.00,"6,300.00"
2020-10-04,2020100404002327,RLI,44,42,10,630.00,"6,300.00"
2020-10-04,2020100404002338,RLI,44,57,10,630.00,"6,300.00"
2020-10-04,2020100404002337,RLI,44,45,10,630.00,"6,300.00"
2020-10-04,2020100404002336,RLI,44,43,10,630.00,"6,300.00"
2020-10-04,2020100404002335,RLI,44,52,10,630.00,"6,300.00"
2020-10-04,2020100404002334,RLI,44,1,10,630.00,"6,300.00"
2020-10-04,2020100404002333,RLI,44,35,10,630.00,"6,300.00"
2020-10-04,2020100404002344,RLI,44,38,10,630.00,"6,300.00"
2020-10-04,2020100404002343,RLI,44,38,10,630.00,"6,300.00"
2020-10-04,2020100404002342,RLI,44,6,10,630.00,"6,300.00"
2020-10-04,2020100404002341,RLI,44,5,10,630.00,"6,300.00"
2020-10-04,2020100404002340,RLI,44,1,10,630.00,"6,300.00"
2020-10-04,2020100404002339,RLI,44,38,10,630.00,"6,300.00"
2020-10-04,2020100404002350,RLI,44,57,10,630.00,"6,300.00"
2020-10-04,2020100404002349,RLI,44,53,10,630.00,"6,300.00"
2020-10-04,2020100404002348,RLI,44,57,10,630.00,"6,300.00"
2020-10-04,2020100404002347,RLI,44,58,10,630.00,"6,300.00"
2020-10-04,2020100404002346,RLI,44,41,10,630.00,"6,300.00"
2020-10-04,2020100404002345,RLI,44,34,10,630.00,"6,300.00"
2020-10-04,2020100404002357,RLI,22,44,10,627.00,"6,270.00"
2020-10-04,2020100404002356,RLI,22,5,10,627.00,"6,270.00"
2020-10-04,2020100404002355,RLI,22,44,10,627.00,"6,270.00"
2020-10-04,2020100404002354,RLI,22,21,10,627.00,"6,270.00"
2020-10-04,2020100404002353,RLI,22,39,10,627.00,"6,270.00"
2020-10-04,2020100404002351,RLI,44,8,10,630.00,"6,300.00"
2020-10-04,2020100404002363,RLI,33,44,10,628.00,"6,280.00"
2020-10-04,2020100404002362,RLI,33,7,10,628.00,"6,280.00"
2020-10-04,2020100404002361,RLI,33,43,10,628.00,"6,280.00"
2020-10-04,2020100404002360,RLI,33,28,10,628.00,"6,280.00"
2020-10-04,2020100404002359,RLI,33,44,10,628.00,"6,280.00"
2020-10-04,2020100404002358,RLI,33,52,10,628.00,"6,280.00"
2020-10-04,2020100404002370,RLI,22,44,10,627.00,"6,270.00"
2020-10-04,2020100404002369,RLI,22,47,10,627.00,"6,270.00"
2020-10-04,2020100404002368,RLI,22,7,10,627.00,"6,270.00"
2020-10-04,2020100404002366,RLI,33,28,10,628.00,"6,280.00"
2020-10-04,2020100404002365,RLI,33,52,10,628.00,"6,280.00"
2020-10-04,2020100404002364,RLI,33,52,10,628.00,"6,280.00"
2020-10-04,2020100404002377,RLI,22,17,10,627.00,"6,270.00"
2020-10-04,2020100404002376,RLI,57,34,10,628.00,"6,280.00"
2020-10-04,2020100404002375,RLI,22,56,10,627.00,"6,270.00"
2020-10-04,2020100404002374,RLI,22,49,10,627.00,"6,270.00"
2020-10-04,2020100404002373,RLI,22,28,10,627.00,"6,270.00"
2020-10-04,2020100404002371,RLI,22,52,10,627.00,"6,270.00"
2020-10-04,2020100404002383,RLI,22,49,10,627.00,"6,270.00"
2020-10-04,2020100404002382,RLI,22,17,10,627.00,"6,270.00"
2020-10-04,2020100404002381,RLI,22,49,10,627.00,"6,270.00"
2020-10-04,2020100404002380,RLI,22,34,10,627.00,"6,270.00"
2020-10-04,2020100404002379,RLI,22,7,10,627.00,"6,270.00"
2020-10-04,2020100404002378,RLI,22,56,10,627.00,"6,270.00"
2020-10-04,2020100404002398,RLI,22,52,10,627.00,"6,270.00"
2020-10-04,2020100404002396,RLI,22,52,10,627.00,"6,270.00"
2020-10-04,2020100404002395,RLI,22,16,10,627.00,"6,270.00"
2020-10-04,2020100404002394,RLI,22,7,10,627.00,"6,270.00"
2020-10-04,2020100404002389,RLI,22,7,10,627.00,"6,270.00"
2020-10-04,2020100404002386,RLI,22,47,10,627.00,"6,270.00"
2020-10-04,2020100404002405,RLI,13,57,10,628.00,"6,280.00"
2020-10-04,2020100404002404,RLI,22,51,10,627.00,"6,270.00"
2020-10-04,2020100404002403,RLI,22,38,10,627.00,"6,270.00"
2020-10-04,2020100404002401,RLI,22,52,10,627.00,"6,270.00"
2020-10-04,2020100404002400,RLI,22,32,10,627.00,"6,270.00"
2020-10-04,2020100404002399,RLI,22,16,10,627.00,"6,270.00"
2020-10-04,2020100404002411,RLI,22,28,10,627.00,"6,270.00"
2020-10-04,2020100404002410,RLI,22,19,10,627.00,"6,270.00"
2020-10-04,2020100404002409,RLI,22,14,10,627.00,"6,270.00"
2020-10-04,2020100404002408,RLI,22,52,10,627.00,"6,270.00"
2020-10-04,2020100404002407,RLI,22,8,10,627.00,"6,270.00"
2020-10-04,2020100404002406,RLI,13,35,10,628.00,"6,280.00"
2020-10-04,2020100404002417,RLI,22,26,10,627.00,"6,270.00"
2020-10-04,2020100404002416,RLI,22,13,10,627.00,"6,270.00"
2020-10-04,2020100404002415,RLI,22,28,10,627.00,"6,270.00"
2020-10-04,2020100404002414,RLI,22,8,10,627.00,"6,270.00"
2020-10-04,2020100404002413,RLI,22,8,10,627.00,"6,270.00"
2020-10-04,2020100404002412,RLI,22,56,10,627.00,"6,270.00"
2020-10-04,2020100404002425,RLI,22,8,10,627.00,"6,270.00"
2020-10-04,2020100404002423,RLI,22,13,10,627.00,"6,270.00"
2020-10-04,2020100404002422,RLI,22,8,10,627.00,"6,270.00"
2020-10-04,2020100404002421,RLI,22,47,10,627.00,"6,270.00"
2020-10-04,2020100404002420,RLI,22,36,10,627.00,"6,270.00"
2020-10-04,2020100404002419,RLI,22,39,10,627.00,"6,270.00"
2020-10-04,2020100404002432,RLI,22,8,10,627.00,"6,270.00"
2020-10-04,2020100404002431,RLI,22,47,10,627.00,"6,270.00"
2020-10-04,2020100404002430,RLI,22,38,10,627.00,"6,270.00"
2020-10-04,2020100404002429,RLI,22,49,10,627.00,"6,270.00"
2020-10-04,2020100404002427,RLI,22,29,10,627.00,"6,270.00"
2020-10-04,2020100404002426,RLI,22,49,10,627.00,"6,270.00"
2020-10-04,2020100404002438,RLI,38,1,10,630.00,"6,300.00"
2020-10-04,2020100404002437,RLI,38,7,10,630.00,"6,300.00"
2020-10-04,2020100404002436,RLI,38,25,10,629.00,"6,290.00"
2020-10-04,2020100404002435,RLI,38,47,10,628.00,"6,280.00"
2020-10-04,2020100404002434,RLI,22,49,10,627.00,"6,270.00"
2020-10-04,2020100404002433,RLI,22,55,10,627.00,"6,270.00"
2020-10-04,2020100404002444,RLI,38,44,10,630.00,"6,300.00"
2020-10-04,2020100404002443,RLI,38,11,10,630.00,"6,300.00"
2020-10-04,2020100404002442,RLI,38,49,10,630.00,"6,300.00"
2020-10-04,2020100404002441,RLI,38,42,10,630.00,"6,300.00"
2020-10-04,2020100404002440,RLI,38,58,10,630.00,"6,300.00"
2020-10-04,2020100404002439,RLI,38,7,10,630.00,"6,300.00"
2020-10-04,2020100404002450,RLI,38,17,10,630.00,"6,300.00"
2020-10-04,2020100404002449,RLI,38,45,10,630.00,"6,300.00"
2020-10-04,2020100404002448,RLI,38,32,10,630.00,"6,300.00"
2020-10-04,2020100404002447,RLI,38,43,10,630.00,"6,300.00"
2020-10-04,2020100404002446,RLI,38,34,10,630.00,"6,300.00"
2020-10-04,2020100404002445,RLI,38,44,10,630.00,"6,300.00"
2020-10-04,2020100404002456,RLI,39,26,10,627.00,"6,270.00"
2020-10-04,2020100404002455,RLI,42,29,10,627.00,"6,270.00"
2020-10-04,2020100404002454,RLI,42,32,10,627.00,"6,270.00"
2020-10-04,2020100404002453,RLI,22,44,10,627.00,"6,270.00"
2020-10-04,2020100404002452,RLI,38,45,10,630.00,"6,300.00"
2020-10-04,2020100404002451,RLI,38,45,10,630.00,"6,300.00"
2020-10-04,2020100404002462,RLI,39,56,10,627.00,"6,270.00"
2020-10-04,2020100404002461,RLI,39,44,10,627.00,"6,270.00"
2020-10-04,2020100404002460,RLI,39,29,10,627.00,"6,270.00"
2020-10-04,2020100404002459,RLI,39,28,10,627.00,"6,270.00"
2020-10-04,2020100404002458,RLI,39,8,10,627.00,"6,270.00"
2020-10-04,2020100404002457,RLI,39,56,10,627.00,"6,270.00"
2020-10-04,2020100404002468,RLI,39,8,10,627.00,"6,270.00"
2020-10-04,2020100404002467,RLI,39,39,10,627.00,"6,270.00"
2020-10-04,2020100404002466,RLI,39,29,10,627.00,"6,270.00"
2020-10-04,2020100404002465,RLI,39,43,10,627.00,"6,270.00"
2020-10-04,2020100404002464,RLI,39,47,10,627.00,"6,270.00"
2020-10-04,2020100404002463,RLI,39,38,10,627.00,"6,270.00"
2020-10-04,2020100404002475,RLI,39,38,10,627.00,"6,270.00"
2020-10-04,2020100404002473,RLI,39,8,10,627.00,"6,270.00"
2020-10-04,2020100404002472,RLI,39,22,10,627.00,"6,270.00"
2020-10-04,2020100404002471,RLI,39,29,10,627.00,"6,270.00"
2020-10-04,2020100404002470,RLI,39,45,10,627.00,"6,270.00"
2020-10-04,2020100404002469,RLI,39,45,10,627.00,"6,270.00"
2020-10-04,2020100404002428,SAEF,58,41,500,10.29,"5,145.00"
2020-10-04,2020100404002230,SAEF,38,34,540,10.19,"5,502.60"
2020-10-04,2020100404002229,SAEF,11,34,460,10.20,"4,692.00"
2020-10-04,2020100404002228,SAEF,19,34,"1,000",10.25,"10,250.00"
2020-10-04,2020100404002184,SAEF,19,35,"1,000",10.20,"10,200.00"
2020-10-04,2020100404002183,SAEF,19,35,"1,000",10.20,"10,200.00"
2020-10-04,2020100404002182,SAEF,34,35,"3,000",10.20,"30,600.00"
2020-10-04,2020100404002154,SAEF,34,35,"2,000",10.20,"20,400.00"
2020-10-04,2020100404002135,SAEF,49,35,"2,000",10.25,"20,500.00"
2020-10-04,2020100404002134,SAEF,11,35,"1,000",10.25,"10,250.00"
2020-10-04,2020100404002028,SAND2085,13,45,25,"1,015.00","25,375.00"
2020-10-04,2020100404002279,SEF,28,39,"5,000",9.15,"45,750.00"
2020-10-04,2020100404002164,SEF,49,39,"5,000",9.16,"45,800.00"
2020-10-04,2020100404002163,SEF,49,53,"3,000",9.16,"27,480.00"
2020-10-04,2020100404002156,SEF,47,53,500,9.16,"4,580.00"
2020-10-04,2020100404002155,SEF,47,53,500,9.16,"4,580.00"
2020-10-04,2020100404002151,SEF,47,53,500,9.16,"4,580.00"
2020-10-04,2020100404002145,SEF,47,53,500,9.16,"4,580.00"
2020-10-04,2020100404002141,SEF,47,53,500,9.16,"4,580.00"
2020-10-04,2020100404002066,SEF,34,53,"5,000",9.17,"45,850.00"
2020-10-04,2020100404002253,STC,5,16,50,"3,520.00","176,000.00"
2020-10-04,2020100404001820,GIMES1,22,38,100,9.16,916.00
2020-10-04,2020100404001969,LEMF,50,46,"12,000",9.02,"108,240.00"
2020-10-04,2020100404001968,LEMF,50,35,"2,000",9.02,"18,040.00"
2020-10-04,2020100404001967,LEMF,50,49,"4,500",9.02,"40,590.00"
2020-10-04,2020100404001964,LEMF,50,8,"6,500",9.01,"58,565.00"
2020-10-04,2020100404001963,LEMF,50,43,600,9.00,"5,400.00"
2020-10-04,2020100404001962,LEMF,50,22,"5,000",9.00,"45,000.00"
2020-10-04,2020100404001961,LEMF,50,34,"5,230",9.00,"47,070.00"
2020-10-04,2020100404001960,LEMF,50,14,"1,500",8.99,"13,485.00"
2020-10-04,2020100404001959,LEMF,50,52,500,8.97,"4,485.00"
2020-10-04,2020100404001958,LEMF,50,8,"2,983",8.95,"26,697.85"
2020-10-04,2020100404001866,LUK,41,36,200,8.63,"1,726.00"
2020-10-04,2020100404001862,LUK,41,10,500,8.63,"4,315.00"
2020-10-04,2020100404001861,LUK,48,10,"1,000",8.63,"8,630.00"
2020-10-04,2020100404001860,LUK,6,10,"1,000",8.65,"8,650.00"
2020-10-04,2020100404001859,LUK,28,10,"1,000",8.78,"8,780.00"
2020-10-04,2020100404001858,LUK,8,10,"1,000",8.78,"8,780.00"
2020-10-04,2020100404001857,LUK,47,10,"5,000",8.79,"43,950.00"
2020-10-04,2020100404001856,LUK,7,10,500,8.80,"4,400.00"
2020-10-04,2020100404001836,LUK,7,56,500,8.80,"4,400.00"
2020-10-04,2020100404001739,LUK,8,51,100,8.80,880.00
2020-10-04,2020100404001724,LUK,8,49,200,8.80,"1,760.00"
2020-10-04,2020100404001555,LUK,8,38,150,8.80,"1,320.00"
2020-10-04,2020100404001966,NBF2,17,18,"4,250",8.82,"37,485.00"
2020-10-04,2020100404001541,NBF2,34,19,500,8.78,"4,390.00"
2020-10-04,2020100404001515,NBF2,34,28,100,8.78,878.00
2020-10-04,2020100404001873,NBF2,48,51,200,8.80,"1,760.00"
2020-10-04,2020100404001950,NEF,48,22,"1,127",8.80,"9,917.60"
2020-10-04,2020100404001576,NEF,47,28,236,8.75,"2,065.00"
2020-10-04,2020100404001575,NEF,47,28,500,8.75,"4,375.00"
2020-10-04,2020100404001574,NEF,47,28,500,8.75,"4,375.00"
2020-10-04,2020100404001573,NEF,47,28,500,8.75,"4,375.00"
2020-10-04,2020100404001937,NIBLPF,50,3,"25,023",9.10,"227,709.30"
2020-10-04,2020100404001929,NIBLPF,50,25,"1,010",9.12,"9,211.20"
2020-10-04,2020100404001928,NIBLPF,50,58,"1,000",9.00,"9,000.00"
2020-10-04,2020100404001927,NIBLPF,50,22,"1,465",9.00,"13,185.00"
2020-10-04,2020100404001926,NIBLPF,50,22,"2,525",9.00,"22,725.00"
2020-10-04,2020100404001925,NIBLPF,50,22,"2,525",9.00,"22,725.00"
2020-10-04,2020100404001924,NIBLPF,50,52,"1,263",9.00,"11,367.00"
2020-10-04,2020100404001923,NIBLPF,50,52,500,8.98,"4,490.00"
2020-10-04,2020100404001922,NIBLPF,50,45,505,8.95,"4,519.75"
2020-10-04,2020100404001921,NIBLPF,50,4,"8,748",8.95,"78,294.60"
2020-10-04,2020100404001864,NIBLPF,48,55,253,8.90,"2,251.70"
2020-10-04,2020100404001947,NIBPO,8,18,136,361.00,"49,096.00"
2020-10-04,2020100404001946,NIBPO,37,18,16,362.00,"5,792.00"
2020-10-04,2020100404001842,NIBPO,37,17,984,362.00,"356,208.00"
2020-10-04,2020100404001670,NIBPO,37,17,16,362.00,"5,792.00"
2020-10-04,2020100404001882,NICGF,35,42,"2,000",9.57,"19,140.00"
2020-10-04,2020100404001733,NICGF,22,26,100,9.55,955.00
2020-10-04,2020100404001605,RBCLPO,54,28,10,"10,801.00","108,010.00"
2020-10-04,2020100404001571,RBCLPO,54,19,30,"10,801.00","324,030.00"
2020-10-04,2020100404001570,RBCLPO,54,38,10,"10,800.00","108,000.00"
2020-10-04,2020100404001569,RBCLPO,54,59,20,"10,799.00","215,980.00"
2020-10-04,2020100404001568,RBCLPO,54,43,20,"10,746.00","214,920.00"
2020-10-04,2020100404001567,RBCLPO,54,49,10,"10,746.00","107,460.00"
2020-10-04,2020100404001566,RBCLPO,54,26,10,"10,746.00","107,460.00"
2020-10-04,2020100404001565,RBCLPO,54,40,20,"10,745.00","214,900.00"
2020-10-04,2020100404001564,RBCLPO,54,33,30,"10,600.00","318,000.00"
2020-10-04,2020100404001563,RBCLPO,54,46,50,"10,590.00","529,500.00"
2020-10-04,2020100404001981,RLI,18,28,10,627.00,"6,270.00"
2020-10-04,2020100404001980,RLI,18,43,10,627.00,"6,270.00"
2020-10-04,2020100404001979,RLI,58,41,20,628.00,"12,560.00"
2020-10-04,2020100404001978,RLI,58,57,10,628.00,"6,280.00"
2020-10-04,2020100404001977,RLI,58,43,10,628.00,"6,280.00"
2020-10-04,2020100404001976,RLI,58,57,10,628.00,"6,280.00"
2020-10-04,2020100404001482,RLI,32,57,10,631.00,"6,310.00"
2020-10-04,2020100404001488,RLI,32,59,10,631.00,"6,310.00"
2020-10-04,2020100404001487,RLI,32,48,10,631.00,"6,310.00"
2020-10-04,2020100404001486,RLI,32,28,10,631.00,"6,310.00"
2020-10-04,2020100404001485,RLI,32,56,10,631.00,"6,310.00"
2020-10-04,2020100404001484,RLI,32,29,10,631.00,"6,310.00"
2020-10-04,2020100404001483,RLI,32,19,10,631.00,"6,310.00"
2020-10-04,2020100404001494,RLI,41,58,10,632.00,"6,320.00"
2020-10-04,2020100404001493,RLI,41,16,10,632.00,"6,320.00"
2020-10-04,2020100404001492,RLI,41,58,10,632.00,"6,320.00"
2020-10-04,2020100404001491,RLI,41,41,10,632.00,"6,320.00"
2020-10-04,2020100404001490,RLI,32,39,10,631.00,"6,310.00"
2020-10-04,2020100404001489,RLI,32,29,10,631.00,"6,310.00"
2020-10-04,2020100404001500,RLI,41,4,10,632.00,"6,320.00"
2020-10-04,2020100404001499,RLI,41,8,10,632.00,"6,320.00"
2020-10-04,2020100404001498,RLI,41,59,10,632.00,"6,320.00"
2020-10-04,2020100404001497,RLI,41,41,10,632.00,"6,320.00"
2020-10-04,2020100404001496,RLI,41,52,10,632.00,"6,320.00"
2020-10-04,2020100404001495,RLI,41,10,10,632.00,"6,320.00"
2020-10-04,2020100404001506,RLI,32,29,10,631.00,"6,310.00"
2020-10-04,2020100404001505,RLI,41,16,10,632.00,"6,320.00"
2020-10-04,2020100404001504,RLI,41,48,40,632.00,"25,280.00"
2020-10-04,2020100404001503,RLI,41,38,10,632.00,"6,320.00"
2020-10-04,2020100404001502,RLI,41,10,10,632.00,"6,320.00"
2020-10-04,2020100404001501,RLI,41,34,10,632.00,"6,320.00"
2020-10-04,2020100404001512,RLI,44,39,10,631.00,"6,310.00"
2020-10-04,2020100404001511,RLI,44,42,10,631.00,"6,310.00"
2020-10-04,2020100404001510,RLI,44,42,10,631.00,"6,310.00"
2020-10-04,2020100404001509,RLI,32,56,10,631.00,"6,310.00"
2020-10-04,2020100404001508,RLI,32,59,10,631.00,"6,310.00"
2020-10-04,2020100404001507,RLI,32,19,10,631.00,"6,310.00"
2020-10-04,2020100404001519,RLI,45,33,10,630.00,"6,300.00"
2020-10-04,2020100404001518,RLI,45,48,10,630.00,"6,300.00"
2020-10-04,2020100404001517,RLI,45,44,10,630.00,"6,300.00"
2020-10-04,2020100404001516,RLI,51,38,10,631.00,"6,310.00"
2020-10-04,2020100404001514,RLI,44,59,10,631.00,"6,310.00"
2020-10-04,2020100404001513,RLI,44,48,10,631.00,"6,310.00"
2020-10-04,2020100404001525,RLI,57,36,10,631.00,"6,310.00"
2020-10-04,2020100404001524,RLI,45,36,10,630.00,"6,300.00"
2020-10-04,2020100404001523,RLI,45,32,10,630.00,"6,300.00"
2020-10-04,2020100404001522,RLI,45,58,10,630.00,"6,300.00"
2020-10-04,2020100404001521,RLI,45,44,10,630.00,"6,300.00"
2020-10-04,2020100404001520,RLI,45,49,10,630.00,"6,300.00"
2020-10-04,2020100404001531,RLI,45,58,10,630.00,"6,300.00"
2020-10-04,2020100404001530,RLI,45,39,10,630.00,"6,300.00"
2020-10-04,2020100404001529,RLI,45,51,10,630.00,"6,300.00"
2020-10-04,2020100404001528,RLI,45,6,10,630.00,"6,300.00"
2020-10-04,2020100404001527,RLI,45,44,10,630.00,"6,300.00"
2020-10-04,2020100404001526,RLI,57,55,10,631.00,"6,310.00"
2020-10-04,2020100404001537,RLI,13,44,10,631.00,"6,310.00"
2020-10-04,2020100404001536,RLI,45,39,10,630.00,"6,300.00"
2020-10-04,2020100404001535,RLI,45,49,10,630.00,"6,300.00"
2020-10-04,2020100404001534,RLI,45,1,10,630.00,"6,300.00"
2020-10-04,2020100404001533,RLI,45,44,10,630.00,"6,300.00"
2020-10-04,2020100404001532,RLI,45,36,10,630.00,"6,300.00"
2020-10-04,2020100404001544,RLI,13,38,10,631.00,"6,310.00"
2020-10-04,2020100404001543,RLI,13,11,10,631.00,"6,310.00"
2020-10-04,2020100404001542,RLI,13,44,10,631.00,"6,310.00"
2020-10-04,2020100404001540,RLI,13,44,10,631.00,"6,310.00"
2020-10-04,2020100404001539,RLI,13,36,10,631.00,"6,310.00"
2020-10-04,2020100404001538,RLI,13,56,10,631.00,"6,310.00"
2020-10-04,2020100404001550,RLI,45,21,10,630.00,"6,300.00"
2020-10-04,2020100404001549,RLI,45,44,10,630.00,"6,300.00"
2020-10-04,2020100404001548,RLI,45,34,10,630.00,"6,300.00"
2020-10-04,2020100404001547,RLI,13,44,10,631.00,"6,310.00"
2020-10-04,2020100404001546,RLI,13,21,10,631.00,"6,310.00"
2020-10-04,2020100404001545,RLI,13,17,10,631.00,"6,310.00"
2020-10-04,2020100404001557,RLI,45,28,10,630.00,"6,300.00"
2020-10-04,2020100404001556,RLI,45,56,10,630.00,"6,300.00"
2020-10-04,2020100404001554,RLI,45,35,10,630.00,"6,300.00"
2020-10-04,2020100404001553,RLI,45,44,10,630.00,"6,300.00"
2020-10-04,2020100404001552,RLI,45,38,10,630.00,"6,300.00"
2020-10-04,2020100404001551,RLI,45,39,10,630.00,"6,300.00"
2020-10-04,2020100404001572,RLI,45,22,10,630.00,"6,300.00"
2020-10-04,2020100404001562,RLI,45,49,10,630.00,"6,300.00"
2020-10-04,2020100404001561,RLI,45,44,10,630.00,"6,300.00"
2020-10-04,2020100404001560,RLI,45,17,10,630.00,"6,300.00"
2020-10-04,2020100404001559,RLI,45,11,10,630.00,"6,300.00"
2020-10-04,2020100404001558,RLI,45,44,10,630.00,"6,300.00"
2020-10-04,2020100404001582,RLI,45,29,10,630.00,"6,300.00"
2020-10-04,2020100404001581,RLI,45,44,10,630.00,"6,300.00"
2020-10-04,2020100404001580,RLI,45,44,10,630.00,"6,300.00"
2020-10-04,2020100404001579,RLI,45,29,10,630.00,"6,300.00"
2020-10-04,2020100404001578,RLI,45,10,10,630.00,"6,300.00"
2020-10-04,2020100404001577,RLI,45,44,10,630.00,"6,300.00"
2020-10-04,2020100404001588,RLI,38,50,10,632.00,"6,320.00"
2020-10-04,2020100404001587,RLI,38,6,10,632.00,"6,320.00"
2020-10-04,2020100404001586,RLI,38,22,10,631.00,"6,310.00"
2020-10-04,2020100404001585,RLI,38,11,10,631.00,"6,310.00"
2020-10-04,2020100404001584,RLI,45,44,10,630.00,"6,300.00"
2020-10-04,2020100404001583,RLI,45,21,10,630.00,"6,300.00"
2020-10-04,2020100404001594,RLI,38,42,10,632.00,"6,320.00"
2020-10-04,2020100404001593,RLI,38,34,10,632.00,"6,320.00"
2020-10-04,2020100404001592,RLI,38,29,10,632.00,"6,320.00"
2020-10-04,2020100404001591,RLI,38,29,10,632.00,"6,320.00"
2020-10-04,2020100404001590,RLI,38,29,10,632.00,"6,320.00"
2020-10-04,2020100404001589,RLI,38,29,10,632.00,"6,320.00"
2020-10-04,2020100404001600,RLI,45,44,10,630.00,"6,300.00"
2020-10-04,2020100404001599,RLI,45,36,10,630.00,"6,300.00"
2020-10-04,2020100404001598,RLI,45,36,10,630.00,"6,300.00"
2020-10-04,2020100404001597,RLI,45,44,10,630.00,"6,300.00"
2020-10-04,2020100404001596,RLI,45,36,10,630.00,"6,300.00"
2020-10-04,2020100404001595,RLI,45,56,10,630.00,"6,300.00"
2020-10-04,2020100404001607,RLI,45,39,10,630.00,"6,300.00"
2020-10-04,2020100404001606,RLI,45,44,10,630.00,"6,300.00"
2020-10-04,2020100404001604,RLI,45,44,10,630.00,"6,300.00"
2020-10-04,2020100404001603,RLI,45,51,10,630.00,"6,300.00"
