Date,Transact. No.,Symbol,Buyer,Seller,Quantity,Rate,Amount
2019-10-15,2019101501002399,ADBL,6,58,970,413.00,"400,610.00"
2019-10-15,2019101501002311,ADBL,1,58,30,413.00,"12,390.00"
2019-10-15,2019101501002757,AKJCL,37,47,10,55.00,550.00
2019-10-15,2019101501002623,AKJCL,37,47,10,55.00,550.00
2019-10-15,2019101501002333,AKJCL,37,47,20,55.00,"1,100.00"
2019-10-15,2019101501002558,ALBSL,28,48,10,386.00,"3,860.00"
2019-10-15,2019101501002530,API,25,22,20,116.00,"2,320.00"
2019-10-15,2019101501002529,API,25,34,50,114.00,"5,700.00"
2019-10-15,2019101501002483,API,22,34,450,114.00,"51,300.00"
2019-10-15,2019101501002482,API,22,55,"1,000",114.00,"114,000.00"
2019-10-15,2019101501002481,API,22,25,100,114.00,"11,400.00"
2019-10-15,2019101501002480,API,22,39,450,114.00,"51,300.00"
2019-10-15,2019101501002434,BFC,57,19,500,90.00,"45,000.00"
2019-10-15,2019101501002780,BOKL,50,37,10,233.00,"2,330.00"
2019-10-15,2019101501002736,BOKL,26,37,500,231.00,"115,500.00"
2019-10-15,2019101501002735,BOKL,6,37,115,231.00,"26,565.00"
2019-10-15,2019101501002598,BOKL,50,37,10,233.00,"2,330.00"
2019-10-15,2019101501002535,BOKL,6,25,85,231.00,"19,635.00"
2019-10-15,2019101501002534,BOKL,50,25,500,231.00,"115,500.00"
2019-10-15,2019101501002436,BOKL,7,37,100,231.00,"23,100.00"
2019-10-15,2019101501002435,BOKL,42,37,150,231.00,"34,650.00"
2019-10-15,2019101501002371,CBBL,28,58,170,961.00,"163,370.00"
2019-10-15,2019101501002370,CBBL,11,58,20,961.00,"19,220.00"
2019-10-15,2019101501002369,CBBL,37,58,80,962.00,"76,960.00"
2019-10-15,2019101501002368,CBBL,36,58,35,962.00,"33,670.00"
2019-10-15,2019101501002367,CBBL,41,58,10,962.00,"9,620.00"
2019-10-15,2019101501002357,CBBL,41,58,135,963.00,"130,005.00"
2019-10-15,2019101501002699,CBL,43,45,10,144.00,"1,440.00"
2019-10-15,2019101501002701,CCBL,49,45,"1,557",155.00,"241,335.00"
2019-10-15,2019101501002453,CCBL,49,34,"2,743",155.00,"425,165.00"
2019-10-15,2019101501002473,CEFL,42,51,750,112.00,"84,000.00"
2019-10-15,2019101501002472,CEFL,52,51,200,112.00,"22,400.00"
2019-10-15,2019101501002471,CEFL,59,51,300,112.00,"33,600.00"
2019-10-15,2019101501002470,CEFL,4,51,200,113.00,"22,600.00"
2019-10-15,2019101501002464,CEFL,52,51,500,114.00,"57,000.00"
2019-10-15,2019101501002463,CEFL,52,51,40,114.00,"4,560.00"
2019-10-15,2019101501002635,CHCL,40,33,500,419.00,"209,500.00"
2019-10-15,2019101501002633,CHCL,40,36,70,419.00,"29,330.00"
2019-10-15,2019101501002618,CHCL,32,33,500,420.00,"210,000.00"
2019-10-15,2019101501002462,CHCL,40,40,"12,562",419.00,"5,263,478.00"
2019-10-15,2019101501002461,CHCL,45,40,93,419.00,"38,967.00"
2019-10-15,2019101501002352,CHCL,45,49,40,419.00,"16,760.00"
2019-10-15,2019101501002572,CZBIL,32,33,300,193.00,"57,900.00"
2019-10-15,2019101501002571,CZBIL,22,33,200,193.00,"38,600.00"
2019-10-15,2019101501002418,CZBIL,32,48,310,194.00,"60,140.00"
2019-10-15,2019101501002417,CZBIL,32,42,240,194.00,"46,560.00"
2019-10-15,2019101501002398,CZBIL,46,42,50,194.00,"9,700.00"
2019-10-15,2019101501002683,EBL,32,38,121,554.00,"67,034.00"
2019-10-15,2019101501002652,EBL,19,11,40,555.00,"22,200.00"
2019-10-15,2019101501002617,EBL,34,42,554,554.00,"306,916.00"
2019-10-15,2019101501002538,EBL,22,54,77,553.00,"42,581.00"
2019-10-15,2019101501002537,EBL,41,54,20,553.00,"11,060.00"
2019-10-15,2019101501002485,EBL,51,42,50,554.00,"27,700.00"
2019-10-15,2019101501002394,EBL,14,11,100,555.00,"55,500.00"
2019-10-15,2019101501002355,EBL,56,11,50,554.00,"27,700.00"
2019-10-15,2019101501002797,EIC,21,49,100,227.00,"22,700.00"
2019-10-15,2019101501002796,EIC,57,49,85,227.00,"19,295.00"
2019-10-15,2019101501002795,EIC,58,49,10,227.00,"2,270.00"
2019-10-15,2019101501002794,EIC,45,49,50,227.00,"11,350.00"
2019-10-15,2019101501002793,EIC,40,49,115,227.00,"26,105.00"
2019-10-15,2019101501002773,EIC,40,49,85,227.00,"19,295.00"
2019-10-15,2019101501002602,EIC,43,49,30,228.00,"6,840.00"
2019-10-15,2019101501002601,EIC,59,49,200,229.00,"45,800.00"
2019-10-15,2019101501002600,EIC,38,49,100,229.00,"22,900.00"
2019-10-15,2019101501002599,EIC,7,49,10,229.00,"2,290.00"
2019-10-15,2019101501002570,EIC,25,49,100,230.00,"23,000.00"
2019-10-15,2019101501002772,EIC,43,49,200,227.00,"45,400.00"
2019-10-15,2019101501002771,EIC,34,49,50,227.00,"11,350.00"
2019-10-15,2019101501002770,EIC,35,49,25,227.00,"5,675.00"
2019-10-15,2019101501002645,EIC,37,49,100,230.00,"23,000.00"
2019-10-15,2019101501002604,EIC,14,49,200,228.00,"45,600.00"
2019-10-15,2019101501002603,EIC,57,49,500,228.00,"114,000.00"
2019-10-15,2019101501002745,FMDBL,49,21,15,315.00,"4,725.00"
2019-10-15,2019101501002665,FMDBL,49,41,150,315.00,"47,250.00"
2019-10-15,2019101501002420,FMDBL,45,58,490,314.00,"153,860.00"
2019-10-15,2019101501002419,FMDBL,53,58,10,315.00,"3,150.00"
2019-10-15,2019101501002638,FOWAD,16,41,52,"1,266.00","65,832.00"
2019-10-15,2019101501002637,FOWAD,8,41,20,"1,266.00","25,320.00"
2019-10-15,2019101501002636,FOWAD,22,41,10,"1,267.00","12,670.00"
2019-10-15,2019101501002487,FOWAD,52,50,10,"1,270.00","12,700.00"
2019-10-15,2019101501002486,FOWAD,45,50,10,"1,271.00","12,710.00"
2019-10-15,2019101501002422,GBBL,10,34,485,212.00,"102,820.00"
2019-10-15,2019101501002421,GBBL,25,34,100,213.00,"21,300.00"
2019-10-15,2019101501002799,GLICL,25,6,10,363.00,"3,630.00"
2019-10-15,2019101501002791,GLICL,49,6,10,363.00,"3,630.00"
2019-10-15,2019101501002748,GLICL,49,59,10,359.00,"3,590.00"
2019-10-15,2019101501002664,GLICL,42,14,150,352.00,"52,800.00"
2019-10-15,2019101501002648,GMFBS,19,47,10,454.00,"4,540.00"
2019-10-15,2019101501002729,GMFIL,47,49,10,114.00,"1,140.00"
2019-10-15,2019101501002518,HGI,6,39,42,261.00,"10,962.00"
2019-10-15,2019101501002517,HGI,25,39,"1,000",263.00,"263,000.00"
2019-10-15,2019101501002516,HGI,7,39,30,263.00,"7,890.00"
2019-10-15,2019101501002515,HGI,19,39,200,265.00,"53,000.00"
2019-10-15,2019101501002514,HGI,6,39,20,266.00,"5,320.00"
2019-10-15,2019101501002513,HGI,7,39,72,268.00,"19,296.00"
2019-10-15,2019101501002743,HIDCL,45,34,200,138.00,"27,600.00"
2019-10-15,2019101501002728,HIDCL,45,34,200,138.00,"27,600.00"
2019-10-15,2019101501002714,HIDCL,19,38,73,139.00,"10,147.00"
2019-10-15,2019101501002713,HIDCL,19,29,127,139.00,"17,653.00"
2019-10-15,2019101501002444,HPPL,58,34,10,139.00,"1,390.00"
2019-10-15,2019101501002779,HURJA,57,17,10,105.00,"1,050.00"
2019-10-15,2019101501002489,JBBL,29,8,14,161.00,"2,254.00"
2019-10-15,2019101501002488,JBBL,29,46,90,161.00,"14,490.00"
2019-10-15,2019101501002354,JBBL,35,49,150,159.00,"23,850.00"
2019-10-15,2019101501002331,JBBL,35,51,202,160.00,"32,320.00"
2019-10-15,2019101501002456,JOSHI,39,57,20,62.00,"1,240.00"
2019-10-15,2019101501002662,KBL,16,57,"2,000",182.00,"364,000.00"
2019-10-15,2019101501002661,KBL,16,42,90,182.00,"16,380.00"
2019-10-15,2019101501002491,KRBL,17,44,464,105.00,"48,720.00"
2019-10-15,2019101501002429,KRBL,38,44,500,105.00,"52,500.00"
2019-10-15,2019101501002658,KSBBL,33,22,"1,882",142.00,"267,244.00"
2019-10-15,2019101501002465,KSBBL,33,28,286,142.00,"40,612.00"
2019-10-15,2019101501002686,LBBL,47,47,2,175.00,350.00
2019-10-15,2019101501002557,LBBL,19,57,560,175.00,"98,000.00"
2019-10-15,2019101501002438,LBBL,19,17,"1,060",175.00,"185,500.00"
2019-10-15,2019101501002437,LBBL,19,51,120,175.00,"21,000.00"
2019-10-15,2019101501002766,LBL,34,22,10,215.00,"2,150.00"
2019-10-15,2019101501002443,LBL,55,49,"1,411",214.00,"301,954.00"
2019-10-15,2019101501002663,LICN,25,10,10,993.00,"9,930.00"
2019-10-15,2019101501002630,LICN,26,59,87,977.00,"84,999.00"
2019-10-15,2019101501002629,LICN,39,59,200,978.00,"195,600.00"
2019-10-15,2019101501002628,LICN,55,59,200,979.00,"195,800.00"
2019-10-15,2019101501002627,LICN,56,59,63,980.00,"61,740.00"
2019-10-15,2019101501002626,LICN,38,59,20,980.00,"19,600.00"
2019-10-15,2019101501002625,LICN,1,59,20,980.00,"19,600.00"
2019-10-15,2019101501002624,LICN,7,59,10,985.00,"9,850.00"
2019-10-15,2019101501002640,MBL,33,43,900,223.00,"200,700.00"
2019-10-15,2019101501002639,MBL,33,51,740,223.00,"165,020.00"
2019-10-15,2019101501002575,MBL,14,51,"1,000",223.00,"223,000.00"
2019-10-15,2019101501002507,MBL,28,51,200,223.00,"44,600.00"
2019-10-15,2019101501002393,MBL,46,51,60,223.00,"13,380.00"
2019-10-15,2019101501002804,MEGA,34,26,600,198.00,"118,800.00"
2019-10-15,2019101501002803,MEGA,34,51,350,198.00,"69,300.00"
2019-10-15,2019101501002802,MEGA,34,13,290,198.00,"57,420.00"
2019-10-15,2019101501002737,MEGA,43,13,10,198.00,"1,980.00"
2019-10-15,2019101501002351,MEGA,1,48,200,198.00,"39,600.00"
2019-10-15,2019101501002552,MEGA,34,48,160,197.00,"31,520.00"
2019-10-15,2019101501002551,MEGA,14,48,401,197.00,"78,997.00"
2019-10-15,2019101501002401,MEGA,45,48,50,198.00,"9,900.00"
2019-10-15,2019101501002392,MEGA,6,48,100,198.00,"19,800.00"
2019-10-15,2019101501002359,MEGA,14,48,114,198.00,"22,572.00"
2019-10-15,2019101501002632,MFIL,58,22,60,124.00,"7,440.00"
2019-10-15,2019101501002631,MFIL,59,22,300,124.00,"37,200.00"
2019-10-15,2019101501002450,MFIL,47,22,500,125.00,"62,500.00"
2019-10-15,2019101501002328,MLBL,59,33,"1,000",217.00,"217,000.00"
2019-10-15,2019101501002327,MLBL,59,33,200,217.00,"43,400.00"
2019-10-15,2019101501002326,MLBL,59,34,937,217.00,"203,329.00"
2019-10-15,2019101501002325,MLBL,59,8,561,217.00,"121,737.00"
2019-10-15,2019101501002792,NABIL,58,6,10,763.00,"7,630.00"
2019-10-15,2019101501002703,NABIL,19,57,198,760.00,"150,480.00"
2019-10-15,2019101501002702,NABIL,25,57,94,760.00,"71,440.00"
2019-10-15,2019101501002386,NABIL,25,58,406,760.00,"308,560.00"
2019-10-15,2019101501002385,NABIL,13,58,200,760.00,"152,000.00"
2019-10-15,2019101501002384,NABIL,43,58,100,760.00,"76,000.00"
2019-10-15,2019101501002377,NABIL,19,58,200,763.00,"152,600.00"
2019-10-15,2019101501002376,NABIL,57,58,50,763.00,"38,150.00"
2019-10-15,2019101501002375,NABIL,51,58,24,763.00,"18,312.00"
2019-10-15,2019101501002383,NABIL,49,58,100,761.00,"76,100.00"
2019-10-15,2019101501002382,NABIL,25,58,50,761.00,"38,050.00"
2019-10-15,2019101501002381,NABIL,41,58,50,761.00,"38,050.00"
2019-10-15,2019101501002380,NABIL,49,58,500,762.00,"381,000.00"
2019-10-15,2019101501002379,NABIL,50,58,50,762.00,"38,100.00"
2019-10-15,2019101501002378,NABIL,33,58,70,763.00,"53,410.00"
2019-10-15,2019101501002527,NADEP,26,1,10,400.00,"4,000.00"
2019-10-15,2019101501002666,NBB,56,56,90,211.00,"18,990.00"
2019-10-15,2019101501002653,NBB,53,47,24,210.00,"5,040.00"
2019-10-15,2019101501002403,NBB,45,56,25,211.00,"5,275.00"
2019-10-15,2019101501002402,NBB,45,56,86,211.00,"18,146.00"
2019-10-15,2019101501002809,NBL,33,45,10,318.00,"3,180.00"
2019-10-15,2019101501002805,NBL,36,45,15,318.00,"4,770.00"
2019-10-15,2019101501002788,NBL,43,45,10,318.00,"3,180.00"
2019-10-15,2019101501002755,NBL,41,41,144,315.00,"45,360.00"
2019-10-15,2019101501002754,NBL,16,41,500,315.00,"157,500.00"
2019-10-15,2019101501002753,NBL,16,41,100,315.00,"31,500.00"
2019-10-15,2019101501002406,NBL,42,46,200,316.00,"63,200.00"
2019-10-15,2019101501002405,NBL,42,50,200,316.00,"63,200.00"
2019-10-15,2019101501002404,NBL,42,22,510,316.00,"161,160.00"
2019-10-15,2019101501002752,NBL,49,41,100,315.00,"31,500.00"
2019-10-15,2019101501002751,NBL,4,41,50,315.00,"15,750.00"
2019-10-15,2019101501002750,NBL,4,41,16,315.00,"5,040.00"
2019-10-15,2019101501002646,NBL,42,41,90,316.00,"28,440.00"
2019-10-15,2019101501002644,NBL,42,32,500,316.00,"158,000.00"
2019-10-15,2019101501002432,NBL,36,45,24,318.00,"7,632.00"
2019-10-15,2019101501002810,NCCB,58,49,10,200.00,"2,000.00"
2019-10-15,2019101501002808,NCCB,6,42,158,198.00,"31,284.00"
2019-10-15,2019101501002741,NCCB,45,57,119,199.00,"23,681.00"
2019-10-15,2019101501002740,NCCB,45,21,260,199.00,"51,740.00"
2019-10-15,2019101501002739,NCCB,45,56,250,199.00,"49,750.00"
2019-10-15,2019101501002656,NCCB,6,20,149,198.00,"29,502.00"
2019-10-15,2019101501002372,NCCB,8,29,200,198.00,"39,600.00"
2019-10-15,2019101501002363,NCCB,8,42,300,198.00,"59,400.00"
2019-10-15,2019101501002353,NCCB,33,25,10,199.00,"1,990.00"
2019-10-15,2019101501002655,NCCB,8,20,198,198.00,"39,204.00"
2019-10-15,2019101501002654,NCCB,1,56,200,199.00,"39,800.00"
2019-10-15,2019101501002561,NCCB,57,56,50,199.00,"9,950.00"
2019-10-15,2019101501002546,NCCB,8,25,207,198.00,"40,986.00"
2019-10-15,2019101501002478,NCCB,13,25,100,199.00,"19,900.00"
2019-10-15,2019101501002447,NCCB,8,38,95,198.00,"18,810.00"
2019-10-15,2019101501002426,NGPL,51,34,11,99.00,"1,089.00"
2019-10-15,2019101501002553,NIB,34,34,44,439.00,"19,316.00"
2019-10-15,2019101501002448,NIB,34,34,44,439.00,"19,316.00"
2019-10-15,2019101501002697,NIBPO,6,52,246,408.00,"100,368.00"
2019-10-15,2019101501002696,NIBPO,45,52,30,408.00,"12,240.00"
2019-10-15,2019101501002695,NIBPO,45,52,30,408.00,"12,240.00"
2019-10-15,2019101501002694,NIBPO,58,52,64,408.00,"26,112.00"
2019-10-15,2019101501002466,NIBPO,58,48,236,408.00,"96,288.00"
2019-10-15,2019101501002746,NICA,49,34,500,385.00,"192,500.00"
2019-10-15,2019101501002698,NICA,50,49,100,381.00,"38,100.00"
2019-10-15,2019101501002613,NICA,48,34,13,385.00,"5,005.00"
2019-10-15,2019101501002612,NICA,48,25,100,383.00,"38,300.00"
2019-10-15,2019101501002611,NICA,48,34,100,383.00,"38,300.00"
2019-10-15,2019101501002610,NICA,48,58,187,383.00,"71,621.00"
2019-10-15,2019101501002609,NICA,48,55,100,382.00,"38,200.00"
2019-10-15,2019101501002414,NICA,50,45,100,381.00,"38,100.00"
2019-10-15,2019101501002718,NICL,43,10,10,266.00,"2,660.00"
2019-10-15,2019101501002614,NICL,6,44,553,263.00,"145,439.00"
2019-10-15,2019101501002568,NICL,39,44,200,263.00,"52,600.00"
2019-10-15,2019101501002567,NICL,56,44,50,263.00,"13,150.00"
2019-10-15,2019101501002566,NICL,50,44,20,263.00,"5,260.00"
2019-10-15,2019101501002764,NIL,39,43,10,369.00,"3,690.00"
2019-10-15,2019101501002763,NIL,39,14,25,366.00,"9,150.00"
2019-10-15,2019101501002789,NLIC,28,42,400,765.00,"306,000.00"
2019-10-15,2019101501002532,NLIC,55,57,51,762.00,"38,862.00"
2019-10-15,2019101501002391,NLIC,58,58,7,757.00,"5,299.00"
2019-10-15,2019101501002787,NLICL,26,59,100,459.00,"45,900.00"
2019-10-15,2019101501002727,NLICL,43,59,10,462.00,"4,620.00"
2019-10-15,2019101501002733,NMBMF,51,45,200,"1,100.00","220,000.00"
2019-10-15,2019101501002684,NMBMF,32,45,30,"1,090.00","32,700.00"
2019-10-15,2019101501002731,NSEWA,41,42,10,375.00,"3,750.00"
2019-10-15,2019101501002416,NUBL,48,16,78,855.00,"66,690.00"
2019-10-15,2019101501002415,NUBL,17,16,172,855.00,"147,060.00"
2019-10-15,2019101501002361,NUBL,17,42,13,855.00,"11,115.00"
2019-10-15,2019101501002801,PCBL,32,21,30,264.00,"7,920.00"
2019-10-15,2019101501002749,PCBL,44,58,200,265.00,"53,000.00"
2019-10-15,2019101501002712,PCBL,16,42,200,264.00,"52,800.00"
2019-10-15,2019101501002711,PCBL,44,42,500,264.00,"132,000.00"
2019-10-15,2019101501002710,PCBL,16,42,476,264.00,"125,664.00"
2019-10-15,2019101501002451,PCBL,16,58,247,264.00,"65,208.00"
2019-10-15,2019101501002364,PCBL,14,58,"1,000",266.00,"266,000.00"
2019-10-15,2019101501002619,PFL,49,41,"1,211",133.00,"161,063.00"
2019-10-15,2019101501002605,PFL,33,34,13,134.00,"1,742.00"
2019-10-15,2019101501002468,PFL,33,34,13,134.00,"1,742.00"
2019-10-15,2019101501002647,PIC,57,33,10,365.00,"3,650.00"
2019-10-15,2019101501002790,PLIC,57,17,10,321.00,"3,210.00"
2019-10-15,2019101501002767,PLIC,35,17,10,321.00,"3,210.00"
2019-10-15,2019101501002620,PLIC,35,59,410,315.00,"129,150.00"
2019-10-15,2019101501002597,PLIC,37,59,100,315.00,"31,500.00"
2019-10-15,2019101501002596,PLIC,45,59,250,315.00,"78,750.00"
2019-10-15,2019101501002595,PLIC,49,59,65,315.00,"20,475.00"
2019-10-15,2019101501002582,PLIC,49,59,100,317.00,"31,700.00"
2019-10-15,2019101501002581,PLIC,13,59,33,317.00,"10,461.00"
2019-10-15,2019101501002428,PLIC,1,59,50,318.00,"15,900.00"
2019-10-15,2019101501002427,PLIC,6,59,"2,446",318.00,"777,828.00"
2019-10-15,2019101501002588,PLIC,1,59,140,315.00,"44,100.00"
2019-10-15,2019101501002587,PLIC,33,59,10,315.00,"3,150.00"
2019-10-15,2019101501002586,PLIC,22,59,50,315.00,"15,750.00"
2019-10-15,2019101501002585,PLIC,16,59,200,316.00,"63,200.00"
2019-10-15,2019101501002584,PLIC,49,59,100,317.00,"31,700.00"
2019-10-15,2019101501002583,PLIC,49,59,100,317.00,"31,700.00"
2019-10-15,2019101501002594,PLIC,49,59,20,315.00,"6,300.00"
2019-10-15,2019101501002593,PLIC,49,59,100,315.00,"31,500.00"
2019-10-15,2019101501002592,PLIC,49,59,100,315.00,"31,500.00"
2019-10-15,2019101501002591,PLIC,39,59,"1,000",315.00,"315,000.00"
2019-10-15,2019101501002590,PLIC,34,59,50,315.00,"15,750.00"
2019-10-15,2019101501002589,PLIC,57,59,10,315.00,"3,150.00"
2019-10-15,2019101501002807,PRVU,45,45,"5,000",267.00,"1,335,000.00"
2019-10-15,2019101501002806,PRVU,45,45,"2,570",267.00,"686,190.00"
2019-10-15,2019101501002800,PRVU,14,45,200,267.00,"53,400.00"
2019-10-15,2019101501002681,PRVU,51,45,"1,500",267.00,"400,500.00"
2019-10-15,2019101501002680,PRVU,51,45,"1,500",267.00,"400,500.00"
2019-10-15,2019101501002679,PRVU,38,45,500,267.00,"133,500.00"
2019-10-15,2019101501002332,PRVU,29,45,500,268.00,"134,000.00"
2019-10-15,2019101501002316,PRVU,42,45,75,268.00,"20,100.00"
2019-10-15,2019101501002315,PRVU,33,45,300,268.00,"80,400.00"
2019-10-15,2019101501002314,PRVU,43,45,500,268.00,"134,000.00"
2019-10-15,2019101501002313,PRVU,34,45,200,268.00,"53,600.00"
2019-10-15,2019101501002312,PRVU,21,45,40,268.00,"10,720.00"
2019-10-15,2019101501002672,PRVU,58,45,100,267.00,"26,700.00"
2019-10-15,2019101501002671,PRVU,59,45,50,267.00,"13,350.00"
2019-10-15,2019101501002670,PRVU,42,45,25,267.00,"6,675.00"
2019-10-15,2019101501002669,PRVU,26,45,20,267.00,"5,340.00"
2019-10-15,2019101501002467,PRVU,47,45,465,268.00,"124,620.00"
2019-10-15,2019101501002362,PRVU,35,45,150,268.00,"40,200.00"
2019-10-15,2019101501002678,PRVU,29,45,100,267.00,"26,700.00"
2019-10-15,2019101501002677,PRVU,14,45,"1,000",267.00,"267,000.00"
2019-10-15,2019101501002676,PRVU,25,45,50,267.00,"13,350.00"
2019-10-15,2019101501002675,PRVU,54,45,"1,000",267.00,"267,000.00"
2019-10-15,2019101501002674,PRVU,6,45,200,267.00,"53,400.00"
2019-10-15,2019101501002673,PRVU,33,45,500,267.00,"133,500.00"
2019-10-15,2019101501002449,RADHI,22,29,10,145.00,"1,450.00"
2019-10-15,2019101501002440,RADHI,33,1,10,143.00,"1,430.00"
2019-10-15,2019101501002798,RHPL,40,47,40,159.00,"6,360.00"
2019-10-15,2019101501002744,RHPL,29,26,70,160.00,"11,200.00"
2019-10-15,2019101501002622,RHPL,28,26,200,160.00,"32,000.00"
2019-10-15,2019101501002621,RHPL,59,26,30,160.00,"4,800.00"
2019-10-15,2019101501002484,RHPL,59,1,10,160.00,"1,600.00"
2019-10-15,2019101501002329,RHPL,59,47,40,160.00,"6,400.00"
2019-10-15,2019101501002569,RSDC,6,22,100,323.00,"32,300.00"
2019-10-15,2019101501002756,SABSL,25,58,10,459.00,"4,590.00"
2019-10-15,2019101501002425,SADBL,42,28,950,142.00,"134,900.00"
2019-10-15,2019101501002424,SADBL,42,58,10,140.00,"1,400.00"
2019-10-15,2019101501002360,SADBL,47,47,1,140.00,140.00
2019-10-15,2019101501002730,SANIMA,47,51,30,309.00,"9,270.00"
2019-10-15,2019101501002716,SANIMA,14,26,500,308.00,"154,000.00"
2019-10-15,2019101501002715,SANIMA,14,49,737,308.00,"226,996.00"
2019-10-15,2019101501002543,SANIMA,57,49,"2,000",308.00,"616,000.00"
2019-10-15,2019101501002542,SANIMA,57,49,263,308.00,"81,004.00"
2019-10-15,2019101501002508,SANIMA,57,51,100,308.00,"30,800.00"
2019-10-15,2019101501002454,SANIMA,26,51,50,309.00,"15,450.00"
2019-10-15,2019101501002400,SANIMA,47,51,30,309.00,"9,270.00"
2019-10-15,2019101501002397,SAPDBL,55,19,178,125.00,"22,250.00"
2019-10-15,2019101501002396,SAPDBL,55,21,70,125.00,"8,750.00"
2019-10-15,2019101501002395,SAPDBL,55,52,10,124.00,"1,240.00"
2019-10-15,2019101501002562,SBI,25,48,100,402.00,"40,200.00"
2019-10-15,2019101501002358,SBI,58,42,71,399.00,"28,329.00"
2019-10-15,2019101501002786,SBL,35,17,24,338.00,"8,112.00"
2019-10-15,2019101501002785,SBL,14,51,42,337.00,"14,154.00"
2019-10-15,2019101501002784,SBL,41,51,58,337.00,"19,546.00"
2019-10-15,2019101501002776,SBL,41,38,92,337.00,"31,004.00"
2019-10-15,2019101501002775,SBL,41,38,408,337.00,"137,496.00"
2019-10-15,2019101501002774,SBL,16,17,50,338.00,"16,900.00"
2019-10-15,2019101501002336,SBL,49,56,"1,000",337.00,"337,000.00"
2019-10-15,2019101501002335,SBL,49,48,500,337.00,"168,500.00"
2019-10-15,2019101501002334,SBL,49,11,264,337.00,"88,968.00"
2019-10-15,2019101501002319,SBL,43,11,36,337.00,"12,132.00"
2019-10-15,2019101501002318,SBL,43,56,59,337.00,"19,883.00"
2019-10-15,2019101501002342,SBL,49,42,137,338.00,"46,306.00"
2019-10-15,2019101501002341,SBL,49,10,400,338.00,"135,200.00"
2019-10-15,2019101501002340,SBL,49,6,316,338.00,"106,808.00"
2019-10-15,2019101501002339,SBL,49,53,210,338.00,"70,980.00"
2019-10-15,2019101501002338,SBL,49,59,"1,000",338.00,"338,000.00"
2019-10-15,2019101501002337,SBL,49,56,356,338.00,"120,328.00"
2019-10-15,2019101501002348,SBL,49,13,462,338.00,"156,156.00"
2019-10-15,2019101501002347,SBL,49,48,315,338.00,"106,470.00"
2019-10-15,2019101501002346,SBL,49,1,"1,000",338.00,"338,000.00"
2019-10-15,2019101501002345,SBL,49,52,450,338.00,"152,100.00"
2019-10-15,2019101501002344,SBL,49,45,300,338.00,"101,400.00"
2019-10-15,2019101501002343,SBL,49,26,500,338.00,"169,000.00"
2019-10-15,2019101501002388,SBL,58,14,100,338.00,"33,800.00"
2019-10-15,2019101501002387,SBL,49,14,815,338.00,"275,470.00"
2019-10-15,2019101501002374,SBL,57,59,100,339.00,"33,900.00"
2019-10-15,2019101501002356,SBL,49,13,220,338.00,"74,360.00"
2019-10-15,2019101501002350,SBL,49,32,"1,505",338.00,"508,690.00"
2019-10-15,2019101501002349,SBL,49,17,250,338.00,"84,500.00"
2019-10-15,2019101501002442,SBL,57,57,15,338.00,"5,070.00"
2019-10-15,2019101501002441,SBL,57,17,35,338.00,"11,830.00"
2019-10-15,2019101501002433,SBL,35,17,30,338.00,"10,140.00"
2019-10-15,2019101501002431,SBL,16,17,65,338.00,"21,970.00"
2019-10-15,2019101501002430,SBL,16,14,35,338.00,"11,830.00"
2019-10-15,2019101501002389,SBL,3,14,50,338.00,"16,900.00"
2019-10-15,2019101501002476,SBL,47,56,285,338.00,"96,330.00"
2019-10-15,2019101501002475,SBL,47,57,85,338.00,"28,730.00"
2019-10-15,2019101501002460,SBL,28,28,33,337.00,"11,121.00"
2019-10-15,2019101501002459,SBL,36,28,300,337.00,"101,100.00"
2019-10-15,2019101501002458,SBL,45,28,67,337.00,"22,579.00"
2019-10-15,2019101501002457,SBL,32,28,500,337.00,"168,500.00"
2019-10-15,2019101501002496,SBL,51,25,"1,000",337.00,"337,000.00"
2019-10-15,2019101501002495,SBL,56,25,50,337.00,"16,850.00"
2019-10-15,2019101501002494,SBL,42,25,300,337.00,"101,100.00"
2019-10-15,2019101501002493,SBL,28,25,50,337.00,"16,850.00"
2019-10-15,2019101501002490,SBL,28,48,17,337.00,"5,729.00"
2019-10-15,2019101501002477,SBL,21,56,20,338.00,"6,760.00"
2019-10-15,2019101501002502,SBL,29,25,50,337.00,"16,850.00"
2019-10-15,2019101501002501,SBL,25,25,100,337.00,"33,700.00"
2019-10-15,2019101501002500,SBL,47,25,200,337.00,"67,400.00"
2019-10-15,2019101501002499,SBL,28,25,200,337.00,"67,400.00"
2019-10-15,2019101501002498,SBL,49,25,"2,000",337.00,"674,000.00"
2019-10-15,2019101501002497,SBL,51,25,"1,000",337.00,"337,000.00"
2019-10-15,2019101501002521,SBL,52,34,209,337.00,"70,433.00"
2019-10-15,2019101501002512,SBL,6,34,30,337.00,"10,110.00"
2019-10-15,2019101501002510,SBL,6,34,10,337.00,"3,370.00"
2019-10-15,2019101501002509,SBL,51,56,30,338.00,"10,140.00"
2019-10-15,2019101501002504,SBL,41,56,"1,000",338.00,"338,000.00"
2019-10-15,2019101501002503,SBL,39,25,50,337.00,"16,850.00"
2019-10-15,2019101501002549,SBL,8,25,150,337.00,"50,550.00"
2019-10-15,2019101501002544,SBL,49,25,"1,600",337.00,"539,200.00"
2019-10-15,2019101501002528,SBL,1,25,100,337.00,"33,700.00"
2019-10-15,2019101501002524,SBL,17,40,39,336.00,"13,104.00"
2019-10-15,2019101501002523,SBL,25,40,70,336.00,"23,520.00"
2019-10-15,2019101501002522,SBL,55,40,151,336.00,"50,736.00"
2019-10-15,2019101501002573,SBL,16,6,150,337.00,"50,550.00"
2019-10-15,2019101501002565,SBL,16,59,150,337.00,"50,550.00"
2019-10-15,2019101501002564,SBL,44,59,550,337.00,"185,350.00"
2019-10-15,2019101501002560,SBL,48,56,100,338.00,"33,800.00"
2019-10-15,2019101501002554,SBL,44,25,950,337.00,"320,150.00"
2019-10-15,2019101501002550,SBL,6,25,200,337.00,"67,400.00"
2019-10-15,2019101501002649,SBL,35,56,391,337.00,"131,767.00"
2019-10-15,2019101501002641,SBL,35,34,59,337.00,"19,883.00"
2019-10-15,2019101501002634,SBL,35,38,750,337.00,"252,750.00"
2019-10-15,2019101501002616,SBL,29,38,100,337.00,"33,700.00"
2019-10-15,2019101501002615,SBL,5,38,150,337.00,"50,550.00"
2019-10-15,2019101501002574,SBL,5,6,350,337.00,"117,950.00"
2019-10-15,2019101501002688,SBL,7,59,30,337.00,"10,110.00"
2019-10-15,2019101501002687,SBL,59,59,100,337.00,"33,700.00"
2019-10-15,2019101501002668,SBL,25,14,"1,000",337.00,"337,000.00"
2019-10-15,2019101501002659,SBL,52,56,124,337.00,"41,788.00"
2019-10-15,2019101501002651,SBL,17,56,50,337.00,"16,850.00"
2019-10-15,2019101501002650,SBL,5,56,"1,000",337.00,"337,000.00"
2019-10-15,2019101501002705,SBL,48,34,11,338.00,"3,718.00"
2019-10-15,2019101501002704,SBL,48,14,450,337.00,"151,650.00"
2019-10-15,2019101501002693,SBL,32,14,20,337.00,"6,740.00"
2019-10-15,2019101501002692,SBL,34,14,30,337.00,"10,110.00"
2019-10-15,2019101501002690,SBL,20,34,300,338.00,"101,400.00"
2019-10-15,2019101501002689,SBL,34,59,970,337.00,"326,890.00"
2019-10-15,2019101501002732,SBL,48,6,500,337.00,"168,500.00"
2019-10-15,2019101501002719,SBL,7,59,200,337.00,"67,400.00"
2019-10-15,2019101501002709,SBL,48,17,29,338.00,"9,802.00"
2019-10-15,2019101501002708,SBL,48,1,250,338.00,"84,500.00"
2019-10-15,2019101501002707,SBL,48,53,160,338.00,"54,080.00"
2019-10-15,2019101501002706,SBL,48,53,100,338.00,"33,800.00"
2019-10-15,2019101501002762,SBL,34,17,14,338.00,"4,732.00"
2019-10-15,2019101501002759,SBL,41,49,192,337.00,"64,704.00"
2019-10-15,2019101501002758,SBL,19,49,100,337.00,"33,700.00"
2019-10-15,2019101501002742,SBL,19,59,400,337.00,"134,800.00"
2019-10-15,2019101501002738,SBL,25,59,100,337.00,"33,700.00"
2019-10-15,2019101501002734,SBL,25,59,"2,000",337.00,"674,000.00"
2019-10-15,2019101501002479,SCB,45,44,30,576.00,"17,280.00"
2019-10-15,2019101501002455,SCB,42,44,20,576.00,"11,520.00"
2019-10-15,2019101501002717,SDESI,35,33,200,606.00,"121,200.00"
2019-10-15,2019101501002492,SEF,3,42,"5,000",9.00,"45,000.00"
2019-10-15,2019101501002324,SHINE,17,52,31,252.00,"7,812.00"
2019-10-15,2019101501002777,SHIVM,1,7,145,508.00,"73,660.00"
2019-10-15,2019101501002761,SHIVM,1,41,100,508.00,"50,800.00"
2019-10-15,2019101501002760,SHIVM,1,43,130,508.00,"66,040.00"
2019-10-15,2019101501002720,SHIVM,1,52,275,507.00,"139,425.00"
2019-10-15,2019101501002700,SHIVM,57,52,400,507.00,"202,800.00"
2019-10-15,2019101501002373,SHIVM,50,6,290,506.00,"146,740.00"
2019-10-15,2019101501002330,SHIVM,55,25,140,506.00,"70,840.00"
2019-10-15,2019101501002320,SHIVM,55,3,50,506.00,"25,300.00"
2019-10-15,2019101501002411,SHIVM,4,37,100,508.00,"50,800.00"
2019-10-15,2019101501002410,SHIVM,4,52,100,508.00,"50,800.00"
2019-10-15,2019101501002409,SHIVM,4,33,300,507.00,"152,100.00"
2019-10-15,2019101501002408,SHIVM,4,39,50,506.00,"25,300.00"
2019-10-15,2019101501002407,SHIVM,4,43,80,506.00,"40,480.00"
2019-10-15,2019101501002390,SHIVM,50,43,10,506.00,"5,060.00"
2019-10-15,2019101501002511,SHIVM,35,35,"1,803",507.00,"914,121.00"
2019-10-15,2019101501002439,SHIVM,45,39,130,505.00,"65,650.00"
2019-10-15,2019101501002413,SHIVM,4,40,70,508.00,"35,560.00"
2019-10-15,2019101501002412,SHIVM,4,42,300,508.00,"152,400.00"
2019-10-15,2019101501002539,SHIVM,1,25,100,507.00,"50,700.00"
2019-10-15,2019101501002536,SHIVM,38,28,283,507.00,"143,481.00"
2019-10-15,2019101501002526,SHIVM,45,28,20,507.00,"10,140.00"
2019-10-15,2019101501002525,SHIVM,35,28,197,507.00,"99,879.00"
2019-10-15,2019101501002520,SHIVM,48,43,70,508.00,"35,560.00"
2019-10-15,2019101501002519,SHIVM,48,40,30,508.00,"15,240.00"
2019-10-15,2019101501002608,SHIVM,1,26,350,506.00,"177,100.00"
2019-10-15,2019101501002607,SHIVM,22,26,150,506.00,"75,900.00"
2019-10-15,2019101501002580,SHIVM,45,46,50,507.00,"25,350.00"
2019-10-15,2019101501002541,SHIVM,22,25,50,506.00,"25,300.00"
2019-10-15,2019101501002540,SHIVM,1,25,50,506.00,"25,300.00"
2019-10-15,2019101501002726,SHL,40,17,100,207.00,"20,700.00"
2019-10-15,2019101501002725,SHL,5,17,200,207.00,"41,400.00"
2019-10-15,2019101501002724,SHL,22,17,100,207.00,"20,700.00"
2019-10-15,2019101501002723,SHL,21,17,500,207.00,"103,500.00"
2019-10-15,2019101501002722,SHL,21,17,100,207.00,"20,700.00"
2019-10-15,2019101501002685,SHL,6,58,100,208.00,"20,800.00"
2019-10-15,2019101501002578,SHL,49,58,500,208.00,"104,000.00"
2019-10-15,2019101501002321,SHL,32,58,100,208.00,"20,800.00"
2019-10-15,2019101501002556,SHPC,48,28,10,193.00,"1,930.00"
2019-10-15,2019101501002555,SHPC,48,1,80,192.00,"15,360.00"
2019-10-15,2019101501002769,SICL,25,39,100,724.00,"72,400.00"
2019-10-15,2019101501002768,SICL,25,56,100,723.00,"72,300.00"
2019-10-15,2019101501002579,SICL,38,17,28,716.00,"20,048.00"
2019-10-15,2019101501002563,SICL,38,56,80,715.00,"57,200.00"
2019-10-15,2019101501002782,SJCL,52,22,150,170.00,"25,500.00"
2019-10-15,2019101501002778,SJCL,52,47,20,170.00,"3,400.00"
2019-10-15,2019101501002317,SJCL,47,47,20,169.00,"3,380.00"
2019-10-15,2019101501002452,SJCL,52,1,10,170.00,"1,700.00"
2019-10-15,2019101501002446,SKBBL,42,38,10,920.00,"9,200.00"
2019-10-15,2019101501002445,SKBBL,42,42,270,915.00,"247,050.00"
2019-10-15,2019101501002469,SLICL,33,33,10,273.00,"2,730.00"
2019-10-15,2019101501002545,SMFDB,49,14,10,505.00,"5,050.00"
2019-10-15,2019101501002474,SMFDB,49,14,50,500.00,"25,000.00"
2019-10-15,2019101501002691,SPDL,17,39,500,75.00,"37,500.00"
2019-10-15,2019101501002606,SPDL,25,25,35,76.00,"2,660.00"
2019-10-15,2019101501002781,SRBL,39,17,50,239.00,"11,950.00"
2019-10-15,2019101501002667,SRBL,45,46,"1,000",238.00,"238,000.00"
2019-10-15,2019101501002577,SRBL,45,26,534,238.00,"127,092.00"
2019-10-15,2019101501002576,SRBL,14,26,66,238.00,"15,708.00"
2019-10-15,2019101501002323,SRBL,14,4,434,238.00,"103,292.00"
2019-10-15,2019101501002322,SRBL,42,4,66,238.00,"15,708.00"
2019-10-15,2019101501002533,TMDBL,39,37,166,149.00,"24,734.00"
2019-10-15,2019101501002682,TRH,38,39,"1,000",279.00,"279,000.00"
2019-10-15,2019101501002643,TRH,33,25,90,278.00,"25,020.00"
2019-10-15,2019101501002642,TRH,33,25,10,278.00,"2,780.00"
2019-10-15,2019101501002548,UIC,5,28,200,265.00,"53,000.00"
2019-10-15,2019101501002547,UIC,5,47,20,265.00,"5,300.00"
2019-10-15,2019101501002531,UIC,5,32,50,264.00,"13,200.00"
2019-10-15,2019101501002765,UPCL,25,47,100,78.00,"7,800.00"
2019-10-15,2019101501002660,UPCL,25,47,100,78.00,"7,800.00"
2019-10-15,2019101501002747,UPPER,56,14,100,235.00,"23,500.00"
2019-10-15,2019101501002721,UPPER,35,14,20,235.00,"4,700.00"
2019-10-15,2019101501002559,UPPER,58,17,40,234.00,"9,360.00"
2019-10-15,2019101501002423,UPPER,58,1,10,234.00,"2,340.00"
2019-10-15,2019101501002366,UPPER,58,34,20,234.00,"4,680.00"
2019-10-15,2019101501002365,UPPER,14,34,20,234.00,"4,680.00"
2019-10-15,2019101501002783,VLBS,45,57,50,555.00,"27,750.00"
2019-10-15,2019101501002506,VLBS,45,34,22,550.00,"12,100.00"
2019-10-15,2019101501002505,VLBS,21,34,10,555.00,"5,550.00"
2019-10-15,2019101501002657,VLBS,45,34,32,550.00,"17,600.00"
2019-10-15,2019101501002310,ADBL,1,6,170,413.00,"70,210.00"
2019-10-15,2019101501002169,ADBL,47,47,1,412.00,412.00
2019-10-15,2019101501002089,ADBL,49,58,"10,000",410.00,"4,100,000.00"
2019-10-15,2019101501001920,ADBL,58,58,"5,000",410.00,"2,050,000.00"
2019-10-15,2019101501001826,ADBL,50,25,381,413.00,"157,353.00"
2019-10-15,2019101501001825,ADBL,50,58,"1,200",413.00,"495,600.00"
2019-10-15,2019101501002225,AHPC,58,48,72,98.00,"7,056.00"
2019-10-15,2019101501001831,AKBSL,35,35,10,408.00,"4,080.00"
2019-10-15,2019101501002084,AKPL,39,39,545,136.00,"74,120.00"
2019-10-15,2019101501002034,AKPL,29,17,13,136.00,"1,768.00"
2019-10-15,2019101501002033,AKPL,29,58,67,136.00,"9,112.00"
2019-10-15,2019101501002267,API,25,39,21,114.00,"2,394.00"
2019-10-15,2019101501002255,API,25,17,21,113.00,"2,373.00"
2019-10-15,2019101501002006,API,25,39,29,114.00,"3,306.00"
2019-10-15,2019101501002004,API,25,17,29,113.00,"3,277.00"
2019-10-15,2019101501001962,BFC,57,8,10,90.00,900.00
2019-10-15,2019101501001961,BFC,21,8,40,91.00,"3,640.00"
2019-10-15,2019101501002153,BOKL,51,36,100,231.00,"23,100.00"
2019-10-15,2019101501002112,BOKL,44,36,200,231.00,"46,200.00"
2019-10-15,2019101501002111,BOKL,44,36,141,231.00,"32,571.00"
2019-10-15,2019101501002110,BOKL,28,36,50,231.00,"11,550.00"
2019-10-15,2019101501002109,BOKL,39,36,300,231.00,"69,300.00"
2019-10-15,2019101501002090,BOKL,48,25,15,232.00,"3,480.00"
2019-10-15,2019101501002061,BOKL,44,37,59,231.00,"13,629.00"
2019-10-15,2019101501002007,BOKL,35,37,85,231.00,"19,635.00"
2019-10-15,2019101501001993,BOKL,35,19,15,231.00,"3,465.00"
2019-10-15,2019101501001958,BOKL,17,25,200,232.00,"46,400.00"
2019-10-15,2019101501001891,BOKL,40,51,200,231.00,"46,200.00"
2019-10-15,2019101501001890,BOKL,52,51,100,231.00,"23,100.00"
2019-10-15,2019101501002035,BPCL,41,47,100,366.00,"36,600.00"
2019-10-15,2019101501002256,CBBL,42,58,10,964.00,"9,640.00"
2019-10-15,2019101501002018,CBBL,7,58,20,964.00,"19,280.00"
2019-10-15,2019101501002001,CBBL,41,45,85,963.00,"81,855.00"
2019-10-15,2019101501001951,CBBL,28,45,85,963.00,"81,855.00"
2019-10-15,2019101501001901,CBBL,45,45,20,963.00,"19,260.00"
2019-10-15,2019101501001872,CBBL,39,45,10,963.00,"9,630.00"
2019-10-15,2019101501002230,CBL,53,48,500,143.00,"71,500.00"
2019-10-15,2019101501002223,CBL,1,48,500,143.00,"71,500.00"
2019-10-15,2019101501001929,CBL,38,38,45,143.00,"6,435.00"
2019-10-15,2019101501001887,CBL,28,38,11,142.00,"1,562.00"
2019-10-15,2019101501001886,CBL,38,38,"1,500",143.00,"214,500.00"
2019-10-15,2019101501001885,CBL,48,38,70,143.00,"10,010.00"
2019-10-15,2019101501001884,CBL,38,38,419,143.00,"59,917.00"
2019-10-15,2019101501002195,CCBL,49,45,"1,200",155.00,"186,000.00"
2019-10-15,2019101501002194,CCBL,49,39,500,155.00,"77,500.00"
2019-10-15,2019101501002150,CCBL,17,21,35,154.00,"5,390.00"
2019-10-15,2019101501002133,CCBL,46,21,65,154.00,"10,010.00"
2019-10-15,2019101501002077,CCBL,55,58,504,154.00,"77,616.00"
2019-10-15,2019101501002076,CCBL,55,50,150,154.00,"23,100.00"
2019-10-15,2019101501002038,CCBL,42,50,150,154.00,"23,100.00"
2019-10-15,2019101501002037,CCBL,42,50,850,154.00,"130,900.00"
2019-10-15,2019101501002019,CHCL,45,41,67,419.00,"28,073.00"
2019-10-15,2019101501001933,CHL,39,57,13,80.00,"1,040.00"
2019-10-15,2019101501002157,CIT,38,52,10,"1,810.00","18,100.00"
2019-10-15,2019101501001874,CIT,38,39,14,"1,810.00","25,340.00"
2019-10-15,2019101501001983,CLBSL,7,10,20,475.00,"9,500.00"
2019-10-15,2019101501002273,CZBIL,32,21,92,193.00,"17,756.00"
2019-10-15,2019101501002272,CZBIL,14,21,32,193.00,"6,176.00"
2019-10-15,2019101501002250,CZBIL,42,58,167,192.00,"32,064.00"
2019-10-15,2019101501002249,CZBIL,28,58,"1,000",192.00,"192,000.00"
2019-10-15,2019101501002248,CZBIL,35,58,"1,200",192.00,"230,400.00"
2019-10-15,2019101501002247,CZBIL,11,58,100,192.00,"19,200.00"
2019-10-15,2019101501002240,CZBIL,28,58,200,193.00,"38,600.00"
2019-10-15,2019101501002183,CZBIL,28,51,300,193.00,"57,900.00"
2019-10-15,2019101501002182,CZBIL,28,51,200,193.00,"38,600.00"
2019-10-15,2019101501002246,CZBIL,7,58,500,192.00,"96,000.00"
2019-10-15,2019101501002245,CZBIL,58,58,50,192.00,"9,600.00"
2019-10-15,2019101501002244,CZBIL,6,58,500,193.00,"96,500.00"
2019-10-15,2019101501002243,CZBIL,1,58,100,193.00,"19,300.00"
2019-10-15,2019101501002242,CZBIL,43,58,365,193.00,"70,445.00"
2019-10-15,2019101501002241,CZBIL,32,58,500,193.00,"96,500.00"
2019-10-15,2019101501002264,DBBL,6,35,50,128.00,"6,400.00"
2019-10-15,2019101501001829,DDBL,47,21,125,729.00,"91,125.00"
2019-10-15,2019101501001822,DDBL,47,21,100,729.00,"72,900.00"
2019-10-15,2019101501001815,DDBL,47,21,75,729.00,"54,675.00"
2019-10-15,2019101501001812,DDBL,47,21,25,729.00,"18,225.00"
2019-10-15,2019101501002196,EBL,33,44,35,556.00,"19,460.00"
2019-10-15,2019101501002187,EBL,22,42,20,557.00,"11,140.00"
2019-10-15,2019101501002159,EBL,34,42,20,557.00,"11,140.00"
2019-10-15,2019101501001846,EBL,38,4,166,558.00,"92,628.00"
2019-10-15,2019101501001845,EBL,38,25,100,557.00,"55,700.00"
2019-10-15,2019101501001844,EBL,38,25,54,556.00,"30,024.00"
2019-10-15,2019101501002127,EBL,29,42,30,557.00,"16,710.00"
2019-10-15,2019101501002126,EBL,57,42,300,557.00,"167,100.00"
2019-10-15,2019101501002125,EBL,50,42,26,558.00,"14,508.00"
2019-10-15,2019101501002121,EBL,50,37,440,558.00,"245,520.00"
2019-10-15,2019101501002120,EBL,50,4,34,558.00,"18,972.00"
2019-10-15,2019101501002288,EIC,58,49,47,231.00,"10,857.00"
2019-10-15,2019101501002205,EIC,5,49,100,231.00,"23,100.00"
2019-10-15,2019101501002022,FOWAD,47,47,17,"1,272.00","21,624.00"
2019-10-15,2019101501002086,GBLBS,32,49,166,315.00,"52,290.00"
2019-10-15,2019101501002085,GBLBS,52,33,500,314.00,"157,000.00"
2019-10-15,2019101501002146,GFCL,55,11,200,135.00,"27,000.00"
2019-10-15,2019101501001871,GLBSL,32,50,70,430.00,"30,100.00"
2019-10-15,2019101501002051,GLICL,48,48,630,346.00,"217,980.00"
2019-10-15,2019101501002050,GLICL,59,48,100,346.00,"34,600.00"
2019-10-15,2019101501002049,GLICL,26,48,200,348.00,"69,600.00"
2019-10-15,2019101501002048,GLICL,26,48,20,348.00,"6,960.00"
2019-10-15,2019101501002047,GLICL,52,48,100,350.00,"35,000.00"
2019-10-15,2019101501002046,GLICL,42,48,150,350.00,"52,500.00"
2019-10-15,2019101501002045,GLICL,50,48,100,350.00,"35,000.00"
2019-10-15,2019101501002044,GLICL,17,48,100,350.00,"35,000.00"
2019-10-15,2019101501002043,GLICL,25,48,500,351.00,"175,500.00"
2019-10-15,2019101501002042,GLICL,35,48,100,352.00,"35,200.00"
2019-10-15,2019101501001847,GMFBS,35,35,10,455.00,"4,550.00"
2019-10-15,2019101501001966,GRDBL,43,48,10,107.00,"1,070.00"
2019-10-15,2019101501001814,GRDBL,43,48,10,106.00,"1,060.00"
2019-10-15,2019101501001900,HIDCL,46,29,97,139.00,"13,483.00"
2019-10-15,2019101501002166,HPPL,4,42,10,141.00,"1,410.00"
2019-10-15,2019101501001888,HURJA,57,48,20,105.00,"2,100.00"
2019-10-15,2019101501001859,HURJA,57,48,20,105.00,"2,100.00"
2019-10-15,2019101501002026,IGI,45,38,14,285.00,"3,990.00"
2019-10-15,2019101501002025,IGI,52,38,54,285.00,"15,390.00"
2019-10-15,2019101501001852,ILBS,35,35,10,421.00,"4,210.00"
2019-10-15,2019101501001905,JBBL,37,51,100,160.00,"16,000.00"
2019-10-15,2019101501001811,JFL,17,56,100,196.00,"19,600.00"
2019-10-15,2019101501002275,KBL,50,42,10,182.00,"1,820.00"
2019-10-15,2019101501001904,KBL,50,3,10,181.00,"1,810.00"
2019-10-15,2019101501001899,KBL,17,49,340,180.00,"61,200.00"
2019-10-15,2019101501001865,KBL,32,49,500,180.00,"90,000.00"
2019-10-15,2019101501001813,KBL,50,49,10,180.00,"1,800.00"
2019-10-15,2019101501002263,KRBL,38,44,300,105.00,"31,500.00"
2019-10-15,2019101501001994,KRBL,58,48,100,104.00,"10,400.00"
2019-10-15,2019101501002202,LBL,49,17,272,213.00,"57,936.00"
2019-10-15,2019101501002201,LBL,49,50,25,213.00,"5,325.00"
2019-10-15,2019101501002122,LBL,58,50,100,213.00,"21,300.00"
2019-10-15,2019101501002072,LBL,28,50,75,213.00,"15,975.00"
2019-10-15,2019101501002064,LBL,32,52,100,212.00,"21,200.00"
2019-10-15,2019101501001939,LBL,32,17,500,212.00,"106,000.00"
2019-10-15,2019101501001938,LBL,6,17,50,212.00,"10,600.00"
2019-10-15,2019101501001937,LBL,37,17,300,212.00,"63,600.00"
2019-10-15,2019101501001936,LBL,17,17,150,212.00,"31,800.00"
2019-10-15,2019101501002099,LGIL,55,57,50,314.00,"15,700.00"
2019-10-15,2019101501001968,LGIL,21,21,56,313.00,"17,528.00"
2019-10-15,2019101501002134,LICN,6,26,40,995.00,"39,800.00"
2019-10-15,2019101501002020,LICN,25,26,11,995.00,"10,945.00"
2019-10-15,2019101501002209,LLBS,35,14,11,683.00,"7,513.00"
2019-10-15,2019101501002158,LVF1,57,47,600,8.41,"5,046.00"
2019-10-15,2019101501002266,MBL,33,43,"1,000",223.00,"223,000.00"
2019-10-15,2019101501002265,MBL,33,51,203,223.00,"45,269.00"
2019-10-15,2019101501002071,MBL,28,51,"1,797",223.00,"400,731.00"
2019-10-15,2019101501002070,MBL,28,16,203,223.00,"45,269.00"
2019-10-15,2019101501001965,MBL,14,16,440,223.00,"98,120.00"
2019-10-15,2019101501002274,MEGA,14,14,300,197.00,"59,100.00"
2019-10-15,2019101501002057,MEGA,42,48,500,198.00,"99,000.00"
2019-10-15,2019101501002056,MEGA,42,50,500,198.00,"99,000.00"
2019-10-15,2019101501001830,MEGA,14,44,210,197.00,"41,370.00"
2019-10-15,2019101501002203,MERO,45,38,100,551.00,"55,100.00"
2019-10-15,2019101501002128,MHNL,22,59,55,80.00,"4,400.00"
2019-10-15,2019101501002021,MHNL,38,57,31,79.00,"2,449.00"
2019-10-15,2019101501001946,MLBBL,55,22,100,442.00,"44,200.00"
2019-10-15,2019101501002304,MLBL,42,52,500,217.00,"108,500.00"
2019-10-15,2019101501002095,MLBL,4,55,335,216.00,"72,360.00"
2019-10-15,2019101501002094,MLBL,25,55,200,216.00,"43,200.00"
2019-10-15,2019101501001906,MLBL,17,52,500,216.00,"108,000.00"
2019-10-15,2019101501001850,MLBL,4,17,"1,000",216.00,"216,000.00"
2019-10-15,2019101501002307,MNBBL,36,28,690,305.00,"210,450.00"
2019-10-15,2019101501002239,MNBBL,35,39,200,304.00,"60,800.00"
2019-10-15,2019101501002238,MNBBL,35,53,100,304.00,"30,400.00"
2019-10-15,2019101501002193,MNBBL,21,53,100,304.00,"30,400.00"
2019-10-15,2019101501002160,MNBBL,26,53,20,304.00,"6,080.00"
2019-10-15,2019101501002105,MNBBL,52,53,50,304.00,"15,200.00"
2019-10-15,2019101501002052,MNBBL,26,53,30,304.00,"9,120.00"
2019-10-15,2019101501001997,MNBBL,41,16,86,304.00,"26,144.00"
2019-10-15,2019101501001979,MNBBL,32,16,30,304.00,"9,120.00"
2019-10-15,2019101501001973,MNBBL,51,16,200,304.00,"60,800.00"
2019-10-15,2019101501001913,MNBBL,35,14,500,304.00,"152,000.00"
2019-10-15,2019101501001912,MNBBL,17,42,50,304.00,"15,200.00"
2019-10-15,2019101501001998,MSMBS,40,32,10,487.00,"4,870.00"
2019-10-15,2019101501002147,NABIL,14,58,20,764.00,"15,280.00"
2019-10-15,2019101501002096,NABIL,40,58,50,764.00,"38,200.00"
2019-10-15,2019101501001960,NABIL,51,4,76,763.00,"57,988.00"
2019-10-15,2019101501001959,NABIL,57,4,24,763.00,"18,312.00"
2019-10-15,2019101501001889,NABIL,57,4,50,763.00,"38,150.00"
2019-10-15,2019101501001823,NABIL,53,58,50,764.00,"38,200.00"
2019-10-15,2019101501001819,NABIL,57,49,226,763.00,"172,438.00"
2019-10-15,2019101501001956,NBB,45,25,214,211.00,"45,154.00"
2019-10-15,2019101501002141,NBL,4,58,84,315.00,"26,460.00"
2019-10-15,2019101501002140,NBL,5,58,430,315.00,"135,450.00"
2019-10-15,2019101501002139,NBL,56,58,350,315.00,"110,250.00"
2019-10-15,2019101501001948,NBL,36,22,100,316.00,"31,600.00"
2019-10-15,2019101501001947,NBL,56,22,390,316.00,"123,240.00"
2019-10-15,2019101501001867,NBL,56,48,10,316.00,"3,160.00"
2019-10-15,2019101501001866,NBL,56,48,20,316.00,"6,320.00"
2019-10-15,2019101501002082,NCCB,6,42,131,196.00,"25,676.00"
2019-10-15,2019101501002081,NCCB,19,42,500,197.00,"98,500.00"
2019-10-15,2019101501002080,NCCB,8,42,10,197.00,"1,970.00"
2019-10-15,2019101501002079,NCCB,25,42,124,198.00,"24,552.00"
2019-10-15,2019101501002055,NCCB,25,42,876,198.00,"173,448.00"
2019-10-15,2019101501002054,NCCB,6,42,"1,124",198.00,"222,552.00"
2019-10-15,2019101501001986,NCCB,6,16,345,198.00,"68,310.00"
2019-10-15,2019101501001980,NCCB,6,3,31,198.00,"6,138.00"
2019-10-15,2019101501002088,NGPL,35,17,11,99.00,"1,089.00"
2019-10-15,2019101501002087,NGPL,35,17,11,99.00,"1,089.00"
2019-10-15,2019101501001928,NHDL,47,42,10,96.00,960.00
2019-10-15,2019101501002217,NIB,36,50,47,442.00,"20,774.00"
2019-10-15,2019101501002216,NIB,36,25,78,440.00,"34,320.00"
2019-10-15,2019101501002215,NIB,36,25,200,440.00,"88,000.00"
2019-10-15,2019101501002214,NIB,36,34,75,440.00,"33,000.00"
2019-10-15,2019101501002124,NIB,57,26,17,438.00,"7,446.00"
2019-10-15,2019101501002073,NIB,57,6,40,438.00,"17,520.00"
2019-10-15,2019101501001991,NIB,47,47,3,438.00,"1,314.00"
2019-10-15,2019101501001972,NIB,47,47,2,438.00,876.00
2019-10-15,2019101501001955,NIB,47,47,2,437.00,874.00
2019-10-15,2019101501001954,NIB,57,26,20,438.00,"8,760.00"
2019-10-15,2019101501001893,NIB,26,48,24,436.00,"10,464.00"
2019-10-15,2019101501002156,NIBSF1,21,47,"1,000",8.35,"8,350.00"
2019-10-15,2019101501002303,NICA,34,55,100,382.00,"38,200.00"
2019-10-15,2019101501002053,NICA,46,58,13,383.00,"4,979.00"
2019-10-15,2019101501001992,NICA,50,16,398,380.00,"151,240.00"
2019-10-15,2019101501001914,NICA,50,51,100,380.00,"38,000.00"
2019-10-15,2019101501001840,NICA,50,55,500,381.00,"190,500.00"
2019-10-15,2019101501001839,NICA,50,6,51,381.00,"19,431.00"
2019-10-15,2019101501001990,NIL,4,41,100,362.00,"36,200.00"
2019-10-15,2019101501001989,NIL,4,41,50,362.00,"18,100.00"
2019-10-15,2019101501001988,NIL,40,41,100,363.00,"36,300.00"
2019-10-15,2019101501001987,NIL,56,41,50,363.00,"18,150.00"
2019-10-15,2019101501002200,NLIC,55,26,32,762.00,"24,384.00"
2019-10-15,2019101501002199,NLIC,29,26,118,762.00,"89,916.00"
2019-10-15,2019101501002100,NLIC,7,42,25,765.00,"19,125.00"
2019-10-15,2019101501002075,NLIC,38,56,100,764.00,"76,400.00"
2019-10-15,2019101501002060,NLIC,36,56,30,764.00,"22,920.00"
2019-10-15,2019101501002036,NLIC,45,52,100,763.00,"76,300.00"
2019-10-15,2019101501001879,NLIC,57,56,170,763.00,"129,710.00"
2019-10-15,2019101501001870,NLIC,57,17,22,763.00,"16,786.00"
2019-10-15,2019101501001835,NLIC,17,56,500,763.00,"381,500.00"
2019-10-15,2019101501001834,NLIC,49,56,30,763.00,"22,890.00"
2019-10-15,2019101501001995,NLIC,57,56,60,764.00,"45,840.00"
2019-10-15,2019101501001981,NLIC,45,56,10,764.00,"7,640.00"
2019-10-15,2019101501001971,NLIC,45,56,90,764.00,"68,760.00"
2019-10-15,2019101501001970,NLIC,45,25,50,764.00,"38,200.00"
2019-10-15,2019101501001969,NLIC,45,57,50,763.00,"38,150.00"
2019-10-15,2019101501001898,NLIC,57,56,10,764.00,"7,640.00"
2019-10-15,2019101501001925,NMBMF,28,14,73,"1,069.00","78,037.00"
2019-10-15,2019101501001924,NMBMF,47,14,50,"1,070.00","53,500.00"
2019-10-15,2019101501001923,NMBMF,52,14,15,"1,075.00","16,125.00"
2019-10-15,2019101501001919,NMBMF,42,14,10,"1,080.00","10,800.00"
2019-10-15,2019101501001918,NMBMF,42,14,15,"1,083.00","16,245.00"
2019-10-15,2019101501001917,NMBMF,54,14,35,"1,085.00","37,975.00"
2019-10-15,2019101501001916,NMBMF,39,14,15,"1,090.00","16,350.00"
2019-10-15,2019101501001915,NMBMF,39,14,35,"1,091.00","38,185.00"
2019-10-15,2019101501001882,NMFBS,49,39,110,"1,709.00","187,990.00"
2019-10-15,2019101501001873,NMFBS,49,39,100,"1,709.00","170,900.00"
2019-10-15,2019101501001863,NMFBS,49,39,85,"1,709.00","145,265.00"
2019-10-15,2019101501001862,NMFBS,49,32,15,"1,705.00","25,575.00"
2019-10-15,2019101501001824,NMFBS,33,33,200,"1,685.00","337,000.00"
2019-10-15,2019101501002302,NUBL,17,45,48,855.00,"41,040.00"
2019-10-15,2019101501002181,NUBL,47,47,1,855.00,855.00
2019-10-15,2019101501001849,OHL,6,6,50,462.00,"23,100.00"
2019-10-15,2019101501001930,OHL,18,19,20,471.00,"9,420.00"
2019-10-15,2019101501001869,OHL,34,6,50,462.00,"23,100.00"
2019-10-15,2019101501002177,PCBL,50,46,150,265.00,"39,750.00"
2019-10-15,2019101501002176,PCBL,50,58,"1,000",265.00,"265,000.00"
2019-10-15,2019101501002145,PCBL,16,47,277,264.00,"73,128.00"
2019-10-15,2019101501002144,PCBL,44,47,203,264.00,"53,592.00"
2019-10-15,2019101501002008,PCBL,44,19,57,264.00,"15,048.00"
2019-10-15,2019101501002000,PCBL,44,16,179,264.00,"47,256.00"
2019-10-15,2019101501001950,PCBL,44,17,61,264.00,"16,104.00"
2019-10-15,2019101501001949,PCBL,53,17,10,264.00,"2,640.00"
2019-10-15,2019101501001942,PCBL,53,21,10,264.00,"2,640.00"
2019-10-15,2019101501001838,PCBL,44,57,80,265.00,"21,200.00"
2019-10-15,2019101501001837,PCBL,44,58,700,265.00,"185,500.00"
2019-10-15,2019101501001820,PCBL,53,21,28,264.00,"7,392.00"
2019-10-15,2019101501001841,PFL,17,42,22,133.00,"2,926.00"
2019-10-15,2019101501002237,PLIC,6,36,407,318.00,"129,426.00"
2019-10-15,2019101501002231,PLIC,6,36,600,318.00,"190,800.00"
2019-10-15,2019101501002197,PLIC,22,36,200,320.00,"64,000.00"
2019-10-15,2019101501002171,PLIC,6,59,435,318.00,"138,330.00"
2019-10-15,2019101501002167,PLIC,35,59,65,318.00,"20,670.00"
2019-10-15,2019101501001952,PLIC,22,59,500,318.00,"159,000.00"
2019-10-15,2019101501001907,PLIC,35,29,55,318.00,"17,490.00"
2019-10-15,2019101501001903,PLIC,56,29,50,318.00,"15,900.00"
2019-10-15,2019101501001902,PLIC,52,29,30,318.00,"9,540.00"
2019-10-15,2019101501002123,PMHPL,39,39,10,90.00,900.00
2019-10-15,2019101501002229,PRIN,32,22,10,313.00,"3,130.00"
2019-10-15,2019101501002228,PRIN,32,22,130,308.00,"40,040.00"
2019-10-15,2019101501002192,PRIN,22,22,200,308.00,"61,600.00"
2019-10-15,2019101501002108,PRIN,11,48,150,307.00,"46,050.00"
2019-10-15,2019101501002189,PRVU,21,29,110,268.00,"29,480.00"
2019-10-15,2019101501002149,PRVU,49,29,590,268.00,"158,120.00"
2019-10-15,2019101501002119,PRVU,49,45,"1,910",268.00,"511,880.00"
2019-10-15,2019101501002118,PRVU,40,45,40,268.00,"10,720.00"
2019-10-15,2019101501002117,PRVU,49,45,125,268.00,"33,500.00"
2019-10-15,2019101501002116,PRVU,52,45,65,268.00,"17,420.00"
2019-10-15,2019101501001821,PRVU,32,45,"1,045",269.00,"281,105.00"
2019-10-15,2019101501001858,PRVU,45,45,"1,000",268.00,"268,000.00"
2019-10-15,2019101501001857,PRVU,25,45,40,268.00,"10,720.00"
2019-10-15,2019101501001856,PRVU,44,45,50,268.00,"13,400.00"
2019-10-15,2019101501001855,PRVU,13,45,100,268.00,"26,800.00"
2019-10-15,2019101501001854,PRVU,13,45,100,268.00,"26,800.00"
2019-10-15,2019101501001853,PRVU,57,45,"1,000",268.00,"268,000.00"
2019-10-15,2019101501002115,PRVU,48,45,70,268.00,"18,760.00"
2019-10-15,2019101501002114,PRVU,58,45,200,268.00,"53,600.00"
2019-10-15,2019101501002113,PRVU,22,45,200,268.00,"53,600.00"
2019-10-15,2019101501001860,PRVU,13,45,100,268.00,"26,800.00"
2019-10-15,2019101501001953,RBCLPO,35,42,10,"7,250.00","72,500.00"
2019-10-15,2019101501002306,RHPL,59,34,10,160.00,"1,600.00"
2019-10-15,2019101501002271,RHPL,59,7,410,160.00,"65,600.00"
2019-10-15,2019101501002270,RHPL,59,7,90,160.00,"14,400.00"
2019-10-15,2019101501002135,RHPL,59,39,40,160.00,"6,400.00"
2019-10-15,2019101501002102,RHPL,59,58,40,160.00,"6,400.00"
2019-10-15,2019101501002098,RHPL,39,38,10,161.00,"1,610.00"
2019-10-15,2019101501002097,RHPL,39,11,30,161.00,"4,830.00"
2019-10-15,2019101501002083,RHPL,59,58,200,160.00,"32,000.00"
2019-10-15,2019101501002027,RHPL,59,19,40,160.00,"6,400.00"
2019-10-15,2019101501001941,RHPL,59,59,500,160.00,"80,000.00"
2019-10-15,2019101501001883,RHPL,59,48,40,160.00,"6,400.00"
2019-10-15,2019101501001848,RHPL,59,48,50,160.00,"8,000.00"
2019-10-15,2019101501001934,RMDC,41,57,10,625.00,"6,250.00"
2019-10-15,2019101501001910,RMDC,29,1,25,613.00,"15,325.00"
2019-10-15,2019101501002143,RRHP,39,39,10,103.00,"1,030.00"
2019-10-15,2019101501001851,RRHP,47,48,10,102.00,"1,020.00"
2019-10-15,2019101501002065,RRHP,47,57,10,102.00,"1,020.00"
2019-10-15,2019101501001878,RRHP,47,35,10,102.00,"1,020.00"
2019-10-15,2019101501001818,RSDC,53,36,41,321.00,"13,161.00"
2019-10-15,2019101501001817,RSDC,42,36,39,321.00,"12,519.00"
2019-10-15,2019101501001816,RSDC,41,36,20,322.00,"6,440.00"
2019-10-15,2019101501002172,SANIMA,48,51,70,309.00,"21,630.00"
2019-10-15,2019101501002152,SANIMA,58,51,10,309.00,"3,090.00"
2019-10-15,2019101501002066,SANIMA,57,46,233,308.00,"71,764.00"
2019-10-15,2019101501001861,SANIMA,57,28,330,308.00,"101,640.00"
2019-10-15,2019101501002305,SBI,1,48,44,402.00,"17,688.00"
2019-10-15,2019101501002281,SBI,1,52,100,400.00,"40,000.00"
2019-10-15,2019101501002280,SBI,37,52,200,400.00,"80,000.00"
2019-10-15,2019101501002279,SBI,7,52,10,400.00,"4,000.00"
2019-10-15,2019101501002011,SBI,40,48,106,402.00,"42,612.00"
2019-10-15,2019101501002294,SBL,32,56,100,337.00,"33,700.00"
2019-10-15,2019101501002293,SBL,40,56,200,337.00,"67,400.00"
2019-10-15,2019101501002287,SBL,40,56,500,337.00,"168,500.00"
2019-10-15,2019101501002286,SBL,41,56,141,337.00,"47,517.00"
2019-10-15,2019101501002285,SBL,41,38,300,337.00,"101,100.00"
2019-10-15,2019101501002284,SBL,41,52,45,337.00,"15,165.00"
2019-10-15,2019101501001842,SBL,52,7,"1,391",337.00,"468,767.00"
2019-10-15,2019101501001836,SBL,21,7,20,337.00,"6,740.00"
2019-10-15,2019101501001833,SBL,13,7,10,337.00,"3,370.00"
2019-10-15,2019101501001832,SBL,13,56,90,337.00,"30,330.00"
2019-10-15,2019101501001828,SBL,21,56,20,337.00,"6,740.00"
2019-10-15,2019101501001827,SBL,28,56,50,337.00,"16,850.00"
2019-10-15,2019101501001897,SBL,4,36,200,337.00,"67,400.00"
2019-10-15,2019101501001894,SBL,55,36,568,337.00,"191,416.00"
2019-10-15,2019101501001892,SBL,1,36,31,337.00,"10,447.00"
2019-10-15,2019101501001868,SBL,38,36,50,337.00,"16,850.00"
2019-10-15,2019101501001864,SBL,45,36,300,337.00,"101,100.00"
2019-10-15,2019101501001843,SBL,52,36,519,337.00,"174,903.00"
2019-10-15,2019101501001932,SBL,25,16,152,337.00,"51,224.00"
2019-10-15,2019101501001927,SBL,25,16,122,337.00,"41,114.00"
2019-10-15,2019101501001922,SBL,51,16,500,337.00,"168,500.00"
2019-10-15,2019101501001911,SBL,42,16,100,337.00,"33,700.00"
2019-10-15,2019101501001909,SBL,13,16,664,337.00,"223,768.00"
2019-10-15,2019101501001908,SBL,13,36,36,337.00,"12,132.00"
2019-10-15,2019101501002010,SBL,49,21,600,337.00,"202,200.00"
2019-10-15,2019101501001982,SBL,55,6,300,336.00,"100,800.00"
2019-10-15,2019101501001967,SBL,35,21,66,337.00,"22,242.00"
2019-10-15,2019101501001964,SBL,25,21,238,337.00,"80,206.00"
2019-10-15,2019101501001963,SBL,25,16,62,337.00,"20,894.00"
2019-10-15,2019101501001943,SBL,14,16,400,337.00,"134,800.00"
2019-10-15,2019101501002040,SBL,3,56,100,337.00,"33,700.00"
2019-10-15,2019101501002039,SBL,42,56,105,337.00,"35,385.00"
2019-10-15,2019101501002024,SBL,42,57,99,337.00,"33,363.00"
2019-10-15,2019101501002023,SBL,42,51,296,337.00,"99,752.00"
2019-10-15,2019101501002013,SBL,33,51,204,337.00,"68,748.00"
2019-10-15,2019101501002012,SBL,33,21,96,337.00,"32,352.00"
2019-10-15,2019101501002093,SBL,35,56,500,337.00,"168,500.00"
2019-10-15,2019101501002092,SBL,28,56,234,337.00,"78,858.00"
2019-10-15,2019101501002091,SBL,16,56,325,337.00,"109,525.00"
2019-10-15,2019101501002078,SBL,16,56,675,337.00,"227,475.00"
2019-10-15,2019101501002074,SBL,38,56,100,337.00,"33,700.00"
2019-10-15,2019101501002041,SBL,14,56,20,337.00,"6,740.00"
2019-10-15,2019101501002132,SBL,10,56,200,337.00,"67,400.00"
2019-10-15,2019101501002131,SBL,57,56,250,337.00,"84,250.00"
2019-10-15,2019101501002130,SBL,38,56,100,337.00,"33,700.00"
2019-10-15,2019101501002129,SBL,58,56,59,337.00,"19,883.00"
2019-10-15,2019101501002103,SBL,58,56,41,337.00,"13,817.00"
2019-10-15,2019101501002101,SBL,36,56,900,337.00,"303,300.00"
2019-10-15,2019101501002190,SBL,51,56,200,337.00,"67,400.00"
2019-10-15,2019101501002180,SBL,26,56,300,337.00,"101,100.00"
2019-10-15,2019101501002175,SBL,26,56,300,337.00,"101,100.00"
2019-10-15,2019101501002168,SBL,25,56,100,337.00,"33,700.00"
2019-10-15,2019101501002161,SBL,32,56,100,337.00,"33,700.00"
2019-10-15,2019101501002142,SBL,43,56,50,337.00,"16,850.00"
2019-10-15,2019101501002210,SBL,32,33,539,337.00,"181,643.00"
2019-10-15,2019101501002208,SBL,3,33,100,337.00,"33,700.00"
2019-10-15,2019101501002207,SBL,32,33,"1,361",337.00,"458,657.00"
2019-10-15,2019101501002206,SBL,32,56,39,337.00,"13,143.00"
2019-10-15,2019101501002198,SBL,53,56,50,337.00,"16,850.00"
2019-10-15,2019101501002191,SBL,25,56,252,337.00,"84,924.00"
2019-10-15,2019101501002221,SBL,34,3,39,337.00,"13,143.00"
2019-10-15,2019101501002220,SBL,58,3,161,337.00,"54,257.00"
2019-10-15,2019101501002219,SBL,58,45,300,337.00,"101,100.00"
2019-10-15,2019101501002218,SBL,58,14,639,337.00,"215,343.00"
2019-10-15,2019101501002212,SBL,32,14,361,337.00,"121,657.00"
2019-10-15,2019101501002211,SBL,32,43,200,337.00,"67,400.00"
2019-10-15,2019101501002257,SBL,29,56,300,337.00,"101,100.00"
2019-10-15,2019101501002254,SBL,25,56,500,337.00,"168,500.00"
2019-10-15,2019101501002236,SBL,42,56,"1,500",337.00,"505,500.00"
2019-10-15,2019101501002235,SBL,42,10,400,337.00,"134,800.00"
2019-10-15,2019101501002234,SBL,42,34,"1,000",337.00,"337,000.00"
2019-10-15,2019101501002233,SBL,42,29,100,337.00,"33,700.00"
2019-10-15,2019101501002283,SBL,41,56,514,337.00,"173,218.00"
2019-10-15,2019101501002278,SBL,7,56,150,337.00,"50,550.00"
2019-10-15,2019101501002269,SBL,46,56,31,337.00,"10,447.00"
2019-10-15,2019101501002260,SBL,25,56,105,337.00,"35,385.00"
2019-10-15,2019101501002259,SBL,42,56,700,337.00,"235,900.00"
2019-10-15,2019101501002258,SBL,54,56,200,337.00,"67,400.00"
2019-10-15,2019101501002226,SCB,5,44,100,576.00,"57,600.00"
2019-10-15,2019101501002213,SCB,21,44,50,576.00,"28,800.00"
2019-10-15,2019101501002184,SCB,5,44,927,575.00,"533,025.00"
2019-10-15,2019101501002174,SCB,57,44,300,576.00,"172,800.00"
2019-10-15,2019101501002009,SCB,5,21,10,575.00,"5,750.00"
2019-10-15,2019101501002002,SCB,5,25,63,575.00,"36,225.00"
2019-10-15,2019101501001944,SCB,42,7,180,572.00,"102,960.00"
2019-10-15,2019101501001876,SCB,5,14,80,575.00,"46,000.00"
2019-10-15,2019101501001875,SCB,5,21,15,574.00,"8,610.00"
2019-10-15,2019101501002282,SHINE,21,52,30,252.00,"7,560.00"
2019-10-15,2019101501002268,SHINE,17,52,56,252.00,"14,112.00"
2019-10-15,2019101501002188,SHINE,43,22,433,253.00,"109,549.00"
2019-10-15,2019101501001896,SHINE,41,22,80,253.00,"20,240.00"
2019-10-15,2019101501001926,SHINE,17,21,35,252.00,"8,820.00"
2019-10-15,2019101501002277,SHIVM,46,25,10,506.00,"5,060.00"
2019-10-15,2019101501002276,SHIVM,38,25,350,506.00,"177,100.00"
2019-10-15,2019101501002262,SHIVM,38,45,50,506.00,"25,300.00"
2019-10-15,2019101501002227,SHIVM,38,6,100,507.00,"50,700.00"
2019-10-15,2019101501002179,SHIVM,38,6,200,506.00,"101,200.00"
2019-10-15,2019101501002107,SHIVM,34,45,50,505.00,"25,250.00"
2019-10-15,2019101501001931,SHIVM,45,44,100,507.00,"50,700.00"
2019-10-15,2019101501001921,SHIVM,4,6,100,506.00,"50,600.00"
2019-10-15,2019101501002106,SHIVM,1,45,50,505.00,"25,250.00"
2019-10-15,2019101501002059,SHIVM,1,43,150,505.00,"75,750.00"
2019-10-15,2019101501002058,SHIVM,11,43,50,505.00,"25,250.00"
2019-10-15,2019101501001976,SHIVM,11,25,150,505.00,"75,750.00"
2019-10-15,2019101501001975,SHIVM,26,25,100,505.00,"50,500.00"
2019-10-15,2019101501001974,SHIVM,32,25,100,506.00,"50,600.00"
2019-10-15,2019101501002170,SHL,22,58,200,208.00,"41,600.00"
2019-10-15,2019101501001940,SHL,22,58,100,208.00,"20,800.00"
2019-10-15,2019101501002232,SHPC,39,17,39,190.00,"7,410.00"
2019-10-15,2019101501002068,SHPC,21,1,20,192.00,"3,840.00"
2019-10-15,2019101501001978,SHPC,39,17,39,190.00,"7,410.00"
2019-10-15,2019101501001985,SICL,25,41,200,711.00,"142,200.00"
2019-10-15,2019101501001977,SICL,57,41,100,712.00,"71,200.00"
2019-10-15,2019101501002186,SIL,25,19,10,383.00,"3,830.00"
2019-10-15,2019101501002309,SJCL,47,34,10,169.00,"1,690.00"
2019-10-15,2019101501002289,SJCL,37,43,180,170.00,"30,600.00"
2019-10-15,2019101501002178,SJCL,35,43,20,170.00,"3,400.00"
2019-10-15,2019101501002148,SJCL,35,39,20,169.00,"3,380.00"
2019-10-15,2019101501002104,SJCL,39,58,20,170.00,"3,400.00"
2019-10-15,2019101501002032,SJCL,35,19,20,169.00,"3,380.00"
2019-10-15,2019101501001877,SJCL,35,48,10,169.00,"1,690.00"
2019-10-15,2019101501002185,SKBBL,45,42,20,915.00,"18,300.00"
2019-10-15,2019101501002138,SKBBL,22,42,150,915.00,"137,250.00"
2019-10-15,2019101501002137,SKBBL,22,42,290,915.00,"265,350.00"
2019-10-15,2019101501002136,SKBBL,11,42,20,915.00,"18,300.00"
2019-10-15,2019101501001935,SKBBL,22,39,300,919.00,"275,700.00"
2019-10-15,2019101501002165,SLICL,46,39,500,270.00,"135,000.00"
2019-10-15,2019101501002164,SLICL,46,42,200,270.00,"54,000.00"
2019-10-15,2019101501002163,SLICL,46,51,127,269.00,"34,163.00"
2019-10-15,2019101501002162,SLICL,46,17,50,268.00,"13,400.00"
2019-10-15,2019101501001881,SLICL,32,17,39,265.00,"10,335.00"
2019-10-15,2019101501001880,SLICL,32,26,20,265.00,"5,300.00"
2019-10-15,2019101501002224,SMATA,35,45,10,542.00,"5,420.00"
2019-10-15,2019101501002014,SMATA,58,45,10,540.00,"5,400.00"
2019-10-15,2019101501001945,SMFBS,48,32,10,780.00,"7,800.00"
2019-10-15,2019101501001895,SMFBS,35,35,10,773.00,"7,730.00"
2019-10-15,2019101501002155,SMFDB,50,14,250,500.00,"125,000.00"
2019-10-15,2019101501002154,SMFDB,58,14,50,500.00,"25,000.00"
2019-10-15,2019101501002017,SPARS,58,34,40,533.00,"21,320.00"
2019-10-15,2019101501002016,SPARS,1,34,10,534.00,"5,340.00"
2019-10-15,2019101501002015,SPARS,45,34,50,535.00,"26,750.00"
2019-10-15,2019101501001999,SPDL,25,39,35,75.00,"2,625.00"
2019-10-15,2019101501001996,SPDL,25,17,15,75.00,"1,125.00"
2019-10-15,2019101501001984,SPDL,25,39,50,74.00,"3,700.00"
2019-10-15,2019101501001957,SPDL,25,17,15,73.00,"1,095.00"
2019-10-15,2019101501002173,SRBL,22,17,30,239.00,"7,170.00"
2019-10-15,2019101501002031,SRBL,42,17,119,238.00,"28,322.00"
2019-10-15,2019101501002030,SRBL,42,13,55,238.00,"13,090.00"
2019-10-15,2019101501002029,SRBL,42,59,200,238.00,"47,600.00"
2019-10-15,2019101501002028,SRBL,42,4,60,238.00,"14,280.00"
2019-10-15,2019101501002204,TMDBL,39,57,500,149.00,"74,500.00"
2019-10-15,2019101501002067,UMHL,29,17,14,103.00,"1,442.00"
2019-10-15,2019101501002308,UPCL,25,47,100,78.00,"7,800.00"
2019-10-15,2019101501002253,UPCL,25,38,100,78.00,"7,800.00"
2019-10-15,2019101501002252,UPCL,8,38,800,78.00,"62,400.00"
2019-10-15,2019101501002251,UPCL,57,38,60,78.00,"4,680.00"
2019-10-15,2019101501002301,UPPER,29,14,350,235.00,"82,250.00"
2019-10-15,2019101501002300,UPPER,44,14,50,235.00,"11,750.00"
2019-10-15,2019101501002299,UPPER,50,14,500,235.00,"117,500.00"
2019-10-15,2019101501002298,UPPER,22,14,100,235.00,"23,500.00"
2019-10-15,2019101501002297,UPPER,29,14,300,235.00,"70,500.00"
2019-10-15,2019101501002296,UPPER,38,14,32,235.00,"7,520.00"
2019-10-15,2019101501002005,UPPER,25,3,150,236.00,"35,400.00"
2019-10-15,2019101501002003,UPPER,25,53,235,236.00,"55,460.00"
2019-10-15,2019101501002151,UPPER,39,39,50,236.00,"11,800.00"
2019-10-15,2019101501002069,UPPER,33,59,10,237.00,"2,370.00"
2019-10-15,2019101501002063,UPPER,53,38,200,236.00,"47,200.00"
2019-10-15,2019101501002062,UPPER,25,38,15,236.00,"3,540.00"
2019-10-15,2019101501002295,UPPER,40,14,50,235.00,"11,750.00"
2019-10-15,2019101501002292,UPPER,11,8,40,236.00,"9,440.00"
2019-10-15,2019101501002291,UPPER,11,8,40,236.00,"9,440.00"
2019-10-15,2019101501002290,UPPER,11,33,20,236.00,"4,720.00"
2019-10-15,2019101501002261,UPPER,50,33,80,236.00,"18,880.00"
2019-10-15,2019101501002222,UPPER,38,17,40,235.00,"9,400.00"
2019-10-15,2019101501001745,ADBL,57,29,152,412.00,"62,624.00"
2019-10-15,2019101501001738,ADBL,34,58,980,413.00,"404,740.00"
2019-10-15,2019101501001677,ADBL,57,25,100,412.00,"41,200.00"
2019-10-15,2019101501001665,ADBL,58,58,"2,500",410.00,"1,025,000.00"
2019-10-15,2019101501001653,ADBL,58,58,"2,500",410.00,"1,025,000.00"
2019-10-15,2019101501001649,ADBL,35,58,15,410.00,"6,150.00"
2019-10-15,2019101501001396,ADBL,54,59,48,413.00,"19,824.00"
2019-10-15,2019101501001402,ADBL,14,59,175,411.00,"71,925.00"
2019-10-15,2019101501001401,ADBL,6,59,485,411.00,"199,335.00"
2019-10-15,2019101501001400,ADBL,3,59,20,411.00,"8,220.00"
2019-10-15,2019101501001399,ADBL,38,59,350,412.00,"144,200.00"
2019-10-15,2019101501001398,ADBL,54,59,200,412.00,"82,400.00"
2019-10-15,2019101501001397,ADBL,56,59,22,412.00,"9,064.00"
2019-10-15,2019101501001626,ADBL,41,42,95,411.00,"39,045.00"
2019-10-15,2019101501001625,ADBL,57,42,40,411.00,"16,440.00"
2019-10-15,2019101501001624,ADBL,47,42,30,411.00,"12,330.00"
2019-10-15,2019101501001623,ADBL,14,42,25,411.00,"10,275.00"
2019-10-15,2019101501001615,ADBL,41,58,20,413.00,"8,260.00"
2019-10-15,2019101501001600,ADBL,38,57,54,412.00,"22,248.00"
2019-10-15,2019101501001648,ADBL,16,58,50,410.00,"20,500.00"
2019-10-15,2019101501001647,ADBL,34,58,50,410.00,"20,500.00"
2019-10-15,2019101501001646,ADBL,42,58,45,410.00,"18,450.00"
2019-10-15,2019101501001645,ADBL,41,58,200,410.00,"82,000.00"
2019-10-15,2019101501001644,ADBL,29,58,100,411.00,"41,100.00"
2019-10-15,2019101501001643,ADBL,41,58,905,411.00,"371,955.00"
2019-10-15,2019101501001504,AKBSL,43,34,10,410.00,"4,100.00"
2019-10-15,2019101501001503,AKBSL,43,45,10,410.00,"4,100.00"
2019-10-15,2019101501001420,AKPL,41,48,13,135.00,"1,755.00"
2019-10-15,2019101501001419,AKPL,41,17,47,135.00,"6,345.00"
2019-10-15,2019101501001363,ALICL,59,47,260,310.00,"80,600.00"
2019-10-15,2019101501001362,ALICL,56,47,100,311.00,"31,100.00"
2019-10-15,2019101501001759,BFC,21,14,110,91.00,"10,010.00"
2019-10-15,2019101501001757,BFC,34,33,50,92.00,"4,600.00"
2019-10-15,2019101501001486,BFC,21,25,200,92.00,"18,400.00"
2019-10-15,2019101501001736,BOKL,37,37,"1,000",231.00,"231,000.00"
2019-10-15,2019101501001735,BOKL,42,37,44,231.00,"10,164.00"
2019-10-15,2019101501001734,BOKL,59,37,100,231.00,"23,100.00"
2019-10-15,2019101501001733,BOKL,44,37,712,231.00,"164,472.00"
2019-10-15,2019101501001732,BOKL,56,37,300,231.00,"69,300.00"
2019-10-15,2019101501001632,BOKL,44,58,75,231.00,"17,325.00"
2019-10-15,2019101501001344,BOKL,26,45,194,231.00,"44,814.00"
2019-10-15,2019101501001590,BOKL,44,45,100,231.00,"23,100.00"
2019-10-15,2019101501001500,BOKL,52,25,100,232.00,"23,200.00"
2019-10-15,2019101501001372,BOKL,44,52,113,231.00,"26,103.00"
2019-10-15,2019101501001360,BOKL,19,45,226,231.00,"52,206.00"
2019-10-15,2019101501001346,BOKL,59,45,30,231.00,"6,930.00"
2019-10-15,2019101501001345,BOKL,45,45,50,231.00,"11,550.00"
2019-10-15,2019101501001602,BPCL,33,38,10,368.00,"3,680.00"
2019-10-15,2019101501001381,BPCL,40,32,50,365.00,"18,250.00"
2019-10-15,2019101501001380,BPCL,40,26,389,365.00,"141,985.00"
2019-10-15,2019101501001361,BPCL,4,26,23,365.00,"8,395.00"
2019-10-15,2019101501001705,CBBL,39,58,20,964.00,"19,280.00"
2019-10-15,2019101501001808,CBL,38,35,34,143.00,"4,862.00"
2019-10-15,2019101501001414,CBL,42,45,20,144.00,"2,880.00"
2019-10-15,2019101501001766,CCBL,56,50,150,154.00,"23,100.00"
2019-10-15,2019101501001765,CCBL,56,50,150,154.00,"23,100.00"
2019-10-15,2019101501001547,CCBL,13,58,149,153.00,"22,797.00"
2019-10-15,2019101501001427,CCBL,49,50,446,153.00,"68,238.00"
2019-10-15,2019101501001426,CCBL,32,50,850,153.00,"130,050.00"
2019-10-15,2019101501001358,CCBL,32,13,37,153.00,"5,661.00"
2019-10-15,2019101501001338,CCBL,52,52,3,150.00,450.00
2019-10-15,2019101501001627,CHCL,11,33,443,420.00,"186,060.00"
2019-10-15,2019101501001737,CIT,38,43,10,"1,820.00","18,200.00"
2019-10-15,2019101501001606,CZBIL,50,42,100,194.00,"19,400.00"
2019-10-15,2019101501001605,CZBIL,32,42,500,194.00,"97,000.00"
2019-10-15,2019101501001604,CZBIL,14,42,100,194.00,"19,400.00"
2019-10-15,2019101501001603,CZBIL,28,42,10,194.00,"1,940.00"
2019-10-15,2019101501001599,CZBIL,29,33,200,195.00,"39,000.00"
2019-10-15,2019101501001583,CZBIL,13,33,100,195.00,"19,500.00"
2019-10-15,2019101501001564,CZBIL,39,33,100,195.00,"19,500.00"
2019-10-15,2019101501001560,CZBIL,14,33,300,195.00,"58,500.00"
2019-10-15,2019101501001570,DBBL,50,29,501,127.00,"63,627.00"
2019-10-15,2019101501001569,DBBL,16,29,"1,045",127.00,"132,715.00"
2019-10-15,2019101501001484,DDBL,47,41,29,723.00,"20,967.00"
2019-10-15,2019101501001476,DDBL,47,41,125,723.00,"90,375.00"
2019-10-15,2019101501001475,DDBL,47,41,40,723.00,"28,920.00"
2019-10-15,2019101501001465,DDBL,47,41,36,723.00,"26,028.00"
2019-10-15,2019101501001462,DDBL,47,41,70,723.00,"50,610.00"
2019-10-15,2019101501001756,EBL,41,44,480,555.00,"266,400.00"
2019-10-15,2019101501001638,EBL,41,44,20,555.00,"11,100.00"
2019-10-15,2019101501001522,EBL,38,51,320,552.00,"176,640.00"
2019-10-15,2019101501001508,EIC,7,49,100,230.00,"23,000.00"
2019-10-15,2019101501001507,EIC,56,49,40,230.00,"9,200.00"
2019-10-15,2019101501001506,EIC,58,49,100,230.00,"23,000.00"
2019-10-15,2019101501001505,EIC,21,49,50,230.00,"11,500.00"
2019-10-15,2019101501001537,FMDBL,50,36,154,314.00,"48,356.00"
2019-10-15,2019101501001501,FMDBL,29,36,660,314.00,"207,240.00"
2019-10-15,2019101501001368,FOWAD,58,49,17,"1,265.00","21,505.00"
2019-10-15,2019101501001755,GBBL,10,29,15,212.00,"3,180.00"
2019-10-15,2019101501001754,GBBL,33,29,200,212.00,"42,400.00"
2019-10-15,2019101501001614,GBBL,38,41,122,214.00,"26,108.00"
2019-10-15,2019101501001776,GBLBS,22,49,34,315.00,"10,710.00"
2019-10-15,2019101501001387,GBLBS,22,33,66,312.00,"20,592.00"
2019-10-15,2019101501001379,GBLBS,8,33,500,313.00,"156,500.00"
2019-10-15,2019101501001378,GBLBS,29,33,40,313.00,"12,520.00"
2019-10-15,2019101501001783,GFCL,14,11,"1,000",133.00,"133,000.00"
2019-10-15,2019101501001782,GFCL,28,11,500,133.00,"66,500.00"
2019-10-15,2019101501001781,GFCL,57,11,500,133.00,"66,500.00"
2019-10-15,2019101501001546,GILB,33,44,172,700.00,"120,400.00"
2019-10-15,2019101501001719,GLICL,48,14,25,351.00,"8,775.00"
2019-10-15,2019101501001718,GLICL,57,14,200,351.00,"70,200.00"
2019-10-15,2019101501001717,GLICL,32,14,300,351.00,"105,300.00"
2019-10-15,2019101501001716,GLICL,59,14,100,352.00,"35,200.00"
2019-10-15,2019101501001715,GLICL,49,14,100,353.00,"35,300.00"
2019-10-15,2019101501001714,GLICL,50,14,100,354.00,"35,400.00"
2019-10-15,2019101501001713,GLICL,19,14,47,354.00,"16,638.00"
2019-10-15,2019101501001712,GLICL,35,14,100,357.00,"35,700.00"
2019-10-15,2019101501001711,GLICL,39,14,75,358.00,"26,850.00"
2019-10-15,2019101501001710,GLICL,38,14,20,358.00,"7,160.00"
2019-10-15,2019101501001709,GLICL,52,14,30,358.00,"10,740.00"
2019-10-15,2019101501001708,GLICL,42,14,10,359.00,"3,590.00"
2019-10-15,2019101501001488,GRDBL,41,44,400,104.00,"41,600.00"
2019-10-15,2019101501001747,HBL,6,29,155,493.00,"76,415.00"
2019-10-15,2019101501001746,HBL,17,29,15,493.00,"7,395.00"
2019-10-15,2019101501001667,HBL,38,49,382,495.00,"189,090.00"
2019-10-15,2019101501001658,HBL,38,33,414,494.00,"204,516.00"
2019-10-15,2019101501001631,HBL,36,33,50,494.00,"24,700.00"
2019-10-15,2019101501001533,HBL,33,33,100,494.00,"49,400.00"
2019-10-15,2019101501001489,HBL,37,33,200,494.00,"98,800.00"
2019-10-15,2019101501001337,HBL,6,49,"5,475",493.00,"2,699,175.00"
2019-10-15,2019101501001336,HBL,10,49,35,493.00,"17,255.00"
2019-10-15,2019101501001335,HBL,22,49,20,494.00,"9,880.00"
2019-10-15,2019101501001334,HBL,22,49,20,494.00,"9,880.00"
2019-10-15,2019101501001333,HBL,59,49,50,494.00,"24,700.00"
2019-10-15,2019101501001485,HGI,22,47,18,270.00,"4,860.00"
2019-10-15,2019101501001727,HIDCL,43,25,31,139.00,"4,309.00"
2019-10-15,2019101501001763,HPPL,52,17,10,143.00,"1,430.00"
2019-10-15,2019101501001762,HPPL,52,38,100,143.00,"14,300.00"
2019-10-15,2019101501001761,HPPL,52,25,20,141.00,"2,820.00"
2019-10-15,2019101501001760,HPPL,52,13,70,141.00,"9,870.00"
2019-10-15,2019101501001730,HURJA,57,26,20,105.00,"2,100.00"
2019-10-15,2019101501001728,HURJA,57,26,20,105.00,"2,100.00"
2019-10-15,2019101501001704,HURJA,57,26,20,105.00,"2,100.00"
2019-10-15,2019101501001698,HURJA,57,26,20,105.00,"2,100.00"
2019-10-15,2019101501001520,HURJA,41,33,480,105.00,"50,400.00"
2019-10-15,2019101501001650,IGI,10,38,22,290.00,"6,380.00"
2019-10-15,2019101501001417,ILBS,58,16,10,420.00,"4,200.00"
2019-10-15,2019101501001393,ILBS,48,48,10,421.00,"4,210.00"
2019-10-15,2019101501001810,JFL,17,39,500,196.00,"98,000.00"
2019-10-15,2019101501001809,JFL,17,49,100,196.00,"19,600.00"
2019-10-15,2019101501001383,JFL,19,46,70,195.00,"13,650.00"
2019-10-15,2019101501001802,KBL,50,41,82,179.00,"14,678.00"
2019-10-15,2019101501001801,KBL,50,13,"1,200",179.00,"214,800.00"
2019-10-15,2019101501001764,KBL,41,13,100,179.00,"17,900.00"
2019-10-15,2019101501001581,KBL,50,53,90,178.00,"16,020.00"
2019-10-15,2019101501001580,KBL,19,53,200,178.00,"35,600.00"
2019-10-15,2019101501001579,KBL,22,53,10,178.00,"1,780.00"
2019-10-15,2019101501001552,KBL,6,58,100,178.00,"17,800.00"
2019-10-15,2019101501001371,KBL,6,13,400,178.00,"71,200.00"
2019-10-15,2019101501001367,KBL,42,13,10,179.00,"1,790.00"
2019-10-15,2019101501001524,KPCL,47,40,10,80.00,800.00
2019-10-15,2019101501001366,KPCL,56,49,40,81.00,"3,240.00"
2019-10-15,2019101501001365,KPCL,56,59,60,81.00,"4,860.00"
2019-10-15,2019101501001525,KRBL,58,6,100,104.00,"10,400.00"
2019-10-15,2019101501001584,KSBBL,25,22,300,141.00,"42,300.00"
2019-10-15,2019101501001576,KSBBL,25,26,898,142.00,"127,516.00"
2019-10-15,2019101501001429,LGIL,56,37,49,311.00,"15,239.00"
2019-10-15,2019101501001787,MBL,14,43,560,223.00,"124,880.00"
2019-10-15,2019101501001780,MBL,47,43,380,223.00,"84,740.00"
2019-10-15,2019101501001777,MBL,47,43,60,223.00,"13,380.00"
2019-10-15,2019101501001592,MBL,28,43,500,223.00,"111,500.00"
2019-10-15,2019101501001591,MBL,28,22,414,223.00,"92,322.00"
2019-10-15,2019101501001575,MBL,33,17,500,222.00,"111,000.00"
2019-10-15,2019101501001502,MBL,57,50,170,222.00,"37,740.00"
2019-10-15,2019101501001428,MBL,57,13,78,222.00,"17,316.00"
2019-10-15,2019101501001316,MBL,28,43,337,222.00,"74,814.00"
2019-10-15,2019101501001566,MBL,47,22,95,223.00,"21,185.00"
2019-10-15,2019101501001555,MBL,33,25,"2,310",222.00,"512,820.00"
2019-10-15,2019101501001554,MBL,57,25,252,222.00,"55,944.00"
2019-10-15,2019101501001530,MBL,37,22,100,223.00,"22,300.00"
2019-10-15,2019101501001529,MBL,37,22,391,223.00,"87,193.00"
2019-10-15,2019101501001528,MBL,37,32,109,223.00,"24,307.00"
2019-10-15,2019101501001798,MEGA,14,41,74,197.00,"14,578.00"
2019-10-15,2019101501001797,MEGA,14,13,15,197.00,"2,955.00"
2019-10-15,2019101501001796,MEGA,14,13,500,197.00,"98,500.00"
2019-10-15,2019101501001767,MEGA,41,13,100,197.00,"19,700.00"
2019-10-15,2019101501001642,MEGA,25,13,185,197.00,"36,445.00"
2019-10-15,2019101501001621,MEGA,37,38,130,196.00,"25,480.00"
2019-10-15,2019101501001616,MEGA,29,14,200,197.00,"39,400.00"
2019-10-15,2019101501001565,MEGA,25,14,100,197.00,"19,700.00"
2019-10-15,2019101501001421,MFIL,32,52,500,125.00,"62,500.00"
2019-10-15,2019101501001364,MFIL,19,52,500,126.00,"63,000.00"
2019-10-15,2019101501001350,MLBBL,48,47,140,440.00,"61,600.00"
2019-10-15,2019101501001432,MLBL,4,22,200,216.00,"43,200.00"
2019-10-15,2019101501001353,MLBL,38,22,200,216.00,"43,200.00"
2019-10-15,2019101501001332,MLBL,52,22,400,216.00,"86,400.00"
2019-10-15,2019101501001331,MLBL,52,22,200,216.00,"43,200.00"
2019-10-15,2019101501001613,MNBBL,29,42,132,304.00,"40,128.00"
2019-10-15,2019101501001612,MNBBL,29,14,68,304.00,"20,672.00"
2019-10-15,2019101501001611,MNBBL,38,14,50,304.00,"15,200.00"
2019-10-15,2019101501001608,MNBBL,41,14,50,304.00,"15,200.00"
2019-10-15,2019101501001589,MNBBL,25,14,300,304.00,"91,200.00"
2019-10-15,2019101501001582,MNBBL,17,45,100,303.00,"30,300.00"
2019-10-15,2019101501001445,MNBBL,32,49,800,303.00,"242,400.00"
2019-10-15,2019101501001444,MNBBL,44,49,69,303.00,"20,907.00"
2019-10-15,2019101501001328,MNBBL,22,14,50,304.00,"15,200.00"
2019-10-15,2019101501001327,MNBBL,21,14,100,304.00,"30,400.00"
2019-10-15,2019101501001326,MNBBL,17,14,249,304.00,"75,696.00"
2019-10-15,2019101501001451,MNBBL,40,49,200,303.00,"60,600.00"
2019-10-15,2019101501001450,MNBBL,40,49,200,303.00,"60,600.00"
2019-10-15,2019101501001449,MNBBL,39,49,50,303.00,"15,150.00"
2019-10-15,2019101501001448,MNBBL,42,49,200,303.00,"60,600.00"
2019-10-15,2019101501001447,MNBBL,56,49,300,303.00,"90,900.00"
2019-10-15,2019101501001446,MNBBL,17,49,"1,000",303.00,"303,000.00"
2019-10-15,2019101501001571,MNBBL,44,14,130,304.00,"39,520.00"
2019-10-15,2019101501001494,MNBBL,44,14,200,304.00,"60,800.00"
2019-10-15,2019101501001491,MNBBL,50,14,50,304.00,"15,200.00"
2019-10-15,2019101501001469,MNBBL,17,44,347,303.00,"105,141.00"
2019-10-15,2019101501001455,MNBBL,17,49,742,303.00,"224,826.00"
2019-10-15,2019101501001452,MNBBL,13,49,200,303.00,"60,600.00"
2019-10-15,2019101501001685,MSMBS,40,32,10,478.00,"4,780.00"
2019-10-15,2019101501001778,NABIL,41,58,20,764.00,"15,280.00"
2019-10-15,2019101501001464,NABIL,57,11,20,765.00,"15,300.00"
2019-10-15,2019101501001352,NABIL,36,11,261,765.00,"199,665.00"
2019-10-15,2019101501001351,NABIL,36,28,39,764.00,"29,796.00"
2019-10-15,2019101501001481,NADEP,32,58,20,402.00,"8,040.00"
2019-10-15,2019101501001775,NBB,53,7,219,210.00,"45,990.00"
2019-10-15,2019101501001774,NBB,56,7,81,210.00,"17,010.00"
2019-10-15,2019101501001438,NBB,13,33,50,210.00,"10,500.00"
2019-10-15,2019101501001437,NBB,52,33,283,210.00,"59,430.00"
2019-10-15,2019101501001586,NBB,29,42,500,210.00,"105,000.00"
2019-10-15,2019101501001585,NBB,55,42,248,210.00,"52,080.00"
2019-10-15,2019101501001498,NBB,56,33,990,211.00,"208,890.00"
2019-10-15,2019101501001463,NBB,17,33,10,211.00,"2,110.00"
2019-10-15,2019101501001453,NBB,55,32,24,210.00,"5,040.00"
2019-10-15,2019101501001439,NBB,55,33,728,210.00,"152,880.00"
2019-10-15,2019101501001588,NBB,56,42,152,210.00,"31,920.00"
2019-10-15,2019101501001587,NBB,45,42,100,210.00,"21,000.00"
2019-10-15,2019101501001628,NBL,56,44,80,316.00,"25,280.00"
2019-10-15,2019101501001622,NBL,41,44,20,316.00,"6,320.00"
2019-10-15,2019101501001318,NBL,29,44,500,316.00,"158,000.00"
2019-10-15,2019101501001741,NCCB,22,25,10,199.00,"1,990.00"
2019-10-15,2019101501001348,NGPL,1,52,22,98.00,"2,156.00"
2019-10-15,2019101501001347,NGPL,36,52,19,99.00,"1,881.00"
2019-10-15,2019101501001477,NHPC,58,52,500,53.00,"26,500.00"
2019-10-15,2019101501001343,NHPC,43,47,"1,000",54.00,"54,000.00"
2019-10-15,2019101501001342,NHPC,43,19,"1,000",54.00,"54,000.00"
2019-10-15,2019101501001341,NHPC,43,42,300,54.00,"16,200.00"
2019-10-15,2019101501001340,NHPC,43,56,590,54.00,"31,860.00"
2019-10-15,2019101501001330,NHPC,43,22,70,53.00,"3,710.00"
2019-10-15,2019101501001324,NHPC,56,22,200,53.00,"10,600.00"
2019-10-15,2019101501001748,NICA,50,48,58,380.00,"22,040.00"
2019-10-15,2019101501001610,NICA,50,42,150,380.00,"57,000.00"
2019-10-15,2019101501001609,NICA,33,42,50,380.00,"19,000.00"
2019-10-15,2019101501001573,NICA,33,22,"1,749",380.00,"664,620.00"
2019-10-15,2019101501001572,NICA,50,22,50,380.00,"19,000.00"
2019-10-15,2019101501001548,NICA,47,6,20,381.00,"7,620.00"
2019-10-15,2019101501001542,NICA,47,6,20,381.00,"7,620.00"
2019-10-15,2019101501001382,NICA,54,42,150,379.00,"56,850.00"
2019-10-15,2019101501001356,NICA,54,52,174,379.00,"65,946.00"
2019-10-15,2019101501001355,NICA,22,52,80,380.00,"30,400.00"
2019-10-15,2019101501001442,NICGF,5,29,500,8.30,"4,150.00"
2019-10-15,2019101501001406,NICL,22,44,20,265.00,"5,300.00"
2019-10-15,2019101501001405,NICL,7,44,50,265.00,"13,250.00"
2019-10-15,2019101501001409,NIL,4,38,50,362.00,"18,100.00"
2019-10-15,2019101501001408,NIL,4,38,25,362.00,"9,050.00"
2019-10-15,2019101501001678,NLG,28,6,18,543.00,"9,774.00"
2019-10-15,2019101501001468,NLIC,29,14,82,762.00,"62,484.00"
2019-10-15,2019101501001467,NLIC,4,14,18,763.00,"13,734.00"
2019-10-15,2019101501001460,NLIC,39,16,25,764.00,"19,100.00"
2019-10-15,2019101501001454,NLIC,4,33,50,763.00,"38,150.00"
2019-10-15,2019101501001386,NLIC,21,38,18,765.00,"13,770.00"
2019-10-15,2019101501001385,NLIC,21,34,30,765.00,"22,950.00"
2019-10-15,2019101501001384,NLIC,21,19,25,764.00,"19,100.00"
2019-10-15,2019101501001789,NLICL,4,19,218,458.00,"99,844.00"
2019-10-15,2019101501001321,NMBMF,39,45,15,"1,090.00","16,350.00"
2019-10-15,2019101501001320,NMBMF,19,45,25,"1,095.00","27,375.00"
2019-10-15,2019101501001319,NMBMF,54,45,20,"1,100.00","22,000.00"
2019-10-15,2019101501001593,NMBSF1,10,45,"2,000",10.15,"20,300.00"
2019-10-15,2019101501001457,NMBSF1,51,42,"1,500",10.22,"15,330.00"
2019-10-15,2019101501001697,NMFBS,17,25,10,"1,680.00","16,800.00"
2019-10-15,2019101501001731,NTC,59,28,10,634.00,"6,340.00"
2019-10-15,2019101501001726,NTC,4,42,50,630.00,"31,500.00"
2019-10-15,2019101501001725,NTC,4,42,50,630.00,"31,500.00"
2019-10-15,2019101501001724,NTC,4,42,50,630.00,"31,500.00"
2019-10-15,2019101501001723,NTC,4,42,50,630.00,"31,500.00"
2019-10-15,2019101501001722,NTC,4,42,100,630.00,"63,000.00"
2019-10-15,2019101501001721,NTC,4,42,50,630.00,"31,500.00"
2019-10-15,2019101501001720,NTC,45,42,10,630.00,"6,300.00"
2019-10-15,2019101501001482,NUBL,17,33,267,855.00,"228,285.00"
2019-10-15,2019101501001458,NUBL,17,33,280,855.00,"239,400.00"
2019-10-15,2019101501001641,OHL,50,38,32,462.00,"14,784.00"
2019-10-15,2019101501001800,PCBL,22,58,300,265.00,"79,500.00"
2019-10-15,2019101501001729,PCBL,53,33,152,264.00,"40,128.00"
2019-10-15,2019101501001668,PCBL,21,33,50,264.00,"13,200.00"
2019-10-15,2019101501001656,PCBL,33,33,50,264.00,"13,200.00"
2019-10-15,2019101501001655,PCBL,19,33,200,264.00,"52,800.00"
2019-10-15,2019101501001654,PCBL,56,33,130,264.00,"34,320.00"
2019-10-15,2019101501001479,PCBL,56,57,29,264.00,"7,656.00"
2019-10-15,2019101501001478,PCBL,26,57,23,264.00,"6,072.00"
2019-10-15,2019101501001652,PLIC,35,36,200,320.00,"64,000.00"
2019-10-15,2019101501001532,PMHPL,47,40,10,89.00,890.00
2019-10-15,2019101501001474,PRIN,38,22,170,308.00,"52,360.00"
2019-10-15,2019101501001473,PRIN,38,56,100,308.00,"30,800.00"
2019-10-15,2019101501001472,PRIN,38,17,30,306.00,"9,180.00"
2019-10-15,2019101501001433,PRIN,11,37,22,303.00,"6,666.00"
2019-10-15,2019101501001415,PRIN,11,37,206,303.00,"62,418.00"
2019-10-15,2019101501001413,PRIN,29,37,300,304.00,"91,200.00"
2019-10-15,2019101501001807,PRVU,22,45,300,269.00,"80,700.00"
2019-10-15,2019101501001805,PRVU,47,45,100,269.00,"26,900.00"
2019-10-15,2019101501001799,PRVU,47,45,150,269.00,"40,350.00"
2019-10-15,2019101501001794,PRVU,47,45,205,269.00,"55,145.00"
2019-10-15,2019101501001788,PRVU,47,45,75,269.00,"20,175.00"
2019-10-15,2019101501001786,PRVU,47,45,190,269.00,"51,110.00"
2019-10-15,2019101501001496,PRVU,47,38,80,270.00,"21,600.00"
2019-10-15,2019101501001490,PRVU,47,13,200,269.00,"53,800.00"
2019-10-15,2019101501001323,PRVU,46,38,14,270.00,"3,780.00"
2019-10-15,2019101501001317,PRVU,43,45,"1,082",269.00,"291,058.00"
2019-10-15,2019101501001315,PRVU,43,45,"1,000",269.00,"269,000.00"
2019-10-15,2019101501001514,PRVU,47,38,100,270.00,"27,000.00"
2019-10-15,2019101501001513,PRVU,47,38,85,270.00,"22,950.00"
2019-10-15,2019101501001510,PRVU,38,38,200,270.00,"54,000.00"
2019-10-15,2019101501001509,PRVU,47,38,35,270.00,"9,450.00"
2019-10-15,2019101501001499,PRVU,47,38,75,270.00,"20,250.00"
2019-10-15,2019101501001497,PRVU,47,38,65,270.00,"17,550.00"
2019-10-15,2019101501001534,PRVU,47,38,298,270.00,"80,460.00"
2019-10-15,2019101501001527,PRVU,47,38,75,270.00,"20,250.00"
2019-10-15,2019101501001526,PRVU,47,38,70,270.00,"18,900.00"
2019-10-15,2019101501001523,PRVU,47,38,70,270.00,"18,900.00"
2019-10-15,2019101501001521,PRVU,47,38,40,270.00,"10,800.00"
2019-10-15,2019101501001519,PRVU,47,38,90,270.00,"24,300.00"
2019-10-15,2019101501001681,PRVU,59,45,50,269.00,"13,450.00"
2019-10-15,2019101501001680,PRVU,6,45,50,269.00,"13,450.00"
2019-10-15,2019101501001679,PRVU,45,45,10,269.00,"2,690.00"
2019-10-15,2019101501001669,PRVU,22,52,200,270.00,"54,000.00"
2019-10-15,2019101501001535,PRVU,47,52,52,270.00,"14,040.00"
2019-10-15,2019101501001689,PRVU,19,45,250,268.00,"67,000.00"
2019-10-15,2019101501001688,PRVU,49,45,500,268.00,"134,000.00"
2019-10-15,2019101501001687,PRVU,43,45,415,268.00,"111,220.00"
2019-10-15,2019101501001686,PRVU,42,45,200,269.00,"53,800.00"
2019-10-15,2019101501001683,PRVU,58,45,110,269.00,"29,590.00"
2019-10-15,2019101501001682,PRVU,43,45,"1,000",269.00,"269,000.00"
2019-10-15,2019101501001695,PRVU,35,45,100,268.00,"26,800.00"
2019-10-15,2019101501001694,PRVU,35,45,"1,200",268.00,"321,600.00"
2019-10-15,2019101501001693,PRVU,35,45,100,268.00,"26,800.00"
2019-10-15,2019101501001692,PRVU,42,45,50,268.00,"13,400.00"
2019-10-15,2019101501001691,PRVU,22,45,100,268.00,"26,800.00"
2019-10-15,2019101501001690,PRVU,49,45,100,268.00,"26,800.00"
2019-10-15,2019101501001772,PRVU,22,45,50,269.00,"13,450.00"
2019-10-15,2019101501001758,PRVU,41,45,50,269.00,"13,450.00"
2019-10-15,2019101501001749,PRVU,43,45,"2,000",269.00,"538,000.00"
2019-10-15,2019101501001740,PRVU,43,45,"1,000",269.00,"269,000.00"
2019-10-15,2019101501001699,PRVU,36,45,100,268.00,"26,800.00"
2019-10-15,2019101501001696,PRVU,37,45,500,268.00,"134,000.00"
2019-10-15,2019101501001541,RADHI,47,40,12,145.00,"1,740.00"
2019-10-15,2019101501001659,RHPL,59,21,"1,000",160.00,"160,000.00"
2019-10-15,2019101501001651,RHPL,59,44,"2,120",160.00,"339,200.00"
2019-10-15,2019101501001637,RHPL,14,44,100,160.00,"16,000.00"
2019-10-15,2019101501001636,RHPL,41,44,100,160.00,"16,000.00"
2019-10-15,2019101501001635,RHPL,47,44,100,160.00,"16,000.00"
2019-10-15,2019101501001634,RHPL,59,44,580,160.00,"92,800.00"
2019-10-15,2019101501001416,RHPL,59,41,10,160.00,"1,600.00"
2019-10-15,2019101501001471,RRHP,47,22,420,102.00,"42,840.00"
2019-10-15,2019101501001466,RRHP,47,22,500,103.00,"51,500.00"
2019-10-15,2019101501001792,SANIMA,57,35,74,308.00,"22,792.00"
2019-10-15,2019101501001791,SANIMA,26,35,100,308.00,"30,800.00"
2019-10-15,2019101501001790,SANIMA,57,35,26,308.00,"8,008.00"
2019-10-15,2019101501001666,SANIMA,57,48,60,308.00,"18,480.00"
2019-10-15,2019101501001596,SANIMA,57,42,440,308.00,"135,520.00"
2019-10-15,2019101501001595,SANIMA,57,40,"1,474",308.00,"453,992.00"
2019-10-15,2019101501001538,SANIMA,43,58,24,307.00,"7,368.00"
2019-10-15,2019101501001354,SANIMA,19,45,200,308.00,"61,600.00"
2019-10-15,2019101501001574,SANIMA,43,45,100,307.00,"30,700.00"
2019-10-15,2019101501001562,SANIMA,47,40,30,308.00,"9,240.00"
2019-10-15,2019101501001559,SANIMA,47,40,60,308.00,"18,480.00"
2019-10-15,2019101501001553,SANIMA,47,40,36,308.00,"11,088.00"
2019-10-15,2019101501001551,SANIMA,43,50,500,307.00,"153,500.00"
2019-10-15,2019101501001539,SANIMA,43,58,176,307.00,"54,032.00"
2019-10-15,2019101501001785,SBI,40,32,144,400.00,"57,600.00"
2019-10-15,2019101501001784,SBI,6,32,32,400.00,"12,800.00"
2019-10-15,2019101501001443,SBI,6,48,168,400.00,"67,200.00"
2019-10-15,2019101501001804,SBL,39,56,74,337.00,"24,938.00"
2019-10-15,2019101501001803,SBL,53,56,100,337.00,"33,700.00"
2019-10-15,2019101501001773,SBL,42,56,850,337.00,"286,450.00"
2019-10-15,2019101501001771,SBL,33,56,290,337.00,"97,730.00"
2019-10-15,2019101501001770,SBL,41,56,50,337.00,"16,850.00"
2019-10-15,2019101501001769,SBL,20,56,200,337.00,"67,400.00"
2019-10-15,2019101501001325,SBL,21,56,20,337.00,"6,740.00"
2019-10-15,2019101501001322,SBL,42,56,140,337.00,"47,180.00"
2019-10-15,2019101501001314,SBL,40,56,300,337.00,"101,100.00"
2019-10-15,2019101501001313,SBL,53,56,20,337.00,"6,740.00"
2019-10-15,2019101501001312,SBL,41,56,500,337.00,"168,500.00"
2019-10-15,2019101501001311,SBL,22,56,20,337.00,"6,740.00"
2019-10-15,2019101501001377,SBL,1,16,201,337.00,"67,737.00"
2019-10-15,2019101501001376,SBL,26,16,100,337.00,"33,700.00"
2019-10-15,2019101501001375,SBL,16,16,476,337.00,"160,412.00"
2019-10-15,2019101501001374,SBL,16,17,200,337.00,"67,400.00"
2019-10-15,2019101501001373,SBL,16,56,324,337.00,"109,188.00"
2019-10-15,2019101501001357,SBL,5,56,500,337.00,"168,500.00"
2019-10-15,2019101501001394,SBL,16,56,300,337.00,"101,100.00"
2019-10-15,2019101501001392,SBL,16,56,200,337.00,"67,400.00"
2019-10-15,2019101501001391,SBL,42,56,301,337.00,"101,437.00"
2019-10-15,2019101501001390,SBL,16,56,"1,500",337.00,"505,500.00"
2019-10-15,2019101501001389,SBL,41,56,200,337.00,"67,400.00"
2019-10-15,2019101501001388,SBL,1,56,799,337.00,"269,263.00"
2019-10-15,2019101501001434,SBL,44,56,650,337.00,"219,050.00"
2019-10-15,2019101501001422,SBL,48,56,50,337.00,"16,850.00"
2019-10-15,2019101501001407,SBL,6,56,100,337.00,"33,700.00"
2019-10-15,2019101501001404,SBL,45,56,100,337.00,"33,700.00"
2019-10-15,2019101501001403,SBL,21,56,100,337.00,"33,700.00"
2019-10-15,2019101501001395,SBL,21,56,200,337.00,"67,400.00"
2019-10-15,2019101501001459,SBL,45,56,340,337.00,"114,580.00"
2019-10-15,2019101501001456,SBL,59,56,50,337.00,"16,850.00"
2019-10-15,2019101501001441,SBL,49,56,500,337.00,"168,500.00"
2019-10-15,2019101501001440,SBL,1,56,500,337.00,"168,500.00"
2019-10-15,2019101501001436,SBL,44,14,"1,000",337.00,"337,000.00"
2019-10-15,2019101501001435,SBL,44,34,"1,228",337.00,"413,836.00"
2019-10-15,2019101501001493,SBL,14,56,371,337.00,"125,027.00"
2019-10-15,2019101501001492,SBL,14,56,29,337.00,"9,773.00"
2019-10-15,2019101501001487,SBL,1,56,150,337.00,"50,550.00"
2019-10-15,2019101501001483,SBL,39,56,50,337.00,"16,850.00"
2019-10-15,2019101501001480,SBL,25,56,370,337.00,"124,690.00"
2019-10-15,2019101501001461,SBL,49,56,500,337.00,"168,500.00"
2019-10-15,2019101501001536,SBL,58,56,200,337.00,"67,400.00"
2019-10-15,2019101501001531,SBL,52,56,200,337.00,"67,400.00"
2019-10-15,2019101501001518,SBL,6,56,50,337.00,"16,850.00"
2019-10-15,2019101501001512,SBL,11,56,100,337.00,"33,700.00"
2019-10-15,2019101501001511,SBL,4,56,"1,371",337.00,"462,027.00"
2019-10-15,2019101501001495,SBL,4,56,629,337.00,"211,973.00"
2019-10-15,2019101501001557,SBL,59,56,500,337.00,"168,500.00"
2019-10-15,2019101501001556,SBL,46,56,368,337.00,"124,016.00"
2019-10-15,2019101501001545,SBL,46,25,232,337.00,"78,184.00"
2019-10-15,2019101501001544,SBL,19,25,40,337.00,"13,480.00"
2019-10-15,2019101501001543,SBL,33,25,328,337.00,"110,536.00"
2019-10-15,2019101501001540,SBL,33,56,79,337.00,"26,623.00"
2019-10-15,2019101501001607,SBL,25,56,100,337.00,"33,700.00"
2019-10-15,2019101501001601,SBL,35,56,30,337.00,"10,110.00"
2019-10-15,2019101501001594,SBL,35,56,200,337.00,"67,400.00"
2019-10-15,2019101501001568,SBL,25,56,200,337.00,"67,400.00"
2019-10-15,2019101501001567,SBL,47,56,42,337.00,"14,154.00"
2019-10-15,2019101501001558,SBL,36,56,500,337.00,"168,500.00"
2019-10-15,2019101501001639,SBL,36,14,124,337.00,"41,788.00"
2019-10-15,2019101501001630,SBL,18,14,200,337.00,"67,400.00"
2019-10-15,2019101501001620,SBL,57,14,676,337.00,"227,812.00"
2019-10-15,2019101501001619,SBL,57,25,264,337.00,"88,968.00"
2019-10-15,2019101501001618,SBL,57,11,"1,000",337.00,"337,000.00"
2019-10-15,2019101501001617,SBL,57,56,60,337.00,"20,220.00"
2019-10-15,2019101501001664,SBL,55,33,549,336.00,"184,464.00"
2019-10-15,2019101501001663,SBL,36,33,210,336.00,"70,560.00"
2019-10-15,2019101501001662,SBL,6,33,295,336.00,"99,120.00"
2019-10-15,2019101501001661,SBL,46,33,569,336.00,"191,184.00"
2019-10-15,2019101501001660,SBL,41,33,100,336.00,"33,600.00"
2019-10-15,2019101501001640,SBL,36,58,176,337.00,"59,312.00"
2019-10-15,2019101501001701,SBL,41,56,10,337.00,"3,370.00"
2019-10-15,2019101501001700,SBL,53,56,116,337.00,"39,092.00"
2019-10-15,2019101501001684,SBL,53,58,84,337.00,"28,308.00"
2019-10-15,2019101501001672,SBL,55,33,"2,000",336.00,"672,000.00"
2019-10-15,2019101501001671,SBL,7,58,100,337.00,"33,700.00"
2019-10-15,2019101501001670,SBL,25,58,50,337.00,"16,850.00"
2019-10-15,2019101501001768,SBL,39,56,276,337.00,"93,012.00"
2019-10-15,2019101501001739,SBL,39,56,324,337.00,"109,188.00"
2019-10-15,2019101501001707,SBL,38,56,100,337.00,"33,700.00"
2019-10-15,2019101501001706,SBL,36,56,100,337.00,"33,700.00"
2019-10-15,2019101501001703,SBL,53,56,300,337.00,"101,100.00"
2019-10-15,2019101501001702,SBL,7,56,50,337.00,"16,850.00"
2019-10-15,2019101501001793,SCB,41,14,20,575.00,"11,500.00"
2019-10-15,2019101501001370,SCB,5,7,10,575.00,"5,750.00"
2019-10-15,2019101501001369,SCB,5,11,99,575.00,"56,925.00"
2019-10-15,2019101501001598,SDESI,33,19,101,610.00,"61,610.00"
2019-10-15,2019101501001597,SDESI,33,17,27,607.00,"16,389.00"
2019-10-15,2019101501001431,SDESI,35,14,138,604.00,"83,352.00"
2019-10-15,2019101501001430,SDESI,25,14,23,605.00,"13,915.00"
2019-10-15,2019101501001470,SFFIL,6,1,10,196.00,"1,960.00"
2019-10-15,2019101501001418,SHINE,17,25,100,252.00,"25,200.00"
2019-10-15,2019101501001359,SHINE,17,14,497,252.00,"125,244.00"
2019-10-15,2019101501001578,SHIVM,42,6,200,506.00,"101,200.00"
2019-10-15,2019101501001517,SHIVM,38,34,50,507.00,"25,350.00"
2019-10-15,2019101501001516,SHIVM,38,22,317,507.00,"160,719.00"
2019-10-15,2019101501001515,SHIVM,38,47,100,507.00,"50,700.00"
2019-10-15,2019101501001349,SHIVM,21,22,10,507.00,"5,070.00"
2019-10-15,2019101501001779,SHL,22,58,100,209.00,"20,900.00"
2019-10-15,2019101501001676,SHL,16,58,900,208.00,"187,200.00"
2019-10-15,2019101501001675,SHL,16,51,500,208.00,"104,000.00"
2019-10-15,2019101501001674,SHL,16,51,500,208.00,"104,000.00"
2019-10-15,2019101501001673,SHL,16,58,100,208.00,"20,800.00"
2019-10-15,2019101501001577,SHL,29,58,900,208.00,"187,200.00"
2019-10-15,2019101501001561,SINDU,58,37,200,125.00,"25,000.00"
2019-10-15,2019101501001412,SLBSL,19,21,10,685.00,"6,850.00"
2019-10-15,2019101501001411,SLBSL,19,21,10,685.00,"6,850.00"
2019-10-15,2019101501001410,SLBSL,19,21,10,685.00,"6,850.00"
2019-10-15,2019101501001753,SMFDB,57,14,100,500.00,"50,000.00"
2019-10-15,2019101501001752,SMFDB,36,14,200,500.00,"100,000.00"
2019-10-15,2019101501001751,SMFDB,47,14,50,501.00,"25,050.00"
2019-10-15,2019101501001750,SMFDB,47,14,100,502.00,"50,200.00"
2019-10-15,2019101501001744,SRBL,4,4,500,238.00,"119,000.00"
2019-10-15,2019101501001743,SRBL,13,4,100,238.00,"23,800.00"
2019-10-15,2019101501001742,SRBL,28,4,"1,340",238.00,"318,920.00"
2019-10-15,2019101501001425,SRBL,39,32,100,240.00,"24,000.00"
2019-10-15,2019101501001339,SRBL,21,32,10,240.00,"2,400.00"
2019-10-15,2019101501001806,UMHL,43,35,14,104.00,"1,456.00"
2019-10-15,2019101501001795,UMHL,43,17,14,103.00,"1,442.00"
2019-10-15,2019101501001657,UPPER,49,59,100,237.00,"23,700.00"
2019-10-15,2019101501001633,UPPER,25,49,50,236.00,"11,800.00"
2019-10-15,2019101501001629,UPPER,25,49,50,236.00,"11,800.00"
2019-10-15,2019101501001563,UPPER,33,59,10,237.00,"2,370.00"
2019-10-15,2019101501001550,UPPER,38,40,28,235.00,"6,580.00"
2019-10-15,2019101501001549,UPPER,29,40,22,236.00,"5,192.00"
2019-10-15,2019101501001424,UPPER,29,59,478,236.00,"112,808.00"
2019-10-15,2019101501001423,UPPER,14,59,222,236.00,"52,392.00"
2019-10-15,2019101501001329,VLBS,45,37,100,561.00,"56,100.00"
2019-10-15,2019101501001222,ADBL,54,57,30,413.00,"12,390.00"
2019-10-15,2019101501001220,ADBL,54,51,122,413.00,"50,386.00"
2019-10-15,2019101501001219,ADBL,41,51,28,413.00,"11,564.00"
2019-10-15,2019101501001154,ADBL,41,11,72,413.00,"29,736.00"
2019-10-15,2019101501001153,ADBL,14,11,100,413.00,"41,300.00"
2019-10-15,2019101501001152,ADBL,50,11,228,413.00,"94,164.00"
2019-10-15,2019101501001008,ADBL,4,58,100,415.00,"41,500.00"
2019-10-15,2019101501001007,ADBL,4,58,100,415.00,"41,500.00"
2019-10-15,2019101501001151,ADBL,4,11,100,414.00,"41,400.00"
2019-10-15,2019101501001141,ADBL,4,50,50,414.00,"20,700.00"
2019-10-15,2019101501001136,ADBL,4,58,100,415.00,"41,500.00"
2019-10-15,2019101501001042,ADBL,4,58,100,415.00,"41,500.00"
2019-10-15,2019101501001023,ADBL,54,58,300,415.00,"124,500.00"
2019-10-15,2019101501001019,ADBL,4,58,100,415.00,"41,500.00"
2019-10-15,2019101501000919,AKBSL,42,45,10,406.00,"4,060.00"
2019-10-15,2019101501000887,AKBSL,1,48,10,406.00,"4,060.00"
2019-10-15,2019101501000816,AKBSL,44,26,10,406.00,"4,060.00"
2019-10-15,2019101501000821,AKPL,29,26,13,135.00,"1,755.00"
2019-10-15,2019101501000820,AKPL,29,26,13,135.00,"1,755.00"
2019-10-15,2019101501000937,ALBSL,28,20,10,386.00,"3,860.00"
2019-10-15,2019101501000832,API,26,49,14,112.00,"1,568.00"
2019-10-15,2019101501001260,BFC,57,19,500,91.00,"45,500.00"
2019-10-15,2019101501001229,BFC,57,25,40,90.00,"3,600.00"
2019-10-15,2019101501001228,BFC,19,25,10,90.00,900.00
2019-10-15,2019101501001155,BFC,57,19,10,89.00,890.00
2019-10-15,2019101501001109,BFC,34,19,10,88.00,880.00
2019-10-15,2019101501001303,BOKL,26,52,306,231.00,"70,686.00"
2019-10-15,2019101501001302,BOKL,39,52,100,231.00,"23,100.00"
2019-10-15,2019101501001140,BOKL,37,37,100,232.00,"23,200.00"
2019-10-15,2019101501001139,BOKL,37,37,100,232.00,"23,200.00"
2019-10-15,2019101501001243,BPCL,38,38,100,363.00,"36,300.00"
2019-10-15,2019101501001206,BPCL,4,38,22,363.00,"7,986.00"
2019-10-15,2019101501001192,BPCL,4,21,22,363.00,"7,986.00"
2019-10-15,2019101501001191,BPCL,4,21,22,363.00,"7,986.00"
2019-10-15,2019101501001182,BPCL,25,26,88,365.00,"32,120.00"
2019-10-15,2019101501001181,BPCL,25,47,190,364.00,"69,160.00"
2019-10-15,2019101501001100,BPCL,4,17,55,363.00,"19,965.00"
2019-10-15,2019101501001024,BPCL,4,57,50,363.00,"18,150.00"
2019-10-15,2019101501000957,BPCL,25,45,22,362.00,"7,964.00"
2019-10-15,2019101501000875,BPCL,4,57,50,363.00,"18,150.00"
2019-10-15,2019101501000837,BPCL,4,57,50,363.00,"18,150.00"
2019-10-15,2019101501001199,CBL,38,38,24,143.00,"3,432.00"
2019-10-15,2019101501001012,CBL,21,45,50,144.00,"7,200.00"
2019-10-15,2019101501000975,CBL,38,50,20,143.00,"2,860.00"
2019-10-15,2019101501000967,CBL,38,7,"1,003",143.00,"143,429.00"
2019-10-15,2019101501000966,CBL,34,7,500,143.00,"71,500.00"
2019-10-15,2019101501000965,CBL,21,7,50,143.00,"7,150.00"
2019-10-15,2019101501000964,CBL,21,7,447,143.00,"63,921.00"
2019-10-15,2019101501000941,CBL,21,47,19,143.00,"2,717.00"
2019-10-15,2019101501000836,CBL,21,17,460,143.00,"65,780.00"
2019-10-15,2019101501001293,CCBL,32,49,113,153.00,"17,289.00"
2019-10-15,2019101501001292,CCBL,19,49,125,153.00,"19,125.00"
2019-10-15,2019101501001215,CCBL,49,50,200,154.00,"30,800.00"
2019-10-15,2019101501000844,CCBL,19,17,375,153.00,"57,375.00"
2019-10-15,2019101501000843,CCBL,17,17,"1,339",153.00,"204,867.00"
2019-10-15,2019101501001283,CEFL,4,51,10,116.00,"1,160.00"
2019-10-15,2019101501001304,CHCL,43,33,26,420.00,"10,920.00"
2019-10-15,2019101501001122,CHCL,56,42,50,421.00,"21,050.00"
2019-10-15,2019101501000947,CHCL,43,47,24,420.00,"10,080.00"
2019-10-15,2019101501001048,CHL,39,17,18,80.00,"1,440.00"
2019-10-15,2019101501000894,CZBIL,16,45,"1,689",194.00,"327,666.00"
2019-10-15,2019101501000893,CZBIL,58,45,90,194.00,"17,460.00"
2019-10-15,2019101501000881,CZBIL,14,57,161,196.00,"31,556.00"
2019-10-15,2019101501000880,CZBIL,14,17,39,195.00,"7,605.00"
2019-10-15,2019101501000855,CZBIL,14,17,200,195.00,"39,000.00"
2019-10-15,2019101501000854,CZBIL,32,17,500,195.00,"97,500.00"
2019-10-15,2019101501000853,CZBIL,50,17,90,195.00,"17,550.00"
2019-10-15,2019101501001235,DBBL,48,49,"1,000",128.00,"128,000.00"
2019-10-15,2019101501001234,DBBL,39,49,100,128.00,"12,800.00"
2019-10-15,2019101501001233,DBBL,6,49,20,128.00,"2,560.00"
2019-10-15,2019101501001297,EBL,45,51,30,553.00,"16,590.00"
2019-10-15,2019101501001285,EBL,13,51,50,553.00,"27,650.00"
2019-10-15,2019101501001281,EBL,58,51,100,553.00,"55,300.00"
2019-10-15,2019101501000859,EBL,8,44,299,558.00,"166,842.00"
2019-10-15,2019101501000823,EBL,56,44,101,558.00,"56,358.00"
2019-10-15,2019101501000817,EBL,28,44,100,558.00,"55,800.00"
2019-10-15,2019101501000865,EBL,50,45,100,552.00,"55,200.00"
2019-10-15,2019101501000864,EBL,26,45,100,552.00,"55,200.00"
2019-10-15,2019101501000863,EBL,6,45,201,553.00,"111,153.00"
2019-10-15,2019101501000862,EBL,28,45,10,555.00,"5,550.00"
2019-10-15,2019101501000861,EBL,13,45,111,555.00,"61,605.00"
2019-10-15,2019101501000860,EBL,55,45,100,556.00,"55,600.00"
2019-10-15,2019101501000871,EBL,45,45,20,551.00,"11,020.00"
2019-10-15,2019101501000870,EBL,19,45,50,551.00,"27,550.00"
2019-10-15,2019101501000869,EBL,34,45,50,551.00,"27,550.00"
2019-10-15,2019101501000868,EBL,48,45,50,551.00,"27,550.00"
2019-10-15,2019101501000867,EBL,33,45,125,551.00,"68,875.00"
2019-10-15,2019101501000866,EBL,3,45,20,551.00,"11,020.00"
2019-10-15,2019101501000872,EBL,44,45,500,551.00,"275,500.00"
2019-10-15,2019101501000916,EIC,35,36,75,227.00,"17,025.00"
2019-10-15,2019101501000915,EIC,58,36,20,228.00,"4,560.00"
2019-10-15,2019101501000914,EIC,36,36,100,228.00,"22,800.00"
2019-10-15,2019101501000913,EIC,51,36,100,228.00,"22,800.00"
2019-10-15,2019101501000912,EIC,48,36,200,230.00,"46,000.00"
2019-10-15,2019101501001212,GBLBS,41,49,300,315.00,"94,500.00"
2019-10-15,2019101501001026,GBLBS,29,16,15,313.00,"4,695.00"
2019-10-15,2019101501000917,GBLBS,29,17,15,313.00,"4,695.00"
2019-10-15,2019101501000845,GBLBS,29,48,15,313.00,"4,695.00"
2019-10-15,2019101501001057,GFCL,59,6,35,135.00,"4,725.00"
2019-10-15,2019101501000994,GFCL,59,59,35,137.00,"4,795.00"
2019-10-15,2019101501001010,HBL,10,49,119,495.00,"58,905.00"
2019-10-15,2019101501001273,HIDCL,43,25,56,139.00,"7,784.00"
2019-10-15,2019101501001264,HIDCL,1,39,110,141.00,"15,510.00"
2019-10-15,2019101501001255,HIDCL,43,42,159,140.00,"22,260.00"
2019-10-15,2019101501001254,HIDCL,43,42,159,140.00,"22,260.00"
2019-10-15,2019101501001253,HIDCL,43,54,61,140.00,"8,540.00"
2019-10-15,2019101501001055,HIDCL,43,42,10,139.00,"1,390.00"
2019-10-15,2019101501000877,HIDCL,33,14,131,140.00,"18,340.00"
2019-10-15,2019101501001037,HIDCL,43,11,52,139.00,"7,228.00"
2019-10-15,2019101501001027,HIDCL,13,11,448,139.00,"62,272.00"
2019-10-15,2019101501000998,HIDCL,13,11,287,139.00,"39,893.00"
2019-10-15,2019101501000997,HIDCL,45,11,74,139.00,"10,286.00"
2019-10-15,2019101501000922,HIDCL,33,17,61,140.00,"8,540.00"
2019-10-15,2019101501000899,HIDCL,21,39,50,141.00,"7,050.00"
2019-10-15,2019101501001261,HPPL,47,38,20,143.00,"2,860.00"
2019-10-15,2019101501001210,HURJA,41,38,20,105.00,"2,100.00"
2019-10-15,2019101501001107,ILBS,58,47,10,420.00,"4,200.00"
2019-10-15,2019101501000946,ILBS,58,20,10,420.00,"4,200.00"
2019-10-15,2019101501001301,JFL,19,46,131,195.00,"25,545.00"
2019-10-15,2019101501001300,JFL,19,39,250,195.00,"48,750.00"
2019-10-15,2019101501000920,JOSHI,29,25,200,63.00,"12,600.00"
2019-10-15,2019101501001095,KBL,35,10,40,178.00,"7,120.00"
2019-10-15,2019101501001094,KBL,29,10,500,178.00,"89,000.00"
2019-10-15,2019101501001093,KBL,42,10,500,178.00,"89,000.00"
2019-10-15,2019101501001092,KBL,28,10,"2,000",178.00,"356,000.00"
