Date,Transact. No.,Symbol,Buyer,Seller,Quantity,Rate,Amount
2019-04-23,2019042301006192,ADBL,43,25,"1,000",345.00,"345,000.00"
2019-04-23,2019042301006191,ADBL,43,17,150,345.00,"51,750.00"
2019-04-23,2019042301006190,ADBL,43,42,145,345.00,"50,025.00"
2019-04-23,2019042301006198,ADBL,43,16,141,346.00,"48,786.00"
2019-04-23,2019042301006197,ADBL,43,6,"2,000",346.00,"692,000.00"
2019-04-23,2019042301006196,ADBL,43,41,224,346.00,"77,504.00"
2019-04-23,2019042301006195,ADBL,43,34,200,346.00,"69,200.00"
2019-04-23,2019042301006194,ADBL,43,41,240,345.00,"82,800.00"
2019-04-23,2019042301006193,ADBL,43,59,500,345.00,"172,500.00"
2019-04-23,2019042301006208,AKPL,19,53,13,163.00,"2,119.00"
2019-04-23,2019042301006280,ALBSL,25,34,350,466.00,"163,100.00"
2019-04-23,2019042301006279,ALBSL,25,5,10,465.00,"4,650.00"
2019-04-23,2019042301006278,ALBSL,25,6,330,465.00,"153,450.00"
2019-04-23,2019042301006277,ALBSL,25,52,10,464.00,"4,640.00"
2019-04-23,2019042301006574,ALICL,50,45,180,416.00,"74,880.00"
2019-04-23,2019042301006573,ALICL,50,43,60,416.00,"24,960.00"
2019-04-23,2019042301006572,ALICL,50,45,60,415.00,"24,900.00"
2019-04-23,2019042301006534,AMFI,42,17,70,598.00,"41,860.00"
2019-04-23,2019042301006533,AMFI,38,17,20,600.00,"12,000.00"
2019-04-23,2019042301006335,AMFI,42,51,10,600.00,"6,000.00"
2019-04-23,2019042301006308,AMFI,14,51,10,601.00,"6,010.00"
2019-04-23,2019042301006274,AMFI,14,51,10,601.00,"6,010.00"
2019-04-23,2019042301006259,AMFI,14,51,10,601.00,"6,010.00"
2019-04-23,2019042301006228,AMFI,14,51,10,601.00,"6,010.00"
2019-04-23,2019042301006593,API,25,25,30,134.00,"4,020.00"
2019-04-23,2019042301006438,API,16,25,60,132.00,"7,920.00"
2019-04-23,2019042301006634,BOKL,52,35,10,281.00,"2,810.00"
2019-04-23,2019042301006248,BOKL,32,49,300,279.00,"83,700.00"
2019-04-23,2019042301006168,BOKL,37,21,12,278.00,"3,336.00"
2019-04-23,2019042301006598,BPCL,1,21,11,360.00,"3,960.00"
2019-04-23,2019042301006553,CBBL,33,13,500,"1,021.00","510,500.00"
2019-04-23,2019042301006462,CBBL,1,52,60,"1,021.00","61,260.00"
2019-04-23,2019042301006440,CBBL,54,13,350,"1,020.00","357,000.00"
2019-04-23,2019042301006426,CBBL,52,13,40,"1,020.00","40,800.00"
2019-04-23,2019042301006419,CBBL,54,13,380,"1,020.00","387,600.00"
2019-04-23,2019042301006403,CBBL,54,21,20,"1,020.00","20,400.00"
2019-04-23,2019042301006163,CBBL,59,13,20,"1,020.00","20,400.00"
2019-04-23,2019042301006316,CBBL,49,52,40,"1,021.00","40,840.00"
2019-04-23,2019042301006315,CBBL,49,43,60,"1,021.00","61,260.00"
2019-04-23,2019042301006247,CBBL,54,13,400,"1,020.00","408,000.00"
2019-04-23,2019042301006232,CBBL,26,43,10,"1,017.00","10,170.00"
2019-04-23,2019042301006214,CBBL,47,43,440,"1,017.00","447,480.00"
2019-04-23,2019042301006601,CBL,58,51,100,157.00,"15,700.00"
2019-04-23,2019042301006589,CBL,52,51,500,157.00,"78,500.00"
2019-04-23,2019042301006447,CBL,19,51,500,157.00,"78,500.00"
2019-04-23,2019042301006489,CCBL,6,50,591,170.00,"100,470.00"
2019-04-23,2019042301006488,CCBL,51,50,500,170.00,"85,000.00"
2019-04-23,2019042301006487,CCBL,7,50,400,170.00,"68,000.00"
2019-04-23,2019042301006486,CCBL,21,50,10,170.00,"1,700.00"
2019-04-23,2019042301006353,CCBL,29,36,500,171.00,"85,500.00"
2019-04-23,2019042301006352,CCBL,29,6,500,171.00,"85,500.00"
2019-04-23,2019042301006339,CFCL,57,14,100,107.00,"10,700.00"
2019-04-23,2019042301006338,CFCL,57,14,200,107.00,"21,400.00"
2019-04-23,2019042301006337,CFCL,28,14,"2,000",107.00,"214,000.00"
2019-04-23,2019042301006336,CFCL,1,14,500,107.00,"53,500.00"
2019-04-23,2019042301006307,CFCL,42,14,300,108.00,"32,400.00"
2019-04-23,2019042301006306,CFCL,21,14,100,108.00,"10,800.00"
2019-04-23,2019042301006164,CHLBS,7,34,10,493.00,"4,930.00"
2019-04-23,2019042301006446,CIT,11,11,10,"2,500.00","25,000.00"
2019-04-23,2019042301006256,CIT,34,5,55,"2,491.00","137,005.00"
2019-04-23,2019042301006255,CIT,33,5,25,"2,492.00","62,300.00"
2019-04-23,2019042301006254,CIT,16,5,20,"2,492.00","49,840.00"
2019-04-23,2019042301006209,CIT,41,21,49,"2,493.00","122,157.00"
2019-04-23,2019042301006603,CZBIL,42,28,431,230.00,"99,130.00"
2019-04-23,2019042301006602,CZBIL,42,33,69,230.00,"15,870.00"
2019-04-23,2019042301006583,CZBIL,42,55,500,229.00,"114,500.00"
2019-04-23,2019042301006513,CZBIL,32,34,101,227.00,"22,927.00"
2019-04-23,2019042301006459,CZBIL,17,33,45,230.00,"10,350.00"
2019-04-23,2019042301006458,CZBIL,17,17,400,230.00,"92,000.00"
2019-04-23,2019042301006174,CZBIL,6,34,308,226.00,"69,608.00"
2019-04-23,2019042301006451,CZBIL,17,47,"1,000",229.00,"229,000.00"
2019-04-23,2019042301006450,CZBIL,17,40,500,229.00,"114,500.00"
2019-04-23,2019042301006449,CZBIL,17,28,16,229.00,"3,664.00"
2019-04-23,2019042301006387,CZBIL,45,54,950,228.00,"216,600.00"
2019-04-23,2019042301006348,CZBIL,32,39,22,227.00,"4,994.00"
2019-04-23,2019042301006199,CZBIL,16,54,50,228.00,"11,400.00"
2019-04-23,2019042301006457,CZBIL,17,17,240,230.00,"55,200.00"
2019-04-23,2019042301006456,CZBIL,17,48,26,230.00,"5,980.00"
2019-04-23,2019042301006455,CZBIL,17,49,500,230.00,"115,000.00"
2019-04-23,2019042301006454,CZBIL,17,11,500,230.00,"115,000.00"
2019-04-23,2019042301006453,CZBIL,17,22,500,230.00,"115,000.00"
2019-04-23,2019042301006452,CZBIL,17,39,273,230.00,"62,790.00"
2019-04-23,2019042301006312,DBBL,47,51,74,127.00,"9,398.00"
2019-04-23,2019042301006311,DBBL,1,51,26,127.00,"3,302.00"
2019-04-23,2019042301006249,DBBL,41,36,71,128.00,"9,088.00"
2019-04-23,2019042301006637,EBL,37,28,80,671.00,"53,680.00"
2019-04-23,2019042301006579,EBL,14,28,10,671.00,"6,710.00"
2019-04-23,2019042301006439,EBL,37,44,413,669.00,"276,297.00"
2019-04-23,2019042301006430,EBL,32,44,30,669.00,"20,070.00"
2019-04-23,2019042301006236,EBL,35,22,63,668.00,"42,084.00"
2019-04-23,2019042301006253,EBL,35,39,100,669.00,"66,900.00"
2019-04-23,2019042301006238,EBL,35,45,50,669.00,"33,450.00"
2019-04-23,2019042301006237,EBL,35,22,30,668.00,"20,040.00"
2019-04-23,2019042301006429,EBL,35,44,57,669.00,"38,133.00"
2019-04-23,2019042301006411,EBL,17,5,50,670.00,"33,500.00"
2019-04-23,2019042301006410,EBL,17,34,979,670.00,"655,930.00"
2019-04-23,2019042301006409,EBL,17,32,100,670.00,"67,000.00"
2019-04-23,2019042301006313,EBL,32,32,50,670.00,"33,500.00"
2019-04-23,2019042301006599,EDBL,6,25,70,294.00,"20,580.00"
2019-04-23,2019042301006464,FMDBL,37,28,50,380.00,"19,000.00"
2019-04-23,2019042301006169,FOWAD,45,26,15,"1,540.00","23,100.00"
2019-04-23,2019042301006647,GBBL,21,43,500,209.00,"104,500.00"
2019-04-23,2019042301006646,GBBL,21,11,50,209.00,"10,450.00"
2019-04-23,2019042301006645,GBBL,21,50,50,209.00,"10,450.00"
2019-04-23,2019042301006644,GBBL,21,59,528,209.00,"110,352.00"
2019-04-23,2019042301006643,GBBL,21,47,500,208.00,"104,000.00"
2019-04-23,2019042301006642,GBBL,21,7,400,208.00,"83,200.00"
2019-04-23,2019042301006171,GBBL,47,13,200,206.00,"41,200.00"
2019-04-23,2019042301006641,GBBL,21,52,"1,000",208.00,"208,000.00"
2019-04-23,2019042301006640,GBBL,21,32,500,208.00,"104,000.00"
2019-04-23,2019042301006639,GBBL,21,1,500,207.00,"103,500.00"
2019-04-23,2019042301006624,GBBL,47,34,300,206.00,"61,800.00"
2019-04-23,2019042301006399,GBBL,47,39,100,206.00,"20,600.00"
2019-04-23,2019042301006222,GBBL,47,21,20,206.00,"4,120.00"
2019-04-23,2019042301006660,GBIME,34,59,11,302.00,"3,322.00"
2019-04-23,2019042301006540,GBIME,43,42,23,299.00,"6,877.00"
2019-04-23,2019042301006539,GBIME,6,42,77,299.00,"23,023.00"
2019-04-23,2019042301006461,GBIME,54,41,85,300.00,"25,500.00"
2019-04-23,2019042301006363,GBIME,17,59,389,302.00,"117,478.00"
2019-04-23,2019042301006362,GBIME,17,13,680,302.00,"205,360.00"
2019-04-23,2019042301006216,GBIME,36,16,"1,222",300.00,"366,600.00"
2019-04-23,2019042301006285,GBIME,17,36,"1,500",300.00,"450,000.00"
2019-04-23,2019042301006284,GBIME,17,48,100,300.00,"30,000.00"
2019-04-23,2019042301006283,GBIME,17,25,50,300.00,"15,000.00"
2019-04-23,2019042301006282,GBIME,17,42,119,300.00,"35,700.00"
2019-04-23,2019042301006281,GBIME,17,16,278,300.00,"83,400.00"
2019-04-23,2019042301006267,GBIME,6,49,300,299.00,"89,700.00"
2019-04-23,2019042301006291,GBIME,17,22,342,300.00,"102,600.00"
2019-04-23,2019042301006290,GBIME,17,6,"1,000",300.00,"300,000.00"
2019-04-23,2019042301006289,GBIME,17,11,41,300.00,"12,300.00"
2019-04-23,2019042301006288,GBIME,17,11,152,300.00,"45,600.00"
2019-04-23,2019042301006287,GBIME,17,33,45,300.00,"13,500.00"
2019-04-23,2019042301006286,GBIME,17,55,200,300.00,"60,000.00"
2019-04-23,2019042301006361,GBIME,17,52,333,302.00,"100,566.00"
2019-04-23,2019042301006360,GBIME,17,34,200,301.00,"60,200.00"
2019-04-23,2019042301006359,GBIME,17,55,398,301.00,"119,798.00"
2019-04-23,2019042301006317,GBIME,34,55,"1,602",301.00,"482,202.00"
2019-04-23,2019042301006297,GBIME,54,21,15,300.00,"4,500.00"
2019-04-23,2019042301006292,GBIME,17,56,400,300.00,"120,000.00"
2019-04-23,2019042301006402,GBLBS,41,21,10,350.00,"3,500.00"
2019-04-23,2019042301006401,GBLBS,41,19,10,350.00,"3,500.00"
2019-04-23,2019042301006212,GBLBS,46,34,20,346.00,"6,920.00"
2019-04-23,2019042301006211,GBLBS,33,34,40,346.00,"13,840.00"
2019-04-23,2019042301006235,GDBL,47,13,180,199.00,"35,820.00"
2019-04-23,2019042301006234,GDBL,25,13,20,199.00,"3,980.00"
2019-04-23,2019042301006333,GDBL,47,35,200,199.00,"39,800.00"
2019-04-23,2019042301006341,GDBL,45,14,17,200.00,"3,400.00"
2019-04-23,2019042301006340,GDBL,45,41,83,200.00,"16,600.00"
2019-04-23,2019042301006615,GDBL,25,14,10,200.00,"2,000.00"
2019-04-23,2019042301006600,GDBL,47,59,500,199.00,"99,500.00"
2019-04-23,2019042301006610,GLICL,46,35,93,532.00,"49,476.00"
2019-04-23,2019042301006521,GLICL,39,6,10,540.00,"5,400.00"
2019-04-23,2019042301006520,GLICL,39,56,168,539.00,"90,552.00"
2019-04-23,2019042301006162,GUFL,45,51,350,111.00,"38,850.00"
2019-04-23,2019042301006189,HBL,17,38,500,562.00,"281,000.00"
2019-04-23,2019042301006188,HBL,17,11,24,562.00,"13,488.00"
2019-04-23,2019042301006187,HBL,17,55,100,561.00,"56,100.00"
2019-04-23,2019042301006186,HBL,17,29,304,561.00,"170,544.00"
2019-04-23,2019042301006527,HGI,17,34,100,390.00,"39,000.00"
2019-04-23,2019042301006491,HIDCL,29,7,324,136.00,"44,064.00"
2019-04-23,2019042301006175,JBBL,1,42,27,138.00,"3,726.00"
2019-04-23,2019042301006659,JBNL,48,45,"2,438",193.00,"470,534.00"
2019-04-23,2019042301006658,JBNL,48,44,"1,513",193.00,"292,009.00"
2019-04-23,2019042301006657,JBNL,48,22,"1,000",193.00,"193,000.00"
2019-04-23,2019042301006656,JBNL,48,44,276,193.00,"53,268.00"
2019-04-23,2019042301006625,JBNL,50,44,802,193.00,"154,786.00"
2019-04-23,2019042301006616,JBNL,59,44,100,193.00,"19,300.00"
2019-04-23,2019042301006580,JBNL,42,44,350,193.00,"67,550.00"
2019-04-23,2019042301006412,JBNL,50,43,198,192.00,"38,016.00"
2019-04-23,2019042301006389,JBNL,29,43,100,192.00,"19,200.00"
2019-04-23,2019042301006347,JBNL,41,43,400,192.00,"76,800.00"
2019-04-23,2019042301006206,KBL,41,49,121,226.00,"27,346.00"
2019-04-23,2019042301006633,KMCDB,7,7,295,753.00,"222,135.00"
2019-04-23,2019042301006632,KMCDB,39,7,100,754.00,"75,400.00"
2019-04-23,2019042301006631,KMCDB,57,7,50,755.00,"37,750.00"
2019-04-23,2019042301006630,KMCDB,57,7,55,756.00,"41,580.00"
2019-04-23,2019042301006532,KMCDB,57,37,145,756.00,"109,620.00"
2019-04-23,2019042301006531,KMCDB,57,37,50,756.00,"37,800.00"
2019-04-23,2019042301006180,KNBL,34,6,303,125.00,"37,875.00"
2019-04-23,2019042301006406,KPCL,14,8,10,91.00,910.00
2019-04-23,2019042301006405,KPCL,14,8,10,91.00,910.00
2019-04-23,2019042301006404,KPCL,14,8,10,91.00,910.00
2019-04-23,2019042301006554,KSBBL,6,49,990,146.00,"144,540.00"
2019-04-23,2019042301006266,KSBBL,6,13,200,146.00,"29,200.00"
2019-04-23,2019042301006542,LBL,32,21,99,230.00,"22,770.00"
2019-04-23,2019042301006482,LBL,17,57,500,230.00,"115,000.00"
2019-04-23,2019042301006481,LBL,17,5,500,230.00,"115,000.00"
2019-04-23,2019042301006480,LBL,17,48,339,230.00,"77,970.00"
2019-04-23,2019042301006479,LBL,17,16,"1,861",230.00,"428,030.00"
2019-04-23,2019042301006478,LBL,17,57,100,229.00,"22,900.00"
2019-04-23,2019042301006385,LBL,36,16,39,230.00,"8,970.00"
2019-04-23,2019042301006223,LBL,46,34,130,228.00,"29,640.00"
2019-04-23,2019042301006622,LGIL,48,48,123,514.00,"63,222.00"
2019-04-23,2019042301006621,LGIL,37,48,500,514.00,"257,000.00"
2019-04-23,2019042301006620,LGIL,34,48,203,514.00,"104,342.00"
2019-04-23,2019042301006619,LGIL,14,48,74,515.00,"38,110.00"
2019-04-23,2019042301006386,LGIL,54,55,200,516.00,"103,200.00"
2019-04-23,2019042301006357,LGIL,46,55,150,516.00,"77,400.00"
2019-04-23,2019042301006229,LGIL,14,34,90,515.00,"46,350.00"
2019-04-23,2019042301006221,LGIL,41,55,300,516.00,"154,800.00"
2019-04-23,2019042301006635,MBL,17,40,900,266.00,"239,400.00"
2019-04-23,2019042301006597,MBL,16,40,10,266.00,"2,660.00"
2019-04-23,2019042301006596,MBL,55,42,100,265.00,"26,500.00"
2019-04-23,2019042301006566,MBL,55,56,100,265.00,"26,500.00"
2019-04-23,2019042301006463,MBL,17,14,"1,000",266.00,"266,000.00"
2019-04-23,2019042301006431,MBL,55,21,215,265.00,"56,975.00"
2019-04-23,2019042301006355,MBL,38,49,50,266.00,"13,300.00"
2019-04-23,2019042301006354,MBL,38,1,100,266.00,"26,600.00"
2019-04-23,2019042301006305,MBL,55,13,100,265.00,"26,500.00"
2019-04-23,2019042301006225,MBL,55,42,50,265.00,"13,250.00"
2019-04-23,2019042301006504,MDB,28,16,200,243.00,"48,600.00"
2019-04-23,2019042301006587,MEGA,38,58,100,182.00,"18,200.00"
2019-04-23,2019042301006586,MEGA,38,42,60,180.00,"10,800.00"
2019-04-23,2019042301006561,MEGA,33,42,140,180.00,"25,200.00"
2019-04-23,2019042301006538,MEGA,17,58,30,182.00,"5,460.00"
2019-04-23,2019042301006484,MEGA,32,39,49,181.00,"8,869.00"
2019-04-23,2019042301006408,MEGA,22,39,251,181.00,"45,431.00"
2019-04-23,2019042301006407,MEGA,22,57,49,181.00,"8,869.00"
2019-04-23,2019042301006395,MLBL,59,28,50,178.00,"8,900.00"
2019-04-23,2019042301006617,MMFDB,48,7,16,894.00,"14,304.00"
2019-04-23,2019042301006571,MMFDB,41,7,40,893.00,"35,720.00"
2019-04-23,2019042301006570,MMFDB,25,7,20,895.00,"17,900.00"
2019-04-23,2019042301006569,MMFDB,25,7,20,895.00,"17,900.00"
2019-04-23,2019042301006548,MNBBL,42,28,300,373.00,"111,900.00"
2019-04-23,2019042301006537,MNBBL,54,57,414,374.00,"154,836.00"
2019-04-23,2019042301006468,MNBBL,33,57,200,374.00,"74,800.00"
2019-04-23,2019042301006356,MNBBL,45,57,100,374.00,"37,400.00"
2019-04-23,2019042301006252,MNBBL,33,34,216,372.00,"80,352.00"
2019-04-23,2019042301006251,MNBBL,10,34,200,372.00,"74,400.00"
2019-04-23,2019042301006467,NABIL,25,32,150,881.00,"132,150.00"
2019-04-23,2019042301006434,NABIL,25,6,50,881.00,"44,050.00"
2019-04-23,2019042301006397,NABIL,5,6,10,881.00,"8,810.00"
2019-04-23,2019042301006321,NABIL,45,33,78,871.00,"67,938.00"
2019-04-23,2019042301006320,NABIL,45,33,100,871.00,"87,100.00"
2019-04-23,2019042301006319,NABIL,32,33,50,875.00,"43,750.00"
2019-04-23,2019042301006181,NABIL,25,17,91,875.00,"79,625.00"
2019-04-23,2019042301006318,NABIL,49,33,43,876.00,"37,668.00"
2019-04-23,2019042301006309,NABIL,47,6,100,881.00,"88,100.00"
2019-04-23,2019042301006298,NABIL,5,6,10,881.00,"8,810.00"
2019-04-23,2019042301006275,NABIL,49,55,57,876.00,"49,932.00"
2019-04-23,2019042301006213,NABIL,25,33,59,875.00,"51,625.00"
2019-04-23,2019042301006182,NABIL,25,13,50,875.00,"43,750.00"
2019-04-23,2019042301006588,NABILP,37,44,500,819.00,"409,500.00"
2019-04-23,2019042301006207,NABILP,32,45,400,817.00,"326,800.00"
2019-04-23,2019042301006304,NABILP,25,11,200,817.00,"163,400.00"
2019-04-23,2019042301006303,NABILP,25,45,500,817.00,"408,500.00"
2019-04-23,2019042301006273,NABILP,52,45,100,817.00,"81,700.00"
2019-04-23,2019042301006332,NABILP,34,42,200,816.00,"163,200.00"
2019-04-23,2019042301006564,NBB,52,25,617,231.00,"142,527.00"
2019-04-23,2019042301006563,NBB,52,21,133,231.00,"30,723.00"
2019-04-23,2019042301006562,NBB,52,46,250,231.00,"57,750.00"
2019-04-23,2019042301006524,NBB,53,42,100,228.00,"22,800.00"
2019-04-23,2019042301006523,NBB,13,42,100,228.00,"22,800.00"
2019-04-23,2019042301006435,NBB,5,34,299,229.00,"68,471.00"
2019-04-23,2019042301006272,NBB,34,34,500,229.00,"114,500.00"
2019-04-23,2019042301006271,NBB,57,34,100,229.00,"22,900.00"
2019-04-23,2019042301006614,NBL,44,42,50,309.00,"15,450.00"
2019-04-23,2019042301006613,NBL,35,42,150,309.00,"46,350.00"
2019-04-23,2019042301006585,NBL,35,55,50,309.00,"15,450.00"
2019-04-23,2019042301006584,NBL,32,55,950,309.00,"293,550.00"
2019-04-23,2019042301006582,NBL,51,33,100,310.00,"31,000.00"
2019-04-23,2019042301006549,NBL,32,18,"1,000",309.00,"309,000.00"
2019-04-23,2019042301006473,NBL,37,22,353,310.00,"109,430.00"
2019-04-23,2019042301006472,NBL,37,49,147,310.00,"45,570.00"
2019-04-23,2019042301006374,NBL,29,49,53,310.00,"16,430.00"
2019-04-23,2019042301006373,NBL,29,43,47,310.00,"14,570.00"
2019-04-23,2019042301006519,NBL,38,33,253,310.00,"78,430.00"
2019-04-23,2019042301006518,NBL,38,13,147,310.00,"45,570.00"
2019-04-23,2019042301006510,NBL,32,18,50,309.00,"15,450.00"
2019-04-23,2019042301006509,NBL,45,18,950,309.00,"293,550.00"
2019-04-23,2019042301006475,NBL,32,13,353,310.00,"109,430.00"
2019-04-23,2019042301006474,NBL,32,22,647,310.00,"200,570.00"
2019-04-23,2019042301006568,NCCB,16,16,8,230.00,"1,840.00"
2019-04-23,2019042301006476,NCCB,50,44,"1,690",233.00,"393,770.00"
2019-04-23,2019042301006165,NCCB,46,44,310,233.00,"72,230.00"
2019-04-23,2019042301006558,NHPC,7,19,450,69.00,"31,050.00"
2019-04-23,2019042301006494,NIB,14,11,72,565.00,"40,680.00"
2019-04-23,2019042301006299,NIB,4,34,44,564.00,"24,816.00"
2019-04-23,2019042301006334,NIBPO,56,36,500,517.00,"258,500.00"
2019-04-23,2019042301006618,NICA,34,11,50,490.00,"24,500.00"
2019-04-23,2019042301006609,NICA,14,57,264,491.00,"129,624.00"
2019-04-23,2019042301006608,NICA,14,57,436,491.00,"214,076.00"
2019-04-23,2019042301006607,NICA,34,29,678,490.00,"332,220.00"
2019-04-23,2019042301006606,NICA,17,29,100,490.00,"49,000.00"
2019-04-23,2019042301006547,NICA,49,57,80,491.00,"39,280.00"
2019-04-23,2019042301006177,NICA,49,13,500,491.00,"245,500.00"
2019-04-23,2019042301006176,NICA,49,26,264,491.00,"129,624.00"
2019-04-23,2019042301006167,NICA,36,35,"1,924",490.00,"942,760.00"
2019-04-23,2019042301006166,NICA,36,35,76,490.00,"37,240.00"
2019-04-23,2019042301006268,NICA,36,19,50,490.00,"24,500.00"
2019-04-23,2019042301006210,NICA,49,45,132,492.00,"64,944.00"
2019-04-23,2019042301006202,NICA,52,45,368,492.00,"181,056.00"
2019-04-23,2019042301006201,NICA,52,13,500,492.00,"246,000.00"
2019-04-23,2019042301006200,NICA,52,45,132,492.00,"64,944.00"
2019-04-23,2019042301006178,NICA,49,45,100,491.00,"49,100.00"
2019-04-23,2019042301006460,NICA,36,57,500,491.00,"245,500.00"
2019-04-23,2019042301006400,NICA,29,57,200,491.00,"98,200.00"
2019-04-23,2019042301006393,NICA,49,57,30,491.00,"14,730.00"
2019-04-23,2019042301006388,NICA,50,28,"1,000",491.00,"491,000.00"
2019-04-23,2019042301006301,NICA,49,36,974,490.00,"477,260.00"
2019-04-23,2019042301006300,NICA,36,36,26,490.00,"12,740.00"
2019-04-23,2019042301006511,NICA,32,57,20,491.00,"9,820.00"
2019-04-23,2019042301006505,NICA,52,42,200,490.00,"98,000.00"
2019-04-23,2019042301006499,NICA,49,57,464,491.00,"227,824.00"
2019-04-23,2019042301006498,NICA,49,54,66,491.00,"32,406.00"
2019-04-23,2019042301006497,NICA,49,57,270,491.00,"132,570.00"
2019-04-23,2019042301006483,NICA,52,36,100,490.00,"49,000.00"
2019-04-23,2019042301006226,NICL,25,53,400,390.00,"156,000.00"
2019-04-23,2019042301006384,NICL,25,44,"1,840",390.00,"717,600.00"
2019-04-23,2019042301006383,NICL,25,50,100,390.00,"39,000.00"
2019-04-23,2019042301006382,NICL,25,53,60,390.00,"23,400.00"
2019-04-23,2019042301006375,NICL,25,53,68,390.00,"26,520.00"
2019-04-23,2019042301006346,NICL,25,1,100,389.00,"38,900.00"
2019-04-23,2019042301006345,NICL,25,44,"1,000",389.00,"389,000.00"
2019-04-23,2019042301006390,NIL,32,34,50,529.00,"26,450.00"
2019-04-23,2019042301006351,NIL,1,46,"1,000",528.00,"528,000.00"
2019-04-23,2019042301006350,NIL,1,38,182,528.00,"96,096.00"
2019-04-23,2019042301006349,NIL,1,43,50,528.00,"26,400.00"
2019-04-23,2019042301006179,NIL,14,43,150,528.00,"79,200.00"
2019-04-23,2019042301006325,NLBBL,50,16,282,465.00,"131,130.00"
2019-04-23,2019042301006324,NLBBL,29,16,300,465.00,"139,500.00"
2019-04-23,2019042301006323,NLBBL,34,16,100,466.00,"46,600.00"
2019-04-23,2019042301006322,NLBBL,26,16,10,466.00,"4,660.00"
2019-04-23,2019042301006507,NLG,39,59,40,825.00,"33,000.00"
2019-04-23,2019042301006506,NLG,29,59,10,825.00,"8,250.00"
2019-04-23,2019042301006258,NLG,29,19,90,825.00,"74,250.00"
2019-04-23,2019042301006257,NLG,6,19,10,826.00,"8,260.00"
2019-04-23,2019042301006231,NLIC,22,58,10,"1,140.00","11,400.00"
2019-04-23,2019042301006605,NLICL,48,34,150,615.00,"92,250.00"
2019-04-23,2019042301006604,NLICL,48,35,200,614.00,"122,800.00"
2019-04-23,2019042301006433,NLICL,35,34,50,615.00,"30,750.00"
2019-04-23,2019042301006398,NLICL,54,42,100,615.00,"61,500.00"
2019-04-23,2019042301006552,NMB,49,8,153,380.00,"58,140.00"
2019-04-23,2019042301006551,NMB,4,8,"1,000",380.00,"380,000.00"
2019-04-23,2019042301006550,NMB,50,8,847,380.00,"321,860.00"
2019-04-23,2019042301006530,NMB,26,4,"1,000",382.00,"382,000.00"
2019-04-23,2019042301006503,NMB,50,6,153,380.00,"58,140.00"
2019-04-23,2019042301006502,NMB,59,6,100,380.00,"38,000.00"
2019-04-23,2019042301006170,NMB,36,47,266,381.00,"101,346.00"
2019-04-23,2019042301006501,NMB,14,6,41,380.00,"15,580.00"
2019-04-23,2019042301006500,NMB,36,6,85,381.00,"32,385.00"
2019-04-23,2019042301006250,NMB,32,4,800,382.00,"305,600.00"
2019-04-23,2019042301006242,NMB,4,4,200,382.00,"76,400.00"
2019-04-23,2019042301006220,NMB,52,4,568,383.00,"217,544.00"
2019-04-23,2019042301006219,NMB,52,4,432,382.00,"165,024.00"
2019-04-23,2019042301006425,NMFBS,33,28,180,"1,715.00","308,700.00"
2019-04-23,2019042301006379,NMFBS,33,5,54,"1,711.00","92,394.00"
2019-04-23,2019042301006302,NMFBS,33,46,15,"1,700.00","25,500.00"
2019-04-23,2019042301006265,NNLB,16,57,10,460.00,"4,600.00"
2019-04-23,2019042301006477,NSEWA,51,6,10,465.00,"4,650.00"
2019-04-23,2019042301006260,NSEWA,32,46,10,461.00,"4,610.00"
2019-04-23,2019042301006577,NTC,6,22,655,690.00,"451,950.00"
2019-04-23,2019042301006276,PFL,50,46,39,134.00,"5,226.00"
2019-04-23,2019042301006522,PIC,44,44,1,"1,006.00","1,006.00"
2019-04-23,2019042301006215,PIC,7,34,39,"1,026.00","40,014.00"
2019-04-23,2019042301006567,PICL,58,34,10,727.00,"7,270.00"
2019-04-23,2019042301006556,PICL,10,39,500,720.00,"360,000.00"
2019-04-23,2019042301006161,PICL,47,43,428,729.00,"312,012.00"
2019-04-23,2019042301006471,PLIC,56,28,330,479.00,"158,070.00"
2019-04-23,2019042301006470,PLIC,56,6,50,479.00,"23,950.00"
2019-04-23,2019042301006469,PLIC,56,35,50,479.00,"23,950.00"
2019-04-23,2019042301006445,PLIC,56,35,90,479.00,"43,110.00"
2019-04-23,2019042301006358,PLIC,32,35,50,479.00,"23,950.00"
2019-04-23,2019042301006227,PMHPL,56,53,10,111.00,"1,110.00"
2019-04-23,2019042301006239,PRIN,1,32,514,427.00,"219,478.00"
2019-04-23,2019042301006173,PRIN,1,41,50,420.00,"21,000.00"
2019-04-23,2019042301006172,PRIN,32,41,200,420.00,"84,000.00"
2019-04-23,2019042301006655,PRVU,36,39,69,278.00,"19,182.00"
2019-04-23,2019042301006654,PRVU,36,42,10,277.00,"2,770.00"
2019-04-23,2019042301006653,PRVU,36,43,200,277.00,"55,400.00"
2019-04-23,2019042301006652,PRVU,36,38,18,277.00,"4,986.00"
2019-04-23,2019042301006651,PRVU,36,1,500,277.00,"138,500.00"
2019-04-23,2019042301006650,PRVU,36,49,500,277.00,"138,500.00"
2019-04-23,2019042301006314,PRVU,43,34,140,274.00,"38,360.00"
2019-04-23,2019042301006205,PRVU,14,51,10,276.00,"2,760.00"
2019-04-23,2019042301006204,PRVU,14,25,90,275.00,"24,750.00"
2019-04-23,2019042301006331,PRVU,50,45,150,276.00,"41,400.00"
2019-04-23,2019042301006330,PRVU,50,22,400,276.00,"110,400.00"
2019-04-23,2019042301006329,PRVU,50,38,50,276.00,"13,800.00"
2019-04-23,2019042301006328,PRVU,50,51,150,276.00,"41,400.00"
2019-04-23,2019042301006327,PRVU,50,39,250,275.00,"68,750.00"
2019-04-23,2019042301006514,PRVU,17,6,592,276.00,"163,392.00"
2019-04-23,2019042301006465,PRVU,52,14,970,276.00,"267,720.00"
2019-04-23,2019042301006428,PRVU,36,14,30,276.00,"8,280.00"
2019-04-23,2019042301006427,PRVU,36,45,350,276.00,"96,600.00"
2019-04-23,2019042301006578,PRVU,28,17,20,277.00,"5,540.00"
2019-04-23,2019042301006541,PRVU,32,34,140,275.00,"38,500.00"
2019-04-23,2019042301006536,PRVU,32,1,351,275.00,"96,525.00"
2019-04-23,2019042301006535,PRVU,51,1,100,275.00,"27,500.00"
2019-04-23,2019042301006649,PRVU,36,17,200,277.00,"55,400.00"
2019-04-23,2019042301006648,PRVU,36,17,80,277.00,"22,160.00"
2019-04-23,2019042301006629,PRVU,38,25,51,274.00,"13,974.00"
2019-04-23,2019042301006628,PRVU,43,25,140,274.00,"38,360.00"
2019-04-23,2019042301006627,PRVU,32,25,500,275.00,"137,500.00"
2019-04-23,2019042301006626,PRVU,32,25,509,275.00,"139,975.00"
2019-04-23,2019042301006230,RBCLPO,35,25,17,"8,250.00","140,250.00"
2019-04-23,2019042301006392,RLFL,32,34,101,123.00,"12,423.00"
2019-04-23,2019042301006391,RLFL,32,17,132,123.00,"16,236.00"
2019-04-23,2019042301006380,RMDC,19,34,10,578.00,"5,780.00"
2019-04-23,2019042301006326,RMDC,10,41,10,578.00,"5,780.00"
2019-04-23,2019042301006224,RSDC,53,58,30,376.00,"11,280.00"
2019-04-23,2019042301006413,SADBL,54,34,198,146.00,"28,908.00"
2019-04-23,2019042301006396,SADBL,54,7,267,146.00,"38,982.00"
2019-04-23,2019042301006638,SANIMA,51,42,40,340.00,"13,600.00"
2019-04-23,2019042301006560,SANIMA,51,34,12,340.00,"4,080.00"
2019-04-23,2019042301006559,SANIMA,46,34,104,340.00,"35,360.00"
2019-04-23,2019042301006432,SANIMA,46,34,350,340.00,"119,000.00"
2019-04-23,2019042301006466,SBI,50,38,450,505.00,"227,250.00"
2019-04-23,2019042301006270,SBI,54,38,50,505.00,"25,250.00"
2019-04-23,2019042301006269,SBI,54,20,100,505.00,"50,500.00"
2019-04-23,2019042301006218,SBI,46,42,100,501.00,"50,100.00"
2019-04-23,2019042301006217,SBI,36,42,50,501.00,"25,050.00"
2019-04-23,2019042301006611,SBL,17,45,735,344.00,"252,840.00"
2019-04-23,2019042301006595,SBL,53,45,500,344.00,"172,000.00"
2019-04-23,2019042301006378,SBL,54,44,10,348.00,"3,480.00"
2019-04-23,2019042301006377,SBL,54,39,50,348.00,"17,400.00"
2019-04-23,2019042301006376,SBL,54,34,40,347.00,"13,880.00"
2019-04-23,2019042301006370,SBL,25,42,991,344.00,"340,904.00"
2019-04-23,2019042301006369,SBL,22,42,200,345.00,"69,000.00"
2019-04-23,2019042301006368,SBL,49,42,100,345.00,"34,500.00"
2019-04-23,2019042301006367,SBL,43,42,109,345.00,"37,605.00"
2019-04-23,2019042301006233,SBL,43,52,326,345.00,"112,470.00"
2019-04-23,2019042301006448,SCB,25,45,200,727.00,"145,400.00"
2019-04-23,2019042301006444,SCB,33,45,36,727.00,"26,172.00"
2019-04-23,2019042301006443,SCB,33,55,150,727.00,"109,050.00"
2019-04-23,2019042301006442,SCB,33,6,40,725.00,"29,000.00"
2019-04-23,2019042301006441,SCB,33,40,50,724.00,"36,200.00"
2019-04-23,2019042301006418,SCB,33,32,40,725.00,"29,000.00"
2019-04-23,2019042301006262,SCB,52,37,100,720.00,"72,000.00"
2019-04-23,2019042301006261,SCB,52,28,130,720.00,"93,600.00"
2019-04-23,2019042301006246,SCB,6,6,4,710.00,"2,840.00"
2019-04-23,2019042301006245,SCB,25,29,78,719.00,"56,082.00"
2019-04-23,2019042301006244,SCB,25,21,33,718.00,"23,694.00"
2019-04-23,2019042301006243,SCB,25,16,75,717.00,"53,775.00"
2019-04-23,2019042301006344,SCB,10,16,110,724.00,"79,640.00"
2019-04-23,2019042301006343,SCB,10,25,250,724.00,"181,000.00"
2019-04-23,2019042301006342,SCB,10,1,20,721.00,"14,420.00"
2019-04-23,2019042301006310,SCB,52,50,100,720.00,"72,000.00"
2019-04-23,2019042301006264,SCB,52,41,64,720.00,"46,080.00"
2019-04-23,2019042301006263,SCB,52,22,100,720.00,"72,000.00"
2019-04-23,2019042301006417,SCB,33,25,200,725.00,"145,000.00"
2019-04-23,2019042301006416,SCB,33,22,200,725.00,"145,000.00"
2019-04-23,2019042301006415,SCB,33,47,300,725.00,"217,500.00"
2019-04-23,2019042301006414,SCB,33,45,84,725.00,"60,900.00"
2019-04-23,2019042301006381,SCB,10,50,150,720.00,"108,000.00"
2019-04-23,2019042301006372,SCB,34,50,50,720.00,"36,000.00"
2019-04-23,2019042301006525,SEOS,21,58,"1,200",10.15,"12,180.00"
2019-04-23,2019042301006512,SEOS,21,46,"1,600",10.15,"16,240.00"
2019-04-23,2019042301006528,SHINE,55,49,34,232.00,"7,888.00"
2019-04-23,2019042301006636,SHIVM,14,43,10,310.00,"3,100.00"
2019-04-23,2019042301006516,SHL,29,17,100,210.00,"21,000.00"
2019-04-23,2019042301006515,SHL,34,17,100,211.00,"21,100.00"
2019-04-23,2019042301006495,SICL,39,22,400,891.00,"356,400.00"
2019-04-23,2019042301006203,SICL,1,34,500,895.00,"447,500.00"
2019-04-23,2019042301006424,SIL,54,5,100,611.00,"61,100.00"
2019-04-23,2019042301006394,SINDU,29,52,50,132.00,"6,600.00"
2019-04-23,2019042301006576,SKBBL,57,33,200,994.00,"198,800.00"
2019-04-23,2019042301006575,SKBBL,57,14,12,993.00,"11,916.00"
2019-04-23,2019042301006493,SKBBL,35,14,288,993.00,"285,984.00"
2019-04-23,2019042301006492,SKBBL,35,28,12,993.00,"11,916.00"
2019-04-23,2019042301006420,SLBBL,21,6,50,499.00,"24,950.00"
2019-04-23,2019042301006296,SLBS,1,19,78,969.00,"75,582.00"
2019-04-23,2019042301006295,SLBS,1,42,10,969.00,"9,690.00"
2019-04-23,2019042301006294,SLBS,1,25,18,965.00,"17,370.00"
2019-04-23,2019042301006293,SLBS,1,5,18,960.00,"17,280.00"
2019-04-23,2019042301006485,SLICL,16,5,10,547.00,"5,470.00"
2019-04-23,2019042301006437,SLICL,51,43,532,545.00,"289,940.00"
2019-04-23,2019042301006436,SLICL,50,43,100,546.00,"54,600.00"
2019-04-23,2019042301006612,SMATA,41,25,18,"1,240.00","22,320.00"
2019-04-23,2019042301006592,SRBL,34,48,174,253.00,"44,022.00"
2019-04-23,2019042301006591,SRBL,34,34,500,253.00,"126,500.00"
2019-04-23,2019042301006590,SRBL,34,46,490,253.00,"123,970.00"
2019-04-23,2019042301006565,SRBL,26,43,858,252.00,"216,216.00"
2019-04-23,2019042301006508,SRBL,29,46,10,253.00,"2,530.00"
2019-04-23,2019042301006490,SRBL,53,34,206,251.00,"51,706.00"
2019-04-23,2019042301006623,UIC,5,35,10,868.00,"8,680.00"
2019-04-23,2019042301006581,UIC,5,21,90,860.00,"77,400.00"
2019-04-23,2019042301006555,UIC,5,21,10,860.00,"8,600.00"
2019-04-23,2019042301006517,UIC,5,36,100,870.00,"87,000.00"
2019-04-23,2019042301006496,UIC,5,38,50,865.00,"43,250.00"
2019-04-23,2019042301006366,UIC,48,36,10,870.00,"8,700.00"
2019-04-23,2019042301006365,UIC,48,33,100,865.00,"86,500.00"
2019-04-23,2019042301006364,UIC,48,57,50,862.00,"43,100.00"
2019-04-23,2019042301006594,UMHL,7,39,69,112.00,"7,728.00"
2019-04-23,2019042301006557,UMHL,7,46,14,112.00,"1,568.00"
2019-04-23,2019042301006241,UNL,3,17,10,"19,743.00","197,430.00"
2019-04-23,2019042301006240,UNL,3,57,10,"19,742.00","197,420.00"
2019-04-23,2019042301006185,UPCL,11,51,200,91.00,"18,200.00"
2019-04-23,2019042301006184,UPCL,11,52,670,91.00,"60,970.00"
2019-04-23,2019042301006183,UPCL,11,54,10,91.00,910.00
2019-04-23,2019042301006546,UPPER,57,29,50,230.00,"11,500.00"
2019-04-23,2019042301006545,UPPER,57,29,50,230.00,"11,500.00"
2019-04-23,2019042301006544,UPPER,57,29,40,230.00,"9,200.00"
2019-04-23,2019042301006543,UPPER,57,22,257,230.00,"59,110.00"
2019-04-23,2019042301006526,UPPER,52,46,50,229.00,"11,450.00"
2019-04-23,2019042301006423,UPPER,26,22,500,230.00,"115,000.00"
2019-04-23,2019042301006422,UPPER,52,22,200,230.00,"46,000.00"
2019-04-23,2019042301006421,UPPER,45,22,43,230.00,"9,890.00"
2019-04-23,2019042301005760,ADBL,19,36,15,342.00,"5,130.00"
2019-04-23,2019042301005721,ADBL,54,36,10,342.00,"3,420.00"
2019-04-23,2019042301005748,AKPL,19,42,10,163.00,"1,630.00"
2019-04-23,2019042301005756,ALBSL,42,1,50,463.00,"23,150.00"
2019-04-23,2019042301005672,ALBSL,1,6,100,465.00,"46,500.00"
2019-04-23,2019042301006108,ALICL,39,34,50,412.00,"20,600.00"
2019-04-23,2019042301006107,ALICL,16,34,20,412.00,"8,240.00"
2019-04-23,2019042301006090,ALICL,49,45,40,415.00,"16,600.00"
2019-04-23,2019042301005713,ALICL,54,21,10,415.00,"4,150.00"
2019-04-23,2019042301006084,API,38,25,"1,149",130.00,"149,370.00"
2019-04-23,2019042301005927,API,38,39,"6,112",130.00,"794,560.00"
2019-04-23,2019042301005926,API,47,39,"1,489",130.00,"193,570.00"
2019-04-23,2019042301005925,API,25,39,300,131.00,"39,300.00"
2019-04-23,2019042301005924,API,58,39,50,131.00,"6,550.00"
2019-04-23,2019042301005923,API,42,39,10,131.00,"1,310.00"
2019-04-23,2019042301005922,API,25,39,39,132.00,"5,148.00"
2019-04-23,2019042301005868,API,25,53,11,132.00,"1,452.00"
2019-04-23,2019042301006039,BHBL,29,16,400,164.00,"65,600.00"
2019-04-23,2019042301006127,BOKL,37,34,79,278.00,"21,962.00"
2019-04-23,2019042301005955,BOKL,36,13,50,282.00,"14,100.00"
2019-04-23,2019042301005935,BOKL,43,19,280,281.00,"78,680.00"
2019-04-23,2019042301005934,BOKL,43,47,"1,000",281.00,"281,000.00"
2019-04-23,2019042301005920,BOKL,43,48,900,280.00,"252,000.00"
2019-04-23,2019042301005919,BOKL,43,22,100,280.00,"28,000.00"
2019-04-23,2019042301005856,BOKL,37,13,100,278.00,"27,800.00"
2019-04-23,2019042301005734,BOKL,37,14,11,278.00,"3,058.00"
2019-04-23,2019042301005918,BOKL,43,58,66,280.00,"18,480.00"
2019-04-23,2019042301005917,BOKL,43,45,164,280.00,"45,920.00"
2019-04-23,2019042301005916,BOKL,43,25,129,280.00,"36,120.00"
2019-04-23,2019042301005915,BOKL,43,38,50,280.00,"14,000.00"
2019-04-23,2019042301005914,BOKL,43,29,66,280.00,"18,480.00"
2019-04-23,2019042301005867,BOKL,52,25,48,279.00,"13,392.00"
2019-04-23,2019042301005904,BPCL,32,17,20,361.00,"7,220.00"
2019-04-23,2019042301005738,BPCL,32,17,21,361.00,"7,581.00"
2019-04-23,2019042301005719,BPCL,1,46,11,360.00,"3,960.00"
2019-04-23,2019042301006159,CBBL,54,13,300,"1,020.00","306,000.00"
2019-04-23,2019042301006126,CBBL,54,16,100,"1,020.00","102,000.00"
2019-04-23,2019042301006122,CBBL,34,41,50,"1,019.00","50,950.00"
2019-04-23,2019042301006101,CBBL,47,43,400,"1,017.00","406,800.00"
2019-04-23,2019042301006075,CBBL,47,43,160,"1,017.00","162,720.00"
2019-04-23,2019042301006074,CBBL,16,43,50,"1,017.00","50,850.00"
2019-04-23,2019042301005674,CBBL,51,33,200,"1,020.00","204,000.00"
2019-04-23,2019042301005997,CBBL,10,16,100,"1,020.00","102,000.00"
2019-04-23,2019042301005965,CBBL,32,59,60,"1,018.00","61,080.00"
2019-04-23,2019042301005964,CBBL,44,59,40,"1,018.00","40,720.00"
2019-04-23,2019042301005774,CBBL,44,8,40,"1,018.00","40,720.00"
2019-04-23,2019042301006073,CBBL,51,43,190,"1,017.00","193,230.00"
2019-04-23,2019042301006050,CBBL,51,43,210,"1,017.00","213,570.00"
2019-04-23,2019042301006049,CBBL,58,43,150,"1,018.00","152,700.00"
2019-04-23,2019042301006048,CBBL,32,43,40,"1,018.00","40,720.00"
2019-04-23,2019042301006123,CBL,41,28,"1,000",156.00,"156,000.00"
2019-04-23,2019042301005758,CBL,17,57,"1,900",156.00,"296,400.00"
2019-04-23,2019042301005757,CBL,17,26,66,156.00,"10,296.00"
2019-04-23,2019042301005745,CBL,57,26,500,156.00,"78,000.00"
2019-04-23,2019042301005682,CBL,53,26,234,156.00,"36,504.00"
2019-04-23,2019042301005681,CBL,53,52,266,156.00,"41,496.00"
2019-04-23,2019042301005976,CCBL,21,19,21,170.00,"3,570.00"
2019-04-23,2019042301006147,CHCL,6,54,10,515.00,"5,150.00"
2019-04-23,2019042301006146,CHCL,41,34,21,510.00,"10,710.00"
2019-04-23,2019042301006145,CHCL,41,34,30,510.00,"15,300.00"
2019-04-23,2019042301006144,CHCL,41,34,100,511.00,"51,100.00"
2019-04-23,2019042301006089,CHCL,44,54,50,515.00,"25,750.00"
2019-04-23,2019042301006088,CHCL,49,54,250,515.00,"128,750.00"
2019-04-23,2019042301006087,CHCL,41,54,20,515.00,"10,300.00"
2019-04-23,2019042301006086,CHCL,6,54,200,516.00,"103,200.00"
2019-04-23,2019042301006085,CHCL,39,54,270,516.00,"139,320.00"
2019-04-23,2019042301005773,CHLBS,7,1,10,491.00,"4,910.00"
2019-04-23,2019042301005772,CHLBS,22,1,10,491.00,"4,910.00"
2019-04-23,2019042301005771,CHLBS,45,1,20,491.00,"9,820.00"
2019-04-23,2019042301005755,CIT,11,32,35,"2,506.00","87,710.00"
2019-04-23,2019042301006032,CLBSL,19,38,210,596.00,"125,160.00"
2019-04-23,2019042301006079,CZBIL,26,28,900,227.00,"204,300.00"
2019-04-23,2019042301006068,CZBIL,26,56,540,227.00,"122,580.00"
2019-04-23,2019042301005951,CZBIL,17,47,"1,000",228.00,"228,000.00"
2019-04-23,2019042301005950,CZBIL,17,54,"1,000",228.00,"228,000.00"
2019-04-23,2019042301005949,CZBIL,17,25,500,228.00,"114,000.00"
2019-04-23,2019042301005948,CZBIL,17,6,500,228.00,"114,000.00"
2019-04-23,2019042301005947,CZBIL,17,36,630,228.00,"143,640.00"
2019-04-23,2019042301005896,CZBIL,26,52,60,227.00,"13,620.00"
2019-04-23,2019042301005795,CZBIL,6,46,10,226.00,"2,260.00"
2019-04-23,2019042301005893,DBBL,1,21,74,127.00,"9,398.00"
2019-04-23,2019042301006067,EBL,49,22,37,668.00,"24,716.00"
2019-04-23,2019042301006065,EBL,34,45,400,669.00,"267,600.00"
2019-04-23,2019042301006036,EBL,34,45,50,669.00,"33,450.00"
2019-04-23,2019042301005984,EBL,49,13,63,668.00,"42,084.00"
2019-04-23,2019042301005905,EBL,49,13,24,668.00,"16,032.00"
2019-04-23,2019042301005707,EBL,37,57,50,665.00,"33,250.00"
2019-04-23,2019042301005825,EBL,35,13,401,668.00,"267,868.00"
2019-04-23,2019042301005824,EBL,35,6,49,667.00,"32,683.00"
2019-04-23,2019042301005823,EBL,35,6,50,666.00,"33,300.00"
2019-04-23,2019042301005798,EBL,49,49,"5,254",660.00,"3,467,640.00"
2019-04-23,2019042301005797,EBL,28,6,60,666.00,"39,960.00"
2019-04-23,2019042301005708,EBL,37,16,30,665.00,"19,950.00"
2019-04-23,2019042301005876,FMDBL,25,29,92,380.00,"34,960.00"
2019-04-23,2019042301005689,FMDBL,25,55,355,380.00,"134,900.00"
2019-04-23,2019042301005688,FMDBL,25,19,53,379.00,"20,087.00"
2019-04-23,2019042301005810,FOWAD,39,46,15,"1,530.00","22,950.00"
2019-04-23,2019042301006052,GBBL,26,1,500,207.00,"103,500.00"
2019-04-23,2019042301006051,GBBL,26,6,500,207.00,"103,500.00"
2019-04-23,2019042301005941,GBBL,47,33,135,206.00,"27,810.00"
2019-04-23,2019042301005940,GBBL,47,32,500,206.00,"103,000.00"
2019-04-23,2019042301005939,GBBL,47,48,183,206.00,"37,698.00"
2019-04-23,2019042301005938,GBBL,47,48,65,206.00,"13,390.00"
2019-04-23,2019042301005910,GBBL,47,48,193,206.00,"39,758.00"
2019-04-23,2019042301005909,GBBL,47,28,666,206.00,"137,196.00"
2019-04-23,2019042301005908,GBBL,47,8,341,206.00,"70,246.00"
2019-04-23,2019042301005899,GBBL,47,8,159,206.00,"32,754.00"
2019-04-23,2019042301005898,GBBL,47,38,40,206.00,"8,240.00"
2019-04-23,2019042301005897,GBBL,47,1,"1,301",206.00,"268,006.00"
2019-04-23,2019042301006131,GBIME,6,10,200,299.00,"59,800.00"
2019-04-23,2019042301006130,GBIME,6,29,310,299.00,"92,690.00"
2019-04-23,2019042301006078,GBIME,36,29,326,299.00,"97,474.00"
2019-04-23,2019042301006059,GBIME,44,29,40,299.00,"11,960.00"
2019-04-23,2019042301005985,GBIME,36,29,50,299.00,"14,950.00"
2019-04-23,2019042301005963,GBIME,58,29,"4,274",299.00,"1,277,926.00"
2019-04-23,2019042301005751,GBIME,47,45,784,298.00,"233,632.00"
2019-04-23,2019042301005750,GBIME,47,34,16,298.00,"4,768.00"
2019-04-23,2019042301005749,GBIME,47,22,200,298.00,"59,600.00"
2019-04-23,2019042301005962,GBIME,58,34,324,299.00,"96,876.00"
2019-04-23,2019042301005961,GBIME,58,32,100,299.00,"29,900.00"
2019-04-23,2019042301005960,GBIME,58,10,990,299.00,"296,010.00"
2019-04-23,2019042301005959,GBIME,58,38,312,299.00,"93,288.00"
2019-04-23,2019042301005911,GBIME,40,45,"1,216",298.00,"362,368.00"
2019-04-23,2019042301005777,GBIME,44,59,160,297.00,"47,520.00"
2019-04-23,2019042301006063,GRDBL,43,22,20,106.00,"2,120.00"
2019-04-23,2019042301006062,GRDBL,52,22,30,106.00,"3,180.00"
2019-04-23,2019042301006037,HBL,43,48,900,560.00,"504,000.00"
2019-04-23,2019042301006125,HGI,17,16,100,390.00,"39,000.00"
2019-04-23,2019042301006124,HGI,17,57,90,390.00,"35,100.00"
2019-04-23,2019042301006119,HGI,58,20,34,389.00,"13,226.00"
2019-04-23,2019042301006091,HIDCL,48,48,2,136.00,272.00
2019-04-23,2019042301005980,HIDCL,48,48,6,136.00,816.00
2019-04-23,2019042301005900,HIDCL,29,46,30,136.00,"4,080.00"
2019-04-23,2019042301005929,HPPL,42,46,10,176.00,"1,760.00"
2019-04-23,2019042301005767,HPPL,42,53,10,176.00,"1,760.00"
2019-04-23,2019042301006148,IGI,7,28,300,414.00,"124,200.00"
2019-04-23,2019042301005794,IGI,7,21,58,414.00,"24,012.00"
2019-04-23,2019042301005793,IGI,7,53,60,413.00,"24,780.00"
2019-04-23,2019042301005792,IGI,7,42,90,410.00,"36,900.00"
2019-04-23,2019042301005791,IGI,7,42,190,410.00,"77,900.00"
2019-04-23,2019042301005790,IGI,7,51,300,409.00,"122,700.00"
2019-04-23,2019042301005996,JBBL,45,18,"1,499",139.00,"208,361.00"
2019-04-23,2019042301005768,JBBL,37,19,500,140.00,"70,000.00"
2019-04-23,2019042301005687,JBBL,45,18,200,139.00,"27,800.00"
2019-04-23,2019042301006133,JBNL,26,44,200,193.00,"38,600.00"
2019-04-23,2019042301006110,JBNL,1,44,272,193.00,"52,496.00"
2019-04-23,2019042301006109,JBNL,1,28,728,193.00,"140,504.00"
2019-04-23,2019042301005958,JBNL,57,28,100,193.00,"19,300.00"
2019-04-23,2019042301005957,JBNL,42,28,80,193.00,"15,440.00"
2019-04-23,2019042301005956,JBNL,52,28,92,193.00,"17,756.00"
2019-04-23,2019042301005819,JBNL,45,57,100,193.00,"19,300.00"
2019-04-23,2019042301005818,JBNL,45,17,200,193.00,"38,600.00"
2019-04-23,2019042301005671,JBNL,10,38,800,192.00,"153,600.00"
2019-04-23,2019042301005944,JBNL,52,28,908,193.00,"175,244.00"
2019-04-23,2019042301005943,JBNL,45,28,92,193.00,"17,756.00"
2019-04-23,2019042301005933,JBNL,45,28,"1,000",193.00,"193,000.00"
2019-04-23,2019042301005861,JBNL,45,22,200,193.00,"38,600.00"
2019-04-23,2019042301005821,JBNL,45,32,"1,008",193.00,"194,544.00"
2019-04-23,2019042301005820,JBNL,45,7,400,193.00,"77,200.00"
2019-04-23,2019042301006096,KBBL,5,16,335,220.00,"73,700.00"
2019-04-23,2019042301006095,KBBL,5,7,100,220.00,"22,000.00"
2019-04-23,2019042301006058,KBL,43,49,661,226.00,"149,386.00"
2019-04-23,2019042301005890,KBL,43,48,240,226.00,"54,240.00"
2019-04-23,2019042301005889,KBL,43,26,99,225.00,"22,275.00"
2019-04-23,2019042301005878,KBL,46,26,401,225.00,"90,225.00"
2019-04-23,2019042301005877,KBL,46,21,99,225.00,"22,275.00"
2019-04-23,2019042301005786,KBL,42,1,500,225.00,"112,500.00"
2019-04-23,2019042301005785,KBL,42,48,200,225.00,"45,000.00"
2019-04-23,2019042301005784,KBL,42,51,100,225.00,"22,500.00"
2019-04-23,2019042301005783,KBL,42,40,200,225.00,"45,000.00"
2019-04-23,2019042301005782,KBL,42,17,94,225.00,"21,150.00"
2019-04-23,2019042301005690,KBL,39,21,20,223.00,"4,460.00"
2019-04-23,2019042301005954,KPCL,46,46,10,90.00,900.00
2019-04-23,2019042301005994,LBBL,5,45,200,178.00,"35,600.00"
2019-04-23,2019042301005993,LBBL,5,6,300,178.00,"53,400.00"
2019-04-23,2019042301006137,LBL,48,6,200,229.00,"45,800.00"
2019-04-23,2019042301006136,LBL,48,29,50,229.00,"11,450.00"
2019-04-23,2019042301006135,LBL,48,29,50,229.00,"11,450.00"
2019-04-23,2019042301005709,LBL,17,34,67,227.00,"15,209.00"
2019-04-23,2019042301005921,LGIL,14,8,36,515.00,"18,540.00"
2019-04-23,2019042301005736,LGIL,14,49,89,515.00,"45,835.00"
2019-04-23,2019042301005735,LGIL,14,53,12,515.00,"6,180.00"
2019-04-23,2019042301005849,LICN,28,38,100,"1,609.00","160,900.00"
2019-04-23,2019042301005805,LICN,28,56,45,"1,610.00","72,450.00"
2019-04-23,2019042301006072,LLBS,26,46,11,800.00,"8,800.00"
2019-04-23,2019042301006071,LLBS,42,46,13,800.00,"10,400.00"
2019-04-23,2019042301006158,MBL,22,4,300,267.00,"80,100.00"
2019-04-23,2019042301006061,MBL,36,4,120,267.00,"32,040.00"
2019-04-23,2019042301006060,MBL,36,4,580,267.00,"154,860.00"
2019-04-23,2019042301006041,MBL,55,19,200,265.00,"53,000.00"
2019-04-23,2019042301005952,MBL,26,40,100,266.00,"26,600.00"
2019-04-23,2019042301005880,MBL,55,13,27,265.00,"7,155.00"
2019-04-23,2019042301005680,MBL,54,6,50,264.00,"13,200.00"
2019-04-23,2019042301005670,MBL,54,41,140,264.00,"36,960.00"
2019-04-23,2019042301005669,MBL,21,41,100,264.00,"26,400.00"
2019-04-23,2019042301005668,MBL,43,41,300,264.00,"79,200.00"
2019-04-23,2019042301005667,MBL,33,41,60,264.00,"15,840.00"
2019-04-23,2019042301005879,MBL,54,13,73,265.00,"19,345.00"
2019-04-23,2019042301005712,MBL,53,10,600,266.00,"159,600.00"
2019-04-23,2019042301005702,MBL,54,17,"1,000",265.00,"265,000.00"
2019-04-23,2019042301005701,MBL,54,42,427,265.00,"113,155.00"
2019-04-23,2019042301005686,MBL,16,10,190,264.00,"50,160.00"
2019-04-23,2019042301005685,MBL,54,10,810,264.00,"213,840.00"
2019-04-23,2019042301006117,MEGA,28,57,456,181.00,"82,536.00"
2019-04-23,2019042301006116,MEGA,28,45,500,181.00,"90,500.00"
2019-04-23,2019042301006115,MEGA,28,43,"1,044",181.00,"188,964.00"
2019-04-23,2019042301005891,MEGA,13,13,500,180.00,"90,000.00"
2019-04-23,2019042301005932,MERO,4,39,27,617.00,"16,659.00"
2019-04-23,2019042301005931,MERO,4,46,10,617.00,"6,170.00"
2019-04-23,2019042301005930,MERO,4,43,13,616.00,"8,008.00"
2019-04-23,2019042301005706,MHNL,1,51,30,90.00,"2,700.00"
2019-04-23,2019042301006112,MLBL,38,28,450,178.00,"80,100.00"
2019-04-23,2019042301006111,MLBL,38,25,50,178.00,"8,900.00"
2019-04-23,2019042301006097,MLBL,22,32,300,178.00,"53,400.00"
2019-04-23,2019042301006157,NABIL,14,17,260,875.00,"227,500.00"
2019-04-23,2019042301006156,NABIL,14,42,140,875.00,"122,500.00"
2019-04-23,2019042301006155,NABIL,14,21,100,870.00,"87,000.00"
2019-04-23,2019042301006153,NABIL,38,33,50,863.00,"43,150.00"
2019-04-23,2019042301006121,NABIL,14,33,300,862.00,"258,600.00"
2019-04-23,2019042301006120,NABIL,44,33,100,868.00,"86,800.00"
2019-04-23,2019042301005870,NABIL,1,57,85,870.00,"73,950.00"
2019-04-23,2019042301005714,NABIL,5,57,15,870.00,"13,050.00"
2019-04-23,2019042301005704,NABIL,6,13,300,870.00,"261,000.00"
2019-04-23,2019042301005703,NABIL,6,6,100,869.00,"86,900.00"
2019-04-23,2019042301005683,NABIL,5,56,10,865.00,"8,650.00"
2019-04-23,2019042301005675,NABIL,35,13,26,864.00,"22,464.00"
2019-04-23,2019042301006083,NABIL,5,42,10,875.00,"8,750.00"
2019-04-23,2019042301006038,NABIL,42,33,10,863.00,"8,630.00"
2019-04-23,2019042301006030,NABIL,50,33,100,863.00,"86,300.00"
2019-04-23,2019042301006029,NABIL,5,33,50,864.00,"43,200.00"
2019-04-23,2019042301006028,NABIL,52,33,60,864.00,"51,840.00"
2019-04-23,2019042301005906,NABIL,5,32,10,875.00,"8,750.00"
2019-04-23,2019042301006160,NABILP,6,6,"1,000",816.00,"816,000.00"
2019-04-23,2019042301005663,NABILP,58,19,50,814.00,"40,700.00"
2019-04-23,2019042301006100,NADEP,28,8,10,536.00,"5,360.00"
2019-04-23,2019042301006099,NADEP,49,8,50,536.00,"26,800.00"
2019-04-23,2019042301006098,NADEP,46,8,40,536.00,"21,440.00"
2019-04-23,2019042301005662,NADEP,46,39,60,536.00,"32,160.00"
2019-04-23,2019042301005661,NADEP,41,39,200,536.00,"107,200.00"
2019-04-23,2019042301005869,NBB,13,46,500,231.00,"115,500.00"
2019-04-23,2019042301005806,NBB,51,43,200,230.00,"46,000.00"
2019-04-23,2019042301005725,NBB,43,46,250,231.00,"57,750.00"
2019-04-23,2019042301005724,NBB,43,29,100,231.00,"23,100.00"
2019-04-23,2019042301005723,NBB,43,14,300,231.00,"69,300.00"
2019-04-23,2019042301006143,NBL,6,43,953,310.00,"295,430.00"
2019-04-23,2019042301006142,NBL,6,38,50,310.00,"15,500.00"
2019-04-23,2019042301006141,NBL,6,34,"1,997",310.00,"619,070.00"
2019-04-23,2019042301006080,NBL,45,42,50,309.00,"15,450.00"
2019-04-23,2019042301006057,NBL,1,34,500,310.00,"155,000.00"
2019-04-23,2019042301006004,NBL,38,34,400,310.00,"124,000.00"
2019-04-23,2019042301005811,NBL,56,10,600,309.00,"185,400.00"
2019-04-23,2019042301005769,NBL,34,10,100,309.00,"30,900.00"
2019-04-23,2019042301005759,NBL,48,10,500,309.00,"154,500.00"
2019-04-23,2019042301005722,NBL,7,57,500,308.00,"154,000.00"
2019-04-23,2019042301005986,NBL,41,34,50,310.00,"15,500.00"
2019-04-23,2019042301005885,NBL,34,21,50,309.00,"15,450.00"
2019-04-23,2019042301005884,NBL,34,45,"2,000",309.00,"618,000.00"
2019-04-23,2019042301005883,NBL,34,49,100,309.00,"30,900.00"
2019-04-23,2019042301005882,NBL,34,38,400,309.00,"123,600.00"
2019-04-23,2019042301005881,NBL,34,10,"6,890",309.00,"2,129,010.00"
2019-04-23,2019042301006134,NCCB,46,4,500,233.00,"116,500.00"
2019-04-23,2019042301006093,NCCB,46,22,"1,000",233.00,"233,000.00"
2019-04-23,2019042301006092,NCCB,46,54,190,233.00,"44,270.00"
2019-04-23,2019042301005987,NCCB,33,45,"3,255",232.00,"755,160.00"
2019-04-23,2019042301005888,NCCB,1,45,45,232.00,"10,440.00"
2019-04-23,2019042301005887,NCCB,1,5,155,232.00,"35,960.00"
2019-04-23,2019042301005860,NCCB,8,5,300,232.00,"69,600.00"
2019-04-23,2019042301005836,NCCB,25,5,10,232.00,"2,320.00"
2019-04-23,2019042301005679,NCCB,28,5,535,232.00,"124,120.00"
2019-04-23,2019042301005678,NCCB,28,5,24,232.00,"5,568.00"
2019-04-23,2019042301005677,NCCB,28,38,341,232.00,"79,112.00"
2019-04-23,2019042301005676,NCCB,28,35,100,232.00,"23,200.00"
2019-04-23,2019042301005781,NCDB,4,25,400,144.00,"57,600.00"
2019-04-23,2019042301005780,NCDB,4,5,200,144.00,"28,800.00"
2019-04-23,2019042301005779,NCDB,4,32,54,143.00,"7,722.00"
2019-04-23,2019042301005778,NCDB,4,26,652,143.00,"93,236.00"
2019-04-23,2019042301005762,NCDB,4,38,"1,000",142.00,"142,000.00"
2019-04-23,2019042301005761,NCDB,4,40,500,141.00,"70,500.00"
2019-04-23,2019042301006069,NHPC,56,42,"1,000",69.00,"69,000.00"
2019-04-23,2019042301006042,NIB,56,17,31,564.00,"17,484.00"
2019-04-23,2019042301005972,NIB,25,46,43,561.00,"24,123.00"
2019-04-23,2019042301006005,NIBPO,28,43,500,521.00,"260,500.00"
2019-04-23,2019042301005776,NIBPO,28,32,250,520.00,"130,000.00"
2019-04-23,2019042301005775,NIBPO,28,6,15,518.00,"7,770.00"
2019-04-23,2019042301006150,NICA,36,48,124,490.00,"60,760.00"
2019-04-23,2019042301006114,NICA,36,48,376,490.00,"184,240.00"
2019-04-23,2019042301006113,NICA,36,57,624,490.00,"305,760.00"
2019-04-23,2019042301006106,NICA,36,57,376,490.00,"184,240.00"
2019-04-23,2019042301006105,NICA,36,43,500,490.00,"245,000.00"
2019-04-23,2019042301006104,NICA,36,52,100,490.00,"49,000.00"
2019-04-23,2019042301005982,NICA,34,35,"2,000",489.00,"978,000.00"
2019-04-23,2019042301005737,NICA,36,32,100,488.00,"48,800.00"
2019-04-23,2019042301005992,NICA,14,33,"1,000",490.00,"490,000.00"
2019-04-23,2019042301005991,NICA,57,33,102,490.00,"49,980.00"
2019-04-23,2019042301005990,NICA,57,55,249,490.00,"122,010.00"
2019-04-23,2019042301005989,NICA,57,5,149,490.00,"73,010.00"
2019-04-23,2019042301005988,NICA,57,38,300,490.00,"147,000.00"
2019-04-23,2019042301005983,NICA,34,52,340,489.00,"166,260.00"
2019-04-23,2019042301006006,NICA,36,34,224,490.00,"109,760.00"
2019-04-23,2019042301006002,NICA,36,34,76,490.00,"37,240.00"
2019-04-23,2019042301006001,NICA,36,6,120,490.00,"58,800.00"
2019-04-23,2019042301006000,NICA,36,49,75,490.00,"36,750.00"
2019-04-23,2019042301005999,NICA,36,53,100,490.00,"49,000.00"
2019-04-23,2019042301005998,NICA,36,33,48,490.00,"23,520.00"
2019-04-23,2019042301006103,NICA,36,38,24,490.00,"11,760.00"
2019-04-23,2019042301006102,NICA,34,51,850,489.00,"415,650.00"
2019-04-23,2019042301006020,NICA,45,41,20,488.00,"9,760.00"
2019-04-23,2019042301006009,NICA,49,38,50,490.00,"24,500.00"
2019-04-23,2019042301006008,NICA,36,38,226,490.00,"110,740.00"
2019-04-23,2019042301006007,NICA,36,6,350,490.00,"171,500.00"
2019-04-23,2019042301005981,NICL,17,45,40,385.00,"15,400.00"
2019-04-23,2019042301005717,NICL,39,58,200,384.00,"76,800.00"
2019-04-23,2019042301006056,NICL,25,45,"1,000",389.00,"389,000.00"
2019-04-23,2019042301006055,NICL,25,26,175,389.00,"68,075.00"
2019-04-23,2019042301005913,NIL,26,43,500,527.00,"263,500.00"
2019-04-23,2019042301005892,NLG,6,49,100,826.00,"82,600.00"
2019-04-23,2019042301006154,NLIC,5,21,10,"1,145.00","11,450.00"
2019-04-23,2019042301006013,NLIC,38,6,100,"1,148.00","114,800.00"
2019-04-23,2019042301006012,NLIC,38,25,50,"1,148.00","57,400.00"
2019-04-23,2019042301006011,NLIC,38,53,50,"1,145.00","57,250.00"
2019-04-23,2019042301005953,NLIC,52,54,49,"1,135.00","55,615.00"
2019-04-23,2019042301005743,NLIC,47,41,100,"1,145.00","114,500.00"
2019-04-23,2019042301005726,NLIC,47,36,90,"1,140.00","102,600.00"
2019-04-23,2019042301005720,NLIC,47,36,100,"1,140.00","114,000.00"
2019-04-23,2019042301005705,NLIC,47,10,97,"1,139.00","110,483.00"
2019-04-23,2019042301006054,NLICL,35,57,450,616.00,"277,200.00"
2019-04-23,2019042301006053,NLICL,35,13,50,615.00,"30,750.00"
2019-04-23,2019042301005979,NLICL,38,52,100,615.00,"61,500.00"
2019-04-23,2019042301005978,NLICL,38,43,80,615.00,"49,200.00"
2019-04-23,2019042301005977,NLICL,38,21,25,615.00,"15,375.00"
2019-04-23,2019042301005946,NLICL,39,43,20,615.00,"12,300.00"
2019-04-23,2019042301005826,NLICL,25,51,100,610.00,"61,000.00"
2019-04-23,2019042301005808,NLICL,33,51,200,610.00,"122,000.00"
2019-04-23,2019042301005765,NLICL,21,50,540,608.00,"328,320.00"
2019-04-23,2019042301005764,NLICL,56,50,160,608.00,"97,280.00"
2019-04-23,2019042301005763,NLICL,22,50,300,609.00,"182,700.00"
2019-04-23,2019042301006140,NMB,17,1,37,382.00,"14,134.00"
2019-04-23,2019042301006139,NMB,17,17,"2,000",382.00,"764,000.00"
2019-04-23,2019042301006138,NMB,17,56,219,382.00,"83,658.00"
2019-04-23,2019042301006129,NMB,50,46,12,381.00,"4,572.00"
2019-04-23,2019042301006128,NMB,50,22,525,381.00,"200,025.00"
2019-04-23,2019042301006064,NMB,42,22,25,381.00,"9,525.00"
2019-04-23,2019042301005863,NMB,45,17,154,381.00,"58,674.00"
2019-04-23,2019042301005800,NMB,25,21,25,381.00,"9,525.00"
2019-04-23,2019042301005799,NMB,25,57,838,381.00,"319,278.00"
2019-04-23,2019042301005789,NMB,25,57,162,381.00,"61,722.00"
2019-04-23,2019042301005788,NMB,25,13,300,381.00,"114,300.00"
2019-04-23,2019042301005787,NMB,25,33,38,381.00,"14,478.00"
2019-04-23,2019042301006021,NMB,34,22,300,381.00,"114,300.00"
2019-04-23,2019042301006018,NMB,52,22,100,381.00,"38,100.00"
2019-04-23,2019042301006003,NMB,1,22,50,381.00,"19,050.00"
2019-04-23,2019042301005866,NMB,45,56,261,382.00,"99,702.00"
2019-04-23,2019042301005865,NMB,45,45,12,382.00,"4,584.00"
2019-04-23,2019042301005864,NMB,45,25,73,381.00,"27,813.00"
2019-04-23,2019042301005770,NSEWA,35,14,10,462.00,"4,620.00"
2019-04-23,2019042301005936,OHL,19,17,10,458.00,"4,580.00"
2019-04-23,2019042301006152,PCBL,47,49,150,344.00,"51,600.00"
2019-04-23,2019042301006151,PCBL,42,49,350,344.00,"120,400.00"
2019-04-23,2019042301005837,PCBL,42,13,50,344.00,"17,200.00"
2019-04-23,2019042301005822,PCBL,33,58,200,345.00,"69,000.00"
2019-04-23,2019042301005692,PFL,50,45,26,134.00,"3,484.00"
2019-04-23,2019042301005684,PIC,50,34,11,"1,026.00","11,286.00"
2019-04-23,2019042301005971,PICL,34,14,50,720.00,"36,000.00"
2019-04-23,2019042301005970,PICL,6,14,40,721.00,"28,840.00"
2019-04-23,2019042301005895,PICL,6,8,10,721.00,"7,210.00"
2019-04-23,2019042301005894,PICL,5,8,50,722.00,"36,100.00"
2019-04-23,2019042301005807,PICL,49,43,72,729.00,"52,488.00"
2019-04-23,2019042301005711,PICL,19,6,200,730.00,"146,000.00"
2019-04-23,2019042301005710,PICL,19,5,90,730.00,"65,700.00"
2019-04-23,2019042301005693,PICL,19,1,140,729.00,"102,060.00"
2019-04-23,2019042301005664,PICL,49,10,78,729.00,"56,862.00"
2019-04-23,2019042301006040,PLIC,58,35,10,479.00,"4,790.00"
2019-04-23,2019042301006047,PMHPL,56,17,10,111.00,"1,110.00"
2019-04-23,2019042301006010,PRIN,16,52,200,422.00,"84,400.00"
2019-04-23,2019042301005886,PRIN,32,51,100,420.00,"42,000.00"
2019-04-23,2019042301005875,PRIN,52,51,200,420.00,"84,000.00"
2019-04-23,2019042301005857,PRIN,32,51,200,420.00,"84,000.00"
2019-04-23,2019042301006077,PRVU,46,25,"1,410",275.00,"387,750.00"
2019-04-23,2019042301006076,PRVU,46,42,590,275.00,"162,250.00"
2019-04-23,2019042301006045,PRVU,41,42,300,275.00,"82,500.00"
2019-04-23,2019042301006035,PRVU,43,36,220,274.00,"60,280.00"
2019-04-23,2019042301006034,PRVU,21,36,200,274.00,"54,800.00"
2019-04-23,2019042301006033,PRVU,14,36,50,274.00,"13,700.00"
2019-04-23,2019042301005815,PRVU,14,49,200,275.00,"55,000.00"
2019-04-23,2019042301005814,PRVU,14,48,"1,000",275.00,"275,000.00"
2019-04-23,2019042301005813,PRVU,14,6,90,275.00,"24,750.00"
2019-04-23,2019042301005812,PRVU,14,1,280,275.00,"77,000.00"
2019-04-23,2019042301005744,PRVU,54,6,10,275.00,"2,750.00"
2019-04-23,2019042301005673,PRVU,14,58,"1,324",274.00,"362,776.00"
2019-04-23,2019042301005942,PRVU,36,42,50,275.00,"13,750.00"
2019-04-23,2019042301005902,PRVU,26,42,60,275.00,"16,500.00"
2019-04-23,2019042301005901,PRVU,26,58,140,275.00,"38,500.00"
2019-04-23,2019042301005817,PRVU,14,57,28,275.00,"7,700.00"
2019-04-23,2019042301005816,PRVU,14,47,100,275.00,"27,500.00"
2019-04-23,2019042301005928,RBCL,14,58,50,"9,200.00","460,000.00"
2019-04-23,2019042301005903,RBCL,14,58,50,"9,200.00","460,000.00"
2019-04-23,2019042301005804,RBCLPO,5,59,50,"8,231.00","411,550.00"
2019-04-23,2019042301005803,RBCLPO,34,59,50,"8,240.00","412,000.00"
2019-04-23,2019042301006118,RSDC,7,44,100,380.00,"38,000.00"
2019-04-23,2019042301005937,SADBL,37,14,100,148.00,"14,800.00"
2019-04-23,2019042301006132,SAEF,51,1,"1,500",9.65,"14,475.00"
2019-04-23,2019042301006066,SANIMA,46,19,46,340.00,"15,640.00"
2019-04-23,2019042301006044,SANIMA,10,35,570,341.00,"194,370.00"
2019-04-23,2019042301006043,SANIMA,10,25,41,341.00,"13,981.00"
2019-04-23,2019042301005802,SANIMA,17,56,"1,200",341.00,"409,200.00"
2019-04-23,2019042301005801,SANIMA,17,56,579,341.00,"197,439.00"
2019-04-23,2019042301006027,SBI,43,38,441,505.00,"222,705.00"
2019-04-23,2019042301006026,SBI,43,22,100,504.00,"50,400.00"
2019-04-23,2019042301006016,SBI,43,13,200,503.00,"100,600.00"
2019-04-23,2019042301006015,SBI,43,22,300,503.00,"150,900.00"
2019-04-23,2019042301006014,SBI,43,51,100,503.00,"50,300.00"
2019-04-23,2019042301005969,SBI,48,6,900,502.00,"451,800.00"
2019-04-23,2019042301005855,SBI,6,6,"1,000",500.00,"500,000.00"
2019-04-23,2019042301005766,SBI,57,6,100,501.00,"50,100.00"
2019-04-23,2019042301005718,SBI,57,40,400,501.00,"200,400.00"
2019-04-23,2019042301005666,SBI,5,6,207,500.00,"103,500.00"
2019-04-23,2019042301006082,SBL,43,19,65,345.00,"22,425.00"
2019-04-23,2019042301005975,SBL,43,16,500,348.00,"174,000.00"
2019-04-23,2019042301005974,SBL,43,7,200,348.00,"69,600.00"
2019-04-23,2019042301005973,SBL,43,51,174,348.00,"60,552.00"
2019-04-23,2019042301005968,SBL,36,51,26,348.00,"9,048.00"
2019-04-23,2019042301005967,SBL,36,6,24,348.00,"8,352.00"
2019-04-23,2019042301005850,SBL,50,6,212,345.00,"73,140.00"
2019-04-23,2019042301005835,SBL,45,6,500,345.00,"172,500.00"
2019-04-23,2019042301005665,SBL,58,37,200,346.00,"69,200.00"
2019-04-23,2019042301006081,SCB,42,16,25,718.00,"17,950.00"
2019-04-23,2019042301005874,SCB,4,28,300,710.00,"213,000.00"
2019-04-23,2019042301005873,SCB,4,28,140,710.00,"99,400.00"
2019-04-23,2019042301005872,SCB,19,28,10,712.00,"7,120.00"
2019-04-23,2019042301005871,SCB,14,28,50,712.00,"35,600.00"
2019-04-23,2019042301005859,SCB,53,38,300,718.00,"215,400.00"
2019-04-23,2019042301005858,SCB,53,22,100,718.00,"71,800.00"
2019-04-23,2019042301005839,SCB,42,45,500,715.00,"357,500.00"
2019-04-23,2019042301005838,SCB,42,41,50,715.00,"35,750.00"
2019-04-23,2019042301005995,SDESI,4,8,30,604.00,"18,120.00"
2019-04-23,2019042301005716,SDESI,6,49,100,605.00,"60,500.00"
2019-04-23,2019042301005715,SDESI,17,49,34,605.00,"20,570.00"
2019-04-23,2019042301006025,SHIVM,41,14,15,306.00,"4,590.00"
2019-04-23,2019042301006024,SHIVM,33,14,500,306.00,"153,000.00"
2019-04-23,2019042301006023,SHIVM,41,14,30,306.00,"9,180.00"
2019-04-23,2019042301006022,SHIVM,40,14,150,307.00,"46,050.00"
2019-04-23,2019042301005907,SHIVM,40,54,50,307.00,"15,350.00"
2019-04-23,2019042301005848,SHIVM,41,14,470,306.00,"143,820.00"
2019-04-23,2019042301005695,SHIVM,7,17,50,309.00,"15,450.00"
2019-04-23,2019042301005694,SHIVM,7,52,250,308.00,"77,000.00"
2019-04-23,2019042301005729,SHIVM,14,58,500,310.00,"155,000.00"
2019-04-23,2019042301005728,SHIVM,14,22,50,310.00,"15,500.00"
2019-04-23,2019042301005727,SHIVM,14,34,200,309.00,"61,800.00"
2019-04-23,2019042301005698,SHIVM,7,17,50,309.00,"15,450.00"
2019-04-23,2019042301005697,SHIVM,7,17,50,309.00,"15,450.00"
2019-04-23,2019042301005696,SHIVM,7,17,50,309.00,"15,450.00"
2019-04-23,2019042301005741,SHIVM,50,14,100,307.00,"30,700.00"
2019-04-23,2019042301005740,SHIVM,57,14,780,307.00,"239,460.00"
2019-04-23,2019042301005739,SHIVM,32,14,250,308.00,"77,000.00"
2019-04-23,2019042301005732,SHIVM,14,21,800,311.00,"248,800.00"
2019-04-23,2019042301005731,SHIVM,14,45,200,311.00,"62,200.00"
2019-04-23,2019042301005730,SHIVM,14,42,50,310.00,"15,500.00"
2019-04-23,2019042301005847,SHIVM,34,14,200,307.00,"61,400.00"
2019-04-23,2019042301005846,SHIVM,14,14,"1,000",307.00,"307,000.00"
2019-04-23,2019042301005845,SHIVM,55,14,100,307.00,"30,700.00"
2019-04-23,2019042301005844,SHIVM,14,14,130,307.00,"39,910.00"
2019-04-23,2019042301005843,SHIVM,40,14,100,308.00,"30,800.00"
2019-04-23,2019042301005742,SHIVM,14,14,870,307.00,"267,090.00"
2019-04-23,2019042301005700,SHPC,34,28,572,229.00,"130,988.00"
2019-04-23,2019042301005699,SHPC,34,28,"1,050",229.00,"240,450.00"
2019-04-23,2019042301005966,SICL,10,17,15,893.00,"13,395.00"
2019-04-23,2019042301005912,SIL,41,51,200,610.00,"122,000.00"
2019-04-23,2019042301005733,SIL,25,51,100,610.00,"61,000.00"
2019-04-23,2019042301006070,SLICL,5,5,200,547.00,"109,400.00"
2019-04-23,2019042301006046,SLICL,4,5,100,547.00,"54,700.00"
2019-04-23,2019042301006031,SLICL,5,36,100,546.00,"54,600.00"
2019-04-23,2019042301005853,SLICL,22,17,600,545.00,"327,000.00"
2019-04-23,2019042301005852,SLICL,22,17,200,545.00,"109,000.00"
2019-04-23,2019042301005851,SLICL,51,17,100,545.00,"54,500.00"
2019-04-23,2019042301005841,SLICL,51,37,500,545.00,"272,500.00"
2019-04-23,2019042301005840,SLICL,51,34,100,545.00,"54,500.00"
2019-04-23,2019042301005809,SLICL,38,26,100,544.00,"54,400.00"
2019-04-23,2019042301005945,SRBL,17,56,149,250.00,"37,250.00"
2019-04-23,2019042301005854,SRBL,43,41,900,252.00,"226,800.00"
2019-04-23,2019042301005842,SRBL,35,44,498,251.00,"124,998.00"
2019-04-23,2019042301005747,SRBL,33,6,"1,000",251.00,"251,000.00"
2019-04-23,2019042301005746,SRBL,33,43,200,251.00,"50,200.00"
2019-04-23,2019042301005754,SWBBL,51,53,150,893.00,"133,950.00"
2019-04-23,2019042301005753,SWBBL,51,44,355,890.00,"315,950.00"
2019-04-23,2019042301005752,SWBBL,51,52,61,888.00,"54,168.00"
2019-04-23,2019042301005691,SWBBL,51,7,289,885.00,"255,765.00"
2019-04-23,2019042301006094,UFL,36,34,10,199.00,"1,990.00"
2019-04-23,2019042301006019,UMHL,7,34,267,112.00,"29,904.00"
2019-04-23,2019042301006017,UMHL,7,57,12,110.00,"1,320.00"
2019-04-23,2019042301005796,UMHL,39,42,68,108.00,"7,344.00"
2019-04-23,2019042301005834,UPCL,59,58,50,91.00,"4,550.00"
2019-04-23,2019042301005833,UPCL,59,28,600,91.00,"54,600.00"
2019-04-23,2019042301005832,UPCL,59,6,10,91.00,910.00
2019-04-23,2019042301005831,UPCL,59,49,50,91.00,"4,550.00"
2019-04-23,2019042301005830,UPCL,59,49,50,91.00,"4,550.00"
2019-04-23,2019042301005829,UPCL,59,49,50,91.00,"4,550.00"
2019-04-23,2019042301005828,UPCL,59,49,50,91.00,"4,550.00"
2019-04-23,2019042301005827,UPCL,59,49,30,91.00,"2,730.00"
2019-04-23,2019042301006149,UPPER,45,17,40,230.00,"9,200.00"
2019-04-23,2019042301005194,AHPC,22,16,30,100.00,"3,000.00"
2019-04-23,2019042301005173,AHPC,21,28,479,99.00,"47,421.00"
2019-04-23,2019042301005317,AKJCL,55,7,20,80.00,"1,600.00"
2019-04-23,2019042301005316,AKJCL,55,29,130,80.00,"10,400.00"
2019-04-23,2019042301005315,AKJCL,55,6,10,80.00,800.00
2019-04-23,2019042301005314,AKJCL,55,11,10,80.00,800.00
2019-04-23,2019042301005659,AKPL,19,46,13,163.00,"2,119.00"
2019-04-23,2019042301005216,AKPL,19,19,13,163.00,"2,119.00"
2019-04-23,2019042301005548,ALBSL,42,16,10,463.00,"4,630.00"
2019-04-23,2019042301005200,ALICL,16,16,252,415.00,"104,580.00"
2019-04-23,2019042301005619,BOKL,5,19,200,279.00,"55,800.00"
2019-04-23,2019042301005583,BOKL,5,19,800,279.00,"223,200.00"
2019-04-23,2019042301005582,BOKL,5,56,300,279.00,"83,700.00"
2019-04-23,2019042301005581,BOKL,5,28,500,279.00,"139,500.00"
2019-04-23,2019042301005580,BOKL,5,49,100,278.00,"27,800.00"
2019-04-23,2019042301005579,BOKL,5,16,300,278.00,"83,400.00"
2019-04-23,2019042301005561,BOKL,55,16,500,278.00,"139,000.00"
2019-04-23,2019042301005531,BOKL,52,16,200,278.00,"55,600.00"
2019-04-23,2019042301005288,BOKL,10,46,200,277.00,"55,400.00"
2019-04-23,2019042301005541,BPCL,1,16,33,360.00,"11,880.00"
2019-04-23,2019042301005364,BPCL,1,19,44,360.00,"15,840.00"
2019-04-23,2019042301005282,BPCL,1,59,23,360.00,"8,280.00"
2019-04-23,2019042301005275,BPCL,1,7,11,360.00,"3,960.00"
2019-04-23,2019042301005559,CBBL,58,58,9,"1,015.00","9,135.00"
2019-04-23,2019042301005285,CBBL,54,13,"1,000","1,020.00","1,020,000.00"
2019-04-23,2019042301005239,CBBL,42,13,500,"1,020.00","510,000.00"
2019-04-23,2019042301005616,CBL,54,52,69,156.00,"10,764.00"
2019-04-23,2019042301005615,CBL,54,52,31,156.00,"4,836.00"
2019-04-23,2019042301005589,CBL,54,52,100,156.00,"15,600.00"
2019-04-23,2019042301005475,CBL,1,52,200,156.00,"31,200.00"
2019-04-23,2019042301005460,CBL,55,52,173,156.00,"26,988.00"
2019-04-23,2019042301005431,CBL,55,22,300,156.00,"46,800.00"
2019-04-23,2019042301005318,CBL,10,55,130,157.00,"20,410.00"
2019-04-23,2019042301005244,CBL,58,7,"2,000",156.00,"312,000.00"
2019-04-23,2019042301005420,CBL,55,52,27,156.00,"4,212.00"
2019-04-23,2019042301005419,CBL,22,52,473,156.00,"73,788.00"
2019-04-23,2019042301005373,CBL,22,40,27,156.00,"4,212.00"
2019-04-23,2019042301005321,CBL,10,51,170,157.00,"26,690.00"
2019-04-23,2019042301005320,CBL,10,43,"1,000",157.00,"157,000.00"
2019-04-23,2019042301005319,CBL,10,47,400,157.00,"62,800.00"
2019-04-23,2019042301005644,CCBL,21,16,79,170.00,"13,430.00"
2019-04-23,2019042301005643,CCBL,52,16,171,170.00,"29,070.00"
2019-04-23,2019042301005521,CCBL,19,36,20,171.00,"3,420.00"
2019-04-23,2019042301005370,CFCL,32,55,199,109.00,"21,691.00"
2019-04-23,2019042301005537,CHCL,39,28,291,516.00,"150,156.00"
2019-04-23,2019042301005378,CHCL,39,54,439,516.00,"226,524.00"
2019-04-23,2019042301005377,CHCL,43,54,61,517.00,"31,537.00"
2019-04-23,2019042301005340,CHCL,43,54,439,517.00,"226,963.00"
2019-04-23,2019042301005339,CHCL,6,54,61,517.00,"31,537.00"
2019-04-23,2019042301005490,CHLBS,45,49,10,491.00,"4,910.00"
2019-04-23,2019042301005298,CHLBS,45,40,10,491.00,"4,910.00"
2019-04-23,2019042301005614,CIT,19,59,45,"2,490.00","112,050.00"
2019-04-23,2019042301005613,CIT,21,59,50,"2,490.00","124,500.00"
2019-04-23,2019042301005612,CIT,41,59,30,"2,491.00","74,730.00"
2019-04-23,2019042301005611,CIT,49,59,100,"2,491.00","249,100.00"
2019-04-23,2019042301005610,CIT,28,59,100,"2,492.00","249,200.00"
2019-04-23,2019042301005609,CIT,19,59,10,"2,492.00","24,920.00"
2019-04-23,2019042301005341,CIT,17,58,69,"2,500.00","172,500.00"
2019-04-23,2019042301005297,CIT,55,58,10,"2,500.00","25,000.00"
2019-04-23,2019042301005608,CIT,29,59,20,"2,492.00","49,840.00"
2019-04-23,2019042301005607,CIT,50,59,10,"2,495.00","24,950.00"
2019-04-23,2019042301005606,CIT,37,59,10,"2,495.00","24,950.00"
2019-04-23,2019042301005605,CIT,39,59,25,"2,495.00","62,375.00"
2019-04-23,2019042301005604,CIT,50,59,50,"2,496.00","124,800.00"
2019-04-23,2019042301005518,CIT,41,55,40,"2,505.00","100,200.00"
2019-04-23,2019042301005629,CLBSL,19,57,100,585.00,"58,500.00"
2019-04-23,2019042301005554,CLBSL,42,38,10,582.00,"5,820.00"
2019-04-23,2019042301005312,CLBSL,3,38,200,575.00,"115,000.00"
2019-04-23,2019042301005649,CZBIL,6,7,20,226.00,"4,520.00"
2019-04-23,2019042301005528,CZBIL,17,58,"2,000",227.00,"454,000.00"
2019-04-23,2019042301005527,CZBIL,17,25,218,227.00,"49,486.00"
2019-04-23,2019042301005379,CZBIL,43,40,39,225.00,"8,775.00"
2019-04-23,2019042301005309,CZBIL,43,42,18,225.00,"4,050.00"
2019-04-23,2019042301005189,CZBIL,43,49,289,225.00,"65,025.00"
2019-04-23,2019042301005188,CZBIL,39,49,100,225.00,"22,500.00"
2019-04-23,2019042301005187,CZBIL,5,49,50,225.00,"11,250.00"
2019-04-23,2019042301005186,CZBIL,1,49,100,225.00,"22,500.00"
2019-04-23,2019042301005185,CZBIL,42,49,100,225.00,"22,500.00"
2019-04-23,2019042301005184,CZBIL,11,49,200,226.00,"45,200.00"
2019-04-23,2019042301005183,CZBIL,39,49,271,226.00,"61,246.00"
2019-04-23,2019042301005263,DBBL,26,59,20,126.00,"2,520.00"
2019-04-23,2019042301005386,DDBL,49,51,200,670.00,"134,000.00"
2019-04-23,2019042301005354,DDBL,49,16,320,670.00,"214,400.00"
2019-04-23,2019042301005353,DDBL,48,16,100,671.00,"67,100.00"
2019-04-23,2019042301005352,DDBL,37,16,200,671.00,"134,200.00"
2019-04-23,2019042301005351,DDBL,7,16,80,672.00,"53,760.00"
2019-04-23,2019042301005248,DDBL,7,59,20,672.00,"13,440.00"
2019-04-23,2019042301005654,EBL,11,17,50,664.00,"33,200.00"
2019-04-23,2019042301005648,EBL,1,57,100,665.00,"66,500.00"
2019-04-23,2019042301005632,EBL,50,57,300,665.00,"199,500.00"
2019-04-23,2019042301005631,EBL,50,43,100,665.00,"66,500.00"
2019-04-23,2019042301005522,EBL,49,45,50,663.00,"33,150.00"
2019-04-23,2019042301005174,EBL,5,10,45,665.00,"29,925.00"
2019-04-23,2019042301005454,EBL,49,21,76,663.00,"50,388.00"
2019-04-23,2019042301005441,EBL,57,21,13,663.00,"8,619.00"
2019-04-23,2019042301005440,EBL,57,40,37,663.00,"24,531.00"
2019-04-23,2019042301005432,EBL,45,21,30,664.00,"19,920.00"
2019-04-23,2019042301005234,EBL,19,38,100,662.00,"66,200.00"
2019-04-23,2019042301005540,EDBL,22,25,250,289.00,"72,250.00"
2019-04-23,2019042301005539,EDBL,22,25,50,289.00,"14,450.00"
2019-04-23,2019042301005390,EDBL,22,25,300,290.00,"87,000.00"
2019-04-23,2019042301005380,FMDBL,19,19,117,379.00,"44,343.00"
2019-04-23,2019042301005338,FMDBL,19,10,83,379.00,"31,457.00"
2019-04-23,2019042301005553,GBBL,4,58,307,205.00,"62,935.00"
2019-04-23,2019042301005552,GBBL,4,58,400,205.00,"82,000.00"
2019-04-23,2019042301005382,GBBL,38,29,108,204.00,"22,032.00"
2019-04-23,2019042301005374,GBBL,38,29,215,204.00,"43,860.00"
2019-04-23,2019042301005367,GBBL,38,29,523,204.00,"106,692.00"
2019-04-23,2019042301005337,GBIME,36,29,500,297.00,"148,500.00"
2019-04-23,2019042301005336,GBIME,36,43,98,297.00,"29,106.00"
2019-04-23,2019042301005211,GBIME,38,43,30,297.00,"8,910.00"
2019-04-23,2019042301005210,GBIME,19,43,300,297.00,"89,100.00"
2019-04-23,2019042301005209,GBIME,53,43,72,297.00,"21,384.00"
2019-04-23,2019042301005262,GDBL,38,35,85,198.00,"16,830.00"
2019-04-23,2019042301005585,GRDBL,52,7,40,106.00,"4,240.00"
2019-04-23,2019042301005584,GRDBL,52,35,30,106.00,"3,180.00"
2019-04-23,2019042301005495,GRDBL,20,40,525,105.00,"55,125.00"
2019-04-23,2019042301005478,GRDBL,20,40,325,105.00,"34,125.00"
2019-04-23,2019042301005477,GRDBL,57,40,200,106.00,"21,200.00"
2019-04-23,2019042301005505,HBL,17,16,800,555.00,"444,000.00"
2019-04-23,2019042301005345,HBL,13,45,100,551.00,"55,100.00"
2019-04-23,2019042301005452,HGI,35,57,10,390.00,"3,900.00"
2019-04-23,2019042301005451,HGI,35,34,140,390.00,"54,600.00"
2019-04-23,2019042301005278,HGI,41,34,40,390.00,"15,600.00"
2019-04-23,2019042301005277,HGI,10,34,120,390.00,"46,800.00"
2019-04-23,2019042301005228,HGI,10,38,320,390.00,"124,800.00"
2019-04-23,2019042301005229,HPPL,19,19,10,175.00,"1,750.00"
2019-04-23,2019042301005196,ICFC,4,48,428,157.00,"67,196.00"
2019-04-23,2019042301005293,IGI,51,59,48,407.00,"19,536.00"
2019-04-23,2019042301005621,JBBL,34,18,200,139.00,"27,800.00"
2019-04-23,2019042301005526,JBBL,1,6,788,138.00,"108,744.00"
2019-04-23,2019042301005525,JBBL,41,6,"1,000",138.00,"138,000.00"
2019-04-23,2019042301005524,JBBL,17,6,"1,000",138.00,"138,000.00"
2019-04-23,2019042301005523,JBBL,52,6,280,138.00,"38,640.00"
2019-04-23,2019042301005375,JBBL,53,57,227,139.00,"31,553.00"
2019-04-23,2019042301005651,JBNL,59,38,100,192.00,"19,200.00"
2019-04-23,2019042301005638,JBNL,14,38,"1,000",192.00,"192,000.00"
2019-04-23,2019042301005590,JBNL,45,6,268,191.00,"51,188.00"
2019-04-23,2019042301005515,JBNL,29,38,100,192.00,"19,200.00"
2019-04-23,2019042301005467,JBNL,17,1,500,192.00,"96,000.00"
2019-04-23,2019042301005437,JBNL,29,32,500,192.00,"96,000.00"
2019-04-23,2019042301005415,JBNL,26,32,134,192.00,"25,728.00"
2019-04-23,2019042301005414,JBNL,26,16,66,192.00,"12,672.00"
2019-04-23,2019042301005178,JBNL,45,34,600,191.00,"114,600.00"
2019-04-23,2019042301005344,KBBL,17,16,550,219.00,"120,450.00"
2019-04-23,2019042301005343,KBBL,52,16,115,219.00,"25,185.00"
2019-04-23,2019042301005519,KBL,50,33,505,224.00,"113,120.00"
2019-04-23,2019042301005504,KBL,5,45,100,223.00,"22,300.00"
2019-04-23,2019042301005429,KBL,50,45,100,223.00,"22,300.00"
2019-04-23,2019042301005250,KBL,41,29,100,223.00,"22,300.00"
2019-04-23,2019042301005647,KMCDB,50,37,120,768.00,"92,160.00"
2019-04-23,2019042301005493,KMCDB,58,37,35,763.00,"26,705.00"
2019-04-23,2019042301005492,KMCDB,57,37,50,763.00,"38,150.00"
2019-04-23,2019042301005501,KPCL,46,53,10,90.00,900.00
2019-04-23,2019042301005645,LBBL,59,21,194,175.00,"33,950.00"
2019-04-23,2019042301005635,LBBL,45,32,94,177.00,"16,638.00"
2019-04-23,2019042301005592,LBBL,59,50,119,175.00,"20,825.00"
2019-04-23,2019042301005591,LBBL,52,50,81,175.00,"14,175.00"
2019-04-23,2019042301005267,LBBL,52,7,90,175.00,"15,750.00"
2019-04-23,2019042301005266,LBBL,57,7,100,176.00,"17,600.00"
2019-04-23,2019042301005617,LBL,17,58,500,227.00,"113,500.00"
2019-04-23,2019042301005544,LBL,17,42,40,228.00,"9,120.00"
2019-04-23,2019042301005543,LBL,17,36,500,228.00,"114,000.00"
2019-04-23,2019042301005271,LBL,36,36,210,227.00,"47,670.00"
2019-04-23,2019042301005265,LBL,40,36,500,227.00,"113,500.00"
2019-04-23,2019042301005264,LBL,57,36,580,227.00,"131,660.00"
2019-04-23,2019042301005369,LGIL,44,53,45,515.00,"23,175.00"
2019-04-23,2019042301005313,LGIL,48,14,500,512.00,"256,000.00"
2019-04-23,2019042301005450,LICN,28,28,200,"1,600.00","320,000.00"
2019-04-23,2019042301005576,LLBS,42,13,11,799.00,"8,789.00"
2019-04-23,2019042301005640,MBL,33,57,140,264.00,"36,960.00"
2019-04-23,2019042301005630,MBL,16,57,300,264.00,"79,200.00"
2019-04-23,2019042301005560,MBL,44,57,500,264.00,"132,000.00"
2019-04-23,2019042301005462,MBL,45,7,100,263.00,"26,300.00"
2019-04-23,2019042301005461,MBL,45,18,122,263.00,"32,086.00"
2019-04-23,2019042301005435,MBL,17,18,100,263.00,"26,300.00"
2019-04-23,2019042301005335,MBL,11,11,"1,868",263.00,"491,284.00"
2019-04-23,2019042301005306,MBL,16,16,"1,000",262.00,"262,000.00"
2019-04-23,2019042301005269,MBL,42,18,778,263.00,"204,614.00"
2019-04-23,2019042301005261,MBL,42,29,122,263.00,"32,086.00"
2019-04-23,2019042301005193,MBL,42,21,100,263.00,"26,300.00"
2019-04-23,2019042301005272,MDB,33,44,71,245.00,"17,395.00"
2019-04-23,2019042301005575,MEGA,17,51,50,180.00,"9,000.00"
2019-04-23,2019042301005574,MEGA,17,28,"1,980",180.00,"356,400.00"
2019-04-23,2019042301005573,MEGA,17,28,"1,000",180.00,"180,000.00"
2019-04-23,2019042301005572,MEGA,17,28,"1,000",180.00,"180,000.00"
2019-04-23,2019042301005571,MEGA,17,51,"1,087",180.00,"195,660.00"
2019-04-23,2019042301005570,MEGA,17,57,"1,213",180.00,"218,340.00"
2019-04-23,2019042301005413,MEGA,32,32,"2,000",177.00,"354,000.00"
2019-04-23,2019042301005569,MEGA,17,57,"1,213",180.00,"218,340.00"
2019-04-23,2019042301005568,MEGA,17,42,89,180.00,"16,020.00"
2019-04-23,2019042301005567,MEGA,17,1,500,180.00,"90,000.00"
2019-04-23,2019042301005566,MEGA,17,43,50,179.00,"8,950.00"
2019-04-23,2019042301005565,MEGA,17,45,10,179.00,"1,790.00"
2019-04-23,2019042301005466,MEGA,29,16,200,178.00,"35,600.00"
2019-04-23,2019042301005418,MFIL,45,40,47,113.00,"5,311.00"
2019-04-23,2019042301005372,MLBL,49,21,148,176.00,"26,048.00"
2019-04-23,2019042301005371,MLBL,49,21,46,177.00,"8,142.00"
2019-04-23,2019042301005558,MNBBL,49,19,69,374.00,"25,806.00"
2019-04-23,2019042301005281,MNBBL,36,45,113,372.00,"42,036.00"
2019-04-23,2019042301005578,NABIL,41,13,24,864.00,"20,736.00"
2019-04-23,2019042301005577,NABIL,41,49,26,863.00,"22,438.00"
2019-04-23,2019042301005542,NABIL,5,59,15,863.00,"12,945.00"
2019-04-23,2019042301005500,NABIL,22,22,100,860.00,"86,000.00"
2019-04-23,2019042301005362,NABIL,42,16,155,860.00,"133,300.00"
2019-04-23,2019042301005291,NABIL,32,16,25,860.00,"21,500.00"
2019-04-23,2019042301005217,NABIL,22,33,20,860.00,"17,200.00"
2019-04-23,2019042301005290,NABIL,42,16,50,860.00,"43,000.00"
2019-04-23,2019042301005289,NABIL,17,16,20,860.00,"17,200.00"
2019-04-23,2019042301005221,NABIL,57,33,10,859.00,"8,590.00"
2019-04-23,2019042301005220,NABIL,22,33,20,859.00,"17,180.00"
2019-04-23,2019042301005219,NABIL,6,33,400,859.00,"343,600.00"
2019-04-23,2019042301005218,NABIL,6,33,50,860.00,"43,000.00"
2019-04-23,2019042301005652,NABILP,28,14,54,816.00,"44,064.00"
2019-04-23,2019042301005205,NABILP,55,44,500,812.00,"406,000.00"
2019-04-23,2019042301005198,NABILP,17,36,255,813.00,"207,315.00"
2019-04-23,2019042301005166,NABILP,17,5,160,813.00,"130,080.00"
2019-04-23,2019042301005346,NABILP,25,17,149,814.00,"121,286.00"
2019-04-23,2019042301005660,NBB,5,14,500,230.00,"115,000.00"
2019-04-23,2019042301005602,NBB,43,57,"1,000",230.00,"230,000.00"
2019-04-23,2019042301005601,NBB,43,6,200,230.00,"46,000.00"
2019-04-23,2019042301005600,NBB,43,42,100,229.00,"22,900.00"
2019-04-23,2019042301005482,NBB,11,42,200,229.00,"45,800.00"
2019-04-23,2019042301005308,NBB,25,11,20,229.00,"4,580.00"
2019-04-23,2019042301005307,NBB,25,46,434,229.00,"99,386.00"
2019-04-23,2019042301005417,NBL,7,58,650,308.00,"200,200.00"
2019-04-23,2019042301005416,NBL,7,43,50,308.00,"15,400.00"
2019-04-23,2019042301005396,NBL,59,33,50,308.00,"15,400.00"
2019-04-23,2019042301005395,NBL,7,33,500,308.00,"154,000.00"
2019-04-23,2019042301005394,NBL,52,33,200,308.00,"61,600.00"
2019-04-23,2019042301005393,NBL,56,33,"1,000",308.00,"308,000.00"
2019-04-23,2019042301005392,NBL,7,33,700,308.00,"215,600.00"
2019-04-23,2019042301005366,NBL,7,52,300,308.00,"92,400.00"
2019-04-23,2019042301005295,NBL,51,42,100,308.00,"30,800.00"
2019-04-23,2019042301005240,NBL,51,39,62,308.00,"19,096.00"
2019-04-23,2019042301005214,NBL,51,16,500,308.00,"154,000.00"
2019-04-23,2019042301005213,NBL,51,40,50,308.00,"15,400.00"
2019-04-23,2019042301005618,NCCB,25,46,216,231.00,"49,896.00"
2019-04-23,2019042301005588,NCCB,49,46,"1,200",231.00,"277,200.00"
2019-04-23,2019042301005587,NCCB,49,43,800,231.00,"184,800.00"
2019-04-23,2019042301005547,NCCB,29,45,250,230.00,"57,500.00"
2019-04-23,2019042301005520,NCCB,59,43,50,231.00,"11,550.00"
2019-04-23,2019042301005273,NCCB,34,13,"1,000",230.00,"230,000.00"
2019-04-23,2019042301005206,NCCB,59,39,35,230.00,"8,050.00"
2019-04-23,2019042301005535,NCDB,4,38,500,142.00,"71,000.00"
2019-04-23,2019042301005534,NCDB,4,14,"1,000",142.00,"142,000.00"
2019-04-23,2019042301005533,NCDB,4,50,10,140.00,"1,400.00"
2019-04-23,2019042301005481,NCDB,4,50,990,140.00,"138,600.00"
2019-04-23,2019042301005480,NCDB,4,42,20,140.00,"2,800.00"
2019-04-23,2019042301005479,NCDB,4,28,990,140.00,"138,600.00"
2019-04-23,2019042301005212,NCDB,4,28,100,138.00,"13,800.00"
2019-04-23,2019042301005301,NEF,14,58,966,8.14,"7,863.24"
2019-04-23,2019042301005249,NEF,14,19,"2,414",8.14,"19,649.96"
2019-04-23,2019042301005428,NGPL,39,40,13,117.00,"1,521.00"
2019-04-23,2019042301005476,NIB,42,17,14,564.00,"7,896.00"
2019-04-23,2019042301005458,NIB,42,33,534,562.00,"300,108.00"
2019-04-23,2019042301005457,NIB,42,6,152,561.00,"85,272.00"
2019-04-23,2019042301005361,NIB,40,6,32,560.00,"17,920.00"
2019-04-23,2019042301005324,NIB,40,43,135,560.00,"75,600.00"
2019-04-23,2019042301005323,NIB,52,43,100,560.00,"56,000.00"
2019-04-23,2019042301005322,NIB,59,43,165,560.00,"92,400.00"
2019-04-23,2019042301005311,NIB,59,16,35,560.00,"19,600.00"
2019-04-23,2019042301005310,NIB,34,16,165,560.00,"92,400.00"
2019-04-23,2019042301005227,NIB,7,6,148,561.00,"83,028.00"
2019-04-23,2019042301005226,NIB,7,14,102,561.00,"57,222.00"
2019-04-23,2019042301005334,NIBLPF,48,19,150,7.22,"1,083.00"
2019-04-23,2019042301005256,NIBLPF,48,19,"2,375",7.36,"17,480.00"
2019-04-23,2019042301005639,NICA,36,42,80,488.00,"39,040.00"
2019-04-23,2019042301005536,NICA,52,40,500,489.00,"244,500.00"
2019-04-23,2019042301005473,NICA,55,39,300,489.00,"146,700.00"
2019-04-23,2019042301005472,NICA,55,38,200,489.00,"97,800.00"
2019-04-23,2019042301005471,NICA,55,48,500,489.00,"244,500.00"
2019-04-23,2019042301005448,NICA,36,58,130,488.00,"63,440.00"
2019-04-23,2019042301005327,NICA,33,54,50,488.00,"24,400.00"
2019-04-23,2019042301005268,NICA,33,50,487,487.00,"237,169.00"
2019-04-23,2019042301005233,NICA,45,50,200,487.00,"97,400.00"
2019-04-23,2019042301005231,NICA,33,50,313,487.00,"152,431.00"
2019-04-23,2019042301005230,NICA,33,50,87,487.00,"42,369.00"
2019-04-23,2019042301005199,NICA,52,50,200,487.00,"97,400.00"
2019-04-23,2019042301005381,NICA,34,34,436,487.00,"212,332.00"
2019-04-23,2019042301005358,NICA,34,48,500,487.00,"243,500.00"
2019-04-23,2019042301005342,NICA,33,48,500,487.00,"243,500.00"
2019-04-23,2019042301005330,NICA,33,29,13,488.00,"6,344.00"
2019-04-23,2019042301005329,NICA,33,49,87,488.00,"42,456.00"
2019-04-23,2019042301005328,NICA,33,54,50,488.00,"24,400.00"
2019-04-23,2019042301005447,NICA,36,58,"3,300",488.00,"1,610,400.00"
2019-04-23,2019042301005446,NICA,36,43,500,488.00,"244,000.00"
2019-04-23,2019042301005445,NICA,36,50,95,488.00,"46,360.00"
2019-04-23,2019042301005444,NICA,36,42,169,488.00,"82,472.00"
2019-04-23,2019042301005443,NICA,36,29,207,488.00,"101,016.00"
2019-04-23,2019042301005439,NICA,55,42,229,487.00,"111,523.00"
2019-04-23,2019042301005376,NICGF,11,41,"5,000",9.56,"47,800.00"
2019-04-23,2019042301005625,NICL,57,50,200,386.00,"77,200.00"
2019-04-23,2019042301005624,NICL,57,44,833,386.00,"321,538.00"
2019-04-23,2019042301005247,NICL,39,36,137,384.00,"52,608.00"
2019-04-23,2019042301005246,NICL,1,36,145,384.00,"55,680.00"
2019-04-23,2019042301005245,NICL,53,36,218,385.00,"83,930.00"
2019-04-23,2019042301005517,NIL,19,19,566,526.00,"297,716.00"
2019-04-23,2019042301005516,NIL,19,34,200,526.00,"105,200.00"
2019-04-23,2019042301005636,NLIC,47,10,20,"1,139.00","22,780.00"
2019-04-23,2019042301005620,NLIC,47,10,20,"1,139.00","22,780.00"
2019-04-23,2019042301005545,NLIC,47,10,20,"1,139.00","22,780.00"
2019-04-23,2019042301005532,NLIC,47,10,23,"1,139.00","26,197.00"
2019-04-23,2019042301005514,NLIC,50,28,202,"1,138.00","229,876.00"
2019-04-23,2019042301005506,NLIC,47,28,23,"1,138.00","26,174.00"
2019-04-23,2019042301005257,NLIC,52,57,50,"1,137.00","56,850.00"
2019-04-23,2019042301005398,NLIC,6,11,90,"1,136.00","102,240.00"
2019-04-23,2019042301005397,NLIC,25,11,50,"1,137.00","56,850.00"
2019-04-23,2019042301005363,NLIC,52,28,400,"1,138.00","455,200.00"
2019-04-23,2019042301005326,NLIC,57,28,85,"1,138.00","96,730.00"
2019-04-23,2019042301005325,NLIC,34,28,200,"1,138.00","227,600.00"
2019-04-23,2019042301005300,NLIC,45,10,20,"1,139.00","22,780.00"
2019-04-23,2019042301005404,NLIC,13,11,200,"1,130.00","226,000.00"
2019-04-23,2019042301005403,NLIC,52,11,50,"1,134.00","56,700.00"
2019-04-23,2019042301005402,NLIC,38,11,60,"1,135.00","68,100.00"
2019-04-23,2019042301005401,NLIC,57,11,106,"1,135.00","120,310.00"
2019-04-23,2019042301005400,NLIC,50,11,100,"1,136.00","113,600.00"
2019-04-23,2019042301005399,NLIC,34,11,100,"1,136.00","113,600.00"
2019-04-23,2019042301005410,NLIC,44,11,100,"1,130.00","113,000.00"
2019-04-23,2019042301005409,NLIC,44,11,100,"1,130.00","113,000.00"
2019-04-23,2019042301005408,NLIC,44,11,100,"1,130.00","113,000.00"
2019-04-23,2019042301005407,NLIC,51,11,100,"1,130.00","113,000.00"
2019-04-23,2019042301005406,NLIC,53,11,59,"1,130.00","66,670.00"
2019-04-23,2019042301005405,NLIC,16,11,200,"1,130.00","226,000.00"
2019-04-23,2019042301005496,NLIC,47,28,35,"1,138.00","39,830.00"
2019-04-23,2019042301005491,NLIC,47,28,20,"1,138.00","22,760.00"
2019-04-23,2019042301005474,NLIC,47,28,35,"1,138.00","39,830.00"
2019-04-23,2019042301005422,NLIC,44,11,24,"1,130.00","27,120.00"
2019-04-23,2019042301005421,NLIC,49,11,100,"1,131.00","113,100.00"
2019-04-23,2019042301005411,NLIC,44,11,69,"1,130.00","77,970.00"
2019-04-23,2019042301005511,NLICL,56,34,90,608.00,"54,720.00"
2019-04-23,2019042301005438,NLICL,28,14,300,609.00,"182,700.00"
2019-04-23,2019042301005586,NMB,59,25,489,380.00,"185,820.00"
2019-04-23,2019042301005562,NMB,59,13,11,380.00,"4,180.00"
2019-04-23,2019042301005556,NMB,17,45,"1,066",380.00,"405,080.00"
2019-04-23,2019042301005555,NMB,17,45,100,379.00,"37,900.00"
2019-04-23,2019042301005530,NMB,59,45,479,380.00,"182,020.00"
2019-04-23,2019042301005529,NMB,59,57,21,379.00,"7,959.00"
2019-04-23,2019042301005260,NMB,42,18,300,379.00,"113,700.00"
2019-04-23,2019042301005258,NMB,42,18,200,379.00,"75,800.00"
2019-04-23,2019042301005470,NMB,51,38,100,378.00,"37,800.00"
2019-04-23,2019042301005349,NMB,54,51,"1,003",379.00,"380,137.00"
2019-04-23,2019042301005333,NMB,51,43,200,378.00,"75,600.00"
2019-04-23,2019042301005331,NMB,51,21,99,378.00,"37,422.00"
2019-04-23,2019042301005296,NMB,51,46,12,378.00,"4,536.00"
2019-04-23,2019042301005283,NMB,42,51,500,379.00,"189,500.00"
2019-04-23,2019042301005332,NMFBS,33,46,15,"1,682.00","25,230.00"
2019-04-23,2019042301005368,NTC,33,49,100,691.00,"69,100.00"
2019-04-23,2019042301005270,NTC,6,52,200,687.00,"137,400.00"
2019-04-23,2019042301005238,NTC,6,43,630,687.00,"432,810.00"
2019-04-23,2019042301005237,NTC,4,43,350,687.00,"240,450.00"
2019-04-23,2019042301005236,NTC,35,43,20,688.00,"13,760.00"
2019-04-23,2019042301005658,PCBL,32,58,61,345.00,"21,045.00"
2019-04-23,2019042301005653,PCBL,32,10,89,345.00,"30,705.00"
2019-04-23,2019042301005425,PCBL,40,1,330,345.00,"113,850.00"
2019-04-23,2019042301005424,PCBL,40,41,300,345.00,"103,500.00"
2019-04-23,2019042301005423,PCBL,42,55,300,344.00,"103,200.00"
2019-04-23,2019042301005235,PCBL,42,18,300,344.00,"103,200.00"
2019-04-23,2019042301005348,PFL,50,46,39,134.00,"5,226.00"
2019-04-23,2019042301005469,PIC,45,19,11,"1,026.00","11,286.00"
2019-04-23,2019042301005459,PIC,6,6,200,"1,024.00","204,800.00"
2019-04-23,2019042301005426,PIC,6,6,300,"1,024.00","307,200.00"
2019-04-23,2019042301005303,PIC,6,6,490,"1,024.00","501,760.00"
2019-04-23,2019042301005302,PIC,17,6,10,"1,025.00","10,250.00"
2019-04-23,2019042301005391,PMHPL,56,40,100,111.00,"11,100.00"
2019-04-23,2019042301005388,PMHPL,56,47,10,111.00,"1,110.00"
2019-04-23,2019042301005232,PRIN,21,10,500,417.00,"208,500.00"
2019-04-23,2019042301005489,PRVU,34,6,100,273.00,"27,300.00"
2019-04-23,2019042301005455,PRVU,39,6,100,273.00,"27,300.00"
2019-04-23,2019042301005412,PRVU,17,6,100,273.00,"27,300.00"
2019-04-23,2019042301005387,PRVU,26,6,200,273.00,"54,600.00"
2019-04-23,2019042301005365,PRVU,53,39,500,273.00,"136,500.00"
2019-04-23,2019042301005276,PRVU,56,46,200,272.00,"54,400.00"
2019-04-23,2019042301005242,PRVU,56,18,231,272.00,"62,832.00"
2019-04-23,2019042301005241,PRVU,51,18,50,272.00,"13,600.00"
2019-04-23,2019042301005427,RBCLPO,51,56,10,"8,389.00","83,890.00"
2019-04-23,2019042301005243,RHPC,42,54,10,92.00,920.00
2019-04-23,2019042301005538,RRHP,58,46,10,91.00,910.00
2019-04-23,2019042301005430,RRHP,58,19,10,91.00,910.00
2019-04-23,2019042301005274,RRHP,58,19,10,91.00,910.00
2019-04-23,2019042301005195,SADBL,52,22,30,147.00,"4,410.00"
2019-04-23,2019042301005650,SANIMA,54,58,"1,215",340.00,"413,100.00"
2019-04-23,2019042301005623,SANIMA,54,58,625,340.00,"212,500.00"
2019-04-23,2019042301005622,SANIMA,54,36,375,340.00,"127,500.00"
2019-04-23,2019042301005509,SANIMA,33,33,100,339.00,"33,900.00"
2019-04-23,2019042301005508,SANIMA,33,26,500,339.00,"169,500.00"
2019-04-23,2019042301005507,SANIMA,33,16,585,339.00,"198,315.00"
2019-04-23,2019042301005359,SANIMA,50,52,"1,000",338.00,"338,000.00"
2019-04-23,2019042301005223,SANIMA,40,53,150,338.00,"50,700.00"
2019-04-23,2019042301005222,SANIMA,40,45,200,338.00,"67,600.00"
2019-04-23,2019042301005656,SBI,42,6,793,500.00,"396,500.00"
2019-04-23,2019042301005655,SBI,42,11,207,499.00,"103,293.00"
2019-04-23,2019042301005598,SBI,19,38,440,499.00,"219,560.00"
2019-04-23,2019042301005593,SBI,4,38,60,499.00,"29,940.00"
2019-04-23,2019042301005546,SBI,41,25,80,498.00,"39,840.00"
2019-04-23,2019042301005499,SBI,50,44,30,497.00,"14,910.00"
2019-04-23,2019042301005164,SBI,32,36,100,495.00,"49,500.00"
2019-04-23,2019042301005163,SBI,43,36,229,495.00,"113,355.00"
2019-04-23,2019042301005162,SBI,52,36,50,496.00,"24,800.00"
2019-04-23,2019042301005449,SBI,50,45,38,495.00,"18,810.00"
2019-04-23,2019042301005350,SBI,14,45,62,495.00,"30,690.00"
2019-04-23,2019042301005287,SBI,14,32,38,495.00,"18,810.00"
2019-04-23,2019042301005286,SBI,5,32,122,495.00,"60,390.00"
2019-04-23,2019042301005224,SBI,5,10,57,495.00,"28,215.00"
2019-04-23,2019042301005165,SBI,5,36,121,495.00,"59,895.00"
2019-04-23,2019042301005597,SBL,50,19,38,345.00,"13,110.00"
2019-04-23,2019042301005596,SBL,50,42,169,345.00,"58,305.00"
2019-04-23,2019042301005595,SBL,50,48,429,345.00,"148,005.00"
2019-04-23,2019042301005207,SBL,28,10,143,342.00,"48,906.00"
2019-04-23,2019042301005182,SBL,25,33,250,344.00,"86,000.00"
2019-04-23,2019042301005181,SBL,25,14,325,344.00,"111,800.00"
2019-04-23,2019042301005646,SCB,58,6,450,712.00,"320,400.00"
2019-04-23,2019042301005628,SCB,58,36,500,711.00,"355,500.00"
2019-04-23,2019042301005627,SCB,58,33,450,710.00,"319,500.00"
2019-04-23,2019042301005626,SCB,58,49,30,710.00,"21,300.00"
2019-04-23,2019042301005594,SCB,26,11,20,708.00,"14,160.00"
2019-04-23,2019042301005513,SCB,25,45,50,707.00,"35,350.00"
2019-04-23,2019042301005169,SCB,56,42,20,710.00,"14,200.00"
2019-04-23,2019042301005168,SCB,56,25,39,709.00,"27,651.00"
2019-04-23,2019042301005167,SCB,56,7,15,707.00,"10,605.00"
2019-04-23,2019042301005161,SCB,48,42,20,705.00,"14,100.00"
2019-04-23,2019042301005251,SCB,48,19,64,705.00,"45,120.00"
2019-04-23,2019042301005208,SCB,48,21,76,705.00,"53,580.00"
2019-04-23,2019042301005179,SCB,48,19,20,705.00,"14,100.00"
2019-04-23,2019042301005172,SCB,56,42,20,710.00,"14,200.00"
2019-04-23,2019042301005171,SCB,56,6,100,710.00,"71,000.00"
2019-04-23,2019042301005170,SCB,56,7,200,710.00,"142,000.00"
2019-04-23,2019042301005389,SCB,45,21,20,705.00,"14,100.00"
2019-04-23,2019042301005305,SCB,45,36,32,705.00,"22,560.00"
2019-04-23,2019042301005304,SCB,57,36,18,705.00,"12,690.00"
2019-04-23,2019042301005284,SCB,57,19,20,705.00,"14,100.00"
2019-04-23,2019042301005254,SCB,57,16,70,705.00,"49,350.00"
2019-04-23,2019042301005252,SCB,57,19,72,705.00,"50,760.00"
2019-04-23,2019042301005510,SCB,45,39,18,710.00,"12,780.00"
2019-04-23,2019042301005498,SCB,50,45,150,709.00,"106,350.00"
2019-04-23,2019042301005488,SCB,4,11,100,706.00,"70,600.00"
2019-04-23,2019042301005468,SCB,34,22,200,708.00,"141,600.00"
2019-04-23,2019042301005464,SCB,4,11,28,706.00,"19,768.00"
2019-04-23,2019042301005463,SCB,4,11,700,706.00,"494,200.00"
2019-04-23,2019042301005503,SDESI,17,21,16,605.00,"9,680.00"
2019-04-23,2019042301005502,SDESI,38,21,34,606.00,"20,604.00"
2019-04-23,2019042301005564,SEOS,21,46,"1,600",10.15,"16,240.00"
2019-04-23,2019042301005453,SHIVM,57,19,50,307.00,"15,350.00"
2019-04-23,2019042301005197,SHIVM,57,45,80,307.00,"24,560.00"
2019-04-23,2019042301005191,SHIVM,57,45,80,307.00,"24,560.00"
2019-04-23,2019042301005177,SHIVM,57,45,10,307.00,"3,070.00"
2019-04-23,2019042301005176,SHIVM,47,45,50,307.00,"15,350.00"
2019-04-23,2019042301005175,SHIVM,57,45,40,307.00,"12,280.00"
2019-04-23,2019042301005637,SHPC,16,49,547,227.00,"124,169.00"
2019-04-23,2019042301005204,SHPC,53,49,13,227.00,"2,951.00"
2019-04-23,2019042301005203,SHPC,28,49,"2,000",227.00,"454,000.00"
2019-04-23,2019042301005202,SHPC,1,49,190,227.00,"43,130.00"
2019-04-23,2019042301005563,SICL,19,43,150,892.00,"133,800.00"
2019-04-23,2019042301005551,SICL,39,40,74,891.00,"65,934.00"
2019-04-23,2019042301005550,SICL,14,40,100,891.00,"89,100.00"
2019-04-23,2019042301005549,SICL,44,40,10,891.00,"8,910.00"
2019-04-23,2019042301005465,SICL,44,19,100,891.00,"89,100.00"
2019-04-23,2019042301005180,SKBBL,35,20,400,986.00,"394,400.00"
2019-04-23,2019042301005512,SLBSL,49,16,10,640.00,"6,400.00"
2019-04-23,2019042301005253,SLBSL,49,39,10,640.00,"6,400.00"
2019-04-23,2019042301005215,SLBSL,49,39,10,640.00,"6,400.00"
2019-04-23,2019042301005294,SPDL,37,19,15,99.00,"1,485.00"
2019-04-23,2019042301005280,SPDL,37,33,29,99.00,"2,871.00"
2019-04-23,2019042301005642,SRBL,44,11,45,250.00,"11,250.00"
2019-04-23,2019042301005641,SRBL,44,39,"1,517",250.00,"379,250.00"
2019-04-23,2019042301005494,SRBL,50,59,600,250.00,"150,000.00"
2019-04-23,2019042301005487,SRBL,33,59,400,250.00,"100,000.00"
2019-04-23,2019042301005486,SRBL,33,57,100,250.00,"25,000.00"
2019-04-23,2019042301005485,SRBL,33,46,100,250.00,"25,000.00"
2019-04-23,2019042301005484,SRBL,33,39,900,250.00,"225,000.00"
2019-04-23,2019042301005201,SRBL,42,39,"1,100",250.00,"275,000.00"
2019-04-23,2019042301005190,SRBL,33,45,600,249.00,"149,400.00"
2019-04-23,2019042301005357,SWBBL,54,46,90,878.00,"79,020.00"
2019-04-23,2019042301005356,SWBBL,16,46,50,879.00,"43,950.00"
2019-04-23,2019042301005355,SWBBL,1,46,10,880.00,"8,800.00"
2019-04-23,2019042301005497,UIC,32,7,324,860.00,"278,640.00"
2019-04-23,2019042301005599,UMHL,7,46,14,106.00,"1,484.00"
2019-04-23,2019042301005299,UMHL,7,19,14,106.00,"1,484.00"
2019-04-23,2019042301005192,UMHL,7,19,10,106.00,"1,060.00"
2019-04-23,2019042301005657,UPCL,59,50,250,90.00,"22,500.00"
2019-04-23,2019042301005557,UPCL,59,41,50,90.00,"4,500.00"
2019-04-23,2019042301005456,UPCL,59,32,50,90.00,"4,500.00"
2019-04-23,2019042301005433,UPCL,59,32,50,90.00,"4,500.00"
2019-04-23,2019042301005385,UPCL,49,49,20,91.00,"1,820.00"
2019-04-23,2019042301005384,UPCL,49,49,50,91.00,"4,550.00"
2019-04-23,2019042301005383,UPCL,49,32,30,91.00,"2,730.00"
2019-04-23,2019042301005255,UPCL,59,46,50,90.00,"4,500.00"
2019-04-23,2019042301005634,UPPER,45,45,72,230.00,"16,560.00"
2019-04-23,2019042301005633,UPPER,45,46,50,230.00,"11,500.00"
2019-04-23,2019042301005603,UPPER,45,51,72,231.00,"16,632.00"
2019-04-23,2019042301005483,UPPER,45,19,50,230.00,"11,500.00"
2019-04-23,2019042301005442,UPPER,45,32,50,230.00,"11,500.00"
2019-04-23,2019042301005259,UPPER,45,46,50,230.00,"11,500.00"
2019-04-23,2019042301005225,UPPER,45,39,50,230.00,"11,500.00"
2019-04-23,2019042301005436,UPPER,45,40,50,230.00,"11,500.00"
2019-04-23,2019042301005434,UPPER,45,43,50,230.00,"11,500.00"
2019-04-23,2019042301005347,UPPER,45,39,40,230.00,"9,200.00"
2019-04-23,2019042301005292,UPPER,45,1,40,230.00,"9,200.00"
2019-04-23,2019042301005279,UPPER,45,1,40,230.00,"9,200.00"
2019-04-23,2019042301005148,ADBL,40,41,105,340.00,"35,700.00"
2019-04-23,2019042301005137,ADBL,40,16,150,340.00,"51,000.00"
2019-04-23,2019042301004795,ADBL,40,42,240,340.00,"81,600.00"
2019-04-23,2019042301004748,ADBL,40,22,20,340.00,"6,800.00"
2019-04-23,2019042301004797,AHPC,37,16,20,100.00,"2,000.00"
2019-04-23,2019042301004776,AKJCL,11,22,20,79.00,"1,580.00"
2019-04-23,2019042301004971,AKPL,19,38,504,163.00,"82,152.00"
2019-04-23,2019042301004970,AKPL,6,38,50,164.00,"8,200.00"
2019-04-23,2019042301005147,ALBSL,42,14,40,463.00,"18,520.00"
2019-04-23,2019042301005146,ALBSL,22,14,20,463.00,"9,260.00"
2019-04-23,2019042301005007,ALBSL,40,40,10,464.00,"4,640.00"
2019-04-23,2019042301004937,ALBSL,44,39,10,463.00,"4,630.00"
2019-04-23,2019042301004847,ALBSL,44,46,10,463.00,"4,630.00"
2019-04-23,2019042301004782,ALBSL,44,39,10,463.00,"4,630.00"
2019-04-23,2019042301004698,ALBSL,17,6,10,465.00,"4,650.00"
2019-04-23,2019042301004834,ALICL,16,40,248,415.00,"102,920.00"
2019-04-23,2019042301004833,ALICL,49,40,352,415.00,"146,080.00"
2019-04-23,2019042301005155,BARUN,5,34,50,91.00,"4,550.00"
2019-04-23,2019042301005154,BARUN,1,34,100,92.00,"9,200.00"
2019-04-23,2019042301005142,BARUN,34,34,200,92.00,"18,400.00"
2019-04-23,2019042301005141,BARUN,1,34,200,92.00,"18,400.00"
2019-04-23,2019042301005140,BARUN,5,34,100,92.00,"9,200.00"
2019-04-23,2019042301005134,BARUN,47,34,100,93.00,"9,300.00"
2019-04-23,2019042301005133,BARUN,1,34,100,93.00,"9,300.00"
2019-04-23,2019042301004788,BHBL,28,51,100,166.00,"16,600.00"
2019-04-23,2019042301005082,BOKL,10,59,211,277.00,"58,447.00"
2019-04-23,2019042301005081,BOKL,19,59,189,277.00,"52,353.00"
2019-04-23,2019042301005070,BOKL,19,40,311,277.00,"86,147.00"
2019-04-23,2019042301005069,BOKL,54,40,189,277.00,"52,353.00"
2019-04-23,2019042301004955,BOKL,54,52,11,277.00,"3,047.00"
2019-04-23,2019042301004954,BOKL,58,52,489,277.00,"135,453.00"
2019-04-23,2019042301004706,BOKL,33,29,164,278.00,"45,592.00"
2019-04-23,2019042301004811,BOKL,58,42,55,277.00,"15,235.00"
2019-04-23,2019042301004810,BOKL,28,42,74,278.00,"20,572.00"
2019-04-23,2019042301004761,BOKL,28,22,10,278.00,"2,780.00"
2019-04-23,2019042301004708,BOKL,28,29,316,278.00,"87,848.00"
2019-04-23,2019042301004707,BOKL,48,29,20,278.00,"5,560.00"
2019-04-23,2019042301004820,BPCL,1,22,220,360.00,"79,200.00"
2019-04-23,2019042301004805,BPCL,1,6,10,360.00,"3,600.00"
2019-04-23,2019042301004765,BPCL,1,10,11,360.00,"3,960.00"
2019-04-23,2019042301004764,BPCL,1,10,11,360.00,"3,960.00"
2019-04-23,2019042301004747,BPCL,21,42,40,359.00,"14,360.00"
2019-04-23,2019042301005106,CBBL,22,41,50,"1,016.00","50,800.00"
2019-04-23,2019042301005105,CBBL,17,41,50,"1,017.00","50,850.00"
2019-04-23,2019042301004749,CBBL,29,43,17,"1,021.00","17,357.00"
2019-04-23,2019042301005156,CBBLPO,39,44,"20,000",564.00,"11,280,000.00"
2019-04-23,2019042301005144,CBBLPO,44,39,"15,000",564.00,"8,460,000.00"
2019-04-23,2019042301005109,CBL,58,32,530,156.00,"82,680.00"
2019-04-23,2019042301005091,CBL,58,7,"1,000",156.00,"156,000.00"
2019-04-23,2019042301005090,CBL,58,32,"1,000",156.00,"156,000.00"
2019-04-23,2019042301005089,CBL,58,33,470,156.00,"73,320.00"
2019-04-23,2019042301005060,CBL,13,33,"1,000",156.00,"156,000.00"
2019-04-23,2019042301004831,CBL,58,29,168,155.00,"26,040.00"
2019-04-23,2019042301005117,CCBL,52,42,829,170.00,"140,930.00"
2019-04-23,2019042301005116,CCBL,39,42,171,170.00,"29,070.00"
2019-04-23,2019042301005051,CCBL,39,51,20,170.00,"3,400.00"
2019-04-23,2019042301004773,CCBL,39,58,809,170.00,"137,530.00"
2019-04-23,2019042301004772,CCBL,16,58,500,170.00,"85,000.00"
2019-04-23,2019042301004771,CCBL,26,58,791,170.00,"134,470.00"
2019-04-23,2019042301004767,CCBL,26,22,60,170.00,"10,200.00"
2019-04-23,2019042301005066,CHCL,6,57,139,517.00,"71,863.00"
2019-04-23,2019042301005065,CHCL,19,57,100,517.00,"51,700.00"
2019-04-23,2019042301005064,CHCL,50,57,361,517.00,"186,637.00"
2019-04-23,2019042301004874,CHCL,6,6,10,518.00,"5,180.00"
2019-04-23,2019042301005131,CIT,34,33,100,"2,496.00","249,600.00"
2019-04-23,2019042301005046,CIT,46,58,49,"2,500.00","122,500.00"
2019-04-23,2019042301004951,CIT,46,58,150,"2,500.00","375,000.00"
2019-04-23,2019042301005153,CZBIL,39,19,10,226.00,"2,260.00"
2019-04-23,2019042301005149,CZBIL,28,25,100,227.00,"22,700.00"
2019-04-23,2019042301005103,CZBIL,39,45,719,226.00,"162,494.00"
2019-04-23,2019042301005102,CZBIL,21,45,281,226.00,"63,506.00"
2019-04-23,2019042301004969,CZBIL,21,48,719,226.00,"162,494.00"
2019-04-23,2019042301004968,CZBIL,50,48,100,226.00,"22,600.00"
2019-04-23,2019042301004897,CZBIL,43,46,10,227.00,"2,270.00"
2019-04-23,2019042301004824,CZBIL,43,45,113,227.00,"25,651.00"
2019-04-23,2019042301004823,CZBIL,48,45,50,227.00,"11,350.00"
2019-04-23,2019042301004822,CZBIL,19,45,37,227.00,"8,399.00"
2019-04-23,2019042301004967,CZBIL,1,48,300,226.00,"67,800.00"
2019-04-23,2019042301004966,CZBIL,6,48,200,226.00,"45,200.00"
2019-04-23,2019042301004965,CZBIL,39,48,100,226.00,"22,600.00"
2019-04-23,2019042301004964,CZBIL,43,48,"1,000",226.00,"226,000.00"
2019-04-23,2019042301004963,CZBIL,53,48,150,227.00,"34,050.00"
2019-04-23,2019042301004962,CZBIL,43,48,377,227.00,"85,579.00"
2019-04-23,2019042301004731,DBBL,26,59,21,126.00,"2,646.00"
2019-04-23,2019042301005151,DDBL,7,16,50,672.00,"33,600.00"
2019-04-23,2019042301005150,DDBL,43,16,50,672.00,"33,600.00"
2019-04-23,2019042301005083,DDBL,10,51,14,673.00,"9,422.00"
2019-04-23,2019042301004848,DDBL,19,51,106,673.00,"71,338.00"
2019-04-23,2019042301004817,DDBL,19,7,271,673.00,"182,383.00"
2019-04-23,2019042301005138,EBL,26,45,100,663.00,"66,300.00"
2019-04-23,2019042301004883,EBL,14,16,65,665.00,"43,225.00"
2019-04-23,2019042301004840,EBL,45,16,100,665.00,"66,500.00"
2019-04-23,2019042301004762,EBL,45,25,50,665.00,"33,250.00"
2019-04-23,2019042301004701,EBL,1,25,50,665.00,"33,250.00"
2019-04-23,2019042301004723,FMDBL,44,55,40,380.00,"15,200.00"
2019-04-23,2019042301004938,FOWAD,55,41,15,"1,524.00","22,860.00"
2019-04-23,2019042301004925,FOWAD,55,46,15,"1,524.00","22,860.00"
2019-04-23,2019042301004686,GBBL,38,11,72,204.00,"14,688.00"
2019-04-23,2019042301004685,GBBL,38,11,78,204.00,"15,912.00"
2019-04-23,2019042301005067,GBIME,10,22,300,298.00,"89,400.00"
2019-04-23,2019042301004972,GBIME,42,38,20,299.00,"5,980.00"
2019-04-23,2019042301004926,GBIME,53,45,39,297.00,"11,583.00"
2019-04-23,2019042301004882,GBIME,53,45,39,297.00,"11,583.00"
2019-04-23,2019042301004755,GBIME,56,57,170,296.00,"50,320.00"
2019-04-23,2019042301004754,GBIME,45,57,30,296.00,"8,880.00"
2019-04-23,2019042301004746,GBLBS,17,13,50,352.00,"17,600.00"
2019-04-23,2019042301004745,GBLBS,17,13,100,352.00,"35,200.00"
2019-04-23,2019042301005159,GDBL,10,32,220,199.00,"43,780.00"
2019-04-23,2019042301005038,GDBL,38,33,400,198.00,"79,200.00"
2019-04-23,2019042301005013,GDBL,38,22,390,198.00,"77,220.00"
2019-04-23,2019042301004906,GDBL,38,55,122,198.00,"24,156.00"
2019-04-23,2019042301004907,GLICL,44,44,200,535.00,"107,000.00"
2019-04-23,2019042301004898,GLICL,44,44,300,535.00,"160,500.00"
2019-04-23,2019042301005047,HDL,57,32,10,"1,399.00","13,990.00"
2019-04-23,2019042301004864,HGI,10,58,60,390.00,"23,400.00"
2019-04-23,2019042301004769,HGI,58,42,123,389.00,"47,847.00"
2019-04-23,2019042301004768,HGI,44,42,64,389.00,"24,896.00"
