Date,Transact. No.,Symbol,Buyer,Seller,Quantity,Rate,Amount
2020-12-14,2020121404002135,BBC,57,38,10,"2,899.00","28,990.00"
2020-12-14,2020121404002075,BBC,7,43,45,"2,890.00","130,050.00"
2020-12-14,2020121404002044,BBC,7,33,10,"2,889.00","28,890.00"
2020-12-14,2020121404002033,BBC,25,47,45,"2,888.00","129,960.00"
2020-12-14,2020121404001846,BBC,25,34,88,"2,845.00","250,360.00"
2020-12-14,2020121404001845,BBC,36,34,12,"2,850.00","34,200.00"
2020-12-14,2020121404001829,BBC,45,34,50,"2,851.00","142,550.00"
2020-12-14,2020121404001781,BBC,53,45,25,"2,849.00","71,225.00"
2020-12-14,2020121404001684,BBC,36,20,130,"2,850.00","370,500.00"
2020-12-14,2020121404002084,CMF1,55,4,400,10.33,"4,132.00"
2020-12-14,2020121404002079,CMF1,42,18,200,10.29,"2,058.00"
2020-12-14,2020121404002026,CMF1,42,17,920,10.29,"9,466.80"
2020-12-14,2020121404001982,CMF1,42,7,"5,000",10.29,"51,450.00"
2020-12-14,2020121404001979,CMF1,42,21,"1,000",10.29,"10,290.00"
2020-12-14,2020121404001961,CMF1,42,17,"3,000",10.29,"30,870.00"
2020-12-14,2020121404001860,CMF1,42,28,"18,800",10.19,"191,572.00"
2020-12-14,2020121404001859,CMF1,42,10,900,10.18,"9,162.00"
2020-12-14,2020121404001858,CMF1,42,34,"10,000",10.12,"101,200.00"
2020-12-14,2020121404001853,CMF1,42,41,500,10.09,"5,045.00"
2020-12-14,2020121404001852,CMF1,42,6,"15,000",10.08,"151,200.00"
2020-12-14,2020121404001851,CMF1,42,58,"1,000",10.08,"10,080.00"
2020-12-14,2020121404001954,CMF1,42,17,"5,000",10.29,"51,450.00"
2020-12-14,2020121404001953,CMF1,42,11,500,10.29,"5,145.00"
2020-12-14,2020121404001918,CMF1,42,11,500,10.29,"5,145.00"
2020-12-14,2020121404001863,CMF1,42,25,"5,000",10.28,"51,400.00"
2020-12-14,2020121404001862,CMF1,42,37,500,10.20,"5,100.00"
2020-12-14,2020121404001861,CMF1,42,59,"75,400",10.20,"769,080.00"
2020-12-14,2020121404002158,GIC,54,41,10,586.00,"5,860.00"
2020-12-14,2020121404002155,GIC,13,36,10,585.00,"5,850.00"
2020-12-14,2020121404002149,GIC,13,36,10,585.00,"5,850.00"
2020-12-14,2020121404002144,GIC,13,42,10,586.00,"5,860.00"
2020-12-14,2020121404002143,GIC,13,36,275,586.00,"161,150.00"
2020-12-14,2020121404002142,GIC,13,13,10,585.00,"5,850.00"
2020-12-14,2020121404001662,GIC,11,52,10,580.00,"5,800.00"
2020-12-14,2020121404001669,GIC,8,44,10,581.00,"5,810.00"
2020-12-14,2020121404001668,GIC,8,42,10,581.00,"5,810.00"
2020-12-14,2020121404001667,GIC,8,49,10,581.00,"5,810.00"
2020-12-14,2020121404001666,GIC,8,35,10,581.00,"5,810.00"
2020-12-14,2020121404001664,GIC,11,52,10,580.00,"5,800.00"
2020-12-14,2020121404001663,GIC,11,3,10,580.00,"5,800.00"
2020-12-14,2020121404001677,GIC,8,19,10,581.00,"5,810.00"
2020-12-14,2020121404001674,GIC,8,40,10,581.00,"5,810.00"
2020-12-14,2020121404001673,GIC,8,38,10,581.00,"5,810.00"
2020-12-14,2020121404001672,GIC,8,3,10,581.00,"5,810.00"
2020-12-14,2020121404001671,GIC,8,58,10,581.00,"5,810.00"
2020-12-14,2020121404001670,GIC,8,58,10,581.00,"5,810.00"
2020-12-14,2020121404001694,GIC,8,19,10,581.00,"5,810.00"
2020-12-14,2020121404001692,GIC,8,19,10,581.00,"5,810.00"
2020-12-14,2020121404001691,GIC,8,52,10,581.00,"5,810.00"
2020-12-14,2020121404001690,GIC,8,52,10,581.00,"5,810.00"
2020-12-14,2020121404001689,GIC,8,19,10,581.00,"5,810.00"
2020-12-14,2020121404001680,GIC,8,19,10,581.00,"5,810.00"
2020-12-14,2020121404001700,GIC,11,51,10,582.00,"5,820.00"
2020-12-14,2020121404001699,GIC,11,42,10,582.00,"5,820.00"
2020-12-14,2020121404001698,GIC,11,32,10,582.00,"5,820.00"
2020-12-14,2020121404001697,GIC,11,59,20,582.00,"11,640.00"
2020-12-14,2020121404001696,GIC,11,6,200,582.00,"116,400.00"
2020-12-14,2020121404001695,GIC,11,6,10,582.00,"5,820.00"
2020-12-14,2020121404001709,GIC,8,19,10,581.00,"5,810.00"
2020-12-14,2020121404001705,GIC,11,35,10,582.00,"5,820.00"
2020-12-14,2020121404001704,GIC,11,1,20,582.00,"11,640.00"
2020-12-14,2020121404001703,GIC,11,36,500,582.00,"291,000.00"
2020-12-14,2020121404001702,GIC,11,42,10,582.00,"5,820.00"
2020-12-14,2020121404001701,GIC,11,34,10,582.00,"5,820.00"
2020-12-14,2020121404001786,GIC,55,25,10,582.00,"5,820.00"
2020-12-14,2020121404001785,GIC,55,32,10,582.00,"5,820.00"
2020-12-14,2020121404001784,GIC,55,58,10,582.00,"5,820.00"
2020-12-14,2020121404001777,GIC,44,19,10,581.00,"5,810.00"
2020-12-14,2020121404001774,GIC,44,45,10,581.00,"5,810.00"
2020-12-14,2020121404001773,GIC,55,17,10,580.00,"5,800.00"
2020-12-14,2020121404001796,GIC,55,17,10,583.00,"5,830.00"
2020-12-14,2020121404001795,GIC,55,17,10,583.00,"5,830.00"
2020-12-14,2020121404001794,GIC,55,20,40,583.00,"23,320.00"
2020-12-14,2020121404001793,GIC,55,45,10,583.00,"5,830.00"
2020-12-14,2020121404001792,GIC,55,42,10,583.00,"5,830.00"
2020-12-14,2020121404001791,GIC,55,51,100,583.00,"58,300.00"
2020-12-14,2020121404001811,GIC,38,45,10,584.00,"5,840.00"
2020-12-14,2020121404001809,GIC,38,52,10,584.00,"5,840.00"
2020-12-14,2020121404001808,GIC,38,46,10,584.00,"5,840.00"
2020-12-14,2020121404001807,GIC,38,58,10,584.00,"5,840.00"
2020-12-14,2020121404001798,GIC,55,45,10,583.00,"5,830.00"
2020-12-14,2020121404001797,GIC,55,52,10,583.00,"5,830.00"
2020-12-14,2020121404001847,GIC,26,8,10,584.00,"5,840.00"
2020-12-14,2020121404001844,GIC,26,36,10,584.00,"5,840.00"
2020-12-14,2020121404001840,GIC,38,53,50,585.00,"29,250.00"
2020-12-14,2020121404001838,GIC,26,58,10,584.00,"5,840.00"
2020-12-14,2020121404001831,GIC,26,58,10,584.00,"5,840.00"
2020-12-14,2020121404001830,GIC,26,38,10,584.00,"5,840.00"
2020-12-14,2020121404001873,GIC,6,36,10,585.00,"5,850.00"
2020-12-14,2020121404001872,GIC,6,45,10,585.00,"5,850.00"
2020-12-14,2020121404001871,GIC,6,6,10,585.00,"5,850.00"
2020-12-14,2020121404001870,GIC,6,53,70,585.00,"40,950.00"
2020-12-14,2020121404001868,GIC,26,38,10,584.00,"5,840.00"
2020-12-14,2020121404001848,GIC,26,34,10,584.00,"5,840.00"
2020-12-14,2020121404001879,GIC,6,53,10,585.00,"5,850.00"
2020-12-14,2020121404001878,GIC,6,41,10,585.00,"5,850.00"
2020-12-14,2020121404001877,GIC,6,45,10,585.00,"5,850.00"
2020-12-14,2020121404001876,GIC,6,42,10,585.00,"5,850.00"
2020-12-14,2020121404001875,GIC,6,41,10,585.00,"5,850.00"
2020-12-14,2020121404001874,GIC,6,45,100,585.00,"58,500.00"
2020-12-14,2020121404001900,GIC,26,38,10,584.00,"5,840.00"
2020-12-14,2020121404001892,GIC,26,4,10,584.00,"5,840.00"
2020-12-14,2020121404001883,GIC,6,1,20,585.00,"11,700.00"
2020-12-14,2020121404001882,GIC,6,11,10,585.00,"5,850.00"
2020-12-14,2020121404001881,GIC,6,11,10,585.00,"5,850.00"
2020-12-14,2020121404001880,GIC,6,34,10,585.00,"5,850.00"
2020-12-14,2020121404001925,GIC,56,25,20,585.00,"11,700.00"
2020-12-14,2020121404001924,GIC,56,52,10,585.00,"5,850.00"
2020-12-14,2020121404001923,GIC,56,57,10,585.00,"5,850.00"
2020-12-14,2020121404001922,GIC,56,21,10,585.00,"5,850.00"
2020-12-14,2020121404001921,GIC,56,34,150,585.00,"87,750.00"
2020-12-14,2020121404001920,GIC,56,1,10,585.00,"5,850.00"
2020-12-14,2020121404001990,GIC,59,3,160,583.00,"93,280.00"
2020-12-14,2020121404001988,GIC,59,38,10,583.00,"5,830.00"
2020-12-14,2020121404001984,GIC,59,10,10,583.00,"5,830.00"
2020-12-14,2020121404001934,GIC,47,20,10,582.00,"5,820.00"
2020-12-14,2020121404001933,GIC,26,36,10,585.00,"5,850.00"
2020-12-14,2020121404001926,GIC,56,36,340,585.00,"198,900.00"
2020-12-14,2020121404002022,GIC,18,3,10,585.00,"5,850.00"
2020-12-14,2020121404002021,GIC,18,11,10,585.00,"5,850.00"
2020-12-14,2020121404002020,GIC,18,21,10,585.00,"5,850.00"
2020-12-14,2020121404002019,GIC,18,36,290,585.00,"169,650.00"
2020-12-14,2020121404002018,GIC,18,21,80,583.00,"46,640.00"
2020-12-14,2020121404002017,GIC,59,21,20,583.00,"11,660.00"
2020-12-14,2020121404002034,GIC,41,6,10,585.00,"5,850.00"
2020-12-14,2020121404002032,GIC,41,51,10,585.00,"5,850.00"
2020-12-14,2020121404002031,GIC,41,42,10,585.00,"5,850.00"
2020-12-14,2020121404002030,GIC,41,52,10,585.00,"5,850.00"
2020-12-14,2020121404002029,GIC,41,36,295,585.00,"172,575.00"
2020-12-14,2020121404002023,GIC,18,36,100,585.00,"58,500.00"
2020-12-14,2020121404002048,GIC,41,32,10,586.00,"5,860.00"
2020-12-14,2020121404002047,GIC,41,21,10,586.00,"5,860.00"
2020-12-14,2020121404002046,GIC,41,25,10,586.00,"5,860.00"
2020-12-14,2020121404002045,GIC,41,53,10,586.00,"5,860.00"
2020-12-14,2020121404002039,GIC,14,28,10,583.00,"5,830.00"
2020-12-14,2020121404002038,GIC,14,44,10,583.00,"5,830.00"
2020-12-14,2020121404002065,GIC,35,41,10,585.00,"5,850.00"
2020-12-14,2020121404002053,GIC,41,36,85,586.00,"49,810.00"
2020-12-14,2020121404002052,GIC,41,48,10,586.00,"5,860.00"
2020-12-14,2020121404002051,GIC,41,32,10,586.00,"5,860.00"
2020-12-14,2020121404002050,GIC,41,34,10,586.00,"5,860.00"
2020-12-14,2020121404002049,GIC,41,58,10,586.00,"5,860.00"
2020-12-14,2020121404002094,GIC,14,55,10,583.00,"5,830.00"
2020-12-14,2020121404002082,GIC,29,11,50,585.00,"29,250.00"
2020-12-14,2020121404002080,GIC,25,36,30,586.00,"17,580.00"
2020-12-14,2020121404002077,GIC,29,41,10,585.00,"5,850.00"
2020-12-14,2020121404002076,GIC,29,1,250,585.00,"146,250.00"
2020-12-14,2020121404002066,GIC,35,1,50,585.00,"29,250.00"
2020-12-14,2020121404002131,GIC,35,57,10,585.00,"5,850.00"
2020-12-14,2020121404002122,GIC,13,28,10,584.00,"5,840.00"
2020-12-14,2020121404002106,GIC,13,28,10,584.00,"5,840.00"
2020-12-14,2020121404002102,GIC,11,36,400,586.00,"234,400.00"
2020-12-14,2020121404002100,GIC,13,55,10,584.00,"5,840.00"
2020-12-14,2020121404002095,GIC,14,4,10,583.00,"5,830.00"
2020-12-14,2020121404002141,GIC,36,58,10,585.00,"5,850.00"
2020-12-14,2020121404002140,GIC,36,38,90,585.00,"52,650.00"
2020-12-14,2020121404002138,GIC,7,38,10,585.00,"5,850.00"
2020-12-14,2020121404002136,GIC,54,36,20,586.00,"11,720.00"
2020-12-14,2020121404002134,GIC,29,42,10,585.00,"5,850.00"
2020-12-14,2020121404002132,GIC,35,36,190,586.00,"111,340.00"
2020-12-14,2020121404002148,GIMES1,7,22,"3,000",11.30,"33,900.00"
2020-12-14,2020121404002147,GIMES1,7,22,"12,000",11.30,"135,600.00"
2020-12-14,2020121404002061,GIMES1,55,22,300,11.42,"3,426.00"
2020-12-14,2020121404002060,GIMES1,55,58,100,11.42,"1,142.00"
2020-12-14,2020121404001854,GIMES1,7,22,"3,000",11.30,"33,900.00"
2020-12-14,2020121404001850,GIMES1,7,22,"7,000",11.30,"79,100.00"
2020-12-14,2020121404001849,GIMES1,7,22,"3,500",11.30,"39,550.00"
2020-12-14,2020121404001706,GIMES1,7,28,"2,500",11.30,"28,250.00"
2020-12-14,2020121404002003,LEMF,42,51,"2,000",10.30,"20,600.00"
2020-12-14,2020121404001994,LEMF,42,38,"1,000",10.30,"10,300.00"
2020-12-14,2020121404001886,LEMF,42,4,"2,500",10.04,"25,100.00"
2020-12-14,2020121404001885,LEMF,42,26,"1,000",10.02,"10,020.00"
2020-12-14,2020121404001884,LEMF,42,58,500,10.00,"5,000.00"
2020-12-14,2020121404001893,LEMF,42,42,"3,000",10.12,"30,360.00"
2020-12-14,2020121404001891,LEMF,42,58,"3,217",10.10,"32,491.70"
2020-12-14,2020121404001890,LEMF,42,35,"1,000",10.10,"10,100.00"
2020-12-14,2020121404001889,LEMF,42,22,"2,000",10.10,"20,200.00"
2020-12-14,2020121404001888,LEMF,42,51,500,10.10,"5,050.00"
2020-12-14,2020121404001887,LEMF,42,16,"5,850",10.10,"59,085.00"
2020-12-14,2020121404001899,LEMF,42,51,"1,000",10.30,"10,300.00"
2020-12-14,2020121404001898,LEMF,42,49,"5,000",10.20,"51,000.00"
2020-12-14,2020121404001897,LEMF,42,54,"2,500",10.19,"25,475.00"
2020-12-14,2020121404001896,LEMF,42,54,"2,500",10.19,"25,475.00"
2020-12-14,2020121404001895,LEMF,42,54,"2,500",10.19,"25,475.00"
2020-12-14,2020121404001894,LEMF,42,1,500,10.14,"5,070.00"
2020-12-14,2020121404001911,LEMF,42,51,100,10.32,"1,032.00"
2020-12-14,2020121404001909,LEMF,42,22,"5,000",10.32,"51,600.00"
2020-12-14,2020121404001908,LEMF,42,35,"11,699",10.32,"120,733.68"
2020-12-14,2020121404001907,LEMF,42,45,"2,500",10.32,"25,800.00"
2020-12-14,2020121404001906,LEMF,42,51,500,10.32,"5,160.00"
2020-12-14,2020121404001905,LEMF,42,26,"5,000",10.31,"51,550.00"
2020-12-14,2020121404002124,LUK,58,20,100,9.26,926.00
2020-12-14,2020121404001983,LUK,6,38,500,9.25,"4,625.00"
2020-12-14,2020121404001901,LUK,6,17,500,9.25,"4,625.00"
2020-12-14,2020121404002126,NBF2,58,20,100,9.77,977.00
2020-12-14,2020121404002058,NBF2,45,20,100,9.76,976.00
2020-12-14,2020121404002036,NBF2,55,42,500,9.80,"4,900.00"
2020-12-14,2020121404001958,NBF2,17,56,300,9.76,"2,928.00"
2020-12-14,2020121404001782,NBF2,29,42,500,9.77,"4,885.00"
2020-12-14,2020121404002157,NEF,17,54,"2,414",10.02,"24,188.28"
2020-12-14,2020121404002062,NEF,17,36,918,10.02,"9,198.36"
2020-12-14,2020121404002057,NEF,17,36,917,10.02,"9,188.34"
2020-12-14,2020121404002043,NEF,17,36,912,10.02,"9,138.24"
2020-12-14,2020121404002042,NEF,17,36,102,10.03,"1,023.06"
2020-12-14,2020121404002028,NEF,17,36,587,10.03,"5,887.61"
2020-12-14,2020121404001931,NEF,17,14,"1,690",10.02,"16,933.80"
2020-12-14,2020121404001776,NEF,17,14,"1,690",10.02,"16,933.80"
2020-12-14,2020121404002027,NEF,55,36,379,10.09,"3,824.11"
2020-12-14,2020121404002024,NEF,55,19,121,10.09,"1,220.89"
2020-12-14,2020121404002002,NEF,17,44,"2,414",10.06,"24,284.84"
2020-12-14,2020121404002001,NEF,17,13,"1,931",10.05,"19,406.55"
2020-12-14,2020121404002000,NEF,17,54,966,10.04,"9,698.64"
2020-12-14,2020121404001986,NEF,17,17,"2,253",10.02,"22,575.06"
2020-12-14,2020121404002103,NIBLPF,17,42,"2,525",10.30,"26,007.50"
2020-12-14,2020121404002041,NIBLPF,17,42,"2,525",10.30,"26,007.50"
2020-12-14,2020121404002040,NIBLPF,17,42,"2,125",10.28,"21,845.00"
2020-12-14,2020121404002025,NIBLPF,55,42,400,10.28,"4,112.00"
2020-12-14,2020121404001955,NIBLPF,22,47,"2,525",10.26,"25,906.50"
2020-12-14,2020121404001837,NIBLPF,17,39,"1,010",10.25,"10,352.50"
2020-12-14,2020121404001836,NIBLPF,17,58,505,10.25,"5,176.25"
2020-12-14,2020121404001835,NIBLPF,17,38,"2,525",10.25,"25,881.25"
2020-12-14,2020121404001834,NIBLPF,17,18,"2,020",10.21,"20,624.20"
2020-12-14,2020121404002112,NIBPO,8,45,100,436.00,"43,600.00"
2020-12-14,2020121404002074,NIBPO,35,53,999,444.00,"443,556.00"
2020-12-14,2020121404002073,NIBPO,35,10,200,443.00,"88,600.00"
2020-12-14,2020121404002072,NIBPO,35,11,100,440.00,"44,000.00"
2020-12-14,2020121404002071,NIBPO,35,48,"1,301",440.00,"572,440.00"
2020-12-14,2020121404002070,NIBPO,35,59,400,438.00,"175,200.00"
2020-12-14,2020121404001822,NIBPO,42,7,20,440.00,"8,800.00"
2020-12-14,2020121404001821,NIBPO,42,46,100,439.00,"43,900.00"
2020-12-14,2020121404001820,NIBPO,42,17,493,438.00,"215,934.00"
2020-12-14,2020121404001819,NIBPO,42,46,100,436.00,"43,600.00"
2020-12-14,2020121404001678,NIBPO,3,49,193,432.00,"83,376.00"
2020-12-14,2020121404002055,NIBPO,8,1,50,436.00,"21,800.00"
2020-12-14,2020121404001989,NIBPO,26,59,100,438.00,"43,800.00"
2020-12-14,2020121404001827,NIBPO,42,53,287,444.00,"127,428.00"
2020-12-14,2020121404001826,NIBPO,42,34,500,443.00,"221,500.00"
2020-12-14,2020121404001824,NIBPO,42,52,"1,000",440.00,"440,000.00"
2020-12-14,2020121404001823,NIBPO,42,38,"2,000",440.00,"880,000.00"
2020-12-14,2020121404001981,NIBSF1,26,34,"10,000",11.30,"113,000.00"
2020-12-14,2020121404001977,NIBSF1,26,34,"6,556",11.25,"73,755.00"
2020-12-14,2020121404002069,NICBF,55,42,500,10.00,"5,000.00"
2020-12-14,2020121404001998,NICBF,20,1,100,9.86,986.00
2020-12-14,2020121404002086,NICGF,42,6,"7,578",10.60,"80,326.80"
2020-12-14,2020121404002085,NICGF,42,6,500,10.72,"5,360.00"
2020-12-14,2020121404002054,NICGF,55,3,250,10.80,"2,700.00"
2020-12-14,2020121404001930,NICGF,42,58,200,10.72,"2,144.00"
2020-12-14,2020121404001929,NICGF,42,58,500,10.72,"5,360.00"
2020-12-14,2020121404001928,NICGF,42,41,"4,900",10.72,"52,528.00"
2020-12-14,2020121404001927,NICGF,42,17,"5,080",10.72,"54,457.60"
2020-12-14,2020121404001917,NICGF,42,51,"5,000",10.60,"53,000.00"
2020-12-14,2020121404001916,NICGF,42,28,"1,000",10.60,"10,600.00"
2020-12-14,2020121404001915,NICGF,42,53,500,10.60,"5,300.00"
2020-12-14,2020121404001914,NICGF,42,46,200,10.50,"2,100.00"
2020-12-14,2020121404001942,NMB50,42,16,"2,000",10.50,"21,000.00"
2020-12-14,2020121404001941,NMB50,42,58,"2,000",10.50,"21,000.00"
2020-12-14,2020121404001940,NMB50,42,46,200,10.49,"2,098.00"
2020-12-14,2020121404001939,NMB50,42,34,200,10.40,"2,080.00"
2020-12-14,2020121404001938,NMB50,42,10,100,10.40,"1,040.00"
2020-12-14,2020121404001904,NMB50,11,51,500,10.30,"5,150.00"
2020-12-14,2020121404001903,NMB50,11,41,"1,000",10.30,"10,300.00"
2020-12-14,2020121404001866,NMB50,11,26,250,10.25,"2,562.50"
2020-12-14,2020121404001865,NMB50,11,34,500,10.25,"5,125.00"
2020-12-14,2020121404001843,NMB50,11,45,"1,900",10.20,"19,380.00"
2020-12-14,2020121404001806,NMB50,49,1,300,10.11,"3,033.00"
2020-12-14,2020121404002059,NMBHF1,58,21,"2,000",10.01,"20,020.00"
2020-12-14,2020121404001857,NMBHF1,51,45,167,10.02,"1,673.34"
2020-12-14,2020121404002156,SAEF,13,25,"1,000",11.20,"11,200.00"
2020-12-14,2020121404002137,SAEF,18,37,"3,000",11.19,"33,570.00"
2020-12-14,2020121404002128,SAEF,58,7,"1,000",11.17,"11,170.00"
2020-12-14,2020121404002118,SAEF,56,7,"1,000",11.17,"11,170.00"
2020-12-14,2020121404002117,SAEF,56,7,"1,000",11.17,"11,170.00"
2020-12-14,2020121404002116,SAEF,56,49,"2,500",11.17,"27,925.00"
2020-12-14,2020121404002115,SAEF,56,45,"2,000",11.17,"22,340.00"
2020-12-14,2020121404001976,SAEF,56,38,"5,000",11.16,"55,800.00"
2020-12-14,2020121404001960,SAEF,56,45,"1,000",11.15,"11,150.00"
2020-12-14,2020121404001935,SAEF,56,19,"2,000",11.15,"22,300.00"
2020-12-14,2020121404002139,SAND2085,42,55,50,"1,050.00","52,500.00"
2020-12-14,2020121404002145,SEF,42,19,"18,000",10.50,"189,000.00"
2020-12-14,2020121404002111,SEF,42,56,"5,000",10.50,"52,500.00"
2020-12-14,2020121404002099,SEF,42,35,"3,000",10.50,"31,500.00"
2020-12-14,2020121404002097,SEF,42,51,"9,500",10.54,"100,130.00"
2020-12-14,2020121404002096,SEF,42,34,500,10.53,"5,265.00"
2020-12-14,2020121404001993,SEF,42,42,"31,000",10.50,"325,500.00"
2020-12-14,2020121404001963,SEF,42,35,"1,000",10.38,"10,380.00"
2020-12-14,2020121404001962,SEF,42,47,500,10.38,"5,190.00"
2020-12-14,2020121404001869,SEF,51,45,"10,000",10.36,"103,600.00"
2020-12-14,2020121404001720,SEF,42,55,"1,000",10.36,"10,360.00"
2020-12-14,2020121404001969,SEF,42,50,"1,000",10.49,"10,490.00"
2020-12-14,2020121404001968,SEF,42,52,"10,000",10.45,"104,500.00"
2020-12-14,2020121404001967,SEF,42,13,"2,500",10.40,"26,000.00"
2020-12-14,2020121404001966,SEF,42,6,"10,000",10.40,"104,000.00"
2020-12-14,2020121404001965,SEF,42,46,"1,000",10.40,"10,400.00"
2020-12-14,2020121404001964,SEF,42,57,"5,000",10.40,"52,000.00"
2020-12-14,2020121404001975,SEF,42,34,100,10.50,"1,050.00"
2020-12-14,2020121404001974,SEF,42,38,"9,000",10.50,"94,500.00"
2020-12-14,2020121404001973,SEF,42,17,500,10.50,"5,250.00"
2020-12-14,2020121404001972,SEF,42,14,"25,000",10.50,"262,500.00"
2020-12-14,2020121404001971,SEF,42,29,"20,000",10.50,"210,000.00"
2020-12-14,2020121404001970,SEF,42,50,"1,500",10.49,"15,735.00"
2020-12-14,2020121404002161,SGI,32,22,40,611.00,"24,440.00"
2020-12-14,2020121404002160,SGI,32,52,10,611.00,"6,110.00"
2020-12-14,2020121404002159,SGI,32,56,10,611.00,"6,110.00"
2020-12-14,2020121404002154,SGI,32,56,10,611.00,"6,110.00"
2020-12-14,2020121404002153,SGI,32,52,10,611.00,"6,110.00"
2020-12-14,2020121404002152,SGI,32,52,10,611.00,"6,110.00"
2020-12-14,2020121404001679,SGI,29,51,10,604.00,"6,040.00"
2020-12-14,2020121404001676,SGI,29,51,10,604.00,"6,040.00"
2020-12-14,2020121404001675,SGI,29,54,10,604.00,"6,040.00"
2020-12-14,2020121404001665,SGI,29,51,10,604.00,"6,040.00"
2020-12-14,2020121404001687,SGI,11,58,10,606.00,"6,060.00"
2020-12-14,2020121404001686,SGI,11,51,10,605.00,"6,050.00"
2020-12-14,2020121404001685,SGI,11,45,10,605.00,"6,050.00"
2020-12-14,2020121404001683,SGI,49,58,10,605.00,"6,050.00"
2020-12-14,2020121404001682,SGI,49,34,10,605.00,"6,050.00"
2020-12-14,2020121404001681,SGI,49,58,10,605.00,"6,050.00"
2020-12-14,2020121404001711,SGI,49,42,10,607.00,"6,070.00"
2020-12-14,2020121404001710,SGI,49,1,10,607.00,"6,070.00"
2020-12-14,2020121404001708,SGI,11,20,10,606.00,"6,060.00"
2020-12-14,2020121404001707,SGI,11,33,10,606.00,"6,060.00"
2020-12-14,2020121404001693,SGI,11,38,10,606.00,"6,060.00"
2020-12-14,2020121404001688,SGI,11,59,10,606.00,"6,060.00"
2020-12-14,2020121404001717,SGI,49,16,10,607.00,"6,070.00"
2020-12-14,2020121404001716,SGI,49,38,10,607.00,"6,070.00"
2020-12-14,2020121404001715,SGI,49,25,10,607.00,"6,070.00"
2020-12-14,2020121404001714,SGI,49,25,10,607.00,"6,070.00"
2020-12-14,2020121404001713,SGI,49,32,10,607.00,"6,070.00"
2020-12-14,2020121404001712,SGI,49,1,10,607.00,"6,070.00"
2020-12-14,2020121404001724,SGI,29,44,100,608.00,"60,800.00"
2020-12-14,2020121404001723,SGI,29,34,10,608.00,"6,080.00"
2020-12-14,2020121404001722,SGI,29,49,10,608.00,"6,080.00"
2020-12-14,2020121404001721,SGI,29,32,10,608.00,"6,080.00"
2020-12-14,2020121404001719,SGI,11,4,10,606.00,"6,060.00"
2020-12-14,2020121404001718,SGI,49,52,10,607.00,"6,070.00"
2020-12-14,2020121404001730,SGI,29,25,10,609.00,"6,090.00"
2020-12-14,2020121404001729,SGI,29,51,100,608.00,"60,800.00"
2020-12-14,2020121404001728,SGI,29,45,10,608.00,"6,080.00"
2020-12-14,2020121404001727,SGI,29,49,10,608.00,"6,080.00"
2020-12-14,2020121404001726,SGI,29,17,10,608.00,"6,080.00"
2020-12-14,2020121404001725,SGI,29,41,10,608.00,"6,080.00"
2020-12-14,2020121404001736,SGI,29,4,10,610.00,"6,100.00"
2020-12-14,2020121404001735,SGI,29,41,10,610.00,"6,100.00"
2020-12-14,2020121404001734,SGI,29,28,10,609.00,"6,090.00"
2020-12-14,2020121404001733,SGI,29,4,10,609.00,"6,090.00"
2020-12-14,2020121404001732,SGI,29,53,200,609.00,"121,800.00"
2020-12-14,2020121404001731,SGI,29,25,10,609.00,"6,090.00"
2020-12-14,2020121404001742,SGI,29,58,10,610.00,"6,100.00"
2020-12-14,2020121404001741,SGI,29,58,10,610.00,"6,100.00"
2020-12-14,2020121404001740,SGI,29,56,10,610.00,"6,100.00"
2020-12-14,2020121404001739,SGI,29,29,10,610.00,"6,100.00"
2020-12-14,2020121404001738,SGI,29,29,10,610.00,"6,100.00"
2020-12-14,2020121404001737,SGI,29,58,10,610.00,"6,100.00"
2020-12-14,2020121404001748,SGI,29,41,10,610.00,"6,100.00"
2020-12-14,2020121404001747,SGI,29,57,50,610.00,"30,500.00"
2020-12-14,2020121404001746,SGI,29,10,10,610.00,"6,100.00"
2020-12-14,2020121404001745,SGI,29,28,10,610.00,"6,100.00"
2020-12-14,2020121404001744,SGI,29,34,10,610.00,"6,100.00"
2020-12-14,2020121404001743,SGI,29,11,10,610.00,"6,100.00"
2020-12-14,2020121404001754,SGI,11,21,10,610.00,"6,100.00"
2020-12-14,2020121404001753,SGI,11,42,10,610.00,"6,100.00"
2020-12-14,2020121404001752,SGI,11,34,10,610.00,"6,100.00"
2020-12-14,2020121404001751,SGI,11,42,10,610.00,"6,100.00"
2020-12-14,2020121404001750,SGI,29,38,10,610.00,"6,100.00"
2020-12-14,2020121404001749,SGI,29,4,10,610.00,"6,100.00"
2020-12-14,2020121404001760,SGI,11,35,200,610.00,"122,000.00"
2020-12-14,2020121404001759,SGI,11,25,10,610.00,"6,100.00"
2020-12-14,2020121404001758,SGI,11,34,10,610.00,"6,100.00"
2020-12-14,2020121404001757,SGI,11,46,10,610.00,"6,100.00"
2020-12-14,2020121404001756,SGI,11,48,10,610.00,"6,100.00"
2020-12-14,2020121404001755,SGI,11,38,"1,000",610.00,"610,000.00"
2020-12-14,2020121404001766,SGI,11,57,10,610.00,"6,100.00"
2020-12-14,2020121404001765,SGI,11,54,10,610.00,"6,100.00"
2020-12-14,2020121404001764,SGI,11,52,10,610.00,"6,100.00"
2020-12-14,2020121404001763,SGI,11,42,10,610.00,"6,100.00"
2020-12-14,2020121404001762,SGI,11,25,10,610.00,"6,100.00"
2020-12-14,2020121404001761,SGI,11,1,10,610.00,"6,100.00"
2020-12-14,2020121404001772,SGI,11,44,10,610.00,"6,100.00"
2020-12-14,2020121404001771,SGI,11,53,10,610.00,"6,100.00"
2020-12-14,2020121404001770,SGI,11,56,45,610.00,"27,450.00"
2020-12-14,2020121404001769,SGI,11,55,30,610.00,"18,300.00"
2020-12-14,2020121404001768,SGI,11,4,10,610.00,"6,100.00"
2020-12-14,2020121404001767,SGI,11,42,10,610.00,"6,100.00"
2020-12-14,2020121404001787,SGI,11,17,10,610.00,"6,100.00"
2020-12-14,2020121404001783,SGI,11,17,10,610.00,"6,100.00"
2020-12-14,2020121404001780,SGI,49,20,10,611.00,"6,110.00"
2020-12-14,2020121404001779,SGI,49,50,10,611.00,"6,110.00"
2020-12-14,2020121404001778,SGI,11,6,10,610.00,"6,100.00"
2020-12-14,2020121404001775,SGI,11,1,10,610.00,"6,100.00"
2020-12-14,2020121404001802,SGI,11,55,10,610.00,"6,100.00"
2020-12-14,2020121404001801,SGI,11,42,200,610.00,"122,000.00"
2020-12-14,2020121404001800,SGI,11,52,10,610.00,"6,100.00"
2020-12-14,2020121404001790,SGI,11,38,10,610.00,"6,100.00"
2020-12-14,2020121404001789,SGI,11,46,10,610.00,"6,100.00"
2020-12-14,2020121404001788,SGI,11,28,10,610.00,"6,100.00"
2020-12-14,2020121404001813,SGI,39,20,40,612.00,"24,480.00"
2020-12-14,2020121404001812,SGI,11,32,10,610.00,"6,100.00"
2020-12-14,2020121404001810,SGI,11,55,10,610.00,"6,100.00"
2020-12-14,2020121404001805,SGI,1,20,10,612.00,"6,120.00"
2020-12-14,2020121404001804,SGI,1,7,30,612.00,"18,360.00"
2020-12-14,2020121404001803,SGI,11,49,10,610.00,"6,100.00"
2020-12-14,2020121404001825,SGI,11,41,10,610.00,"6,100.00"
2020-12-14,2020121404001818,SGI,39,50,10,612.00,"6,120.00"
2020-12-14,2020121404001817,SGI,39,40,10,612.00,"6,120.00"
2020-12-14,2020121404001816,SGI,39,44,10,612.00,"6,120.00"
2020-12-14,2020121404001815,SGI,39,6,10,612.00,"6,120.00"
2020-12-14,2020121404001814,SGI,39,4,10,612.00,"6,120.00"
2020-12-14,2020121404001856,SGI,47,36,10,611.00,"6,110.00"
2020-12-14,2020121404001855,SGI,47,17,10,611.00,"6,110.00"
2020-12-14,2020121404001842,SGI,51,11,10,611.00,"6,110.00"
2020-12-14,2020121404001839,SGI,41,34,10,611.00,"6,110.00"
2020-12-14,2020121404001832,SGI,11,38,10,610.00,"6,100.00"
2020-12-14,2020121404001828,SGI,11,42,10,610.00,"6,100.00"
2020-12-14,2020121404001913,SGI,47,53,10,611.00,"6,110.00"
2020-12-14,2020121404001912,SGI,47,47,10,611.00,"6,110.00"
2020-12-14,2020121404001910,SGI,47,41,10,611.00,"6,110.00"
2020-12-14,2020121404001902,SGI,47,43,10,611.00,"6,110.00"
2020-12-14,2020121404001867,SGI,47,58,10,611.00,"6,110.00"
2020-12-14,2020121404001864,SGI,47,7,10,611.00,"6,110.00"
2020-12-14,2020121404001944,SGI,47,4,10,611.00,"6,110.00"
2020-12-14,2020121404001943,SGI,47,38,10,611.00,"6,110.00"
2020-12-14,2020121404001937,SGI,47,10,10,611.00,"6,110.00"
2020-12-14,2020121404001936,SGI,47,6,10,611.00,"6,110.00"
2020-12-14,2020121404001932,SGI,47,10,10,611.00,"6,110.00"
2020-12-14,2020121404001919,SGI,47,13,10,611.00,"6,110.00"
2020-12-14,2020121404001950,SGI,45,3,10,612.00,"6,120.00"
2020-12-14,2020121404001949,SGI,45,43,10,612.00,"6,120.00"
2020-12-14,2020121404001948,SGI,45,11,10,612.00,"6,120.00"
2020-12-14,2020121404001947,SGI,45,11,10,612.00,"6,120.00"
2020-12-14,2020121404001946,SGI,45,20,10,612.00,"6,120.00"
2020-12-14,2020121404001945,SGI,45,10,25,612.00,"15,300.00"
2020-12-14,2020121404001980,SGI,45,8,10,611.00,"6,110.00"
2020-12-14,2020121404001978,SGI,45,43,10,611.00,"6,110.00"
2020-12-14,2020121404001957,SGI,38,28,10,611.00,"6,110.00"
2020-12-14,2020121404001956,SGI,47,28,60,611.00,"36,660.00"
2020-12-14,2020121404001952,SGI,45,8,10,612.00,"6,120.00"
2020-12-14,2020121404001951,SGI,45,50,10,612.00,"6,120.00"
2020-12-14,2020121404001999,SGI,59,50,10,611.00,"6,110.00"
2020-12-14,2020121404001997,SGI,6,35,90,612.00,"55,080.00"
2020-12-14,2020121404001996,SGI,59,6,10,611.00,"6,110.00"
2020-12-14,2020121404001995,SGI,59,38,10,611.00,"6,110.00"
2020-12-14,2020121404001992,SGI,59,8,10,611.00,"6,110.00"
2020-12-14,2020121404001985,SGI,45,10,10,611.00,"6,110.00"
2020-12-14,2020121404002009,SGI,59,47,10,611.00,"6,110.00"
2020-12-14,2020121404002008,SGI,34,38,60,612.00,"36,720.00"
2020-12-14,2020121404002007,SGI,34,43,10,612.00,"6,120.00"
2020-12-14,2020121404002006,SGI,34,43,10,612.00,"6,120.00"
2020-12-14,2020121404002005,SGI,34,32,10,612.00,"6,120.00"
2020-12-14,2020121404002004,SGI,34,35,10,612.00,"6,120.00"
2020-12-14,2020121404002037,SGI,1,13,10,612.00,"6,120.00"
2020-12-14,2020121404002035,SGI,1,38,40,612.00,"24,480.00"
2020-12-14,2020121404002016,SGI,59,47,10,611.00,"6,110.00"
2020-12-14,2020121404002015,SGI,59,36,10,611.00,"6,110.00"
2020-12-14,2020121404002014,SGI,59,47,10,611.00,"6,110.00"
2020-12-14,2020121404002013,SGI,59,8,10,611.00,"6,110.00"
2020-12-14,2020121404002078,SGI,1,36,10,612.00,"6,120.00"
2020-12-14,2020121404002068,SGI,1,29,10,612.00,"6,120.00"
2020-12-14,2020121404002067,SGI,1,22,10,612.00,"6,120.00"
2020-12-14,2020121404002064,SGI,1,18,10,612.00,"6,120.00"
2020-12-14,2020121404002063,SGI,1,36,10,612.00,"6,120.00"
2020-12-14,2020121404002056,SGI,1,59,160,612.00,"97,920.00"
2020-12-14,2020121404002090,SGI,1,45,10,613.00,"6,130.00"
2020-12-14,2020121404002089,SGI,1,45,10,613.00,"6,130.00"
2020-12-14,2020121404002088,SGI,1,6,10,613.00,"6,130.00"
2020-12-14,2020121404002087,SGI,1,33,260,612.00,"159,120.00"
2020-12-14,2020121404002083,SGI,1,33,40,612.00,"24,480.00"
2020-12-14,2020121404002081,SGI,1,22,200,612.00,"122,400.00"
2020-12-14,2020121404002104,SGI,59,59,10,611.00,"6,110.00"
2020-12-14,2020121404002101,SGI,59,6,10,611.00,"6,110.00"
2020-12-14,2020121404002098,SGI,59,58,10,611.00,"6,110.00"
2020-12-14,2020121404002093,SGI,1,32,181,613.00,"110,953.00"
2020-12-14,2020121404002092,SGI,1,51,10,613.00,"6,130.00"
2020-12-14,2020121404002091,SGI,1,16,19,613.00,"11,647.00"
2020-12-14,2020121404002113,SGI,59,52,10,611.00,"6,110.00"
2020-12-14,2020121404002110,SGI,59,4,10,611.00,"6,110.00"
2020-12-14,2020121404002109,SGI,59,55,10,611.00,"6,110.00"
2020-12-14,2020121404002108,SGI,59,52,10,611.00,"6,110.00"
2020-12-14,2020121404002107,SGI,59,58,10,611.00,"6,110.00"
2020-12-14,2020121404002105,SGI,59,4,10,611.00,"6,110.00"
2020-12-14,2020121404002125,SGI,11,49,10,610.00,"6,100.00"
2020-12-14,2020121404002123,SGI,45,55,10,611.00,"6,110.00"
2020-12-14,2020121404002121,SGI,45,40,90,611.00,"54,990.00"
2020-12-14,2020121404002120,SGI,25,40,100,611.00,"61,100.00"
2020-12-14,2020121404002119,SGI,59,40,10,611.00,"6,110.00"
2020-12-14,2020121404002114,SGI,59,55,10,611.00,"6,110.00"
2020-12-14,2020121404002151,SGI,32,28,10,611.00,"6,110.00"
2020-12-14,2020121404002150,SGI,11,35,40,610.00,"24,400.00"
2020-12-14,2020121404002133,SGI,11,44,10,610.00,"6,100.00"
2020-12-14,2020121404002130,SGI,11,46,10,610.00,"6,100.00"
2020-12-14,2020121404002129,SGI,11,17,10,610.00,"6,100.00"
2020-12-14,2020121404002127,SGI,11,16,10,610.00,"6,100.00"
2020-12-14,2020121404002146,STC,58,6,10,"5,640.00","56,400.00"
2020-12-14,2020121404002012,STC,33,58,20,"5,610.00","112,200.00"
2020-12-14,2020121404002011,STC,10,58,10,"5,616.00","56,160.00"
2020-12-14,2020121404002010,STC,14,58,10,"5,650.00","56,500.00"
2020-12-14,2020121404001991,STC,41,6,50,"5,665.00","283,250.00"
2020-12-14,2020121404001987,STC,42,6,20,"5,665.00","113,300.00"
2020-12-14,2020121404001959,STC,41,6,10,"5,665.00","56,650.00"
2020-12-14,2020121404001841,STC,38,6,70,"5,665.00","396,550.00"
2020-12-14,2020121404001833,STC,17,6,30,"5,665.00","169,950.00"
2020-12-14,2020121404001799,STC,58,6,10,"5,665.00","56,650.00"
2020-12-14,2020121404001626,BBC,19,20,20,"2,850.00","57,000.00"
2020-12-14,2020121404001625,BBC,45,20,50,"2,850.00","142,500.00"
2020-12-14,2020121404001547,BBC,1,52,100,"2,848.00","284,800.00"
2020-12-14,2020121404001546,BBC,6,52,10,"2,850.00","28,500.00"
2020-12-14,2020121404001545,BBC,49,52,30,"2,852.00","85,560.00"
2020-12-14,2020121404001544,BBC,5,52,10,"2,860.00","28,600.00"
2020-12-14,2020121404001242,BBC,22,20,20,"2,900.00","58,000.00"
2020-12-14,2020121404001241,BBC,22,38,10,"2,899.00","28,990.00"
2020-12-14,2020121404001209,BBC,32,38,10,"2,899.00","28,990.00"
2020-12-14,2020121404001449,BBC,55,20,42,"2,870.00","120,540.00"
2020-12-14,2020121404001428,BBC,45,20,10,"2,871.00","28,710.00"
2020-12-14,2020121404001427,BBC,55,3,58,"2,870.00","166,460.00"
2020-12-14,2020121404001426,BBC,53,3,10,"2,870.00","28,700.00"
2020-12-14,2020121404001417,BBC,25,20,10,"2,871.00","28,710.00"
2020-12-14,2020121404001341,BBC,42,43,20,"2,890.00","57,800.00"
2020-12-14,2020121404001537,BBC,3,20,80,"2,871.00","229,680.00"
2020-12-14,2020121404001536,BBC,34,35,200,"2,860.00","572,000.00"
2020-12-14,2020121404001535,BBC,33,35,10,"2,861.00","28,610.00"
2020-12-14,2020121404001534,BBC,55,35,10,"2,865.00","28,650.00"
2020-12-14,2020121404001511,BBC,36,20,158,"2,870.00","453,460.00"
2020-12-14,2020121404001453,BBC,43,56,70,"2,865.00","200,550.00"
2020-12-14,2020121404001540,CMF1,19,57,200,9.91,"1,982.00"
2020-12-14,2020121404001442,CMF1,17,57,200,9.90,"1,980.00"
2020-12-14,2020121404001415,CMF1,17,11,500,9.90,"4,950.00"
2020-12-14,2020121404001380,CMF1,17,17,500,9.90,"4,950.00"
2020-12-14,2020121404001661,GIC,11,21,10,580.00,"5,800.00"
2020-12-14,2020121404001660,GIC,11,56,10,580.00,"5,800.00"
2020-12-14,2020121404001659,GIC,11,22,10,580.00,"5,800.00"
2020-12-14,2020121404001658,GIC,11,11,10,580.00,"5,800.00"
2020-12-14,2020121404001657,GIC,11,57,10,580.00,"5,800.00"
2020-12-14,2020121404001656,GIC,11,42,10,580.00,"5,800.00"
2020-12-14,2020121404001201,GIC,42,35,10,575.00,"5,750.00"
2020-12-14,2020121404001192,GIC,46,57,10,577.00,"5,770.00"
2020-12-14,2020121404001189,GIC,46,46,10,577.00,"5,770.00"
2020-12-14,2020121404001178,GIC,42,28,10,576.00,"5,760.00"
2020-12-14,2020121404001169,GIC,58,45,10,575.00,"5,750.00"
2020-12-14,2020121404001237,GIC,22,54,10,575.00,"5,750.00"
2020-12-14,2020121404001232,GIC,42,57,10,577.00,"5,770.00"
2020-12-14,2020121404001228,GIC,51,38,10,574.00,"5,740.00"
2020-12-14,2020121404001218,GIC,42,40,10,575.00,"5,750.00"
2020-12-14,2020121404001207,GIC,42,47,10,575.00,"5,750.00"
2020-12-14,2020121404001206,GIC,42,35,10,575.00,"5,750.00"
2020-12-14,2020121404001253,GIC,22,17,10,575.00,"5,750.00"
2020-12-14,2020121404001252,GIC,22,39,10,575.00,"5,750.00"
2020-12-14,2020121404001248,GIC,22,34,10,575.00,"5,750.00"
2020-12-14,2020121404001246,GIC,22,39,10,575.00,"5,750.00"
2020-12-14,2020121404001240,GIC,22,6,10,575.00,"5,750.00"
2020-12-14,2020121404001238,GIC,22,7,10,575.00,"5,750.00"
2020-12-14,2020121404001290,GIC,13,17,10,576.00,"5,760.00"
2020-12-14,2020121404001286,GIC,13,51,10,576.00,"5,760.00"
2020-12-14,2020121404001284,GIC,13,33,10,576.00,"5,760.00"
2020-12-14,2020121404001283,GIC,13,47,10,576.00,"5,760.00"
2020-12-14,2020121404001280,GIC,22,44,10,575.00,"5,750.00"
2020-12-14,2020121404001279,GIC,22,37,10,575.00,"5,750.00"
2020-12-14,2020121404001301,GIC,41,47,10,577.00,"5,770.00"
2020-12-14,2020121404001300,GIC,46,57,10,578.00,"5,780.00"
2020-12-14,2020121404001296,GIC,41,58,10,577.00,"5,770.00"
2020-12-14,2020121404001293,GIC,41,54,10,577.00,"5,770.00"
2020-12-14,2020121404001292,GIC,41,29,10,577.00,"5,770.00"
2020-12-14,2020121404001291,GIC,41,7,111,577.00,"64,047.00"
2020-12-14,2020121404001326,GIC,7,25,10,576.00,"5,760.00"
2020-12-14,2020121404001323,GIC,13,43,10,576.00,"5,760.00"
2020-12-14,2020121404001319,GIC,41,14,10,577.00,"5,770.00"
2020-12-14,2020121404001316,GIC,41,43,10,577.00,"5,770.00"
2020-12-14,2020121404001310,GIC,41,1,10,577.00,"5,770.00"
2020-12-14,2020121404001308,GIC,41,17,10,577.00,"5,770.00"
2020-12-14,2020121404001343,GIC,52,50,10,578.00,"5,780.00"
2020-12-14,2020121404001342,GIC,22,25,10,575.00,"5,750.00"
2020-12-14,2020121404001340,GIC,22,37,10,575.00,"5,750.00"
2020-12-14,2020121404001338,GIC,22,18,10,575.00,"5,750.00"
2020-12-14,2020121404001331,GIC,22,51,10,575.00,"5,750.00"
2020-12-14,2020121404001330,GIC,22,36,10,575.00,"5,750.00"
2020-12-14,2020121404001383,GIC,22,21,10,576.00,"5,760.00"
2020-12-14,2020121404001382,GIC,22,21,10,576.00,"5,760.00"
2020-12-14,2020121404001368,GIC,52,35,10,578.00,"5,780.00"
2020-12-14,2020121404001355,GIC,52,33,10,578.00,"5,780.00"
2020-12-14,2020121404001345,GIC,52,32,10,578.00,"5,780.00"
2020-12-14,2020121404001344,GIC,52,32,10,578.00,"5,780.00"
2020-12-14,2020121404001413,GIC,22,47,10,576.00,"5,760.00"
2020-12-14,2020121404001408,GIC,22,3,10,576.00,"5,760.00"
2020-12-14,2020121404001407,GIC,44,48,10,578.00,"5,780.00"
2020-12-14,2020121404001406,GIC,22,41,10,576.00,"5,760.00"
2020-12-14,2020121404001398,GIC,22,38,10,576.00,"5,760.00"
2020-12-14,2020121404001384,GIC,22,17,10,576.00,"5,760.00"
2020-12-14,2020121404001439,GIC,22,35,10,575.00,"5,750.00"
2020-12-14,2020121404001438,GIC,22,16,10,575.00,"5,750.00"
2020-12-14,2020121404001437,GIC,22,38,10,575.00,"5,750.00"
2020-12-14,2020121404001433,GIC,22,49,10,576.00,"5,760.00"
2020-12-14,2020121404001430,GIC,22,34,10,576.00,"5,760.00"
2020-12-14,2020121404001418,GIC,22,51,10,576.00,"5,760.00"
2020-12-14,2020121404001468,GIC,22,50,10,575.00,"5,750.00"
2020-12-14,2020121404001467,GIC,22,51,10,575.00,"5,750.00"
2020-12-14,2020121404001458,GIC,22,40,10,575.00,"5,750.00"
2020-12-14,2020121404001457,GIC,22,53,10,575.00,"5,750.00"
2020-12-14,2020121404001445,GIC,22,42,10,575.00,"5,750.00"
2020-12-14,2020121404001444,GIC,22,38,10,575.00,"5,750.00"
2020-12-14,2020121404001487,GIC,32,51,10,578.00,"5,780.00"
2020-12-14,2020121404001486,GIC,32,58,10,578.00,"5,780.00"
2020-12-14,2020121404001485,GIC,32,46,25,578.00,"14,450.00"
2020-12-14,2020121404001476,GIC,32,40,10,576.00,"5,760.00"
2020-12-14,2020121404001474,GIC,7,40,10,577.00,"5,770.00"
2020-12-14,2020121404001473,GIC,7,40,10,576.00,"5,760.00"
2020-12-14,2020121404001515,GIC,34,35,10,579.00,"5,790.00"
2020-12-14,2020121404001514,GIC,34,45,10,578.00,"5,780.00"
2020-12-14,2020121404001513,GIC,56,38,10,577.00,"5,770.00"
2020-12-14,2020121404001500,GIC,56,3,10,577.00,"5,770.00"
2020-12-14,2020121404001495,GIC,22,49,10,576.00,"5,760.00"
2020-12-14,2020121404001492,GIC,7,51,10,576.00,"5,760.00"
2020-12-14,2020121404001521,GIC,34,49,10,579.00,"5,790.00"
2020-12-14,2020121404001520,GIC,34,48,10,579.00,"5,790.00"
2020-12-14,2020121404001519,GIC,34,5,10,579.00,"5,790.00"
2020-12-14,2020121404001518,GIC,34,1,10,579.00,"5,790.00"
2020-12-14,2020121404001517,GIC,34,58,10,579.00,"5,790.00"
2020-12-14,2020121404001516,GIC,34,52,10,579.00,"5,790.00"
2020-12-14,2020121404001527,GIC,34,58,10,580.00,"5,800.00"
2020-12-14,2020121404001526,GIC,34,35,10,580.00,"5,800.00"
2020-12-14,2020121404001525,GIC,34,6,10,580.00,"5,800.00"
2020-12-14,2020121404001524,GIC,34,16,20,580.00,"11,600.00"
2020-12-14,2020121404001523,GIC,34,7,10,580.00,"5,800.00"
2020-12-14,2020121404001522,GIC,34,28,10,579.00,"5,790.00"
2020-12-14,2020121404001565,GIC,57,1,10,580.00,"5,800.00"
2020-12-14,2020121404001564,GIC,57,49,10,580.00,"5,800.00"
2020-12-14,2020121404001563,GIC,57,52,10,580.00,"5,800.00"
2020-12-14,2020121404001562,GIC,57,33,80,580.00,"46,400.00"
2020-12-14,2020121404001549,GIC,50,19,10,578.00,"5,780.00"
2020-12-14,2020121404001528,GIC,34,33,350,580.00,"203,000.00"
2020-12-14,2020121404001578,GIC,56,49,10,579.00,"5,790.00"
2020-12-14,2020121404001570,GIC,50,10,10,578.00,"5,780.00"
2020-12-14,2020121404001569,GIC,57,6,10,580.00,"5,800.00"
2020-12-14,2020121404001568,GIC,57,32,10,580.00,"5,800.00"
2020-12-14,2020121404001567,GIC,57,55,10,580.00,"5,800.00"
2020-12-14,2020121404001566,GIC,57,32,10,580.00,"5,800.00"
2020-12-14,2020121404001592,GIC,50,57,10,578.00,"5,780.00"
2020-12-14,2020121404001588,GIC,50,14,10,578.00,"5,780.00"
2020-12-14,2020121404001582,GIC,56,40,10,579.00,"5,790.00"
2020-12-14,2020121404001581,GIC,56,14,10,579.00,"5,790.00"
2020-12-14,2020121404001580,GIC,56,10,10,579.00,"5,790.00"
2020-12-14,2020121404001579,GIC,56,55,10,579.00,"5,790.00"
2020-12-14,2020121404001643,GIC,11,21,10,580.00,"5,800.00"
2020-12-14,2020121404001642,GIC,11,34,10,580.00,"5,800.00"
2020-12-14,2020121404001640,GIC,55,3,10,579.00,"5,790.00"
2020-12-14,2020121404001638,GIC,3,34,10,580.00,"5,800.00"
2020-12-14,2020121404001637,GIC,3,11,10,580.00,"5,800.00"
2020-12-14,2020121404001593,GIC,50,10,10,578.00,"5,780.00"
2020-12-14,2020121404001649,GIC,11,52,10,580.00,"5,800.00"
2020-12-14,2020121404001648,GIC,11,48,10,580.00,"5,800.00"
2020-12-14,2020121404001647,GIC,11,58,10,580.00,"5,800.00"
2020-12-14,2020121404001646,GIC,11,32,10,580.00,"5,800.00"
2020-12-14,2020121404001645,GIC,11,36,10,580.00,"5,800.00"
2020-12-14,2020121404001644,GIC,11,41,40,580.00,"23,200.00"
2020-12-14,2020121404001655,GIC,11,56,50,580.00,"29,000.00"
2020-12-14,2020121404001654,GIC,11,54,10,580.00,"5,800.00"
2020-12-14,2020121404001653,GIC,11,54,10,580.00,"5,800.00"
2020-12-14,2020121404001652,GIC,11,19,10,580.00,"5,800.00"
2020-12-14,2020121404001651,GIC,11,52,10,580.00,"5,800.00"
2020-12-14,2020121404001650,GIC,11,44,200,580.00,"116,000.00"
2020-12-14,2020121404001634,GIMES1,41,38,"10,000",11.41,"114,100.00"
2020-12-14,2020121404001633,GIMES1,41,38,"5,000",11.40,"57,000.00"
2020-12-14,2020121404001632,GIMES1,41,38,"5,500",11.39,"62,645.00"
2020-12-14,2020121404001322,GIMES1,17,38,"5,000",11.35,"56,750.00"
2020-12-14,2020121404001321,GIMES1,17,22,"3,000",11.35,"34,050.00"
2020-12-14,2020121404001320,GIMES1,17,38,"5,000",11.34,"56,700.00"
2020-12-14,2020121404001243,GIMES1,47,29,500,11.25,"5,625.00"
2020-12-14,2020121404001606,LEMF,35,5,"2,200",9.92,"21,824.00"
2020-12-14,2020121404001605,LEMF,58,5,"2,800",10.00,"28,000.00"
2020-12-14,2020121404001469,LEMF,58,38,"5,000",10.00,"50,000.00"
2020-12-14,2020121404001431,LEMF,58,19,"2,000",10.00,"20,000.00"
2020-12-14,2020121404001401,LEMF,58,47,200,10.00,"2,000.00"
2020-12-14,2020121404001400,LEMF,58,47,"4,900",10.00,"49,000.00"
2020-12-14,2020121404001220,LEMF,58,51,100,10.00,"1,000.00"
2020-12-14,2020121404001219,LEMF,58,41,"5,000",10.00,"50,000.00"
2020-12-14,2020121404001631,LUK,17,38,800,9.24,"7,392.00"
2020-12-14,2020121404001541,LUK,41,38,800,9.23,"7,384.00"
2020-12-14,2020121404001503,LUK,41,38,800,9.23,"7,384.00"
2020-12-14,2020121404001440,LUK,6,38,800,9.20,"7,360.00"
2020-12-14,2020121404001404,LUK,6,38,500,9.20,"4,600.00"
2020-12-14,2020121404001403,LUK,46,38,300,9.20,"2,760.00"
2020-12-14,2020121404001397,LUK,34,26,100,9.38,938.00
2020-12-14,2020121404001396,LUK,34,57,"1,300",9.38,"12,194.00"
2020-12-14,2020121404001235,LUK,46,1,200,9.20,"1,840.00"
2020-12-14,2020121404001182,LUK,6,38,500,9.20,"4,600.00"
2020-12-14,2020121404001354,NBF2,17,25,"1,000",9.76,"9,760.00"
2020-12-14,2020121404001589,NEF,17,5,"1,127",10.02,"11,292.54"
2020-12-14,2020121404001574,NEF,17,42,483,10.02,"4,839.66"
2020-12-14,2020121404001550,NEF,17,16,531,10.02,"5,320.62"
2020-12-14,2020121404001489,NEF,17,33,"3,192",10.02,"31,983.84"
2020-12-14,2020121404001478,NEF,17,34,121,10.02,"1,212.42"
2020-12-14,2020121404001425,NEF,17,10,483,10.02,"4,839.66"
2020-12-14,2020121404001302,NEF,17,41,483,10.02,"4,839.66"
2020-12-14,2020121404001295,NEF,17,42,966,10.00,"9,660.00"
2020-12-14,2020121404001294,NEF,17,46,"1,414",10.00,"14,140.00"
2020-12-14,2020121404001229,NEF,17,46,"3,492",10.00,"34,920.00"
2020-12-14,2020121404001227,NEF,17,34,"1,390",10.00,"13,900.00"
2020-12-14,2020121404001186,NEF,17,34,"1,127",10.00,"11,270.00"
2020-12-14,2020121404001352,NEF,17,53,"2,840",10.06,"28,570.40"
2020-12-14,2020121404001307,NEF,17,16,"2,414",10.06,"24,284.84"
2020-12-14,2020121404001306,NEF,17,47,"2,414",10.05,"24,260.70"
2020-12-14,2020121404001305,NEF,17,32,"2,414",10.05,"24,260.70"
2020-12-14,2020121404001304,NEF,17,32,"3,380",10.05,"33,969.00"
2020-12-14,2020121404001303,NEF,17,5,"1,055",10.05,"10,602.75"
2020-12-14,2020121404001539,NIBLPF,56,13,"2,525",10.21,"25,780.25"
2020-12-14,2020121404001312,NIBLPF,17,58,505,10.20,"5,151.00"
2020-12-14,2020121404001311,NIBLPF,17,34,"2,525",10.20,"25,755.00"
2020-12-14,2020121404001231,NIBLPF,47,46,374,10.17,"3,803.58"
2020-12-14,2020121404001216,NIBLPF,47,46,"2,000",10.20,"20,400.00"
2020-12-14,2020121404001215,NIBLPF,46,46,151,10.25,"1,547.75"
2020-12-14,2020121404001635,NIBPO,14,49,307,432.00,"132,624.00"
2020-12-14,2020121404001627,NIBPO,14,58,13,432.00,"5,616.00"
2020-12-14,2020121404001620,NIBPO,14,58,680,432.00,"293,760.00"
2020-12-14,2020121404001619,NIBPO,13,58,300,432.00,"129,600.00"
2020-12-14,2020121404001618,NIBPO,47,58,20,433.00,"8,660.00"
2020-12-14,2020121404001498,NIBPO,54,56,381,431.00,"164,211.00"
2020-12-14,2020121404001181,NIBPO,35,58,887,440.00,"390,280.00"
2020-12-14,2020121404001180,NIBPO,35,52,"15,963",439.00,"7,007,757.00"
2020-12-14,2020121404001179,NIBPO,35,3,150,439.00,"65,850.00"
2020-12-14,2020121404001176,NIBPO,35,26,200,438.00,"87,600.00"
2020-12-14,2020121404001175,NIBPO,35,38,"2,000",437.00,"874,000.00"
2020-12-14,2020121404001174,NIBPO,35,34,100,432.00,"43,200.00"
2020-12-14,2020121404001497,NIBPO,50,56,106,432.00,"45,792.00"
2020-12-14,2020121404001496,NIBPO,6,56,13,436.00,"5,668.00"
2020-12-14,2020121404001423,NIBPO,50,35,121,432.00,"52,272.00"
2020-12-14,2020121404001422,NIBPO,50,35,105,432.00,"45,360.00"
2020-12-14,2020121404001421,NIBPO,50,35,131,432.00,"56,592.00"
2020-12-14,2020121404001420,NIBPO,50,14,37,432.00,"15,984.00"
2020-12-14,2020121404001419,NIBSF1,36,19,"5,000",11.32,"56,600.00"
2020-12-14,2020121404001387,NIBSF1,36,25,"5,000",11.32,"56,600.00"
2020-12-14,2020121404001377,NIBSF1,26,19,"5,000",11.30,"56,500.00"
2020-12-14,2020121404001376,NIBSF1,26,1,"4,345",11.30,"49,098.50"
2020-12-14,2020121404001374,NIBSF1,26,19,"5,000",11.29,"56,450.00"
2020-12-14,2020121404001373,NIBSF1,26,17,"1,000",11.29,"11,290.00"
2020-12-14,2020121404001233,NIBSF1,26,7,"10,000",11.24,"112,400.00"
2020-12-14,2020121404001230,NIBSF1,26,7,"8,000",11.23,"89,840.00"
2020-12-14,2020121404001226,NIBSF1,26,7,"9,800",11.20,"109,760.00"
2020-12-14,2020121404001187,NIBSF1,16,7,200,11.20,"2,240.00"
2020-12-14,2020121404001372,NIBSF1,26,7,"10,000",11.28,"112,800.00"
2020-12-14,2020121404001371,NIBSF1,26,7,"10,000",11.27,"112,700.00"
2020-12-14,2020121404001360,NIBSF1,26,7,"20,000",11.25,"225,000.00"
2020-12-14,2020121404001324,NIBSF1,26,40,"5,000",11.25,"56,250.00"
2020-12-14,2020121404001313,NIBSF1,26,7,"20,000",11.25,"225,000.00"
2020-12-14,2020121404001236,NIBSF1,26,7,"10,000",11.25,"112,500.00"
2020-12-14,2020121404001533,NICAD8283,47,41,25,"1,135.00","28,375.00"
2020-12-14,2020121404001542,NICGF,47,57,200,10.40,"2,080.00"
2020-12-14,2020121404001452,NICGF,47,57,200,10.40,"2,080.00"
2020-12-14,2020121404001424,NICGF,47,11,500,10.40,"5,200.00"
2020-12-14,2020121404001399,NICGF,36,45,"6,000",10.45,"62,700.00"
2020-12-14,2020121404001392,NICGF,26,17,500,10.37,"5,185.00"
2020-12-14,2020121404001197,NICGF,26,51,200,10.34,"2,068.00"
2020-12-14,2020121404001188,NICGF,26,35,200,10.34,"2,068.00"
2020-12-14,2020121404001170,NICGF,26,35,200,10.34,"2,068.00"
2020-12-14,2020121404001168,NICGF,26,35,200,10.34,"2,068.00"
2020-12-14,2020121404001386,NMB50,41,51,"1,000",10.10,"10,100.00"
2020-12-14,2020121404001289,NMB50,41,14,"1,000",10.10,"10,100.00"
2020-12-14,2020121404001590,NMBHF1,58,5,"4,161",10.01,"41,651.61"
2020-12-14,2020121404001505,NMBHF1,16,33,"3,000",10.10,"30,300.00"
2020-12-14,2020121404001436,NMBHF1,17,21,"1,337",10.10,"13,503.70"
2020-12-14,2020121404001390,NMBHF1,17,19,"5,000",10.10,"50,500.00"
2020-12-14,2020121404001318,NMBHF1,17,17,"4,161",10.10,"42,026.10"
2020-12-14,2020121404001225,NMBHF1,17,54,"1,577",10.10,"15,927.70"
2020-12-14,2020121404001223,NMBHF1,17,38,"4,161",10.10,"42,026.10"
2020-12-14,2020121404001221,NMBHF1,17,34,"4,000",10.10,"40,400.00"
2020-12-14,2020121404001198,NMBHF1,17,46,"3,313",10.10,"33,461.30"
2020-12-14,2020121404001532,RBCLPO,59,22,10,"14,929.00","149,290.00"
2020-12-14,2020121404001531,RBCLPO,59,49,10,"14,835.00","148,350.00"
2020-12-14,2020121404001530,RBCLPO,59,33,10,"14,790.00","147,900.00"
2020-12-14,2020121404001507,RBCLPO,28,59,10,"14,790.00","147,900.00"
2020-12-14,2020121404001488,RBCLPO,33,38,100,"14,637.00","1,463,700.00"
2020-12-14,2020121404001471,RBCLPO,44,59,10,"14,600.00","146,000.00"
2020-12-14,2020121404001470,RBCLPO,44,34,10,"14,600.00","146,000.00"
2020-12-14,2020121404001450,RBCLPO,33,58,30,"14,550.00","436,500.00"
2020-12-14,2020121404001432,RBCLPO,19,58,20,"14,550.00","291,000.00"
2020-12-14,2020121404001405,RBCLPO,16,34,20,"14,548.00","290,960.00"
2020-12-14,2020121404001370,RBCLPO,19,46,10,"14,548.00","145,480.00"
2020-12-14,2020121404001369,RBCLPO,19,34,10,"14,547.00","145,470.00"
2020-12-14,2020121404001610,SAEF,56,35,500,11.10,"5,550.00"
2020-12-14,2020121404001456,SAEF,32,32,"4,500",11.10,"49,950.00"
2020-12-14,2020121404001315,SAEF,4,35,500,11.08,"5,540.00"
2020-12-14,2020121404001297,SAEF,4,35,500,11.08,"5,540.00"
2020-12-14,2020121404001191,SAEF,47,36,800,11.07,"8,856.00"
2020-12-14,2020121404001190,SAEF,47,36,"1,200",11.07,"13,284.00"
2020-12-14,2020121404001185,SAEF,47,35,500,11.07,"5,535.00"
2020-12-14,2020121404001184,SAEF,47,35,500,11.07,"5,535.00"
2020-12-14,2020121404001165,SAEF,47,35,500,11.07,"5,535.00"
2020-12-14,2020121404001164,SAEF,47,35,500,11.07,"5,535.00"
2020-12-14,2020121404001163,SAEF,47,53,"1,000",11.07,"11,070.00"
2020-12-14,2020121404001584,SAND2085,42,4,25,"1,040.00","26,000.00"
2020-12-14,2020121404001490,SAND2085,42,41,25,"1,040.00","26,000.00"
2020-12-14,2020121404001614,SEF,29,35,510,10.35,"5,278.50"
2020-12-14,2020121404001613,SEF,29,19,"3,200",10.35,"33,120.00"
2020-12-14,2020121404001479,SEF,47,34,153,10.33,"1,580.49"
2020-12-14,2020121404001394,SEF,47,46,"1,000",10.33,"10,330.00"
2020-12-14,2020121404001381,SEF,47,41,500,10.33,"5,165.00"
2020-12-14,2020121404001317,SEF,47,35,140,10.33,"1,446.20"
2020-12-14,2020121404001298,SEF,47,35,340,10.33,"3,512.20"
2020-12-14,2020121404001183,SEF,47,35,500,10.33,"5,165.00"
2020-12-14,2020121404001177,SEF,47,37,300,10.33,"3,099.00"
2020-12-14,2020121404001173,SEF,47,35,500,10.33,"5,165.00"
2020-12-14,2020121404001167,SEF,47,35,500,10.33,"5,165.00"
2020-12-14,2020121404001162,SEF,47,53,500,10.33,"5,165.00"
2020-12-14,2020121404001641,SGI,29,51,10,604.00,"6,040.00"
2020-12-14,2020121404001639,SGI,29,8,10,604.00,"6,040.00"
2020-12-14,2020121404001636,SGI,29,37,10,604.00,"6,040.00"
2020-12-14,2020121404001630,SGI,29,10,10,604.00,"6,040.00"
2020-12-14,2020121404001629,SGI,29,51,10,604.00,"6,040.00"
2020-12-14,2020121404001624,SGI,29,51,10,604.00,"6,040.00"
2020-12-14,2020121404001171,SGI,35,45,10,603.00,"6,030.00"
2020-12-14,2020121404001166,SGI,35,37,10,603.00,"6,030.00"
2020-12-14,2020121404001199,SGI,42,38,28,604.00,"16,912.00"
2020-12-14,2020121404001196,SGI,49,4,10,605.00,"6,050.00"
2020-12-14,2020121404001195,SGI,49,58,10,604.00,"6,040.00"
2020-12-14,2020121404001194,SGI,49,42,70,604.00,"42,280.00"
2020-12-14,2020121404001193,SGI,35,10,10,603.00,"6,030.00"
2020-12-14,2020121404001172,SGI,49,42,10,604.00,"6,040.00"
2020-12-14,2020121404001211,SGI,38,57,10,604.00,"6,040.00"
2020-12-14,2020121404001210,SGI,35,47,10,603.00,"6,030.00"
2020-12-14,2020121404001208,SGI,35,48,10,603.00,"6,030.00"
2020-12-14,2020121404001205,SGI,35,21,10,603.00,"6,030.00"
2020-12-14,2020121404001202,SGI,49,55,10,605.00,"6,050.00"
2020-12-14,2020121404001200,SGI,35,13,10,603.00,"6,030.00"
2020-12-14,2020121404001234,SGI,38,13,10,604.00,"6,040.00"
2020-12-14,2020121404001224,SGI,49,6,10,605.00,"6,050.00"
2020-12-14,2020121404001217,SGI,38,36,10,604.00,"6,040.00"
2020-12-14,2020121404001214,SGI,38,17,10,604.00,"6,040.00"
2020-12-14,2020121404001213,SGI,38,13,10,604.00,"6,040.00"
2020-12-14,2020121404001212,SGI,38,38,50,604.00,"30,200.00"
2020-12-14,2020121404001251,SGI,38,21,10,605.00,"6,050.00"
2020-12-14,2020121404001250,SGI,38,58,10,605.00,"6,050.00"
2020-12-14,2020121404001249,SGI,38,51,10,604.00,"6,040.00"
2020-12-14,2020121404001247,SGI,38,34,10,604.00,"6,040.00"
2020-12-14,2020121404001244,SGI,38,52,10,604.00,"6,040.00"
2020-12-14,2020121404001239,SGI,38,17,10,604.00,"6,040.00"
2020-12-14,2020121404001259,SGI,35,50,10,605.00,"6,050.00"
2020-12-14,2020121404001258,SGI,35,34,10,605.00,"6,050.00"
2020-12-14,2020121404001257,SGI,35,8,10,605.00,"6,050.00"
2020-12-14,2020121404001256,SGI,35,54,10,605.00,"6,050.00"
2020-12-14,2020121404001255,SGI,35,57,10,605.00,"6,050.00"
2020-12-14,2020121404001254,SGI,35,52,10,605.00,"6,050.00"
2020-12-14,2020121404001265,SGI,35,22,50,605.00,"30,250.00"
2020-12-14,2020121404001264,SGI,35,58,10,605.00,"6,050.00"
2020-12-14,2020121404001263,SGI,35,6,50,605.00,"30,250.00"
2020-12-14,2020121404001262,SGI,35,21,10,605.00,"6,050.00"
2020-12-14,2020121404001261,SGI,35,50,10,605.00,"6,050.00"
2020-12-14,2020121404001260,SGI,35,50,10,605.00,"6,050.00"
2020-12-14,2020121404001271,SGI,35,21,10,605.00,"6,050.00"
2020-12-14,2020121404001270,SGI,35,29,10,605.00,"6,050.00"
2020-12-14,2020121404001269,SGI,35,52,10,605.00,"6,050.00"
2020-12-14,2020121404001268,SGI,35,36,10,605.00,"6,050.00"
2020-12-14,2020121404001267,SGI,35,41,10,605.00,"6,050.00"
2020-12-14,2020121404001266,SGI,35,1,50,605.00,"30,250.00"
2020-12-14,2020121404001277,SGI,35,41,10,605.00,"6,050.00"
2020-12-14,2020121404001276,SGI,35,21,10,605.00,"6,050.00"
2020-12-14,2020121404001275,SGI,35,33,100,605.00,"60,500.00"
2020-12-14,2020121404001274,SGI,35,49,10,605.00,"6,050.00"
2020-12-14,2020121404001273,SGI,35,21,10,605.00,"6,050.00"
2020-12-14,2020121404001272,SGI,35,55,10,605.00,"6,050.00"
2020-12-14,2020121404001314,SGI,38,1,10,604.00,"6,040.00"
2020-12-14,2020121404001309,SGI,49,49,10,605.00,"6,050.00"
2020-12-14,2020121404001288,SGI,38,18,10,604.00,"6,040.00"
2020-12-14,2020121404001287,SGI,38,45,10,604.00,"6,040.00"
2020-12-14,2020121404001285,SGI,38,21,10,604.00,"6,040.00"
2020-12-14,2020121404001278,SGI,35,19,10,605.00,"6,050.00"
2020-12-14,2020121404001333,SGI,38,14,10,606.00,"6,060.00"
2020-12-14,2020121404001332,SGI,38,48,10,605.00,"6,050.00"
2020-12-14,2020121404001329,SGI,38,7,10,604.00,"6,040.00"
2020-12-14,2020121404001328,SGI,38,43,10,604.00,"6,040.00"
2020-12-14,2020121404001327,SGI,38,21,10,604.00,"6,040.00"
2020-12-14,2020121404001325,SGI,38,53,10,604.00,"6,040.00"
2020-12-14,2020121404001347,SGI,38,4,10,605.00,"6,050.00"
2020-12-14,2020121404001346,SGI,38,25,10,604.00,"6,040.00"
2020-12-14,2020121404001339,SGI,38,25,10,604.00,"6,040.00"
2020-12-14,2020121404001337,SGI,38,25,10,604.00,"6,040.00"
2020-12-14,2020121404001335,SGI,38,1,10,606.00,"6,060.00"
2020-12-14,2020121404001334,SGI,38,42,10,606.00,"6,060.00"
2020-12-14,2020121404001357,SGI,14,28,10,605.00,"6,050.00"
2020-12-14,2020121404001356,SGI,38,17,10,604.00,"6,040.00"
2020-12-14,2020121404001353,SGI,38,1,10,604.00,"6,040.00"
2020-12-14,2020121404001351,SGI,38,58,10,604.00,"6,040.00"
2020-12-14,2020121404001349,SGI,38,58,10,604.00,"6,040.00"
2020-12-14,2020121404001348,SGI,38,37,10,605.00,"6,050.00"
2020-12-14,2020121404001366,SGI,14,55,10,605.00,"6,050.00"
2020-12-14,2020121404001364,SGI,14,36,10,605.00,"6,050.00"
2020-12-14,2020121404001363,SGI,14,1,10,605.00,"6,050.00"
2020-12-14,2020121404001362,SGI,14,52,10,605.00,"6,050.00"
2020-12-14,2020121404001359,SGI,14,57,10,605.00,"6,050.00"
2020-12-14,2020121404001358,SGI,14,55,10,605.00,"6,050.00"
2020-12-14,2020121404001389,SGI,45,40,10,604.00,"6,040.00"
2020-12-14,2020121404001388,SGI,45,36,10,604.00,"6,040.00"
2020-12-14,2020121404001385,SGI,38,47,10,604.00,"6,040.00"
2020-12-14,2020121404001379,SGI,14,42,10,605.00,"6,050.00"
2020-12-14,2020121404001375,SGI,14,43,10,605.00,"6,050.00"
2020-12-14,2020121404001367,SGI,14,42,10,605.00,"6,050.00"
2020-12-14,2020121404001410,SGI,8,58,10,605.00,"6,050.00"
2020-12-14,2020121404001409,SGI,8,33,10,605.00,"6,050.00"
2020-12-14,2020121404001402,SGI,45,38,10,604.00,"6,040.00"
2020-12-14,2020121404001395,SGI,39,1,10,605.00,"6,050.00"
2020-12-14,2020121404001393,SGI,39,58,10,605.00,"6,050.00"
2020-12-14,2020121404001391,SGI,45,52,10,604.00,"6,040.00"
2020-12-14,2020121404001434,SGI,8,45,10,605.00,"6,050.00"
2020-12-14,2020121404001429,SGI,8,39,10,605.00,"6,050.00"
2020-12-14,2020121404001416,SGI,8,38,10,605.00,"6,050.00"
2020-12-14,2020121404001414,SGI,8,48,10,605.00,"6,050.00"
2020-12-14,2020121404001412,SGI,8,42,10,605.00,"6,050.00"
2020-12-14,2020121404001411,SGI,8,55,10,605.00,"6,050.00"
2020-12-14,2020121404001451,SGI,45,38,10,604.00,"6,040.00"
2020-12-14,2020121404001448,SGI,51,26,50,605.00,"30,250.00"
2020-12-14,2020121404001447,SGI,8,26,390,605.00,"235,950.00"
2020-12-14,2020121404001446,SGI,8,56,10,605.00,"6,050.00"
2020-12-14,2020121404001443,SGI,8,36,10,605.00,"6,050.00"
2020-12-14,2020121404001441,SGI,8,51,10,605.00,"6,050.00"
2020-12-14,2020121404001462,SGI,50,28,100,604.00,"60,400.00"
2020-12-14,2020121404001461,SGI,51,28,10,604.00,"6,040.00"
2020-12-14,2020121404001460,SGI,41,28,50,604.00,"30,200.00"
2020-12-14,2020121404001459,SGI,45,28,30,604.00,"18,120.00"
2020-12-14,2020121404001455,SGI,45,40,10,604.00,"6,040.00"
2020-12-14,2020121404001454,SGI,45,38,10,604.00,"6,040.00"
2020-12-14,2020121404001477,SGI,47,10,10,603.00,"6,030.00"
2020-12-14,2020121404001475,SGI,47,51,10,603.00,"6,030.00"
2020-12-14,2020121404001466,SGI,47,10,10,603.00,"6,030.00"
2020-12-14,2020121404001465,SGI,57,28,200,604.00,"120,800.00"
2020-12-14,2020121404001464,SGI,46,28,500,604.00,"302,000.00"
2020-12-14,2020121404001463,SGI,39,28,50,604.00,"30,200.00"
2020-12-14,2020121404001493,SGI,47,10,10,603.00,"6,030.00"
2020-12-14,2020121404001491,SGI,47,28,10,603.00,"6,030.00"
2020-12-14,2020121404001484,SGI,47,51,10,603.00,"6,030.00"
2020-12-14,2020121404001483,SGI,25,26,510,605.00,"308,550.00"
2020-12-14,2020121404001482,SGI,25,1,10,604.00,"6,040.00"
2020-12-14,2020121404001481,SGI,25,28,60,604.00,"36,240.00"
2020-12-14,2020121404001506,SGI,38,49,10,603.00,"6,030.00"
2020-12-14,2020121404001504,SGI,38,10,10,603.00,"6,030.00"
2020-12-14,2020121404001502,SGI,47,21,10,603.00,"6,030.00"
2020-12-14,2020121404001501,SGI,47,51,10,603.00,"6,030.00"
2020-12-14,2020121404001499,SGI,47,5,10,603.00,"6,030.00"
2020-12-14,2020121404001494,SGI,47,51,10,603.00,"6,030.00"
2020-12-14,2020121404001538,SGI,38,51,10,603.00,"6,030.00"
2020-12-14,2020121404001529,SGI,38,49,10,603.00,"6,030.00"
2020-12-14,2020121404001512,SGI,38,45,10,603.00,"6,030.00"
2020-12-14,2020121404001510,SGI,38,49,10,603.00,"6,030.00"
2020-12-14,2020121404001509,SGI,38,45,10,603.00,"6,030.00"
2020-12-14,2020121404001508,SGI,38,58,10,603.00,"6,030.00"
2020-12-14,2020121404001571,SGI,29,22,10,604.00,"6,040.00"
2020-12-14,2020121404001553,SGI,39,42,10,603.00,"6,030.00"
2020-12-14,2020121404001552,SGI,39,8,10,603.00,"6,030.00"
2020-12-14,2020121404001551,SGI,39,10,10,603.00,"6,030.00"
2020-12-14,2020121404001548,SGI,38,19,10,603.00,"6,030.00"
2020-12-14,2020121404001543,SGI,38,14,10,603.00,"6,030.00"
2020-12-14,2020121404001585,SGI,29,57,10,604.00,"6,040.00"
2020-12-14,2020121404001577,SGI,29,55,10,604.00,"6,040.00"
2020-12-14,2020121404001576,SGI,29,56,10,604.00,"6,040.00"
2020-12-14,2020121404001575,SGI,45,26,50,605.00,"30,250.00"
2020-12-14,2020121404001573,SGI,29,49,10,604.00,"6,040.00"
2020-12-14,2020121404001572,SGI,29,40,10,604.00,"6,040.00"
2020-12-14,2020121404001596,SGI,6,58,10,605.00,"6,050.00"
2020-12-14,2020121404001595,SGI,6,11,10,605.00,"6,050.00"
2020-12-14,2020121404001594,SGI,29,57,10,604.00,"6,040.00"
2020-12-14,2020121404001591,SGI,29,57,10,604.00,"6,040.00"
2020-12-14,2020121404001587,SGI,29,42,10,604.00,"6,040.00"
2020-12-14,2020121404001586,SGI,29,14,10,604.00,"6,040.00"
2020-12-14,2020121404001602,SGI,6,48,10,606.00,"6,060.00"
2020-12-14,2020121404001601,SGI,6,49,10,605.00,"6,050.00"
2020-12-14,2020121404001600,SGI,6,46,10,605.00,"6,050.00"
2020-12-14,2020121404001599,SGI,6,53,10,605.00,"6,050.00"
2020-12-14,2020121404001598,SGI,6,46,10,605.00,"6,050.00"
2020-12-14,2020121404001597,SGI,6,11,10,605.00,"6,050.00"
2020-12-14,2020121404001611,SGI,29,58,10,604.00,"6,040.00"
2020-12-14,2020121404001609,SGI,29,51,10,604.00,"6,040.00"
2020-12-14,2020121404001608,SGI,29,58,10,604.00,"6,040.00"
2020-12-14,2020121404001607,SGI,29,17,10,604.00,"6,040.00"
2020-12-14,2020121404001604,SGI,6,22,10,606.00,"6,060.00"
2020-12-14,2020121404001603,SGI,6,50,10,606.00,"6,060.00"
2020-12-14,2020121404001623,SGI,29,51,10,604.00,"6,040.00"
2020-12-14,2020121404001621,SGI,44,29,10,605.00,"6,050.00"
2020-12-14,2020121404001617,SGI,29,28,10,604.00,"6,040.00"
2020-12-14,2020121404001616,SGI,29,51,10,604.00,"6,040.00"
2020-12-14,2020121404001615,SGI,29,51,10,604.00,"6,040.00"
2020-12-14,2020121404001612,SGI,29,51,10,604.00,"6,040.00"
2020-12-14,2020121404001561,SRBLD83,17,17,25,"1,050.00","26,250.00"
2020-12-14,2020121404001628,STC,34,6,40,"5,665.00","226,600.00"
2020-12-14,2020121404001622,STC,53,6,20,"5,665.00","113,300.00"
2020-12-14,2020121404001583,STC,17,6,50,"5,665.00","283,250.00"
2020-12-14,2020121404001560,STC,17,6,50,"5,665.00","283,250.00"
2020-12-14,2020121404001559,STC,17,6,50,"5,665.00","283,250.00"
2020-12-14,2020121404001558,STC,17,6,50,"5,665.00","283,250.00"
2020-12-14,2020121404001203,STC,32,22,10,"5,664.00","56,640.00"
2020-12-14,2020121404001299,STC,59,6,10,"5,665.00","56,650.00"
2020-12-14,2020121404001282,STC,7,6,10,"5,665.00","56,650.00"
2020-12-14,2020121404001281,STC,10,6,10,"5,665.00","56,650.00"
2020-12-14,2020121404001245,STC,26,6,20,"5,665.00","113,300.00"
2020-12-14,2020121404001222,STC,26,6,62,"5,665.00","351,230.00"
2020-12-14,2020121404001204,STC,32,6,10,"5,665.00","56,650.00"
2020-12-14,2020121404001435,STC,33,44,10,"5,650.00","56,500.00"
2020-12-14,2020121404001378,STC,32,6,60,"5,665.00","339,900.00"
2020-12-14,2020121404001365,STC,11,6,10,"5,665.00","56,650.00"
2020-12-14,2020121404001361,STC,47,6,10,"5,665.00","56,650.00"
2020-12-14,2020121404001350,STC,42,6,20,"5,665.00","113,300.00"
2020-12-14,2020121404001336,STC,44,6,70,"5,665.00","396,550.00"
2020-12-14,2020121404001557,STC,58,6,50,"5,665.00","283,250.00"
2020-12-14,2020121404001556,STC,17,6,50,"5,665.00","283,250.00"
2020-12-14,2020121404001555,STC,17,6,50,"5,665.00","283,250.00"
2020-12-14,2020121404001554,STC,17,6,20,"5,665.00","113,300.00"
2020-12-14,2020121404001480,STC,17,6,50,"5,665.00","283,250.00"
2020-12-14,2020121404001472,STC,14,50,10,"5,665.00","56,650.00"
2020-12-14,2020121404000912,BBC,17,20,10,"2,900.00","29,000.00"
2020-12-14,2020121404000888,BBC,17,38,10,"2,899.00","28,990.00"
2020-12-14,2020121404000819,BBC,34,57,10,"2,900.00","29,000.00"
2020-12-14,2020121404000727,BBC,37,14,38,"2,870.00","109,060.00"
2020-12-14,2020121404000707,BBC,49,14,10,"2,870.00","28,700.00"
2020-12-14,2020121404001095,CMF1,19,53,"1,600",9.89,"15,824.00"
2020-12-14,2020121404001094,CMF1,58,53,900,9.90,"8,910.00"
2020-12-14,2020121404001046,CMF1,19,49,400,9.89,"3,956.00"
2020-12-14,2020121404001045,CMF1,58,49,100,9.90,990.00
2020-12-14,2020121404000982,CMF1,19,57,"1,490",9.89,"14,736.10"
2020-12-14,2020121404000959,CMF1,40,49,"1,000",10.00,"10,000.00"
2020-12-14,2020121404000958,CMF1,58,49,500,10.00,"5,000.00"
2020-12-14,2020121404000822,CMF1,58,58,500,10.00,"5,000.00"
2020-12-14,2020121404000739,CMF1,42,59,"24,600",10.20,"250,920.00"
2020-12-14,2020121404000682,CMF1,42,32,"7,900",10.20,"80,580.00"
2020-12-14,2020121404001161,GIC,58,57,10,575.00,"5,750.00"
2020-12-14,2020121404001160,GIC,58,48,10,575.00,"5,750.00"
2020-12-14,2020121404001159,GIC,58,25,10,575.00,"5,750.00"
2020-12-14,2020121404001153,GIC,42,17,10,575.00,"5,750.00"
2020-12-14,2020121404001152,GIC,51,40,10,574.00,"5,740.00"
2020-12-14,2020121404001144,GIC,51,54,10,574.00,"5,740.00"
2020-12-14,2020121404000664,GIC,7,41,10,574.00,"5,740.00"
2020-12-14,2020121404000663,GIC,10,35,10,573.00,"5,730.00"
2020-12-14,2020121404000662,GIC,10,41,10,573.00,"5,730.00"
2020-12-14,2020121404000716,GIC,25,36,10,573.00,"5,730.00"
2020-12-14,2020121404000708,GIC,25,29,10,573.00,"5,730.00"
2020-12-14,2020121404000706,GIC,25,42,10,573.00,"5,730.00"
2020-12-14,2020121404000697,GIC,10,35,10,573.00,"5,730.00"
2020-12-14,2020121404000688,GIC,10,38,10,573.00,"5,730.00"
2020-12-14,2020121404000681,GIC,10,21,10,573.00,"5,730.00"
2020-12-14,2020121404000737,GIC,58,6,10,572.00,"5,720.00"
2020-12-14,2020121404000736,GIC,58,17,10,572.00,"5,720.00"
2020-12-14,2020121404000735,GIC,58,8,10,572.00,"5,720.00"
2020-12-14,2020121404000734,GIC,35,48,10,573.00,"5,730.00"
2020-12-14,2020121404000733,GIC,25,8,10,573.00,"5,730.00"
2020-12-14,2020121404000728,GIC,25,21,10,573.00,"5,730.00"
2020-12-14,2020121404000764,GIC,58,8,10,572.00,"5,720.00"
2020-12-14,2020121404000763,GIC,58,44,10,572.00,"5,720.00"
2020-12-14,2020121404000745,GIC,58,37,10,572.00,"5,720.00"
2020-12-14,2020121404000742,GIC,58,8,10,572.00,"5,720.00"
2020-12-14,2020121404000741,GIC,58,8,10,572.00,"5,720.00"
2020-12-14,2020121404000738,GIC,58,56,10,572.00,"5,720.00"
2020-12-14,2020121404000777,GIC,45,19,10,575.00,"5,750.00"
2020-12-14,2020121404000775,GIC,45,8,10,575.00,"5,750.00"
2020-12-14,2020121404000772,GIC,45,8,10,575.00,"5,750.00"
2020-12-14,2020121404000767,GIC,45,25,10,575.00,"5,750.00"
2020-12-14,2020121404000766,GIC,58,8,10,572.00,"5,720.00"
2020-12-14,2020121404000765,GIC,58,58,10,572.00,"5,720.00"
2020-12-14,2020121404000804,GIC,58,29,10,572.00,"5,720.00"
2020-12-14,2020121404000803,GIC,58,42,10,572.00,"5,720.00"
2020-12-14,2020121404000799,GIC,58,21,10,572.00,"5,720.00"
2020-12-14,2020121404000792,GIC,58,49,10,572.00,"5,720.00"
2020-12-14,2020121404000790,GIC,58,44,10,572.00,"5,720.00"
2020-12-14,2020121404000778,GIC,58,8,10,572.00,"5,720.00"
2020-12-14,2020121404000818,GIC,59,39,10,573.00,"5,730.00"
2020-12-14,2020121404000817,GIC,59,5,10,573.00,"5,730.00"
2020-12-14,2020121404000816,GIC,59,34,10,573.00,"5,730.00"
2020-12-14,2020121404000814,GIC,58,6,10,572.00,"5,720.00"
2020-12-14,2020121404000810,GIC,58,56,10,572.00,"5,720.00"
2020-12-14,2020121404000809,GIC,58,45,10,572.00,"5,720.00"
2020-12-14,2020121404000845,GIC,59,47,10,574.00,"5,740.00"
2020-12-14,2020121404000844,GIC,59,36,10,574.00,"5,740.00"
2020-12-14,2020121404000843,GIC,59,36,10,574.00,"5,740.00"
2020-12-14,2020121404000841,GIC,59,36,10,574.00,"5,740.00"
2020-12-14,2020121404000839,GIC,59,36,10,574.00,"5,740.00"
2020-12-14,2020121404000838,GIC,59,52,10,574.00,"5,740.00"
2020-12-14,2020121404000877,GIC,26,37,10,573.00,"5,730.00"
2020-12-14,2020121404000876,GIC,26,40,10,573.00,"5,730.00"
2020-12-14,2020121404000862,GIC,59,33,10,574.00,"5,740.00"
2020-12-14,2020121404000861,GIC,59,13,10,574.00,"5,740.00"
2020-12-14,2020121404000848,GIC,59,36,10,574.00,"5,740.00"
2020-12-14,2020121404000846,GIC,59,36,10,574.00,"5,740.00"
2020-12-14,2020121404000905,GIC,25,32,10,573.00,"5,730.00"
2020-12-14,2020121404000896,GIC,25,41,10,573.00,"5,730.00"
2020-12-14,2020121404000892,GIC,26,21,10,573.00,"5,730.00"
2020-12-14,2020121404000883,GIC,26,56,10,573.00,"5,730.00"
2020-12-14,2020121404000880,GIC,34,22,10,575.00,"5,750.00"
2020-12-14,2020121404000879,GIC,34,16,10,575.00,"5,750.00"
2020-12-14,2020121404000926,GIC,21,21,10,574.00,"5,740.00"
2020-12-14,2020121404000925,GIC,21,45,10,574.00,"5,740.00"
2020-12-14,2020121404000921,GIC,59,1,10,573.00,"5,730.00"
2020-12-14,2020121404000916,GIC,25,1,10,573.00,"5,730.00"
2020-12-14,2020121404000914,GIC,25,52,10,573.00,"5,730.00"
2020-12-14,2020121404000907,GIC,25,40,10,573.00,"5,730.00"
2020-12-14,2020121404000941,GIC,48,56,10,573.00,"5,730.00"
2020-12-14,2020121404000940,GIC,35,22,20,575.00,"11,500.00"
2020-12-14,2020121404000937,GIC,48,6,10,573.00,"5,730.00"
2020-12-14,2020121404000930,GIC,59,49,10,573.00,"5,730.00"
2020-12-14,2020121404000928,GIC,59,59,10,573.00,"5,730.00"
2020-12-14,2020121404000927,GIC,21,42,10,574.00,"5,740.00"
2020-12-14,2020121404000963,GIC,48,51,10,573.00,"5,730.00"
2020-12-14,2020121404000957,GIC,48,51,10,573.00,"5,730.00"
2020-12-14,2020121404000948,GIC,48,45,10,573.00,"5,730.00"
2020-12-14,2020121404000946,GIC,48,35,10,573.00,"5,730.00"
2020-12-14,2020121404000943,GIC,48,21,10,573.00,"5,730.00"
2020-12-14,2020121404000942,GIC,48,39,10,573.00,"5,730.00"
2020-12-14,2020121404000988,GIC,42,57,10,574.00,"5,740.00"
2020-12-14,2020121404000985,GIC,6,48,10,573.00,"5,730.00"
2020-12-14,2020121404000980,GIC,6,45,10,573.00,"5,730.00"
2020-12-14,2020121404000977,GIC,6,48,10,573.00,"5,730.00"
2020-12-14,2020121404000975,GIC,48,21,10,573.00,"5,730.00"
2020-12-14,2020121404000973,GIC,48,33,10,573.00,"5,730.00"
2020-12-14,2020121404001006,GIC,21,58,10,574.00,"5,740.00"
2020-12-14,2020121404001001,GIC,6,48,10,573.00,"5,730.00"
2020-12-14,2020121404000999,GIC,5,22,10,575.00,"5,750.00"
2020-12-14,2020121404000998,GIC,42,22,10,575.00,"5,750.00"
2020-12-14,2020121404000990,GIC,6,48,10,573.00,"5,730.00"
2020-12-14,2020121404000989,GIC,6,43,10,573.00,"5,730.00"
2020-12-14,2020121404001058,GIC,42,22,20,575.00,"11,500.00"
2020-12-14,2020121404001056,GIC,28,38,10,574.00,"5,740.00"
2020-12-14,2020121404001040,GIC,21,28,10,574.00,"5,740.00"
2020-12-14,2020121404001034,GIC,21,58,10,574.00,"5,740.00"
2020-12-14,2020121404001031,GIC,21,57,10,574.00,"5,740.00"
2020-12-14,2020121404001011,GIC,42,22,10,575.00,"5,750.00"
2020-12-14,2020121404001066,GIC,59,59,10,574.00,"5,740.00"
2020-12-14,2020121404001065,GIC,28,37,10,574.00,"5,740.00"
2020-12-14,2020121404001064,GIC,22,41,10,575.00,"5,750.00"
2020-12-14,2020121404001063,GIC,22,49,10,575.00,"5,750.00"
2020-12-14,2020121404001062,GIC,22,36,10,575.00,"5,750.00"
2020-12-14,2020121404001061,GIC,22,22,20,575.00,"11,500.00"
2020-12-14,2020121404001088,GIC,59,28,10,574.00,"5,740.00"
2020-12-14,2020121404001087,GIC,59,40,10,574.00,"5,740.00"
2020-12-14,2020121404001086,GIC,59,38,10,574.00,"5,740.00"
2020-12-14,2020121404001079,GIC,59,59,10,574.00,"5,740.00"
2020-12-14,2020121404001076,GIC,59,21,10,574.00,"5,740.00"
2020-12-14,2020121404001068,GIC,59,59,10,574.00,"5,740.00"
2020-12-14,2020121404001109,GIC,51,1,10,574.00,"5,740.00"
2020-12-14,2020121404001108,GIC,51,26,10,574.00,"5,740.00"
2020-12-14,2020121404001105,GIC,51,33,10,574.00,"5,740.00"
2020-12-14,2020121404001101,GIC,51,28,10,574.00,"5,740.00"
2020-12-14,2020121404001091,GIC,38,19,10,574.00,"5,740.00"
2020-12-14,2020121404001090,GIC,59,38,10,574.00,"5,740.00"
2020-12-14,2020121404001117,GIC,42,19,10,575.00,"5,750.00"
2020-12-14,2020121404001116,GIC,42,46,10,575.00,"5,750.00"
2020-12-14,2020121404001115,GIC,42,42,10,575.00,"5,750.00"
2020-12-14,2020121404001114,GIC,42,22,10,575.00,"5,750.00"
2020-12-14,2020121404001113,GIC,42,43,10,575.00,"5,750.00"
2020-12-14,2020121404001112,GIC,42,41,40,575.00,"23,000.00"
2020-12-14,2020121404001142,GIC,51,36,10,574.00,"5,740.00"
2020-12-14,2020121404001138,GIC,51,52,10,574.00,"5,740.00"
2020-12-14,2020121404001127,GIC,51,56,10,574.00,"5,740.00"
2020-12-14,2020121404001126,GIC,51,49,10,574.00,"5,740.00"
2020-12-14,2020121404001124,GIC,51,1,10,574.00,"5,740.00"
2020-12-14,2020121404001118,GIC,42,58,10,575.00,"5,750.00"
2020-12-14,2020121404000902,GIMES1,58,22,"7,000",11.35,"79,450.00"
2020-12-14,2020121404000901,GIMES1,58,49,"1,000",11.34,"11,340.00"
2020-12-14,2020121404000900,GIMES1,58,8,"1,000",11.33,"11,330.00"
2020-12-14,2020121404000899,GIMES1,58,47,"1,000",11.25,"11,250.00"
2020-12-14,2020121404000863,GIMES1,7,47,"1,000",11.21,"11,210.00"
2020-12-14,2020121404000821,GIMES1,17,47,"1,000",11.20,"11,200.00"
2020-12-14,2020121404000805,GIMES1,7,7,"4,500",11.21,"50,445.00"
2020-12-14,2020121404000753,GIMES1,7,51,500,11.21,"5,605.00"
2020-12-14,2020121404001060,LEMF,35,32,"9,800",10.12,"99,176.00"
2020-12-14,2020121404001059,LEMF,35,32,"4,300",10.12,"43,516.00"
2020-12-14,2020121404001055,LEMF,35,22,"5,400",10.12,"54,648.00"
2020-12-14,2020121404001054,LEMF,35,51,300,10.12,"3,036.00"
2020-12-14,2020121404001049,LEMF,35,45,"4,650",10.10,"46,965.00"
2020-12-14,2020121404001028,LEMF,35,7,"2,000",9.94,"19,880.00"
2020-12-14,2020121404000950,LEMF,58,45,500,9.75,"4,875.00"
2020-12-14,2020121404000915,LEMF,58,6,500,9.75,"4,875.00"
2020-12-14,2020121404001044,LEMF,35,45,"3,350",10.10,"33,835.00"
2020-12-14,2020121404001043,LEMF,35,44,"5,000",10.10,"50,500.00"
2020-12-14,2020121404001042,LEMF,35,51,100,10.10,"1,010.00"
2020-12-14,2020121404001041,LEMF,35,46,"1,550",10.10,"15,655.00"
2020-12-14,2020121404001030,LEMF,35,56,"5,000",10.00,"50,000.00"
2020-12-14,2020121404001029,LEMF,35,38,"5,000",9.95,"49,750.00"
2020-12-14,2020121404001032,LUK,34,38,500,9.22,"4,610.00"
2020-12-14,2020121404000895,LUK,34,41,100,9.40,940.00
2020-12-14,2020121404000893,LUK,34,25,100,9.30,930.00
2020-12-14,2020121404000891,LUK,34,38,100,9.22,922.00
2020-12-14,2020121404000773,LUK,20,38,200,9.40,"1,880.00"
2020-12-14,2020121404000729,LUK,53,38,300,9.40,"2,820.00"
2020-12-14,2020121404000713,LUK,53,38,200,9.40,"1,880.00"
2020-12-14,2020121404001053,NBF2,17,22,100,9.76,976.00
2020-12-14,2020121404000677,NBF2,42,32,"8,100",9.99,"80,919.00"
2020-12-14,2020121404000676,NBF2,42,52,200,9.99,"1,998.00"
2020-12-14,2020121404000675,NBF2,42,40,"3,870",9.80,"37,926.00"
2020-12-14,2020121404000674,NBF2,42,22,"1,200",9.80,"11,760.00"
2020-12-14,2020121404000673,NBF2,42,25,500,9.80,"4,900.00"
2020-12-14,2020121404000672,NBF2,42,39,"16,000",9.75,"156,000.00"
2020-12-14,2020121404000875,NBF2,10,29,400,9.70,"3,880.00"
2020-12-14,2020121404000859,NBF2,10,35,200,9.70,"1,940.00"
2020-12-14,2020121404000858,NBF2,10,35,200,9.70,"1,940.00"
2020-12-14,2020121404000857,NBF2,10,35,200,9.69,"1,938.00"
2020-12-14,2020121404000824,NBF2,35,25,500,9.63,"4,815.00"
2020-12-14,2020121404000719,NBF2,10,51,200,9.62,"1,924.00"
2020-12-14,2020121404001014,NBF2,58,17,"3,390",9.82,"33,289.80"
2020-12-14,2020121404001012,NBF2,58,55,"1,500",9.81,"14,715.00"
2020-12-14,2020121404001000,NBF2,17,26,100,9.76,976.00
2020-12-14,2020121404001147,NEF,17,49,"4,848",10.00,"48,480.00"
2020-12-14,2020121404001135,NEF,17,49,"4,848",10.00,"48,480.00"
2020-12-14,2020121404001123,NEF,17,39,"1,127",10.00,"11,270.00"
2020-12-14,2020121404001111,NEF,17,53,"2,114",10.00,"21,140.00"
2020-12-14,2020121404001107,NEF,59,5,152,10.05,"1,527.60"
2020-12-14,2020121404001106,NEF,59,49,"4,848",10.04,"48,673.92"
2020-12-14,2020121404000694,NEF,17,4,232,10.04,"2,329.28"
2020-12-14,2020121404000665,NEF,17,4,768,10.04,"7,710.72"
2020-12-14,2020121404000779,NEF,17,17,"2,414",10.04,"24,236.56"
2020-12-14,2020121404000774,NEF,17,17,"2,414",10.04,"24,236.56"
2020-12-14,2020121404000740,NEF,17,45,"2,253",10.04,"22,620.12"
2020-12-14,2020121404000718,NEF,22,38,483,10.24,"4,945.92"
2020-12-14,2020121404000709,NEF,17,46,"1,207",10.04,"12,118.28"
2020-12-14,2020121404000698,NEF,22,41,483,10.08,"4,868.64"
2020-12-14,2020121404000897,NEF,17,37,"2,414",10.04,"24,236.56"
2020-12-14,2020121404000793,NEF,17,22,483,10.04,"4,849.32"
2020-12-14,2020121404000789,NEF,17,17,"2,414",10.04,"24,236.56"
2020-12-14,2020121404000787,NEF,17,17,"2,414",10.04,"24,236.56"
2020-12-14,2020121404000783,NEF,17,17,"2,414",10.04,"24,236.56"
2020-12-14,2020121404000781,NEF,17,46,"2,414",10.04,"24,236.56"
2020-12-14,2020121404001078,NEF,17,34,245,10.00,"2,450.00"
2020-12-14,2020121404001077,NEF,37,34,882,10.00,"8,820.00"
2020-12-14,2020121404001009,NEF,37,26,"1,384",10.00,"13,840.00"
2020-12-14,2020121404001008,NEF,17,26,"1,030",10.04,"10,341.20"
2020-12-14,2020121404000929,NEF,17,49,483,10.04,"4,849.32"
2020-12-14,2020121404000904,NEF,17,37,"2,414",10.04,"24,236.56"
2020-12-14,2020121404001122,NIBLPF,46,53,"1,768",10.25,"18,122.00"
2020-12-14,2020121404001085,NIBLPF,46,34,"2,081",10.25,"21,330.25"
2020-12-14,2020121404001084,NIBLPF,47,34,444,10.37,"4,604.28"
2020-12-14,2020121404001069,NIBLPF,47,58,556,10.37,"5,765.72"
2020-12-14,2020121404000749,NIBLPF,48,47,"50,000",10.58,"529,000.00"
2020-12-14,2020121404000748,NIBLPF,48,14,"10,000",10.50,"105,000.00"
2020-12-14,2020121404001052,NIBPO,58,58,"10,000",430.00,"4,300,000.00"
2020-12-14,2020121404000966,NIBPO,29,1,200,430.00,"86,000.00"
2020-12-14,2020121404000933,NIBPO,29,1,388,430.00,"166,840.00"
2020-12-14,2020121404000932,NIBPO,47,1,12,432.00,"5,184.00"
2020-12-14,2020121404000922,NIBPO,29,46,201,430.00,"86,430.00"
2020-12-14,2020121404000882,NIBPO,35,14,305,431.00,"131,455.00"
2020-12-14,2020121404000702,NIBPO,35,34,"1,000",437.00,"437,000.00"
2020-12-14,2020121404000701,NIBPO,35,46,100,436.00,"43,600.00"
2020-12-14,2020121404000700,NIBPO,35,42,400,435.00,"174,000.00"
2020-12-14,2020121404000690,NIBPO,26,42,100,435.00,"43,500.00"
2020-12-14,2020121404000723,NIBPO,35,16,"1,000",445.00,"445,000.00"
2020-12-14,2020121404000722,NIBPO,35,58,500,445.00,"222,500.00"
2020-12-14,2020121404000721,NIBPO,35,34,500,444.00,"222,000.00"
2020-12-14,2020121404000720,NIBPO,35,6,500,443.00,"221,500.00"
2020-12-14,2020121404000704,NIBPO,35,4,"5,000",440.00,"2,200,000.00"
2020-12-14,2020121404000703,NIBPO,35,16,"1,000",440.00,"440,000.00"
2020-12-14,2020121404000840,NIBPO,35,17,64,431.00,"27,584.00"
2020-12-14,2020121404000744,NIBPO,35,58,100,440.00,"44,000.00"
2020-12-14,2020121404000732,NIBPO,35,17,400,440.00,"176,000.00"
2020-12-14,2020121404000726,NIBPO,35,50,500,445.00,"222,500.00"
2020-12-14,2020121404000725,NIBPO,35,14,"1,000",445.00,"445,000.00"
2020-12-14,2020121404000724,NIBPO,35,4,"5,000",445.00,"2,225,000.00"
2020-12-14,2020121404001132,NIBSF1,17,53,"3,500",11.15,"39,025.00"
2020-12-14,2020121404001098,NIBSF1,45,7,"1,000",11.23,"11,230.00"
2020-12-14,2020121404001096,NIBSF1,45,7,"1,000",11.23,"11,230.00"
2020-12-14,2020121404001027,NIBSF1,11,7,"5,000",11.25,"56,250.00"
2020-12-14,2020121404001013,NIBSF1,11,7,"5,000",11.20,"56,000.00"
2020-12-14,2020121404001004,NIBSF1,11,7,"10,000",11.18,"111,800.00"
2020-12-14,2020121404000686,NIBSF1,26,7,"2,000",11.14,"22,280.00"
2020-12-14,2020121404000685,NIBSF1,26,6,"3,478",11.13,"38,710.14"
2020-12-14,2020121404000834,NIBSF1,26,28,"11,500",11.15,"128,225.00"
2020-12-14,2020121404000828,NIBSF1,26,28,"13,500",11.15,"150,525.00"
2020-12-14,2020121404000827,NIBSF1,26,7,"10,000",11.15,"111,500.00"
2020-12-14,2020121404000826,NIBSF1,26,8,"1,500",11.14,"16,710.00"
2020-12-14,2020121404000760,NIBSF1,7,51,"1,000",11.03,"11,030.00"
2020-12-14,2020121404000687,NIBSF1,26,7,"5,000",11.15,"55,750.00"
2020-12-14,2020121404001003,NIBSF1,11,7,"10,000",11.17,"111,700.00"
2020-12-14,2020121404000947,NIBSF1,48,7,"10,000",11.17,"111,700.00"
2020-12-14,2020121404000919,NIBSF1,26,7,"10,000",11.15,"111,500.00"
2020-12-14,2020121404000908,NIBSF1,26,7,"10,000",11.15,"111,500.00"
2020-12-14,2020121404000874,NIBSF1,26,7,"10,000",11.15,"111,500.00"
2020-12-14,2020121404000873,NIBSF1,26,28,"1,500",11.14,"16,710.00"
2020-12-14,2020121404001120,NICBF,41,47,"5,000",10.00,"50,000.00"
2020-12-14,2020121404000667,NICBF,42,58,"1,000",10.06,"10,060.00"
2020-12-14,2020121404001158,NICGF,26,35,200,10.34,"2,068.00"
2020-12-14,2020121404001136,NICGF,26,53,"1,500",10.34,"15,510.00"
2020-12-14,2020121404000971,NICGF,48,14,500,10.50,"5,250.00"
2020-12-14,2020121404000970,NICGF,48,59,"87,000",10.50,"913,500.00"
2020-12-14,2020121404000969,NICGF,17,49,"2,000",10.32,"20,640.00"
2020-12-14,2020121404000924,NICGF,17,57,100,10.32,"1,032.00"
2020-12-14,2020121404000752,NICGF,42,59,"8,000",10.51,"84,080.00"
2020-12-14,2020121404000751,NICGF,17,59,"5,000",10.52,"52,600.00"
2020-12-14,2020121404001131,NMB50,41,58,250,10.20,"2,550.00"
2020-12-14,2020121404001130,NMB50,41,47,500,10.20,"5,100.00"
2020-12-14,2020121404000984,NMB50,45,6,100,10.07,"1,007.00"
2020-12-14,2020121404000935,NMB50,41,46,"2,000",10.06,"20,120.00"
2020-12-14,2020121404001157,NMBHF1,17,54,"1,451",10.10,"14,655.10"
2020-12-14,2020121404001156,NMBHF1,17,54,126,10.10,"1,272.60"
2020-12-14,2020121404001129,NMBHF1,17,54,"1,577",10.10,"15,927.70"
2020-12-14,2020121404001119,NMBHF1,17,39,"4,161",10.10,"42,026.10"
2020-12-14,2020121404001089,NMBHF1,17,54,"1,577",10.10,"15,927.70"
2020-12-14,2020121404001021,NMBHF1,17,45,"4,161",10.10,"42,026.10"
2020-12-14,2020121404000934,NMBHF1,16,49,832,9.98,"8,303.36"
2020-12-14,2020121404000808,NMBHF1,58,19,"5,000",9.99,"49,950.00"
2020-12-14,2020121404001020,NMBHF1,17,28,"2,080",10.10,"21,008.00"
2020-12-14,2020121404001019,NMBHF1,17,14,"4,161",10.10,"42,026.10"
2020-12-14,2020121404001018,NMBHF1,17,50,416,10.10,"4,201.60"
2020-12-14,2020121404001017,NMBHF1,17,57,"2,580",10.10,"26,058.00"
2020-12-14,2020121404001016,NMBHF1,17,19,"5,000",10.09,"50,450.00"
2020-12-14,2020121404001015,NMBHF1,17,14,"4,161",10.08,"41,942.88"
2020-12-14,2020121404000965,RBCLPO,34,33,10,"14,302.00","143,020.00"
2020-12-14,2020121404000931,RBCLPO,28,53,10,"14,350.00","143,500.00"
2020-12-14,2020121404000802,RBCLPO,56,1,10,"14,500.00","145,000.00"
2020-12-14,2020121404000898,SAEF,17,59,"1,200",11.10,"13,320.00"
2020-12-14,2020121404000872,SAEF,34,59,"12,600",11.10,"139,860.00"
2020-12-14,2020121404000865,SAEF,32,37,500,11.02,"5,510.00"
2020-12-14,2020121404000860,SAEF,34,59,"1,400",11.10,"15,540.00"
2020-12-14,2020121404000823,SAEF,47,59,"6,000",11.10,"66,600.00"
2020-12-14,2020121404000813,SAEF,47,59,"30,000",11.10,"333,000.00"
2020-12-14,2020121404000666,SAEF,17,53,"1,200",11.10,"13,320.00"
2020-12-14,2020121404000801,SAEF,17,19,"1,000",11.01,"11,010.00"
2020-12-14,2020121404000758,SAEF,17,59,"23,800",11.10,"264,180.00"
2020-12-14,2020121404000757,SAEF,17,59,"5,000",11.11,"55,550.00"
2020-12-14,2020121404000756,SAEF,47,59,"20,000",11.12,"222,400.00"
2020-12-14,2020121404000711,SAEF,47,54,"3,000",11.15,"33,450.00"
2020-12-14,2020121404000710,SAEF,47,34,"3,500",11.15,"39,025.00"
2020-12-14,2020121404000961,SBIBD86,19,25,200,"1,022.00","204,400.00"
2020-12-14,2020121404001154,SEF,47,35,400,10.33,"4,132.00"
2020-12-14,2020121404001146,SEF,47,49,"4,000",10.35,"41,400.00"
2020-12-14,2020121404001145,SEF,47,38,500,10.35,"5,175.00"
2020-12-14,2020121404001039,SEF,17,38,"18,300",10.35,"189,405.00"
2020-12-14,2020121404001036,SEF,17,45,500,10.35,"5,175.00"
2020-12-14,2020121404001005,SEF,17,49,"1,000",10.35,"10,350.00"
2020-12-14,2020121404000983,SEF,17,42,"1,000",10.35,"10,350.00"
2020-12-14,2020121404000951,SEF,17,58,"3,300",10.35,"34,155.00"
2020-12-14,2020121404000815,SEF,17,45,400,10.35,"4,140.00"
2020-12-14,2020121404000806,SEF,17,19,500,10.35,"5,175.00"
2020-12-14,2020121404001073,SFMF,48,59,"33,400",10.50,"350,700.00"
2020-12-14,2020121404001072,SFMF,48,50,"1,100",10.49,"11,539.00"
2020-12-14,2020121404001071,SFMF,48,56,500,10.30,"5,150.00"
2020-12-14,2020121404000918,SFMF,51,47,550,10.15,"5,582.50"
2020-12-14,2020121404000917,SFMF,51,59,100,10.15,"1,015.00"
2020-12-14,2020121404001155,SGI,55,42,100,604.00,"60,400.00"
2020-12-14,2020121404001151,SGI,49,42,10,604.00,"6,040.00"
2020-12-14,2020121404001150,SGI,35,36,10,603.00,"6,030.00"
2020-12-14,2020121404001149,SGI,35,13,10,603.00,"6,030.00"
2020-12-14,2020121404001148,SGI,35,13,10,603.00,"6,030.00"
2020-12-14,2020121404001143,SGI,35,56,10,603.00,"6,030.00"
2020-12-14,2020121404000670,SGI,25,28,10,602.00,"6,020.00"
2020-12-14,2020121404000669,SGI,7,38,20,603.00,"12,060.00"
2020-12-14,2020121404000668,SGI,25,33,10,602.00,"6,020.00"
2020-12-14,2020121404000689,SGI,25,6,10,602.00,"6,020.00"
2020-12-14,2020121404000684,SGI,25,57,10,602.00,"6,020.00"
2020-12-14,2020121404000683,SGI,25,38,10,602.00,"6,020.00"
2020-12-14,2020121404000680,SGI,25,50,10,602.00,"6,020.00"
2020-12-14,2020121404000679,SGI,25,41,10,602.00,"6,020.00"
2020-12-14,2020121404000678,SGI,25,1,10,602.00,"6,020.00"
2020-12-14,2020121404000699,SGI,56,21,10,603.00,"6,030.00"
2020-12-14,2020121404000696,SGI,56,50,10,603.00,"6,030.00"
2020-12-14,2020121404000695,SGI,56,43,10,603.00,"6,030.00"
2020-12-14,2020121404000693,SGI,25,35,10,602.00,"6,020.00"
2020-12-14,2020121404000692,SGI,25,54,200,602.00,"120,400.00"
2020-12-14,2020121404000691,SGI,13,38,20,603.00,"12,060.00"
2020-12-14,2020121404000731,SGI,56,10,10,603.00,"6,030.00"
2020-12-14,2020121404000730,SGI,56,8,10,603.00,"6,030.00"
2020-12-14,2020121404000717,SGI,56,8,10,603.00,"6,030.00"
2020-12-14,2020121404000715,SGI,56,17,10,603.00,"6,030.00"
2020-12-14,2020121404000714,SGI,56,42,10,603.00,"6,030.00"
2020-12-14,2020121404000712,SGI,56,38,10,603.00,"6,030.00"
2020-12-14,2020121404000755,SGI,56,8,10,603.00,"6,030.00"
2020-12-14,2020121404000754,SGI,56,33,10,603.00,"6,030.00"
2020-12-14,2020121404000750,SGI,56,56,10,603.00,"6,030.00"
2020-12-14,2020121404000747,SGI,56,8,10,603.00,"6,030.00"
2020-12-14,2020121404000746,SGI,56,6,10,603.00,"6,030.00"
2020-12-14,2020121404000743,SGI,56,1,10,603.00,"6,030.00"
2020-12-14,2020121404000770,SGI,25,8,10,602.00,"6,020.00"
2020-12-14,2020121404000769,SGI,32,22,10,603.00,"6,030.00"
2020-12-14,2020121404000768,SGI,56,22,60,603.00,"36,180.00"
2020-12-14,2020121404000762,SGI,56,21,10,603.00,"6,030.00"
2020-12-14,2020121404000761,SGI,56,8,10,603.00,"6,030.00"
2020-12-14,2020121404000759,SGI,56,36,10,603.00,"6,030.00"
2020-12-14,2020121404000785,SGI,6,25,10,602.00,"6,020.00"
2020-12-14,2020121404000784,SGI,6,58,10,602.00,"6,020.00"
2020-12-14,2020121404000782,SGI,6,16,10,602.00,"6,020.00"
2020-12-14,2020121404000780,SGI,6,29,10,602.00,"6,020.00"
2020-12-14,2020121404000776,SGI,6,6,10,602.00,"6,020.00"
2020-12-14,2020121404000771,SGI,25,8,10,602.00,"6,020.00"
2020-12-14,2020121404000797,SGI,55,38,600,604.00,"362,400.00"
2020-12-14,2020121404000796,SGI,55,29,10,604.00,"6,040.00"
2020-12-14,2020121404000795,SGI,55,46,10,603.00,"6,030.00"
2020-12-14,2020121404000794,SGI,55,22,30,603.00,"18,090.00"
2020-12-14,2020121404000788,SGI,6,44,10,602.00,"6,020.00"
2020-12-14,2020121404000786,SGI,6,50,10,602.00,"6,020.00"
2020-12-14,2020121404000820,SGI,42,52,10,603.00,"6,030.00"
2020-12-14,2020121404000812,SGI,6,58,10,602.00,"6,020.00"
2020-12-14,2020121404000811,SGI,6,22,100,602.00,"60,200.00"
2020-12-14,2020121404000807,SGI,6,29,10,602.00,"6,020.00"
2020-12-14,2020121404000800,SGI,6,37,10,602.00,"6,020.00"
2020-12-14,2020121404000798,SGI,55,14,10,604.00,"6,040.00"
2020-12-14,2020121404000842,SGI,42,49,10,603.00,"6,030.00"
2020-12-14,2020121404000837,SGI,59,7,90,604.00,"54,360.00"
2020-12-14,2020121404000836,SGI,59,13,10,604.00,"6,040.00"
2020-12-14,2020121404000835,SGI,42,35,10,603.00,"6,030.00"
2020-12-14,2020121404000833,SGI,42,38,10,603.00,"6,030.00"
2020-12-14,2020121404000825,SGI,35,16,10,604.00,"6,040.00"
2020-12-14,2020121404000853,SGI,42,36,10,603.00,"6,030.00"
2020-12-14,2020121404000852,SGI,42,49,10,603.00,"6,030.00"
2020-12-14,2020121404000851,SGI,42,38,10,603.00,"6,030.00"
2020-12-14,2020121404000850,SGI,42,35,10,603.00,"6,030.00"
2020-12-14,2020121404000849,SGI,42,41,10,603.00,"6,030.00"
2020-12-14,2020121404000847,SGI,42,41,10,603.00,"6,030.00"
2020-12-14,2020121404000867,SGI,42,36,10,603.00,"6,030.00"
2020-12-14,2020121404000866,SGI,42,36,10,603.00,"6,030.00"
2020-12-14,2020121404000864,SGI,42,36,10,603.00,"6,030.00"
2020-12-14,2020121404000856,SGI,42,58,10,603.00,"6,030.00"
2020-12-14,2020121404000855,SGI,42,36,10,603.00,"6,030.00"
2020-12-14,2020121404000854,SGI,42,41,10,603.00,"6,030.00"
2020-12-14,2020121404000886,SGI,42,33,10,603.00,"6,030.00"
2020-12-14,2020121404000881,SGI,42,38,10,603.00,"6,030.00"
2020-12-14,2020121404000871,SGI,42,34,10,603.00,"6,030.00"
2020-12-14,2020121404000870,SGI,42,47,10,603.00,"6,030.00"
2020-12-14,2020121404000869,SGI,42,58,10,603.00,"6,030.00"
2020-12-14,2020121404000868,SGI,42,36,10,603.00,"6,030.00"
2020-12-14,2020121404000906,SGI,42,21,10,603.00,"6,030.00"
2020-12-14,2020121404000903,SGI,42,59,10,603.00,"6,030.00"
2020-12-14,2020121404000894,SGI,42,8,10,603.00,"6,030.00"
2020-12-14,2020121404000890,SGI,42,59,10,603.00,"6,030.00"
2020-12-14,2020121404000889,SGI,42,59,10,603.00,"6,030.00"
2020-12-14,2020121404000887,SGI,42,59,10,603.00,"6,030.00"
2020-12-14,2020121404000936,SGI,42,57,10,603.00,"6,030.00"
2020-12-14,2020121404000923,SGI,42,59,10,603.00,"6,030.00"
2020-12-14,2020121404000920,SGI,42,35,10,603.00,"6,030.00"
2020-12-14,2020121404000913,SGI,42,57,10,603.00,"6,030.00"
2020-12-14,2020121404000910,SGI,42,40,10,603.00,"6,030.00"
2020-12-14,2020121404000909,SGI,42,52,10,603.00,"6,030.00"
2020-12-14,2020121404000952,SGI,42,49,10,603.00,"6,030.00"
2020-12-14,2020121404000949,SGI,42,42,10,603.00,"6,030.00"
2020-12-14,2020121404000945,SGI,42,13,10,603.00,"6,030.00"
2020-12-14,2020121404000944,SGI,42,45,10,603.00,"6,030.00"
2020-12-14,2020121404000939,SGI,42,49,10,603.00,"6,030.00"
2020-12-14,2020121404000938,SGI,42,56,10,603.00,"6,030.00"
2020-12-14,2020121404000968,SGI,55,57,10,603.00,"6,030.00"
2020-12-14,2020121404000964,SGI,55,45,10,603.00,"6,030.00"
2020-12-14,2020121404000962,SGI,55,58,10,603.00,"6,030.00"
2020-12-14,2020121404000960,SGI,55,58,10,603.00,"6,030.00"
2020-12-14,2020121404000956,SGI,55,58,10,603.00,"6,030.00"
2020-12-14,2020121404000953,SGI,42,51,10,603.00,"6,030.00"
2020-12-14,2020121404000986,SGI,55,58,10,603.00,"6,030.00"
2020-12-14,2020121404000981,SGI,55,48,10,603.00,"6,030.00"
2020-12-14,2020121404000979,SGI,55,44,10,603.00,"6,030.00"
2020-12-14,2020121404000978,SGI,55,53,10,603.00,"6,030.00"
2020-12-14,2020121404000976,SGI,55,48,10,603.00,"6,030.00"
2020-12-14,2020121404000974,SGI,55,13,10,603.00,"6,030.00"
2020-12-14,2020121404000995,SGI,55,58,10,604.00,"6,040.00"
2020-12-14,2020121404000994,SGI,55,58,10,604.00,"6,040.00"
2020-12-14,2020121404000993,SGI,55,45,10,604.00,"6,040.00"
2020-12-14,2020121404000992,SGI,55,58,20,604.00,"12,080.00"
2020-12-14,2020121404000991,SGI,55,7,210,604.00,"126,840.00"
2020-12-14,2020121404000987,SGI,55,33,10,603.00,"6,030.00"
2020-12-14,2020121404001022,SGI,17,3,10,603.00,"6,030.00"
2020-12-14,2020121404001010,SGI,17,48,10,603.00,"6,030.00"
2020-12-14,2020121404001007,SGI,55,49,10,603.00,"6,030.00"
2020-12-14,2020121404001002,SGI,55,13,10,603.00,"6,030.00"
2020-12-14,2020121404000997,SGI,55,45,10,603.00,"6,030.00"
2020-12-14,2020121404000996,SGI,55,16,10,604.00,"6,040.00"
2020-12-14,2020121404001050,SGI,17,38,10,603.00,"6,030.00"
2020-12-14,2020121404001048,SGI,17,45,10,603.00,"6,030.00"
2020-12-14,2020121404001047,SGI,17,41,10,603.00,"6,030.00"
2020-12-14,2020121404001038,SGI,17,28,10,603.00,"6,030.00"
2020-12-14,2020121404001037,SGI,17,41,10,603.00,"6,030.00"
2020-12-14,2020121404001033,SGI,17,3,10,603.00,"6,030.00"
2020-12-14,2020121404001075,SGI,17,59,10,603.00,"6,030.00"
2020-12-14,2020121404001074,SGI,17,58,10,603.00,"6,030.00"
2020-12-14,2020121404001070,SGI,17,40,10,603.00,"6,030.00"
2020-12-14,2020121404001067,SGI,17,22,10,603.00,"6,030.00"
2020-12-14,2020121404001057,SGI,17,1,10,603.00,"6,030.00"
2020-12-14,2020121404001051,SGI,17,10,10,603.00,"6,030.00"
2020-12-14,2020121404001099,SGI,35,53,10,604.00,"6,040.00"
2020-12-14,2020121404001097,SGI,35,55,10,603.00,"6,030.00"
2020-12-14,2020121404001083,SGI,35,36,310,603.00,"186,930.00"
2020-12-14,2020121404001082,SGI,13,36,100,603.00,"60,300.00"
2020-12-14,2020121404001081,SGI,17,36,60,603.00,"36,180.00"
2020-12-14,2020121404001080,SGI,29,36,30,603.00,"18,090.00"
2020-12-14,2020121404001125,SGI,35,21,10,603.00,"6,030.00"
2020-12-14,2020121404001121,SGI,35,13,10,603.00,"6,030.00"
2020-12-14,2020121404001104,SGI,35,54,10,603.00,"6,030.00"
2020-12-14,2020121404001103,SGI,35,28,10,603.00,"6,030.00"
2020-12-14,2020121404001102,SGI,35,43,10,603.00,"6,030.00"
2020-12-14,2020121404001100,SGI,35,42,10,604.00,"6,040.00"
2020-12-14,2020121404001141,SGI,35,52,10,603.00,"6,030.00"
2020-12-14,2020121404001140,SGI,35,51,10,603.00,"6,030.00"
2020-12-14,2020121404001139,SGI,35,52,10,603.00,"6,030.00"
2020-12-14,2020121404001137,SGI,35,56,10,603.00,"6,030.00"
2020-12-14,2020121404001133,SGI,35,11,10,603.00,"6,030.00"
2020-12-14,2020121404001128,SGI,35,13,10,603.00,"6,030.00"
2020-12-14,2020121404001134,STC,25,6,10,"5,665.00","56,650.00"
2020-12-14,2020121404001110,STC,36,6,20,"5,665.00","113,300.00"
2020-12-14,2020121404001093,STC,26,6,100,"5,665.00","566,500.00"
2020-12-14,2020121404001092,STC,52,6,10,"5,665.00","56,650.00"
2020-12-14,2020121404001035,STC,41,6,90,"5,665.00","509,850.00"
2020-12-14,2020121404001026,STC,34,6,10,"5,665.00","56,650.00"
2020-12-14,2020121404000831,STC,11,6,50,"5,665.00","283,250.00"
2020-12-14,2020121404000830,STC,11,45,10,"5,600.00","56,000.00"
2020-12-14,2020121404000829,STC,11,50,12,"5,600.00","67,200.00"
2020-12-14,2020121404000791,STC,34,28,10,"5,600.00","56,000.00"
2020-12-14,2020121404000705,STC,36,32,20,"5,580.00","111,600.00"
2020-12-14,2020121404000671,STC,58,32,50,"5,552.00","277,600.00"
2020-12-14,2020121404000954,STC,43,6,10,"5,665.00","56,650.00"
2020-12-14,2020121404000911,STC,39,52,10,"5,665.00","56,650.00"
2020-12-14,2020121404000885,STC,39,53,10,"5,665.00","56,650.00"
2020-12-14,2020121404000884,STC,39,25,50,"5,665.00","283,250.00"
2020-12-14,2020121404000878,STC,26,6,20,"5,665.00","113,300.00"
2020-12-14,2020121404000832,STC,11,6,28,"5,665.00","158,620.00"
2020-12-14,2020121404001025,STC,51,41,10,"5,560.00","55,600.00"
2020-12-14,2020121404001024,STC,16,41,10,"5,600.00","56,000.00"
2020-12-14,2020121404001023,STC,33,41,10,"5,610.00","56,100.00"
2020-12-14,2020121404000972,STC,39,6,60,"5,665.00","339,900.00"
2020-12-14,2020121404000967,STC,17,6,20,"5,665.00","113,300.00"
2020-12-14,2020121404000955,STC,49,6,10,"5,665.00","56,650.00"
2020-12-14,2020121404000498,BBC,16,34,80,"2,857.00","228,560.00"
2020-12-14,2020121404000457,BBC,34,57,20,"2,861.00","57,220.00"
2020-12-14,2020121404000443,BBC,7,38,20,"2,851.00","57,020.00"
2020-12-14,2020121404000442,BBC,47,38,10,"2,855.00","28,550.00"
2020-12-14,2020121404000441,BBC,39,38,20,"2,860.00","57,200.00"
2020-12-14,2020121404000426,BBC,47,6,10,"2,855.00","28,550.00"
2020-12-14,2020121404000286,BBC,50,20,10,"2,911.00","29,110.00"
2020-12-14,2020121404000218,BBC,25,36,20,"2,950.00","59,000.00"
2020-12-14,2020121404000217,BBC,50,20,30,"2,960.00","88,800.00"
2020-12-14,2020121404000192,BBC,47,20,15,"2,960.00","44,400.00"
2020-12-14,2020121404000179,BBC,45,22,30,"2,990.00","89,700.00"
2020-12-14,2020121404000177,BBC,35,38,25,"2,950.00","73,750.00"
2020-12-14,2020121404000360,BBC,56,14,20,"2,909.00","58,180.00"
2020-12-14,2020121404000350,BBC,56,46,10,"2,900.00","29,000.00"
2020-12-14,2020121404000338,BBC,38,14,10,"2,896.00","28,960.00"
2020-12-14,2020121404000332,BBC,41,14,15,"2,898.00","43,470.00"
2020-12-14,2020121404000323,BBC,56,55,20,"2,900.00","58,000.00"
2020-12-14,2020121404000302,BBC,39,34,20,"2,910.00","58,200.00"
2020-12-14,2020121404000621,CMF1,42,57,"2,000",10.20,"20,400.00"
2020-12-14,2020121404000620,CMF1,42,6,"1,000",10.20,"10,200.00"
2020-12-14,2020121404000619,CMF1,42,57,400,10.20,"4,080.00"
2020-12-14,2020121404000618,CMF1,42,38,"2,500",10.19,"25,475.00"
2020-12-14,2020121404000617,CMF1,42,17,"5,000",10.19,"50,950.00"
2020-12-14,2020121404000616,CMF1,42,58,"1,000",10.10,"10,100.00"
2020-12-14,2020121404000551,GBD80/81,19,35,25,"1,040.00","26,000.00"
2020-12-14,2020121404000661,GIC,10,37,10,573.00,"5,730.00"
2020-12-14,2020121404000658,GIC,10,35,10,573.00,"5,730.00"
2020-12-14,2020121404000657,GIC,10,36,10,573.00,"5,730.00"
2020-12-14,2020121404000641,GIC,10,56,10,573.00,"5,730.00"
2020-12-14,2020121404000623,GIC,10,56,10,573.00,"5,730.00"
2020-12-14,2020121404000622,GIC,41,39,10,573.00,"5,730.00"
2020-12-14,2020121404000165,GIC,38,25,10,580.00,"5,800.00"
2020-12-14,2020121404000164,GIC,38,58,10,580.00,"5,800.00"
2020-12-14,2020121404000163,GIC,38,48,10,580.00,"5,800.00"
2020-12-14,2020121404000176,GIC,49,22,10,578.00,"5,780.00"
2020-12-14,2020121404000171,GIC,50,35,500,580.00,"290,000.00"
2020-12-14,2020121404000170,GIC,49,1,10,577.00,"5,770.00"
2020-12-14,2020121404000168,GIC,49,34,10,577.00,"5,770.00"
2020-12-14,2020121404000167,GIC,38,36,10,580.00,"5,800.00"
2020-12-14,2020121404000166,GIC,38,48,10,580.00,"5,800.00"
2020-12-14,2020121404000200,GIC,49,38,10,577.00,"5,770.00"
2020-12-14,2020121404000199,GIC,49,49,10,577.00,"5,770.00"
2020-12-14,2020121404000197,GIC,49,47,10,577.00,"5,770.00"
2020-12-14,2020121404000191,GIC,49,39,10,577.00,"5,770.00"
2020-12-14,2020121404000182,GIC,49,16,30,578.00,"17,340.00"
2020-12-14,2020121404000180,GIC,49,50,10,578.00,"5,780.00"
2020-12-14,2020121404000215,GIC,49,38,10,577.00,"5,770.00"
2020-12-14,2020121404000213,GIC,49,49,10,577.00,"5,770.00"
2020-12-14,2020121404000212,GIC,49,38,10,577.00,"5,770.00"
2020-12-14,2020121404000207,GIC,49,17,10,577.00,"5,770.00"
2020-12-14,2020121404000205,GIC,49,35,10,577.00,"5,770.00"
2020-12-14,2020121404000201,GIC,49,36,10,577.00,"5,770.00"
2020-12-14,2020121404000245,GIC,49,38,10,576.00,"5,760.00"
2020-12-14,2020121404000244,GIC,49,33,10,576.00,"5,760.00"
2020-12-14,2020121404000243,GIC,49,58,10,576.00,"5,760.00"
2020-12-14,2020121404000230,GIC,22,33,300,577.00,"173,100.00"
2020-12-14,2020121404000229,GIC,57,33,100,577.00,"57,700.00"
2020-12-14,2020121404000228,GIC,49,33,170,577.00,"98,090.00"
2020-12-14,2020121404000266,GIC,49,58,10,576.00,"5,760.00"
2020-12-14,2020121404000263,GIC,49,38,10,576.00,"5,760.00"
2020-12-14,2020121404000262,GIC,49,38,10,576.00,"5,760.00"
2020-12-14,2020121404000259,GIC,49,38,10,576.00,"5,760.00"
2020-12-14,2020121404000254,GIC,49,38,10,576.00,"5,760.00"
2020-12-14,2020121404000252,GIC,49,38,10,576.00,"5,760.00"
2020-12-14,2020121404000298,GIC,35,8,10,577.00,"5,770.00"
2020-12-14,2020121404000297,GIC,35,38,10,577.00,"5,770.00"
2020-12-14,2020121404000287,GIC,49,50,10,576.00,"5,760.00"
2020-12-14,2020121404000279,GIC,49,38,10,576.00,"5,760.00"
2020-12-14,2020121404000271,GIC,49,41,10,576.00,"5,760.00"
2020-12-14,2020121404000270,GIC,49,8,10,576.00,"5,760.00"
2020-12-14,2020121404000310,GIC,49,6,10,576.00,"5,760.00"
2020-12-14,2020121404000307,GIC,49,46,10,576.00,"5,760.00"
2020-12-14,2020121404000304,GIC,49,42,10,576.00,"5,760.00"
2020-12-14,2020121404000301,GIC,35,56,260,577.00,"150,020.00"
2020-12-14,2020121404000300,GIC,35,13,10,577.00,"5,770.00"
2020-12-14,2020121404000299,GIC,35,45,10,577.00,"5,770.00"
2020-12-14,2020121404000327,GIC,49,26,10,576.00,"5,760.00"
2020-12-14,2020121404000324,GIC,49,32,10,576.00,"5,760.00"
2020-12-14,2020121404000322,GIC,49,26,10,576.00,"5,760.00"
2020-12-14,2020121404000320,GIC,49,59,10,576.00,"5,760.00"
2020-12-14,2020121404000317,GIC,49,33,10,576.00,"5,760.00"
2020-12-14,2020121404000312,GIC,49,50,10,576.00,"5,760.00"
2020-12-14,2020121404000344,GIC,45,38,10,577.00,"5,770.00"
2020-12-14,2020121404000343,GIC,45,29,10,577.00,"5,770.00"
2020-12-14,2020121404000341,GIC,45,34,10,577.00,"5,770.00"
2020-12-14,2020121404000340,GIC,45,21,10,577.00,"5,770.00"
2020-12-14,2020121404000330,GIC,49,38,10,576.00,"5,760.00"
2020-12-14,2020121404000328,GIC,49,38,10,576.00,"5,760.00"
2020-12-14,2020121404000370,GIC,58,3,10,576.00,"5,760.00"
2020-12-14,2020121404000369,GIC,25,43,10,576.00,"5,760.00"
2020-12-14,2020121404000362,GIC,34,38,10,576.00,"5,760.00"
2020-12-14,2020121404000357,GIC,49,43,10,576.00,"5,760.00"
2020-12-14,2020121404000353,GIC,49,38,10,576.00,"5,760.00"
2020-12-14,2020121404000351,GIC,45,38,10,577.00,"5,770.00"
2020-12-14,2020121404000389,GIC,13,46,10,577.00,"5,770.00"
2020-12-14,2020121404000388,GIC,50,54,10,576.00,"5,760.00"
2020-12-14,2020121404000387,GIC,58,21,10,576.00,"5,760.00"
2020-12-14,2020121404000384,GIC,58,54,10,576.00,"5,760.00"
2020-12-14,2020121404000383,GIC,58,22,10,577.00,"5,770.00"
2020-12-14,2020121404000382,GIC,58,37,10,577.00,"5,770.00"
2020-12-14,2020121404000398,GIC,8,33,10,575.00,"5,750.00"
2020-12-14,2020121404000396,GIC,8,51,10,575.00,"5,750.00"
2020-12-14,2020121404000394,GIC,50,32,10,576.00,"5,760.00"
2020-12-14,2020121404000392,GIC,50,17,10,576.00,"5,760.00"
2020-12-14,2020121404000391,GIC,50,46,10,576.00,"5,760.00"
2020-12-14,2020121404000390,GIC,50,54,10,576.00,"5,760.00"
2020-12-14,2020121404000408,GIC,8,51,10,575.00,"5,750.00"
2020-12-14,2020121404000406,GIC,8,3,10,575.00,"5,750.00"
2020-12-14,2020121404000405,GIC,8,51,10,575.00,"5,750.00"
2020-12-14,2020121404000404,GIC,8,32,10,575.00,"5,750.00"
2020-12-14,2020121404000403,GIC,8,51,10,575.00,"5,750.00"
2020-12-14,2020121404000399,GIC,8,51,10,575.00,"5,750.00"
2020-12-14,2020121404000428,GIC,50,36,10,574.00,"5,740.00"
2020-12-14,2020121404000425,GIC,50,36,10,574.00,"5,740.00"
2020-12-14,2020121404000419,GIC,50,1,10,574.00,"5,740.00"
2020-12-14,2020121404000416,GIC,50,51,10,574.00,"5,740.00"
2020-12-14,2020121404000413,GIC,8,57,10,575.00,"5,750.00"
2020-12-14,2020121404000412,GIC,8,34,10,575.00,"5,750.00"
2020-12-14,2020121404000448,GIC,7,48,10,578.00,"5,780.00"
2020-12-14,2020121404000447,GIC,7,48,10,578.00,"5,780.00"
2020-12-14,2020121404000446,GIC,7,46,10,578.00,"5,780.00"
2020-12-14,2020121404000445,GIC,7,41,10,578.00,"5,780.00"
2020-12-14,2020121404000444,GIC,7,59,10,578.00,"5,780.00"
2020-12-14,2020121404000437,GIC,58,48,10,577.00,"5,770.00"
2020-12-14,2020121404000468,GIC,50,45,10,574.00,"5,740.00"
2020-12-14,2020121404000456,GIC,58,29,10,577.00,"5,770.00"
2020-12-14,2020121404000453,GIC,58,57,10,577.00,"5,770.00"
2020-12-14,2020121404000451,GIC,7,19,10,578.00,"5,780.00"
2020-12-14,2020121404000450,GIC,7,48,10,578.00,"5,780.00"
2020-12-14,2020121404000449,GIC,7,48,10,578.00,"5,780.00"
2020-12-14,2020121404000510,GIC,50,49,10,574.00,"5,740.00"
2020-12-14,2020121404000503,GIC,50,26,10,574.00,"5,740.00"
2020-12-14,2020121404000495,GIC,50,8,10,574.00,"5,740.00"
2020-12-14,2020121404000494,GIC,50,3,10,574.00,"5,740.00"
2020-12-14,2020121404000481,GIC,50,35,10,574.00,"5,740.00"
2020-12-14,2020121404000473,GIC,42,58,10,579.00,"5,790.00"
2020-12-14,2020121404000537,GIC,41,41,10,573.00,"5,730.00"
2020-12-14,2020121404000531,GIC,41,10,10,573.00,"5,730.00"
2020-12-14,2020121404000528,GIC,41,35,10,573.00,"5,730.00"
2020-12-14,2020121404000524,GIC,41,41,10,573.00,"5,730.00"
2020-12-14,2020121404000519,GIC,32,41,10,574.00,"5,740.00"
2020-12-14,2020121404000513,GIC,32,34,10,574.00,"5,740.00"
2020-12-14,2020121404000543,GIC,41,41,10,573.00,"5,730.00"
2020-12-14,2020121404000542,GIC,41,43,10,573.00,"5,730.00"
2020-12-14,2020121404000541,GIC,41,58,10,573.00,"5,730.00"
2020-12-14,2020121404000540,GIC,41,29,10,573.00,"5,730.00"
