Date,Transact. No.,Symbol,Buyer,Seller,Quantity,Rate,Amount
2020-07-08,2020070801019426,ADBL,26,57,53,368.00,"19,504.00"
2020-07-08,2020070801019425,ADBL,41,57,14,368.00,"5,152.00"
2020-07-08,2020070801019318,ADBL,41,52,21,368.00,"7,728.00"
2020-07-08,2020070801019507,AHPC,43,6,100,94.00,"9,400.00"
2020-07-08,2020070801019433,AHPC,43,6,100,94.00,"9,400.00"
2020-07-08,2020070801019534,ALICL,16,38,50,585.00,"29,250.00"
2020-07-08,2020070801019492,ALICL,34,38,10,585.00,"5,850.00"
2020-07-08,2020070801019418,BNT,32,17,10,"6,203.00","62,030.00"
2020-07-08,2020070801019297,BNT,34,17,10,"6,203.00","62,030.00"
2020-07-08,2020070801019459,BOKL,49,44,200,215.00,"43,000.00"
2020-07-08,2020070801019131,BOKL,34,44,47,213.00,"10,011.00"
2020-07-08,2020070801019093,BOKL,47,44,500,213.00,"106,500.00"
2020-07-08,2020070801019050,BOKL,25,44,168,213.00,"35,784.00"
2020-07-08,2020070801019049,BOKL,16,44,"2,170",213.00,"462,210.00"
2020-07-08,2020070801019048,BOKL,34,44,115,213.00,"24,495.00"
2020-07-08,2020070801019517,BPCL,6,33,142,360.00,"51,120.00"
2020-07-08,2020070801019516,BPCL,6,50,108,360.00,"38,880.00"
2020-07-08,2020070801019354,CBL,49,8,"1,500",140.00,"210,000.00"
2020-07-08,2020070801019353,CBL,49,8,"1,000",140.00,"140,000.00"
2020-07-08,2020070801019352,CBL,49,48,24,139.00,"3,336.00"
2020-07-08,2020070801019351,CBL,49,25,390,139.00,"54,210.00"
2020-07-08,2020070801019138,CCBL,39,42,17,165.00,"2,805.00"
2020-07-08,2020070801019056,CCBL,32,42,100,165.00,"16,500.00"
2020-07-08,2020070801019055,CCBL,49,42,117,166.00,"19,422.00"
2020-07-08,2020070801019054,CCBL,17,42,63,167.00,"10,521.00"
2020-07-08,2020070801019240,CHCL,45,10,11,380.00,"4,180.00"
2020-07-08,2020070801019522,CIT,34,22,100,"2,425.00","242,500.00"
2020-07-08,2020070801019486,CIT,17,22,29,"2,425.00","70,325.00"
2020-07-08,2020070801019365,CIT,17,35,20,"2,425.00","48,500.00"
2020-07-08,2020070801019326,CIT,17,58,51,"2,425.00","123,675.00"
2020-07-08,2020070801019325,CIT,21,58,10,"2,427.00","24,270.00"
2020-07-08,2020070801019073,CIT,48,37,10,"2,430.00","24,300.00"
2020-07-08,2020070801019066,CIT,56,37,20,"2,435.00","48,700.00"
2020-07-08,2020070801019072,CIT,5,37,50,"2,430.00","121,500.00"
2020-07-08,2020070801019071,CIT,5,37,50,"2,430.00","121,500.00"
2020-07-08,2020070801019070,CIT,45,37,50,"2,430.00","121,500.00"
2020-07-08,2020070801019069,CIT,53,37,200,"2,431.00","486,200.00"
2020-07-08,2020070801019068,CIT,6,37,100,"2,432.00","243,200.00"
2020-07-08,2020070801019067,CIT,26,37,30,"2,433.00","72,990.00"
2020-07-08,2020070801019467,CZBIL,28,40,100,186.00,"18,600.00"
2020-07-08,2020070801019327,CZBIL,19,10,10,186.00,"1,860.00"
2020-07-08,2020070801019420,DDBL,57,28,100,835.00,"83,500.00"
2020-07-08,2020070801019475,EBL,56,28,25,660.00,"16,500.00"
2020-07-08,2020070801019469,EBL,16,28,10,660.00,"6,600.00"
2020-07-08,2020070801019536,FMDBL,38,36,45,513.00,"23,085.00"
2020-07-08,2020070801019236,FMDBL,56,38,100,509.00,"50,900.00"
2020-07-08,2020070801019491,GBIME,48,38,113,243.00,"27,459.00"
2020-07-08,2020070801019490,GBIME,13,38,87,243.00,"21,141.00"
2020-07-08,2020070801019442,GBIME,13,38,13,243.00,"3,159.00"
2020-07-08,2020070801019441,GBIME,6,38,100,243.00,"24,300.00"
2020-07-08,2020070801019440,GBIME,26,38,37,243.00,"8,991.00"
2020-07-08,2020070801019368,GBIME,26,10,12,243.00,"2,916.00"
2020-07-08,2020070801019333,GBIME,13,17,50,244.00,"12,200.00"
2020-07-08,2020070801019264,GBIME,39,17,200,244.00,"48,800.00"
2020-07-08,2020070801019443,GHL,25,58,30,56.00,"1,680.00"
2020-07-08,2020070801019257,GLICL,53,42,22,474.00,"10,428.00"
2020-07-08,2020070801019460,GMFBS,28,51,20,778.00,"15,560.00"
2020-07-08,2020070801019470,HDL,22,38,10,"1,527.00","15,270.00"
2020-07-08,2020070801019416,HDL,49,41,25,"1,525.00","38,125.00"
2020-07-08,2020070801019383,HDL,39,44,15,"1,518.00","22,770.00"
2020-07-08,2020070801019315,HDL,45,48,92,"1,518.00","139,656.00"
2020-07-08,2020070801019314,HDL,42,48,58,"1,518.00","88,044.00"
2020-07-08,2020070801019313,HDL,42,57,140,"1,518.00","212,520.00"
2020-07-08,2020070801019108,HDL,50,48,50,"1,519.00","75,950.00"
2020-07-08,2020070801019094,HDL,42,55,20,"1,518.00","30,360.00"
2020-07-08,2020070801019092,HDL,42,58,400,"1,518.00","607,200.00"
2020-07-08,2020070801019312,HDL,49,57,10,"1,520.00","15,200.00"
2020-07-08,2020070801019260,HDL,49,36,40,"1,520.00","60,800.00"
2020-07-08,2020070801019221,HDL,22,36,10,"1,520.00","15,200.00"
2020-07-08,2020070801019118,HDL,42,46,100,"1,518.00","151,800.00"
2020-07-08,2020070801019110,HDL,42,56,282,"1,518.00","428,076.00"
2020-07-08,2020070801019109,HDL,50,36,90,"1,520.00","136,800.00"
2020-07-08,2020070801019429,HGI,50,33,200,410.00,"82,000.00"
2020-07-08,2020070801019188,HGI,14,59,150,407.00,"61,050.00"
2020-07-08,2020070801019117,HGI,14,22,10,407.00,"4,070.00"
2020-07-08,2020070801019541,HPPL,56,7,20,135.00,"2,700.00"
2020-07-08,2020070801019501,ICFC,57,14,500,180.00,"90,000.00"
2020-07-08,2020070801019500,ICFC,57,6,50,180.00,"9,000.00"
2020-07-08,2020070801019499,ICFC,57,41,288,180.00,"51,840.00"
2020-07-08,2020070801019498,ICFC,57,46,50,180.00,"9,000.00"
2020-07-08,2020070801019496,ICFC,17,52,10,180.00,"1,800.00"
2020-07-08,2020070801019247,ICFC,17,52,10,179.00,"1,790.00"
2020-07-08,2020070801019438,ILBS,36,52,100,744.00,"74,400.00"
2020-07-08,2020070801019437,ILBS,36,13,100,743.00,"74,300.00"
2020-07-08,2020070801019436,ILBS,36,45,25,742.00,"18,550.00"
2020-07-08,2020070801019435,ILBS,36,1,11,740.00,"8,140.00"
2020-07-08,2020070801019434,ILBS,36,57,11,740.00,"8,140.00"
2020-07-08,2020070801019481,JBBL,58,52,20,168.00,"3,360.00"
2020-07-08,2020070801019477,JBBL,52,58,100,166.00,"16,600.00"
2020-07-08,2020070801019405,JBBL,52,58,338,166.00,"56,108.00"
2020-07-08,2020070801019389,JBBL,52,58,119,166.00,"19,754.00"
2020-07-08,2020070801019334,JBBL,39,58,19,166.00,"3,154.00"
2020-07-08,2020070801019444,JOSHI,11,45,20,51.00,"1,020.00"
2020-07-08,2020070801019237,JSLBB,49,57,106,"1,570.00","166,420.00"
2020-07-08,2020070801019390,KBL,10,35,403,189.00,"76,167.00"
2020-07-08,2020070801019250,KBL,10,33,"2,066",189.00,"390,474.00"
2020-07-08,2020070801019116,KBL,10,42,"3,326",191.00,"635,266.00"
2020-07-08,2020070801019505,KMCDB,56,58,230,800.00,"184,000.00"
2020-07-08,2020070801019484,KMCDB,33,4,10,800.00,"8,000.00"
2020-07-08,2020070801019483,KMCDB,33,7,10,794.00,"7,940.00"
2020-07-08,2020070801019427,KMCDB,41,1,10,780.00,"7,800.00"
2020-07-08,2020070801019103,KMCDB,19,13,10,778.00,"7,780.00"
2020-07-08,2020070801019504,KRBL,19,1,100,97.00,"9,700.00"
2020-07-08,2020070801019539,KSBBL,51,37,118,146.00,"17,228.00"
2020-07-08,2020070801019230,LBBL,8,53,100,180.00,"18,000.00"
2020-07-08,2020070801019220,LBBL,8,48,235,180.00,"42,300.00"
2020-07-08,2020070801019219,LBBL,51,48,10,181.00,"1,810.00"
2020-07-08,2020070801019514,LBL,49,21,60,210.00,"12,600.00"
2020-07-08,2020070801019513,LBL,49,25,240,209.00,"50,160.00"
2020-07-08,2020070801019248,LBL,14,35,608,207.00,"125,856.00"
2020-07-08,2020070801019519,LEMF,25,22,200,7.90,"1,580.00"
2020-07-08,2020070801019402,LGIL,5,43,10,452.00,"4,520.00"
2020-07-08,2020070801019401,LGIL,21,43,140,452.00,"63,280.00"
2020-07-08,2020070801019086,LICN,18,59,15,"1,310.00","19,650.00"
2020-07-08,2020070801019085,LICN,34,59,10,"1,310.00","13,100.00"
2020-07-08,2020070801019084,LICN,19,59,50,"1,311.00","65,550.00"
2020-07-08,2020070801019083,LICN,28,59,25,"1,311.00","32,775.00"
2020-07-08,2020070801019487,MBL,35,33,450,217.00,"97,650.00"
2020-07-08,2020070801019332,MBL,6,53,90,216.00,"19,440.00"
2020-07-08,2020070801019331,MBL,14,53,10,216.00,"2,160.00"
2020-07-08,2020070801019113,MBL,48,33,"1,000",217.00,"217,000.00"
2020-07-08,2020070801019409,MEGA,26,6,362,207.00,"74,934.00"
2020-07-08,2020070801019408,MEGA,26,51,538,206.00,"110,828.00"
2020-07-08,2020070801019407,MEGA,26,37,100,206.00,"20,600.00"
2020-07-08,2020070801019137,MEGA,13,29,565,205.00,"115,825.00"
2020-07-08,2020070801019532,MERO,57,28,22,615.00,"13,530.00"
2020-07-08,2020070801019531,MERO,18,28,28,618.00,"17,304.00"
2020-07-08,2020070801019097,MERO,26,28,240,620.00,"148,800.00"
2020-07-08,2020070801019096,MERO,26,28,10,621.00,"6,210.00"
2020-07-08,2020070801019349,MFIL,6,52,10,285.00,"2,850.00"
2020-07-08,2020070801019186,MFIL,55,48,60,275.00,"16,500.00"
2020-07-08,2020070801019130,MFIL,41,48,100,275.00,"27,500.00"
2020-07-08,2020070801019129,MFIL,42,48,40,276.00,"11,040.00"
2020-07-08,2020070801019115,MFIL,42,48,100,280.00,"28,000.00"
2020-07-08,2020070801019298,MLBBL,5,26,20,667.00,"13,340.00"
2020-07-08,2020070801019091,MLBL,49,16,"3,000",183.00,"549,000.00"
2020-07-08,2020070801019090,MLBL,6,16,500,183.00,"91,500.00"
2020-07-08,2020070801019089,MLBL,6,16,340,183.00,"62,220.00"
2020-07-08,2020070801019450,MNBBL,14,44,55,305.00,"16,775.00"
2020-07-08,2020070801019399,MNBBL,14,47,81,305.00,"24,705.00"
2020-07-08,2020070801019398,MNBBL,14,47,93,305.00,"28,365.00"
2020-07-08,2020070801019397,MNBBL,14,47,26,305.00,"7,930.00"
2020-07-08,2020070801019396,MNBBL,14,47,78,305.00,"23,790.00"
2020-07-08,2020070801019395,MNBBL,14,48,52,305.00,"15,860.00"
2020-07-08,2020070801019217,MNBBL,28,42,150,302.00,"45,300.00"
2020-07-08,2020070801019216,MNBBL,29,42,180,302.00,"54,360.00"
2020-07-08,2020070801019319,MNBBL,25,48,20,305.00,"6,100.00"
2020-07-08,2020070801019268,MNBBL,47,53,100,302.00,"30,200.00"
2020-07-08,2020070801019263,MNBBL,25,48,12,305.00,"3,660.00"
2020-07-08,2020070801019527,MSMBS,19,16,128,680.00,"87,040.00"
2020-07-08,2020070801019526,MSMBS,19,16,11,680.00,"7,480.00"
2020-07-08,2020070801019525,MSMBS,19,57,20,680.00,"13,600.00"
2020-07-08,2020070801019524,MSMBS,19,32,30,679.00,"20,370.00"
2020-07-08,2020070801019523,MSMBS,19,8,11,675.00,"7,425.00"
2020-07-08,2020070801019367,MSMBS,41,52,34,672.00,"22,848.00"
2020-07-08,2020070801019366,MSMBS,41,45,20,672.00,"13,440.00"
2020-07-08,2020070801019350,NABIL,39,53,50,741.00,"37,050.00"
2020-07-08,2020070801019262,NABIL,26,45,25,744.00,"18,600.00"
2020-07-08,2020070801019224,NADEP,42,5,92,590.00,"54,280.00"
2020-07-08,2020070801019223,NADEP,14,5,74,590.00,"43,660.00"
2020-07-08,2020070801019521,NBL,59,10,"1,000",242.00,"242,000.00"
2020-07-08,2020070801019520,NBL,43,10,25,242.00,"6,050.00"
2020-07-08,2020070801019463,NBL,18,52,76,243.00,"18,468.00"
2020-07-08,2020070801019462,NBL,18,10,"1,200",243.00,"291,600.00"
2020-07-08,2020070801019461,NBL,18,58,"1,724",243.00,"418,932.00"
2020-07-08,2020070801019404,NBL,43,58,"2,000",242.00,"484,000.00"
2020-07-08,2020070801019341,NBL,29,58,125,243.00,"30,375.00"
2020-07-08,2020070801019503,NCCB,43,33,50,185.00,"9,250.00"
2020-07-08,2020070801019265,NCCB,33,33,20,185.00,"3,700.00"
2020-07-08,2020070801019204,NCCB,38,53,100,183.00,"18,300.00"
2020-07-08,2020070801019120,NEF,34,32,100,8.30,830.00
2020-07-08,2020070801019400,NIB,25,33,85,440.00,"37,400.00"
2020-07-08,2020070801019252,NIB,16,35,60,435.00,"26,100.00"
2020-07-08,2020070801019199,NIB,16,29,200,435.00,"87,000.00"
2020-07-08,2020070801019195,NIB,16,44,667,435.00,"290,145.00"
2020-07-08,2020070801019194,NIB,34,44,35,435.00,"15,225.00"
2020-07-08,2020070801019193,NIB,13,44,20,435.00,"8,700.00"
2020-07-08,2020070801019042,NIB,14,7,49,438.00,"21,462.00"
2020-07-08,2020070801019192,NIB,59,44,150,435.00,"65,250.00"
2020-07-08,2020070801019191,NIB,45,44,100,435.00,"43,500.00"
2020-07-08,2020070801019190,NIB,48,44,182,435.00,"79,170.00"
2020-07-08,2020070801019187,NIB,14,25,500,439.00,"219,500.00"
2020-07-08,2020070801019105,NIB,48,44,322,435.00,"140,070.00"
2020-07-08,2020070801019104,NIB,22,44,700,435.00,"304,500.00"
2020-07-08,2020070801019381,NICL,34,33,10,435.00,"4,350.00"
2020-07-08,2020070801019307,NICL,45,35,650,430.00,"279,500.00"
2020-07-08,2020070801019306,NICL,57,35,100,432.00,"43,200.00"
2020-07-08,2020070801019305,NICL,44,35,250,435.00,"108,750.00"
2020-07-08,2020070801019196,NICL,44,6,50,435.00,"21,750.00"
2020-07-08,2020070801019099,NICL,49,6,40,435.00,"17,400.00"
2020-07-08,2020070801019058,NICL,49,38,50,435.00,"21,750.00"
2020-07-08,2020070801019388,NIL,58,44,16,596.00,"9,536.00"
2020-07-08,2020070801019387,NIL,46,44,209,597.00,"124,773.00"
2020-07-08,2020070801019256,NIL,46,36,791,597.00,"472,227.00"
2020-07-08,2020070801019255,NIL,52,36,100,599.00,"59,900.00"
2020-07-08,2020070801019254,NIL,14,36,50,599.00,"29,950.00"
2020-07-08,2020070801019253,NIL,25,36,59,600.00,"35,400.00"
2020-07-08,2020070801019244,NIL,25,58,41,600.00,"24,600.00"
2020-07-08,2020070801019243,NIL,33,58,259,600.00,"155,400.00"
2020-07-08,2020070801019185,NIL,33,53,100,600.00,"60,000.00"
2020-07-08,2020070801019457,NLBBL,35,19,200,715.00,"143,000.00"
2020-07-08,2020070801019456,NLBBL,35,35,200,714.00,"142,800.00"
2020-07-08,2020070801019464,NLIC,33,25,10,"1,212.00","12,120.00"
2020-07-08,2020070801019371,NLIC,42,49,35,"1,210.00","42,350.00"
2020-07-08,2020070801019370,NLIC,57,49,62,"1,210.00","75,020.00"
2020-07-08,2020070801019369,NLIC,35,49,300,"1,211.00","363,300.00"
2020-07-08,2020070801019228,NLIC,35,50,200,"1,211.00","242,200.00"
2020-07-08,2020070801019077,NLIC,57,48,38,"1,210.00","45,980.00"
2020-07-08,2020070801019076,NLIC,57,48,100,"1,210.00","121,000.00"
2020-07-08,2020070801019075,NLIC,14,48,50,"1,210.00","60,500.00"
2020-07-08,2020070801019074,NLIC,41,48,12,"1,210.00","14,520.00"
2020-07-08,2020070801019377,NLICL,36,16,50,675.00,"33,750.00"
2020-07-08,2020070801019267,NLICL,36,28,100,675.00,"67,500.00"
2020-07-08,2020070801019465,NMB,26,28,50,389.00,"19,450.00"
2020-07-08,2020070801019415,NMB,52,28,17,389.00,"6,613.00"
2020-07-08,2020070801019414,NMB,52,39,266,389.00,"103,474.00"
2020-07-08,2020070801019259,NMB,59,39,234,389.00,"91,026.00"
2020-07-08,2020070801019258,NMB,59,58,16,389.00,"6,224.00"
2020-07-08,2020070801019126,NMB,6,58,10,389.00,"3,890.00"
2020-07-08,2020070801019123,NMB,54,53,100,388.00,"38,800.00"
2020-07-08,2020070801019095,NMB,54,42,107,388.00,"41,516.00"
2020-07-08,2020070801019375,NMBMF,37,55,21,743.00,"15,603.00"
2020-07-08,2020070801019374,NMBMF,37,14,16,743.00,"11,888.00"
2020-07-08,2020070801019373,NMBMF,37,26,63,743.00,"46,809.00"
2020-07-08,2020070801019538,NRIC,40,58,40,508.00,"20,320.00"
2020-07-08,2020070801019537,NRIC,40,39,40,508.00,"20,320.00"
2020-07-08,2020070801019535,NRIC,40,28,40,508.00,"20,320.00"
2020-07-08,2020070801019529,NRIC,40,14,40,508.00,"20,320.00"
2020-07-08,2020070801019528,NRIC,40,39,40,508.00,"20,320.00"
2020-07-08,2020070801019518,NRIC,40,40,40,508.00,"20,320.00"
2020-07-08,2020070801019046,NRIC,58,43,40,505.00,"20,200.00"
2020-07-08,2020070801019045,NRIC,45,48,40,506.00,"20,240.00"
2020-07-08,2020070801019044,NRIC,58,14,40,505.00,"20,200.00"
2020-07-08,2020070801019064,NRIC,28,32,40,507.00,"20,280.00"
2020-07-08,2020070801019063,NRIC,28,32,40,507.00,"20,280.00"
2020-07-08,2020070801019062,NRIC,28,44,40,507.00,"20,280.00"
2020-07-08,2020070801019061,NRIC,28,32,20,507.00,"10,140.00"
2020-07-08,2020070801019060,NRIC,28,48,40,506.00,"20,240.00"
2020-07-08,2020070801019047,NRIC,51,6,10,506.00,"5,060.00"
2020-07-08,2020070801019106,NRIC,16,5,30,506.00,"15,180.00"
2020-07-08,2020070801019102,NRIC,45,5,10,506.00,"5,060.00"
2020-07-08,2020070801019088,NRIC,58,6,10,505.00,"5,050.00"
2020-07-08,2020070801019079,NRIC,58,37,10,505.00,"5,050.00"
2020-07-08,2020070801019078,NRIC,51,37,30,506.00,"15,180.00"
2020-07-08,2020070801019065,NRIC,28,10,20,507.00,"10,140.00"
2020-07-08,2020070801019125,NRIC,58,40,40,505.00,"20,200.00"
2020-07-08,2020070801019122,NRIC,58,22,50,505.00,"25,250.00"
2020-07-08,2020070801019119,NRIC,58,26,40,505.00,"20,200.00"
2020-07-08,2020070801019112,NRIC,58,28,40,505.00,"20,200.00"
2020-07-08,2020070801019111,NRIC,58,14,40,505.00,"20,200.00"
2020-07-08,2020070801019107,NRIC,16,35,20,506.00,"10,120.00"
2020-07-08,2020070801019136,NRIC,38,6,10,505.00,"5,050.00"
2020-07-08,2020070801019135,NRIC,38,41,50,505.00,"25,250.00"
2020-07-08,2020070801019133,NRIC,38,34,420,505.00,"212,100.00"
2020-07-08,2020070801019132,NRIC,6,34,80,505.00,"40,400.00"
2020-07-08,2020070801019128,NRIC,6,28,20,505.00,"10,100.00"
2020-07-08,2020070801019127,NRIC,58,28,20,505.00,"10,100.00"
2020-07-08,2020070801019144,NRIC,42,57,50,506.00,"25,300.00"
2020-07-08,2020070801019143,NRIC,42,28,50,506.00,"25,300.00"
2020-07-08,2020070801019142,NRIC,42,59,40,506.00,"20,240.00"
2020-07-08,2020070801019141,NRIC,42,35,10,506.00,"5,060.00"
2020-07-08,2020070801019140,NRIC,16,26,30,505.00,"15,150.00"
2020-07-08,2020070801019139,NRIC,38,26,10,505.00,"5,050.00"
2020-07-08,2020070801019150,NRIC,42,10,40,507.00,"20,280.00"
2020-07-08,2020070801019149,NRIC,42,10,40,507.00,"20,280.00"
2020-07-08,2020070801019148,NRIC,42,10,50,507.00,"25,350.00"
2020-07-08,2020070801019147,NRIC,42,10,40,507.00,"20,280.00"
2020-07-08,2020070801019146,NRIC,42,10,20,507.00,"10,140.00"
2020-07-08,2020070801019145,NRIC,42,13,30,507.00,"15,210.00"
2020-07-08,2020070801019156,NRIC,42,10,40,507.00,"20,280.00"
2020-07-08,2020070801019155,NRIC,42,10,40,507.00,"20,280.00"
2020-07-08,2020070801019154,NRIC,42,10,50,507.00,"25,350.00"
2020-07-08,2020070801019153,NRIC,42,10,40,507.00,"20,280.00"
2020-07-08,2020070801019152,NRIC,42,10,40,507.00,"20,280.00"
2020-07-08,2020070801019151,NRIC,42,10,40,507.00,"20,280.00"
2020-07-08,2020070801019162,NRIC,42,10,40,507.00,"20,280.00"
2020-07-08,2020070801019161,NRIC,42,10,50,507.00,"25,350.00"
2020-07-08,2020070801019160,NRIC,42,10,50,507.00,"25,350.00"
2020-07-08,2020070801019159,NRIC,42,10,50,507.00,"25,350.00"
2020-07-08,2020070801019158,NRIC,42,10,50,507.00,"25,350.00"
2020-07-08,2020070801019157,NRIC,42,10,40,507.00,"20,280.00"
2020-07-08,2020070801019168,NRIC,42,28,40,508.00,"20,320.00"
2020-07-08,2020070801019167,NRIC,42,28,40,508.00,"20,320.00"
2020-07-08,2020070801019166,NRIC,42,44,50,508.00,"25,400.00"
2020-07-08,2020070801019165,NRIC,42,10,40,507.00,"20,280.00"
2020-07-08,2020070801019164,NRIC,42,10,40,507.00,"20,280.00"
2020-07-08,2020070801019163,NRIC,42,10,50,507.00,"25,350.00"
2020-07-08,2020070801019175,NRIC,42,8,50,509.00,"25,450.00"
2020-07-08,2020070801019174,NRIC,42,14,40,509.00,"20,360.00"
2020-07-08,2020070801019172,NRIC,42,47,40,509.00,"20,360.00"
2020-07-08,2020070801019171,NRIC,42,47,40,509.00,"20,360.00"
2020-07-08,2020070801019170,NRIC,42,47,40,509.00,"20,360.00"
2020-07-08,2020070801019169,NRIC,42,21,20,508.00,"10,160.00"
2020-07-08,2020070801019207,NRIC,13,47,30,510.00,"15,300.00"
2020-07-08,2020070801019206,NRIC,13,41,30,510.00,"15,300.00"
2020-07-08,2020070801019205,NRIC,42,32,40,509.00,"20,360.00"
2020-07-08,2020070801019202,NRIC,42,39,40,509.00,"20,360.00"
2020-07-08,2020070801019201,NRIC,42,47,40,509.00,"20,360.00"
2020-07-08,2020070801019200,NRIC,42,28,40,509.00,"20,360.00"
2020-07-08,2020070801019214,NRIC,42,28,40,509.00,"20,360.00"
2020-07-08,2020070801019213,NRIC,42,43,40,509.00,"20,360.00"
2020-07-08,2020070801019212,NRIC,42,41,10,509.00,"5,090.00"
2020-07-08,2020070801019211,NRIC,42,22,40,509.00,"20,360.00"
2020-07-08,2020070801019210,NRIC,42,49,30,509.00,"15,270.00"
2020-07-08,2020070801019208,NRIC,42,39,40,509.00,"20,360.00"
2020-07-08,2020070801019233,NRIC,40,26,50,509.00,"25,450.00"
2020-07-08,2020070801019232,NRIC,40,14,40,509.00,"20,360.00"
2020-07-08,2020070801019231,NRIC,40,47,40,509.00,"20,360.00"
2020-07-08,2020070801019227,NRIC,6,34,"4,730",504.00,"2,383,920.00"
2020-07-08,2020070801019226,NRIC,16,34,20,505.00,"10,100.00"
2020-07-08,2020070801019225,NRIC,42,34,250,509.00,"127,250.00"
2020-07-08,2020070801019261,NRIC,40,16,50,509.00,"25,450.00"
2020-07-08,2020070801019251,NRIC,40,26,40,509.00,"20,360.00"
2020-07-08,2020070801019249,NRIC,40,56,40,509.00,"20,360.00"
2020-07-08,2020070801019242,NRIC,40,39,40,509.00,"20,360.00"
2020-07-08,2020070801019241,NRIC,40,35,30,509.00,"15,270.00"
2020-07-08,2020070801019234,NRIC,40,22,40,509.00,"20,360.00"
2020-07-08,2020070801019274,NRIC,20,29,40,510.00,"20,400.00"
2020-07-08,2020070801019273,NRIC,20,29,40,510.00,"20,400.00"
2020-07-08,2020070801019272,NRIC,20,39,50,510.00,"25,500.00"
2020-07-08,2020070801019271,NRIC,20,29,40,510.00,"20,400.00"
2020-07-08,2020070801019270,NRIC,20,37,50,510.00,"25,500.00"
2020-07-08,2020070801019269,NRIC,20,47,10,510.00,"5,100.00"
2020-07-08,2020070801019280,NRIC,20,29,40,510.00,"20,400.00"
2020-07-08,2020070801019279,NRIC,20,29,40,510.00,"20,400.00"
2020-07-08,2020070801019278,NRIC,20,29,40,510.00,"20,400.00"
2020-07-08,2020070801019277,NRIC,20,5,50,510.00,"25,500.00"
2020-07-08,2020070801019276,NRIC,20,29,50,510.00,"25,500.00"
2020-07-08,2020070801019275,NRIC,20,29,40,510.00,"20,400.00"
2020-07-08,2020070801019288,NRIC,40,29,40,510.00,"20,400.00"
2020-07-08,2020070801019287,NRIC,40,29,50,510.00,"25,500.00"
2020-07-08,2020070801019286,NRIC,40,29,50,510.00,"25,500.00"
2020-07-08,2020070801019285,NRIC,40,29,40,510.00,"20,400.00"
2020-07-08,2020070801019284,NRIC,40,29,40,510.00,"20,400.00"
2020-07-08,2020070801019281,NRIC,20,29,10,510.00,"5,100.00"
2020-07-08,2020070801019294,NRIC,40,29,40,510.00,"20,400.00"
2020-07-08,2020070801019293,NRIC,40,25,10,510.00,"5,100.00"
2020-07-08,2020070801019292,NRIC,40,29,50,510.00,"25,500.00"
2020-07-08,2020070801019291,NRIC,40,29,40,510.00,"20,400.00"
2020-07-08,2020070801019290,NRIC,40,29,40,510.00,"20,400.00"
2020-07-08,2020070801019289,NRIC,40,29,50,510.00,"25,500.00"
2020-07-08,2020070801019302,NRIC,32,46,40,510.00,"20,400.00"
2020-07-08,2020070801019301,NRIC,32,29,40,510.00,"20,400.00"
2020-07-08,2020070801019300,NRIC,32,29,40,510.00,"20,400.00"
2020-07-08,2020070801019299,NRIC,32,29,30,510.00,"15,300.00"
2020-07-08,2020070801019296,NRIC,40,29,10,510.00,"5,100.00"
2020-07-08,2020070801019295,NRIC,40,29,40,510.00,"20,400.00"
2020-07-08,2020070801019317,NRIC,40,25,40,509.00,"20,360.00"
2020-07-08,2020070801019316,NRIC,40,39,50,509.00,"25,450.00"
2020-07-08,2020070801019311,NRIC,40,6,10,509.00,"5,090.00"
2020-07-08,2020070801019308,NRIC,40,48,20,509.00,"10,180.00"
2020-07-08,2020070801019304,NRIC,40,4,20,509.00,"10,180.00"
2020-07-08,2020070801019303,NRIC,40,35,30,509.00,"15,270.00"
2020-07-08,2020070801019344,NRIC,51,39,40,507.00,"20,280.00"
2020-07-08,2020070801019343,NRIC,51,35,30,507.00,"15,210.00"
2020-07-08,2020070801019330,NRIC,40,58,40,509.00,"20,360.00"
2020-07-08,2020070801019329,NRIC,40,39,40,509.00,"20,360.00"
2020-07-08,2020070801019328,NRIC,40,14,40,509.00,"20,360.00"
2020-07-08,2020070801019324,NRIC,40,14,40,509.00,"20,360.00"
2020-07-08,2020070801019360,NRIC,26,21,40,510.00,"20,400.00"
2020-07-08,2020070801019359,NRIC,26,6,10,509.00,"5,090.00"
2020-07-08,2020070801019358,NRIC,26,46,50,509.00,"25,450.00"
2020-07-08,2020070801019357,NRIC,26,47,50,509.00,"25,450.00"
2020-07-08,2020070801019356,NRIC,51,22,40,507.00,"20,280.00"
2020-07-08,2020070801019348,NRIC,51,39,40,507.00,"20,280.00"
2020-07-08,2020070801019382,NRIC,51,35,30,507.00,"15,210.00"
2020-07-08,2020070801019376,NRIC,51,14,40,507.00,"20,280.00"
2020-07-08,2020070801019372,NRIC,51,39,40,507.00,"20,280.00"
2020-07-08,2020070801019364,NRIC,51,5,40,507.00,"20,280.00"
2020-07-08,2020070801019362,NRIC,26,21,10,510.00,"5,100.00"
2020-07-08,2020070801019361,NRIC,26,21,40,510.00,"20,400.00"
2020-07-08,2020070801019411,NRIC,38,17,10,509.00,"5,090.00"
2020-07-08,2020070801019410,NRIC,38,34,20,508.00,"10,160.00"
2020-07-08,2020070801019394,NRIC,51,11,10,507.00,"5,070.00"
2020-07-08,2020070801019393,NRIC,51,39,40,507.00,"20,280.00"
2020-07-08,2020070801019391,NRIC,51,39,40,507.00,"20,280.00"
2020-07-08,2020070801019384,NRIC,51,8,40,507.00,"20,280.00"
2020-07-08,2020070801019439,NRIC,51,14,40,507.00,"20,280.00"
2020-07-08,2020070801019428,NRIC,51,39,40,507.00,"20,280.00"
2020-07-08,2020070801019423,NRIC,51,57,40,507.00,"20,280.00"
2020-07-08,2020070801019422,NRIC,51,28,40,507.00,"20,280.00"
2020-07-08,2020070801019413,NRIC,38,51,10,509.00,"5,090.00"
2020-07-08,2020070801019412,NRIC,38,6,10,509.00,"5,090.00"
2020-07-08,2020070801019474,NRIC,51,28,50,507.00,"25,350.00"
2020-07-08,2020070801019472,NRIC,51,57,40,507.00,"20,280.00"
2020-07-08,2020070801019471,NRIC,10,16,10,508.00,"5,080.00"
2020-07-08,2020070801019468,NRIC,51,22,40,507.00,"20,280.00"
2020-07-08,2020070801019458,NRIC,51,39,40,507.00,"20,280.00"
2020-07-08,2020070801019451,NRIC,51,39,40,507.00,"20,280.00"
2020-07-08,2020070801019495,NRIC,51,35,50,507.00,"25,350.00"
2020-07-08,2020070801019485,NRIC,51,53,40,507.00,"20,280.00"
2020-07-08,2020070801019482,NRIC,45,14,40,509.00,"20,360.00"
2020-07-08,2020070801019480,NRIC,45,51,30,509.00,"15,270.00"
2020-07-08,2020070801019479,NRIC,45,16,30,508.00,"15,240.00"
2020-07-08,2020070801019478,NRIC,51,8,50,507.00,"25,350.00"
2020-07-08,2020070801019511,NRIC,40,8,50,508.00,"25,400.00"
2020-07-08,2020070801019510,NRIC,40,39,40,508.00,"20,320.00"
2020-07-08,2020070801019509,NRIC,40,39,40,508.00,"20,320.00"
2020-07-08,2020070801019508,NRIC,40,39,30,508.00,"15,240.00"
2020-07-08,2020070801019502,NRIC,45,39,10,508.00,"5,080.00"
2020-07-08,2020070801019497,NRIC,51,56,40,507.00,"20,280.00"
2020-07-08,2020070801019363,NTC,11,48,55,622.00,"34,210.00"
2020-07-08,2020070801019222,NTC,11,48,345,622.00,"214,590.00"
2020-07-08,2020070801019203,PCBL,52,28,950,248.00,"235,600.00"
2020-07-08,2020070801019173,PCBL,52,28,"1,000",248.00,"248,000.00"
2020-07-08,2020070801019114,PCBL,52,53,100,248.00,"24,800.00"
2020-07-08,2020070801019184,PIC,48,36,154,595.00,"91,630.00"
2020-07-08,2020070801019183,PIC,5,36,156,595.00,"92,820.00"
2020-07-08,2020070801019182,PIC,36,36,29,595.00,"17,255.00"
2020-07-08,2020070801019181,PIC,53,36,100,596.00,"59,600.00"
2020-07-08,2020070801019180,PIC,26,36,60,596.00,"35,760.00"
2020-07-08,2020070801019179,PIC,34,36,50,597.00,"29,850.00"
2020-07-08,2020070801019178,PIC,48,36,200,600.00,"120,000.00"
2020-07-08,2020070801019177,PIC,54,36,39,600.00,"23,400.00"
2020-07-08,2020070801019176,PIC,10,36,212,606.00,"128,472.00"
2020-07-08,2020070801019310,PICL,46,42,180,461.00,"82,980.00"
2020-07-08,2020070801019309,PICL,1,42,20,462.00,"9,240.00"
2020-07-08,2020070801019466,PLIC,58,45,50,529.00,"26,450.00"
2020-07-08,2020070801019246,PLIC,6,45,28,529.00,"14,812.00"
2020-07-08,2020070801019043,PLIC,6,57,300,529.00,"158,700.00"
2020-07-08,2020070801019448,PRIN,45,36,250,456.00,"114,000.00"
2020-07-08,2020070801019447,PRIN,41,36,250,460.00,"115,000.00"
2020-07-08,2020070801019446,PRIN,57,36,500,460.00,"230,000.00"
2020-07-08,2020070801019424,PRIN,29,36,10,464.00,"4,640.00"
2020-07-08,2020070801019320,PRIN,29,36,12,464.00,"5,568.00"
2020-07-08,2020070801019406,PRVU,28,16,15,230.00,"3,450.00"
2020-07-08,2020070801019101,PRVU,5,53,50,228.00,"11,400.00"
2020-07-08,2020070801019100,PRVU,35,53,50,229.00,"11,450.00"
2020-07-08,2020070801019392,RHPL,48,22,40,149.00,"5,960.00"
2020-07-08,2020070801019355,RHPL,48,16,40,149.00,"5,960.00"
2020-07-08,2020070801019282,RHPL,48,22,40,149.00,"5,960.00"
2020-07-08,2020070801019378,RMDC,34,47,10,645.00,"6,450.00"
2020-07-08,2020070801019080,RMDC,57,41,65,637.00,"41,405.00"
2020-07-08,2020070801019245,RSDC,46,34,411,498.00,"204,678.00"
2020-07-08,2020070801019493,SANIMA,46,44,21,320.00,"6,720.00"
2020-07-08,2020070801019476,SAPDBL,42,14,115,123.00,"14,145.00"
2020-07-08,2020070801019342,SBI,35,13,"2,000",409.00,"818,000.00"
2020-07-08,2020070801019229,SBI,35,29,363,408.00,"148,104.00"
2020-07-08,2020070801019081,SBI,35,53,50,408.00,"20,400.00"
2020-07-08,2020070801019053,SBI,35,42,382,408.00,"155,856.00"
2020-07-08,2020070801019506,SBL,58,52,29,292.00,"8,468.00"
2020-07-08,2020070801019432,SBL,8,47,175,292.00,"51,100.00"
2020-07-08,2020070801019431,SBL,8,47,500,292.00,"146,000.00"
2020-07-08,2020070801019430,SBL,8,47,250,292.00,"73,000.00"
2020-07-08,2020070801019340,SBL,59,47,55,291.00,"16,005.00"
2020-07-08,2020070801019339,SBL,59,47,21,291.00,"6,111.00"
2020-07-08,2020070801019338,SBL,59,47,53,291.00,"15,423.00"
2020-07-08,2020070801019337,SBL,59,47,103,291.00,"29,973.00"
2020-07-08,2020070801019336,SBL,59,47,23,291.00,"6,693.00"
2020-07-08,2020070801019335,SBL,59,14,218,291.00,"63,438.00"
2020-07-08,2020070801019345,SEF,44,44,100,8.87,887.00
2020-07-08,2020070801019455,SHIVM,52,38,590,590.00,"348,100.00"
2020-07-08,2020070801019454,SHIVM,42,38,560,590.00,"330,400.00"
2020-07-08,2020070801019453,SHIVM,14,38,50,591.00,"29,550.00"
2020-07-08,2020070801019283,SHIVM,42,48,700,590.00,"413,000.00"
2020-07-08,2020070801019098,SHIVM,42,4,100,590.00,"59,000.00"
2020-07-08,2020070801019057,SHIVM,56,50,10,595.00,"5,950.00"
2020-07-08,2020070801019347,SHL,43,28,500,161.00,"80,500.00"
2020-07-08,2020070801019346,SHL,43,28,500,160.00,"80,000.00"
2020-07-08,2020070801019323,SHPC,58,39,"1,000",215.00,"215,000.00"
2020-07-08,2020070801019239,SHPC,16,25,100,214.00,"21,400.00"
2020-07-08,2020070801019238,SHPC,16,49,16,214.00,"3,424.00"
2020-07-08,2020070801019386,SICL,35,58,180,"1,000.00","180,000.00"
2020-07-08,2020070801019209,SICL,56,58,20,"1,000.00","20,000.00"
2020-07-08,2020070801019121,SIL,49,44,100,578.00,"57,800.00"
2020-07-08,2020070801019421,SJCL,45,22,20,139.00,"2,780.00"
2020-07-08,2020070801019533,SKBBL,26,14,90,"1,197.00","107,730.00"
2020-07-08,2020070801019515,SKBBL,38,33,"1,000","1,205.00","1,205,000.00"
2020-07-08,2020070801019403,SKBBL,38,34,15,"1,200.00","18,000.00"
2020-07-08,2020070801019051,SKBBL,53,40,100,"1,198.00","119,800.00"
2020-07-08,2020070801019512,SLBBL,58,55,20,859.00,"17,180.00"
2020-07-08,2020070801019266,SLBSL,42,11,10,856.00,"8,560.00"
2020-07-08,2020070801019489,SLICL,11,42,210,450.00,"94,500.00"
2020-07-08,2020070801019488,SLICL,11,34,90,450.00,"40,500.00"
2020-07-08,2020070801019452,SLICL,46,34,10,450.00,"4,500.00"
2020-07-08,2020070801019322,SLICL,26,59,321,445.00,"142,845.00"
2020-07-08,2020070801019321,SLICL,48,59,79,445.00,"35,155.00"
2020-07-08,2020070801019059,SLICL,48,29,271,445.00,"120,595.00"
2020-07-08,2020070801019385,SMFBS,34,55,10,930.00,"9,300.00"
2020-07-08,2020070801019235,SMFBS,34,8,10,914.00,"9,140.00"
2020-07-08,2020070801019218,SMFBS,34,52,10,931.00,"9,310.00"
2020-07-08,2020070801019540,SPDL,45,45,300,100.00,"30,000.00"
2020-07-08,2020070801019494,SPDL,45,6,25,102.00,"2,550.00"
2020-07-08,2020070801019198,SRBL,56,45,38,229.00,"8,702.00"
2020-07-08,2020070801019197,SRBL,56,45,12,229.00,"2,748.00"
2020-07-08,2020070801019380,STC,33,51,10,"2,800.00","28,000.00"
2020-07-08,2020070801019379,STC,33,52,10,"2,759.00","27,590.00"
2020-07-08,2020070801019473,SWBBL,36,6,500,"1,150.00","575,000.00"
2020-07-08,2020070801019419,SWBBL,58,52,51,"1,137.00","57,987.00"
2020-07-08,2020070801019417,TMDBL,1,57,500,180.00,"90,000.00"
2020-07-08,2020070801019530,TRH,35,25,10,200.00,"2,000.00"
2020-07-08,2020070801019445,UFL,16,6,100,166.00,"16,600.00"
2020-07-08,2020070801019134,UIC,38,50,929,370.00,"343,730.00"
2020-07-08,2020070801019087,UIC,41,50,71,371.00,"26,341.00"
2020-07-08,2020070801019082,UIC,41,33,910,371.00,"337,610.00"
2020-07-08,2020070801019052,UIC,41,14,36,371.00,"13,356.00"
2020-07-08,2020070801019449,UPPER,1,44,10,232.00,"2,320.00"
2020-07-08,2020070801019189,UPPER,1,42,90,232.00,"20,880.00"
2020-07-08,2020070801019215,VLBS,34,52,13,954.00,"12,402.00"
2020-07-08,2020070801019124,VLBS,7,13,500,955.00,"477,500.00"
2020-07-08,2020070801018790,ADBL,46,48,146,365.00,"53,290.00"
2020-07-08,2020070801018789,ADBL,36,48,50,365.00,"18,250.00"
2020-07-08,2020070801018788,ADBL,44,48,100,365.00,"36,500.00"
2020-07-08,2020070801018787,ADBL,56,48,336,365.00,"122,640.00"
2020-07-08,2020070801018786,ADBL,6,48,30,366.00,"10,980.00"
2020-07-08,2020070801018785,ADBL,51,48,10,366.00,"3,660.00"
2020-07-08,2020070801018570,AHPC,59,35,330,93.00,"30,690.00"
2020-07-08,2020070801018874,AKPL,8,48,"2,832",116.00,"328,512.00"
2020-07-08,2020070801018873,AKPL,59,48,500,116.00,"58,000.00"
2020-07-08,2020070801018872,AKPL,17,48,792,116.00,"91,872.00"
2020-07-08,2020070801018871,AKPL,45,48,100,117.00,"11,700.00"
2020-07-08,2020070801018870,AKPL,38,48,76,117.00,"8,892.00"
2020-07-08,2020070801019010,ALICL,16,16,50,581.00,"29,050.00"
2020-07-08,2020070801018928,ALICL,16,16,50,581.00,"29,050.00"
2020-07-08,2020070801018927,ALICL,25,16,100,582.00,"58,200.00"
2020-07-08,2020070801018650,ALICL,47,38,100,585.00,"58,500.00"
2020-07-08,2020070801018979,API,25,45,20,108.00,"2,160.00"
2020-07-08,2020070801018743,BOKL,22,44,100,215.00,"21,500.00"
2020-07-08,2020070801018598,BOKL,22,6,120,215.00,"25,800.00"
2020-07-08,2020070801018597,BOKL,22,25,120,215.00,"25,800.00"
2020-07-08,2020070801018590,BOKL,34,35,168,213.00,"35,784.00"
2020-07-08,2020070801018629,BPCL,46,52,50,355.00,"17,750.00"
2020-07-08,2020070801018912,CBBL,44,13,100,"1,015.00","101,500.00"
2020-07-08,2020070801018595,CBBL,38,35,25,"1,015.00","25,375.00"
2020-07-08,2020070801018825,CBL,45,8,"1,000",140.00,"140,000.00"
2020-07-08,2020070801018555,CBL,49,8,484,140.00,"67,760.00"
2020-07-08,2020070801019004,CCBL,17,32,37,167.00,"6,179.00"
2020-07-08,2020070801019003,CCBL,49,32,"1,163",168.00,"195,384.00"
2020-07-08,2020070801018982,CHCL,1,25,97,382.00,"37,054.00"
2020-07-08,2020070801018726,CHCL,45,59,200,380.00,"76,000.00"
2020-07-08,2020070801018792,CIT,56,35,180,"2,435.00","438,300.00"
2020-07-08,2020070801018641,CIT,45,38,19,"2,440.00","46,360.00"
2020-07-08,2020070801018640,CIT,33,38,50,"2,440.00","122,000.00"
2020-07-08,2020070801018639,CIT,35,38,10,"2,440.00","24,400.00"
2020-07-08,2020070801018638,CIT,17,38,11,"2,442.00","26,862.00"
2020-07-08,2020070801018652,CLBSL,58,22,10,699.00,"6,990.00"
2020-07-08,2020070801018576,CLBSL,19,16,100,680.00,"68,000.00"
2020-07-08,2020070801018575,CMF1,41,7,"9,000",9.18,"82,620.00"
2020-07-08,2020070801018738,CZBIL,19,48,90,186.00,"16,740.00"
2020-07-08,2020070801018737,CZBIL,38,48,"2,000",186.00,"372,000.00"
2020-07-08,2020070801018736,CZBIL,34,48,100,186.00,"18,600.00"
2020-07-08,2020070801018735,CZBIL,34,48,200,186.00,"37,200.00"
2020-07-08,2020070801018734,CZBIL,45,48,100,186.00,"18,600.00"
2020-07-08,2020070801018733,CZBIL,42,48,10,186.00,"1,860.00"
2020-07-08,2020070801018732,CZBIL,34,48,"1,000",187.00,"187,000.00"
2020-07-08,2020070801018606,CZBIL,34,40,500,188.00,"94,000.00"
2020-07-08,2020070801018592,CZBIL,34,55,500,188.00,"94,000.00"
2020-07-08,2020070801019002,EBL,46,16,975,650.00,"633,750.00"
2020-07-08,2020070801019001,EBL,38,16,20,650.00,"13,000.00"
2020-07-08,2020070801019000,EBL,56,16,50,653.00,"32,650.00"
2020-07-08,2020070801018999,EBL,56,16,30,653.00,"19,590.00"
2020-07-08,2020070801018998,EBL,22,16,315,655.00,"206,325.00"
2020-07-08,2020070801018997,EBL,48,16,50,655.00,"32,750.00"
2020-07-08,2020070801018996,EBL,14,16,300,656.00,"196,800.00"
2020-07-08,2020070801018995,EBL,38,16,200,656.00,"131,200.00"
2020-07-08,2020070801018994,EBL,56,16,11,657.00,"7,227.00"
2020-07-08,2020070801018993,EBL,42,16,19,657.00,"12,483.00"
2020-07-08,2020070801018992,EBL,26,16,30,657.00,"19,710.00"
2020-07-08,2020070801018843,EIC,47,16,450,405.00,"182,250.00"
2020-07-08,2020070801018842,EIC,55,16,50,406.00,"20,300.00"
2020-07-08,2020070801018755,EIC,51,7,60,407.00,"24,420.00"
2020-07-08,2020070801018958,FMDBL,56,25,20,512.00,"10,240.00"
2020-07-08,2020070801018824,FMDBL,38,49,172,506.00,"87,032.00"
2020-07-08,2020070801018823,FMDBL,16,49,100,506.00,"50,600.00"
2020-07-08,2020070801018822,FMDBL,52,49,188,507.00,"95,316.00"
2020-07-08,2020070801018821,FMDBL,46,49,300,508.00,"152,400.00"
2020-07-08,2020070801018820,FMDBL,38,49,90,508.00,"45,720.00"
2020-07-08,2020070801018706,FMDBL,38,21,58,508.00,"29,464.00"
2020-07-08,2020070801018776,GBBL,42,43,500,219.00,"109,500.00"
2020-07-08,2020070801018605,GBBL,45,43,300,219.00,"65,700.00"
2020-07-08,2020070801018574,GBBL,45,48,500,219.00,"109,500.00"
2020-07-08,2020070801018682,GBIME,8,17,348,244.00,"84,912.00"
2020-07-08,2020070801018655,GBIME,8,17,"1,000",244.00,"244,000.00"
2020-07-08,2020070801018628,GBIME,8,35,152,243.00,"36,936.00"
2020-07-08,2020070801018562,GBIME,26,35,151,243.00,"36,693.00"
2020-07-08,2020070801018561,GBIME,45,35,80,243.00,"19,440.00"
2020-07-08,2020070801018560,GBIME,56,35,50,245.00,"12,250.00"
2020-07-08,2020070801018549,GBIME,56,44,50,245.00,"12,250.00"
2020-07-08,2020070801018906,GILB,41,28,100,"1,248.00","124,800.00"
2020-07-08,2020070801018565,GILB,32,13,200,"1,260.00","252,000.00"
2020-07-08,2020070801018612,GLBSL,39,7,10,621.00,"6,210.00"
2020-07-08,2020070801019013,GLICL,10,42,50,474.00,"23,700.00"
2020-07-08,2020070801019012,GLICL,59,42,100,474.00,"47,400.00"
2020-07-08,2020070801019011,GLICL,49,42,28,480.00,"13,440.00"
2020-07-08,2020070801018961,GLICL,25,34,30,482.00,"14,460.00"
2020-07-08,2020070801018571,GLICL,49,39,22,475.00,"10,450.00"
2020-07-08,2020070801018633,GMFBS,35,7,10,763.00,"7,630.00"
2020-07-08,2020070801018582,GMFBS,28,19,21,775.00,"16,275.00"
2020-07-08,2020070801018784,HBL,35,25,"1,413",521.00,"736,173.00"
2020-07-08,2020070801018783,HBL,35,25,210,522.00,"109,620.00"
2020-07-08,2020070801018782,HBL,17,25,77,523.00,"40,271.00"
2020-07-08,2020070801018725,HBL,17,20,23,523.00,"12,029.00"
2020-07-08,2020070801019016,HDL,39,48,50,"1,519.00","75,950.00"
2020-07-08,2020070801019005,HDL,59,14,700,"1,519.00","1,063,300.00"
2020-07-08,2020070801018991,HDL,1,36,10,"1,520.00","15,200.00"
2020-07-08,2020070801018981,HDL,59,51,50,"1,519.00","75,950.00"
2020-07-08,2020070801018833,HDL,59,55,100,"1,519.00","151,900.00"
2020-07-08,2020070801018622,HDL,59,58,150,"1,519.00","227,850.00"
2020-07-08,2020070801018621,HDL,14,58,100,"1,519.00","151,900.00"
2020-07-08,2020070801018620,HDL,50,58,50,"1,519.00","75,950.00"
2020-07-08,2020070801018553,HDL,19,36,50,"1,520.00","76,000.00"
2020-07-08,2020070801018669,HGI,38,35,300,410.00,"123,000.00"
2020-07-08,2020070801018668,HGI,38,33,320,410.00,"131,200.00"
2020-07-08,2020070801018667,HGI,38,38,110,410.00,"45,100.00"
2020-07-08,2020070801018678,ICFC,57,52,10,177.00,"1,770.00"
2020-07-08,2020070801018797,ILBS,57,41,100,738.00,"73,800.00"
2020-07-08,2020070801018796,ILBS,57,59,11,735.00,"8,085.00"
2020-07-08,2020070801018795,ILBS,57,7,11,724.00,"7,964.00"
2020-07-08,2020070801018881,JBBL,14,58,362,166.00,"60,092.00"
2020-07-08,2020070801018876,JBBL,14,52,138,166.00,"22,908.00"
2020-07-08,2020070801018828,JBBL,14,36,500,166.00,"83,000.00"
2020-07-08,2020070801018763,JFL,34,21,13,154.00,"2,002.00"
2020-07-08,2020070801019014,KBL,49,42,"1,674",191.00,"319,734.00"
2020-07-08,2020070801018922,KBL,49,42,200,191.00,"38,200.00"
2020-07-08,2020070801018681,KBL,49,26,126,191.00,"24,066.00"
2020-07-08,2020070801018949,KMCDB,10,38,16,790.00,"12,640.00"
2020-07-08,2020070801018923,KMCDB,19,1,10,778.00,"7,780.00"
2020-07-08,2020070801018886,KMCDB,19,1,10,778.00,"7,780.00"
2020-07-08,2020070801018830,KMCDB,19,6,10,778.00,"7,780.00"
2020-07-08,2020070801018800,KMCDB,25,38,10,790.00,"7,900.00"
2020-07-08,2020070801018799,KMCDB,19,1,10,778.00,"7,780.00"
2020-07-08,2020070801018718,KMCDB,57,1,10,778.00,"7,780.00"
2020-07-08,2020070801018670,KMCDB,57,1,10,778.00,"7,780.00"
2020-07-08,2020070801018613,KMCDB,57,1,10,778.00,"7,780.00"
2020-07-08,2020070801018548,KMCDB,57,1,10,778.00,"7,780.00"
2020-07-08,2020070801018773,KSBBL,51,14,82,146.00,"11,972.00"
2020-07-08,2020070801018751,LBL,49,21,448,210.00,"94,080.00"
2020-07-08,2020070801018930,LGIL,21,57,60,452.00,"27,120.00"
2020-07-08,2020070801018929,LGIL,48,57,140,455.00,"63,700.00"
2020-07-08,2020070801018568,LGIL,26,44,10,458.00,"4,580.00"
2020-07-08,2020070801018759,LICN,19,14,100,"1,323.00","132,300.00"
2020-07-08,2020070801018758,LICN,42,14,10,"1,325.00","13,250.00"
2020-07-08,2020070801018745,MBL,41,33,50,218.00,"10,900.00"
2020-07-08,2020070801018601,MBL,14,33,500,217.00,"108,500.00"
2020-07-08,2020070801018600,MBL,14,33,500,217.00,"108,500.00"
2020-07-08,2020070801018599,MBL,55,33,250,217.00,"54,250.00"
2020-07-08,2020070801018869,MDB,26,7,25,321.00,"8,025.00"
2020-07-08,2020070801018611,MDB,26,7,10,321.00,"3,210.00"
2020-07-08,2020070801019028,MEGA,13,28,249,205.00,"51,045.00"
2020-07-08,2020070801018941,MEGA,6,6,34,207.00,"7,038.00"
2020-07-08,2020070801018940,MEGA,6,43,66,207.00,"13,662.00"
2020-07-08,2020070801018712,MEGA,28,6,"1,000",206.00,"206,000.00"
2020-07-08,2020070801018711,MEGA,38,6,"1,000",206.00,"206,000.00"
2020-07-08,2020070801018710,MEGA,22,6,200,206.00,"41,200.00"
2020-07-08,2020070801018666,MEGA,32,43,134,207.00,"27,738.00"
2020-07-08,2020070801018627,MEGA,32,35,311,207.00,"64,377.00"
2020-07-08,2020070801018626,MEGA,32,48,110,207.00,"22,770.00"
2020-07-08,2020070801018714,MEGA,14,6,500,206.00,"103,000.00"
2020-07-08,2020070801018713,MEGA,28,6,"1,000",206.00,"206,000.00"
2020-07-08,2020070801018677,MLBBL,5,35,24,667.00,"16,008.00"
2020-07-08,2020070801018676,MLBBL,7,35,15,679.00,"10,185.00"
2020-07-08,2020070801019030,MLBL,6,26,160,183.00,"29,280.00"
2020-07-08,2020070801019029,MLBL,58,26,340,183.00,"62,220.00"
2020-07-08,2020070801018700,MNBBL,29,48,70,302.00,"21,140.00"
2020-07-08,2020070801018699,MNBBL,45,48,250,302.00,"75,500.00"
2020-07-08,2020070801018698,MNBBL,6,48,100,302.00,"30,200.00"
2020-07-08,2020070801018697,MNBBL,6,48,100,302.00,"30,200.00"
2020-07-08,2020070801018696,MNBBL,6,48,100,303.00,"30,300.00"
2020-07-08,2020070801018695,MNBBL,35,48,130,303.00,"39,390.00"
2020-07-08,2020070801018694,MNBBL,42,48,10,303.00,"3,030.00"
2020-07-08,2020070801018693,MNBBL,8,48,80,303.00,"24,240.00"
2020-07-08,2020070801018692,MNBBL,35,48,50,304.00,"15,200.00"
2020-07-08,2020070801018691,MNBBL,6,48,100,304.00,"30,400.00"
2020-07-08,2020070801018690,MNBBL,42,48,10,304.00,"3,040.00"
2020-07-08,2020070801018704,NABIL,35,6,"1,129",744.00,"839,976.00"
2020-07-08,2020070801018631,NABIL,17,33,155,740.00,"114,700.00"
2020-07-08,2020070801018675,NBB,44,46,144,198.00,"28,512.00"
2020-07-08,2020070801018674,NBB,44,10,238,197.00,"46,886.00"
2020-07-08,2020070801018673,NBB,44,44,251,197.00,"49,447.00"
2020-07-08,2020070801018672,NBB,44,7,100,196.00,"19,600.00"
2020-07-08,2020070801018671,NBB,44,43,767,196.00,"150,332.00"
2020-07-08,2020070801019031,NBL,33,58,100,243.00,"24,300.00"
2020-07-08,2020070801018942,NBL,43,58,"2,975",242.00,"719,950.00"
2020-07-08,2020070801018826,NBL,1,58,25,242.00,"6,050.00"
2020-07-08,2020070801018754,NBL,1,16,275,242.00,"66,550.00"
2020-07-08,2020070801018746,NBL,33,58,100,243.00,"24,300.00"
2020-07-08,2020070801018722,NBL,44,26,150,242.00,"36,300.00"
2020-07-08,2020070801018721,NBL,44,48,"1,792",242.00,"433,664.00"
2020-07-08,2020070801018637,NBL,7,48,58,242.00,"14,036.00"
2020-07-08,2020070801018891,NCCB,38,35,435,183.00,"79,605.00"
2020-07-08,2020070801018890,NCCB,45,35,300,183.00,"54,900.00"
2020-07-08,2020070801018889,NCCB,47,35,100,184.00,"18,400.00"
2020-07-08,2020070801018888,NCCB,55,35,135,184.00,"24,840.00"
2020-07-08,2020070801018741,NCCB,13,33,11,185.00,"2,035.00"
2020-07-08,2020070801018654,NCCB,41,33,60,185.00,"11,100.00"
2020-07-08,2020070801018653,NCCB,49,33,200,185.00,"37,000.00"
2020-07-08,2020070801018980,NIB,48,48,400,435.00,"174,000.00"
2020-07-08,2020070801018905,NIB,38,7,30,438.00,"13,140.00"
2020-07-08,2020070801018774,NIBPO,8,58,"1,731",360.00,"623,160.00"
2020-07-08,2020070801019007,NICA,57,28,200,505.00,"101,000.00"
2020-07-08,2020070801018978,NICL,49,22,10,435.00,"4,350.00"
2020-07-08,2020070801018947,NICL,49,22,900,435.00,"391,500.00"
2020-07-08,2020070801018848,NICL,57,22,100,435.00,"43,500.00"
2020-07-08,2020070801018885,NIL,33,58,100,600.00,"60,000.00"
2020-07-08,2020070801018847,NIL,33,26,100,600.00,"60,000.00"
2020-07-08,2020070801018816,NIL,33,21,56,600.00,"33,600.00"
2020-07-08,2020070801018762,NIL,33,14,100,600.00,"60,000.00"
2020-07-08,2020070801018739,NIL,33,53,100,600.00,"60,000.00"
2020-07-08,2020070801018687,NIL,33,39,185,600.00,"111,000.00"
2020-07-08,2020070801018686,NIL,33,39,100,600.00,"60,000.00"
2020-07-08,2020070801018685,NIL,50,39,30,600.00,"18,000.00"
2020-07-08,2020070801018684,NIL,21,39,85,600.00,"51,000.00"
2020-07-08,2020070801018683,NIL,13,39,100,601.00,"60,100.00"
2020-07-08,2020070801019040,NLIC,41,29,88,"1,210.00","106,480.00"
2020-07-08,2020070801019039,NLIC,29,29,30,"1,210.00","36,300.00"
2020-07-08,2020070801019038,NLIC,17,29,50,"1,210.00","60,500.00"
2020-07-08,2020070801019037,NLIC,35,29,100,"1,210.00","121,000.00"
2020-07-08,2020070801019036,NLIC,18,29,150,"1,210.00","181,500.00"
2020-07-08,2020070801019035,NLIC,41,29,45,"1,210.00","54,450.00"
2020-07-08,2020070801018557,NLIC,32,55,45,"1,212.00","54,540.00"
2020-07-08,2020070801018724,NLIC,45,22,10,"1,211.00","12,110.00"
2020-07-08,2020070801018723,NLIC,38,22,181,"1,211.00","219,191.00"
2020-07-08,2020070801018715,NLIC,38,7,22,"1,211.00","26,642.00"
2020-07-08,2020070801018689,NLIC,38,14,275,"1,211.00","333,025.00"
2020-07-08,2020070801018688,NLIC,48,14,25,"1,212.00","30,300.00"
2020-07-08,2020070801018558,NLIC,48,55,55,"1,212.00","66,660.00"
2020-07-08,2020070801019034,NLIC,16,29,12,"1,210.00","14,520.00"
2020-07-08,2020070801019033,NLIC,1,29,25,"1,212.00","30,300.00"
2020-07-08,2020070801018920,NLIC,44,22,25,"1,212.00","30,300.00"
2020-07-08,2020070801018839,NLIC,33,22,44,"1,211.00","53,284.00"
2020-07-08,2020070801018814,NLIC,16,48,100,"1,210.00","121,000.00"
2020-07-08,2020070801018794,NLIC,16,42,42,"1,210.00","50,820.00"
2020-07-08,2020070801018918,NLICL,45,42,121,675.00,"81,675.00"
2020-07-08,2020070801018926,NMB,17,58,100,389.00,"38,900.00"
2020-07-08,2020070801018742,NMB,54,21,317,388.00,"122,996.00"
2020-07-08,2020070801018663,NMB,32,21,135,388.00,"52,380.00"
2020-07-08,2020070801018662,NMB,32,52,100,388.00,"38,800.00"
2020-07-08,2020070801018661,NMB,32,48,265,388.00,"102,820.00"
2020-07-08,2020070801018547,NMB,26,48,50,388.00,"19,400.00"
2020-07-08,2020070801018952,NMFBS,33,34,10,"1,515.00","15,150.00"
2020-07-08,2020070801019041,NRIC,58,56,40,505.00,"20,200.00"
2020-07-08,2020070801019032,NRIC,58,39,40,505.00,"20,200.00"
2020-07-08,2020070801019027,NRIC,58,6,10,505.00,"5,050.00"
2020-07-08,2020070801019025,NRIC,58,8,40,505.00,"20,200.00"
2020-07-08,2020070801019024,NRIC,58,28,40,505.00,"20,200.00"
2020-07-08,2020070801019021,NRIC,45,40,40,503.00,"20,120.00"
2020-07-08,2020070801018544,NRIC,28,49,20,503.00,"10,060.00"
2020-07-08,2020070801018543,NRIC,28,19,40,503.00,"20,120.00"
2020-07-08,2020070801018559,NRIC,28,29,50,503.00,"25,150.00"
2020-07-08,2020070801018554,NRIC,28,46,40,503.00,"20,120.00"
2020-07-08,2020070801018551,NRIC,28,28,40,503.00,"20,120.00"
2020-07-08,2020070801018550,NRIC,28,57,30,503.00,"15,090.00"
2020-07-08,2020070801018546,NRIC,28,51,40,503.00,"20,120.00"
2020-07-08,2020070801018545,NRIC,28,22,40,503.00,"20,120.00"
2020-07-08,2020070801018584,NRIC,6,29,40,502.00,"20,080.00"
2020-07-08,2020070801018572,NRIC,28,1,40,503.00,"20,120.00"
2020-07-08,2020070801018569,NRIC,28,21,40,503.00,"20,120.00"
2020-07-08,2020070801018567,NRIC,28,49,40,503.00,"20,120.00"
2020-07-08,2020070801018564,NRIC,28,42,40,503.00,"20,120.00"
2020-07-08,2020070801018563,NRIC,28,22,40,503.00,"20,120.00"
2020-07-08,2020070801018593,NRIC,6,48,40,502.00,"20,080.00"
2020-07-08,2020070801018591,NRIC,6,17,40,502.00,"20,080.00"
2020-07-08,2020070801018589,NRIC,6,22,50,502.00,"25,100.00"
2020-07-08,2020070801018587,NRIC,6,28,40,502.00,"20,080.00"
2020-07-08,2020070801018586,NRIC,6,45,30,502.00,"15,060.00"
2020-07-08,2020070801018585,NRIC,7,22,50,503.00,"25,150.00"
2020-07-08,2020070801018615,NRIC,6,29,50,502.00,"25,100.00"
2020-07-08,2020070801018614,NRIC,6,19,50,502.00,"25,100.00"
2020-07-08,2020070801018610,NRIC,6,16,50,502.00,"25,100.00"
2020-07-08,2020070801018609,NRIC,6,38,40,502.00,"20,080.00"
2020-07-08,2020070801018607,NRIC,6,42,40,502.00,"20,080.00"
2020-07-08,2020070801018596,NRIC,6,47,50,502.00,"25,100.00"
2020-07-08,2020070801018642,NRIC,6,46,40,502.00,"20,080.00"
2020-07-08,2020070801018636,NRIC,6,21,40,502.00,"20,080.00"
2020-07-08,2020070801018635,NRIC,6,16,50,502.00,"25,100.00"
2020-07-08,2020070801018634,NRIC,6,45,40,502.00,"20,080.00"
2020-07-08,2020070801018630,NRIC,6,17,50,502.00,"25,100.00"
2020-07-08,2020070801018623,NRIC,6,22,40,502.00,"20,080.00"
2020-07-08,2020070801018657,NRIC,33,13,40,503.00,"20,120.00"
2020-07-08,2020070801018656,NRIC,6,43,20,502.00,"10,040.00"
2020-07-08,2020070801018651,NRIC,6,49,40,502.00,"20,080.00"
2020-07-08,2020070801018649,NRIC,6,42,40,502.00,"20,080.00"
2020-07-08,2020070801018648,NRIC,6,28,50,502.00,"25,100.00"
2020-07-08,2020070801018646,NRIC,6,51,40,502.00,"20,080.00"
2020-07-08,2020070801018680,NRIC,33,16,50,503.00,"25,150.00"
2020-07-08,2020070801018679,NRIC,33,19,50,503.00,"25,150.00"
2020-07-08,2020070801018665,NRIC,33,29,40,503.00,"20,120.00"
2020-07-08,2020070801018660,NRIC,33,22,40,503.00,"20,120.00"
2020-07-08,2020070801018659,NRIC,33,22,40,503.00,"20,120.00"
2020-07-08,2020070801018658,NRIC,33,58,40,503.00,"20,120.00"
2020-07-08,2020070801018708,NRIC,33,22,10,503.00,"5,030.00"
2020-07-08,2020070801018707,NRIC,33,58,40,503.00,"20,120.00"
2020-07-08,2020070801018705,NRIC,33,39,40,503.00,"20,120.00"
2020-07-08,2020070801018703,NRIC,33,51,40,503.00,"20,120.00"
2020-07-08,2020070801018702,NRIC,33,39,30,503.00,"15,090.00"
2020-07-08,2020070801018701,NRIC,33,50,40,503.00,"20,120.00"
2020-07-08,2020070801018728,NRIC,59,38,40,503.00,"20,120.00"
2020-07-08,2020070801018727,NRIC,59,7,40,503.00,"20,120.00"
2020-07-08,2020070801018720,NRIC,59,48,50,503.00,"25,150.00"
2020-07-08,2020070801018717,NRIC,59,29,50,503.00,"25,150.00"
2020-07-08,2020070801018716,NRIC,59,28,40,503.00,"20,120.00"
2020-07-08,2020070801018709,NRIC,59,22,30,503.00,"15,090.00"
2020-07-08,2020070801018753,NRIC,6,28,50,502.00,"25,100.00"
2020-07-08,2020070801018752,NRIC,6,39,10,502.00,"5,020.00"
2020-07-08,2020070801018744,NRIC,6,16,40,502.00,"20,080.00"
2020-07-08,2020070801018740,NRIC,6,59,40,502.00,"20,080.00"
2020-07-08,2020070801018731,NRIC,6,29,40,502.00,"20,080.00"
2020-07-08,2020070801018730,NRIC,6,58,50,502.00,"25,100.00"
2020-07-08,2020070801018768,NRIC,55,3,30,503.00,"15,090.00"
2020-07-08,2020070801018767,NRIC,55,58,40,503.00,"20,120.00"
2020-07-08,2020070801018766,NRIC,55,28,50,503.00,"25,150.00"
2020-07-08,2020070801018764,NRIC,6,29,40,502.00,"20,080.00"
2020-07-08,2020070801018761,NRIC,6,39,50,502.00,"25,100.00"
2020-07-08,2020070801018760,NRIC,6,19,40,502.00,"20,080.00"
2020-07-08,2020070801018791,NRIC,42,16,50,503.00,"25,150.00"
2020-07-08,2020070801018781,NRIC,42,25,40,503.00,"20,120.00"
2020-07-08,2020070801018780,NRIC,42,28,50,503.00,"25,150.00"
2020-07-08,2020070801018772,NRIC,42,51,40,503.00,"20,120.00"
2020-07-08,2020070801018770,NRIC,55,39,50,504.00,"25,200.00"
2020-07-08,2020070801018769,NRIC,55,13,30,503.00,"15,090.00"
2020-07-08,2020070801018806,NRIC,28,56,40,504.00,"20,160.00"
2020-07-08,2020070801018805,NRIC,28,56,40,504.00,"20,160.00"
2020-07-08,2020070801018804,NRIC,28,33,40,504.00,"20,160.00"
2020-07-08,2020070801018803,NRIC,28,58,40,504.00,"20,160.00"
2020-07-08,2020070801018802,NRIC,28,39,160,504.00,"80,640.00"
2020-07-08,2020070801018801,NRIC,42,39,40,503.00,"20,120.00"
2020-07-08,2020070801018812,NRIC,42,29,30,503.00,"15,090.00"
2020-07-08,2020070801018811,NRIC,28,29,20,504.00,"10,080.00"
2020-07-08,2020070801018810,NRIC,28,56,40,504.00,"20,160.00"
2020-07-08,2020070801018809,NRIC,28,11,40,504.00,"20,160.00"
2020-07-08,2020070801018808,NRIC,28,56,40,504.00,"20,160.00"
2020-07-08,2020070801018807,NRIC,28,56,40,504.00,"20,160.00"
2020-07-08,2020070801018832,NRIC,42,16,40,503.00,"20,120.00"
2020-07-08,2020070801018831,NRIC,42,19,40,503.00,"20,120.00"
2020-07-08,2020070801018827,NRIC,42,44,50,503.00,"25,150.00"
2020-07-08,2020070801018819,NRIC,19,7,20,504.00,"10,080.00"
2020-07-08,2020070801018815,NRIC,19,56,40,504.00,"20,160.00"
2020-07-08,2020070801018813,NRIC,42,39,30,503.00,"15,090.00"
2020-07-08,2020070801018855,NRIC,14,59,20,505.00,"10,100.00"
2020-07-08,2020070801018854,NRIC,14,53,20,505.00,"10,100.00"
2020-07-08,2020070801018851,NRIC,28,6,40,504.00,"20,160.00"
2020-07-08,2020070801018850,NRIC,28,29,40,504.00,"20,160.00"
2020-07-08,2020070801018838,NRIC,28,22,40,504.00,"20,160.00"
2020-07-08,2020070801018835,NRIC,28,51,40,504.00,"20,160.00"
2020-07-08,2020070801018861,NRIC,40,59,20,505.00,"10,100.00"
2020-07-08,2020070801018860,NRIC,40,7,40,505.00,"20,200.00"
2020-07-08,2020070801018859,NRIC,40,7,40,505.00,"20,200.00"
2020-07-08,2020070801018858,NRIC,40,7,40,505.00,"20,200.00"
2020-07-08,2020070801018857,NRIC,40,7,40,505.00,"20,200.00"
2020-07-08,2020070801018856,NRIC,40,7,40,505.00,"20,200.00"
2020-07-08,2020070801018867,NRIC,40,33,50,505.00,"25,250.00"
2020-07-08,2020070801018866,NRIC,40,7,40,505.00,"20,200.00"
2020-07-08,2020070801018865,NRIC,40,7,40,505.00,"20,200.00"
2020-07-08,2020070801018864,NRIC,40,7,40,505.00,"20,200.00"
2020-07-08,2020070801018863,NRIC,40,59,40,505.00,"20,200.00"
2020-07-08,2020070801018862,NRIC,40,40,40,505.00,"20,200.00"
2020-07-08,2020070801018880,NRIC,28,21,40,504.00,"20,160.00"
2020-07-08,2020070801018879,NRIC,28,19,40,504.00,"20,160.00"
2020-07-08,2020070801018878,NRIC,28,11,40,504.00,"20,160.00"
2020-07-08,2020070801018877,NRIC,28,16,40,504.00,"20,160.00"
2020-07-08,2020070801018875,NRIC,28,51,40,504.00,"20,160.00"
2020-07-08,2020070801018868,NRIC,40,55,30,505.00,"15,150.00"
2020-07-08,2020070801018896,NRIC,40,7,40,505.00,"20,200.00"
2020-07-08,2020070801018895,NRIC,40,7,40,505.00,"20,200.00"
2020-07-08,2020070801018894,NRIC,40,55,10,505.00,"5,050.00"
2020-07-08,2020070801018893,NRIC,40,7,40,505.00,"20,200.00"
2020-07-08,2020070801018892,NRIC,40,7,40,505.00,"20,200.00"
2020-07-08,2020070801018887,NRIC,28,51,40,504.00,"20,160.00"
2020-07-08,2020070801018902,NRIC,40,19,40,505.00,"20,200.00"
2020-07-08,2020070801018901,NRIC,40,41,50,505.00,"25,250.00"
2020-07-08,2020070801018900,NRIC,40,22,20,505.00,"10,100.00"
2020-07-08,2020070801018899,NRIC,40,50,40,505.00,"20,200.00"
2020-07-08,2020070801018898,NRIC,40,37,50,505.00,"25,250.00"
2020-07-08,2020070801018897,NRIC,40,7,40,505.00,"20,200.00"
2020-07-08,2020070801018913,NRIC,28,19,10,504.00,"5,040.00"
2020-07-08,2020070801018909,NRIC,28,29,40,504.00,"20,160.00"
2020-07-08,2020070801018908,NRIC,28,28,50,504.00,"25,200.00"
2020-07-08,2020070801018907,NRIC,40,3,10,505.00,"5,050.00"
2020-07-08,2020070801018904,NRIC,40,7,40,505.00,"20,200.00"
2020-07-08,2020070801018903,NRIC,40,19,40,505.00,"20,200.00"
2020-07-08,2020070801018943,NRIC,42,58,40,503.00,"20,120.00"
2020-07-08,2020070801018925,NRIC,58,35,50,504.00,"25,200.00"
2020-07-08,2020070801018917,NRIC,50,35,150,504.00,"75,600.00"
2020-07-08,2020070801018916,NRIC,6,35,"5,000",504.00,"2,520,000.00"
2020-07-08,2020070801018915,NRIC,28,35,470,504.00,"236,880.00"
2020-07-08,2020070801018914,NRIC,28,19,30,504.00,"15,120.00"
2020-07-08,2020070801018951,NRIC,38,44,40,503.00,"20,120.00"
2020-07-08,2020070801018950,NRIC,51,41,40,503.00,"20,120.00"
2020-07-08,2020070801018948,NRIC,51,29,50,503.00,"25,150.00"
2020-07-08,2020070801018946,NRIC,51,36,30,503.00,"15,090.00"
2020-07-08,2020070801018945,NRIC,42,36,10,503.00,"5,030.00"
2020-07-08,2020070801018944,NRIC,42,26,40,503.00,"20,120.00"
2020-07-08,2020070801018960,NRIC,45,26,40,503.00,"20,120.00"
2020-07-08,2020070801018957,NRIC,45,28,40,503.00,"20,120.00"
2020-07-08,2020070801018956,NRIC,45,36,20,503.00,"10,060.00"
2020-07-08,2020070801018955,NRIC,38,36,20,503.00,"10,060.00"
2020-07-08,2020070801018954,NRIC,38,46,40,503.00,"20,120.00"
2020-07-08,2020070801018953,NRIC,40,35,"1,330",504.00,"670,320.00"
2020-07-08,2020070801018967,NRIC,28,7,40,506.00,"20,240.00"
2020-07-08,2020070801018966,NRIC,28,1,40,506.00,"20,240.00"
2020-07-08,2020070801018965,NRIC,28,4,40,506.00,"20,240.00"
2020-07-08,2020070801018964,NRIC,28,3,20,505.00,"10,100.00"
2020-07-08,2020070801018963,NRIC,28,7,40,505.00,"20,200.00"
2020-07-08,2020070801018962,NRIC,28,19,50,504.00,"25,200.00"
2020-07-08,2020070801018973,NRIC,28,29,40,506.00,"20,240.00"
2020-07-08,2020070801018972,NRIC,28,47,40,506.00,"20,240.00"
2020-07-08,2020070801018971,NRIC,28,47,40,506.00,"20,240.00"
2020-07-08,2020070801018970,NRIC,28,47,50,506.00,"25,300.00"
2020-07-08,2020070801018969,NRIC,28,49,50,506.00,"25,300.00"
2020-07-08,2020070801018968,NRIC,28,47,40,506.00,"20,240.00"
2020-07-08,2020070801019020,NRIC,45,28,10,505.00,"5,050.00"
2020-07-08,2020070801019006,NRIC,45,14,40,505.00,"20,200.00"
2020-07-08,2020070801018990,NRIC,45,39,40,503.00,"20,120.00"
2020-07-08,2020070801018988,NRIC,45,19,40,503.00,"20,120.00"
2020-07-08,2020070801018975,NRIC,45,14,30,503.00,"15,090.00"
2020-07-08,2020070801018974,NRIC,28,14,10,506.00,"5,060.00"
2020-07-08,2020070801019019,NTC,11,58,155,622.00,"96,410.00"
2020-07-08,2020070801019018,NTC,42,58,10,625.00,"6,250.00"
2020-07-08,2020070801019017,NTC,42,58,10,625.00,"6,250.00"
2020-07-08,2020070801018647,NTC,33,58,25,626.00,"15,650.00"
2020-07-08,2020070801019023,NUBL,5,35,100,960.00,"96,000.00"
2020-07-08,2020070801019022,NUBL,14,35,21,965.00,"20,265.00"
2020-07-08,2020070801019015,PCBL,52,35,212,248.00,"52,576.00"
2020-07-08,2020070801018983,PCBL,52,28,"1,500",248.00,"372,000.00"
2020-07-08,2020070801018853,PCBL,52,56,500,248.00,"124,000.00"
2020-07-08,2020070801018852,PCBL,13,56,100,248.00,"24,800.00"
2020-07-08,2020070801018793,PCBL,45,28,50,249.00,"12,450.00"
2020-07-08,2020070801018556,PCBL,49,28,81,249.00,"20,169.00"
2020-07-08,2020070801018779,PIC,10,39,13,606.00,"7,878.00"
2020-07-08,2020070801018778,PIC,19,39,100,607.00,"60,700.00"
2020-07-08,2020070801018777,PIC,6,39,197,607.00,"119,579.00"
2020-07-08,2020070801018911,PICL,56,42,180,470.00,"84,600.00"
2020-07-08,2020070801018910,PICL,6,42,100,471.00,"47,100.00"
2020-07-08,2020070801018959,PLIC,1,6,300,530.00,"159,000.00"
2020-07-08,2020070801018818,PLIC,6,17,172,529.00,"90,988.00"
2020-07-08,2020070801018817,PLIC,55,17,28,529.00,"14,812.00"
2020-07-08,2020070801018719,PPCL,33,16,30,110.00,"3,300.00"
2020-07-08,2020070801018775,PRIN,57,36,500,460.00,"230,000.00"
2020-07-08,2020070801019009,PRVU,25,25,580,229.00,"132,820.00"
2020-07-08,2020070801018921,PRVU,57,7,10,232.00,"2,320.00"
2020-07-08,2020070801018757,PRVU,5,56,42,228.00,"9,576.00"
2020-07-08,2020070801018756,PRVU,54,56,958,228.00,"218,424.00"
2020-07-08,2020070801018619,PRVU,54,39,42,228.00,"9,576.00"
2020-07-08,2020070801018618,PRVU,46,39,100,228.00,"22,800.00"
2020-07-08,2020070801018617,PRVU,34,39,125,228.00,"28,500.00"
2020-07-08,2020070801018616,PRVU,57,39,255,229.00,"58,395.00"
2020-07-08,2020070801018603,PRVU,57,6,"1,380",229.00,"316,020.00"
2020-07-08,2020070801018602,PRVU,13,6,120,230.00,"27,600.00"
2020-07-08,2020070801018588,PRVU,13,50,300,230.00,"69,000.00"
2020-07-08,2020070801018583,PRVU,42,50,300,230.00,"69,000.00"
2020-07-08,2020070801018846,RSDC,46,36,89,498.00,"44,322.00"
2020-07-08,2020070801018845,RSDC,17,36,50,498.00,"24,900.00"
2020-07-08,2020070801018844,RSDC,32,36,61,498.00,"30,378.00"
2020-07-08,2020070801018798,RSDC,56,43,50,500.00,"25,000.00"
2020-07-08,2020070801018604,RSDC,56,39,50,500.00,"25,000.00"
2020-07-08,2020070801018989,SANIMA,14,13,"1,000",321.00,"321,000.00"
2020-07-08,2020070801018924,SBI,35,46,569,408.00,"232,152.00"
2020-07-08,2020070801018542,SBI,35,52,"1,500",410.00,"615,000.00"
2020-07-08,2020070801018747,SBL,58,6,51,290.00,"14,790.00"
2020-07-08,2020070801018834,SCB,43,7,20,606.00,"12,120.00"
2020-07-08,2020070801019026,SDESI,25,4,10,899.00,"8,990.00"
2020-07-08,2020070801018566,SDESI,39,4,50,884.00,"44,200.00"
2020-07-08,2020070801018836,SHINE,25,47,49,216.00,"10,584.00"
2020-07-08,2020070801018837,SHINE,25,4,"1,000",216.00,"216,000.00"
2020-07-08,2020070801018987,SHIVM,42,48,290,590.00,"171,100.00"
2020-07-08,2020070801018986,SHIVM,52,48,200,591.00,"118,200.00"
2020-07-08,2020070801018985,SHIVM,38,48,350,591.00,"206,850.00"
2020-07-08,2020070801018984,SHIVM,25,48,160,592.00,"94,720.00"
2020-07-08,2020070801018932,SHIVM,25,48,40,592.00,"23,680.00"
2020-07-08,2020070801018931,SHIVM,47,48,160,592.00,"94,720.00"
2020-07-08,2020070801018729,SHIVM,47,52,10,592.00,"5,920.00"
2020-07-08,2020070801018581,SHIVM,14,6,50,594.00,"29,700.00"
2020-07-08,2020070801018829,SHL,43,33,107,159.00,"17,013.00"
2020-07-08,2020070801018884,SHPC,58,49,134,214.00,"28,676.00"
2020-07-08,2020070801018883,SHPC,58,33,80,214.00,"17,120.00"
2020-07-08,2020070801018882,SHPC,58,46,36,214.00,"7,704.00"
2020-07-08,2020070801018765,SICL,49,36,100,"1,000.00","100,000.00"
2020-07-08,2020070801018594,SIL,44,52,10,589.00,"5,890.00"
2020-07-08,2020070801018939,SJCL,45,56,20,138.00,"2,760.00"
2020-07-08,2020070801018938,SJCL,45,14,20,138.00,"2,760.00"
2020-07-08,2020070801018937,SJCL,45,54,10,138.00,"1,380.00"
2020-07-08,2020070801018552,SJCL,11,59,20,136.00,"2,720.00"
2020-07-08,2020070801018936,SJCL,45,33,20,138.00,"2,760.00"
2020-07-08,2020070801018935,SJCL,45,33,20,138.00,"2,760.00"
2020-07-08,2020070801018934,SJCL,45,33,20,138.00,"2,760.00"
2020-07-08,2020070801018933,SJCL,45,45,300,138.00,"41,400.00"
2020-07-08,2020070801018664,SKBBL,8,34,100,"1,201.00","120,100.00"
2020-07-08,2020070801018645,SLBBL,57,41,200,850.00,"170,000.00"
2020-07-08,2020070801018644,SLBBL,57,52,30,849.00,"25,470.00"
2020-07-08,2020070801018643,SLBBL,57,40,100,848.00,"84,800.00"
2020-07-08,2020070801018977,SLICL,48,44,400,445.00,"178,000.00"
2020-07-08,2020070801018976,SLICL,57,44,100,446.00,"44,600.00"
2020-07-08,2020070801018841,SLICL,48,1,250,445.00,"111,250.00"
2020-07-08,2020070801018840,SLICL,29,1,50,446.00,"22,300.00"
2020-07-08,2020070801018750,SLICL,29,44,200,446.00,"89,200.00"
2020-07-08,2020070801018749,SLICL,50,44,100,446.00,"44,600.00"
2020-07-08,2020070801018748,SLICL,26,44,200,447.00,"89,400.00"
2020-07-08,2020070801018573,SLICL,50,57,95,446.00,"42,370.00"
2020-07-08,2020070801019008,SWBBL,35,52,10,"1,152.00","11,520.00"
2020-07-08,2020070801018919,SWBBL,58,53,100,"1,137.00","113,700.00"
2020-07-08,2020070801018580,TMDBL,26,57,250,177.00,"44,250.00"
2020-07-08,2020070801018579,TMDBL,26,57,800,176.00,"140,800.00"
2020-07-08,2020070801018578,TMDBL,26,42,12,175.00,"2,100.00"
2020-07-08,2020070801018632,UIC,41,47,68,371.00,"25,228.00"
2020-07-08,2020070801018771,UMHL,19,51,100,98.00,"9,800.00"
2020-07-08,2020070801018577,UNHPL,5,59,50,49.01,"2,450.50"
2020-07-08,2020070801018849,UPCL,50,49,100,69.00,"6,900.00"
2020-07-08,2020070801018608,UPCL,50,59,50,69.00,"3,450.00"
2020-07-08,2020070801018625,UPPER,22,59,16,231.00,"3,696.00"
2020-07-08,2020070801018624,UPPER,8,59,24,232.00,"5,568.00"
2020-07-08,2020070801018449,ALICL,57,35,"1,000",583.00,"583,000.00"
2020-07-08,2020070801018444,API,36,39,105,107.00,"11,235.00"
2020-07-08,2020070801018443,API,51,39,895,107.00,"95,765.00"
2020-07-08,2020070801018306,API,51,1,29,107.00,"3,103.00"
2020-07-08,2020070801018225,API,51,44,76,107.00,"8,132.00"
2020-07-08,2020070801018508,BOKL,29,6,100,215.00,"21,500.00"
2020-07-08,2020070801018285,BPCL,46,59,12,355.00,"4,260.00"
2020-07-08,2020070801018229,BPCL,32,40,150,355.00,"53,250.00"
2020-07-08,2020070801018228,BPCL,41,40,300,355.00,"106,500.00"
2020-07-08,2020070801018227,BPCL,56,40,77,355.00,"27,335.00"
2020-07-08,2020070801018488,CBL,49,52,268,140.00,"37,520.00"
2020-07-08,2020070801018137,CBL,49,58,700,140.00,"98,000.00"
2020-07-08,2020070801018136,CBL,49,6,"1,000",140.00,"140,000.00"
2020-07-08,2020070801018135,CBL,49,29,"2,082",140.00,"291,480.00"
2020-07-08,2020070801018134,CBL,49,22,476,140.00,"66,640.00"
2020-07-08,2020070801018133,CBL,49,53,"1,890",140.00,"264,600.00"
2020-07-08,2020070801018132,CBL,49,6,100,139.00,"13,900.00"
2020-07-08,2020070801018480,CCBL,49,1,192,170.00,"32,640.00"
2020-07-08,2020070801018287,CCBL,49,1,200,170.00,"34,000.00"
2020-07-08,2020070801018250,CCBL,49,48,"1,000",170.00,"170,000.00"
2020-07-08,2020070801018238,CCBL,49,53,500,170.00,"85,000.00"
2020-07-08,2020070801018237,CCBL,49,14,108,170.00,"18,360.00"
2020-07-08,2020070801018115,CCBL,1,14,42,170.00,"7,140.00"
2020-07-08,2020070801018107,CCBL,49,36,447,168.00,"75,096.00"
2020-07-08,2020070801018106,CCBL,19,36,126,169.00,"21,294.00"
2020-07-08,2020070801018046,CCBL,22,14,50,170.00,"8,500.00"
2020-07-08,2020070801018503,CFCL,42,51,50,122.00,"6,100.00"
2020-07-08,2020070801018255,CIT,58,34,40,"2,450.00","98,000.00"
2020-07-08,2020070801018102,CIT,17,50,144,"2,442.00","351,648.00"
2020-07-08,2020070801018101,CIT,48,50,10,"2,445.00","24,450.00"
2020-07-08,2020070801018100,CIT,38,50,16,"2,445.00","39,120.00"
2020-07-08,2020070801018099,CIT,6,50,20,"2,446.00","48,920.00"
2020-07-08,2020070801018098,CIT,45,50,10,"2,446.00","24,460.00"
2020-07-08,2020070801018223,CMF1,14,7,"10,000",9.18,"91,800.00"
2020-07-08,2020070801018142,CMF1,43,7,"20,000",9.18,"183,600.00"
2020-07-08,2020070801018474,CORBL,34,38,50,124.00,"6,200.00"
2020-07-08,2020070801018403,DDBL,57,53,50,835.00,"41,750.00"
2020-07-08,2020070801018374,DDBL,57,34,50,835.00,"41,750.00"
2020-07-08,2020070801018373,DDBL,42,34,50,835.00,"41,750.00"
2020-07-08,2020070801018183,EBL,21,13,10,658.00,"6,580.00"
2020-07-08,2020070801018182,EBL,6,13,50,658.00,"32,900.00"
2020-07-08,2020070801018398,EIC,51,39,40,407.00,"16,280.00"
2020-07-08,2020070801018397,EIC,6,39,100,407.00,"40,700.00"
2020-07-08,2020070801018396,EIC,5,39,460,407.00,"187,220.00"
2020-07-08,2020070801018395,EIC,25,39,400,408.00,"163,200.00"
2020-07-08,2020070801018103,EIC,36,1,500,408.00,"204,000.00"
2020-07-08,2020070801018427,FMDBL,38,45,140,508.00,"71,120.00"
2020-07-08,2020070801018356,FMDBL,38,38,95,508.00,"48,260.00"
2020-07-08,2020070801018119,FMDBL,38,59,117,508.00,"59,436.00"
2020-07-08,2020070801018080,FMDBL,17,11,100,509.00,"50,900.00"
2020-07-08,2020070801018079,FMDBL,42,11,150,510.00,"76,500.00"
2020-07-08,2020070801018078,FMDBL,45,11,10,511.00,"5,110.00"
2020-07-08,2020070801018526,GBBL,25,47,200,220.00,"44,000.00"
2020-07-08,2020070801018525,GBBL,25,35,100,220.00,"22,000.00"
2020-07-08,2020070801018524,GBBL,25,47,11,220.00,"2,420.00"
2020-07-08,2020070801018523,GBBL,25,47,19,220.00,"4,180.00"
2020-07-08,2020070801018522,GBBL,25,47,10,220.00,"2,200.00"
2020-07-08,2020070801018521,GBBL,25,47,76,220.00,"16,720.00"
2020-07-08,2020070801018520,GBBL,25,47,29,220.00,"6,380.00"
2020-07-08,2020070801018519,GBBL,25,47,21,220.00,"4,620.00"
2020-07-08,2020070801018518,GBBL,25,47,50,220.00,"11,000.00"
2020-07-08,2020070801018517,GBBL,25,47,56,220.00,"12,320.00"
2020-07-08,2020070801018458,GBBL,45,43,"1,200",219.00,"262,800.00"
2020-07-08,2020070801018486,GBIME,50,44,40,244.00,"9,760.00"
2020-07-08,2020070801018485,GBIME,8,44,"1,000",244.00,"244,000.00"
2020-07-08,2020070801018484,GBIME,53,44,"2,000",244.00,"488,000.00"
2020-07-08,2020070801018483,GBIME,26,44,100,244.00,"24,400.00"
2020-07-08,2020070801018482,GBIME,33,44,500,244.00,"122,000.00"
2020-07-08,2020070801018057,GBIME,22,44,50,245.00,"12,250.00"
2020-07-08,2020070801018334,GBLBS,25,59,15,477.00,"7,155.00"
2020-07-08,2020070801018235,GBLBS,25,45,10,477.00,"4,770.00"
2020-07-08,2020070801018535,GLICL,59,39,10,475.00,"4,750.00"
2020-07-08,2020070801018534,GLICL,38,39,50,476.00,"23,800.00"
2020-07-08,2020070801018533,GLICL,48,39,100,476.00,"47,600.00"
2020-07-08,2020070801018532,GLICL,26,39,50,479.00,"23,950.00"
2020-07-08,2020070801018531,GLICL,17,39,200,480.00,"96,000.00"
2020-07-08,2020070801018266,GRDBL,38,1,250,110.00,"27,500.00"
2020-07-08,2020070801018265,GRDBL,42,1,20,112.00,"2,240.00"
2020-07-08,2020070801018422,HBL,35,44,267,522.00,"139,374.00"
2020-07-08,2020070801018421,HBL,35,7,523,521.00,"272,483.00"
2020-07-08,2020070801018384,HBL,21,38,15,520.00,"7,800.00"
2020-07-08,2020070801018506,HDL,51,41,25,"1,525.00","38,125.00"
2020-07-08,2020070801018505,HDL,4,41,30,"1,525.00","45,750.00"
2020-07-08,2020070801018504,HDL,39,41,20,"1,525.00","30,500.00"
2020-07-08,2020070801018311,HDL,42,38,10,"1,527.00","15,270.00"
2020-07-08,2020070801018172,HDL,42,1,40,"1,527.00","61,080.00"
2020-07-08,2020070801018171,HDL,25,1,50,"1,528.00","76,400.00"
2020-07-08,2020070801018170,HDL,25,1,10,"1,529.00","15,290.00"
2020-07-08,2020070801018169,HDL,29,1,100,"1,530.00","153,000.00"
2020-07-08,2020070801018402,HGI,46,29,36,403.00,"14,508.00"
2020-07-08,2020070801018401,HGI,4,29,100,404.00,"40,400.00"
2020-07-08,2020070801018359,HPPL,56,59,10,135.00,"1,350.00"
2020-07-08,2020070801018368,JOSHI,32,48,20,52.00,"1,040.00"
2020-07-08,2020070801018514,JSLBB,49,25,16,"1,570.00","25,120.00"
2020-07-08,2020070801018332,KBL,49,26,75,192.00,"14,400.00"
2020-07-08,2020070801018201,KBL,49,38,"1,000",192.00,"192,000.00"
2020-07-08,2020070801018200,KBL,49,5,25,192.00,"4,800.00"
2020-07-08,2020070801018199,KBL,49,53,500,192.00,"96,000.00"
2020-07-08,2020070801018198,KBL,49,48,"2,100",192.00,"403,200.00"
2020-07-08,2020070801018197,KBL,49,29,300,192.00,"57,600.00"
2020-07-08,2020070801018478,KMCDB,57,1,10,778.00,"7,780.00"
2020-07-08,2020070801018429,KMCDB,41,38,42,790.00,"33,180.00"
2020-07-08,2020070801018383,KMCDB,41,49,108,790.00,"85,320.00"
2020-07-08,2020070801018382,KMCDB,52,49,112,791.00,"88,592.00"
2020-07-08,2020070801018353,KMCDB,52,38,58,791.00,"45,878.00"
2020-07-08,2020070801018196,KRBL,19,1,50,97.00,"4,850.00"
2020-07-08,2020070801018490,LBBL,42,29,10,183.00,"1,830.00"
2020-07-08,2020070801018276,LBL,49,41,220,210.00,"46,200.00"
2020-07-08,2020070801018275,LBL,49,40,500,210.00,"105,000.00"
2020-07-08,2020070801018274,LBL,49,47,50,209.00,"10,450.00"
2020-07-08,2020070801018273,LBL,49,7,254,209.00,"53,086.00"
2020-07-08,2020070801018272,LBL,49,45,28,208.00,"5,824.00"
2020-07-08,2020070801018150,MBL,51,33,842,218.00,"183,556.00"
2020-07-08,2020070801018149,MBL,51,44,158,218.00,"34,444.00"
2020-07-08,2020070801018487,MEGA,32,48,110,207.00,"22,770.00"
2020-07-08,2020070801018365,MERO,26,45,12,620.00,"7,440.00"
2020-07-08,2020070801018195,MERO,18,45,22,618.00,"13,596.00"
2020-07-08,2020070801018063,MFIL,6,52,79,285.00,"22,515.00"
2020-07-08,2020070801018062,MFIL,6,49,246,282.00,"69,372.00"
2020-07-08,2020070801018061,MFIL,6,16,75,280.00,"21,000.00"
2020-07-08,2020070801018060,MFIL,6,28,700,279.00,"195,300.00"
2020-07-08,2020070801018245,MNBBL,37,1,69,304.00,"20,976.00"
2020-07-08,2020070801018502,NABIL,17,17,"1,300",741.00,"963,300.00"
2020-07-08,2020070801018435,NABIL,17,22,50,740.00,"37,000.00"
2020-07-08,2020070801018434,NABIL,17,6,50,740.00,"37,000.00"
2020-07-08,2020070801018433,NABIL,17,33,50,740.00,"37,000.00"
2020-07-08,2020070801018432,NABIL,17,28,85,740.00,"62,900.00"
2020-07-08,2020070801018431,NABIL,17,8,300,738.00,"221,400.00"
2020-07-08,2020070801018416,NBB,26,43,100,196.00,"19,600.00"
2020-07-08,2020070801018441,NBL,19,48,"1,000",242.00,"242,000.00"
2020-07-08,2020070801018440,NBL,47,48,100,242.00,"24,200.00"
2020-07-08,2020070801018439,NBL,29,48,500,242.00,"121,000.00"
2020-07-08,2020070801018438,NBL,25,48,50,242.00,"12,100.00"
2020-07-08,2020070801018406,NBL,46,58,15,243.00,"3,645.00"
2020-07-08,2020070801018364,NBL,42,58,10,243.00,"2,430.00"
2020-07-08,2020070801018350,NBL,57,58,10,243.00,"2,430.00"
2020-07-08,2020070801018349,NBL,13,58,916,243.00,"222,588.00"
2020-07-08,2020070801018190,NBL,55,33,40,244.00,"9,760.00"
2020-07-08,2020070801018117,NBL,33,33,10,244.00,"2,440.00"
2020-07-08,2020070801018059,NBL,13,57,84,243.00,"20,412.00"
2020-07-08,2020070801018058,NBL,44,57,101,243.00,"24,543.00"
2020-07-08,2020070801018425,NHDL,49,33,347,113.00,"39,211.00"
2020-07-08,2020070801018424,NHDL,8,33,148,113.00,"16,724.00"
2020-07-08,2020070801018423,NHDL,11,33,340,114.00,"38,760.00"
2020-07-08,2020070801018328,NIB,48,28,96,435.00,"41,760.00"
2020-07-08,2020070801018327,NIB,21,28,30,435.00,"13,050.00"
2020-07-08,2020070801018326,NIB,42,28,32,435.00,"13,920.00"
2020-07-08,2020070801018325,NIB,16,28,50,436.00,"21,800.00"
2020-07-08,2020070801018324,NIB,26,28,68,436.00,"29,648.00"
2020-07-08,2020070801018323,NIB,1,28,124,437.00,"54,188.00"
2020-07-08,2020070801018277,NIB,1,45,10,437.00,"4,370.00"
2020-07-08,2020070801018215,NIB,51,45,10,438.00,"4,380.00"
2020-07-08,2020070801018110,NIBPO,29,58,25,360.00,"9,000.00"
2020-07-08,2020070801018109,NIBPO,43,58,89,360.00,"32,040.00"
2020-07-08,2020070801018501,NICA,57,48,76,505.00,"38,380.00"
2020-07-08,2020070801018500,NICA,57,48,450,505.00,"227,250.00"
2020-07-08,2020070801018499,NICA,33,48,200,505.00,"101,000.00"
2020-07-08,2020070801018498,NICA,43,48,90,505.00,"45,450.00"
2020-07-08,2020070801018492,NICA,6,28,10,508.00,"5,080.00"
2020-07-08,2020070801018451,NICL,57,13,300,430.00,"129,000.00"
2020-07-08,2020070801018450,NICL,49,13,210,430.00,"90,300.00"
2020-07-08,2020070801018204,NICL,49,1,290,430.00,"124,700.00"
2020-07-08,2020070801018203,NICL,42,1,10,431.00,"4,310.00"
2020-07-08,2020070801018455,NLG,42,29,10,626.00,"6,260.00"
2020-07-08,2020070801018454,NLG,42,29,10,626.00,"6,260.00"
2020-07-08,2020070801018513,NLIC,32,50,155,"1,212.00","187,860.00"
2020-07-08,2020070801018512,NLIC,51,50,45,"1,212.00","54,540.00"
2020-07-08,2020070801018509,NLIC,33,55,48,"1,212.00","58,176.00"
2020-07-08,2020070801018321,NLIC,17,14,425,"1,215.00","516,375.00"
2020-07-08,2020070801018320,NLIC,17,41,25,"1,215.00","30,375.00"
2020-07-08,2020070801018319,NLIC,17,7,50,"1,215.00","60,750.00"
2020-07-08,2020070801018318,NLIC,17,25,500,"1,214.00","607,000.00"
2020-07-08,2020070801018181,NLIC,51,4,320,"1,214.00","388,480.00"
2020-07-08,2020070801018140,NLIC,35,4,"1,000","1,213.00","1,213,000.00"
2020-07-08,2020070801018139,NLIC,7,4,70,"1,214.00","84,980.00"
2020-07-08,2020070801018138,NLIC,1,4,20,"1,215.00","24,300.00"
2020-07-08,2020070801018428,NMB,40,38,10,387.00,"3,870.00"
2020-07-08,2020070801018418,NMB,54,36,500,388.00,"194,000.00"
2020-07-08,2020070801018367,NMB,54,21,400,388.00,"155,200.00"
2020-07-08,2020070801018366,NMB,54,49,892,388.00,"346,096.00"
2020-07-08,2020070801018147,NMB,40,14,925,387.00,"357,975.00"
2020-07-08,2020070801018131,NMB,57,14,20,387.00,"7,740.00"
2020-07-08,2020070801018073,NMB,52,47,96,386.00,"37,056.00"
2020-07-08,2020070801018530,NRIC,6,45,40,502.00,"20,080.00"
2020-07-08,2020070801018529,NRIC,6,17,20,502.00,"10,040.00"
2020-07-08,2020070801018528,NRIC,6,51,40,502.00,"20,080.00"
2020-07-08,2020070801018527,NRIC,6,22,40,502.00,"20,080.00"
2020-07-08,2020070801018516,NRIC,6,39,40,502.00,"20,080.00"
2020-07-08,2020070801018515,NRIC,6,1,40,502.00,"20,080.00"
2020-07-08,2020070801018049,NRIC,36,29,50,501.00,"25,050.00"
2020-07-08,2020070801018047,NRIC,32,28,30,502.00,"15,060.00"
2020-07-08,2020070801018045,NRIC,36,45,40,501.00,"20,040.00"
2020-07-08,2020070801018044,NRIC,36,10,40,501.00,"20,040.00"
2020-07-08,2020070801018056,NRIC,36,45,40,501.00,"20,040.00"
2020-07-08,2020070801018054,NRIC,36,10,40,501.00,"20,040.00"
2020-07-08,2020070801018053,NRIC,36,43,40,501.00,"20,040.00"
2020-07-08,2020070801018052,NRIC,36,28,50,501.00,"25,050.00"
2020-07-08,2020070801018051,NRIC,36,22,40,501.00,"20,040.00"
2020-07-08,2020070801018050,NRIC,36,48,50,501.00,"25,050.00"
2020-07-08,2020070801018070,NRIC,36,29,40,501.00,"20,040.00"
2020-07-08,2020070801018069,NRIC,36,41,40,501.00,"20,040.00"
2020-07-08,2020070801018067,NRIC,36,45,40,501.00,"20,040.00"
2020-07-08,2020070801018066,NRIC,36,22,50,501.00,"25,050.00"
2020-07-08,2020070801018065,NRIC,36,28,40,501.00,"20,040.00"
2020-07-08,2020070801018064,NRIC,36,39,20,501.00,"10,020.00"
2020-07-08,2020070801018084,NRIC,36,37,20,501.00,"10,020.00"
2020-07-08,2020070801018083,NRIC,36,43,50,501.00,"25,050.00"
2020-07-08,2020070801018082,NRIC,36,42,40,501.00,"20,040.00"
2020-07-08,2020070801018081,NRIC,36,28,40,501.00,"20,040.00"
2020-07-08,2020070801018077,NRIC,36,41,10,501.00,"5,010.00"
2020-07-08,2020070801018071,NRIC,36,51,40,501.00,"20,040.00"
2020-07-08,2020070801018094,NRIC,51,28,10,502.00,"5,020.00"
2020-07-08,2020070801018089,NRIC,41,22,40,501.00,"20,040.00"
2020-07-08,2020070801018088,NRIC,41,39,40,501.00,"20,040.00"
2020-07-08,2020070801018087,NRIC,41,10,10,501.00,"5,010.00"
2020-07-08,2020070801018086,NRIC,44,10,30,501.00,"15,030.00"
2020-07-08,2020070801018085,NRIC,52,37,15,501.00,"7,515.00"
2020-07-08,2020070801018108,NRIC,1,28,40,501.00,"20,040.00"
2020-07-08,2020070801018105,NRIC,1,45,30,501.00,"15,030.00"
2020-07-08,2020070801018104,NRIC,41,45,10,501.00,"5,010.00"
2020-07-08,2020070801018097,NRIC,51,46,10,502.00,"5,020.00"
2020-07-08,2020070801018096,NRIC,51,46,40,502.00,"20,080.00"
2020-07-08,2020070801018095,NRIC,51,45,40,502.00,"20,080.00"
2020-07-08,2020070801018120,NRIC,36,28,40,501.00,"20,040.00"
2020-07-08,2020070801018118,NRIC,36,51,40,501.00,"20,040.00"
2020-07-08,2020070801018116,NRIC,36,39,40,501.00,"20,040.00"
2020-07-08,2020070801018113,NRIC,36,10,40,501.00,"20,040.00"
2020-07-08,2020070801018112,NRIC,36,29,10,501.00,"5,010.00"
2020-07-08,2020070801018111,NRIC,1,29,30,501.00,"15,030.00"
2020-07-08,2020070801018127,NRIC,36,45,50,501.00,"25,050.00"
2020-07-08,2020070801018126,NRIC,29,38,10,502.00,"5,020.00"
2020-07-08,2020070801018125,NRIC,29,46,30,502.00,"15,060.00"
2020-07-08,2020070801018124,NRIC,36,10,40,501.00,"20,040.00"
2020-07-08,2020070801018123,NRIC,36,43,40,501.00,"20,040.00"
2020-07-08,2020070801018121,NRIC,36,42,40,501.00,"20,040.00"
2020-07-08,2020070801018152,NRIC,36,51,40,501.00,"20,040.00"
2020-07-08,2020070801018148,NRIC,36,29,40,501.00,"20,040.00"
2020-07-08,2020070801018146,NRIC,36,45,40,501.00,"20,040.00"
2020-07-08,2020070801018143,NRIC,36,28,40,501.00,"20,040.00"
2020-07-08,2020070801018141,NRIC,36,1,40,501.00,"20,040.00"
2020-07-08,2020070801018128,NRIC,36,40,10,501.00,"5,010.00"
2020-07-08,2020070801018158,NRIC,41,42,30,502.00,"15,060.00"
2020-07-08,2020070801018157,NRIC,41,58,10,502.00,"5,020.00"
2020-07-08,2020070801018156,NRIC,41,52,40,502.00,"20,080.00"
2020-07-08,2020070801018155,NRIC,41,42,40,502.00,"20,080.00"
2020-07-08,2020070801018154,NRIC,41,38,30,502.00,"15,060.00"
2020-07-08,2020070801018153,NRIC,36,22,40,501.00,"20,040.00"
2020-07-08,2020070801018173,NRIC,36,10,50,501.00,"25,050.00"
2020-07-08,2020070801018166,NRIC,36,45,40,501.00,"20,040.00"
2020-07-08,2020070801018165,NRIC,36,29,40,501.00,"20,040.00"
2020-07-08,2020070801018161,NRIC,36,48,10,501.00,"5,010.00"
2020-07-08,2020070801018160,NRIC,21,48,40,502.00,"20,080.00"
2020-07-08,2020070801018159,NRIC,21,42,10,502.00,"5,020.00"
2020-07-08,2020070801018179,NRIC,36,21,40,501.00,"20,040.00"
2020-07-08,2020070801018178,NRIC,36,51,10,501.00,"5,010.00"
2020-07-08,2020070801018177,NRIC,49,51,30,502.00,"15,060.00"
2020-07-08,2020070801018176,NRIC,49,45,40,502.00,"20,080.00"
2020-07-08,2020070801018175,NRIC,49,28,40,502.00,"20,080.00"
2020-07-08,2020070801018174,NRIC,49,56,40,502.00,"20,080.00"
2020-07-08,2020070801018189,NRIC,36,10,40,501.00,"20,040.00"
2020-07-08,2020070801018188,NRIC,32,59,40,502.00,"20,080.00"
2020-07-08,2020070801018187,NRIC,36,42,50,501.00,"25,050.00"
2020-07-08,2020070801018186,NRIC,36,45,40,501.00,"20,040.00"
2020-07-08,2020070801018185,NRIC,36,43,40,501.00,"20,040.00"
2020-07-08,2020070801018180,NRIC,36,26,40,501.00,"20,040.00"
2020-07-08,2020070801018206,NRIC,37,42,25,501.00,"12,525.00"
2020-07-08,2020070801018202,NRIC,28,42,40,501.00,"20,040.00"
2020-07-08,2020070801018194,NRIC,42,42,500,501.00,"250,500.00"
2020-07-08,2020070801018193,NRIC,57,42,50,501.00,"25,050.00"
2020-07-08,2020070801018192,NRIC,49,42,375,501.00,"187,875.00"
2020-07-08,2020070801018191,NRIC,36,42,"3,010",501.00,"1,508,010.00"
2020-07-08,2020070801018212,NRIC,10,28,40,500.00,"20,000.00"
2020-07-08,2020070801018211,NRIC,47,59,40,500.00,"20,000.00"
2020-07-08,2020070801018210,NRIC,45,58,20,500.00,"10,000.00"
2020-07-08,2020070801018209,NRIC,37,58,15,501.00,"7,515.00"
2020-07-08,2020070801018208,NRIC,37,51,40,501.00,"20,040.00"
2020-07-08,2020070801018207,NRIC,37,22,40,501.00,"20,040.00"
2020-07-08,2020070801018221,NRIC,50,51,40,500.00,"20,000.00"
2020-07-08,2020070801018219,NRIC,50,39,40,500.00,"20,000.00"
2020-07-08,2020070801018217,NRIC,50,19,10,500.00,"5,000.00"
2020-07-08,2020070801018216,NRIC,10,19,40,500.00,"20,000.00"
2020-07-08,2020070801018214,NRIC,10,28,20,500.00,"10,000.00"
2020-07-08,2020070801018213,NRIC,10,28,20,500.00,"10,000.00"
2020-07-08,2020070801018242,NRIC,50,28,10,500.00,"5,000.00"
2020-07-08,2020070801018241,NRIC,52,28,40,501.00,"20,040.00"
2020-07-08,2020070801018240,NRIC,50,39,40,500.00,"20,000.00"
2020-07-08,2020070801018239,NRIC,50,29,40,500.00,"20,000.00"
2020-07-08,2020070801018236,NRIC,50,45,40,500.00,"20,000.00"
2020-07-08,2020070801018226,NRIC,50,43,40,500.00,"20,000.00"
2020-07-08,2020070801018253,NRIC,50,51,40,500.00,"20,000.00"
2020-07-08,2020070801018251,NRIC,50,10,40,500.00,"20,000.00"
2020-07-08,2020070801018249,NRIC,50,28,40,500.00,"20,000.00"
2020-07-08,2020070801018246,NRIC,50,32,20,500.00,"10,000.00"
2020-07-08,2020070801018244,NRIC,50,51,40,500.00,"20,000.00"
2020-07-08,2020070801018243,NRIC,50,19,40,500.00,"20,000.00"
2020-07-08,2020070801018267,NRIC,50,28,40,500.00,"20,000.00"
2020-07-08,2020070801018264,NRIC,50,39,40,500.00,"20,000.00"
2020-07-08,2020070801018263,NRIC,50,51,40,500.00,"20,000.00"
2020-07-08,2020070801018257,NRIC,50,22,50,500.00,"25,000.00"
2020-07-08,2020070801018256,NRIC,42,52,40,501.00,"20,040.00"
2020-07-08,2020070801018254,NRIC,50,32,10,500.00,"5,000.00"
2020-07-08,2020070801018279,NRIC,28,39,45,501.00,"22,545.00"
2020-07-08,2020070801018278,NRIC,28,47,50,501.00,"25,050.00"
2020-07-08,2020070801018271,NRIC,28,32,10,501.00,"5,010.00"
2020-07-08,2020070801018270,NRIC,28,22,40,501.00,"20,040.00"
2020-07-08,2020070801018269,NRIC,50,48,50,500.00,"25,000.00"
2020-07-08,2020070801018268,NRIC,50,29,40,500.00,"20,000.00"
2020-07-08,2020070801018296,NRIC,32,51,40,501.00,"20,040.00"
2020-07-08,2020070801018295,NRIC,50,48,40,500.00,"20,000.00"
2020-07-08,2020070801018290,NRIC,50,39,40,500.00,"20,000.00"
2020-07-08,2020070801018289,NRIC,50,28,40,500.00,"20,000.00"
2020-07-08,2020070801018286,NRIC,50,19,50,500.00,"25,000.00"
2020-07-08,2020070801018284,NRIC,50,32,10,500.00,"5,000.00"
2020-07-08,2020070801018307,NRIC,51,28,20,500.00,"10,000.00"
2020-07-08,2020070801018304,NRIC,41,58,10,500.00,"5,000.00"
2020-07-08,2020070801018303,NRIC,50,58,30,500.00,"15,000.00"
2020-07-08,2020070801018302,NRIC,50,45,40,500.00,"20,000.00"
2020-07-08,2020070801018298,NRIC,32,45,40,501.00,"20,040.00"
2020-07-08,2020070801018297,NRIC,32,22,40,501.00,"20,040.00"
2020-07-08,2020070801018316,NRIC,28,51,50,501.00,"25,050.00"
2020-07-08,2020070801018315,NRIC,28,22,40,501.00,"20,040.00"
2020-07-08,2020070801018314,NRIC,34,51,10,500.00,"5,000.00"
2020-07-08,2020070801018313,NRIC,57,51,30,500.00,"15,000.00"
2020-07-08,2020070801018310,NRIC,57,46,40,500.00,"20,000.00"
2020-07-08,2020070801018308,NRIC,57,28,30,500.00,"15,000.00"
2020-07-08,2020070801018337,NRIC,28,28,40,501.00,"20,040.00"
2020-07-08,2020070801018336,NRIC,28,29,50,501.00,"25,050.00"
2020-07-08,2020070801018335,NRIC,28,58,40,501.00,"20,040.00"
2020-07-08,2020070801018333,NRIC,28,19,50,501.00,"25,050.00"
2020-07-08,2020070801018330,NRIC,28,45,40,501.00,"20,040.00"
2020-07-08,2020070801018322,NRIC,28,39,40,501.00,"20,040.00"
2020-07-08,2020070801018343,NRIC,19,29,20,502.00,"10,040.00"
2020-07-08,2020070801018342,NRIC,19,41,40,502.00,"20,080.00"
2020-07-08,2020070801018341,NRIC,19,29,40,502.00,"20,080.00"
2020-07-08,2020070801018340,NRIC,19,56,50,502.00,"25,100.00"
2020-07-08,2020070801018339,NRIC,19,22,40,502.00,"20,080.00"
2020-07-08,2020070801018338,NRIC,19,46,10,502.00,"5,020.00"
2020-07-08,2020070801018362,NRIC,6,56,40,502.00,"20,080.00"
2020-07-08,2020070801018361,NRIC,6,51,40,502.00,"20,080.00"
2020-07-08,2020070801018360,NRIC,6,29,20,502.00,"10,040.00"
2020-07-08,2020070801018355,NRIC,28,22,40,501.00,"20,040.00"
2020-07-08,2020070801018354,NRIC,28,51,40,501.00,"20,040.00"
2020-07-08,2020070801018351,NRIC,28,28,50,501.00,"25,050.00"
2020-07-08,2020070801018379,NRIC,4,50,30,503.00,"15,090.00"
2020-07-08,2020070801018378,NRIC,4,22,40,503.00,"20,120.00"
2020-07-08,2020070801018377,NRIC,4,40,30,503.00,"15,090.00"
2020-07-08,2020070801018376,NRIC,6,29,40,502.00,"20,080.00"
2020-07-08,2020070801018371,NRIC,6,29,40,502.00,"20,080.00"
2020-07-08,2020070801018370,NRIC,6,28,40,502.00,"20,080.00"
2020-07-08,2020070801018389,NRIC,28,50,20,503.00,"10,060.00"
2020-07-08,2020070801018388,NRIC,6,59,50,502.00,"25,100.00"
2020-07-08,2020070801018387,NRIC,6,10,40,502.00,"20,080.00"
2020-07-08,2020070801018386,NRIC,6,22,40,502.00,"20,080.00"
2020-07-08,2020070801018385,NRIC,6,19,40,502.00,"20,080.00"
2020-07-08,2020070801018380,NRIC,6,51,40,502.00,"20,080.00"
2020-07-08,2020070801018400,NRIC,28,39,40,503.00,"20,120.00"
2020-07-08,2020070801018394,NRIC,28,28,40,503.00,"20,120.00"
2020-07-08,2020070801018393,NRIC,28,50,40,503.00,"20,120.00"
2020-07-08,2020070801018392,NRIC,28,50,50,503.00,"25,150.00"
2020-07-08,2020070801018391,NRIC,28,47,40,503.00,"20,120.00"
2020-07-08,2020070801018390,NRIC,28,21,40,503.00,"20,120.00"
2020-07-08,2020070801018414,NRIC,38,39,50,504.00,"25,200.00"
2020-07-08,2020070801018413,NRIC,28,19,50,503.00,"25,150.00"
2020-07-08,2020070801018412,NRIC,28,28,40,503.00,"20,120.00"
2020-07-08,2020070801018409,NRIC,28,29,40,503.00,"20,120.00"
2020-07-08,2020070801018408,NRIC,28,22,40,503.00,"20,120.00"
2020-07-08,2020070801018407,NRIC,28,5,40,503.00,"20,120.00"
2020-07-08,2020070801018446,NRIC,56,40,50,503.00,"25,150.00"
2020-07-08,2020070801018442,NRIC,49,39,100,504.00,"50,400.00"
2020-07-08,2020070801018436,NRIC,56,29,40,503.00,"20,120.00"
2020-07-08,2020070801018430,NRIC,56,22,40,503.00,"20,120.00"
2020-07-08,2020070801018420,NRIC,56,28,20,503.00,"10,060.00"
2020-07-08,2020070801018419,NRIC,28,28,20,503.00,"10,060.00"
2020-07-08,2020070801018460,NRIC,28,22,50,503.00,"25,150.00"
2020-07-08,2020070801018459,NRIC,28,19,40,503.00,"20,120.00"
2020-07-08,2020070801018457,NRIC,28,49,40,503.00,"20,120.00"
2020-07-08,2020070801018456,NRIC,28,1,40,503.00,"20,120.00"
2020-07-08,2020070801018453,NRIC,28,45,10,503.00,"5,030.00"
2020-07-08,2020070801018452,NRIC,56,45,30,503.00,"15,090.00"
2020-07-08,2020070801018477,NRIC,28,45,40,503.00,"20,120.00"
2020-07-08,2020070801018476,NRIC,28,1,40,503.00,"20,120.00"
2020-07-08,2020070801018475,NRIC,28,22,40,503.00,"20,120.00"
2020-07-08,2020070801018465,NRIC,40,39,100,504.00,"50,400.00"
2020-07-08,2020070801018464,NRIC,28,51,40,503.00,"20,120.00"
2020-07-08,2020070801018463,NRIC,28,48,40,503.00,"20,120.00"
2020-07-08,2020070801018511,NRIC,6,49,40,502.00,"20,080.00"
2020-07-08,2020070801018510,NRIC,6,38,30,502.00,"15,060.00"
2020-07-08,2020070801018493,NRIC,6,39,40,502.00,"20,080.00"
2020-07-08,2020070801018491,NRIC,28,51,40,503.00,"20,120.00"
2020-07-08,2020070801018481,NRIC,28,28,40,503.00,"20,120.00"
2020-07-08,2020070801018479,NRIC,28,3,40,503.00,"20,120.00"
2020-07-08,2020070801018381,PCBL,19,28,391,249.00,"97,359.00"
2020-07-08,2020070801018312,PCBL,19,28,28,249.00,"6,972.00"
2020-07-08,2020070801018222,PCBL,19,28,581,249.00,"144,669.00"
2020-07-08,2020070801018220,PCBL,26,28,28,249.00,"6,972.00"
2020-07-08,2020070801018294,PLIC,55,49,112,529.00,"59,248.00"
2020-07-08,2020070801018293,PLIC,33,49,100,530.00,"53,000.00"
2020-07-08,2020070801018292,PLIC,14,49,250,531.00,"132,750.00"
2020-07-08,2020070801018291,PLIC,53,49,100,532.00,"53,200.00"
2020-07-08,2020070801018352,PMHPL,34,47,10,72.00,720.00
2020-07-08,2020070801018305,PRIN,46,36,400,460.00,"184,000.00"
2020-07-08,2020070801018234,PRIN,46,36,600,460.00,"276,000.00"
2020-07-08,2020070801018233,PRIN,19,36,100,460.00,"46,000.00"
2020-07-08,2020070801018232,PRIN,44,36,88,460.00,"40,480.00"
2020-07-08,2020070801018231,PRIN,39,36,12,460.00,"5,520.00"
2020-07-08,2020070801018230,PRIN,44,36,200,461.00,"92,200.00"
2020-07-08,2020070801018489,PRVU,41,50,300,230.00,"69,000.00"
2020-07-08,2020070801018462,PRVU,57,39,865,229.00,"198,085.00"
2020-07-08,2020070801018461,PRVU,14,39,93,229.00,"21,297.00"
2020-07-08,2020070801018399,PRVU,41,50,100,230.00,"23,000.00"
2020-07-08,2020070801018348,PRVU,14,48,907,229.00,"207,703.00"
2020-07-08,2020070801018347,PRVU,14,48,100,229.00,"22,900.00"
2020-07-08,2020070801018346,PRVU,25,48,190,229.00,"43,510.00"
2020-07-08,2020070801018345,PRVU,6,48,500,229.00,"114,500.00"
2020-07-08,2020070801018344,PRVU,58,48,303,229.00,"69,387.00"
2020-07-08,2020070801018144,RADHI,38,38,14,171.00,"2,394.00"
2020-07-08,2020070801018093,RADHI,38,50,12,168.00,"2,016.00"
2020-07-08,2020070801018092,RADHI,38,34,12,168.00,"2,016.00"
2020-07-08,2020070801018091,RADHI,38,41,12,167.00,"2,004.00"
2020-07-08,2020070801018090,RADHI,38,41,11,167.00,"1,837.00"
2020-07-08,2020070801018055,RADHI,38,38,10,166.00,"1,660.00"
2020-07-08,2020070801018445,RHPL,48,59,30,149.00,"4,470.00"
2020-07-08,2020070801018076,RHPL,48,55,40,149.00,"5,960.00"
2020-07-08,2020070801018075,RHPL,48,44,30,149.00,"4,470.00"
2020-07-08,2020070801018074,RHPL,48,44,30,149.00,"4,470.00"
2020-07-08,2020070801018068,RHPL,6,26,40,149.00,"5,960.00"
2020-07-08,2020070801018540,RMDC,48,41,40,637.00,"25,480.00"
2020-07-08,2020070801018539,RMDC,38,41,500,637.00,"318,500.00"
2020-07-08,2020070801018538,RMDC,37,41,125,638.00,"79,750.00"
2020-07-08,2020070801018283,RSDC,32,29,139,498.00,"69,222.00"
2020-07-08,2020070801018309,SABSL,19,33,10,818.00,"8,180.00"
2020-07-08,2020070801018358,SANIMA,29,7,100,322.00,"32,200.00"
2020-07-08,2020070801018043,SANIMA,46,7,380,320.00,"121,600.00"
2020-07-08,2020070801018042,SANIMA,49,7,100,320.00,"32,000.00"
2020-07-08,2020070801018541,SBI,35,6,16,410.00,"6,560.00"
2020-07-08,2020070801018426,SBL,14,6,300,290.00,"87,000.00"
2020-07-08,2020070801018329,SBL,29,6,100,290.00,"29,000.00"
2020-07-08,2020070801018507,SCB,43,59,20,606.00,"12,120.00"
2020-07-08,2020070801018405,SCB,35,25,10,618.00,"6,180.00"
2020-07-08,2020070801018331,SCB,43,45,20,606.00,"12,120.00"
2020-07-08,2020070801018262,SCB,43,48,190,606.00,"115,140.00"
2020-07-08,2020070801018261,SCB,25,48,100,606.00,"60,600.00"
2020-07-08,2020070801018260,SCB,52,48,100,606.00,"60,600.00"
2020-07-08,2020070801018259,SCB,17,48,50,606.00,"30,300.00"
2020-07-08,2020070801018258,SCB,58,48,50,615.00,"30,750.00"
2020-07-08,2020070801018252,SCB,34,41,100,616.00,"61,600.00"
2020-07-08,2020070801018205,SDESI,7,25,10,882.00,"8,820.00"
2020-07-08,2020070801018375,SHINE,59,4,950,215.00,"204,250.00"
2020-07-08,2020070801018301,SHINE,59,4,300,215.00,"64,500.00"
2020-07-08,2020070801018300,SHINE,6,4,250,215.00,"53,750.00"
2020-07-08,2020070801018497,SHIVM,47,52,10,592.00,"5,920.00"
2020-07-08,2020070801018404,SHIVM,58,48,300,593.00,"177,900.00"
2020-07-08,2020070801018357,SHIVM,58,48,170,593.00,"100,810.00"
2020-07-08,2020070801018122,SHIVM,58,1,30,593.00,"17,790.00"
2020-07-08,2020070801018114,SHL,43,28,500,159.00,"79,500.00"
2020-07-08,2020070801018415,SHPC,58,46,100,214.00,"21,400.00"
2020-07-08,2020070801018151,SHPC,58,26,313,213.00,"66,669.00"
2020-07-08,2020070801018129,SHPC,58,26,917,213.00,"195,321.00"
2020-07-08,2020070801018496,SICL,49,43,200,"1,000.00","200,000.00"
2020-07-08,2020070801018495,SICL,35,43,700,"1,001.00","700,700.00"
2020-07-08,2020070801018494,SICL,55,43,100,"1,002.00","100,200.00"
2020-07-08,2020070801018447,SICL,35,43,"2,000","1,004.00","2,008,000.00"
2020-07-08,2020070801018417,SIL,49,56,100,578.00,"57,800.00"
2020-07-08,2020070801018537,SLBBL,57,35,63,845.00,"53,235.00"
2020-07-08,2020070801018536,SLBBL,57,45,32,845.00,"27,040.00"
2020-07-08,2020070801018411,SLBSL,22,57,50,870.00,"43,500.00"
2020-07-08,2020070801018410,SLBSL,22,52,50,870.00,"43,500.00"
2020-07-08,2020070801018218,SLBSL,22,57,20,868.00,"17,360.00"
2020-07-08,2020070801018473,SLICL,50,39,245,446.00,"109,270.00"
2020-07-08,2020070801018164,SLICL,34,42,300,450.00,"135,000.00"
2020-07-08,2020070801018163,SLICL,34,43,200,450.00,"90,000.00"
2020-07-08,2020070801018145,SLICL,50,55,60,446.00,"26,760.00"
2020-07-08,2020070801018072,SMB,48,13,10,901.00,"9,010.00"
2020-07-08,2020070801018369,SMFBS,45,52,10,920.00,"9,200.00"
2020-07-08,2020070801018317,SMFBS,45,44,10,920.00,"9,200.00"
2020-07-08,2020070801018372,SPARS,19,25,10,875.00,"8,750.00"
2020-07-08,2020070801018363,SRBL,56,38,38,229.00,"8,702.00"
2020-07-08,2020070801018168,STC,28,55,100,"2,752.00","275,200.00"
2020-07-08,2020070801018167,STC,28,55,100,"2,750.00","275,000.00"
2020-07-08,2020070801018448,SWBBL,6,6,500,"1,140.00","570,000.00"
2020-07-08,2020070801018299,SWBBL,36,48,500,"1,153.00","576,500.00"
2020-07-08,2020070801018280,SWBBL,36,41,50,"1,149.00","57,450.00"
2020-07-08,2020070801018248,SWBBL,36,45,320,"1,145.00","366,400.00"
2020-07-08,2020070801018247,SWBBL,36,6,35,"1,145.00","40,075.00"
2020-07-08,2020070801018472,TMDBL,26,42,88,175.00,"15,400.00"
2020-07-08,2020070801018471,TMDBL,26,57,300,175.00,"52,500.00"
2020-07-08,2020070801018470,TMDBL,26,57,200,175.00,"35,000.00"
2020-07-08,2020070801018469,TMDBL,26,52,70,174.00,"12,180.00"
2020-07-08,2020070801018468,TMDBL,26,57,100,173.00,"17,300.00"
2020-07-08,2020070801018467,TMDBL,26,48,112,173.00,"19,376.00"
2020-07-08,2020070801018466,TMDBL,26,52,130,173.00,"22,490.00"
2020-07-08,2020070801018282,UIC,14,47,68,375.00,"25,500.00"
2020-07-08,2020070801018281,UIC,14,22,400,375.00,"150,000.00"
2020-07-08,2020070801018184,UIC,19,22,100,375.00,"37,500.00"
2020-07-08,2020070801018048,UIC,55,42,500,370.00,"185,000.00"
2020-07-08,2020070801018224,UMHL,6,51,10,98.00,980.00
2020-07-08,2020070801018130,UPCL,29,59,100,69.00,"6,900.00"
2020-07-08,2020070801018437,UPPER,35,42,10,234.00,"2,340.00"
2020-07-08,2020070801018162,UPPER,8,59,50,232.00,"11,600.00"
2020-07-08,2020070801018288,VLBS,34,48,170,954.00,"162,180.00"
2020-07-08,2020070801017625,ADBL,56,14,64,365.00,"23,360.00"
2020-07-08,2020070801017624,ADBL,14,14,136,365.00,"49,640.00"
2020-07-08,2020070801017875,AHPC,59,38,"1,403",93.00,"130,479.00"
2020-07-08,2020070801017844,AHPC,38,38,"1,000",93.00,"93,000.00"
2020-07-08,2020070801017843,AHPC,43,38,100,93.00,"9,300.00"
2020-07-08,2020070801017842,AHPC,6,38,300,93.00,"27,900.00"
2020-07-08,2020070801017841,AHPC,6,38,700,93.00,"65,100.00"
2020-07-08,2020070801017596,AHPC,43,6,30,94.00,"2,820.00"
2020-07-08,2020070801017935,AKJCL,45,35,10,49.06,490.60
2020-07-08,2020070801017933,API,51,44,924,107.00,"98,868.00"
2020-07-08,2020070801017801,API,51,44,76,107.00,"8,132.00"
2020-07-08,2020070801017724,API,51,44,"1,924",107.00,"205,868.00"
2020-07-08,2020070801017644,API,25,45,17,108.00,"1,836.00"
2020-07-08,2020070801017629,API,51,25,76,107.00,"8,132.00"
2020-07-08,2020070801017628,API,17,25,924,107.00,"98,868.00"
2020-07-08,2020070801017570,API,17,14,29,107.00,"3,103.00"
2020-07-08,2020070801017924,BPCL,56,8,24,355.00,"8,520.00"
2020-07-08,2020070801017601,BPCL,36,44,12,357.00,"4,284.00"
2020-07-08,2020070801017555,BPCL,56,57,24,354.00,"8,496.00"
2020-07-08,2020070801018028,CBBL,43,13,81,"1,013.00","82,053.00"
2020-07-08,2020070801017944,CBBL,36,13,450,"1,016.00","457,200.00"
2020-07-08,2020070801017943,CBBL,46,13,50,"1,016.00","50,800.00"
2020-07-08,2020070801017907,CBBL,43,33,119,"1,016.00","120,904.00"
2020-07-08,2020070801017874,CBBL,40,33,200,"1,016.00","203,200.00"
2020-07-08,2020070801017807,CBBL,43,33,181,"1,016.00","183,896.00"
2020-07-08,2020070801017542,CBBL,17,13,30,"1,016.00","30,480.00"
2020-07-08,2020070801017971,CCBL,49,19,40,170.00,"6,800.00"
2020-07-08,2020070801017970,CCBL,49,28,176,170.00,"29,920.00"
2020-07-08,2020070801017969,CCBL,49,48,"1,000",170.00,"170,000.00"
2020-07-08,2020070801017940,CHCL,45,45,416,380.00,"158,080.00"
2020-07-08,2020070801017639,CHCL,45,14,65,380.00,"24,700.00"
2020-07-08,2020070801017638,CHCL,53,14,14,380.00,"5,320.00"
2020-07-08,2020070801017637,CHCL,42,14,20,381.00,"7,620.00"
2020-07-08,2020070801017936,CIT,36,38,70,"2,449.00","171,430.00"
2020-07-08,2020070801017805,CLBSL,14,22,15,693.00,"10,395.00"
2020-07-08,2020070801017804,CLBSL,43,22,25,693.00,"17,325.00"
2020-07-08,2020070801017734,CLBSL,43,44,119,700.00,"83,300.00"
2020-07-08,2020070801017733,CLBSL,43,22,100,699.00,"69,900.00"
2020-07-08,2020070801017732,CLBSL,43,40,10,698.00,"6,980.00"
2020-07-08,2020070801017590,CLBSL,43,56,10,693.00,"6,930.00"
2020-07-08,2020070801017602,CMF1,34,7,"1,000",9.18,"9,180.00"
2020-07-08,2020070801017748,CORBL,34,38,100,122.00,"12,200.00"
2020-07-08,2020070801018036,CZBIL,34,40,400,187.00,"74,800.00"
2020-07-08,2020070801018035,CZBIL,14,40,50,187.00,"9,350.00"
2020-07-08,2020070801018034,CZBIL,49,40,32,187.00,"5,984.00"
2020-07-08,2020070801017675,DDBL,14,13,100,840.00,"84,000.00"
2020-07-08,2020070801017674,DDBL,44,13,750,840.00,"630,000.00"
2020-07-08,2020070801017673,DDBL,10,13,200,841.00,"168,200.00"
2020-07-08,2020070801017708,DHPL,13,14,30,49.00,"1,470.00"
2020-07-08,2020070801017645,EBL,28,28,10,660.00,"6,600.00"
2020-07-08,2020070801017709,EBL,39,28,500,660.00,"330,000.00"
2020-07-08,2020070801018024,EIC,53,13,150,410.00,"61,500.00"
2020-07-08,2020070801018023,EIC,36,13,70,412.00,"28,840.00"
2020-07-08,2020070801017837,FMDBL,38,42,585,515.00,"301,275.00"
2020-07-08,2020070801017836,FMDBL,38,41,18,515.00,"9,270.00"
2020-07-08,2020070801017835,FMDBL,38,58,300,513.00,"153,900.00"
2020-07-08,2020070801017589,FMDBL,56,34,150,512.00,"76,800.00"
2020-07-08,2020070801017684,GBIME,45,44,20,243.00,"4,860.00"
2020-07-08,2020070801017633,GBIME,45,44,50,243.00,"12,150.00"
2020-07-08,2020070801017575,GBIME,33,49,73,244.00,"17,812.00"
2020-07-08,2020070801017949,GBLBS,29,52,285,477.00,"135,945.00"
2020-07-08,2020070801017789,GBLBS,29,16,15,477.00,"7,155.00"
2020-07-08,2020070801017619,GGBSL,55,22,20,726.00,"14,520.00"
2020-07-08,2020070801018003,HBL,21,7,167,521.00,"87,007.00"
2020-07-08,2020070801017650,HGI,21,35,25,409.00,"10,225.00"
2020-07-08,2020070801017730,HPPL,56,16,10,135.00,"1,350.00"
2020-07-08,2020070801017606,HPPL,56,16,10,135.00,"1,350.00"
2020-07-08,2020070801017543,HPPL,56,38,134,135.00,"18,090.00"
2020-07-08,2020070801017714,IGI,33,26,10,443.00,"4,430.00"
2020-07-08,2020070801018033,JBBL,16,52,30,168.00,"5,040.00"
2020-07-08,2020070801018016,JBBL,16,47,20,168.00,"3,360.00"
2020-07-08,2020070801017723,JBBL,57,11,23,165.00,"3,795.00"
2020-07-08,2020070801017932,JFL,41,32,400,155.00,"62,000.00"
2020-07-08,2020070801017643,KBL,41,16,50,191.00,"9,550.00"
2020-07-08,2020070801017930,KMCDB,52,54,10,791.00,"7,910.00"
2020-07-08,2020070801017737,KMCDB,52,8,10,791.00,"7,910.00"
2020-07-08,2020070801017767,KPCL,50,58,10,102.00,"1,020.00"
2020-07-08,2020070801017915,KRBL,59,59,150,98.00,"14,700.00"
2020-07-08,2020070801017914,KRBL,6,59,90,98.00,"8,820.00"
2020-07-08,2020070801017913,KRBL,6,59,70,98.00,"6,860.00"
2020-07-08,2020070801017912,KRBL,6,59,60,98.00,"5,880.00"
2020-07-08,2020070801017911,KRBL,6,59,50,98.00,"4,900.00"
2020-07-08,2020070801017910,KRBL,6,59,100,98.00,"9,800.00"
2020-07-08,2020070801017909,KRBL,21,59,10,99.00,990.00
2020-07-08,2020070801017908,KRBL,39,59,200,99.00,"19,800.00"
2020-07-08,2020070801017893,LBL,52,45,90,208.00,"18,720.00"
2020-07-08,2020070801017838,LGIL,58,44,25,458.00,"11,450.00"
2020-07-08,2020070801017820,MBL,56,44,15,218.00,"3,270.00"
2020-07-08,2020070801017635,MEGA,32,41,335,207.00,"69,345.00"
2020-07-08,2020070801017751,MFIL,26,45,10,278.00,"2,780.00"
2020-07-08,2020070801017750,MFIL,26,28,890,278.00,"247,420.00"
2020-07-08,2020070801017995,MLBL,7,47,108,185.00,"19,980.00"
2020-07-08,2020070801017994,MLBL,7,47,28,185.00,"5,180.00"
2020-07-08,2020070801017993,MLBL,7,47,64,185.00,"11,840.00"
2020-07-08,2020070801017880,MLBL,7,16,"2,050",184.00,"377,200.00"
2020-07-08,2020070801017879,MLBL,46,16,600,184.00,"110,400.00"
2020-07-08,2020070801017878,MLBL,49,16,100,184.00,"18,400.00"
2020-07-08,2020070801018001,MNBBL,56,48,50,305.00,"15,250.00"
2020-07-08,2020070801018000,MNBBL,35,48,200,305.00,"61,000.00"
2020-07-08,2020070801017999,MNBBL,42,48,10,305.00,"3,050.00"
2020-07-08,2020070801017998,MNBBL,6,48,156,305.00,"47,580.00"
2020-07-08,2020070801017626,MNBBL,54,17,191,306.00,"58,446.00"
2020-07-08,2020070801017572,MNBBL,26,17,300,306.00,"91,800.00"
2020-07-08,2020070801017980,NABIL,57,41,17,736.00,"12,512.00"
2020-07-08,2020070801017866,NABIL,26,41,10,736.00,"7,360.00"
2020-07-08,2020070801017680,NABIL,35,26,240,735.00,"176,400.00"
2020-07-08,2020070801017679,NABIL,16,26,50,735.00,"36,750.00"
2020-07-08,2020070801017678,NABIL,6,26,10,735.00,"7,350.00"
2020-07-08,2020070801017983,NADEP,14,8,26,590.00,"15,340.00"
2020-07-08,2020070801017982,NADEP,42,8,10,590.00,"5,900.00"
2020-07-08,2020070801017981,NADEP,41,8,18,590.00,"10,620.00"
2020-07-08,2020070801017956,NBB,44,17,871,195.00,"169,845.00"
2020-07-08,2020070801017945,NBL,33,33,10,244.00,"2,440.00"
2020-07-08,2020070801017918,NBL,44,47,172,243.00,"41,796.00"
2020-07-08,2020070801017939,NGPL,16,38,13,113.00,"1,469.00"
2020-07-08,2020070801017812,NHDL,11,16,10,114.00,"1,140.00"
2020-07-08,2020070801017906,NIB,32,44,175,439.00,"76,825.00"
2020-07-08,2020070801017905,NIB,32,10,300,439.00,"131,700.00"
2020-07-08,2020070801017904,NIB,32,54,613,439.00,"269,107.00"
2020-07-08,2020070801017903,NIB,32,16,129,438.00,"56,502.00"
2020-07-08,2020070801017902,NIB,32,46,127,438.00,"55,626.00"
2020-07-08,2020070801017858,NIB,35,57,100,437.00,"43,700.00"
2020-07-08,2020070801017660,NIB,8,13,907,437.00,"396,359.00"
