Date,Transact. No.,Symbol,Buyer,Seller,Quantity,Rate,Amount
2019-04-01,2019040101005971,ADBL,55,32,500,297.00,"148,500.00"
2019-04-01,2019040101005927,ADBL,33,48,10,296.00,"2,960.00"
2019-04-01,2019040101005891,ADBL,33,49,163,296.00,"48,248.00"
2019-04-01,2019040101005783,ADBL,33,49,166,296.00,"49,136.00"
2019-04-01,2019040101005858,AKJCL,29,51,60,80.00,"4,800.00"
2019-04-01,2019040101006078,ALBSL,42,49,10,479.00,"4,790.00"
2019-04-01,2019040101005952,ALBSL,42,39,10,479.00,"4,790.00"
2019-04-01,2019040101005886,ALBSL,42,38,10,479.00,"4,790.00"
2019-04-01,2019040101005862,ALBSL,38,44,10,480.00,"4,800.00"
2019-04-01,2019040101005816,ALBSL,42,57,10,479.00,"4,790.00"
2019-04-01,2019040101005708,ALBSL,1,11,10,479.00,"4,790.00"
2019-04-01,2019040101005667,ALBSL,1,48,10,479.00,"4,790.00"
2019-04-01,2019040101005648,ALBSL,1,11,10,479.00,"4,790.00"
2019-04-01,2019040101005643,ALBSL,1,47,10,479.00,"4,790.00"
2019-04-01,2019040101005622,ALBSL,1,47,10,479.00,"4,790.00"
2019-04-01,2019040101005811,ALICL,19,28,160,387.00,"61,920.00"
2019-04-01,2019040101005810,ALICL,18,28,40,388.00,"15,520.00"
2019-04-01,2019040101005772,ALICL,18,35,60,388.00,"23,280.00"
2019-04-01,2019040101005647,ALICL,44,54,100,387.00,"38,700.00"
2019-04-01,2019040101006077,AMFI,48,34,10,660.00,"6,600.00"
2019-04-01,2019040101006012,AMFI,45,6,10,655.00,"6,550.00"
2019-04-01,2019040101006084,API,25,39,500,138.00,"69,000.00"
2019-04-01,2019040101006083,API,25,1,100,136.00,"13,600.00"
2019-04-01,2019040101006082,API,25,37,"1,134",136.00,"154,224.00"
2019-04-01,2019040101006081,API,25,57,666,136.00,"90,576.00"
2019-04-01,2019040101005804,API,25,57,60,136.00,"8,160.00"
2019-04-01,2019040101005803,API,25,58,500,135.00,"67,500.00"
2019-04-01,2019040101005754,API,57,32,"1,350",134.00,"180,900.00"
2019-04-01,2019040101005994,BARUN,11,39,530,95.00,"50,350.00"
2019-04-01,2019040101005993,BARUN,43,39,100,95.00,"9,500.00"
2019-04-01,2019040101005992,BARUN,57,39,500,95.00,"47,500.00"
2019-04-01,2019040101005991,BARUN,16,39,200,95.00,"19,000.00"
2019-04-01,2019040101005961,BFC,33,48,10,97.00,970.00
2019-04-01,2019040101005933,BFC,32,25,40,96.00,"3,840.00"
2019-04-01,2019040101005840,BFC,32,34,10,96.00,960.00
2019-04-01,2019040101005978,BOKL,1,49,"1,500",243.00,"364,500.00"
2019-04-01,2019040101005924,BOKL,49,49,500,243.00,"121,500.00"
2019-04-01,2019040101005778,BOKL,1,49,130,243.00,"31,590.00"
2019-04-01,2019040101005777,BOKL,28,42,100,242.00,"24,200.00"
2019-04-01,2019040101005769,BPCL,41,1,110,362.00,"39,820.00"
2019-04-01,2019040101005768,BPCL,41,39,33,362.00,"11,946.00"
2019-04-01,2019040101005767,BPCL,41,53,200,362.00,"72,400.00"
2019-04-01,2019040101005766,BPCL,41,51,220,361.00,"79,420.00"
2019-04-01,2019040101005665,BPCL,25,39,11,361.00,"3,971.00"
2019-04-01,2019040101006059,CBBL,53,43,200,890.00,"178,000.00"
2019-04-01,2019040101006058,CBBL,53,49,41,889.00,"36,449.00"
2019-04-01,2019040101006037,CBBL,43,35,50,888.00,"44,400.00"
2019-04-01,2019040101005617,CBBL,48,49,100,889.00,"88,900.00"
2019-04-01,2019040101005607,CBBL,48,49,10,889.00,"8,890.00"
2019-04-01,2019040101005850,CBL,14,25,450,156.00,"70,200.00"
2019-04-01,2019040101006011,CCBL,49,48,10,165.00,"1,650.00"
2019-04-01,2019040101005972,CCBL,38,57,100,164.00,"16,400.00"
2019-04-01,2019040101005773,CCBL,38,49,119,164.00,"19,516.00"
2019-04-01,2019040101006024,CHCL,1,29,20,502.00,"10,040.00"
2019-04-01,2019040101005705,CHCL,45,6,51,502.00,"25,602.00"
2019-04-01,2019040101005973,CHLBS,50,13,10,513.00,"5,130.00"
2019-04-01,2019040101005944,CHLBS,52,59,10,514.00,"5,140.00"
2019-04-01,2019040101005926,CHLBS,52,21,10,514.00,"5,140.00"
2019-04-01,2019040101005925,CHLBS,50,13,10,513.00,"5,130.00"
2019-04-01,2019040101005910,CHLBS,50,13,10,513.00,"5,130.00"
2019-04-01,2019040101005854,CHLBS,50,5,32,513.00,"16,416.00"
2019-04-01,2019040101005853,CHLBS,16,5,100,513.00,"51,300.00"
2019-04-01,2019040101005852,CHLBS,47,5,50,513.00,"25,650.00"
2019-04-01,2019040101005820,CHLBS,29,7,70,514.00,"35,980.00"
2019-04-01,2019040101005764,CHLBS,13,7,20,514.00,"10,280.00"
2019-04-01,2019040101005763,CHLBS,50,7,10,514.00,"5,140.00"
2019-04-01,2019040101005757,CHLBS,50,10,10,514.00,"5,140.00"
2019-04-01,2019040101006051,CIT,33,58,100,"2,610.00","261,000.00"
2019-04-01,2019040101006046,CIT,43,58,100,"2,600.00","260,000.00"
2019-04-01,2019040101006045,CIT,41,58,50,"2,600.00","130,000.00"
2019-04-01,2019040101006044,CIT,25,58,100,"2,600.00","260,000.00"
2019-04-01,2019040101006043,CIT,16,58,50,"2,601.00","130,050.00"
2019-04-01,2019040101006042,CIT,34,58,50,"2,601.00","130,050.00"
2019-04-01,2019040101006041,CIT,49,58,10,"2,602.00","26,020.00"
2019-04-01,2019040101005951,CIT,33,41,100,"2,610.00","261,000.00"
2019-04-01,2019040101005807,CIT,33,36,135,"2,608.00","352,080.00"
2019-04-01,2019040101005685,CIT,26,32,47,"2,607.00","122,529.00"
2019-04-01,2019040101005684,CIT,45,32,20,"2,609.00","52,180.00"
2019-04-01,2019040101006030,CZBIL,56,29,280,212.00,"59,360.00"
2019-04-01,2019040101005819,CZBIL,56,45,24,212.00,"5,088.00"
2019-04-01,2019040101005630,CZBIL,14,43,450,212.00,"95,400.00"
2019-04-01,2019040101005618,CZBIL,22,43,50,212.00,"10,600.00"
2019-04-01,2019040101005798,DBBL,4,49,26,126.00,"3,276.00"
2019-04-01,2019040101005770,DBBL,4,32,300,126.00,"37,800.00"
2019-04-01,2019040101005586,DDBL,51,35,125,586.00,"73,250.00"
2019-04-01,2019040101005990,EBL,22,1,60,573.00,"34,380.00"
2019-04-01,2019040101005776,EBL,5,1,160,573.00,"91,680.00"
2019-04-01,2019040101005775,EBL,5,25,40,572.00,"22,880.00"
2019-04-01,2019040101005929,FOWAD,42,48,30,"1,530.00","45,900.00"
2019-04-01,2019040101005800,FOWAD,42,42,10,"1,530.00","15,300.00"
2019-04-01,2019040101005650,FOWAD,42,55,15,"1,520.00","22,800.00"
2019-04-01,2019040101005779,GBBL,13,57,103,190.00,"19,570.00"
2019-04-01,2019040101005716,GBBL,13,29,97,190.00,"18,430.00"
2019-04-01,2019040101005715,GBBL,13,29,218,190.00,"41,420.00"
2019-04-01,2019040101005714,GBBL,26,29,100,190.00,"19,000.00"
2019-04-01,2019040101005713,GBBL,58,29,85,190.00,"16,150.00"
2019-04-01,2019040101005809,GBIME,5,42,100,264.00,"26,400.00"
2019-04-01,2019040101005760,GBIME,5,49,27,264.00,"7,128.00"
2019-04-01,2019040101005789,GBLBS,21,49,10,448.00,"4,480.00"
2019-04-01,2019040101005786,GBLBS,29,42,30,449.00,"13,470.00"
2019-04-01,2019040101005682,GBLBS,29,55,10,449.00,"4,490.00"
2019-04-01,2019040101005677,GBLBS,29,51,10,449.00,"4,490.00"
2019-04-01,2019040101005639,GBLBS,6,57,50,451.00,"22,550.00"
2019-04-01,2019040101006085,GDBL,1,32,100,185.00,"18,500.00"
2019-04-01,2019040101005996,GDBL,28,28,263,186.00,"48,918.00"
2019-04-01,2019040101005907,GDBL,56,35,50,185.00,"9,250.00"
2019-04-01,2019040101005906,GDBL,26,35,100,185.00,"18,500.00"
2019-04-01,2019040101005905,GDBL,52,35,80,185.00,"14,800.00"
2019-04-01,2019040101005904,GDBL,59,35,66,186.00,"12,276.00"
2019-04-01,2019040101006021,GLICL,10,35,81,500.00,"40,500.00"
2019-04-01,2019040101005663,GRDBL,43,17,50,105.00,"5,250.00"
2019-04-01,2019040101005788,GUFL,16,25,295,112.00,"33,040.00"
2019-04-01,2019040101005707,GUFL,25,25,75,113.00,"8,475.00"
2019-04-01,2019040101005644,GUFL,51,25,10,113.00,"1,130.00"
2019-04-01,2019040101005930,HBL,22,40,10,458.00,"4,580.00"
2019-04-01,2019040101005749,HBL,5,17,100,462.00,"46,200.00"
2019-04-01,2019040101005719,HGI,35,54,30,377.00,"11,310.00"
2019-04-01,2019040101005694,HGI,54,17,25,375.00,"9,375.00"
2019-04-01,2019040101005634,HGI,54,54,390,375.00,"146,250.00"
2019-04-01,2019040101005633,HGI,56,54,50,375.00,"18,750.00"
2019-04-01,2019040101005632,HGI,19,54,50,376.00,"18,800.00"
2019-04-01,2019040101005631,HGI,25,54,10,377.00,"3,770.00"
2019-04-01,2019040101005896,HIDCL,29,1,50,134.00,"6,700.00"
2019-04-01,2019040101005675,HIDCL,40,6,15,133.00,"1,995.00"
2019-04-01,2019040101005755,JBBL,6,1,30,137.00,"4,110.00"
2019-04-01,2019040101006069,JBNL,33,44,100,177.00,"17,700.00"
2019-04-01,2019040101005884,JBNL,34,52,500,176.00,"88,000.00"
2019-04-01,2019040101005883,JBNL,34,11,100,176.00,"17,600.00"
2019-04-01,2019040101005882,JBNL,34,38,"1,000",176.00,"176,000.00"
2019-04-01,2019040101005881,JBNL,34,35,"1,000",176.00,"176,000.00"
2019-04-01,2019040101005880,JBNL,34,28,349,176.00,"61,424.00"
2019-04-01,2019040101005725,JBNL,28,28,600,176.00,"105,600.00"
2019-04-01,2019040101005674,JBNL,21,28,51,176.00,"8,976.00"
2019-04-01,2019040101005673,JBNL,21,44,49,176.00,"8,624.00"
2019-04-01,2019040101005619,KBBL,45,16,101,208.00,"21,008.00"
2019-04-01,2019040101005681,KBL,50,54,200,239.00,"47,800.00"
2019-04-01,2019040101005680,KBL,50,25,"1,000",239.00,"239,000.00"
2019-04-01,2019040101005838,KMFL,45,5,80,817.00,"65,360.00"
2019-04-01,2019040101005734,KNBL,58,55,38,121.00,"4,598.00"
2019-04-01,2019040101005686,KPCL,32,51,10,92.00,920.00
2019-04-01,2019040101006009,KSBBL,38,48,125,140.00,"17,500.00"
2019-04-01,2019040101005636,KSBBL,38,35,300,140.00,"42,000.00"
2019-04-01,2019040101005731,LBBL,33,32,400,172.00,"68,800.00"
2019-04-01,2019040101005730,LBBL,33,37,600,172.00,"103,200.00"
2019-04-01,2019040101005729,LBBL,48,37,200,172.00,"34,400.00"
2019-04-01,2019040101005728,LBBL,40,37,200,172.00,"34,400.00"
2019-04-01,2019040101006000,LBL,46,40,"2,150",196.00,"421,400.00"
2019-04-01,2019040101005710,LBL,46,46,2,193.00,386.00
2019-04-01,2019040101005701,LBL,26,40,350,196.00,"68,600.00"
2019-04-01,2019040101005668,LBL,54,40,500,196.00,"98,000.00"
2019-04-01,2019040101005649,LBL,46,29,"3,000",195.00,"585,000.00"
2019-04-01,2019040101006034,LGIL,6,38,300,504.00,"151,200.00"
2019-04-01,2019040101005802,LGIL,37,35,58,500.00,"29,000.00"
2019-04-01,2019040101005801,LGIL,51,35,42,501.00,"21,042.00"
2019-04-01,2019040101005629,LGIL,51,45,58,501.00,"29,058.00"
2019-04-01,2019040101005628,LGIL,52,45,15,503.00,"7,545.00"
2019-04-01,2019040101005903,MBL,51,32,10,228.00,"2,280.00"
2019-04-01,2019040101005892,MBL,51,46,740,227.00,"167,980.00"
2019-04-01,2019040101005857,MBL,6,46,260,227.00,"59,020.00"
2019-04-01,2019040101005847,MBL,51,54,50,227.00,"11,350.00"
2019-04-01,2019040101005846,MBL,51,1,400,227.00,"90,800.00"
2019-04-01,2019040101005845,MBL,51,54,250,227.00,"56,750.00"
2019-04-01,2019040101005844,MBL,51,26,600,227.00,"136,200.00"
2019-04-01,2019040101005843,MBL,51,59,300,227.00,"68,100.00"
2019-04-01,2019040101005842,MBL,51,16,100,227.00,"22,700.00"
2019-04-01,2019040101005841,MBL,51,32,250,227.00,"56,750.00"
2019-04-01,2019040101005638,MBL,49,6,420,226.00,"94,920.00"
2019-04-01,2019040101006070,MDB,11,1,100,233.00,"23,300.00"
2019-04-01,2019040101006068,MEGA,5,25,91,162.00,"14,742.00"
2019-04-01,2019040101006023,MEGA,17,57,116,161.00,"18,676.00"
2019-04-01,2019040101005928,MEGA,5,25,300,162.00,"48,600.00"
2019-04-01,2019040101005762,MEGA,17,55,69,161.00,"11,109.00"
2019-04-01,2019040101005687,MEGA,17,28,600,161.00,"96,600.00"
2019-04-01,2019040101005669,MEGA,17,46,51,161.00,"8,211.00"
2019-04-01,2019040101005683,MERO,22,45,16,560.00,"8,960.00"
2019-04-01,2019040101006029,MMFDB,37,58,102,905.00,"92,310.00"
2019-04-01,2019040101005962,MMFDB,38,58,50,905.00,"45,250.00"
2019-04-01,2019040101005785,MMFDB,45,58,10,905.00,"9,050.00"
2019-04-01,2019040101006006,MNBBL,42,50,50,345.00,"17,250.00"
2019-04-01,2019040101005958,MNBBL,42,1,200,345.00,"69,000.00"
2019-04-01,2019040101005945,MNBBL,4,44,20,346.00,"6,920.00"
2019-04-01,2019040101005735,MNBBL,37,1,153,345.00,"52,785.00"
2019-04-01,2019040101006072,MSLB,50,55,65,"1,237.00","80,405.00"
2019-04-01,2019040101006047,MSLB,45,55,10,"1,245.00","12,450.00"
2019-04-01,2019040101006036,MSMBS,34,42,50,520.00,"26,000.00"
2019-04-01,2019040101006064,NABIL,13,3,200,712.00,"142,400.00"
2019-04-01,2019040101006063,NABIL,13,57,30,712.00,"21,360.00"
2019-04-01,2019040101005908,NABIL,6,57,20,712.00,"14,240.00"
2019-04-01,2019040101005712,NABIL,13,57,50,712.00,"35,600.00"
2019-04-01,2019040101006008,NABILP,57,6,199,695.00,"138,305.00"
2019-04-01,2019040101006007,NABILP,56,6,101,696.00,"70,296.00"
2019-04-01,2019040101005700,NABILP,56,28,399,696.00,"277,704.00"
2019-04-01,2019040101005699,NABILP,58,28,500,697.00,"348,500.00"
2019-04-01,2019040101005698,NABILP,19,28,125,697.00,"87,125.00"
2019-04-01,2019040101005697,NABILP,28,28,100,699.00,"69,900.00"
2019-04-01,2019040101005771,NADEP,29,21,10,660.00,"6,600.00"
2019-04-01,2019040101006057,NBB,51,1,200,198.00,"39,600.00"
2019-04-01,2019040101006056,NBB,51,14,"1,000",198.00,"198,000.00"
2019-04-01,2019040101006055,NBB,51,33,300,198.00,"59,400.00"
2019-04-01,2019040101006032,NBB,41,33,200,198.00,"39,600.00"
2019-04-01,2019040101005935,NBB,51,57,56,197.00,"11,032.00"
2019-04-01,2019040101005899,NBB,51,57,600,197.00,"118,200.00"
2019-04-01,2019040101005898,NBB,52,57,10,197.00,"1,970.00"
2019-04-01,2019040101005897,NBB,45,57,140,197.00,"27,580.00"
2019-04-01,2019040101005835,NBB,45,10,60,197.00,"11,820.00"
2019-04-01,2019040101006071,NBL,51,48,100,291.00,"29,100.00"
2019-04-01,2019040101006040,NBL,33,48,100,291.00,"29,100.00"
2019-04-01,2019040101005942,NBL,38,55,50,290.00,"14,500.00"
2019-04-01,2019040101005941,NBL,46,55,50,290.00,"14,500.00"
2019-04-01,2019040101005826,NBL,46,42,50,290.00,"14,500.00"
2019-04-01,2019040101005825,NBL,38,42,150,290.00,"43,500.00"
2019-04-01,2019040101006080,NCCB,26,44,500,213.00,"106,500.00"
2019-04-01,2019040101006005,NCCB,33,44,100,213.00,"21,300.00"
2019-04-01,2019040101005943,NGPL,49,29,39,125.00,"4,875.00"
2019-04-01,2019040101005909,NGPL,29,1,50,127.00,"6,350.00"
2019-04-01,2019040101005620,NGPL,49,45,11,125.00,"1,375.00"
2019-04-01,2019040101005588,NGPL,46,59,11,125.00,"1,375.00"
2019-04-01,2019040101005787,NHDL,45,10,10,127.00,"1,270.00"
2019-04-01,2019040101005601,NHDL,45,59,10,127.00,"1,270.00"
2019-04-01,2019040101006075,NHPC,54,17,20,74.00,"1,480.00"
2019-04-01,2019040101006074,NHPC,54,38,480,74.00,"35,520.00"
2019-04-01,2019040101006004,NHPC,56,17,70,74.00,"5,180.00"
2019-04-01,2019040101006003,NHPC,56,42,30,73.00,"2,190.00"
2019-04-01,2019040101005954,NHPC,21,56,"1,000",73.00,"73,000.00"
2019-04-01,2019040101005953,NHPC,21,34,"2,000",73.00,"146,000.00"
2019-04-01,2019040101006031,NIB,57,44,10,529.00,"5,290.00"
2019-04-01,2019040101005923,NIB,57,57,100,529.00,"52,900.00"
2019-04-01,2019040101005812,NIB,57,49,23,529.00,"12,167.00"
2019-04-01,2019040101005732,NIB,46,46,5,520.00,"2,600.00"
2019-04-01,2019040101005606,NIB,33,38,50,530.00,"26,500.00"
2019-04-01,2019040101006052,NIBLPF,49,45,253,7.01,"1,773.53"
2019-04-01,2019040101005960,NIBLPF,49,45,253,7.01,"1,773.53"
2019-04-01,2019040101005995,NIBPO,37,43,10,492.00,"4,920.00"
2019-04-01,2019040101005987,NICA,25,17,84,410.00,"34,440.00"
2019-04-01,2019040101005986,NICA,25,49,200,410.00,"82,000.00"
2019-04-01,2019040101005985,NICA,25,34,958,410.00,"392,780.00"
2019-04-01,2019040101005984,NICA,25,41,100,410.00,"41,000.00"
2019-04-01,2019040101005963,NICA,43,28,"1,000",409.00,"409,000.00"
2019-04-01,2019040101005888,NICA,38,47,300,408.00,"122,400.00"
2019-04-01,2019040101005654,NICA,41,26,300,408.00,"122,400.00"
2019-04-01,2019040101005653,NICA,41,34,100,408.00,"40,800.00"
2019-04-01,2019040101005652,NICA,41,4,55,408.00,"22,440.00"
2019-04-01,2019040101005651,NICA,41,8,740,408.00,"301,920.00"
2019-04-01,2019040101005623,NICA,33,8,200,408.00,"81,600.00"
2019-04-01,2019040101005740,NICA,21,45,200,408.00,"81,600.00"
2019-04-01,2019040101005727,NICA,5,49,100,408.00,"40,800.00"
2019-04-01,2019040101005726,NICA,38,36,110,407.00,"44,770.00"
2019-04-01,2019040101005657,NICA,41,1,22,408.00,"8,976.00"
2019-04-01,2019040101005656,NICA,41,26,135,408.00,"55,080.00"
2019-04-01,2019040101005655,NICA,41,19,20,408.00,"8,160.00"
2019-04-01,2019040101005885,NICA,38,47,200,408.00,"81,600.00"
2019-04-01,2019040101005879,NICA,38,49,"1,233",408.00,"503,064.00"
2019-04-01,2019040101005861,NICA,26,49,200,408.00,"81,600.00"
2019-04-01,2019040101005814,NICA,14,49,101,408.00,"41,208.00"
2019-04-01,2019040101005765,NICA,37,49,65,408.00,"26,520.00"
2019-04-01,2019040101005741,NICA,21,49,800,408.00,"326,400.00"
2019-04-01,2019040101006061,NIL,16,32,10,518.00,"5,180.00"
2019-04-01,2019040101005795,NIL,17,46,115,515.00,"59,225.00"
2019-04-01,2019040101005794,NIL,25,46,685,515.00,"352,775.00"
2019-04-01,2019040101005793,NIL,16,46,200,516.00,"103,200.00"
2019-04-01,2019040101005998,NLG,52,52,9,787.00,"7,083.00"
2019-04-01,2019040101005758,NLG,25,32,11,800.00,"8,800.00"
2019-04-01,2019040101005747,NLG,29,52,43,790.00,"33,970.00"
2019-04-01,2019040101005718,NLG,29,52,40,790.00,"31,600.00"
2019-04-01,2019040101005696,NLG,49,52,100,791.00,"79,100.00"
2019-04-01,2019040101005695,NLG,29,52,50,791.00,"39,550.00"
2019-04-01,2019040101005822,NLIC,54,49,17,"1,093.00","18,581.00"
2019-04-01,2019040101005693,NLIC,54,45,21,"1,093.00","22,953.00"
2019-04-01,2019040101005642,NLIC,58,43,95,"1,094.00","103,930.00"
2019-04-01,2019040101005641,NLIC,56,43,233,"1,094.00","254,902.00"
2019-04-01,2019040101005640,NLIC,45,43,15,"1,094.00","16,410.00"
2019-04-01,2019040101006079,NLICL,34,50,38,569.00,"21,622.00"
2019-04-01,2019040101006028,NLICL,34,50,17,569.00,"9,673.00"
2019-04-01,2019040101006022,NLICL,42,53,40,570.00,"22,800.00"
2019-04-01,2019040101005914,NLICL,34,40,45,569.00,"25,605.00"
2019-04-01,2019040101005913,NLICL,29,40,30,569.00,"17,070.00"
2019-04-01,2019040101005912,NLICL,33,40,500,569.00,"284,500.00"
2019-04-01,2019040101005911,NLICL,28,40,80,569.00,"45,520.00"
2019-04-01,2019040101005666,NLICL,14,25,180,570.00,"102,600.00"
2019-04-01,2019040101005616,NLICL,28,58,300,569.00,"170,700.00"
2019-04-01,2019040101006017,NMB,58,5,665,331.00,"220,115.00"
2019-04-01,2019040101006016,NMB,6,5,600,331.00,"198,600.00"
2019-04-01,2019040101005983,NMB,58,29,35,332.00,"11,620.00"
2019-04-01,2019040101005982,NMB,58,26,406,332.00,"134,792.00"
2019-04-01,2019040101005981,NMB,58,6,500,332.00,"166,000.00"
2019-04-01,2019040101005980,NMB,58,29,50,332.00,"16,600.00"
2019-04-01,2019040101005979,NMB,58,37,70,332.00,"23,240.00"
2019-04-01,2019040101005856,NMB,5,37,100,332.00,"33,200.00"
2019-04-01,2019040101005808,NMB,25,51,126,331.00,"41,706.00"
2019-04-01,2019040101005711,NMB,25,35,200,331.00,"66,200.00"
2019-04-01,2019040101005709,NMB,54,35,200,331.00,"66,200.00"
2019-04-01,2019040101005813,NMBMF,45,13,35,"1,010.00","35,350.00"
2019-04-01,2019040101005934,NTC,51,57,420,679.00,"285,180.00"
2019-04-01,2019040101005744,NTC,29,22,100,678.00,"67,800.00"
2019-04-01,2019040101005743,NTC,38,22,100,678.00,"67,800.00"
2019-04-01,2019040101005742,NTC,56,22,150,678.00,"101,700.00"
2019-04-01,2019040101005746,NTC,49,22,450,677.00,"304,650.00"
2019-04-01,2019040101005745,NTC,19,22,200,677.00,"135,400.00"
2019-04-01,2019040101006018,NUBL,42,45,109,740.00,"80,660.00"
2019-04-01,2019040101005782,NUBL,32,45,50,740.00,"37,000.00"
2019-04-01,2019040101005781,NUBL,1,45,30,740.00,"22,200.00"
2019-04-01,2019040101005780,NUBL,43,45,50,740.00,"37,000.00"
2019-04-01,2019040101005863,PCBL,55,49,11,320.00,"3,520.00"
2019-04-01,2019040101005759,PCBL,46,46,1,312.00,312.00
2019-04-01,2019040101005598,PCBL,55,48,"1,000",318.00,"318,000.00"
2019-04-01,2019040101005597,PCBL,32,48,100,318.00,"31,800.00"
2019-04-01,2019040101005596,PCBL,35,48,"5,000",318.00,"1,590,000.00"
2019-04-01,2019040101005595,PCBL,33,48,12,318.00,"3,816.00"
2019-04-01,2019040101005594,PCBL,40,48,50,319.00,"15,950.00"
2019-04-01,2019040101005593,PCBL,50,48,25,319.00,"7,975.00"
2019-04-01,2019040101005592,PCBL,34,48,200,319.00,"63,800.00"
2019-04-01,2019040101005806,PFL,58,55,11,129.00,"1,419.00"
2019-04-01,2019040101005939,PIC,35,32,100,"1,019.00","101,900.00"
2019-04-01,2019040101005921,PICL,56,58,183,670.00,"122,610.00"
2019-04-01,2019040101005920,PICL,19,58,47,672.00,"31,584.00"
2019-04-01,2019040101005902,PICL,19,58,253,672.00,"170,016.00"
2019-04-01,2019040101005901,PICL,34,58,30,673.00,"20,190.00"
2019-04-01,2019040101006015,PLIC,45,35,40,447.00,"17,880.00"
2019-04-01,2019040101006014,PLIC,17,35,60,447.00,"26,820.00"
2019-04-01,2019040101005974,PMHPL,32,25,10,111.00,"1,110.00"
2019-04-01,2019040101005931,PMHPL,38,38,10,110.00,"1,100.00"
2019-04-01,2019040101005893,PMHPL,32,47,10,109.00,"1,090.00"
2019-04-01,2019040101005859,PMHPL,32,47,10,109.00,"1,090.00"
2019-04-01,2019040101005821,PMHPL,10,55,10,109.00,"1,090.00"
2019-04-01,2019040101005703,PMHPL,10,51,10,109.00,"1,090.00"
2019-04-01,2019040101005672,PMHPL,10,44,10,109.00,"1,090.00"
2019-04-01,2019040101005662,PMHPL,10,44,10,109.00,"1,090.00"
2019-04-01,2019040101006019,PRIN,32,32,10,408.00,"4,080.00"
2019-04-01,2019040101006013,PRIN,22,6,460,405.00,"186,300.00"
2019-04-01,2019040101005956,PRIN,32,40,95,405.00,"38,475.00"
2019-04-01,2019040101005955,PRIN,58,40,385,405.00,"155,925.00"
2019-04-01,2019040101005761,PRIN,58,35,100,405.00,"40,500.00"
2019-04-01,2019040101005706,PRIN,58,51,15,405.00,"6,075.00"
2019-04-01,2019040101005659,PRIN,32,51,85,405.00,"34,425.00"
2019-04-01,2019040101005626,PRIN,32,25,115,405.00,"46,575.00"
2019-04-01,2019040101005625,PRIN,7,25,35,405.00,"14,175.00"
2019-04-01,2019040101005613,PRIN,7,45,15,405.00,"6,075.00"
2019-04-01,2019040101005612,PRIN,14,45,109,405.00,"44,145.00"
2019-04-01,2019040101006033,PRVU,25,51,400,243.00,"97,200.00"
2019-04-01,2019040101006020,PRVU,19,8,500,243.00,"121,500.00"
2019-04-01,2019040101005752,PRVU,28,34,"1,500",242.00,"363,000.00"
2019-04-01,2019040101005751,PRVU,28,4,655,242.00,"158,510.00"
2019-04-01,2019040101005750,PRVU,49,4,100,242.00,"24,200.00"
2019-04-01,2019040101005605,PRVU,58,4,"1,220",242.00,"295,240.00"
2019-04-01,2019040101005900,PRVU,28,43,100,242.00,"24,200.00"
2019-04-01,2019040101005753,PRVU,28,1,200,242.00,"48,400.00"
2019-04-01,2019040101005940,RADHI,26,45,11,164.00,"1,804.00"
2019-04-01,2019040101006039,RMDC,56,40,267,529.00,"141,243.00"
2019-04-01,2019040101005660,RMDC,56,49,150,530.00,"79,500.00"
2019-04-01,2019040101005724,RRHP,37,51,10,95.00,950.00
2019-04-01,2019040101005975,RSDC,28,39,63,362.00,"22,806.00"
2019-04-01,2019040101005887,RSDC,19,39,50,363.00,"18,150.00"
2019-04-01,2019040101005720,RSDC,28,6,57,362.00,"20,634.00"
2019-04-01,2019040101005589,RSDC,28,21,10,362.00,"3,620.00"
2019-04-01,2019040101006038,SADBL,58,14,20,147.00,"2,940.00"
2019-04-01,2019040101005837,SADBL,36,35,404,144.00,"58,176.00"
2019-04-01,2019040101005836,SADBL,36,35,109,144.00,"15,696.00"
2019-04-01,2019040101005661,SADBL,36,38,200,144.00,"28,800.00"
2019-04-01,2019040101006027,SANIMA,58,55,100,306.00,"30,600.00"
2019-04-01,2019040101006026,SANIMA,58,48,400,305.00,"122,000.00"
2019-04-01,2019040101006025,SANIMA,58,22,200,304.00,"60,800.00"
2019-04-01,2019040101005792,SBI,10,1,50,392.00,"19,600.00"
2019-04-01,2019040101005791,SBI,10,56,146,392.00,"57,232.00"
2019-04-01,2019040101005733,SBI,1,17,30,390.00,"11,700.00"
2019-04-01,2019040101005679,SBI,1,17,50,390.00,"19,500.00"
2019-04-01,2019040101005678,SBI,52,17,100,390.00,"39,000.00"
2019-04-01,2019040101005950,SBL,50,45,30,293.00,"8,790.00"
2019-04-01,2019040101005949,SBL,50,1,42,293.00,"12,306.00"
2019-04-01,2019040101005948,SBL,50,53,100,293.00,"29,300.00"
2019-04-01,2019040101005947,SBL,50,39,50,293.00,"14,650.00"
2019-04-01,2019040101005946,SBL,50,38,292,293.00,"85,556.00"
2019-04-01,2019040101005878,SBL,16,38,208,293.00,"60,944.00"
2019-04-01,2019040101005877,SBL,16,36,292,293.00,"85,556.00"
2019-04-01,2019040101005833,SBL,28,47,100,292.00,"29,200.00"
2019-04-01,2019040101005805,SBL,48,48,5,295.00,"1,475.00"
2019-04-01,2019040101005774,SBL,28,6,561,292.00,"163,812.00"
2019-04-01,2019040101006053,SCB,29,6,250,567.00,"141,750.00"
2019-04-01,2019040101006035,SCB,19,3,450,566.00,"254,700.00"
2019-04-01,2019040101005790,SCB,18,3,50,568.00,"28,400.00"
2019-04-01,2019040101005723,SCB,10,45,30,565.00,"16,950.00"
2019-04-01,2019040101006048,SDESI,6,44,10,534.00,"5,340.00"
2019-04-01,2019040101006010,SDESI,40,32,200,535.00,"107,000.00"
2019-04-01,2019040101005610,SDESI,40,59,11,535.00,"5,885.00"
2019-04-01,2019040101005970,SHINE,58,57,100,230.00,"23,000.00"
2019-04-01,2019040101005969,SHINE,16,57,100,230.00,"23,000.00"
2019-04-01,2019040101005968,SHINE,35,57,100,230.00,"23,000.00"
2019-04-01,2019040101005967,SHINE,49,57,"1,000",230.00,"230,000.00"
2019-04-01,2019040101005966,SHINE,43,57,150,231.00,"34,650.00"
2019-04-01,2019040101005965,SHINE,13,57,311,231.00,"71,841.00"
2019-04-01,2019040101005964,SHINE,34,57,300,231.00,"69,300.00"
2019-04-01,2019040101006076,SHIVM,58,57,50,330.00,"16,500.00"
2019-04-01,2019040101006062,SHIVM,39,49,50,329.00,"16,450.00"
2019-04-01,2019040101006049,SHIVM,34,57,150,330.00,"49,500.00"
2019-04-01,2019040101005997,SHIVM,39,19,100,329.00,"32,900.00"
2019-04-01,2019040101005988,SHIVM,39,40,50,329.00,"16,450.00"
2019-04-01,2019040101005959,SHIVM,39,40,50,329.00,"16,450.00"
2019-04-01,2019040101005599,SHIVM,58,40,50,330.00,"16,500.00"
2019-04-01,2019040101005587,SHIVM,58,40,50,330.00,"16,500.00"
2019-04-01,2019040101005645,SHIVM,58,40,40,330.00,"13,200.00"
2019-04-01,2019040101005635,SHIVM,58,40,50,330.00,"16,500.00"
2019-04-01,2019040101005627,SHIVM,58,40,50,330.00,"16,500.00"
2019-04-01,2019040101005621,SHIVM,58,40,50,330.00,"16,500.00"
2019-04-01,2019040101005615,SHIVM,58,40,50,330.00,"16,500.00"
2019-04-01,2019040101005608,SHIVM,58,40,50,330.00,"16,500.00"
2019-04-01,2019040101005691,SHIVM,34,40,50,330.00,"16,500.00"
2019-04-01,2019040101005690,SHIVM,34,40,50,330.00,"16,500.00"
2019-04-01,2019040101005689,SHIVM,34,40,10,330.00,"3,300.00"
2019-04-01,2019040101005688,SHIVM,34,41,50,330.00,"16,500.00"
2019-04-01,2019040101005664,SHIVM,39,40,40,330.00,"13,200.00"
2019-04-01,2019040101005646,SHIVM,39,40,10,330.00,"3,300.00"
2019-04-01,2019040101005796,SHIVM,58,17,50,329.00,"16,450.00"
2019-04-01,2019040101005784,SHIVM,58,17,60,329.00,"19,740.00"
2019-04-01,2019040101005722,SHIVM,34,40,40,330.00,"13,200.00"
2019-04-01,2019040101005717,SHIVM,34,1,50,330.00,"16,500.00"
2019-04-01,2019040101005704,SHIVM,34,40,50,330.00,"16,500.00"
2019-04-01,2019040101005692,SHIVM,34,40,50,330.00,"16,500.00"
2019-04-01,2019040101005830,SHIVM,34,40,50,330.00,"16,500.00"
2019-04-01,2019040101005829,SHIVM,34,40,50,330.00,"16,500.00"
2019-04-01,2019040101005828,SHIVM,34,40,50,330.00,"16,500.00"
2019-04-01,2019040101005827,SHIVM,34,33,660,330.00,"217,800.00"
2019-04-01,2019040101005818,SHIVM,5,33,40,330.00,"13,200.00"
2019-04-01,2019040101005817,SHIVM,5,40,10,330.00,"3,300.00"
2019-04-01,2019040101005937,SHIVM,14,40,50,329.00,"16,450.00"
2019-04-01,2019040101005894,SHIVM,32,57,50,329.00,"16,450.00"
2019-04-01,2019040101005851,SHIVM,32,40,50,329.00,"16,450.00"
2019-04-01,2019040101005834,SHIVM,32,40,50,329.00,"16,450.00"
2019-04-01,2019040101005832,SHIVM,34,57,90,330.00,"29,700.00"
2019-04-01,2019040101005831,SHIVM,34,40,50,330.00,"16,500.00"
2019-04-01,2019040101005936,SHL,42,57,100,209.00,"20,900.00"
2019-04-01,2019040101005895,SHL,42,57,100,208.00,"20,800.00"
2019-04-01,2019040101006067,SHPC,14,46,25,225.00,"5,625.00"
2019-04-01,2019040101006066,SHPC,47,46,500,225.00,"112,500.00"
2019-04-01,2019040101006065,SHPC,7,46,900,225.00,"202,500.00"
2019-04-01,2019040101005756,SIC,42,32,10,"1,289.00","12,890.00"
2019-04-01,2019040101005860,SICL,56,35,100,875.00,"87,500.00"
2019-04-01,2019040101005737,SIL,42,34,10,597.00,"5,970.00"
2019-04-01,2019040101005671,SIL,56,35,297,593.00,"176,121.00"
2019-04-01,2019040101005670,SIL,7,35,62,594.00,"36,828.00"
2019-04-01,2019040101006050,SKBBL,10,50,28,860.00,"24,080.00"
2019-04-01,2019040101005918,SLBBL,54,57,120,492.00,"59,040.00"
2019-04-01,2019040101005917,SLBBL,52,57,100,493.00,"49,300.00"
2019-04-01,2019040101005890,SLBS,53,29,10,855.00,"8,550.00"
2019-04-01,2019040101005889,SLBS,32,29,10,855.00,"8,550.00"
2019-04-01,2019040101005815,SLBSL,18,10,10,685.00,"6,850.00"
2019-04-01,2019040101006002,SLICL,25,40,40,518.00,"20,720.00"
2019-04-01,2019040101006001,SLICL,29,40,223,518.00,"115,514.00"
2019-04-01,2019040101005799,SLICL,22,5,100,520.00,"52,000.00"
2019-04-01,2019040101005702,SLICL,29,39,477,518.00,"247,086.00"
2019-04-01,2019040101005999,SMATA,41,32,72,"1,223.00","88,056.00"
2019-04-01,2019040101005938,SMATA,41,45,18,"1,223.00","22,014.00"
2019-04-01,2019040101005602,SMB,11,6,10,612.00,"6,120.00"
2019-04-01,2019040101005797,SMFDB,56,45,50,610.00,"30,500.00"
2019-04-01,2019040101005989,SRBL,26,28,50,225.00,"11,250.00"
2019-04-01,2019040101005823,SRBL,52,25,50,224.00,"11,200.00"
2019-04-01,2019040101005736,UFL,58,29,50,201.00,"10,050.00"
2019-04-01,2019040101005922,UIC,42,1,100,780.00,"78,000.00"
2019-04-01,2019040101005591,UIC,16,34,10,794.00,"7,940.00"
2019-04-01,2019040101005849,UMHL,36,46,10,114.00,"1,140.00"
2019-04-01,2019040101005748,UMHL,57,45,27,112.00,"3,024.00"
2019-04-01,2019040101006073,UPPER,38,38,21,238.00,"4,998.00"
2019-04-01,2019040101006060,UPPER,38,38,19,238.00,"4,522.00"
2019-04-01,2019040101006054,UPPER,10,45,53,237.00,"12,561.00"
2019-04-01,2019040101005977,UPPER,4,38,31,238.00,"7,378.00"
2019-04-01,2019040101005976,UPPER,38,38,50,239.00,"11,950.00"
2019-04-01,2019040101005957,UPPER,4,42,50,238.00,"11,900.00"
2019-04-01,2019040101005611,UPPER,38,5,40,238.00,"9,520.00"
2019-04-01,2019040101005609,UPPER,10,44,50,237.00,"11,850.00"
2019-04-01,2019040101005604,UPPER,11,58,1,238.00,238.00
2019-04-01,2019040101005603,UPPER,11,42,19,238.00,"4,522.00"
2019-04-01,2019040101005590,UPPER,10,44,40,237.00,"9,480.00"
2019-04-01,2019040101005721,UPPER,10,7,40,237.00,"9,480.00"
2019-04-01,2019040101005676,UPPER,10,25,40,237.00,"9,480.00"
2019-04-01,2019040101005658,UPPER,39,5,28,238.00,"6,664.00"
2019-04-01,2019040101005637,UPPER,10,44,50,237.00,"11,850.00"
2019-04-01,2019040101005624,UPPER,10,44,50,237.00,"11,850.00"
2019-04-01,2019040101005855,UPPER,10,55,50,237.00,"11,850.00"
2019-04-01,2019040101005848,UPPER,33,34,200,238.00,"47,600.00"
2019-04-01,2019040101005839,UPPER,10,49,50,237.00,"11,850.00"
2019-04-01,2019040101005824,UPPER,38,34,40,238.00,"9,520.00"
2019-04-01,2019040101005739,UPPER,38,19,28,238.00,"6,664.00"
2019-04-01,2019040101005738,UPPER,38,5,12,238.00,"2,856.00"
2019-04-01,2019040101005869,UPPER,4,7,50,238.00,"11,900.00"
2019-04-01,2019040101005868,UPPER,4,38,50,238.00,"11,900.00"
2019-04-01,2019040101005867,UPPER,4,44,100,238.00,"23,800.00"
2019-04-01,2019040101005866,UPPER,4,38,50,238.00,"11,900.00"
2019-04-01,2019040101005865,UPPER,4,38,50,238.00,"11,900.00"
2019-04-01,2019040101005864,UPPER,4,34,160,238.00,"38,080.00"
2019-04-01,2019040101005875,UPPER,4,38,40,238.00,"9,520.00"
2019-04-01,2019040101005874,UPPER,4,19,12,238.00,"2,856.00"
2019-04-01,2019040101005873,UPPER,4,38,40,238.00,"9,520.00"
2019-04-01,2019040101005872,UPPER,4,7,40,238.00,"9,520.00"
2019-04-01,2019040101005871,UPPER,4,7,40,238.00,"9,520.00"
2019-04-01,2019040101005870,UPPER,4,38,40,238.00,"9,520.00"
2019-04-01,2019040101005932,UPPER,4,42,50,238.00,"11,900.00"
2019-04-01,2019040101005919,UPPER,4,42,97,238.00,"23,086.00"
2019-04-01,2019040101005916,UPPER,4,7,50,238.00,"11,900.00"
2019-04-01,2019040101005876,UPPER,4,7,50,238.00,"11,900.00"
2019-04-01,2019040101005499,ADBL,10,49,34,297.00,"10,098.00"
2019-04-01,2019040101005498,ADBL,10,7,66,297.00,"19,602.00"
2019-04-01,2019040101005204,ADBL,33,1,40,295.00,"11,800.00"
2019-04-01,2019040101005454,AHPC,28,59,108,106.00,"11,448.00"
2019-04-01,2019040101005344,AHPC,32,37,10,108.00,"1,080.00"
2019-04-01,2019040101005274,AHPC,42,21,200,107.00,"21,400.00"
2019-04-01,2019040101005273,AHPC,42,7,"2,700",107.00,"288,900.00"
2019-04-01,2019040101005272,AHPC,42,28,100,107.00,"10,700.00"
2019-04-01,2019040101005271,AHPC,42,58,300,105.00,"31,500.00"
2019-04-01,2019040101005270,AHPC,42,28,"2,490",105.00,"261,450.00"
2019-04-01,2019040101005429,AKJCL,29,46,10,80.00,800.00
2019-04-01,2019040101005379,AKJCL,29,44,20,80.00,"1,600.00"
2019-04-01,2019040101005370,AKJCL,29,44,10,80.00,800.00
2019-04-01,2019040101005358,AKJCL,29,44,10,80.00,800.00
2019-04-01,2019040101005306,AKJCL,55,52,20,81.00,"1,620.00"
2019-04-01,2019040101005281,AKJCL,29,44,10,80.00,800.00
2019-04-01,2019040101005153,AKJCL,29,44,20,80.00,"1,600.00"
2019-04-01,2019040101005141,AKJCL,29,44,10,80.00,800.00
2019-04-01,2019040101005132,AKJCL,29,44,10,80.00,800.00
2019-04-01,2019040101005262,AKJCL,29,44,20,80.00,"1,600.00"
2019-04-01,2019040101005253,AKJCL,29,44,20,80.00,"1,600.00"
2019-04-01,2019040101005237,AKJCL,29,44,20,80.00,"1,600.00"
2019-04-01,2019040101005228,AKJCL,29,44,20,80.00,"1,600.00"
2019-04-01,2019040101005172,AKJCL,29,44,20,80.00,"1,600.00"
2019-04-01,2019040101005161,AKJCL,29,44,20,80.00,"1,600.00"
2019-04-01,2019040101005571,ALBSL,1,56,10,479.00,"4,790.00"
2019-04-01,2019040101005543,ALBSL,1,50,10,479.00,"4,790.00"
2019-04-01,2019040101005459,ALBSL,1,38,10,479.00,"4,790.00"
2019-04-01,2019040101005456,ALBSL,38,44,10,480.00,"4,800.00"
2019-04-01,2019040101005446,ALBSL,1,1,10,479.00,"4,790.00"
2019-04-01,2019040101005445,ALBSL,1,1,10,479.00,"4,790.00"
2019-04-01,2019040101005097,ALBSL,48,32,10,479.00,"4,790.00"
2019-04-01,2019040101005198,ALBSL,43,41,10,479.00,"4,790.00"
2019-04-01,2019040101005190,ALBSL,43,44,10,479.00,"4,790.00"
2019-04-01,2019040101005159,ALBSL,32,44,10,479.00,"4,790.00"
2019-04-01,2019040101005145,ALBSL,32,33,10,479.00,"4,790.00"
2019-04-01,2019040101005140,ALBSL,25,17,10,479.00,"4,790.00"
2019-04-01,2019040101005120,ALBSL,48,33,10,479.00,"4,790.00"
2019-04-01,2019040101005345,ALBSL,16,44,10,478.00,"4,780.00"
2019-04-01,2019040101005283,ALBSL,16,28,10,478.00,"4,780.00"
2019-04-01,2019040101005276,ALBSL,16,44,10,478.00,"4,780.00"
2019-04-01,2019040101005275,ALBSL,14,49,10,478.00,"4,780.00"
2019-04-01,2019040101005251,ALBSL,14,28,10,478.00,"4,780.00"
2019-04-01,2019040101005232,ALBSL,21,41,10,479.00,"4,790.00"
2019-04-01,2019040101005395,ALICL,52,35,40,388.00,"15,520.00"
2019-04-01,2019040101005185,AMFI,48,41,10,645.00,"6,450.00"
2019-04-01,2019040101005516,API,25,58,200,135.00,"27,000.00"
2019-04-01,2019040101005235,API,57,6,14,134.00,"1,876.00"
2019-04-01,2019040101005221,API,57,46,17,134.00,"2,278.00"
2019-04-01,2019040101005435,BOKL,11,49,500,243.00,"121,500.00"
2019-04-01,2019040101005434,BOKL,38,49,500,243.00,"121,500.00"
2019-04-01,2019040101005433,BOKL,11,49,200,243.00,"48,600.00"
2019-04-01,2019040101005432,BOKL,1,49,60,243.00,"14,580.00"
2019-04-01,2019040101005431,BOKL,45,49,478,243.00,"116,154.00"
2019-04-01,2019040101005427,BOKL,52,6,80,244.00,"19,520.00"
2019-04-01,2019040101005121,BOKL,43,57,135,244.00,"32,940.00"
2019-04-01,2019040101005249,BOKL,59,51,24,244.00,"5,856.00"
2019-04-01,2019040101005244,BOKL,59,10,76,244.00,"18,544.00"
2019-04-01,2019040101005122,BOKL,59,57,100,244.00,"24,400.00"
2019-04-01,2019040101005366,BOKL,34,6,200,244.00,"48,800.00"
2019-04-01,2019040101005314,BOKL,42,6,69,244.00,"16,836.00"
2019-04-01,2019040101005313,BOKL,42,51,76,244.00,"18,544.00"
2019-04-01,2019040101005388,BPCL,36,46,22,360.00,"7,920.00"
2019-04-01,2019040101005387,BPCL,36,7,22,360.00,"7,920.00"
2019-04-01,2019040101005386,BPCL,36,47,30,360.00,"10,800.00"
2019-04-01,2019040101005231,BPCL,36,46,22,360.00,"7,920.00"
2019-04-01,2019040101005177,BPCL,36,51,10,360.00,"3,600.00"
2019-04-01,2019040101005164,BPCL,36,43,49,360.00,"17,640.00"
2019-04-01,2019040101005109,BPCL,36,7,22,360.00,"7,920.00"
2019-04-01,2019040101005187,CBBL,26,49,200,889.00,"177,800.00"
2019-04-01,2019040101005101,CBBL,57,1,166,890.00,"147,740.00"
2019-04-01,2019040101005508,CBL,34,25,50,156.00,"7,800.00"
2019-04-01,2019040101005488,CBL,34,25,500,156.00,"78,000.00"
2019-04-01,2019040101005470,CBL,59,59,4,153.00,612.00
2019-04-01,2019040101005337,CBL,14,1,190,156.00,"29,640.00"
2019-04-01,2019040101005336,CBL,14,43,47,156.00,"7,332.00"
2019-04-01,2019040101005222,CBL,45,43,250,156.00,"39,000.00"
2019-04-01,2019040101005106,CBL,19,51,500,157.00,"78,500.00"
2019-04-01,2019040101005105,CBL,47,44,"2,000",156.00,"312,000.00"
2019-04-01,2019040101005104,CBL,19,44,"2,000",156.00,"312,000.00"
2019-04-01,2019040101005103,CBL,40,44,100,156.00,"15,600.00"
2019-04-01,2019040101005407,CCBL,38,46,42,164.00,"6,888.00"
2019-04-01,2019040101005312,CCBL,44,48,131,165.00,"21,615.00"
2019-04-01,2019040101005311,CCBL,44,56,169,165.00,"27,885.00"
2019-04-01,2019040101005531,CHCL,45,49,250,502.00,"125,500.00"
2019-04-01,2019040101005263,CHCL,45,19,11,502.00,"5,522.00"
2019-04-01,2019040101005127,CHCL,45,21,100,502.00,"50,200.00"
2019-04-01,2019040101005443,CHLBS,50,28,10,514.00,"5,140.00"
2019-04-01,2019040101005419,CHLBS,50,28,10,514.00,"5,140.00"
2019-04-01,2019040101005399,CHLBS,50,47,10,514.00,"5,140.00"
2019-04-01,2019040101005329,CHLBS,42,47,10,515.00,"5,150.00"
2019-04-01,2019040101005295,CHLBS,38,41,10,516.00,"5,160.00"
2019-04-01,2019040101005282,CHLBS,42,43,10,515.00,"5,150.00"
2019-04-01,2019040101005277,CHLBS,42,45,10,515.00,"5,150.00"
2019-04-01,2019040101005257,CHLBS,46,47,10,515.00,"5,150.00"
2019-04-01,2019040101005561,CIT,22,36,50,"2,606.00","130,300.00"
2019-04-01,2019040101005560,CIT,41,36,50,"2,606.00","130,300.00"
2019-04-01,2019040101005559,CIT,5,36,20,"2,607.00","52,140.00"
2019-04-01,2019040101005114,CIT,19,36,15,"2,612.00","39,180.00"
2019-04-01,2019040101005100,CIT,38,36,50,"2,612.00","130,600.00"
2019-04-01,2019040101005462,CZBIL,45,52,210,212.00,"44,520.00"
2019-04-01,2019040101005284,CZBIL,46,49,500,212.00,"106,000.00"
2019-04-01,2019040101005285,DBBL,4,48,97,126.00,"12,222.00"
2019-04-01,2019040101005534,DDBL,26,35,100,587.00,"58,700.00"
2019-04-01,2019040101005248,DDBL,26,59,100,589.00,"58,900.00"
2019-04-01,2019040101005247,DDBL,35,59,80,590.00,"47,200.00"
2019-04-01,2019040101005250,DHPL,59,59,11,90.00,990.00
2019-04-01,2019040101005099,DHPL,14,59,11,90.00,990.00
2019-04-01,2019040101005143,EBL,36,14,"1,000",570.00,"570,000.00"
2019-04-01,2019040101005142,EBL,6,14,169,572.00,"96,668.00"
2019-04-01,2019040101005422,EIC,49,1,70,851.00,"59,570.00"
2019-04-01,2019040101005487,FOWAD,42,42,10,"1,530.00","15,300.00"
2019-04-01,2019040101005095,FOWAD,42,49,15,"1,520.00","22,800.00"
2019-04-01,2019040101005343,GBBL,10,14,500,191.00,"95,500.00"
2019-04-01,2019040101005342,GBBL,10,34,700,191.00,"133,700.00"
2019-04-01,2019040101005553,GBIME,5,49,50,264.00,"13,200.00"
2019-04-01,2019040101005552,GBIME,28,49,200,264.00,"52,800.00"
2019-04-01,2019040101005521,GBIME,1,36,76,264.00,"20,064.00"
2019-04-01,2019040101005478,GBIME,59,59,5,259.00,"1,295.00"
2019-04-01,2019040101005324,GBIME,1,25,100,264.00,"26,400.00"
2019-04-01,2019040101005236,GBIME,1,29,13,264.00,"3,432.00"
2019-04-01,2019040101005144,GBIME,5,49,250,265.00,"66,250.00"
2019-04-01,2019040101005444,GBLBS,21,40,10,448.00,"4,480.00"
2019-04-01,2019040101005398,GBLBS,21,7,10,448.00,"4,480.00"
2019-04-01,2019040101005162,GBLBS,6,59,10,449.00,"4,490.00"
2019-04-01,2019040101005555,GDBL,59,48,117,186.00,"21,762.00"
2019-04-01,2019040101005537,GDBL,59,48,117,186.00,"21,762.00"
2019-04-01,2019040101005368,GDBL,10,59,500,187.00,"93,500.00"
2019-04-01,2019040101005369,GDBL,10,29,500,187.00,"93,500.00"
2019-04-01,2019040101005126,GFCL,13,43,100,120.00,"12,000.00"
2019-04-01,2019040101005252,GLICL,42,5,30,500.00,"15,000.00"
2019-04-01,2019040101005401,HIDCL,40,59,56,133.00,"7,448.00"
2019-04-01,2019040101005240,HIDCL,40,46,56,133.00,"7,448.00"
2019-04-01,2019040101005367,JBBL,1,51,94,137.00,"12,878.00"
2019-04-01,2019040101005332,JBNL,58,49,28,175.00,"4,900.00"
2019-04-01,2019040101005317,JBNL,45,44,108,176.00,"19,008.00"
2019-04-01,2019040101005316,JBNL,45,59,92,176.00,"16,192.00"
2019-04-01,2019040101005269,JBNL,58,6,51,175.00,"8,925.00"
2019-04-01,2019040101005268,JBNL,58,6,136,175.00,"23,800.00"
2019-04-01,2019040101005254,JBNL,58,55,10,175.00,"1,750.00"
2019-04-01,2019040101005243,JBNL,58,45,854,175.00,"149,450.00"
2019-04-01,2019040101005242,JBNL,58,45,646,175.00,"113,050.00"
2019-04-01,2019040101005567,JFL,32,59,167,164.00,"27,388.00"
2019-04-01,2019040101005423,KADBL,57,59,10,159.00,"1,590.00"
2019-04-01,2019040101005576,KBBL,49,28,350,210.00,"73,500.00"
2019-04-01,2019040101005335,KBBL,44,28,200,210.00,"42,000.00"
2019-04-01,2019040101005278,KBL,28,42,150,238.00,"35,700.00"
2019-04-01,2019040101005152,KBL,28,54,300,239.00,"71,700.00"
2019-04-01,2019040101005490,KMFL,16,29,61,815.00,"49,715.00"
2019-04-01,2019040101005102,KPCL,36,33,10,91.00,910.00
2019-04-01,2019040101005090,KPCL,36,28,10,91.00,910.00
2019-04-01,2019040101005135,KPCL,36,33,10,91.00,910.00
2019-04-01,2019040101005286,KPCL,32,46,10,92.00,920.00
2019-04-01,2019040101005396,KPCL,32,46,10,92.00,920.00
2019-04-01,2019040101005442,KSBBL,46,46,9,138.00,"1,242.00"
2019-04-01,2019040101005436,KSBBL,38,13,76,140.00,"10,640.00"
2019-04-01,2019040101005533,LBBL,40,25,200,172.00,"34,400.00"
2019-04-01,2019040101005382,LBBL,34,46,112,173.00,"19,376.00"
2019-04-01,2019040101005381,LBBL,34,38,388,173.00,"67,124.00"
2019-04-01,2019040101005584,LBL,5,1,200,196.00,"39,200.00"
2019-04-01,2019040101005565,LBL,58,40,550,194.00,"106,700.00"
2019-04-01,2019040101005564,LBL,39,40,"4,250",194.00,"824,500.00"
2019-04-01,2019040101005315,LBL,34,40,100,195.00,"19,500.00"
2019-04-01,2019040101005308,LBL,34,40,100,195.00,"19,500.00"
2019-04-01,2019040101005119,LBL,39,48,750,194.00,"145,500.00"
2019-04-01,2019040101005415,LGIL,52,34,25,503.00,"12,575.00"
2019-04-01,2019040101005171,LGIL,37,47,55,500.00,"27,500.00"
2019-04-01,2019040101005170,LGIL,53,47,37,500.00,"18,500.00"
2019-04-01,2019040101005169,LGIL,51,47,500,501.00,"250,500.00"
2019-04-01,2019040101005168,LGIL,51,47,108,501.00,"54,108.00"
2019-04-01,2019040101005525,LICN,28,1,465,"1,495.00","695,175.00"
2019-04-01,2019040101005362,LICN,45,38,100,"1,493.00","149,300.00"
2019-04-01,2019040101005361,LICN,25,38,107,"1,493.00","159,751.00"
2019-04-01,2019040101005562,MBL,49,34,54,226.00,"12,204.00"
2019-04-01,2019040101005539,MBL,49,45,149,226.00,"33,674.00"
2019-04-01,2019040101005261,MBL,49,54,42,226.00,"9,492.00"
2019-04-01,2019040101005230,MBL,49,21,300,226.00,"67,800.00"
2019-04-01,2019040101005229,MBL,49,45,100,226.00,"22,600.00"
2019-04-01,2019040101005224,MBL,44,25,300,225.00,"67,500.00"
2019-04-01,2019040101005393,MDB,34,14,39,233.00,"9,087.00"
2019-04-01,2019040101005461,MEGA,17,46,51,161.00,"8,211.00"
2019-04-01,2019040101005457,MEGA,17,25,416,161.00,"66,976.00"
2019-04-01,2019040101005430,MEGA,57,25,500,162.00,"81,000.00"
2019-04-01,2019040101005186,MEGA,43,25,100,162.00,"16,200.00"
2019-04-01,2019040101005510,MERO,46,46,6,549.00,"3,294.00"
2019-04-01,2019040101005148,MERO,6,26,40,560.00,"22,400.00"
2019-04-01,2019040101005137,MERO,21,26,10,560.00,"5,600.00"
2019-04-01,2019040101005356,MFIL,49,49,"1,330",112.00,"148,960.00"
2019-04-01,2019040101005260,MLBL,50,32,500,172.00,"86,000.00"
2019-04-01,2019040101005259,MLBL,50,43,200,172.00,"34,400.00"
2019-04-01,2019040101005241,MMFDB,25,25,20,906.00,"18,120.00"
2019-04-01,2019040101005391,MNBBL,1,1,47,345.00,"16,215.00"
2019-04-01,2019040101005294,MNBBL,1,7,53,345.00,"18,285.00"
2019-04-01,2019040101005293,MNBBL,56,7,223,345.00,"76,935.00"
2019-04-01,2019040101005166,MNBBL,56,41,477,345.00,"164,565.00"
2019-04-01,2019040101005133,MNBBL,56,14,"1,300",345.00,"448,500.00"
2019-04-01,2019040101005108,MSLB,18,59,15,"1,238.00","18,570.00"
2019-04-01,2019040101005245,MSLB,26,17,20,"1,240.00","24,800.00"
2019-04-01,2019040101005208,MSLB,26,17,10,"1,240.00","12,400.00"
2019-04-01,2019040101005167,MSLB,26,59,15,"1,240.00","18,600.00"
2019-04-01,2019040101005333,MSLB,50,59,15,"1,237.00","18,555.00"
2019-04-01,2019040101005279,MSLB,18,59,15,"1,238.00","18,570.00"
2019-04-01,2019040101005256,MSLB,21,17,10,"1,240.00","12,400.00"
2019-04-01,2019040101005583,MSMBS,53,39,11,513.00,"5,643.00"
2019-04-01,2019040101005558,NABIL,5,44,485,711.00,"344,835.00"
2019-04-01,2019040101005465,NABIL,5,44,15,711.00,"10,665.00"
2019-04-01,2019040101005267,NABIL,5,3,485,711.00,"344,835.00"
2019-04-01,2019040101005266,NABIL,57,3,148,711.00,"105,228.00"
2019-04-01,2019040101005265,NABIL,58,3,15,712.00,"10,680.00"
2019-04-01,2019040101005418,NADEP,8,7,10,652.00,"6,520.00"
2019-04-01,2019040101005305,NADEP,55,45,10,655.00,"6,550.00"
2019-04-01,2019040101005233,NADEP,43,14,10,652.00,"6,520.00"
2019-04-01,2019040101005348,NBB,51,17,180,198.00,"35,640.00"
2019-04-01,2019040101005347,NBB,51,25,200,198.00,"39,600.00"
2019-04-01,2019040101005346,NBB,51,57,"1,000",198.00,"198,000.00"
2019-04-01,2019040101005205,NCCB,33,47,314,212.00,"66,568.00"
2019-04-01,2019040101005183,NCCB,54,47,200,212.00,"42,400.00"
2019-04-01,2019040101005182,NCCB,36,47,"1,000",212.00,"212,000.00"
2019-04-01,2019040101005181,NCCB,34,47,300,212.00,"63,600.00"
2019-04-01,2019040101005180,NCCB,49,47,186,212.00,"39,432.00"
2019-04-01,2019040101005096,NEF,11,45,483,8.01,"3,868.83"
2019-04-01,2019040101005577,NGPL,46,46,1,123.00,123.00
2019-04-01,2019040101005296,NGPL,46,46,11,125.00,"1,375.00"
2019-04-01,2019040101005291,NGPL,46,57,391,125.00,"48,875.00"
2019-04-01,2019040101005290,NGPL,46,48,81,124.00,"10,044.00"
2019-04-01,2019040101005118,NGPL,46,46,1,121.00,121.00
2019-04-01,2019040101005365,NHDL,45,59,10,127.00,"1,270.00"
2019-04-01,2019040101005556,NHPC,56,34,100,73.00,"7,300.00"
2019-04-01,2019040101005542,NHPC,56,29,150,72.00,"10,800.00"
2019-04-01,2019040101005540,NIB,46,46,5,519.00,"2,595.00"
2019-04-01,2019040101005500,NIB,58,49,100,529.00,"52,900.00"
2019-04-01,2019040101005425,NIB,19,7,11,528.00,"5,808.00"
2019-04-01,2019040101005424,NIB,11,7,26,528.00,"13,728.00"
2019-04-01,2019040101005303,NIB,11,46,37,528.00,"19,536.00"
2019-04-01,2019040101005226,NIB,36,38,70,529.00,"37,030.00"
2019-04-01,2019040101005225,NIB,48,38,125,529.00,"66,125.00"
2019-04-01,2019040101005123,NIB,11,7,37,528.00,"19,536.00"
2019-04-01,2019040101005088,NIB,42,38,50,529.00,"26,450.00"
2019-04-01,2019040101005087,NIB,49,38,200,529.00,"105,800.00"
2019-04-01,2019040101005086,NIB,7,38,50,529.00,"26,450.00"
2019-04-01,2019040101005489,NIBLPF,49,45,253,6.96,"1,760.88"
2019-04-01,2019040101005507,NIBPO,43,43,"5,000",485.00,"2,425,000.00"
2019-04-01,2019040101005506,NIBPO,43,43,"5,000",485.00,"2,425,000.00"
2019-04-01,2019040101005505,NIBPO,47,43,100,488.00,"48,800.00"
2019-04-01,2019040101005504,NIBPO,19,43,120,490.00,"58,800.00"
2019-04-01,2019040101005503,NIBPO,56,43,"1,000",491.00,"491,000.00"
2019-04-01,2019040101005502,NIBPO,45,43,50,492.00,"24,600.00"
2019-04-01,2019040101005522,NIBSF1,26,29,"1,000",8.55,"8,550.00"
2019-04-01,2019040101005575,NICA,14,8,60,408.00,"24,480.00"
2019-04-01,2019040101005570,NICA,38,21,23,407.00,"9,361.00"
2019-04-01,2019040101005515,NICA,38,21,230,407.00,"93,610.00"
2019-04-01,2019040101005492,NICA,38,59,27,407.00,"10,989.00"
2019-04-01,2019040101005447,NICA,38,43,100,407.00,"40,700.00"
2019-04-01,2019040101005441,NICA,38,42,525,407.00,"213,675.00"
2019-04-01,2019040101005094,NICA,52,48,508,406.00,"206,248.00"
2019-04-01,2019040101005280,NICA,14,38,19,407.00,"7,733.00"
2019-04-01,2019040101005217,NICA,14,1,300,407.00,"122,100.00"
2019-04-01,2019040101005216,NICA,14,58,300,407.00,"122,100.00"
2019-04-01,2019040101005215,NICA,14,21,356,407.00,"144,892.00"
2019-04-01,2019040101005214,NICA,14,41,500,406.00,"203,000.00"
2019-04-01,2019040101005138,NICA,34,32,500,405.00,"202,500.00"
2019-04-01,2019040101005440,NICA,38,17,288,407.00,"117,216.00"
2019-04-01,2019040101005380,NICA,16,17,225,407.00,"91,575.00"
2019-04-01,2019040101005378,NICA,16,39,300,407.00,"122,100.00"
2019-04-01,2019040101005323,NICA,16,32,50,407.00,"20,350.00"
2019-04-01,2019040101005310,NICA,16,48,25,407.00,"10,175.00"
2019-04-01,2019040101005309,NICA,14,48,25,407.00,"10,175.00"
2019-04-01,2019040101005573,NICL,25,46,20,370.00,"7,400.00"
2019-04-01,2019040101005330,NICL,58,48,100,366.00,"36,600.00"
2019-04-01,2019040101005220,NICL,58,36,130,366.00,"47,580.00"
2019-04-01,2019040101005219,NICL,52,36,35,366.00,"12,810.00"
2019-04-01,2019040101005580,NIL,16,45,50,516.00,"25,800.00"
2019-04-01,2019040101005579,NIL,58,45,50,517.00,"25,850.00"
2019-04-01,2019040101005551,NLBBL,25,58,50,443.00,"22,150.00"
2019-04-01,2019040101005550,NLBBL,50,58,190,444.00,"84,360.00"
2019-04-01,2019040101005546,NLBBL,17,58,100,445.00,"44,500.00"
2019-04-01,2019040101005545,NLBBL,41,58,200,446.00,"89,200.00"
2019-04-01,2019040101005544,NLBBL,32,58,30,447.00,"13,410.00"
2019-04-01,2019040101005484,NLG,25,52,10,799.00,"7,990.00"
2019-04-01,2019040101005509,NLIC,59,59,1,"1,073.00","1,073.00"
2019-04-01,2019040101005469,NLIC,56,7,17,"1,094.00","18,598.00"
2019-04-01,2019040101005452,NLIC,59,59,1,"1,073.00","1,073.00"
2019-04-01,2019040101005325,NLIC,45,46,17,"1,094.00","18,598.00"
2019-04-01,2019040101005322,NLIC,16,28,300,"1,095.00","328,500.00"
2019-04-01,2019040101005321,NLIC,22,28,50,"1,095.00","54,750.00"
2019-04-01,2019040101005131,NLIC,59,59,1,"1,075.00","1,075.00"
2019-04-01,2019040101005128,NLIC,22,50,17,"1,096.00","18,632.00"
2019-04-01,2019040101005111,NLIC,22,38,21,"1,096.00","23,016.00"
2019-04-01,2019040101005320,NLIC,17,28,100,"1,095.00","109,500.00"
2019-04-01,2019040101005319,NLIC,28,28,116,"1,095.00","127,020.00"
2019-04-01,2019040101005318,NLIC,22,28,75,"1,096.00","82,200.00"
2019-04-01,2019040101005238,NLIC,59,59,1,"1,075.00","1,075.00"
2019-04-01,2019040101005234,NLIC,59,59,1,"1,075.00","1,075.00"
2019-04-01,2019040101005134,NLIC,22,7,17,"1,096.00","18,632.00"
2019-04-01,2019040101005477,NLICL,54,53,416,570.00,"237,120.00"
2019-04-01,2019040101005476,NLICL,42,53,300,570.00,"171,000.00"
2019-04-01,2019040101005475,NLICL,42,53,300,570.00,"171,000.00"
2019-04-01,2019040101005474,NLICL,35,53,50,570.00,"28,500.00"
2019-04-01,2019040101005351,NLICL,37,53,150,570.00,"85,500.00"
2019-04-01,2019040101005350,NLICL,56,53,500,570.00,"285,000.00"
2019-04-01,2019040101005092,NLICL,56,53,500,570.00,"285,000.00"
2019-04-01,2019040101005091,NLICL,19,53,300,571.00,"171,300.00"
2019-04-01,2019040101005526,NMB,52,35,100,331.00,"33,100.00"
2019-04-01,2019040101005514,NMB,17,7,924,330.00,"304,920.00"
2019-04-01,2019040101005513,NMB,48,7,76,330.00,"25,080.00"
2019-04-01,2019040101005479,NMB,48,11,12,330.00,"3,960.00"
2019-04-01,2019040101005463,NMB,48,11,12,330.00,"3,960.00"
2019-04-01,2019040101005451,NMB,35,11,12,330.00,"3,960.00"
2019-04-01,2019040101005298,NMB,28,51,54,331.00,"17,874.00"
2019-04-01,2019040101005227,NMB,14,51,200,331.00,"66,200.00"
2019-04-01,2019040101005218,NMB,50,51,46,331.00,"15,226.00"
2019-04-01,2019040101005389,NMB,28,25,11,331.00,"3,641.00"
2019-04-01,2019040101005364,NMB,41,37,20,332.00,"6,640.00"
2019-04-01,2019040101005363,NMB,41,13,180,332.00,"59,760.00"
2019-04-01,2019040101005359,NMB,58,37,10,332.00,"3,320.00"
2019-04-01,2019040101005300,NMB,28,45,62,331.00,"20,522.00"
2019-04-01,2019040101005299,NMB,28,51,11,331.00,"3,641.00"
2019-04-01,2019040101005438,NMB,35,11,10,330.00,"3,300.00"
2019-04-01,2019040101005417,NMB,35,11,10,330.00,"3,300.00"
2019-04-01,2019040101005410,NMB,35,34,"2,250",330.00,"742,500.00"
2019-04-01,2019040101005409,NMB,35,34,"2,650",330.00,"874,500.00"
2019-04-01,2019040101005408,NMB,28,34,100,331.00,"33,100.00"
2019-04-01,2019040101005394,NMB,28,11,62,331.00,"20,522.00"
2019-04-01,2019040101005568,NMBMF,46,39,17,992.00,"16,864.00"
2019-04-01,2019040101005483,NNLB,51,42,50,431.00,"21,550.00"
2019-04-01,2019040101005473,PCBL,48,49,225,320.00,"72,000.00"
2019-04-01,2019040101005156,PCBL,48,32,25,320.00,"8,000.00"
2019-04-01,2019040101005155,PCBL,25,32,40,320.00,"12,800.00"
2019-04-01,2019040101005450,PIC,45,19,11,"1,018.00","11,198.00"
2019-04-01,2019040101005449,PIC,45,58,90,"1,018.00","91,620.00"
2019-04-01,2019040101005307,PIC,51,58,10,"1,018.00","10,180.00"
2019-04-01,2019040101005207,PIC,57,5,71,"1,014.00","71,994.00"
2019-04-01,2019040101005206,PIC,6,5,156,"1,014.00","158,184.00"
2019-04-01,2019040101005139,PIC,6,7,11,"1,014.00","11,154.00"
2019-04-01,2019040101005089,PMHPL,10,33,10,109.00,"1,090.00"
2019-04-01,2019040101005585,PRVU,58,34,"1,500",242.00,"363,000.00"
2019-04-01,2019040101005486,PRVU,14,4,25,242.00,"6,050.00"
2019-04-01,2019040101005485,PRVU,34,4,"1,500",242.00,"363,000.00"
2019-04-01,2019040101005200,PRVU,32,57,"1,000",242.00,"242,000.00"
2019-04-01,2019040101005304,PRVU,33,33,200,243.00,"48,600.00"
2019-04-01,2019040101005258,PRVU,34,45,500,242.00,"121,000.00"
2019-04-01,2019040101005203,PRVU,32,6,700,242.00,"169,400.00"
2019-04-01,2019040101005202,PRVU,32,49,500,242.00,"121,000.00"
2019-04-01,2019040101005201,PRVU,32,17,"1,300",242.00,"314,600.00"
2019-04-01,2019040101005460,PRVU,28,4,500,243.00,"121,500.00"
2019-04-01,2019040101005414,PRVU,28,54,200,243.00,"48,600.00"
2019-04-01,2019040101005413,PRVU,28,45,"1,000",243.00,"243,000.00"
2019-04-01,2019040101005412,PRVU,28,51,200,243.00,"48,600.00"
2019-04-01,2019040101005411,PRVU,28,33,100,243.00,"24,300.00"
2019-04-01,2019040101005520,RADHI,17,25,11,165.00,"1,815.00"
2019-04-01,2019040101005519,RADHI,17,7,11,165.00,"1,815.00"
2019-04-01,2019040101005130,RLFL,44,8,26,115.00,"2,990.00"
2019-04-01,2019040101005464,RMDC,10,46,45,528.00,"23,760.00"
2019-04-01,2019040101005355,RMDC,56,39,"1,000",526.00,"526,000.00"
2019-04-01,2019040101005354,RMDC,34,39,300,528.00,"158,400.00"
2019-04-01,2019040101005353,RMDC,21,39,500,530.00,"265,000.00"
2019-04-01,2019040101005352,RMDC,10,39,254,530.00,"134,620.00"
2019-04-01,2019040101005471,RRHP,29,46,10,95.00,950.00
2019-04-01,2019040101005527,RSDC,28,59,18,362.00,"6,516.00"
2019-04-01,2019040101005421,RSDC,28,59,51,362.00,"18,462.00"
2019-04-01,2019040101005149,RSDC,19,59,51,363.00,"18,513.00"
2019-04-01,2019040101005117,RSDC,19,59,11,363.00,"3,993.00"
2019-04-01,2019040101005116,RSDC,45,59,40,363.00,"14,520.00"
2019-04-01,2019040101005213,RSDC,28,59,51,362.00,"18,462.00"
2019-04-01,2019040101005174,RSDC,41,59,13,362.00,"4,706.00"
2019-04-01,2019040101005173,RSDC,19,59,38,363.00,"13,794.00"
2019-04-01,2019040101005541,SADBL,36,21,103,144.00,"14,832.00"
2019-04-01,2019040101005497,SADBL,39,59,500,146.00,"73,000.00"
2019-04-01,2019040101005496,SADBL,39,56,300,146.00,"43,800.00"
2019-04-01,2019040101005495,SADBL,39,17,74,146.00,"10,804.00"
2019-04-01,2019040101005129,SADBL,36,56,67,144.00,"9,648.00"
2019-04-01,2019040101005289,SANIMA,28,28,250,303.00,"75,750.00"
2019-04-01,2019040101005288,SANIMA,20,28,50,303.00,"15,150.00"
2019-04-01,2019040101005160,SANIMA,58,55,10,306.00,"3,060.00"
2019-04-01,2019040101005154,SANIMA,56,48,800,304.00,"243,200.00"
2019-04-01,2019040101005147,SANIMA,58,55,10,306.00,"3,060.00"
2019-04-01,2019040101005339,SBL,40,36,25,293.00,"7,325.00"
2019-04-01,2019040101005582,SCB,13,3,480,566.00,"271,680.00"
2019-04-01,2019040101005563,SCB,13,59,20,566.00,"11,320.00"
2019-04-01,2019040101005338,SCB,58,3,10,569.00,"5,690.00"
2019-04-01,2019040101005334,SCB,10,46,20,565.00,"11,300.00"
2019-04-01,2019040101005113,SCB,19,8,20,564.00,"11,280.00"
2019-04-01,2019040101005536,SDESI,40,59,11,535.00,"5,885.00"
2019-04-01,2019040101005426,SDESI,40,59,11,535.00,"5,885.00"
2019-04-01,2019040101005376,SDESI,40,59,11,535.00,"5,885.00"
2019-04-01,2019040101005287,SDESI,40,59,11,535.00,"5,885.00"
2019-04-01,2019040101005179,SDESI,40,59,11,535.00,"5,885.00"
2019-04-01,2019040101005581,SHIVM,58,40,50,330.00,"16,500.00"
2019-04-01,2019040101005566,SHIVM,58,40,50,330.00,"16,500.00"
2019-04-01,2019040101005554,SHIVM,58,40,50,330.00,"16,500.00"
2019-04-01,2019040101005548,SHIVM,58,40,50,330.00,"16,500.00"
2019-04-01,2019040101005535,SHIVM,58,40,50,330.00,"16,500.00"
2019-04-01,2019040101005528,SHIVM,58,21,50,330.00,"16,500.00"
2019-04-01,2019040101005158,SHIVM,58,11,390,329.00,"128,310.00"
2019-04-01,2019040101005157,SHIVM,29,11,110,329.00,"36,190.00"
2019-04-01,2019040101005328,SHIVM,41,19,50,330.00,"16,500.00"
2019-04-01,2019040101005327,SHIVM,41,45,50,330.00,"16,500.00"
2019-04-01,2019040101005455,SHIVM,58,47,100,330.00,"33,000.00"
2019-04-01,2019040101005404,SHIVM,39,45,50,330.00,"16,500.00"
2019-04-01,2019040101005403,SHIVM,39,45,50,330.00,"16,500.00"
2019-04-01,2019040101005385,SHIVM,34,45,50,330.00,"16,500.00"
2019-04-01,2019040101005384,SHIVM,34,3,100,330.00,"33,000.00"
2019-04-01,2019040101005383,SHIVM,34,56,500,330.00,"165,000.00"
2019-04-01,2019040101005524,SHIVM,58,40,50,330.00,"16,500.00"
2019-04-01,2019040101005517,SHIVM,58,40,50,330.00,"16,500.00"
2019-04-01,2019040101005511,SHIVM,58,50,50,330.00,"16,500.00"
2019-04-01,2019040101005501,SHIVM,58,40,50,330.00,"16,500.00"
2019-04-01,2019040101005491,SHIVM,58,40,50,330.00,"16,500.00"
2019-04-01,2019040101005481,SHIVM,58,40,40,330.00,"13,200.00"
2019-04-01,2019040101005199,SHPC,7,59,100,225.00,"22,500.00"
2019-04-01,2019040101005437,SIC,45,17,90,"1,270.00","114,300.00"
2019-04-01,2019040101005297,SIC,51,17,10,"1,270.00","12,700.00"
2019-04-01,2019040101005574,SLBS,8,59,18,850.00,"15,300.00"
2019-04-01,2019040101005341,SLBS,53,59,18,849.00,"15,282.00"
2019-04-01,2019040101005292,SLBS,58,59,18,848.00,"15,264.00"
2019-04-01,2019040101005223,SLBS,17,59,18,860.00,"15,480.00"
2019-04-01,2019040101005178,SLBS,17,45,18,865.00,"15,570.00"
2019-04-01,2019040101005494,SLBSL,25,26,40,688.00,"27,520.00"
2019-04-01,2019040101005197,SLBSL,18,47,10,685.00,"6,850.00"
2019-04-01,2019040101005110,SLBSL,5,32,10,685.00,"6,850.00"
2019-04-01,2019040101005188,SLICL,26,5,100,520.00,"52,000.00"
2019-04-01,2019040101005453,SMATA,28,44,18,"1,220.00","21,960.00"
2019-04-01,2019040101005349,SMB,38,38,10,611.00,"6,110.00"
2019-04-01,2019040101005416,SPDL,29,46,15,103.00,"1,545.00"
2019-04-01,2019040101005375,SPDL,33,10,15,105.00,"1,575.00"
2019-04-01,2019040101005374,SPDL,33,48,279,105.00,"29,295.00"
2019-04-01,2019040101005472,SRBL,50,54,100,224.00,"22,400.00"
2019-04-01,2019040101005246,SRBL,34,44,"1,000",223.00,"223,000.00"
2019-04-01,2019040101005400,TRH,45,33,10,244.00,"2,440.00"
2019-04-01,2019040101005302,TRH,17,58,"1,735",240.00,"416,400.00"
2019-04-01,2019040101005549,UIC,11,34,50,779.00,"38,950.00"
2019-04-01,2019040101005301,UIC,41,1,180,765.00,"137,700.00"
2019-04-01,2019040101005390,UMHL,57,46,14,112.00,"1,568.00"
2019-04-01,2019040101005165,UMHL,57,7,14,112.00,"1,568.00"
2019-04-01,2019040101005578,UPPER,10,44,40,237.00,"9,480.00"
2019-04-01,2019040101005572,UPPER,10,14,240,237.00,"56,880.00"
2019-04-01,2019040101005557,UPPER,10,44,50,237.00,"11,850.00"
2019-04-01,2019040101005547,UPPER,10,44,50,237.00,"11,850.00"
2019-04-01,2019040101005538,UPPER,10,41,40,237.00,"9,480.00"
2019-04-01,2019040101005532,UPPER,10,44,40,237.00,"9,480.00"
2019-04-01,2019040101005107,UPPER,59,10,40,237.00,"9,480.00"
2019-04-01,2019040101005098,UPPER,59,44,40,237.00,"9,480.00"
2019-04-01,2019040101005093,UPPER,59,10,40,237.00,"9,480.00"
2019-04-01,2019040101005136,UPPER,59,44,50,237.00,"11,850.00"
2019-04-01,2019040101005125,UPPER,59,44,11,237.00,"2,607.00"
2019-04-01,2019040101005124,UPPER,59,44,39,237.00,"9,243.00"
2019-04-01,2019040101005115,UPPER,59,10,40,237.00,"9,480.00"
2019-04-01,2019040101005112,UPPER,59,44,40,237.00,"9,480.00"
2019-04-01,2019040101005176,UPPER,59,7,40,237.00,"9,480.00"
2019-04-01,2019040101005175,UPPER,59,44,40,237.00,"9,480.00"
2019-04-01,2019040101005163,UPPER,59,44,40,237.00,"9,480.00"
2019-04-01,2019040101005151,UPPER,38,38,40,238.00,"9,520.00"
2019-04-01,2019040101005150,UPPER,38,32,10,238.00,"2,380.00"
2019-04-01,2019040101005146,UPPER,59,44,40,237.00,"9,480.00"
2019-04-01,2019040101005194,UPPER,39,58,830,238.00,"197,540.00"
2019-04-01,2019040101005193,UPPER,39,38,50,238.00,"11,900.00"
2019-04-01,2019040101005192,UPPER,39,38,50,238.00,"11,900.00"
2019-04-01,2019040101005191,UPPER,39,38,10,238.00,"2,380.00"
2019-04-01,2019040101005189,UPPER,59,51,40,237.00,"9,480.00"
2019-04-01,2019040101005184,UPPER,59,44,40,237.00,"9,480.00"
2019-04-01,2019040101005264,UPPER,59,48,100,237.00,"23,700.00"
2019-04-01,2019040101005255,UPPER,59,44,40,237.00,"9,480.00"
2019-04-01,2019040101005239,UPPER,59,44,40,237.00,"9,480.00"
2019-04-01,2019040101005196,UPPER,39,38,20,238.00,"4,760.00"
2019-04-01,2019040101005195,UPPER,39,38,40,238.00,"9,520.00"
2019-04-01,2019040101005371,UPPER,38,38,20,238.00,"4,760.00"
2019-04-01,2019040101005360,UPPER,59,41,40,237.00,"9,480.00"
2019-04-01,2019040101005357,UPPER,59,41,40,237.00,"9,480.00"
2019-04-01,2019040101005340,UPPER,59,46,50,237.00,"11,850.00"
2019-04-01,2019040101005331,UPPER,59,44,50,237.00,"11,850.00"
2019-04-01,2019040101005326,UPPER,59,52,40,237.00,"9,480.00"
2019-04-01,2019040101005402,UPPER,59,44,50,237.00,"11,850.00"
2019-04-01,2019040101005397,UPPER,59,44,50,237.00,"11,850.00"
2019-04-01,2019040101005392,UPPER,59,41,40,237.00,"9,480.00"
2019-04-01,2019040101005377,UPPER,59,41,50,237.00,"11,850.00"
2019-04-01,2019040101005372,UPPER,38,38,30,238.00,"7,140.00"
2019-04-01,2019040101005448,UPPER,33,7,40,237.00,"9,480.00"
2019-04-01,2019040101005439,UPPER,59,41,50,237.00,"11,850.00"
2019-04-01,2019040101005428,UPPER,49,49,9,237.00,"2,133.00"
2019-04-01,2019040101005420,UPPER,59,41,50,237.00,"11,850.00"
2019-04-01,2019040101005406,UPPER,49,38,21,238.00,"4,998.00"
2019-04-01,2019040101005405,UPPER,49,38,20,238.00,"4,760.00"
2019-04-01,2019040101005482,UPPER,33,44,40,237.00,"9,480.00"
2019-04-01,2019040101005480,UPPER,33,46,40,237.00,"9,480.00"
2019-04-01,2019040101005468,UPPER,33,41,40,237.00,"9,480.00"
2019-04-01,2019040101005467,UPPER,38,42,31,238.00,"7,378.00"
2019-04-01,2019040101005466,UPPER,38,38,19,238.00,"4,522.00"
2019-04-01,2019040101005458,UPPER,33,41,50,237.00,"11,850.00"
2019-04-01,2019040101005530,UPPER,10,41,20,237.00,"4,740.00"
2019-04-01,2019040101005529,UPPER,1,41,30,237.00,"7,110.00"
2019-04-01,2019040101005523,UPPER,1,50,30,237.00,"7,110.00"
2019-04-01,2019040101005518,UPPER,1,44,50,237.00,"11,850.00"
2019-04-01,2019040101005512,UPPER,33,41,40,237.00,"9,480.00"
2019-04-01,2019040101005493,UPPER,33,44,50,237.00,"11,850.00"
2019-04-01,2019040101005212,VLBS,25,11,306,630.00,"192,780.00"
2019-04-01,2019040101005211,VLBS,42,11,20,632.00,"12,640.00"
2019-04-01,2019040101005210,VLBS,13,11,24,635.00,"15,240.00"
2019-04-01,2019040101005209,VLBS,37,11,30,640.00,"19,200.00"
2019-04-01,2019040101004880,ADBL,33,42,20,295.00,"5,900.00"
2019-04-01,2019040101004655,ADBL,33,42,200,295.00,"59,000.00"
2019-04-01,2019040101005028,AHPC,32,28,10,105.00,"1,050.00"
2019-04-01,2019040101004907,AHPC,28,57,100,103.00,"10,300.00"
2019-04-01,2019040101004906,AHPC,28,45,10,103.00,"1,030.00"
2019-04-01,2019040101004870,AKJCL,29,44,20,80.00,"1,600.00"
2019-04-01,2019040101004797,AKJCL,41,3,20,81.00,"1,620.00"
2019-04-01,2019040101004796,AKJCL,41,13,20,81.00,"1,620.00"
2019-04-01,2019040101004769,AKJCL,22,40,20,80.00,"1,600.00"
2019-04-01,2019040101004658,AKJCL,22,40,20,80.00,"1,600.00"
2019-04-01,2019040101005050,ALBSL,48,33,10,479.00,"4,790.00"
2019-04-01,2019040101005021,ALBSL,48,56,10,479.00,"4,790.00"
2019-04-01,2019040101004987,ALBSL,48,44,10,479.00,"4,790.00"
2019-04-01,2019040101004977,ALBSL,48,17,10,479.00,"4,790.00"
2019-04-01,2019040101004968,ALBSL,48,17,10,479.00,"4,790.00"
2019-04-01,2019040101004957,ALBSL,48,56,10,479.00,"4,790.00"
2019-04-01,2019040101004698,ALBSL,22,21,10,480.00,"4,800.00"
2019-04-01,2019040101004693,ALBSL,22,44,10,480.00,"4,800.00"
2019-04-01,2019040101004685,ALBSL,22,44,10,480.00,"4,800.00"
2019-04-01,2019040101004644,ALBSL,38,38,10,482.00,"4,820.00"
2019-04-01,2019040101004613,ALBSL,22,28,10,480.00,"4,800.00"
2019-04-01,2019040101004727,ALBSL,22,49,130,480.00,"62,400.00"
2019-04-01,2019040101004726,ALBSL,38,49,10,482.00,"4,820.00"
2019-04-01,2019040101004724,ALBSL,22,44,10,480.00,"4,800.00"
2019-04-01,2019040101004722,ALBSL,22,22,10,480.00,"4,800.00"
2019-04-01,2019040101004714,ALBSL,22,44,10,480.00,"4,800.00"
2019-04-01,2019040101004710,ALBSL,22,44,10,480.00,"4,800.00"
2019-04-01,2019040101004825,ALBSL,38,38,10,479.00,"4,790.00"
2019-04-01,2019040101004813,ALBSL,38,44,10,480.00,"4,800.00"
2019-04-01,2019040101004809,ALBSL,38,57,10,479.00,"4,790.00"
2019-04-01,2019040101004739,ALBSL,38,38,10,479.00,"4,790.00"
2019-04-01,2019040101004729,ALBSL,52,49,10,480.00,"4,800.00"
2019-04-01,2019040101004728,ALBSL,1,49,100,480.00,"48,000.00"
2019-04-01,2019040101004947,ALBSL,48,46,10,479.00,"4,790.00"
2019-04-01,2019040101004944,ALBSL,38,56,10,479.00,"4,790.00"
2019-04-01,2019040101004942,ALBSL,38,44,10,479.00,"4,790.00"
2019-04-01,2019040101004939,ALBSL,38,33,10,479.00,"4,790.00"
2019-04-01,2019040101004928,ALBSL,38,56,10,479.00,"4,790.00"
2019-04-01,2019040101004926,ALBSL,38,44,10,479.00,"4,790.00"
2019-04-01,2019040101004637,ALICL,45,45,70,390.00,"27,300.00"
2019-04-01,2019040101004590,ALICL,45,33,30,390.00,"11,700.00"
2019-04-01,2019040101004589,ALICL,49,33,150,390.00,"58,500.00"
2019-04-01,2019040101004588,ALICL,52,33,20,391.00,"7,820.00"
2019-04-01,2019040101004984,AMFI,48,5,10,645.00,"6,450.00"
2019-04-01,2019040101004695,API,53,58,70,135.00,"9,450.00"
2019-04-01,2019040101004686,API,36,58,120,135.00,"16,200.00"
2019-04-01,2019040101004623,API,53,58,100,135.00,"13,500.00"
2019-04-01,2019040101005034,BOKL,43,28,300,244.00,"73,200.00"
2019-04-01,2019040101005004,BOKL,43,28,200,244.00,"48,800.00"
2019-04-01,2019040101004772,BOKL,48,28,200,245.00,"49,000.00"
2019-04-01,2019040101004740,BOKL,43,47,28,244.00,"6,832.00"
2019-04-01,2019040101004696,BOKL,43,47,19,244.00,"4,636.00"
2019-04-01,2019040101004605,BOKL,22,35,200,245.00,"49,000.00"
2019-04-01,2019040101004934,BPCL,36,54,44,360.00,"15,840.00"
2019-04-01,2019040101004894,BPCL,36,54,44,360.00,"15,840.00"
2019-04-01,2019040101004873,BPCL,36,54,44,360.00,"15,840.00"
2019-04-01,2019040101004856,BPCL,36,54,44,360.00,"15,840.00"
2019-04-01,2019040101004837,BPCL,36,54,44,360.00,"15,840.00"
2019-04-01,2019040101004773,BPCL,36,22,11,360.00,"3,960.00"
2019-04-01,2019040101004706,BPCL,36,47,14,360.00,"5,040.00"
2019-04-01,2019040101004687,BPCL,36,22,11,360.00,"3,960.00"
2019-04-01,2019040101004640,BPCL,36,48,11,360.00,"3,960.00"
2019-04-01,2019040101004820,CBL,22,51,30,157.00,"4,710.00"
2019-04-01,2019040101004688,CBL,5,51,"1,000",157.00,"157,000.00"
2019-04-01,2019040101004965,CCBL,38,46,42,164.00,"6,888.00"
2019-04-01,2019040101004948,CCBL,38,49,53,164.00,"8,692.00"
2019-04-01,2019040101004748,CCBL,38,59,27,164.00,"4,428.00"
2019-04-01,2019040101004701,CCBL,38,59,369,164.00,"60,516.00"
2019-04-01,2019040101004610,CCBL,38,13,42,164.00,"6,888.00"
2019-04-01,2019040101004586,CCBL,44,50,909,165.00,"149,985.00"
2019-04-01,2019040101004846,CFCL,48,16,500,106.00,"53,000.00"
2019-04-01,2019040101004845,CFCL,44,16,900,106.00,"95,400.00"
2019-04-01,2019040101004708,CHCL,33,6,69,505.00,"34,845.00"
2019-04-01,2019040101004707,CHCL,33,34,31,505.00,"15,655.00"
2019-04-01,2019040101004609,CHCL,46,34,588,505.00,"296,940.00"
2019-04-01,2019040101004608,CHCL,46,32,200,505.00,"101,000.00"
2019-04-01,2019040101004607,CHCL,46,49,225,505.00,"113,625.00"
2019-04-01,2019040101004606,CHCL,46,1,987,504.00,"497,448.00"
2019-04-01,2019040101005059,CHLBS,21,1,10,516.00,"5,160.00"
2019-04-01,2019040101005049,CHLBS,21,1,10,516.00,"5,160.00"
2019-04-01,2019040101005024,CHLBS,21,17,10,516.00,"5,160.00"
2019-04-01,2019040101005006,CHLBS,21,17,10,516.00,"5,160.00"
2019-04-01,2019040101004955,CHLBS,21,33,10,516.00,"5,160.00"
2019-04-01,2019040101004949,CHLBS,21,44,10,516.00,"5,160.00"
2019-04-01,2019040101004601,CHLBS,21,21,10,516.00,"5,160.00"
2019-04-01,2019040101004587,CHLBS,21,21,10,516.00,"5,160.00"
2019-04-01,2019040101004682,CHLBS,21,21,10,516.00,"5,160.00"
2019-04-01,2019040101004673,CHLBS,21,21,10,516.00,"5,160.00"
2019-04-01,2019040101004663,CHLBS,21,21,10,516.00,"5,160.00"
2019-04-01,2019040101004645,CHLBS,21,21,10,516.00,"5,160.00"
2019-04-01,2019040101004628,CHLBS,21,21,10,516.00,"5,160.00"
2019-04-01,2019040101004611,CHLBS,21,21,10,516.00,"5,160.00"
2019-04-01,2019040101004925,CHLBS,21,33,10,516.00,"5,160.00"
2019-04-01,2019040101004911,CHLBS,21,7,10,516.00,"5,160.00"
2019-04-01,2019040101004826,CHLBS,21,28,10,516.00,"5,160.00"
2019-04-01,2019040101004700,CHLBS,21,21,10,516.00,"5,160.00"
2019-04-01,2019040101004689,CHLBS,21,21,10,516.00,"5,160.00"
2019-04-01,2019040101004684,CHLBS,21,49,10,516.00,"5,160.00"
2019-04-01,2019040101004980,CIT,41,28,50,"2,606.00","130,300.00"
2019-04-01,2019040101004979,CIT,56,28,50,"2,610.00","130,500.00"
2019-04-01,2019040101004935,CIT,39,32,30,"2,611.00","78,330.00"
2019-04-01,2019040101004822,CIT,39,40,70,"2,611.00","182,770.00"
2019-04-01,2019040101004821,CIT,47,40,30,"2,611.00","78,330.00"
2019-04-01,2019040101005079,CZBIL,58,48,51,211.00,"10,761.00"
2019-04-01,2019040101005078,CZBIL,39,48,749,211.00,"158,039.00"
2019-04-01,2019040101005052,CZBIL,39,16,100,211.00,"21,100.00"
2019-04-01,2019040101005033,CZBIL,28,43,28,212.00,"5,936.00"
2019-04-01,2019040101004657,CZBIL,5,44,500,213.00,"106,500.00"
2019-04-01,2019040101004844,DBBL,38,7,"1,000",127.00,"127,000.00"
2019-04-01,2019040101004871,DDBL,34,1,478,590.00,"282,020.00"
2019-04-01,2019040101004833,DDBL,55,1,152,590.00,"89,680.00"
2019-04-01,2019040101004832,DDBL,55,14,10,590.00,"5,900.00"
2019-04-01,2019040101004831,DDBL,55,29,128,590.00,"75,520.00"
2019-04-01,2019040101004830,DDBL,55,29,10,590.00,"5,900.00"
2019-04-01,2019040101004829,DDBL,55,17,100,590.00,"59,000.00"
2019-04-01,2019040101004828,DDBL,55,45,100,589.00,"58,900.00"
2019-04-01,2019040101005005,DHPL,14,59,11,90.00,990.00
2019-04-01,2019040101004808,DHPL,59,59,11,90.00,990.00
2019-04-01,2019040101004691,DHPL,59,59,11,91.00,"1,001.00"
2019-04-01,2019040101004946,EBL,6,56,131,572.00,"74,932.00"
2019-04-01,2019040101004945,EBL,43,56,54,574.00,"30,996.00"
2019-04-01,2019040101004913,EBL,43,14,200,574.00,"114,800.00"
2019-04-01,2019040101004774,EBL,58,46,38,575.00,"21,850.00"
2019-04-01,2019040101004872,FMDBL,6,57,150,368.00,"55,200.00"
2019-04-01,2019040101004882,FOWAD,42,17,14,"1,520.00","21,280.00"
2019-04-01,2019040101004805,GBBL,51,14,50,192.00,"9,600.00"
2019-04-01,2019040101004790,GBBL,14,39,209,192.00,"40,128.00"
2019-04-01,2019040101004789,GBBL,14,49,300,192.00,"57,600.00"
2019-04-01,2019040101004975,GBIME,1,26,10,264.00,"2,640.00"
2019-04-01,2019040101004646,GBIME,1,40,200,268.00,"53,600.00"
2019-04-01,2019040101005018,GBLBS,26,57,110,450.00,"49,500.00"
2019-04-01,2019040101005017,GBLBS,35,57,20,450.00,"9,000.00"
2019-04-01,2019040101005016,GBLBS,48,57,20,450.00,"9,000.00"
2019-04-01,2019040101005015,GBLBS,41,57,15,450.00,"6,750.00"
2019-04-01,2019040101005014,GBLBS,38,57,20,450.00,"9,000.00"
2019-04-01,2019040101005013,GBLBS,36,57,85,450.00,"38,250.00"
2019-04-01,2019040101004884,GBLBS,42,33,180,450.00,"81,000.00"
2019-04-01,2019040101004812,GBLBS,42,59,10,450.00,"4,500.00"
2019-04-01,2019040101004799,GBLBS,42,34,10,450.00,"4,500.00"
2019-04-01,2019040101004699,GBLBS,1,59,10,450.00,"4,500.00"
2019-04-01,2019040101004641,GBLBS,1,25,25,450.00,"11,250.00"
2019-04-01,2019040101005012,GBLBS,34,57,50,451.00,"22,550.00"
2019-04-01,2019040101004951,GBLBS,51,42,10,452.00,"4,520.00"
2019-04-01,2019040101004888,GBLBS,36,33,15,450.00,"6,750.00"
2019-04-01,2019040101004887,GBLBS,50,33,35,450.00,"15,750.00"
2019-04-01,2019040101004886,GBLBS,33,33,120,450.00,"54,000.00"
2019-04-01,2019040101004885,GBLBS,56,33,100,450.00,"45,000.00"
2019-04-01,2019040101004852,GILB,25,34,10,"1,020.00","10,200.00"
2019-04-01,2019040101005082,GIMES1,39,57,"1,000",7.50,"7,500.00"
2019-04-01,2019040101005081,GIMES1,58,57,500,7.55,"3,775.00"
2019-04-01,2019040101004697,GLICL,10,10,219,500.00,"109,500.00"
2019-04-01,2019040101004614,GLICL,11,5,50,503.00,"25,150.00"
2019-04-01,2019040101004940,HIDCL,40,41,28,133.00,"3,724.00"
2019-04-01,2019040101004819,HIDCL,40,57,29,133.00,"3,857.00"
2019-04-01,2019040101004603,HIDCL,40,36,10,133.00,"1,330.00"
2019-04-01,2019040101004602,HIDCL,41,36,45,133.00,"5,985.00"
2019-04-01,2019040101004643,IGI,43,57,10,400.00,"4,000.00"
2019-04-01,2019040101004723,JBNL,38,59,"1,408",176.00,"247,808.00"
2019-04-01,2019040101004716,JBNL,38,44,"1,592",176.00,"280,192.00"
2019-04-01,2019040101004715,JBNL,42,44,"1,241",176.00,"218,416.00"
2019-04-01,2019040101004677,JBNL,42,59,200,176.00,"35,200.00"
2019-04-01,2019040101004669,JBNL,1,44,200,177.00,"35,400.00"
2019-04-01,2019040101004993,KBL,28,35,200,239.00,"47,800.00"
2019-04-01,2019040101004901,KMFL,16,17,10,810.00,"8,100.00"
2019-04-01,2019040101004647,KPCL,32,28,10,92.00,920.00
2019-04-01,2019040101004857,KPCL,32,28,10,92.00,920.00
2019-04-01,2019040101004996,KPCL,32,33,10,92.00,920.00
2019-04-01,2019040101004982,KPCL,32,46,10,92.00,920.00
2019-04-01,2019040101005031,KPCL,32,28,10,92.00,920.00
2019-04-01,2019040101004705,KRBL,33,46,63,100.00,"6,300.00"
2019-04-01,2019040101004704,KRBL,33,46,63,100.00,"6,300.00"
2019-04-01,2019040101004703,KRBL,33,39,150,100.00,"15,000.00"
2019-04-01,2019040101004702,KRBL,33,45,30,100.00,"3,000.00"
2019-04-01,2019040101004798,KSBBL,38,46,30,140.00,"4,200.00"
2019-04-01,2019040101005036,LBBL,33,38,12,173.00,"2,076.00"
2019-04-01,2019040101004841,LBBL,28,21,"1,000",173.00,"173,000.00"
2019-04-01,2019040101004840,LBBL,28,45,"1,000",173.00,"173,000.00"
2019-04-01,2019040101004839,LBBL,28,29,200,173.00,"34,600.00"
2019-04-01,2019040101004793,LBL,58,40,"5,000",194.00,"970,000.00"
2019-04-01,2019040101004792,LBL,46,40,200,194.00,"38,800.00"
2019-04-01,2019040101004764,LBL,1,40,200,196.00,"39,200.00"
2019-04-01,2019040101004785,LGIL,37,34,200,503.00,"100,600.00"
2019-04-01,2019040101004784,LGIL,16,34,100,503.00,"50,300.00"
2019-04-01,2019040101004783,LGIL,53,34,175,504.00,"88,200.00"
2019-04-01,2019040101004953,LICN,25,50,193,"1,493.00","288,149.00"
2019-04-01,2019040101004952,LICN,35,50,20,"1,493.00","29,860.00"
2019-04-01,2019040101005030,LLBS,59,59,8,745.00,"5,960.00"
2019-04-01,2019040101004995,MBL,44,46,10,225.00,"2,250.00"
2019-04-01,2019040101004976,MBL,44,59,500,225.00,"112,500.00"
2019-04-01,2019040101004883,MBL,35,46,490,226.00,"110,740.00"
2019-04-01,2019040101004834,MBL,35,46,"4,500",226.00,"1,017,000.00"
2019-04-01,2019040101004791,MBL,35,43,10,226.00,"2,260.00"
2019-04-01,2019040101004757,MBL,35,32,322,228.00,"73,416.00"
2019-04-01,2019040101004719,MBL,14,32,72,227.00,"16,344.00"
2019-04-01,2019040101004718,MBL,14,47,"1,161",227.00,"263,547.00"
2019-04-01,2019040101004717,MBL,14,28,267,227.00,"60,609.00"
2019-04-01,2019040101004756,MBL,35,21,"1,000",228.00,"228,000.00"
2019-04-01,2019040101004755,MBL,35,34,250,228.00,"57,000.00"
2019-04-01,2019040101004754,MBL,35,34,"1,000",228.00,"228,000.00"
2019-04-01,2019040101004753,MBL,35,8,200,228.00,"45,600.00"
2019-04-01,2019040101004752,MBL,35,22,300,227.00,"68,100.00"
2019-04-01,2019040101004751,MBL,35,32,928,227.00,"210,656.00"
2019-04-01,2019040101005010,MEGA,17,56,24,161.00,"3,864.00"
2019-04-01,2019040101004990,MEGA,17,46,51,161.00,"8,211.00"
2019-04-01,2019040101004943,MEGA,13,25,100,162.00,"16,200.00"
2019-04-01,2019040101004910,MEGA,17,8,66,161.00,"10,626.00"
2019-04-01,2019040101004903,MEGA,17,43,"2,000",161.00,"322,000.00"
2019-04-01,2019040101004851,MEGA,41,25,30,162.00,"4,860.00"
2019-04-01,2019040101004612,MEGA,53,32,21,162.00,"3,402.00"
2019-04-01,2019040101004850,MEGA,32,25,"1,500",162.00,"243,000.00"
2019-04-01,2019040101004849,MEGA,40,25,200,162.00,"32,400.00"
2019-04-01,2019040101004848,MEGA,53,25,607,162.00,"98,334.00"
2019-04-01,2019040101004835,MEGA,53,57,31,162.00,"5,022.00"
2019-04-01,2019040101004811,MEGA,53,46,51,162.00,"8,262.00"
2019-04-01,2019040101004786,MEGA,18,56,100,163.00,"16,300.00"
2019-04-01,2019040101004654,MERO,48,49,16,558.00,"8,928.00"
2019-04-01,2019040101005002,MLBL,45,49,200,169.00,"33,800.00"
2019-04-01,2019040101004787,MMFDB,49,49,63,905.00,"57,015.00"
2019-04-01,2019040101004763,MMFDB,50,13,39,901.00,"35,139.00"
2019-04-01,2019040101004762,MMFDB,54,13,50,902.00,"45,100.00"
2019-04-01,2019040101004761,MMFDB,7,13,50,902.00,"45,100.00"
2019-04-01,2019040101004760,MMFDB,43,13,20,902.00,"18,040.00"
2019-04-01,2019040101004759,MMFDB,43,13,20,902.00,"18,040.00"
2019-04-01,2019040101005056,MNBBL,14,29,100,345.00,"34,500.00"
2019-04-01,2019040101004950,MNBBL,53,44,50,346.00,"17,300.00"
2019-04-01,2019040101004917,MNBBL,14,48,20,345.00,"6,900.00"
2019-04-01,2019040101004648,MNBBL,14,35,59,345.00,"20,355.00"
2019-04-01,2019040101004823,MSLB,50,59,15,"1,237.00","18,555.00"
2019-04-01,2019040101004758,MSLB,18,59,15,"1,238.00","18,570.00"
2019-04-01,2019040101005000,NABIL,58,3,185,712.00,"131,720.00"
2019-04-01,2019040101004999,NABIL,33,3,200,712.00,"142,400.00"
2019-04-01,2019040101004998,NABIL,6,3,15,713.00,"10,695.00"
2019-04-01,2019040101004900,NABILP,19,14,130,699.00,"90,870.00"
2019-04-01,2019040101005007,NADEP,6,46,10,653.00,"6,530.00"
2019-04-01,2019040101004675,NADEP,6,48,10,653.00,"6,530.00"
2019-04-01,2019040101004967,NBB,35,54,651,199.00,"129,549.00"
2019-04-01,2019040101004966,NBB,35,34,500,199.00,"99,500.00"
2019-04-01,2019040101004964,NBB,35,34,260,199.00,"51,740.00"
2019-04-01,2019040101004956,NBB,35,53,850,199.00,"169,150.00"
2019-04-01,2019040101004941,NBB,35,38,500,199.00,"99,500.00"
2019-04-01,2019040101004936,NBB,35,5,192,199.00,"38,208.00"
2019-04-01,2019040101004713,NBB,58,42,10,199.00,"1,990.00"
2019-04-01,2019040101004712,NBB,58,52,50,198.00,"9,900.00"
2019-04-01,2019040101004767,NBB,18,1,100,200.00,"20,000.00"
2019-04-01,2019040101004736,NBB,35,39,50,199.00,"9,950.00"
2019-04-01,2019040101004735,NBB,35,48,870,199.00,"173,130.00"
2019-04-01,2019040101004734,NBB,35,39,100,199.00,"19,900.00"
2019-04-01,2019040101004733,NBB,35,32,100,199.00,"19,900.00"
2019-04-01,2019040101004732,NBB,35,42,90,199.00,"17,910.00"
2019-04-01,2019040101004929,NBB,35,56,200,199.00,"39,800.00"
2019-04-01,2019040101004924,NBB,35,19,450,199.00,"89,550.00"
2019-04-01,2019040101004881,NBB,35,59,100,199.00,"19,900.00"
2019-04-01,2019040101004795,NBB,35,37,87,199.00,"17,313.00"
2019-04-01,2019040101004782,NBB,21,53,210,200.00,"42,000.00"
2019-04-01,2019040101004781,NBB,21,1,90,200.00,"18,000.00"
2019-04-01,2019040101004932,NBL,38,46,50,290.00,"14,500.00"
2019-04-01,2019040101004879,NBL,38,46,"3,300",290.00,"957,000.00"
2019-04-01,2019040101004878,NBL,34,46,"1,700",290.00,"493,000.00"
2019-04-01,2019040101004676,NBL,34,46,"2,000",290.00,"580,000.00"
2019-04-01,2019040101004653,NBL,34,46,"1,300",290.00,"377,000.00"
2019-04-01,2019040101004652,NBL,16,46,200,290.00,"58,000.00"
2019-04-01,2019040101004651,NBL,22,46,500,290.00,"145,000.00"
2019-04-01,2019040101004650,NBL,38,46,"1,500",290.00,"435,000.00"
2019-04-01,2019040101004622,NBL,57,46,850,291.00,"247,350.00"
2019-04-01,2019040101004621,NBL,50,46,100,291.00,"29,100.00"
2019-04-01,2019040101005025,NCCB,49,46,14,212.00,"2,968.00"
2019-04-01,2019040101004806,NCCB,55,43,200,213.00,"42,600.00"
2019-04-01,2019040101004731,NCCB,14,59,152,214.00,"32,528.00"
2019-04-01,2019040101004730,NCCB,14,44,848,214.00,"181,472.00"
2019-04-01,2019040101004680,NCCB,57,38,"3,050",213.00,"649,650.00"
2019-04-01,2019040101004674,NCCB,57,44,"1,000",213.00,"213,000.00"
2019-04-01,2019040101004627,NCCB,57,34,950,213.00,"202,350.00"
2019-04-01,2019040101004626,NCCB,57,34,50,213.00,"10,650.00"
2019-04-01,2019040101004625,NCCB,26,26,1,210.00,210.00
2019-04-01,2019040101004807,NCDB,49,57,602,121.00,"72,842.00"
2019-04-01,2019040101005048,NGPL,1,59,11,123.00,"1,353.00"
2019-04-01,2019040101004827,NHDL,49,59,10,127.00,"1,270.00"
2019-04-01,2019040101004768,NHDL,49,22,10,127.00,"1,270.00"
2019-04-01,2019040101004665,NHPC,37,51,400,71.00,"28,400.00"
2019-04-01,2019040101005083,NIB,46,46,5,519.00,"2,595.00"
2019-04-01,2019040101005038,NIB,13,48,182,529.00,"96,278.00"
2019-04-01,2019040101005011,NIB,13,48,183,529.00,"96,807.00"
2019-04-01,2019040101005003,NIB,42,38,10,530.00,"5,300.00"
2019-04-01,2019040101004959,NIB,48,38,113,530.00,"59,890.00"
2019-04-01,2019040101004958,NIB,48,19,37,530.00,"19,610.00"
2019-04-01,2019040101004635,NIB,13,13,37,529.00,"19,573.00"
2019-04-01,2019040101005058,NIBPO,17,39,100,493.00,"49,300.00"
2019-04-01,2019040101004662,NIBPO,52,48,100,494.00,"49,400.00"
2019-04-01,2019040101004970,NICA,40,48,100,406.00,"40,600.00"
2019-04-01,2019040101004766,NICA,16,36,"1,000",406.00,"406,000.00"
2019-04-01,2019040101004765,NICA,16,47,200,406.00,"81,200.00"
2019-04-01,2019040101004720,NICA,34,48,132,405.00,"53,460.00"
2019-04-01,2019040101004692,NICA,34,44,"1,000",405.00,"405,000.00"
2019-04-01,2019040101004642,NICA,53,36,"1,000",406.00,"406,000.00"
2019-04-01,2019040101004592,NICA,34,42,300,405.00,"121,500.00"
2019-04-01,2019040101004591,NICA,28,42,700,405.00,"283,500.00"
2019-04-01,2019040101005044,NICGF,43,38,"2,800",8.83,"24,724.00"
2019-04-01,2019040101004997,NICGF,21,38,"5,000",8.83,"44,150.00"
2019-04-01,2019040101004978,NICGF,21,38,700,8.83,"6,181.00"
2019-04-01,2019040101004855,NICGF,55,38,"1,000",8.83,"8,830.00"
2019-04-01,2019040101004854,NICGF,21,38,"5,000",8.85,"44,250.00"
2019-04-01,2019040101004853,NICGF,58,38,500,8.86,"4,430.00"
2019-04-01,2019040101004896,NIL,51,32,127,518.00,"65,786.00"
2019-04-01,2019040101004678,NIL,51,45,173,518.00,"89,614.00"
2019-04-01,2019040101004649,NIL,58,29,50,517.00,"25,850.00"
2019-04-01,2019040101005054,NLBBL,53,58,50,450.00,"22,500.00"
2019-04-01,2019040101005080,NLIC,55,38,55,"1,096.00","60,280.00"
2019-04-01,2019040101005040,NLIC,59,59,1,"1,075.00","1,075.00"
2019-04-01,2019040101004918,NLIC,55,50,20,"1,096.00","21,920.00"
2019-04-01,2019040101004904,NLIC,59,59,1,"1,074.00","1,074.00"
2019-04-01,2019040101004777,NLIC,59,59,1,"1,074.00","1,074.00"
2019-04-01,2019040101004908,NLICL,49,50,18,572.00,"10,296.00"
2019-04-01,2019040101004895,NLICL,49,57,32,572.00,"18,304.00"
2019-04-01,2019040101004847,NLICL,49,50,50,572.00,"28,600.00"
2019-04-01,2019040101005064,NMB,50,53,150,331.00,"49,650.00"
2019-04-01,2019040101005009,NMB,50,53,200,331.00,"66,200.00"
2019-04-01,2019040101004974,NMB,50,13,104,331.00,"34,424.00"
2019-04-01,2019040101004973,NMB,14,13,126,331.00,"41,706.00"
2019-04-01,2019040101004893,NMB,14,14,375,331.00,"124,125.00"
2019-04-01,2019040101004892,NMB,48,14,200,331.00,"66,200.00"
2019-04-01,2019040101004801,NMB,7,45,100,332.00,"33,200.00"
2019-04-01,2019040101004800,NMB,7,56,83,332.00,"27,556.00"
2019-04-01,2019040101004711,NMB,32,47,20,331.00,"6,620.00"
2019-04-01,2019040101004636,NMB,32,59,36,331.00,"11,916.00"
2019-04-01,2019040101004619,NMB,32,53,100,331.00,"33,100.00"
2019-04-01,2019040101004891,NMB,14,14,300,331.00,"99,300.00"
2019-04-01,2019040101004890,NMB,33,14,300,331.00,"99,300.00"
2019-04-01,2019040101004889,NMB,32,14,25,331.00,"8,275.00"
2019-04-01,2019040101004804,NMB,7,34,100,332.00,"33,200.00"
2019-04-01,2019040101004803,NMB,7,6,500,332.00,"166,000.00"
2019-04-01,2019040101004802,NMB,7,35,500,332.00,"166,000.00"
2019-04-01,2019040101004672,NMBMF,46,13,35,"1,000.00","35,000.00"
2019-04-01,2019040101004989,NNLB,49,58,150,432.00,"64,800.00"
2019-04-01,2019040101004988,NNLB,56,58,100,434.00,"43,400.00"
2019-04-01,2019040101004690,OHL,42,16,10,440.00,"4,400.00"
2019-04-01,2019040101005057,PCBL,25,54,18,321.00,"5,778.00"
2019-04-01,2019040101005026,PCBL,25,51,44,321.00,"14,124.00"
2019-04-01,2019040101004824,PCBL,25,46,11,321.00,"3,531.00"
2019-04-01,2019040101004963,PFL,58,14,139,129.00,"17,931.00"
2019-04-01,2019040101004962,PFL,22,14,200,129.00,"25,800.00"
2019-04-01,2019040101004961,PFL,1,14,100,129.00,"12,900.00"
2019-04-01,2019040101004960,PFL,32,14,68,129.00,"8,772.00"
2019-04-01,2019040101004876,PFL,53,14,300,130.00,"39,000.00"
2019-04-01,2019040101005008,PIC,6,5,11,"1,014.00","11,154.00"
2019-04-01,2019040101004916,PIC,43,32,140,"1,015.00","142,100.00"
2019-04-01,2019040101004915,PIC,35,32,11,"1,015.00","11,165.00"
2019-04-01,2019040101004914,PIC,38,32,17,"1,016.00","17,272.00"
2019-04-01,2019040101004842,PIC,38,57,11,"1,016.00","11,176.00"
2019-04-01,2019040101004679,PIC,36,52,10,"1,019.00","10,190.00"
2019-04-01,2019040101004771,PICL,43,58,30,679.00,"20,370.00"
2019-04-01,2019040101005039,PLIC,17,55,40,447.00,"17,880.00"
2019-04-01,2019040101005027,PLIC,37,32,100,448.00,"44,800.00"
2019-04-01,2019040101004954,PLIC,37,32,100,448.00,"44,800.00"
2019-04-01,2019040101004737,PLIC,35,37,70,450.00,"31,500.00"
2019-04-01,2019040101005053,PMHPL,10,28,10,109.00,"1,090.00"
2019-04-01,2019040101005022,PMHPL,10,33,10,109.00,"1,090.00"
2019-04-01,2019040101004905,PMHPL,10,57,10,109.00,"1,090.00"
2019-04-01,2019040101004869,PMHPL,38,38,10,110.00,"1,100.00"
2019-04-01,2019040101004666,PMHPL,38,39,10,110.00,"1,100.00"
2019-04-01,2019040101004661,PMHPL,10,38,10,109.00,"1,090.00"
2019-04-01,2019040101004618,PMHPL,10,28,10,109.00,"1,090.00"
2019-04-01,2019040101005020,PRIN,40,25,500,406.00,"203,000.00"
2019-04-01,2019040101005019,PRIN,45,25,150,407.00,"61,050.00"
2019-04-01,2019040101004972,PRIN,51,32,150,408.00,"61,200.00"
2019-04-01,2019040101004971,PRIN,19,32,200,408.00,"81,600.00"
2019-04-01,2019040101005085,PRVU,28,21,75,241.00,"18,075.00"
2019-04-01,2019040101005084,PRVU,53,21,125,241.00,"30,125.00"
2019-04-01,2019040101004994,PRVU,53,49,50,241.00,"12,050.00"
2019-04-01,2019040101004992,PRVU,53,42,75,241.00,"18,075.00"
2019-04-01,2019040101004991,PRVU,35,42,25,242.00,"6,050.00"
2019-04-01,2019040101004985,PRVU,35,21,75,242.00,"18,150.00"
2019-04-01,2019040101004794,PRVU,58,29,140,242.00,"33,880.00"
2019-04-01,2019040101004659,PRVU,58,41,100,242.00,"24,200.00"
2019-04-01,2019040101004629,PRVU,26,26,1,238.00,238.00
2019-04-01,2019040101004923,RADHI,26,8,11,168.00,"1,848.00"
2019-04-01,2019040101004922,RADHI,26,8,11,168.00,"1,848.00"
2019-04-01,2019040101004921,RADHI,26,17,11,168.00,"1,848.00"
2019-04-01,2019040101004920,RADHI,26,22,11,167.00,"1,837.00"
2019-04-01,2019040101004670,RADHI,17,49,11,165.00,"1,815.00"
2019-04-01,2019040101004912,RLFL,44,57,41,115.00,"4,715.00"
2019-04-01,2019040101004864,RMDC,10,46,46,530.00,"24,380.00"
2019-04-01,2019040101005045,RRHP,37,46,10,96.00,960.00
2019-04-01,2019040101004877,RRHP,37,28,10,96.00,960.00
2019-04-01,2019040101004660,RRHP,37,28,10,96.00,960.00
2019-04-01,2019040101005055,RSDC,42,59,51,363.00,"18,513.00"
2019-04-01,2019040101004738,RSDC,42,59,51,363.00,"18,513.00"
2019-04-01,2019040101005041,SADBL,36,16,21,144.00,"3,024.00"
2019-04-01,2019040101004902,SADBL,39,16,"1,000",145.00,"145,000.00"
2019-04-01,2019040101004749,SADBL,39,59,"1,000",145.00,"145,000.00"
2019-04-01,2019040101004639,SADBL,58,51,100,145.00,"14,500.00"
2019-04-01,2019040101004638,SADBL,58,58,10,145.00,"1,450.00"
2019-04-01,2019040101005063,SANIMA,56,1,100,304.00,"30,400.00"
2019-04-01,2019040101004721,SBL,53,47,16,291.00,"4,656.00"
2019-04-01,2019040101004600,SBL,28,36,183,293.00,"53,619.00"
2019-04-01,2019040101004818,SCB,19,38,30,564.00,"16,920.00"
2019-04-01,2019040101004817,SCB,52,38,30,565.00,"16,950.00"
2019-04-01,2019040101004816,SCB,52,38,10,565.00,"5,650.00"
2019-04-01,2019040101004815,SCB,1,38,60,566.00,"33,960.00"
2019-04-01,2019040101004814,SCB,16,38,20,566.00,"11,320.00"
2019-04-01,2019040101004681,SCB,36,3,40,568.00,"22,720.00"
2019-04-01,2019040101005062,SDESI,40,17,23,535.00,"12,305.00"
2019-04-01,2019040101004933,SDESI,26,34,20,540.00,"10,800.00"
2019-04-01,2019040101004836,SDESI,40,59,11,535.00,"5,885.00"
2019-04-01,2019040101004671,SDESI,37,59,11,533.00,"5,863.00"
2019-04-01,2019040101004986,SHIVM,47,39,600,330.00,"198,000.00"
2019-04-01,2019040101004981,SHIVM,47,42,50,330.00,"16,500.00"
2019-04-01,2019040101004937,SHIVM,47,6,50,330.00,"16,500.00"
2019-04-01,2019040101004927,SHIVM,47,6,50,330.00,"16,500.00"
2019-04-01,2019040101004858,SHIVM,47,16,200,330.00,"66,000.00"
2019-04-01,2019040101004838,SHIVM,47,38,50,330.00,"16,500.00"
2019-04-01,2019040101004593,SHIVM,47,5,500,331.00,"165,500.00"
2019-04-01,2019040101004599,SHIVM,47,58,160,332.00,"53,120.00"
2019-04-01,2019040101004598,SHIVM,47,57,50,332.00,"16,600.00"
2019-04-01,2019040101004597,SHIVM,47,45,100,332.00,"33,200.00"
2019-04-01,2019040101004596,SHIVM,47,14,50,332.00,"16,600.00"
2019-04-01,2019040101004595,SHIVM,47,33,50,332.00,"16,600.00"
2019-04-01,2019040101004594,SHIVM,47,49,90,332.00,"29,880.00"
2019-04-01,2019040101004899,SHPC,7,46,"1,878",225.00,"422,550.00"
2019-04-01,2019040101004875,SHPC,7,32,122,225.00,"27,450.00"
2019-04-01,2019040101004874,SHPC,41,32,78,225.00,"17,550.00"
2019-04-01,2019040101004617,SHPC,41,46,922,225.00,"207,450.00"
2019-04-01,2019040101004616,SHPC,45,46,500,225.00,"112,500.00"
2019-04-01,2019040101004615,SHPC,16,46,478,225.00,"107,550.00"
2019-04-01,2019040101004633,SIC,26,32,121,"1,265.00","153,065.00"
2019-04-01,2019040101004632,SIC,42,32,50,"1,266.00","63,300.00"
2019-04-01,2019040101004624,SIC,11,17,50,"1,270.00","63,500.00"
2019-04-01,2019040101005077,SICL,7,58,500,880.00,"440,000.00"
2019-04-01,2019040101005076,SICL,28,58,71,880.00,"62,480.00"
2019-04-01,2019040101005075,SICL,29,58,100,881.00,"88,100.00"
2019-04-01,2019040101005074,SICL,46,58,20,881.00,"17,620.00"
2019-04-01,2019040101005073,SICL,38,58,100,881.00,"88,100.00"
2019-04-01,2019040101005072,SICL,45,58,75,881.00,"66,075.00"
2019-04-01,2019040101005071,SICL,7,58,20,882.00,"17,640.00"
2019-04-01,2019040101004780,SIL,7,58,138,594.00,"81,972.00"
2019-04-01,2019040101004779,SIL,13,58,42,594.00,"24,948.00"
2019-04-01,2019040101004778,SIL,7,58,100,595.00,"59,500.00"
2019-04-01,2019040101004750,SKBBL,14,47,25,859.00,"21,475.00"
2019-04-01,2019040101004725,SKBBL,14,47,25,859.00,"21,475.00"
2019-04-01,2019040101004931,SLBBL,29,28,200,492.00,"98,400.00"
2019-04-01,2019040101004930,SLBBL,29,28,100,493.00,"49,300.00"
2019-04-01,2019040101004867,SLBS,59,59,18,865.00,"15,570.00"
2019-04-01,2019040101004788,SLBS,59,59,18,856.00,"15,408.00"
2019-04-01,2019040101005069,SLBSL,25,34,10,686.00,"6,860.00"
2019-04-01,2019040101005061,SLBSL,25,33,10,686.00,"6,860.00"
2019-04-01,2019040101005037,SLBSL,25,33,10,686.00,"6,860.00"
2019-04-01,2019040101004634,SLBSL,5,7,10,687.00,"6,870.00"
2019-04-01,2019040101004863,SLICL,43,34,500,519.00,"259,500.00"
2019-04-01,2019040101004862,SLICL,32,34,100,520.00,"52,000.00"
2019-04-01,2019040101004861,SLICL,45,34,100,520.00,"52,000.00"
2019-04-01,2019040101004860,SLICL,1,34,30,520.00,"15,600.00"
2019-04-01,2019040101004859,SLICL,17,34,135,520.00,"70,200.00"
2019-04-01,2019040101005035,SMB,11,17,10,612.00,"6,120.00"
2019-04-01,2019040101004866,SPDL,45,34,45,107.00,"4,815.00"
2019-04-01,2019040101004865,SPDL,45,39,200,107.00,"21,400.00"
2019-04-01,2019040101004776,SPDL,33,26,15,105.00,"1,575.00"
2019-04-01,2019040101004775,SPDL,33,38,14,104.00,"1,456.00"
2019-04-01,2019040101005070,SRBL,59,59,4,219.00,876.00
2019-04-01,2019040101005043,SRBL,26,44,323,223.00,"72,029.00"
2019-04-01,2019040101005032,SRBL,49,49,50,222.00,"11,100.00"
2019-04-01,2019040101004810,SRBL,49,51,53,222.00,"11,766.00"
2019-04-01,2019040101004667,SRBL,45,44,48,223.00,"10,704.00"
2019-04-01,2019040101004664,SRBL,45,32,400,223.00,"89,200.00"
2019-04-01,2019040101004656,SRBL,59,59,3,219.00,657.00
2019-04-01,2019040101004620,SRBL,58,44,"1,000",223.00,"223,000.00"
2019-04-01,2019040101005068,UPPER,59,44,15,237.00,"3,555.00"
2019-04-01,2019040101005067,UPPER,21,44,20,237.00,"4,740.00"
2019-04-01,2019040101005066,UPPER,22,44,15,237.00,"3,555.00"
2019-04-01,2019040101005065,UPPER,22,28,40,237.00,"9,480.00"
2019-04-01,2019040101005060,UPPER,22,44,50,237.00,"11,850.00"
2019-04-01,2019040101005051,UPPER,22,46,50,237.00,"11,850.00"
2019-04-01,2019040101004630,UPPER,44,48,97,237.00,"22,989.00"
2019-04-01,2019040101004604,UPPER,19,58,100,238.00,"23,800.00"
2019-04-01,2019040101004694,UPPER,44,25,293,237.00,"69,441.00"
2019-04-01,2019040101004683,UPPER,38,58,40,238.00,"9,520.00"
2019-04-01,2019040101004668,UPPER,44,48,40,237.00,"9,480.00"
2019-04-01,2019040101004631,UPPER,44,28,50,237.00,"11,850.00"
2019-04-01,2019040101004745,UPPER,45,14,300,237.00,"71,100.00"
2019-04-01,2019040101004744,UPPER,29,14,500,237.00,"118,500.00"
2019-04-01,2019040101004743,UPPER,29,14,100,237.00,"23,700.00"
2019-04-01,2019040101004742,UPPER,19,14,60,237.00,"14,220.00"
2019-04-01,2019040101004741,UPPER,44,14,145,237.00,"34,365.00"
2019-04-01,2019040101004709,UPPER,38,58,40,238.00,"9,520.00"
2019-04-01,2019040101004868,UPPER,22,57,50,237.00,"11,850.00"
2019-04-01,2019040101004843,UPPER,22,49,50,237.00,"11,850.00"
2019-04-01,2019040101004770,UPPER,38,58,50,238.00,"11,900.00"
2019-04-01,2019040101004747,UPPER,22,14,395,237.00,"93,615.00"
2019-04-01,2019040101004746,UPPER,22,14,"1,000",237.00,"237,000.00"
2019-04-01,2019040101004919,UPPER,22,44,50,237.00,"11,850.00"
2019-04-01,2019040101004909,UPPER,22,33,40,237.00,"9,480.00"
2019-04-01,2019040101004898,UPPER,22,28,50,237.00,"11,850.00"
2019-04-01,2019040101004897,UPPER,38,32,40,238.00,"9,520.00"
2019-04-01,2019040101005001,UPPER,22,44,40,237.00,"9,480.00"
2019-04-01,2019040101004983,UPPER,22,44,50,237.00,"11,850.00"
2019-04-01,2019040101004969,UPPER,22,44,50,237.00,"11,850.00"
2019-04-01,2019040101004938,UPPER,22,44,50,237.00,"11,850.00"
2019-04-01,2019040101005047,UPPER,22,44,50,237.00,"11,850.00"
2019-04-01,2019040101005046,UPPER,22,28,40,237.00,"9,480.00"
2019-04-01,2019040101005042,UPPER,22,44,40,237.00,"9,480.00"
2019-04-01,2019040101005029,UPPER,22,5,40,237.00,"9,480.00"
2019-04-01,2019040101005023,UPPER,22,44,50,237.00,"11,850.00"
2019-04-01,2019040101004355,ADBL,14,28,300,297.00,"89,100.00"
2019-04-01,2019040101004354,ADBL,14,29,200,296.00,"59,200.00"
2019-04-01,2019040101004353,ADBL,14,14,400,296.00,"118,400.00"
2019-04-01,2019040101004352,ADBL,14,37,51,296.00,"15,096.00"
2019-04-01,2019040101004312,ADBL,14,37,49,296.00,"14,504.00"
2019-04-01,2019040101004311,ADBL,14,21,51,296.00,"15,096.00"
2019-04-01,2019040101004350,AKJCL,22,5,20,80.00,"1,600.00"
2019-04-01,2019040101004507,AKPL,25,28,"1,000",184.00,"184,000.00"
2019-04-01,2019040101004572,ALBSL,29,1,10,481.00,"4,810.00"
2019-04-01,2019040101004413,ALBSL,52,57,10,481.00,"4,810.00"
2019-04-01,2019040101004401,ALBSL,52,49,10,481.00,"4,810.00"
2019-04-01,2019040101004391,ALBSL,52,38,10,481.00,"4,810.00"
2019-04-01,2019040101004362,ALBSL,17,45,90,483.00,"43,470.00"
2019-04-01,2019040101004191,ALBSL,52,38,10,481.00,"4,810.00"
2019-04-01,2019040101004189,ALBSL,38,17,10,482.00,"4,820.00"
2019-04-01,2019040101004110,ALBSL,52,37,10,481.00,"4,810.00"
2019-04-01,2019040101004361,ALBSL,17,44,10,483.00,"4,830.00"
2019-04-01,2019040101004340,ALBSL,52,49,10,481.00,"4,810.00"
2019-04-01,2019040101004316,ALBSL,38,7,10,482.00,"4,820.00"
2019-04-01,2019040101004242,ALBSL,38,43,10,482.00,"4,820.00"
2019-04-01,2019040101004225,ALBSL,52,38,10,481.00,"4,810.00"
2019-04-01,2019040101004199,ALBSL,39,47,10,482.00,"4,820.00"
2019-04-01,2019040101004437,ALICL,41,58,10,392.00,"3,920.00"
2019-04-01,2019040101004425,ALICL,34,32,100,393.00,"39,300.00"
2019-04-01,2019040101004415,AMFI,38,38,10,650.00,"6,500.00"
2019-04-01,2019040101004582,API,57,13,11,134.00,"1,474.00"
2019-04-01,2019040101004508,BOKL,32,32,31,245.00,"7,595.00"
2019-04-01,2019040101004499,BOKL,32,32,79,245.00,"19,355.00"
2019-04-01,2019040101004184,BOKL,34,32,39,246.00,"9,594.00"
2019-04-01,2019040101004183,BOKL,34,46,61,246.00,"15,006.00"
2019-04-01,2019040101004157,BOKL,43,16,21,244.00,"5,124.00"
2019-04-01,2019040101004182,BOKL,34,59,100,246.00,"24,600.00"
2019-04-01,2019040101004166,BOKL,43,51,509,245.00,"124,705.00"
2019-04-01,2019040101004165,BOKL,43,43,71,245.00,"17,395.00"
2019-04-01,2019040101004164,BOKL,43,39,200,245.00,"49,000.00"
2019-04-01,2019040101004163,BOKL,43,34,204,245.00,"49,980.00"
2019-04-01,2019040101004162,BOKL,43,42,980,245.00,"240,100.00"
2019-04-01,2019040101004506,BPCL,51,32,280,361.00,"101,080.00"
2019-04-01,2019040101004481,BPCL,36,17,22,360.00,"7,920.00"
2019-04-01,2019040101004480,BPCL,36,13,22,360.00,"7,920.00"
2019-04-01,2019040101004479,BPCL,36,59,11,360.00,"3,960.00"
2019-04-01,2019040101004478,BPCL,36,52,22,360.00,"7,920.00"
2019-04-01,2019040101004477,BPCL,36,1,130,359.00,"46,670.00"
2019-04-01,2019040101004436,BPCL,48,17,11,358.00,"3,938.00"
2019-04-01,2019040101004322,BPCL,14,1,90,359.00,"32,310.00"
2019-04-01,2019040101004181,CBBL,33,28,200,895.00,"179,000.00"
2019-04-01,2019040101004367,CBL,41,44,"1,000",158.00,"158,000.00"
2019-04-01,2019040101004198,CBL,36,42,23,158.00,"3,634.00"
2019-04-01,2019040101004197,CBL,36,41,400,158.00,"63,200.00"
2019-04-01,2019040101004196,CBL,36,28,500,158.00,"79,000.00"
2019-04-01,2019040101004195,CBL,36,41,500,158.00,"79,000.00"
2019-04-01,2019040101004194,CBL,36,46,136,158.00,"21,488.00"
2019-04-01,2019040101004193,CBL,36,43,"1,000",158.00,"158,000.00"
2019-04-01,2019040101004580,CCBL,44,36,91,165.00,"15,015.00"
2019-04-01,2019040101004568,CFCL,44,57,100,106.00,"10,600.00"
2019-04-01,2019040101004208,CFCL,22,57,100,106.00,"10,600.00"
2019-04-01,2019040101004433,CHCL,35,1,150,504.00,"75,600.00"
2019-04-01,2019040101004432,CHCL,35,29,50,504.00,"25,200.00"
2019-04-01,2019040101004328,CHCL,17,49,200,503.00,"100,600.00"
2019-04-01,2019040101004399,CHL,58,13,10,101.00,"1,010.00"
2019-04-01,2019040101004576,CHLBS,21,21,10,516.00,"5,160.00"
2019-04-01,2019040101004570,CHLBS,21,21,10,516.00,"5,160.00"
2019-04-01,2019040101004565,CHLBS,21,21,10,516.00,"5,160.00"
2019-04-01,2019040101004558,CHLBS,21,21,10,516.00,"5,160.00"
2019-04-01,2019040101004542,CHLBS,21,21,10,516.00,"5,160.00"
2019-04-01,2019040101004531,CHLBS,21,21,10,516.00,"5,160.00"
2019-04-01,2019040101004231,CHLBS,38,21,10,515.00,"5,150.00"
2019-04-01,2019040101004190,CHLBS,7,40,10,515.00,"5,150.00"
2019-04-01,2019040101004186,CHLBS,7,40,10,515.00,"5,150.00"
2019-04-01,2019040101004147,CHLBS,32,21,10,516.00,"5,160.00"
2019-04-01,2019040101004281,CHLBS,21,21,10,515.00,"5,150.00"
2019-04-01,2019040101004280,CHLBS,21,21,10,515.00,"5,150.00"
2019-04-01,2019040101004279,CHLBS,21,21,10,515.00,"5,150.00"
2019-04-01,2019040101004278,CHLBS,21,21,10,515.00,"5,150.00"
2019-04-01,2019040101004271,CHLBS,45,28,10,514.00,"5,140.00"
2019-04-01,2019040101004243,CHLBS,45,38,10,514.00,"5,140.00"
2019-04-01,2019040101004287,CHLBS,21,21,10,516.00,"5,160.00"
2019-04-01,2019040101004286,CHLBS,21,21,10,516.00,"5,160.00"
2019-04-01,2019040101004285,CHLBS,21,21,10,516.00,"5,160.00"
2019-04-01,2019040101004284,CHLBS,21,21,10,516.00,"5,160.00"
2019-04-01,2019040101004283,CHLBS,21,21,10,515.00,"5,150.00"
2019-04-01,2019040101004282,CHLBS,21,21,10,515.00,"5,150.00"
2019-04-01,2019040101004442,CHLBS,38,21,10,516.00,"5,160.00"
2019-04-01,2019040101004438,CHLBS,21,38,10,515.00,"5,150.00"
2019-04-01,2019040101004414,CHLBS,21,49,10,515.00,"5,150.00"
2019-04-01,2019040101004383,CHLBS,14,16,10,515.00,"5,150.00"
2019-04-01,2019040101004356,CHLBS,38,21,10,516.00,"5,160.00"
2019-04-01,2019040101004344,CHLBS,14,38,10,515.00,"5,150.00"
2019-04-01,2019040101004501,CHLBS,21,21,10,516.00,"5,160.00"
2019-04-01,2019040101004470,CHLBS,51,21,10,516.00,"5,160.00"
2019-04-01,2019040101004469,CHLBS,51,21,10,516.00,"5,160.00"
2019-04-01,2019040101004468,CHLBS,51,21,10,516.00,"5,160.00"
2019-04-01,2019040101004467,CHLBS,51,21,10,516.00,"5,160.00"
2019-04-01,2019040101004466,CHLBS,51,21,10,516.00,"5,160.00"
2019-04-01,2019040101004584,CIT,33,50,16,"2,619.00","41,904.00"
2019-04-01,2019040101004583,CIT,33,58,50,"2,619.00","130,950.00"
2019-04-01,2019040101004404,CIT,35,58,50,"2,619.00","130,950.00"
2019-04-01,2019040101004521,CZBIL,21,48,200,213.00,"42,600.00"
2019-04-01,2019040101004489,CZBIL,43,41,346,213.00,"73,698.00"
2019-04-01,2019040101004488,CZBIL,43,32,39,213.00,"8,307.00"
2019-04-01,2019040101004487,CZBIL,43,1,389,213.00,"82,857.00"
2019-04-01,2019040101004486,CZBIL,43,19,23,213.00,"4,899.00"
2019-04-01,2019040101004485,CZBIL,43,13,400,213.00,"85,200.00"
2019-04-01,2019040101004484,CZBIL,43,28,500,213.00,"106,500.00"
2019-04-01,2019040101004483,CZBIL,43,11,114,213.00,"24,282.00"
2019-04-01,2019040101004482,CZBIL,43,17,10,212.00,"2,120.00"
2019-04-01,2019040101004291,EBL,53,16,50,580.00,"29,000.00"
2019-04-01,2019040101004290,EBL,53,53,50,580.00,"29,000.00"
2019-04-01,2019040101004289,EBL,53,25,200,579.00,"115,800.00"
2019-04-01,2019040101004151,EBL,52,50,200,575.00,"115,000.00"
2019-04-01,2019040101004150,EBL,26,50,200,575.00,"115,000.00"
2019-04-01,2019040101004112,EBL,1,7,100,576.00,"57,600.00"
2019-04-01,2019040101004288,EBL,53,19,200,578.00,"115,600.00"
2019-04-01,2019040101004177,EBL,58,53,50,575.00,"28,750.00"
2019-04-01,2019040101004176,EBL,58,50,12,575.00,"6,900.00"
2019-04-01,2019040101004417,EDBL,19,25,10,294.00,"2,940.00"
2019-04-01,2019040101004220,FMDBL,6,17,250,368.00,"92,000.00"
2019-04-01,2019040101004426,FOWAD,19,17,15,"1,516.00","22,740.00"
2019-04-01,2019040101004269,GBBL,47,1,100,192.00,"19,200.00"
2019-04-01,2019040101004268,GBBL,47,45,500,192.00,"96,000.00"
2019-04-01,2019040101004267,GBBL,47,41,430,192.00,"82,560.00"
2019-04-01,2019040101004266,GBBL,47,32,290,192.00,"55,680.00"
2019-04-01,2019040101004265,GBBL,47,43,300,192.00,"57,600.00"
2019-04-01,2019040101004264,GBBL,47,52,430,192.00,"82,560.00"
2019-04-01,2019040101004258,GBBL,58,41,500,190.00,"95,000.00"
2019-04-01,2019040101004172,GBBL,34,59,100,191.00,"19,100.00"
2019-04-01,2019040101004171,GBBL,34,49,"1,988",191.00,"379,708.00"
2019-04-01,2019040101004532,GBIME,8,40,10,268.00,"2,680.00"
2019-04-01,2019040101004457,GBIME,48,17,15,264.00,"3,960.00"
