Date,Transact. No.,Symbol,Buyer,Seller,Quantity,Rate,Amount
2019-07-28,2019072801006682,ADBL,49,26,457,425.00,"194,225.00"
2019-07-28,2019072801006639,ADBL,43,57,10,426.00,"4,260.00"
2019-07-28,2019072801006623,ADBL,49,50,543,425.00,"230,775.00"
2019-07-28,2019072801006614,ADBL,28,50,25,425.00,"10,625.00"
2019-07-28,2019072801006612,ADBL,42,50,"1,276",424.00,"541,024.00"
2019-07-28,2019072801006610,ADBL,49,50,200,425.00,"85,000.00"
2019-07-28,2019072801006411,ADBL,53,21,30,425.00,"12,750.00"
2019-07-28,2019072801006363,ADBL,49,49,"2,400",425.00,"1,020,000.00"
2019-07-28,2019072801006233,ADBL,53,42,57,425.00,"24,225.00"
2019-07-28,2019072801006228,ADBL,49,49,"18,860",425.00,"8,015,500.00"
2019-07-28,2019072801006524,ADBL,7,50,232,425.00,"98,600.00"
2019-07-28,2019072801006517,ADBL,7,50,768,425.00,"326,400.00"
2019-07-28,2019072801006516,ADBL,50,50,100,425.00,"42,500.00"
2019-07-28,2019072801006515,ADBL,50,50,105,425.00,"44,625.00"
2019-07-28,2019072801006514,ADBL,53,50,27,425.00,"11,475.00"
2019-07-28,2019072801006466,ADBL,53,45,50,425.00,"21,250.00"
2019-07-28,2019072801006324,AKJCL,38,39,20,68.00,"1,360.00"
2019-07-28,2019072801006278,AKJCL,38,39,10,68.00,680.00
2019-07-28,2019072801006237,AKJCL,38,39,20,68.00,"1,360.00"
2019-07-28,2019072801006221,AKJCL,38,39,10,68.00,680.00
2019-07-28,2019072801006512,AKPL,10,45,10,173.00,"1,730.00"
2019-07-28,2019072801006473,AKPL,19,36,100,170.00,"17,000.00"
2019-07-28,2019072801006602,ALBSL,22,6,50,402.00,"20,100.00"
2019-07-28,2019072801006583,ALBSL,51,47,95,403.00,"38,285.00"
2019-07-28,2019072801006405,ALBSL,35,47,15,404.00,"6,060.00"
2019-07-28,2019072801006347,ALBSL,32,36,50,403.00,"20,150.00"
2019-07-28,2019072801006346,ALBSL,26,36,50,403.00,"20,150.00"
2019-07-28,2019072801006439,ALICL,45,22,200,372.00,"74,400.00"
2019-07-28,2019072801006438,ALICL,45,33,258,372.00,"95,976.00"
2019-07-28,2019072801006437,ALICL,45,35,239,371.00,"88,669.00"
2019-07-28,2019072801006678,API,40,56,640,135.00,"86,400.00"
2019-07-28,2019072801006677,API,55,56,200,135.00,"27,000.00"
2019-07-28,2019072801006676,API,43,56,10,135.00,"1,350.00"
2019-07-28,2019072801006653,API,13,56,50,136.00,"6,800.00"
2019-07-28,2019072801006652,API,57,56,100,136.00,"13,600.00"
2019-07-28,2019072801006621,API,25,48,20,138.00,"2,760.00"
2019-07-28,2019072801006355,API,6,56,400,136.00,"54,400.00"
2019-07-28,2019072801006354,API,54,56,100,136.00,"13,600.00"
2019-07-28,2019072801006353,API,53,56,100,136.00,"13,600.00"
2019-07-28,2019072801006326,API,25,48,100,138.00,"13,800.00"
2019-07-28,2019072801006308,API,25,48,100,138.00,"13,800.00"
2019-07-28,2019072801006227,API,25,48,30,138.00,"4,140.00"
2019-07-28,2019072801006434,API,50,56,400,136.00,"54,400.00"
2019-07-28,2019072801006425,API,43,56,300,136.00,"40,800.00"
2019-07-28,2019072801006424,API,53,56,700,136.00,"95,200.00"
2019-07-28,2019072801006423,API,57,56,"1,600",136.00,"217,600.00"
2019-07-28,2019072801006389,API,25,48,20,138.00,"2,760.00"
2019-07-28,2019072801006356,API,57,56,"2,400",136.00,"326,400.00"
2019-07-28,2019072801006609,API,57,25,400,136.00,"54,400.00"
2019-07-28,2019072801006546,API,43,56,290,135.00,"39,150.00"
2019-07-28,2019072801006545,API,38,56,500,135.00,"67,500.00"
2019-07-28,2019072801006506,API,53,56,100,136.00,"13,600.00"
2019-07-28,2019072801006478,API,35,56,10,136.00,"1,360.00"
2019-07-28,2019072801006477,API,50,56,100,136.00,"13,600.00"
2019-07-28,2019072801006539,BOKL,52,41,64,262.00,"16,768.00"
2019-07-28,2019072801006538,BOKL,56,41,136,262.00,"35,632.00"
2019-07-28,2019072801006372,BOKL,56,6,160,262.00,"41,920.00"
2019-07-28,2019072801006547,BPCL,22,34,33,404.00,"13,332.00"
2019-07-28,2019072801006285,CBBL,17,14,100,983.00,"98,300.00"
2019-07-28,2019072801006284,CBBL,17,47,299,983.00,"293,917.00"
2019-07-28,2019072801006271,CBBL,17,47,119,983.00,"116,977.00"
2019-07-28,2019072801006270,CBBL,17,14,108,982.00,"106,056.00"
2019-07-28,2019072801006269,CBBL,17,26,98,982.00,"96,236.00"
2019-07-28,2019072801006268,CBBL,17,5,100,980.00,"98,000.00"
2019-07-28,2019072801006267,CBBL,17,47,75,979.00,"73,425.00"
2019-07-28,2019072801006265,CBBL,14,29,50,977.00,"48,850.00"
2019-07-28,2019072801006664,CBL,43,19,10,155.00,"1,550.00"
2019-07-28,2019072801006638,CBL,45,38,"1,000",154.00,"154,000.00"
2019-07-28,2019072801006613,CBL,43,19,10,155.00,"1,550.00"
2019-07-28,2019072801006584,CBL,45,36,497,154.00,"76,538.00"
2019-07-28,2019072801006507,CBL,45,45,500,154.00,"77,000.00"
2019-07-28,2019072801006427,CBL,45,34,500,154.00,"77,000.00"
2019-07-28,2019072801006475,CCBL,46,42,100,171.00,"17,100.00"
2019-07-28,2019072801006694,CHCL,50,44,"1,000",512.00,"512,000.00"
2019-07-28,2019072801006617,CHCL,4,6,107,511.00,"54,677.00"
2019-07-28,2019072801006236,CHCL,50,36,200,510.00,"102,000.00"
2019-07-28,2019072801006235,CHCL,50,33,25,510.00,"12,750.00"
2019-07-28,2019072801006343,CIT,41,57,17,"2,440.00","41,480.00"
2019-07-28,2019072801006323,CMF1,13,33,500,9.80,"4,900.00"
2019-07-28,2019072801006637,CORBL,56,6,10,124.00,"1,240.00"
2019-07-28,2019072801006575,DBBL,55,58,"1,000",145.00,"145,000.00"
2019-07-28,2019072801006675,DDBL,42,50,16,734.00,"11,744.00"
2019-07-28,2019072801006674,DDBL,28,50,500,734.00,"367,000.00"
2019-07-28,2019072801006673,DDBL,35,50,20,734.00,"14,680.00"
2019-07-28,2019072801006672,DDBL,48,50,57,735.00,"41,895.00"
2019-07-28,2019072801006632,DDBL,36,47,54,739.00,"39,906.00"
2019-07-28,2019072801006600,DDBL,48,42,43,735.00,"31,605.00"
2019-07-28,2019072801006599,DDBL,53,42,20,735.00,"14,700.00"
2019-07-28,2019072801006578,DDBL,53,45,80,735.00,"58,800.00"
2019-07-28,2019072801006648,DHPL,7,26,10,66.00,660.00
2019-07-28,2019072801006647,DHPL,7,38,40,66.00,"2,640.00"
2019-07-28,2019072801006646,EBL,48,44,237,660.00,"156,420.00"
2019-07-28,2019072801006645,EBL,54,44,50,660.00,"33,000.00"
2019-07-28,2019072801006644,EBL,49,44,713,660.00,"470,580.00"
2019-07-28,2019072801006596,EBL,14,18,10,661.00,"6,610.00"
2019-07-28,2019072801006467,EBL,14,18,40,661.00,"26,440.00"
2019-07-28,2019072801006262,EBL,11,26,100,661.00,"66,100.00"
2019-07-28,2019072801006207,EBL,49,26,129,660.00,"85,140.00"
2019-07-28,2019072801006685,FMDBL,58,38,990,379.00,"375,210.00"
2019-07-28,2019072801006650,FMDBL,34,38,10,379.00,"3,790.00"
2019-07-28,2019072801006649,FMDBL,34,38,100,378.00,"37,800.00"
2019-07-28,2019072801006523,FMDBL,57,49,84,376.00,"31,584.00"
2019-07-28,2019072801006522,FMDBL,35,49,20,376.00,"7,520.00"
2019-07-28,2019072801006521,FMDBL,59,49,135,376.00,"50,760.00"
2019-07-28,2019072801006492,FMDBL,42,49,500,377.00,"188,500.00"
2019-07-28,2019072801006491,FMDBL,59,49,150,377.00,"56,550.00"
2019-07-28,2019072801006490,FMDBL,49,49,100,377.00,"37,700.00"
2019-07-28,2019072801006690,FOWAD,52,32,48,"1,368.00","65,664.00"
2019-07-28,2019072801006689,FOWAD,35,32,10,"1,368.00","13,680.00"
2019-07-28,2019072801006688,FOWAD,13,32,10,"1,369.00","13,690.00"
2019-07-28,2019072801006634,GBBL,26,42,100,224.00,"22,400.00"
2019-07-28,2019072801006330,GBLBS,38,34,10,345.00,"3,450.00"
2019-07-28,2019072801006329,GBLBS,38,26,140,344.00,"48,160.00"
2019-07-28,2019072801006225,GBLBS,28,42,10,342.00,"3,420.00"
2019-07-28,2019072801006502,GIMES1,7,53,"1,000",8.10,"8,100.00"
2019-07-28,2019072801006345,GLBSL,25,58,40,401.00,"16,040.00"
2019-07-28,2019072801006344,GLBSL,51,58,40,401.00,"16,040.00"
2019-07-28,2019072801006620,GLICL,37,32,99,445.00,"44,055.00"
2019-07-28,2019072801006619,GLICL,42,32,30,445.00,"13,350.00"
2019-07-28,2019072801006618,GLICL,39,32,21,446.00,"9,366.00"
2019-07-28,2019072801006380,GMFBS,38,37,340,521.00,"177,140.00"
2019-07-28,2019072801006659,GUFL,3,52,"1,000",123.00,"123,000.00"
2019-07-28,2019072801006622,HGI,35,16,20,346.00,"6,920.00"
2019-07-28,2019072801006576,HGI,45,11,10,341.00,"3,410.00"
2019-07-28,2019072801006533,HGI,6,11,94,343.00,"32,242.00"
2019-07-28,2019072801006544,HIDCL,28,51,36,157.00,"5,652.00"
2019-07-28,2019072801006335,HIDCL,49,51,100,157.00,"15,700.00"
2019-07-28,2019072801006283,HIDCL,47,33,100,156.00,"15,600.00"
2019-07-28,2019072801006282,HIDCL,16,33,100,156.00,"15,600.00"
2019-07-28,2019072801006281,HIDCL,1,33,100,156.00,"15,600.00"
2019-07-28,2019072801006280,HIDCL,14,33,428,156.00,"66,768.00"
2019-07-28,2019072801006279,HIDCL,41,33,180,156.00,"28,080.00"
2019-07-28,2019072801006499,HPPL,22,32,60,170.00,"10,200.00"
2019-07-28,2019072801006232,HPPL,22,42,10,170.00,"1,700.00"
2019-07-28,2019072801006245,HURJA,10,42,20,136.00,"2,720.00"
2019-07-28,2019072801006244,HURJA,10,42,10,136.00,"1,360.00"
2019-07-28,2019072801006212,HURJA,16,45,200,134.00,"26,800.00"
2019-07-28,2019072801006608,ILBS,36,48,10,411.00,"4,110.00"
2019-07-28,2019072801006607,ILBS,36,59,10,411.00,"4,110.00"
2019-07-28,2019072801006587,ILBS,51,21,10,408.00,"4,080.00"
2019-07-28,2019072801006568,ILBS,26,48,10,410.00,"4,100.00"
2019-07-28,2019072801006567,ILBS,26,39,10,410.00,"4,100.00"
2019-07-28,2019072801006566,ILBS,26,39,10,410.00,"4,100.00"
2019-07-28,2019072801006272,ILBS,6,42,10,406.00,"4,060.00"
2019-07-28,2019072801006206,ILBS,6,14,10,406.00,"4,060.00"
2019-07-28,2019072801006504,ILBS,1,52,10,409.00,"4,090.00"
2019-07-28,2019072801006465,ILBS,1,18,80,408.00,"32,640.00"
2019-07-28,2019072801006412,ILBS,50,36,100,406.00,"40,600.00"
2019-07-28,2019072801006397,ILBS,58,18,20,407.00,"8,140.00"
2019-07-28,2019072801006321,ILBS,42,52,40,409.00,"16,360.00"
2019-07-28,2019072801006320,ILBS,42,8,10,409.00,"4,090.00"
2019-07-28,2019072801006553,ILBS,26,29,10,410.00,"4,100.00"
2019-07-28,2019072801006552,ILBS,26,29,10,410.00,"4,100.00"
2019-07-28,2019072801006551,ILBS,26,29,10,410.00,"4,100.00"
2019-07-28,2019072801006550,ILBS,26,29,10,410.00,"4,100.00"
2019-07-28,2019072801006549,ILBS,26,59,10,410.00,"4,100.00"
2019-07-28,2019072801006505,ILBS,1,58,10,409.00,"4,090.00"
2019-07-28,2019072801006559,ILBS,26,29,10,410.00,"4,100.00"
2019-07-28,2019072801006558,ILBS,26,29,10,410.00,"4,100.00"
2019-07-28,2019072801006557,ILBS,26,29,10,410.00,"4,100.00"
2019-07-28,2019072801006556,ILBS,26,29,10,410.00,"4,100.00"
2019-07-28,2019072801006555,ILBS,26,29,10,410.00,"4,100.00"
2019-07-28,2019072801006554,ILBS,26,29,10,410.00,"4,100.00"
2019-07-28,2019072801006565,ILBS,26,34,10,410.00,"4,100.00"
2019-07-28,2019072801006564,ILBS,26,22,10,410.00,"4,100.00"
2019-07-28,2019072801006563,ILBS,26,29,10,410.00,"4,100.00"
2019-07-28,2019072801006562,ILBS,26,29,10,410.00,"4,100.00"
2019-07-28,2019072801006561,ILBS,26,29,10,410.00,"4,100.00"
2019-07-28,2019072801006560,ILBS,26,29,10,410.00,"4,100.00"
2019-07-28,2019072801006208,JBBL,46,40,59,160.00,"9,440.00"
2019-07-28,2019072801006592,KBL,36,35,310,216.00,"66,960.00"
2019-07-28,2019072801006591,KBL,33,35,90,216.00,"19,440.00"
2019-07-28,2019072801006220,KBL,33,18,100,216.00,"21,600.00"
2019-07-28,2019072801006635,KPCL,39,32,10,89.00,890.00
2019-07-28,2019072801006444,KPCL,39,32,20,89.00,"1,780.00"
2019-07-28,2019072801006217,KRBL,38,28,89,114.00,"10,146.00"
2019-07-28,2019072801006216,KRBL,21,28,211,114.00,"24,054.00"
2019-07-28,2019072801006683,KSBBL,48,52,10,156.00,"1,560.00"
2019-07-28,2019072801006525,KSBBL,34,36,200,154.00,"30,800.00"
2019-07-28,2019072801006450,KSBBL,21,20,300,155.00,"46,500.00"
2019-07-28,2019072801006292,KSBBL,21,20,"1,000",155.00,"155,000.00"
2019-07-28,2019072801006214,KSBBL,21,42,803,155.00,"124,465.00"
2019-07-28,2019072801006213,KSBBL,21,3,250,155.00,"38,750.00"
2019-07-28,2019072801006625,LBBL,33,14,10,204.00,"2,040.00"
2019-07-28,2019072801006590,LBBL,32,28,"1,068",203.00,"216,804.00"
2019-07-28,2019072801006462,LBBL,59,50,24,202.00,"4,848.00"
2019-07-28,2019072801006461,LBBL,36,50,"1,000",202.00,"202,000.00"
2019-07-28,2019072801006460,LBBL,35,50,35,202.00,"7,070.00"
2019-07-28,2019072801006459,LBBL,55,50,"1,000",202.00,"202,000.00"
2019-07-28,2019072801006458,LBBL,32,50,"1,000",202.00,"202,000.00"
2019-07-28,2019072801006457,LBBL,56,50,50,202.00,"10,100.00"
2019-07-28,2019072801006456,LBBL,42,50,200,202.00,"40,400.00"
2019-07-28,2019072801006455,LBBL,33,50,455,202.00,"91,910.00"
2019-07-28,2019072801006361,LBL,53,47,20,223.00,"4,460.00"
2019-07-28,2019072801006351,LBL,16,52,41,221.00,"9,061.00"
2019-07-28,2019072801006350,LBL,32,52,500,221.00,"110,500.00"
2019-07-28,2019072801006349,LBL,43,52,200,221.00,"44,200.00"
2019-07-28,2019072801006348,LBL,58,52,259,221.00,"57,239.00"
2019-07-28,2019072801006298,LBL,32,33,"1,500",222.00,"333,000.00"
2019-07-28,2019072801006286,LBL,32,33,250,222.00,"55,500.00"
2019-07-28,2019072801006472,LGIL,43,11,57,427.00,"24,339.00"
2019-07-28,2019072801006471,LGIL,41,11,20,427.00,"8,540.00"
2019-07-28,2019072801006470,LGIL,29,11,50,427.00,"21,350.00"
2019-07-28,2019072801006469,LGIL,43,11,200,427.00,"85,400.00"
2019-07-28,2019072801006468,LGIL,43,11,124,427.00,"52,948.00"
2019-07-28,2019072801006433,LGIL,43,11,26,427.00,"11,102.00"
2019-07-28,2019072801006432,LGIL,57,11,200,428.00,"85,600.00"
2019-07-28,2019072801006431,LGIL,26,11,41,428.00,"17,548.00"
2019-07-28,2019072801006396,LGIL,26,21,90,428.00,"38,520.00"
2019-07-28,2019072801006395,LGIL,51,21,110,429.00,"47,190.00"
2019-07-28,2019072801006300,LGIL,51,11,40,429.00,"17,160.00"
2019-07-28,2019072801006299,LGIL,33,11,10,429.00,"4,290.00"
2019-07-28,2019072801006548,LICN,57,36,10,"1,137.00","11,370.00"
2019-07-28,2019072801006229,LICN,35,21,78,"1,136.00","88,608.00"
2019-07-28,2019072801006328,MBL,3,22,100,265.00,"26,500.00"
2019-07-28,2019072801006327,MBL,3,47,83,265.00,"21,995.00"
2019-07-28,2019072801006696,MEGA,48,51,106,208.00,"22,048.00"
2019-07-28,2019072801006595,MEGA,43,51,10,208.00,"2,080.00"
2019-07-28,2019072801006579,MEGA,38,45,59,207.00,"12,213.00"
2019-07-28,2019072801006535,MEGA,25,45,10,207.00,"2,070.00"
2019-07-28,2019072801006528,MEGA,38,45,131,207.00,"27,117.00"
2019-07-28,2019072801006480,MEGA,38,7,509,207.00,"105,363.00"
2019-07-28,2019072801006379,MEGA,38,41,300,207.00,"62,100.00"
2019-07-28,2019072801006289,MEGA,38,42,60,207.00,"12,420.00"
2019-07-28,2019072801006288,MEGA,34,42,40,207.00,"8,280.00"
2019-07-28,2019072801006287,MEGA,57,42,400,207.00,"82,800.00"
2019-07-28,2019072801006527,MERO,37,32,33,515.00,"16,995.00"
2019-07-28,2019072801006375,MERO,37,25,73,515.00,"37,595.00"
2019-07-28,2019072801006205,MNBBL,35,18,68,371.00,"25,228.00"
2019-07-28,2019072801006204,MNBBL,46,18,50,373.00,"18,650.00"
2019-07-28,2019072801006687,NABIL,57,38,78,797.00,"62,166.00"
2019-07-28,2019072801006503,NABIL,41,26,30,800.00,"24,000.00"
2019-07-28,2019072801006359,NABIL,17,26,91,800.00,"72,800.00"
2019-07-28,2019072801006358,NABIL,17,3,112,799.00,"89,488.00"
2019-07-28,2019072801006577,NADEP,26,32,20,427.00,"8,540.00"
2019-07-28,2019072801006498,NAGRO,34,32,200,540.00,"108,000.00"
2019-07-28,2019072801006497,NAGRO,34,21,140,540.00,"75,600.00"
2019-07-28,2019072801006446,NAGRO,13,21,10,540.00,"5,400.00"
2019-07-28,2019072801006377,NAGRO,42,21,50,540.00,"27,000.00"
2019-07-28,2019072801006376,NAGRO,42,21,50,539.00,"26,950.00"
2019-07-28,2019072801006519,NBB,28,45,40,221.00,"8,840.00"
2019-07-28,2019072801006629,NBL,43,51,10,339.00,"3,390.00"
2019-07-28,2019072801006606,NBL,35,45,200,338.00,"67,600.00"
2019-07-28,2019072801006605,NBL,35,45,600,338.00,"202,800.00"
2019-07-28,2019072801006604,NBL,25,45,500,338.00,"169,000.00"
2019-07-28,2019072801006603,NBL,58,45,300,338.00,"101,400.00"
2019-07-28,2019072801006400,NBL,58,33,"1,700",338.00,"574,600.00"
2019-07-28,2019072801006399,NBL,32,33,300,338.00,"101,400.00"
2019-07-28,2019072801006360,NBL,32,25,500,338.00,"169,000.00"
2019-07-28,2019072801006341,NBL,32,5,200,338.00,"67,600.00"
2019-07-28,2019072801006340,NBL,17,5,"1,000",338.00,"338,000.00"
2019-07-28,2019072801006339,NBL,59,5,200,338.00,"67,600.00"
2019-07-28,2019072801006294,NBL,21,22,300,338.00,"101,400.00"
2019-07-28,2019072801006695,NCCB,58,42,10,245.00,"2,450.00"
2019-07-28,2019072801006655,NCCB,32,20,161,244.00,"39,284.00"
2019-07-28,2019072801006654,NCCB,54,20,39,244.00,"9,516.00"
2019-07-28,2019072801006238,NHDL,10,42,10,121.00,"1,210.00"
2019-07-28,2019072801006453,NIB,45,1,52,514.00,"26,728.00"
2019-07-28,2019072801006452,NIB,45,17,98,514.00,"50,372.00"
2019-07-28,2019072801006422,NIB,53,38,245,512.00,"125,440.00"
2019-07-28,2019072801006421,NIB,14,38,22,512.00,"11,264.00"
2019-07-28,2019072801006420,NIB,45,38,100,512.00,"51,200.00"
2019-07-28,2019072801006419,NIB,41,38,40,512.00,"20,480.00"
2019-07-28,2019072801006388,NIB,36,38,200,513.00,"102,600.00"
2019-07-28,2019072801006387,NIB,54,38,189,513.00,"96,957.00"
2019-07-28,2019072801006418,NIB,33,38,50,512.00,"25,600.00"
2019-07-28,2019072801006417,NIB,26,38,50,512.00,"25,600.00"
2019-07-28,2019072801006416,NIB,35,38,40,512.00,"20,480.00"
2019-07-28,2019072801006415,NIB,37,38,20,512.00,"10,240.00"
2019-07-28,2019072801006414,NIB,37,38,20,512.00,"10,240.00"
2019-07-28,2019072801006413,NIB,17,38,124,512.00,"63,488.00"
2019-07-28,2019072801006597,NIBPO,35,4,200,468.00,"93,600.00"
2019-07-28,2019072801006589,NIBPO,4,4,50,468.00,"23,400.00"
2019-07-28,2019072801006428,NIBPO,32,4,300,466.00,"139,800.00"
2019-07-28,2019072801006631,NICA,53,45,100,459.00,"45,900.00"
2019-07-28,2019072801006451,NICA,53,47,500,459.00,"229,500.00"
2019-07-28,2019072801006393,NICA,53,17,500,459.00,"229,500.00"
2019-07-28,2019072801006392,NICA,32,17,500,459.00,"229,500.00"
2019-07-28,2019072801006362,NICA,32,5,500,459.00,"229,500.00"
2019-07-28,2019072801006224,NICA,32,50,"1,000",459.00,"459,000.00"
2019-07-28,2019072801006215,NICA,13,50,"1,000",459.00,"459,000.00"
2019-07-28,2019072801006383,NICGF,21,33,500,10.01,"5,005.00"
2019-07-28,2019072801006441,NICL,22,13,40,344.00,"13,760.00"
2019-07-28,2019072801006440,NICL,43,13,10,351.00,"3,510.00"
2019-07-28,2019072801006219,NICL,36,5,296,345.00,"102,120.00"
2019-07-28,2019072801006218,NICL,36,43,195,345.00,"67,275.00"
2019-07-28,2019072801006651,NIL,39,48,10,472.00,"4,720.00"
2019-07-28,2019072801006580,NIL,53,48,30,472.00,"14,160.00"
2019-07-28,2019072801006489,NIL,34,38,220,468.00,"102,960.00"
2019-07-28,2019072801006488,NIL,1,38,100,469.00,"46,900.00"
2019-07-28,2019072801006487,NIL,45,38,25,470.00,"11,750.00"
2019-07-28,2019072801006486,NIL,14,38,100,470.00,"47,000.00"
2019-07-28,2019072801006209,NIL,35,17,565,471.00,"266,115.00"
2019-07-28,2019072801006255,NIL,35,45,240,470.00,"112,800.00"
2019-07-28,2019072801006234,NIL,22,17,694,471.00,"326,874.00"
2019-07-28,2019072801006211,NIL,22,17,106,471.00,"49,926.00"
2019-07-28,2019072801006210,NIL,34,17,105,471.00,"49,455.00"
2019-07-28,2019072801006386,NIL,54,17,200,471.00,"94,200.00"
2019-07-28,2019072801006366,NIL,11,17,100,471.00,"47,100.00"
2019-07-28,2019072801006259,NIL,38,45,500,470.00,"235,000.00"
2019-07-28,2019072801006258,NIL,42,45,500,470.00,"235,000.00"
2019-07-28,2019072801006257,NIL,41,45,50,470.00,"23,500.00"
2019-07-28,2019072801006256,NIL,57,45,100,470.00,"47,000.00"
2019-07-28,2019072801006534,NLG,25,45,10,685.00,"6,850.00"
2019-07-28,2019072801006630,NLIC,56,42,100,879.00,"87,900.00"
2019-07-28,2019072801006570,NLIC,41,42,12,882.00,"10,584.00"
2019-07-28,2019072801006569,NLIC,41,51,18,881.00,"15,858.00"
2019-07-28,2019072801006508,NLIC,13,51,83,881.00,"73,123.00"
2019-07-28,2019072801006370,NLIC,56,51,781,881.00,"688,061.00"
2019-07-28,2019072801006369,NLIC,56,35,100,880.00,"88,000.00"
2019-07-28,2019072801006368,NLIC,56,28,100,880.00,"88,000.00"
2019-07-28,2019072801006367,NLIC,56,17,19,880.00,"16,720.00"
2019-07-28,2019072801006276,NLIC,17,17,20,880.00,"17,600.00"
2019-07-28,2019072801006526,NLICL,43,35,10,578.00,"5,780.00"
2019-07-28,2019072801006443,NLICL,3,35,200,577.00,"115,400.00"
2019-07-28,2019072801006357,NMBMF,41,25,20,"1,059.00","21,180.00"
2019-07-28,2019072801006304,NMBMF,11,1,100,"1,045.00","104,500.00"
2019-07-28,2019072801006303,NMBMF,33,1,10,"1,045.00","10,450.00"
2019-07-28,2019072801006680,NMBSF1,4,43,"10,000",11.26,"112,600.00"
2019-07-28,2019072801006679,NMBSF1,4,32,"1,834",11.24,"20,614.16"
2019-07-28,2019072801006543,NMBSF1,4,32,"7,666",11.24,"86,165.84"
2019-07-28,2019072801006542,NMBSF1,4,55,"8,000",11.23,"89,840.00"
2019-07-28,2019072801006541,NMBSF1,4,55,"9,334",11.22,"104,727.48"
2019-07-28,2019072801006540,NMBSF1,4,5,"5,000",11.21,"56,050.00"
2019-07-28,2019072801006261,NMBSF1,35,55,"1,000",11.22,"11,220.00"
2019-07-28,2019072801006616,NMFBS,5,32,15,"1,478.00","22,170.00"
2019-07-28,2019072801006698,NTC,36,38,20,691.00,"13,820.00"
2019-07-28,2019072801006571,NTC,43,38,10,691.00,"6,910.00"
2019-07-28,2019072801006291,NTC,58,34,50,687.00,"34,350.00"
2019-07-28,2019072801006290,NTC,53,34,950,687.00,"652,650.00"
2019-07-28,2019072801006626,OHL,34,26,20,610.00,"12,200.00"
2019-07-28,2019072801006275,PCBL,42,52,10,284.00,"2,840.00"
2019-07-28,2019072801006436,PFL,53,22,39,140.00,"5,460.00"
2019-07-28,2019072801006435,PFL,53,22,39,140.00,"5,460.00"
2019-07-28,2019072801006686,PIC,39,36,50,471.00,"23,550.00"
2019-07-28,2019072801006445,PIC,7,37,11,470.00,"5,170.00"
2019-07-28,2019072801006264,PICL,58,48,20,546.00,"10,920.00"
2019-07-28,2019072801006669,PLIC,3,19,205,422.00,"86,510.00"
2019-07-28,2019072801006662,PLIC,53,19,95,422.00,"40,090.00"
2019-07-28,2019072801006661,PLIC,53,55,105,422.00,"44,310.00"
2019-07-28,2019072801006642,PLIC,4,55,50,422.00,"21,100.00"
2019-07-28,2019072801006313,PLIC,54,48,100,420.00,"42,000.00"
2019-07-28,2019072801006312,PLIC,35,48,200,420.00,"84,000.00"
2019-07-28,2019072801006311,PLIC,29,48,50,420.00,"21,000.00"
2019-07-28,2019072801006474,PMHPL,56,37,10,103.00,"1,030.00"
2019-07-28,2019072801006260,PPCL,34,42,10,132.00,"1,320.00"
2019-07-28,2019072801006532,PRIN,42,16,300,360.00,"108,000.00"
2019-07-28,2019072801006531,PRIN,51,16,100,360.00,"36,000.00"
2019-07-28,2019072801006530,PRIN,57,16,100,360.00,"36,000.00"
2019-07-28,2019072801006529,PRIN,47,16,62,360.00,"22,320.00"
2019-07-28,2019072801006681,PRVU,51,52,100,276.00,"27,600.00"
2019-07-28,2019072801006657,PRVU,51,22,100,276.00,"27,600.00"
2019-07-28,2019072801006636,PRVU,49,22,250,276.00,"69,000.00"
2019-07-28,2019072801006633,PRVU,35,22,100,276.00,"27,600.00"
2019-07-28,2019072801006624,PRVU,28,22,10,276.00,"2,760.00"
2019-07-28,2019072801006241,PRVU,28,5,969,275.00,"266,475.00"
2019-07-28,2019072801006240,PRVU,34,5,20,275.00,"5,500.00"
2019-07-28,2019072801006239,PRVU,33,5,511,275.00,"140,525.00"
2019-07-28,2019072801006402,PRVU,42,40,22,275.00,"6,050.00"
2019-07-28,2019072801006310,PRVU,38,22,"1,037",276.00,"286,212.00"
2019-07-28,2019072801006309,PRVU,38,40,463,276.00,"127,788.00"
2019-07-28,2019072801006274,PRVU,42,5,969,275.00,"266,475.00"
2019-07-28,2019072801006273,PRVU,28,5,531,275.00,"146,025.00"
2019-07-28,2019072801006242,PRVU,17,40,500,276.00,"138,000.00"
2019-07-28,2019072801006429,RHPC,14,40,19,89.00,"1,691.00"
2019-07-28,2019072801006671,RLFL,34,22,42,122.00,"5,124.00"
2019-07-28,2019072801006643,RLFL,34,22,132,121.00,"15,972.00"
2019-07-28,2019072801006668,RMDC,41,49,17,662.00,"11,254.00"
2019-07-28,2019072801006371,RMDC,6,10,650,656.00,"426,400.00"
2019-07-28,2019072801006501,RRHP,47,37,10,104.00,"1,040.00"
2019-07-28,2019072801006266,RRHP,47,42,10,104.00,"1,040.00"
2019-07-28,2019072801006663,SANIMA,56,38,428,351.00,"150,228.00"
2019-07-28,2019072801006476,SANIMA,52,38,62,351.00,"21,762.00"
2019-07-28,2019072801006401,SANIMA,11,47,100,352.00,"35,200.00"
2019-07-28,2019072801006385,SANIMA,52,16,37,351.00,"12,987.00"
2019-07-28,2019072801006384,SANIMA,52,52,101,351.00,"35,451.00"
2019-07-28,2019072801006693,SBI,8,34,30,460.00,"13,800.00"
2019-07-28,2019072801006692,SBI,39,34,20,460.00,"9,200.00"
2019-07-28,2019072801006691,SBI,14,34,200,460.00,"92,000.00"
2019-07-28,2019072801006628,SBI,37,42,50,461.00,"23,050.00"
2019-07-28,2019072801006627,SBI,39,42,15,461.00,"6,915.00"
2019-07-28,2019072801006511,SBI,39,17,35,461.00,"16,135.00"
2019-07-28,2019072801006510,SBI,13,17,965,461.00,"444,865.00"
2019-07-28,2019072801006307,SBI,13,28,35,461.00,"16,135.00"
2019-07-28,2019072801006306,SBI,19,28,50,461.00,"23,050.00"
2019-07-28,2019072801006305,SBI,10,28,266,461.00,"122,626.00"
2019-07-28,2019072801006463,SBL,56,48,250,321.00,"80,250.00"
2019-07-28,2019072801006336,SBL,56,34,250,321.00,"80,250.00"
2019-07-28,2019072801006302,SBL,51,34,150,321.00,"48,150.00"
2019-07-28,2019072801006670,SCB,52,17,15,669.00,"10,035.00"
2019-07-28,2019072801006656,SCB,48,17,10,669.00,"6,690.00"
2019-07-28,2019072801006520,SCB,44,18,14,663.00,"9,282.00"
2019-07-28,2019072801006464,SCB,44,40,20,663.00,"13,260.00"
2019-07-28,2019072801006442,SCB,33,26,216,667.00,"144,072.00"
2019-07-28,2019072801006391,SCB,44,18,34,663.00,"22,542.00"
2019-07-28,2019072801006390,SCB,26,18,20,664.00,"13,280.00"
2019-07-28,2019072801006697,SEF,22,58,600,10.14,"6,084.00"
2019-07-28,2019072801006454,SHINE,40,47,50,248.00,"12,400.00"
2019-07-28,2019072801006660,SHIVM,57,54,50,600.00,"30,000.00"
2019-07-28,2019072801006615,SHIVM,33,7,50,602.00,"30,100.00"
2019-07-28,2019072801006594,SHIVM,56,40,200,600.00,"120,000.00"
2019-07-28,2019072801006593,SHIVM,32,40,100,600.00,"60,000.00"
2019-07-28,2019072801006582,SHIVM,39,7,50,602.00,"30,100.00"
2019-07-28,2019072801006581,SHIVM,39,7,50,601.00,"30,050.00"
2019-07-28,2019072801006277,SHIVM,58,42,50,600.00,"30,000.00"
2019-07-28,2019072801006243,SHIVM,39,7,30,601.00,"18,030.00"
2019-07-28,2019072801006334,SHIVM,34,22,100,600.00,"60,000.00"
2019-07-28,2019072801006333,SHIVM,58,22,450,600.00,"270,000.00"
2019-07-28,2019072801006332,SHIVM,29,22,150,601.00,"90,150.00"
2019-07-28,2019072801006325,SHIVM,29,7,50,601.00,"30,050.00"
2019-07-28,2019072801006301,SHIVM,53,7,50,601.00,"30,050.00"
2019-07-28,2019072801006513,SHIVM,21,22,200,600.00,"120,000.00"
2019-07-28,2019072801006479,SHIVM,8,22,100,600.00,"60,000.00"
2019-07-28,2019072801006430,SHIVM,26,22,300,600.00,"180,000.00"
2019-07-28,2019072801006403,SHIVM,52,22,200,600.00,"120,000.00"
2019-07-28,2019072801006394,SHIVM,13,7,50,601.00,"30,050.00"
2019-07-28,2019072801006364,SHIVM,40,22,20,602.00,"12,040.00"
2019-07-28,2019072801006485,SIC,44,16,30,600.00,"18,000.00"
2019-07-28,2019072801006484,SIC,49,16,20,600.00,"12,000.00"
2019-07-28,2019072801006483,SIC,42,16,20,600.00,"12,000.00"
2019-07-28,2019072801006482,SIC,13,16,60,601.00,"36,060.00"
2019-07-28,2019072801006481,SIC,41,16,56,605.00,"33,880.00"
2019-07-28,2019072801006448,SICL,5,6,29,800.00,"23,200.00"
2019-07-28,2019072801006447,SICL,5,22,11,800.00,"8,800.00"
2019-07-28,2019072801006404,SIL,25,25,10,474.00,"4,740.00"
2019-07-28,2019072801006226,SKBBL,17,57,200,969.00,"193,800.00"
2019-07-28,2019072801006352,SLBBL,22,22,80,462.00,"36,960.00"
2019-07-28,2019072801006667,SMATA,14,7,151,"1,137.00","171,687.00"
2019-07-28,2019072801006666,SMATA,47,7,50,"1,137.00","56,850.00"
2019-07-28,2019072801006665,SMATA,28,7,100,"1,141.00","114,100.00"
2019-07-28,2019072801006641,SMFBS,14,18,60,503.00,"30,180.00"
2019-07-28,2019072801006640,SMFBS,52,18,50,504.00,"25,200.00"
2019-07-28,2019072801006586,SMFBS,22,59,90,505.00,"45,450.00"
2019-07-28,2019072801006585,SMFBS,34,59,20,506.00,"10,120.00"
2019-07-28,2019072801006338,SMFBS,34,59,10,506.00,"5,060.00"
2019-07-28,2019072801006337,SMFBS,22,10,10,505.00,"5,050.00"
2019-07-28,2019072801006598,SPARS,34,43,10,458.00,"4,580.00"
2019-07-28,2019072801006588,SRBL,49,4,100,247.00,"24,700.00"
2019-07-28,2019072801006574,SRBL,49,49,"1,229",247.00,"303,563.00"
2019-07-28,2019072801006573,SRBL,14,49,906,247.00,"223,782.00"
2019-07-28,2019072801006572,SRBL,36,49,788,248.00,"195,424.00"
2019-07-28,2019072801006509,SRBL,36,40,212,248.00,"52,576.00"
2019-07-28,2019072801006374,SRBL,14,32,280,249.00,"69,720.00"
2019-07-28,2019072801006373,SRBL,14,17,403,249.00,"100,347.00"
2019-07-28,2019072801006342,SRBL,53,32,20,249.00,"4,980.00"
2019-07-28,2019072801006611,UIC,39,7,65,798.00,"51,870.00"
2019-07-28,2019072801006500,UIC,40,38,100,796.00,"79,600.00"
2019-07-28,2019072801006449,UIC,17,46,25,800.00,"20,000.00"
2019-07-28,2019072801006426,UIC,57,46,35,798.00,"27,930.00"
2019-07-28,2019072801006382,UIC,21,46,20,798.00,"15,960.00"
2019-07-28,2019072801006381,UIC,57,46,45,798.00,"35,910.00"
2019-07-28,2019072801006201,UIC,47,7,35,800.00,"28,000.00"
2019-07-28,2019072801006200,UIC,1,7,10,801.00,"8,010.00"
2019-07-28,2019072801006199,UIC,43,7,10,801.00,"8,010.00"
2019-07-28,2019072801006231,UIC,47,34,70,800.00,"56,000.00"
2019-07-28,2019072801006230,UIC,47,34,130,800.00,"104,000.00"
2019-07-28,2019072801006223,UIC,47,56,435,800.00,"348,000.00"
2019-07-28,2019072801006222,UIC,47,49,10,800.00,"8,000.00"
2019-07-28,2019072801006203,UIC,47,7,25,800.00,"20,000.00"
2019-07-28,2019072801006202,UIC,25,7,100,800.00,"80,000.00"
2019-07-28,2019072801006252,UIC,13,34,100,800.00,"80,000.00"
2019-07-28,2019072801006251,UIC,51,34,20,800.00,"16,000.00"
2019-07-28,2019072801006250,UIC,42,34,10,800.00,"8,000.00"
2019-07-28,2019072801006249,UIC,16,34,50,800.00,"40,000.00"
2019-07-28,2019072801006248,UIC,22,34,10,800.00,"8,000.00"
2019-07-28,2019072801006247,UIC,47,34,30,800.00,"24,000.00"
2019-07-28,2019072801006314,UIC,57,34,220,800.00,"176,000.00"
2019-07-28,2019072801006296,UIC,56,7,190,798.00,"151,620.00"
2019-07-28,2019072801006295,UIC,21,7,10,798.00,"7,980.00"
2019-07-28,2019072801006263,UIC,52,34,20,800.00,"16,000.00"
2019-07-28,2019072801006254,UIC,41,34,30,800.00,"24,000.00"
2019-07-28,2019072801006253,UIC,51,34,10,800.00,"8,000.00"
2019-07-28,2019072801006378,UIC,13,46,30,800.00,"24,000.00"
2019-07-28,2019072801006365,UIC,22,46,10,800.00,"8,000.00"
2019-07-28,2019072801006331,UIC,57,38,235,798.00,"187,530.00"
2019-07-28,2019072801006319,UIC,41,38,30,798.00,"23,940.00"
2019-07-28,2019072801006318,UIC,52,38,100,798.00,"79,800.00"
2019-07-28,2019072801006317,UIC,56,38,10,798.00,"7,980.00"
2019-07-28,2019072801006684,UPPER,45,33,500,270.00,"135,000.00"
2019-07-28,2019072801006658,UPPER,45,25,50,270.00,"13,500.00"
2019-07-28,2019072801006601,UPPER,45,35,40,270.00,"10,800.00"
2019-07-28,2019072801006537,UPPER,45,1,238,270.00,"64,260.00"
2019-07-28,2019072801006536,UPPER,39,1,55,270.00,"14,850.00"
2019-07-28,2019072801006316,UPPER,29,57,200,270.00,"54,000.00"
2019-07-28,2019072801006315,UPPER,29,6,300,270.00,"81,000.00"
2019-07-28,2019072801006297,UPPER,26,42,40,269.00,"10,760.00"
2019-07-28,2019072801006293,UPPER,26,45,40,269.00,"10,760.00"
2019-07-28,2019072801006246,UPPER,26,42,50,269.00,"13,450.00"
2019-07-28,2019072801006410,UPPER,22,21,230,269.00,"61,870.00"
2019-07-28,2019072801006409,UPPER,54,21,200,269.00,"53,800.00"
2019-07-28,2019072801006408,UPPER,44,21,120,269.00,"32,280.00"
2019-07-28,2019072801006407,UPPER,14,21,50,269.00,"13,450.00"
2019-07-28,2019072801006406,UPPER,26,21,400,269.00,"107,600.00"
2019-07-28,2019072801006398,UPPER,39,38,60,270.00,"16,200.00"
2019-07-28,2019072801006518,UPPER,45,37,10,270.00,"2,700.00"
2019-07-28,2019072801006496,UPPER,45,35,200,270.00,"54,000.00"
2019-07-28,2019072801006495,UPPER,45,49,40,270.00,"10,800.00"
2019-07-28,2019072801006494,UPPER,45,17,400,270.00,"108,000.00"
2019-07-28,2019072801006493,UPPER,45,43,"1,350",270.00,"364,500.00"
2019-07-28,2019072801006322,VLBS,11,49,25,504.00,"12,600.00"
2019-07-28,2019072801006196,ADBL,49,49,"10,000",425.00,"4,250,000.00"
2019-07-28,2019072801006177,ADBL,53,18,106,425.00,"45,050.00"
2019-07-28,2019072801006138,ADBL,53,45,30,425.00,"12,750.00"
2019-07-28,2019072801006123,ADBL,53,34,100,425.00,"42,500.00"
2019-07-28,2019072801006105,ADBL,53,26,100,425.00,"42,500.00"
2019-07-28,2019072801006089,ADBL,39,22,167,425.00,"70,975.00"
2019-07-28,2019072801005812,ADBL,6,25,200,425.00,"85,000.00"
2019-07-28,2019072801005761,ADBL,50,33,95,425.00,"40,375.00"
2019-07-28,2019072801005760,ADBL,35,33,50,425.00,"21,250.00"
2019-07-28,2019072801005739,ADBL,53,57,94,426.00,"40,044.00"
2019-07-28,2019072801005738,ADBL,53,1,106,426.00,"45,156.00"
2019-07-28,2019072801005857,ADBL,39,25,77,425.00,"32,725.00"
2019-07-28,2019072801005856,ADBL,56,25,163,425.00,"69,275.00"
2019-07-28,2019072801005834,ADBL,56,22,477,425.00,"202,725.00"
2019-07-28,2019072801005831,ADBL,56,25,240,425.00,"102,000.00"
2019-07-28,2019072801005828,ADBL,53,57,50,426.00,"21,300.00"
2019-07-28,2019072801005813,ADBL,56,25,120,425.00,"51,000.00"
2019-07-28,2019072801006071,ADBL,39,6,100,425.00,"42,500.00"
2019-07-28,2019072801006045,ADBL,39,14,82,425.00,"34,850.00"
2019-07-28,2019072801006032,ADBL,39,14,87,425.00,"36,975.00"
2019-07-28,2019072801006028,ADBL,39,53,212,425.00,"90,100.00"
2019-07-28,2019072801005988,ADBL,39,21,200,425.00,"85,000.00"
2019-07-28,2019072801005899,ADBL,39,42,75,425.00,"31,875.00"
2019-07-28,2019072801006179,AKJCL,57,39,10,68.00,680.00
2019-07-28,2019072801006139,AKPL,19,44,84,170.00,"14,280.00"
2019-07-28,2019072801006117,AKPL,19,44,84,170.00,"14,280.00"
2019-07-28,2019072801006098,AKPL,19,44,84,170.00,"14,280.00"
2019-07-28,2019072801006063,AKPL,19,44,84,170.00,"14,280.00"
2019-07-28,2019072801005970,AKPL,19,44,295,170.00,"50,150.00"
2019-07-28,2019072801005969,AKPL,25,44,200,170.00,"34,000.00"
2019-07-28,2019072801005787,AKPL,8,45,200,170.00,"34,000.00"
2019-07-28,2019072801005786,AKPL,38,45,10,170.00,"1,700.00"
2019-07-28,2019072801005785,AKPL,10,45,313,170.00,"53,210.00"
2019-07-28,2019072801005714,ALBSL,46,42,20,403.00,"8,060.00"
2019-07-28,2019072801005981,ALICL,6,33,30,372.00,"11,160.00"
2019-07-28,2019072801005909,ALICL,43,33,100,371.00,"37,100.00"
2019-07-28,2019072801005838,ALICL,45,34,275,372.00,"102,300.00"
2019-07-28,2019072801006015,API,25,41,100,136.00,"13,600.00"
2019-07-28,2019072801006014,API,25,41,166,136.00,"22,576.00"
2019-07-28,2019072801006013,API,35,41,"1,500",136.00,"204,000.00"
2019-07-28,2019072801006012,API,34,41,"2,000",136.00,"272,000.00"
2019-07-28,2019072801006011,API,33,41,50,137.00,"6,850.00"
2019-07-28,2019072801005936,API,26,48,50,138.00,"6,900.00"
2019-07-28,2019072801006176,BNT,55,5,10,"7,071.00","70,710.00"
2019-07-28,2019072801006142,BOKL,46,34,600,264.00,"158,400.00"
2019-07-28,2019072801006044,BOKL,56,57,304,262.00,"79,648.00"
2019-07-28,2019072801006043,BOKL,25,57,100,262.00,"26,200.00"
2019-07-28,2019072801006042,BOKL,56,57,20,262.00,"5,240.00"
2019-07-28,2019072801005702,BPCL,54,37,11,403.00,"4,433.00"
2019-07-28,2019072801006188,CBBL,47,45,50,976.00,"48,800.00"
2019-07-28,2019072801006169,CBBL,47,50,50,976.00,"48,800.00"
2019-07-28,2019072801005995,CBBL,50,48,23,976.00,"22,448.00"
2019-07-28,2019072801005939,CBBL,6,48,309,976.00,"301,584.00"
2019-07-28,2019072801005905,CBBL,6,21,237,976.00,"231,312.00"
2019-07-28,2019072801005724,CBBL,37,52,50,977.00,"48,850.00"
2019-07-28,2019072801005723,CBBL,4,52,50,977.00,"48,850.00"
2019-07-28,2019072801005904,CBBL,26,21,133,976.00,"129,808.00"
2019-07-28,2019072801005903,CBBL,45,21,30,977.00,"29,310.00"
2019-07-28,2019072801006183,CBL,45,41,163,154.00,"25,102.00"
2019-07-28,2019072801006182,CBL,33,41,237,154.00,"36,498.00"
2019-07-28,2019072801006157,CBL,33,3,12,154.00,"1,848.00"
2019-07-28,2019072801005922,CBL,33,52,"4,301",154.00,"662,354.00"
2019-07-28,2019072801005921,CBL,33,49,450,154.00,"69,300.00"
2019-07-28,2019072801005887,CBL,25,49,50,154.00,"7,700.00"
2019-07-28,2019072801005886,CBL,25,46,50,154.00,"7,700.00"
2019-07-28,2019072801006197,CCBL,17,43,345,170.00,"58,650.00"
2019-07-28,2019072801006132,CCBL,32,43,200,170.00,"34,000.00"
2019-07-28,2019072801006131,CCBL,32,43,500,170.00,"85,000.00"
2019-07-28,2019072801006130,CCBL,32,43,100,170.00,"17,000.00"
2019-07-28,2019072801006129,CCBL,48,43,200,170.00,"34,000.00"
2019-07-28,2019072801006128,CCBL,57,43,155,170.00,"26,350.00"
2019-07-28,2019072801006074,CCBL,34,42,40,171.00,"6,840.00"
2019-07-28,2019072801005699,CHCL,59,33,100,510.00,"51,000.00"
2019-07-28,2019072801006076,CIT,41,5,33,"2,440.00","80,520.00"
2019-07-28,2019072801005747,CLBSL,44,44,"1,702",505.00,"859,510.00"
2019-07-28,2019072801005875,CMF1,13,54,100,9.80,980.00
2019-07-28,2019072801005994,CORBL,35,44,100,123.00,"12,300.00"
2019-07-28,2019072801005993,CORBL,10,44,100,123.00,"12,300.00"
2019-07-28,2019072801005958,CORBL,35,6,200,124.00,"24,800.00"
2019-07-28,2019072801005918,CZBIL,8,17,29,226.00,"6,554.00"
2019-07-28,2019072801005917,CZBIL,8,17,36,226.00,"8,136.00"
2019-07-28,2019072801005916,CZBIL,8,40,235,224.00,"52,640.00"
2019-07-28,2019072801005836,DBBL,36,48,784,145.00,"113,680.00"
2019-07-28,2019072801006124,DDBL,42,25,39,735.00,"28,665.00"
2019-07-28,2019072801006102,EBL,22,1,100,662.00,"66,200.00"
2019-07-28,2019072801006077,EBL,49,50,500,660.00,"330,000.00"
2019-07-28,2019072801005763,EBL,49,26,500,660.00,"330,000.00"
2019-07-28,2019072801006191,FMDBL,11,38,200,378.00,"75,600.00"
2019-07-28,2019072801006190,FMDBL,11,42,79,378.00,"29,862.00"
2019-07-28,2019072801005985,FMDBL,42,42,20,378.00,"7,560.00"
2019-07-28,2019072801006181,GBBL,14,8,600,223.00,"133,800.00"
2019-07-28,2019072801006064,GBBL,14,50,700,223.00,"156,100.00"
2019-07-28,2019072801005762,GBLBS,3,13,10,343.00,"3,430.00"
2019-07-28,2019072801005725,GBLBS,38,26,100,344.00,"34,400.00"
2019-07-28,2019072801006108,GDBL,49,21,407,211.00,"85,877.00"
2019-07-28,2019072801005845,GFCL,59,58,350,132.00,"46,200.00"
2019-07-28,2019072801005844,GFCL,59,58,50,132.00,"6,600.00"
2019-07-28,2019072801005924,GLBSL,25,49,10,403.00,"4,030.00"
2019-07-28,2019072801005923,GLBSL,25,21,10,403.00,"4,030.00"
2019-07-28,2019072801006143,GLICL,42,47,30,450.00,"13,500.00"
2019-07-28,2019072801005842,GMFBS,38,57,10,527.00,"5,270.00"
2019-07-28,2019072801005880,GRDBL,51,40,100,114.00,"11,400.00"
2019-07-28,2019072801006036,GUFL,3,22,"2,000",122.00,"244,000.00"
2019-07-28,2019072801006035,GUFL,3,29,930,121.00,"112,530.00"
2019-07-28,2019072801006034,GUFL,3,59,200,121.00,"24,200.00"
2019-07-28,2019072801006033,GUFL,3,32,100,121.00,"12,100.00"
2019-07-28,2019072801006095,HBL,22,26,196,546.00,"107,016.00"
2019-07-28,2019072801006016,HBL,16,16,369,549.00,"202,581.00"
2019-07-28,2019072801005848,HBL,35,42,40,545.00,"21,800.00"
2019-07-28,2019072801005847,HBL,42,42,30,545.00,"16,350.00"
2019-07-28,2019072801005846,HBL,42,42,20,546.00,"10,920.00"
2019-07-28,2019072801005755,HBL,42,42,10,549.00,"5,490.00"
2019-07-28,2019072801005975,HDL,4,33,100,"1,576.00","157,600.00"
2019-07-28,2019072801005798,HGI,59,45,302,339.00,"102,378.00"
2019-07-28,2019072801005797,HGI,36,45,20,339.00,"6,780.00"
2019-07-28,2019072801005796,HGI,39,45,50,342.00,"17,100.00"
2019-07-28,2019072801005795,HGI,44,45,50,342.00,"17,100.00"
2019-07-28,2019072801005794,HGI,39,45,50,342.00,"17,100.00"
2019-07-28,2019072801005793,HGI,52,45,100,343.00,"34,300.00"
2019-07-28,2019072801005792,HGI,42,45,100,343.00,"34,300.00"
2019-07-28,2019072801005791,HGI,39,45,100,343.00,"34,300.00"
2019-07-28,2019072801005790,HGI,47,45,150,344.00,"51,600.00"
2019-07-28,2019072801005789,HGI,45,45,50,345.00,"17,250.00"
2019-07-28,2019072801005709,HIDCL,41,37,61,156.00,"9,516.00"
2019-07-28,2019072801005733,HURJA,38,45,100,133.00,"13,300.00"
2019-07-28,2019072801006184,ILBS,6,14,10,406.00,"4,060.00"
2019-07-28,2019072801006166,ILBS,6,42,10,406.00,"4,060.00"
2019-07-28,2019072801006165,ILBS,6,14,10,406.00,"4,060.00"
2019-07-28,2019072801006162,ILBS,6,14,10,406.00,"4,060.00"
2019-07-28,2019072801006153,ILBS,6,42,10,406.00,"4,060.00"
2019-07-28,2019072801006137,ILBS,6,14,10,406.00,"4,060.00"
2019-07-28,2019072801005770,ILBS,48,21,10,405.00,"4,050.00"
2019-07-28,2019072801005758,ILBS,50,20,10,406.00,"4,060.00"
2019-07-28,2019072801005948,ILBS,36,20,10,405.00,"4,050.00"
2019-07-28,2019072801005947,ILBS,36,37,10,405.00,"4,050.00"
2019-07-28,2019072801005935,ILBS,36,20,10,405.00,"4,050.00"
2019-07-28,2019072801005906,ILBS,36,19,10,405.00,"4,050.00"
2019-07-28,2019072801005898,ILBS,36,20,10,405.00,"4,050.00"
2019-07-28,2019072801005782,ILBS,48,20,10,405.00,"4,050.00"
2019-07-28,2019072801006126,ILBS,6,14,10,406.00,"4,060.00"
2019-07-28,2019072801006120,ILBS,6,14,10,406.00,"4,060.00"
2019-07-28,2019072801006082,ILBS,36,46,10,405.00,"4,050.00"
2019-07-28,2019072801006027,ILBS,36,47,10,405.00,"4,050.00"
2019-07-28,2019072801005983,ILBS,36,20,10,405.00,"4,050.00"
2019-07-28,2019072801005971,ILBS,36,20,10,405.00,"4,050.00"
2019-07-28,2019072801005959,JBBL,46,47,200,159.00,"31,800.00"
2019-07-28,2019072801005869,JFL,3,40,182,179.00,"32,578.00"
2019-07-28,2019072801005715,JFL,57,40,50,181.00,"9,050.00"
2019-07-28,2019072801006160,JOSHI,34,41,20,78.00,"1,560.00"
2019-07-28,2019072801006185,KBL,11,16,193,217.00,"41,881.00"
2019-07-28,2019072801006017,KBL,52,52,"2,000",217.00,"434,000.00"
2019-07-28,2019072801005957,KSBBL,46,42,197,155.00,"30,535.00"
2019-07-28,2019072801005854,KSBBL,46,4,53,155.00,"8,215.00"
2019-07-28,2019072801006195,LBBL,48,28,64,203.00,"12,992.00"
2019-07-28,2019072801005982,LBBL,48,4,100,203.00,"20,300.00"
2019-07-28,2019072801005765,LBBL,48,40,36,203.00,"7,308.00"
2019-07-28,2019072801006119,LBL,58,52,41,221.00,"9,061.00"
2019-07-28,2019072801006118,LBL,59,52,459,221.00,"101,439.00"
2019-07-28,2019072801005866,LBL,33,33,250,222.00,"55,500.00"
2019-07-28,2019072801005841,LBL,59,44,41,221.00,"9,061.00"
2019-07-28,2019072801005840,LBL,58,44,300,221.00,"66,300.00"
2019-07-28,2019072801005839,LBL,17,44,201,221.00,"44,421.00"
2019-07-28,2019072801005773,LBL,49,33,500,222.00,"111,000.00"
2019-07-28,2019072801006161,LICN,40,21,21,"1,136.00","23,856.00"
2019-07-28,2019072801006107,LICN,42,17,30,"1,144.00","34,320.00"
2019-07-28,2019072801006062,LICN,40,26,79,"1,136.00","89,744.00"
2019-07-28,2019072801005946,LICN,43,26,50,"1,141.00","57,050.00"
2019-07-28,2019072801005945,LICN,14,26,71,"1,141.00","81,011.00"
2019-07-28,2019072801005944,LICN,14,26,100,"1,141.00","114,100.00"
2019-07-28,2019072801005870,LICN,45,45,625,"1,143.00","714,375.00"
2019-07-28,2019072801006141,LLBS,48,19,29,665.00,"19,285.00"
2019-07-28,2019072801006140,LLBS,11,19,26,665.00,"17,290.00"
2019-07-28,2019072801005817,LLBS,11,40,24,665.00,"15,960.00"
2019-07-28,2019072801006164,MBL,11,47,50,265.00,"13,250.00"
2019-07-28,2019072801006163,MBL,11,32,50,264.00,"13,200.00"
2019-07-28,2019072801006122,MBL,26,45,85,263.00,"22,355.00"
2019-07-28,2019072801006121,MBL,25,45,20,264.00,"5,280.00"
2019-07-28,2019072801006125,MEGA,42,51,100,208.00,"20,800.00"
2019-07-28,2019072801006041,MEGA,32,51,100,208.00,"20,800.00"
2019-07-28,2019072801006018,MEGA,57,4,100,207.00,"20,700.00"
2019-07-28,2019072801005877,MEGA,56,4,50,206.00,"10,300.00"
2019-07-28,2019072801005837,MEGA,56,40,166,206.00,"34,196.00"
2019-07-28,2019072801005825,MEGA,56,4,100,206.00,"20,600.00"
2019-07-28,2019072801005708,MEGA,56,44,196,206.00,"40,376.00"
2019-07-28,2019072801005707,MEGA,32,44,154,206.00,"31,724.00"
2019-07-28,2019072801005809,MEGA,37,37,107,207.00,"22,149.00"
2019-07-28,2019072801005745,MEGA,32,44,511,207.00,"105,777.00"
2019-07-28,2019072801005732,MEGA,11,44,489,207.00,"101,223.00"
2019-07-28,2019072801005731,MEGA,11,47,111,207.00,"22,977.00"
2019-07-28,2019072801005730,MEGA,11,57,300,207.00,"62,100.00"
2019-07-28,2019072801005729,MEGA,11,19,100,207.00,"20,700.00"
2019-07-28,2019072801005992,MNBBL,46,16,50,373.00,"18,650.00"
2019-07-28,2019072801005744,MNBBL,11,10,100,373.00,"37,300.00"
2019-07-28,2019072801005718,MNBBL,33,14,10,375.00,"3,750.00"
2019-07-28,2019072801006057,NABIL,17,53,193,796.00,"153,628.00"
2019-07-28,2019072801005996,NABIL,13,20,"1,000",797.00,"797,000.00"
2019-07-28,2019072801005752,NABIL,25,26,100,800.00,"80,000.00"
2019-07-28,2019072801005751,NABIL,17,28,10,796.00,"7,960.00"
2019-07-28,2019072801006056,NADEP,26,18,95,427.00,"40,565.00"
2019-07-28,2019072801005977,NADEP,26,40,10,427.00,"4,270.00"
2019-07-28,2019072801005976,NADEP,36,40,10,430.00,"4,300.00"
2019-07-28,2019072801005865,NAGRO,7,41,10,530.00,"5,300.00"
2019-07-28,2019072801006155,NBB,28,22,"1,048",221.00,"231,608.00"
2019-07-28,2019072801006154,NBB,45,22,952,221.00,"210,392.00"
2019-07-28,2019072801006147,NBB,55,41,200,222.00,"44,400.00"
2019-07-28,2019072801006146,NBB,55,42,86,222.00,"19,092.00"
2019-07-28,2019072801006145,NBB,55,25,150,222.00,"33,300.00"
2019-07-28,2019072801006144,NBB,55,51,430,222.00,"95,460.00"
2019-07-28,2019072801005850,NBB,45,41,448,221.00,"99,008.00"
2019-07-28,2019072801005700,NBB,8,51,200,222.00,"44,400.00"
2019-07-28,2019072801006186,NBL,21,48,350,338.00,"118,300.00"
2019-07-28,2019072801006150,NBL,21,49,350,338.00,"118,300.00"
2019-07-28,2019072801006149,NBL,53,49,100,338.00,"33,800.00"
2019-07-28,2019072801006148,NBL,19,49,50,338.00,"16,900.00"
2019-07-28,2019072801006134,NBL,19,49,350,338.00,"118,300.00"
2019-07-28,2019072801006133,NBL,39,49,650,338.00,"219,700.00"
2019-07-28,2019072801005775,NBL,35,45,100,338.00,"33,800.00"
2019-07-28,2019072801005774,NBL,35,33,974,338.00,"329,212.00"
2019-07-28,2019072801005750,NBL,53,33,26,338.00,"8,788.00"
2019-07-28,2019072801005749,NBL,53,42,174,338.00,"58,812.00"
2019-07-28,2019072801005737,NBL,17,44,100,337.00,"33,700.00"
2019-07-28,2019072801005703,NBL,53,42,300,338.00,"101,400.00"
2019-07-28,2019072801005781,NBL,35,3,"2,000",338.00,"676,000.00"
2019-07-28,2019072801005780,NBL,35,44,700,338.00,"236,600.00"
2019-07-28,2019072801005779,NBL,35,47,400,338.00,"135,200.00"
2019-07-28,2019072801005778,NBL,35,44,500,338.00,"169,000.00"
2019-07-28,2019072801005777,NBL,35,49,"2,000",338.00,"676,000.00"
2019-07-28,2019072801005776,NBL,35,3,"1,000",338.00,"338,000.00"
2019-07-28,2019072801006111,NBL,39,58,100,338.00,"33,800.00"
2019-07-28,2019072801006091,NBL,39,50,250,338.00,"84,500.00"
2019-07-28,2019072801006090,NBL,6,50,250,338.00,"84,500.00"
2019-07-28,2019072801005980,NBL,6,34,750,338.00,"253,500.00"
2019-07-28,2019072801005979,NBL,50,34,200,338.00,"67,600.00"
2019-07-28,2019072801005978,NBL,53,34,50,338.00,"16,900.00"
2019-07-28,2019072801006094,NCCB,54,33,161,244.00,"39,284.00"
2019-07-28,2019072801006093,NCCB,55,33,"2,000",244.00,"488,000.00"
2019-07-28,2019072801006092,NCCB,49,33,139,244.00,"33,916.00"
2019-07-28,2019072801006031,NCCB,49,40,61,244.00,"14,884.00"
2019-07-28,2019072801006030,NCCB,56,40,15,244.00,"3,660.00"
2019-07-28,2019072801006025,NCCB,56,50,25,244.00,"6,100.00"
2019-07-28,2019072801006024,NCCB,57,50,600,244.00,"146,400.00"
2019-07-28,2019072801006023,NCCB,41,50,200,244.00,"48,800.00"
2019-07-28,2019072801006022,NCCB,49,50,675,244.00,"164,700.00"
2019-07-28,2019072801005830,NCCB,49,33,100,244.00,"24,400.00"
2019-07-28,2019072801005713,NCCB,38,47,300,245.00,"73,500.00"
2019-07-28,2019072801005991,NEF,8,36,"9,505",8.33,"79,176.65"
2019-07-28,2019072801005990,NEF,22,36,500,8.34,"4,170.00"
2019-07-28,2019072801005989,NEF,29,36,259,8.45,"2,188.55"
2019-07-28,2019072801005902,NEF,41,14,"1,000",8.47,"8,470.00"
2019-07-28,2019072801005816,NEF,7,36,"1,000",8.50,"8,500.00"
2019-07-28,2019072801005878,NGPL,45,13,11,114.00,"1,254.00"
2019-07-28,2019072801005843,NHPC,13,42,500,64.00,"32,000.00"
2019-07-28,2019072801006168,NIB,57,17,100,514.00,"51,400.00"
2019-07-28,2019072801006101,NIB,54,50,11,513.00,"5,643.00"
2019-07-28,2019072801006100,NIB,26,50,100,513.00,"51,300.00"
2019-07-28,2019072801006099,NIB,13,50,715,513.00,"366,795.00"
2019-07-28,2019072801006046,NIB,13,40,44,513.00,"22,572.00"
2019-07-28,2019072801005888,NIB,13,41,241,513.00,"123,633.00"
2019-07-28,2019072801005803,NIB,8,20,100,513.00,"51,300.00"
2019-07-28,2019072801005802,NIB,54,20,33,513.00,"16,929.00"
2019-07-28,2019072801005801,NIB,37,20,50,513.00,"25,650.00"
2019-07-28,2019072801005800,NIB,45,20,10,513.00,"5,130.00"
2019-07-28,2019072801005799,NIB,11,20,156,513.00,"80,028.00"
2019-07-28,2019072801005726,NIB,11,37,44,513.00,"22,572.00"
2019-07-28,2019072801005808,NIB,17,20,26,512.00,"13,312.00"
2019-07-28,2019072801005807,NIB,29,20,12,512.00,"6,144.00"
2019-07-28,2019072801005806,NIB,16,20,500,512.00,"256,000.00"
2019-07-28,2019072801005805,NIB,13,20,500,512.00,"256,000.00"
2019-07-28,2019072801005804,NIB,35,20,15,513.00,"7,695.00"
2019-07-28,2019072801005929,NIBPO,32,17,690,466.00,"321,540.00"
2019-07-28,2019072801005928,NIBPO,26,17,100,466.00,"46,600.00"
2019-07-28,2019072801005927,NIBPO,39,17,150,466.00,"69,900.00"
2019-07-28,2019072801005926,NIBPO,39,17,60,466.00,"27,960.00"
2019-07-28,2019072801005912,NIBPO,39,17,124,466.00,"57,784.00"
2019-07-28,2019072801005911,NIBPO,49,17,500,467.00,"233,500.00"
2019-07-28,2019072801005910,NIBPO,52,17,50,467.00,"23,350.00"
2019-07-28,2019072801005914,NIBSF1,34,43,"10,000",9.38,"93,800.00"
2019-07-28,2019072801005913,NIBSF1,34,4,"99,600",9.35,"931,260.00"
2019-07-28,2019072801005717,NIBSF1,51,4,400,9.35,"3,740.00"
2019-07-28,2019072801005754,NICA,46,43,425,459.00,"195,075.00"
2019-07-28,2019072801005743,NICA,55,33,382,458.00,"174,956.00"
2019-07-28,2019072801005742,NICA,46,33,10,458.00,"4,580.00"
2019-07-28,2019072801005741,NICA,45,33,"1,008",458.00,"461,664.00"
2019-07-28,2019072801005711,NICA,7,43,375,459.00,"172,125.00"
2019-07-28,2019072801005710,NICA,7,17,625,459.00,"286,875.00"
2019-07-28,2019072801005701,NICA,45,35,102,458.00,"46,716.00"
2019-07-28,2019072801005876,NICGF,35,26,"9,900",10.08,"99,792.00"
2019-07-28,2019072801005853,NICGF,25,26,"4,000",10.09,"40,360.00"
2019-07-28,2019072801005919,NICL,55,48,440,344.00,"151,360.00"
2019-07-28,2019072801005746,NICL,41,48,10,344.00,"3,440.00"
2019-07-28,2019072801005896,NICL,39,43,100,342.00,"34,200.00"
2019-07-28,2019072801005895,NICL,39,43,25,342.00,"8,550.00"
2019-07-28,2019072801005833,NICL,39,43,100,342.00,"34,200.00"
2019-07-28,2019072801005783,NICL,45,43,75,342.00,"25,650.00"
2019-07-28,2019072801006180,NIL,5,48,50,472.00,"23,600.00"
2019-07-28,2019072801006158,NIL,57,48,400,472.00,"188,800.00"
2019-07-28,2019072801006081,NIL,57,11,100,472.00,"47,200.00"
2019-07-28,2019072801005956,NIL,35,56,135,471.00,"63,585.00"
2019-07-28,2019072801005955,NIL,42,56,10,471.00,"4,710.00"
2019-07-28,2019072801005954,NIL,5,56,50,471.00,"23,550.00"
2019-07-28,2019072801005953,NIL,39,56,65,471.00,"30,615.00"
2019-07-28,2019072801005952,NIL,35,56,100,472.00,"47,200.00"
2019-07-28,2019072801005951,NIL,6,56,10,472.00,"4,720.00"
2019-07-28,2019072801005950,NIL,43,56,100,472.00,"47,200.00"
2019-07-28,2019072801005949,NIL,51,56,30,472.00,"14,160.00"
2019-07-28,2019072801006040,NLBBL,21,46,200,510.00,"102,000.00"
2019-07-28,2019072801006156,NLIC,35,17,10,880.00,"8,800.00"
2019-07-28,2019072801006136,NLIC,34,17,100,880.00,"88,000.00"
2019-07-28,2019072801006116,NLIC,13,40,17,879.00,"14,943.00"
2019-07-28,2019072801005915,NLIC,14,17,50,880.00,"44,000.00"
2019-07-28,2019072801006152,NLICL,44,52,13,574.00,"7,462.00"
2019-07-28,2019072801006151,NLICL,35,52,50,574.00,"28,700.00"
2019-07-28,2019072801005932,NLICL,35,19,50,574.00,"28,700.00"
2019-07-28,2019072801005931,NLICL,41,19,50,574.00,"28,700.00"
2019-07-28,2019072801005930,NLICL,14,19,100,575.00,"57,500.00"
2019-07-28,2019072801005855,NLICL,35,32,89,577.00,"51,353.00"
2019-07-28,2019072801005788,NLICL,14,45,140,576.00,"80,640.00"
2019-07-28,2019072801006075,NMBHF1,8,4,"3,000",9.90,"29,700.00"
2019-07-28,2019072801006054,NMBHF1,8,26,"3,728",9.90,"36,907.20"
2019-07-28,2019072801006053,NMBHF1,7,26,"1,000",9.92,"9,920.00"
2019-07-28,2019072801006052,NMBHF1,7,26,100,9.92,992.00
2019-07-28,2019072801006051,NMBHF1,7,26,500,9.95,"4,975.00"
2019-07-28,2019072801005849,NMBSF1,7,55,"2,000",11.23,"22,460.00"
2019-07-28,2019072801005934,NNLB,40,32,150,405.00,"60,750.00"
2019-07-28,2019072801005933,NNLB,40,6,100,405.00,"40,500.00"
2019-07-28,2019072801005720,NUBL,48,57,54,872.00,"47,088.00"
2019-07-28,2019072801005719,NUBL,28,57,146,873.00,"127,458.00"
2019-07-28,2019072801006173,PCBL,55,13,200,283.00,"56,600.00"
2019-07-28,2019072801006172,PCBL,55,22,100,282.00,"28,200.00"
2019-07-28,2019072801006171,PCBL,55,47,200,281.00,"56,200.00"
2019-07-28,2019072801006059,PCBL,43,40,50,280.00,"14,000.00"
2019-07-28,2019072801006058,PCBL,43,58,101,280.00,"28,280.00"
2019-07-28,2019072801006050,PCBL,42,16,10,279.00,"2,790.00"
2019-07-28,2019072801005907,PCBL,48,58,180,280.00,"50,400.00"
2019-07-28,2019072801005772,PCBL,55,44,"1,000",282.00,"282,000.00"
2019-07-28,2019072801005771,PCBL,55,45,150,282.00,"42,300.00"
2019-07-28,2019072801006010,PIC,11,45,50,470.00,"23,500.00"
2019-07-28,2019072801006009,PIC,54,45,100,470.00,"47,000.00"
2019-07-28,2019072801006008,PIC,55,45,100,470.00,"47,000.00"
2019-07-28,2019072801006007,PIC,38,45,100,470.00,"47,000.00"
2019-07-28,2019072801006006,PIC,19,45,200,470.00,"94,000.00"
2019-07-28,2019072801006005,PIC,42,45,50,470.00,"23,500.00"
2019-07-28,2019072801005821,PIC,49,35,89,472.00,"42,008.00"
2019-07-28,2019072801005820,PIC,38,35,20,473.00,"9,460.00"
2019-07-28,2019072801005998,PIC,11,45,153,473.00,"72,369.00"
2019-07-28,2019072801005972,PIC,11,47,10,473.00,"4,730.00"
2019-07-28,2019072801005925,PIC,11,35,37,473.00,"17,501.00"
2019-07-28,2019072801005824,PIC,57,35,190,472.00,"89,680.00"
2019-07-28,2019072801005823,PIC,57,35,100,472.00,"47,200.00"
2019-07-28,2019072801005822,PIC,50,35,10,472.00,"4,720.00"
2019-07-28,2019072801006004,PIC,41,45,20,470.00,"9,400.00"
2019-07-28,2019072801006003,PIC,41,45,10,470.00,"4,700.00"
2019-07-28,2019072801006002,PIC,58,45,200,471.00,"94,200.00"
2019-07-28,2019072801006001,PIC,53,45,200,471.00,"94,200.00"
2019-07-28,2019072801006000,PIC,19,45,10,472.00,"4,720.00"
2019-07-28,2019072801005999,PIC,57,45,10,472.00,"4,720.00"
2019-07-28,2019072801006070,PLIC,1,35,300,421.00,"126,300.00"
2019-07-28,2019072801005894,PLIC,11,55,100,422.00,"42,200.00"
2019-07-28,2019072801005893,PLIC,57,55,100,422.00,"42,200.00"
2019-07-28,2019072801005892,PLIC,57,55,50,422.00,"21,100.00"
2019-07-28,2019072801005891,PLIC,17,55,100,422.00,"42,200.00"
2019-07-28,2019072801005890,PLIC,53,55,50,422.00,"21,100.00"
2019-07-28,2019072801005889,PLIC,35,55,41,422.00,"17,302.00"
2019-07-28,2019072801006170,PPCL,34,52,10,132.00,"1,320.00"
2019-07-28,2019072801006096,PPCL,34,20,10,132.00,"1,320.00"
2019-07-28,2019072801005879,PPCL,34,44,10,132.00,"1,320.00"
2019-07-28,2019072801005818,PPCL,34,44,10,132.00,"1,320.00"
2019-07-28,2019072801005784,PPCL,34,44,10,132.00,"1,320.00"
2019-07-28,2019072801005769,PPCL,34,44,10,132.00,"1,320.00"
2019-07-28,2019072801005757,PPCL,34,44,10,132.00,"1,320.00"
2019-07-28,2019072801006097,PRVU,33,5,21,275.00,"5,775.00"
2019-07-28,2019072801006080,PRVU,45,40,37,276.00,"10,212.00"
2019-07-28,2019072801006079,PRVU,45,16,63,276.00,"17,388.00"
2019-07-28,2019072801006055,PRVU,33,44,868,275.00,"238,700.00"
2019-07-28,2019072801005986,PRVU,33,14,"1,280",275.00,"352,000.00"
2019-07-28,2019072801005872,PRVU,56,52,180,276.00,"49,680.00"
2019-07-28,2019072801005871,PRVU,56,14,320,276.00,"88,320.00"
2019-07-28,2019072801005827,PRVU,33,41,376,275.00,"103,400.00"
2019-07-28,2019072801005819,PRVU,48,14,30,276.00,"8,280.00"
2019-07-28,2019072801005740,PRVU,48,14,200,276.00,"55,200.00"
2019-07-28,2019072801005943,PRVU,6,16,10,276.00,"2,760.00"
2019-07-28,2019072801005885,PRVU,36,16,67,276.00,"18,492.00"
2019-07-28,2019072801005884,PRVU,36,5,200,276.00,"55,200.00"
2019-07-28,2019072801005883,PRVU,36,49,300,276.00,"82,800.00"
2019-07-28,2019072801005882,PRVU,36,48,313,276.00,"86,388.00"
2019-07-28,2019072801005881,PRVU,36,52,120,276.00,"33,120.00"
2019-07-28,2019072801005974,RBCL,59,39,10,"9,226.00","92,260.00"
2019-07-28,2019072801005874,RBCL,8,58,20,"9,232.00","184,640.00"
2019-07-28,2019072801005873,RBCL,25,58,10,"9,233.00","92,330.00"
2019-07-28,2019072801005766,RSDC,1,22,63,338.00,"21,294.00"
2019-07-28,2019072801005768,SAEF,34,47,"20,000",9.95,"199,000.00"
2019-07-28,2019072801005767,SAEF,34,59,900,9.90,"8,910.00"
2019-07-28,2019072801006049,SANIMA,34,52,500,351.00,"175,500.00"
2019-07-28,2019072801006048,SANIMA,45,52,199,351.00,"69,849.00"
2019-07-28,2019072801006026,SANIMA,45,40,800,351.00,"280,800.00"
2019-07-28,2019072801005942,SANIMA,45,4,50,351.00,"17,550.00"
2019-07-28,2019072801006039,SBI,10,38,234,461.00,"107,874.00"
2019-07-28,2019072801006038,SBI,45,38,100,461.00,"46,100.00"
2019-07-28,2019072801006037,SBI,17,38,50,461.00,"23,050.00"
2019-07-28,2019072801005764,SBI,17,28,735,462.00,"339,570.00"
2019-07-28,2019072801006175,SBL,34,34,600,321.00,"192,600.00"
2019-07-28,2019072801006174,SBL,34,47,150,321.00,"48,150.00"
2019-07-28,2019072801006061,SBL,56,49,100,320.00,"32,000.00"
2019-07-28,2019072801006029,SBL,56,52,500,320.00,"160,000.00"
2019-07-28,2019072801006021,SBL,56,34,169,320.00,"54,080.00"
2019-07-28,2019072801006020,SBL,48,34,200,320.00,"64,000.00"
2019-07-28,2019072801006019,SBL,56,34,75,320.00,"24,000.00"
2019-07-28,2019072801005901,SBL,56,4,100,320.00,"32,000.00"
2019-07-28,2019072801005815,SBL,56,1,125,320.00,"40,000.00"
2019-07-28,2019072801006104,SCB,44,26,80,663.00,"53,040.00"
2019-07-28,2019072801006103,SCB,6,26,20,664.00,"13,280.00"
2019-07-28,2019072801005920,SCB,45,22,22,664.00,"14,608.00"
2019-07-28,2019072801006110,SDESI,45,25,48,585.00,"28,080.00"
2019-07-28,2019072801006194,SHIVM,4,42,50,600.00,"30,000.00"
2019-07-28,2019072801006193,SHIVM,4,45,10,600.00,"6,000.00"
2019-07-28,2019072801006192,SHIVM,4,26,400,600.00,"240,000.00"
2019-07-28,2019072801006178,SHIVM,21,7,180,599.00,"107,820.00"
2019-07-28,2019072801006167,SHIVM,58,7,20,599.00,"11,980.00"
2019-07-28,2019072801006073,SHIVM,56,7,200,599.00,"119,800.00"
2019-07-28,2019072801005756,SHIVM,21,22,50,598.00,"29,900.00"
2019-07-28,2019072801005736,SHIVM,21,5,150,598.00,"89,700.00"
2019-07-28,2019072801005735,SHIVM,3,5,100,598.00,"59,800.00"
2019-07-28,2019072801005734,SHIVM,40,5,50,598.00,"29,900.00"
2019-07-28,2019072801005938,SHIVM,22,22,150,598.00,"89,700.00"
2019-07-28,2019072801005900,SHIVM,22,22,100,598.00,"59,800.00"
2019-07-28,2019072801005852,SHIVM,38,22,25,598.00,"14,950.00"
2019-07-28,2019072801005851,SHIVM,38,22,25,598.00,"14,950.00"
2019-07-28,2019072801005811,SHIVM,58,22,20,598.00,"11,960.00"
2019-07-28,2019072801005810,SHIVM,39,22,100,598.00,"59,800.00"
2019-07-28,2019072801006072,SHIVM,56,52,100,599.00,"59,900.00"
2019-07-28,2019072801005997,SHIVM,42,17,200,597.00,"119,400.00"
2019-07-28,2019072801005963,SHIVM,42,21,121,597.00,"72,237.00"
2019-07-28,2019072801005962,SHIVM,44,21,50,597.00,"29,850.00"
2019-07-28,2019072801005961,SHIVM,33,21,29,597.00,"17,313.00"
2019-07-28,2019072801005940,SHIVM,33,21,200,597.00,"119,400.00"
2019-07-28,2019072801006078,SHL,32,50,900,234.00,"210,600.00"
2019-07-28,2019072801005864,SHL,32,50,100,234.00,"23,400.00"
2019-07-28,2019072801006135,SICL,28,39,18,798.00,"14,364.00"
2019-07-28,2019072801005987,SICL,46,22,50,800.00,"40,000.00"
2019-07-28,2019072801005973,SICL,13,22,19,800.00,"15,200.00"
2019-07-28,2019072801005908,SICL,33,22,10,800.00,"8,000.00"
2019-07-28,2019072801005727,SICL,33,22,10,800.00,"8,000.00"
2019-07-28,2019072801006187,SIL,25,25,10,469.00,"4,690.00"
2019-07-28,2019072801006159,SKBBL,53,19,10,962.00,"9,620.00"
2019-07-28,2019072801006088,SKBBL,53,53,74,962.00,"71,188.00"
2019-07-28,2019072801006087,SKBBL,47,53,100,965.00,"96,500.00"
2019-07-28,2019072801006086,SKBBL,17,53,20,965.00,"19,300.00"
2019-07-28,2019072801006085,SKBBL,58,53,20,966.00,"19,320.00"
2019-07-28,2019072801006084,SKBBL,10,53,10,967.00,"9,670.00"
2019-07-28,2019072801006083,SKBBL,45,53,10,968.00,"9,680.00"
2019-07-28,2019072801005826,SKBBL,53,22,13,968.00,"12,584.00"
2019-07-28,2019072801006112,SLICL,44,53,302,450.00,"135,900.00"
2019-07-28,2019072801006109,SLICL,55,53,500,450.00,"225,000.00"
2019-07-28,2019072801006106,SLICL,45,4,"1,000",450.00,"450,000.00"
2019-07-28,2019072801005759,SMFBS,38,35,40,505.00,"20,200.00"
2019-07-28,2019072801005748,SMFBS,38,20,10,505.00,"5,050.00"
2019-07-28,2019072801005728,SMFBS,38,20,10,505.00,"5,050.00"
2019-07-28,2019072801005722,SMFBS,38,13,10,505.00,"5,050.00"
2019-07-28,2019072801005721,SMFBS,38,20,10,505.00,"5,050.00"
2019-07-28,2019072801005712,SMFBS,38,20,10,505.00,"5,050.00"
2019-07-28,2019072801005706,SMFBS,39,59,50,506.00,"25,300.00"
2019-07-28,2019072801005705,SMFBS,52,59,10,507.00,"5,070.00"
2019-07-28,2019072801005704,SMFBS,52,20,10,507.00,"5,070.00"
2019-07-28,2019072801006115,SRBL,14,35,94,247.00,"23,218.00"
2019-07-28,2019072801006114,SRBL,59,35,100,247.00,"24,700.00"
2019-07-28,2019072801006113,SRBL,14,35,212,247.00,"52,364.00"
2019-07-28,2019072801006069,SRBL,14,43,288,247.00,"71,136.00"
2019-07-28,2019072801006068,SRBL,38,43,500,247.00,"123,500.00"
2019-07-28,2019072801006067,SRBL,38,43,150,247.00,"37,050.00"
2019-07-28,2019072801006066,SRBL,34,43,100,247.00,"24,700.00"
2019-07-28,2019072801006065,SRBL,28,43,962,247.00,"237,614.00"
2019-07-28,2019072801005984,SRBL,54,35,200,248.00,"49,600.00"
2019-07-28,2019072801005868,SRBL,28,41,370,247.00,"91,390.00"
2019-07-28,2019072801005867,SRBL,45,41,30,248.00,"7,440.00"
2019-07-28,2019072801005941,UFL,39,40,50,182.00,"9,100.00"
2019-07-28,2019072801006198,UIC,25,7,20,801.00,"16,020.00"
2019-07-28,2019072801005968,UIC,19,58,20,800.00,"16,000.00"
2019-07-28,2019072801005967,UIC,35,58,50,800.00,"40,000.00"
2019-07-28,2019072801005966,UIC,56,58,100,800.00,"80,000.00"
2019-07-28,2019072801005965,UIC,21,58,10,800.00,"8,000.00"
2019-07-28,2019072801005964,UIC,6,58,12,801.00,"9,612.00"
2019-07-28,2019072801005858,UIC,39,38,30,802.00,"24,060.00"
2019-07-28,2019072801005835,UIC,6,5,10,806.00,"8,060.00"
2019-07-28,2019072801005829,UIC,10,38,100,803.00,"80,300.00"
2019-07-28,2019072801005814,UIC,57,38,100,805.00,"80,500.00"
2019-07-28,2019072801005753,UIC,22,5,50,806.00,"40,300.00"
2019-07-28,2019072801005897,UIC,57,5,470,806.00,"378,820.00"
2019-07-28,2019072801005863,UIC,48,38,100,801.00,"80,100.00"
2019-07-28,2019072801005862,UIC,40,38,50,801.00,"40,050.00"
2019-07-28,2019072801005861,UIC,49,38,200,801.00,"160,200.00"
2019-07-28,2019072801005860,UIC,11,38,18,801.00,"14,418.00"
2019-07-28,2019072801005859,UIC,57,38,35,802.00,"28,070.00"
2019-07-28,2019072801006060,UNHPL,35,41,45,78.00,"3,510.00"
2019-07-28,2019072801006189,UPPER,26,52,50,269.00,"13,450.00"
2019-07-28,2019072801006127,UPPER,26,6,40,269.00,"10,760.00"
2019-07-28,2019072801006047,UPPER,26,17,500,269.00,"134,500.00"
2019-07-28,2019072801005960,UPPER,26,34,50,269.00,"13,450.00"
2019-07-28,2019072801005937,UPPER,26,29,40,269.00,"10,760.00"
2019-07-28,2019072801005832,UPPER,26,42,50,269.00,"13,450.00"
2019-07-28,2019072801005716,UPPER,26,42,40,269.00,"10,760.00"
2019-07-28,2019072801005586,ADBL,28,40,111,425.00,"47,175.00"
2019-07-28,2019072801005469,ADBL,21,42,30,425.00,"12,750.00"
2019-07-28,2019072801005468,ADBL,21,13,132,425.00,"56,100.00"
2019-07-28,2019072801005435,ADBL,45,13,"1,868",425.00,"793,900.00"
2019-07-28,2019072801005350,ADBL,45,36,100,425.00,"42,500.00"
2019-07-28,2019072801005320,ADBL,45,4,32,425.00,"13,600.00"
2019-07-28,2019072801005233,ADBL,14,57,"1,334",424.00,"565,616.00"
2019-07-28,2019072801005232,ADBL,7,57,"1,000",424.00,"424,000.00"
2019-07-28,2019072801005208,ADBL,14,40,38,424.00,"16,112.00"
2019-07-28,2019072801005319,ADBL,45,4,18,425.00,"7,650.00"
2019-07-28,2019072801005298,ADBL,45,37,530,425.00,"225,250.00"
2019-07-28,2019072801005297,ADBL,45,37,305,425.00,"129,625.00"
2019-07-28,2019072801005296,ADBL,45,38,78,425.00,"33,150.00"
2019-07-28,2019072801005295,ADBL,45,16,"1,000",425.00,"425,000.00"
2019-07-28,2019072801005234,ADBL,42,57,666,424.00,"282,384.00"
2019-07-28,2019072801005585,AKPL,10,18,13,170.00,"2,210.00"
2019-07-28,2019072801005514,AKPL,10,18,13,170.00,"2,210.00"
2019-07-28,2019072801005563,ALBSL,39,45,10,403.00,"4,030.00"
2019-07-28,2019072801005573,API,25,48,20,140.00,"2,800.00"
2019-07-28,2019072801005521,API,4,40,28,138.00,"3,864.00"
2019-07-28,2019072801005506,BARUN,1,40,10,91.00,910.00
2019-07-28,2019072801005569,BOKL,22,34,10,264.00,"2,640.00"
2019-07-28,2019072801005547,BOKL,59,40,50,263.00,"13,150.00"
2019-07-28,2019072801005479,BOKL,56,20,28,262.00,"7,336.00"
2019-07-28,2019072801005401,BOKL,56,49,166,262.00,"43,492.00"
2019-07-28,2019072801005467,BPCL,21,40,66,402.00,"26,532.00"
2019-07-28,2019072801005390,BPCL,56,46,200,402.00,"80,400.00"
2019-07-28,2019072801005535,CBL,33,46,"1,600",154.00,"246,400.00"
2019-07-28,2019072801005531,CBL,28,46,700,154.00,"107,800.00"
2019-07-28,2019072801005530,CBL,28,57,300,154.00,"46,200.00"
2019-07-28,2019072801005527,CBL,40,40,185,153.00,"28,305.00"
2019-07-28,2019072801005513,CBL,40,42,13,153.00,"1,989.00"
2019-07-28,2019072801005475,CBL,6,57,200,154.00,"30,800.00"
2019-07-28,2019072801005300,CBL,28,32,100,154.00,"15,400.00"
2019-07-28,2019072801005299,CBL,28,44,"2,000",154.00,"308,000.00"
2019-07-28,2019072801005286,CBL,33,44,"1,000",154.00,"154,000.00"
2019-07-28,2019072801005281,CBL,54,44,300,154.00,"46,200.00"
2019-07-28,2019072801005419,CBL,6,39,300,154.00,"46,200.00"
2019-07-28,2019072801005418,CBL,43,39,200,154.00,"30,800.00"
2019-07-28,2019072801005417,CBL,28,39,200,154.00,"30,800.00"
2019-07-28,2019072801005377,CBL,28,40,700,154.00,"107,800.00"
2019-07-28,2019072801005349,CBL,28,44,"1,000",154.00,"154,000.00"
2019-07-28,2019072801005344,CBL,28,19,200,154.00,"30,800.00"
2019-07-28,2019072801005534,CCBL,57,40,280,170.00,"47,600.00"
2019-07-28,2019072801005451,CCBL,57,35,65,170.00,"11,050.00"
2019-07-28,2019072801005450,CCBL,41,35,150,170.00,"25,500.00"
2019-07-28,2019072801005449,CCBL,42,35,185,170.00,"31,450.00"
2019-07-28,2019072801005567,CHCL,50,40,44,510.00,"22,440.00"
2019-07-28,2019072801005361,CHCL,50,44,950,510.00,"484,500.00"
2019-07-28,2019072801005360,CHCL,44,44,50,510.00,"25,500.00"
2019-07-28,2019072801005601,CLBSL,57,40,17,500.00,"8,500.00"
2019-07-28,2019072801005566,CZBIL,22,7,10,225.00,"2,250.00"
2019-07-28,2019072801005565,CZBIL,22,29,10,225.00,"2,250.00"
2019-07-28,2019072801005332,CZBIL,45,26,220,223.00,"49,060.00"
2019-07-28,2019072801005331,CZBIL,45,50,874,223.00,"194,902.00"
2019-07-28,2019072801005255,CZBIL,28,3,53,222.00,"11,766.00"
2019-07-28,2019072801005236,CZBIL,58,3,50,222.00,"11,100.00"
2019-07-28,2019072801005210,CZBIL,58,35,950,222.00,"210,900.00"
2019-07-28,2019072801005437,DBBL,38,48,216,145.00,"31,320.00"
2019-07-28,2019072801005436,DBBL,38,19,75,145.00,"10,875.00"
2019-07-28,2019072801005407,DBBL,38,19,100,145.00,"14,500.00"
2019-07-28,2019072801005279,DBBL,38,21,958,145.00,"138,910.00"
2019-07-28,2019072801005231,DBBL,38,3,500,145.00,"72,500.00"
2019-07-28,2019072801005230,DBBL,38,26,51,145.00,"7,395.00"
2019-07-28,2019072801005206,DBBL,57,26,225,145.00,"32,625.00"
2019-07-28,2019072801005205,DBBL,57,3,275,145.00,"39,875.00"
2019-07-28,2019072801005656,DDBL,42,57,60,735.00,"44,100.00"
2019-07-28,2019072801005532,DDBL,42,19,50,735.00,"36,750.00"
2019-07-28,2019072801005394,DDBL,42,44,"1,750",735.00,"1,286,250.00"
2019-07-28,2019072801005238,DDBL,58,44,"1,004",739.00,"741,956.00"
2019-07-28,2019072801005237,DDBL,58,47,450,738.00,"332,100.00"
2019-07-28,2019072801005698,EBL,49,57,158,660.00,"104,280.00"
2019-07-28,2019072801005697,EBL,16,57,42,660.00,"27,720.00"
2019-07-28,2019072801005696,EBL,11,57,100,661.00,"66,100.00"
2019-07-28,2019072801005695,EBL,17,57,100,661.00,"66,100.00"
2019-07-28,2019072801005422,EBL,16,6,158,660.00,"104,280.00"
2019-07-28,2019072801005421,EBL,7,6,122,660.00,"80,520.00"
2019-07-28,2019072801005420,EBL,17,6,16,660.00,"10,560.00"
2019-07-28,2019072801005395,EBL,53,40,50,662.00,"33,100.00"
2019-07-28,2019072801005292,EBL,17,25,84,660.00,"55,440.00"
2019-07-28,2019072801005291,EBL,58,25,16,660.00,"10,560.00"
2019-07-28,2019072801005571,EDBL,54,58,520,287.00,"149,240.00"
2019-07-28,2019072801005369,FOWAD,34,58,50,"1,378.00","68,900.00"
2019-07-28,2019072801005368,FOWAD,39,58,10,"1,378.00","13,780.00"
2019-07-28,2019072801005367,FOWAD,14,58,15,"1,381.00","20,715.00"
2019-07-28,2019072801005366,FOWAD,35,58,10,"1,381.00","13,810.00"
2019-07-28,2019072801005365,FOWAD,17,58,20,"1,383.00","27,660.00"
2019-07-28,2019072801005325,GBBL,4,45,100,222.00,"22,200.00"
2019-07-28,2019072801005625,GBLBS,39,18,10,343.00,"3,430.00"
2019-07-28,2019072801005614,GBLBS,33,26,290,344.00,"99,760.00"
2019-07-28,2019072801005589,GBLBS,33,18,10,344.00,"3,440.00"
2019-07-28,2019072801005629,GDBL,49,40,155,211.00,"32,705.00"
2019-07-28,2019072801005655,GHL,16,57,20,86.00,"1,720.00"
2019-07-28,2019072801005654,GHL,16,22,30,86.00,"2,580.00"
2019-07-28,2019072801005650,GMFBS,38,10,10,527.00,"5,270.00"
2019-07-28,2019072801005649,GMFBS,38,7,40,525.00,"21,000.00"
2019-07-28,2019072801005426,GMFBS,33,44,10,517.00,"5,170.00"
2019-07-28,2019072801005235,GMFBS,33,44,10,517.00,"5,170.00"
2019-07-28,2019072801005213,GMFBS,33,8,10,517.00,"5,170.00"
2019-07-28,2019072801005403,GUFL,3,40,302,120.00,"36,240.00"
2019-07-28,2019072801005478,HDL,38,56,20,"1,577.00","31,540.00"
2019-07-28,2019072801005477,HDL,32,56,90,"1,578.00","142,020.00"
2019-07-28,2019072801005652,HIDCL,41,40,31,156.00,"4,836.00"
2019-07-28,2019072801005497,HIDCL,41,44,61,156.00,"9,516.00"
2019-07-28,2019072801005202,HIDCL,41,5,167,156.00,"26,052.00"
2019-07-28,2019072801005201,HIDCL,43,5,500,156.00,"78,000.00"
2019-07-28,2019072801005200,HIDCL,8,5,333,156.00,"51,948.00"
2019-07-28,2019072801005681,HPPL,22,55,10,170.00,"1,700.00"
2019-07-28,2019072801005670,HPPL,22,42,10,170.00,"1,700.00"
2019-07-28,2019072801005600,HPPL,53,18,20,170.00,"3,400.00"
2019-07-28,2019072801005254,HURJA,10,41,20,132.00,"2,640.00"
2019-07-28,2019072801005621,ICFC,1,37,476,160.00,"76,160.00"
2019-07-28,2019072801005620,ICFC,44,37,49,160.00,"7,840.00"
2019-07-28,2019072801005398,ICFC,44,50,251,160.00,"40,160.00"
2019-07-28,2019072801005397,ICFC,22,50,30,160.00,"4,800.00"
2019-07-28,2019072801005572,ILBS,50,38,180,406.00,"73,080.00"
2019-07-28,2019072801005560,ILBS,6,29,10,409.00,"4,090.00"
2019-07-28,2019072801005559,ILBS,6,44,50,409.00,"20,450.00"
2019-07-28,2019072801005558,ILBS,6,39,80,409.00,"32,720.00"
2019-07-28,2019072801005557,ILBS,6,25,200,408.00,"81,600.00"
2019-07-28,2019072801005556,ILBS,6,25,50,408.00,"20,400.00"
2019-07-28,2019072801005270,ILBS,48,16,10,407.00,"4,070.00"
2019-07-28,2019072801005269,ILBS,48,22,10,407.00,"4,070.00"
2019-07-28,2019072801005268,ILBS,48,29,10,406.00,"4,060.00"
2019-07-28,2019072801005241,ILBS,18,44,10,404.00,"4,040.00"
2019-07-28,2019072801005276,ILBS,48,39,10,407.00,"4,070.00"
2019-07-28,2019072801005275,ILBS,48,39,10,407.00,"4,070.00"
2019-07-28,2019072801005274,ILBS,48,39,10,407.00,"4,070.00"
2019-07-28,2019072801005273,ILBS,48,16,10,407.00,"4,070.00"
2019-07-28,2019072801005272,ILBS,48,16,10,407.00,"4,070.00"
2019-07-28,2019072801005271,ILBS,48,16,10,407.00,"4,070.00"
2019-07-28,2019072801005405,ILBS,38,44,10,406.00,"4,060.00"
2019-07-28,2019072801005351,ILBS,48,44,10,405.00,"4,050.00"
2019-07-28,2019072801005294,ILBS,48,7,40,407.00,"16,280.00"
2019-07-28,2019072801005293,ILBS,48,29,10,407.00,"4,070.00"
2019-07-28,2019072801005278,ILBS,48,39,10,407.00,"4,070.00"
2019-07-28,2019072801005277,ILBS,48,39,10,407.00,"4,070.00"
2019-07-28,2019072801005549,ILBS,6,49,10,408.00,"4,080.00"
2019-07-28,2019072801005548,ILBS,6,7,20,407.00,"8,140.00"
2019-07-28,2019072801005529,ILBS,50,44,10,406.00,"4,060.00"
2019-07-28,2019072801005438,ILBS,48,44,10,405.00,"4,050.00"
2019-07-28,2019072801005416,ILBS,48,44,160,405.00,"64,800.00"
2019-07-28,2019072801005415,ILBS,38,44,190,406.00,"77,140.00"
2019-07-28,2019072801005555,ILBS,6,28,10,408.00,"4,080.00"
2019-07-28,2019072801005554,ILBS,6,16,10,408.00,"4,080.00"
2019-07-28,2019072801005553,ILBS,6,16,10,408.00,"4,080.00"
2019-07-28,2019072801005552,ILBS,6,49,10,408.00,"4,080.00"
2019-07-28,2019072801005551,ILBS,6,49,10,408.00,"4,080.00"
2019-07-28,2019072801005550,ILBS,6,49,10,408.00,"4,080.00"
2019-07-28,2019072801005667,JBBL,46,40,89,159.00,"14,151.00"
2019-07-28,2019072801005594,JBBL,50,42,200,160.00,"32,000.00"
2019-07-28,2019072801005593,JBBL,50,47,200,160.00,"32,000.00"
2019-07-28,2019072801005592,JBBL,50,43,200,160.00,"32,000.00"
2019-07-28,2019072801005591,JBBL,50,52,100,160.00,"16,000.00"
2019-07-28,2019072801005590,JBBL,50,51,100,160.00,"16,000.00"
2019-07-28,2019072801005431,JBBL,46,25,380,159.00,"60,420.00"
2019-07-28,2019072801005352,JBBL,46,57,200,159.00,"31,800.00"
2019-07-28,2019072801005524,JOSHI,34,59,20,78.00,"1,560.00"
2019-07-28,2019072801005495,JOSHI,34,59,20,78.00,"1,560.00"
2019-07-28,2019072801005262,JOSHI,34,41,20,78.00,"1,560.00"
2019-07-28,2019072801005689,KBL,52,44,494,216.00,"106,704.00"
2019-07-28,2019072801005688,KBL,52,33,"2,000",216.00,"432,000.00"
2019-07-28,2019072801005687,KBL,36,40,226,215.00,"48,590.00"
2019-07-28,2019072801005676,KBL,36,49,400,215.00,"86,000.00"
2019-07-28,2019072801005648,KBL,36,4,800,215.00,"172,000.00"
2019-07-28,2019072801005229,KBL,36,40,14,215.00,"3,010.00"
2019-07-28,2019072801005228,KBL,49,40,29,215.00,"6,235.00"
2019-07-28,2019072801005483,KKHC,14,10,10,66.00,660.00
2019-07-28,2019072801005640,KPCL,39,7,10,89.00,890.00
2019-07-28,2019072801005334,KPCL,39,48,10,89.00,890.00
2019-07-28,2019072801005404,KSBBL,46,57,200,155.00,"31,000.00"
2019-07-28,2019072801005402,KSBBL,46,4,200,155.00,"31,000.00"
2019-07-28,2019072801005333,KSBBL,46,40,50,155.00,"7,750.00"
2019-07-28,2019072801005658,LBBL,32,32,100,203.00,"20,300.00"
2019-07-28,2019072801005239,LBBL,33,41,100,202.00,"20,200.00"
2019-07-28,2019072801005668,LBL,55,28,"1,000",222.00,"222,000.00"
2019-07-28,2019072801005562,LBL,38,55,30,222.00,"6,660.00"
2019-07-28,2019072801005561,LBL,51,55,150,222.00,"33,300.00"
2019-07-28,2019072801005622,LICN,8,45,19,"1,143.00","21,717.00"
2019-07-28,2019072801005453,LICN,8,35,11,"1,143.00","12,573.00"
2019-07-28,2019072801005452,LICN,56,35,39,"1,143.00","44,577.00"
2019-07-28,2019072801005324,LICN,56,35,11,"1,143.00","12,573.00"
2019-07-28,2019072801005671,MEGA,32,35,100,206.00,"20,600.00"
2019-07-28,2019072801005665,MEGA,32,35,46,206.00,"9,476.00"
2019-07-28,2019072801005664,MEGA,3,35,500,206.00,"103,000.00"
2019-07-28,2019072801005663,MEGA,8,35,100,206.00,"20,600.00"
2019-07-28,2019072801005662,MEGA,58,35,354,206.00,"72,924.00"
2019-07-28,2019072801005647,MEGA,58,7,100,206.00,"20,600.00"
2019-07-28,2019072801005257,MEGA,20,44,200,207.00,"41,400.00"
2019-07-28,2019072801005256,MEGA,48,44,450,207.00,"93,150.00"
2019-07-28,2019072801005240,MEGA,48,38,300,207.00,"62,100.00"
2019-07-28,2019072801005639,MEGA,58,45,46,206.00,"9,476.00"
2019-07-28,2019072801005638,MEGA,41,45,954,206.00,"196,524.00"
2019-07-28,2019072801005357,MEGA,41,45,46,206.00,"9,476.00"
2019-07-28,2019072801005356,MEGA,25,45,70,206.00,"14,420.00"
2019-07-28,2019072801005355,MEGA,7,45,184,206.00,"37,904.00"
2019-07-28,2019072801005287,MEGA,7,35,108,206.00,"22,248.00"
2019-07-28,2019072801005442,MERO,43,37,17,514.00,"8,738.00"
2019-07-28,2019072801005290,MERO,43,41,75,514.00,"38,550.00"
2019-07-28,2019072801005289,MERO,52,41,60,515.00,"30,900.00"
2019-07-28,2019072801005242,MFIL,32,50,26,126.00,"3,276.00"
2019-07-28,2019072801005612,MHNL,45,32,40,100.00,"4,000.00"
2019-07-28,2019072801005430,MNBBL,58,16,366,370.00,"135,420.00"
2019-07-28,2019072801005429,MNBBL,35,16,50,370.00,"18,500.00"
2019-07-28,2019072801005428,MNBBL,25,16,200,370.00,"74,000.00"
2019-07-28,2019072801005427,MNBBL,32,16,117,371.00,"43,407.00"
2019-07-28,2019072801005337,MNBBL,32,35,383,371.00,"142,093.00"
2019-07-28,2019072801005336,MNBBL,35,35,50,371.00,"18,550.00"
2019-07-28,2019072801005335,MNBBL,11,35,36,371.00,"13,356.00"
2019-07-28,2019072801005288,MNBBL,32,49,185,372.00,"68,820.00"
2019-07-28,2019072801005636,MSLB,38,18,15,950.00,"14,250.00"
2019-07-28,2019072801005575,NABIL,17,32,23,800.00,"18,400.00"
2019-07-28,2019072801005354,NABIL,17,35,94,796.00,"74,824.00"
2019-07-28,2019072801005353,NABIL,17,35,52,796.00,"41,392.00"
2019-07-28,2019072801005661,NAGRO,34,34,90,530.00,"47,700.00"
2019-07-28,2019072801005627,NAGRO,34,32,10,530.00,"5,300.00"
2019-07-28,2019072801005608,NAGRO,34,34,200,535.00,"107,000.00"
2019-07-28,2019072801005607,NAGRO,18,34,10,539.00,"5,390.00"
2019-07-28,2019072801005606,NAGRO,46,34,50,540.00,"27,000.00"
2019-07-28,2019072801005533,NAGRO,18,21,40,539.00,"21,560.00"
2019-07-28,2019072801005643,NBB,56,51,"1,370",222.00,"304,140.00"
2019-07-28,2019072801005642,NBB,56,25,130,222.00,"28,860.00"
2019-07-28,2019072801005364,NBB,17,25,70,222.00,"15,540.00"
2019-07-28,2019072801005362,NBB,17,35,131,222.00,"29,082.00"
2019-07-28,2019072801005317,NBB,17,49,200,222.00,"44,400.00"
2019-07-28,2019072801005243,NBB,17,48,500,222.00,"111,000.00"
2019-07-28,2019072801005669,NBL,17,4,"1,000",337.00,"337,000.00"
2019-07-28,2019072801005657,NBL,17,45,500,337.00,"168,500.00"
2019-07-28,2019072801005646,NBL,58,42,26,338.00,"8,788.00"
2019-07-28,2019072801005645,NBL,58,17,"1,500",338.00,"507,000.00"
2019-07-28,2019072801005644,NBL,58,51,474,338.00,"160,212.00"
2019-07-28,2019072801005632,NBL,6,51,300,338.00,"101,400.00"
2019-07-28,2019072801005463,NBL,14,44,446,337.00,"150,302.00"
2019-07-28,2019072801005631,NBL,17,34,"2,000",337.00,"674,000.00"
2019-07-28,2019072801005509,NBL,17,17,"1,204",337.00,"405,748.00"
2019-07-28,2019072801005508,NBL,43,17,100,337.00,"33,700.00"
2019-07-28,2019072801005507,NBL,36,17,196,337.00,"66,052.00"
2019-07-28,2019072801005465,NBL,36,44,304,337.00,"102,448.00"
2019-07-28,2019072801005464,NBL,45,44,250,337.00,"84,250.00"
2019-07-28,2019072801005673,NCCB,49,57,200,244.00,"48,800.00"
2019-07-28,2019072801005541,NCCB,22,50,23,245.00,"5,635.00"
2019-07-28,2019072801005505,NCCB,32,50,121,245.00,"29,645.00"
2019-07-28,2019072801005504,NCCB,32,29,105,245.00,"25,725.00"
2019-07-28,2019072801005503,NCCB,32,56,500,245.00,"122,500.00"
2019-07-28,2019072801005502,NCCB,32,28,274,245.00,"67,130.00"
2019-07-28,2019072801005445,NCCB,49,44,10,244.00,"2,440.00"
2019-07-28,2019072801005318,NCCB,11,28,"1,000",245.00,"245,000.00"
2019-07-28,2019072801005264,NCCB,49,32,15,244.00,"3,660.00"
2019-07-28,2019072801005263,NCCB,48,32,"2,290",244.00,"558,760.00"
2019-07-28,2019072801005199,NCCB,48,6,331,244.00,"80,764.00"
2019-07-28,2019072801005424,NEF,33,45,"2,620",8.58,"22,479.60"
2019-07-28,2019072801005423,NEF,33,52,380,8.49,"3,226.20"
2019-07-28,2019072801005686,NIB,6,17,100,514.00,"51,400.00"
2019-07-28,2019072801005675,NIB,58,57,30,513.00,"15,390.00"
2019-07-28,2019072801005674,NIB,35,57,170,513.00,"87,210.00"
2019-07-28,2019072801005635,NIB,35,54,30,513.00,"15,390.00"
2019-07-28,2019072801005634,NIB,42,54,16,513.00,"8,208.00"
2019-07-28,2019072801005633,NIB,42,54,154,513.00,"79,002.00"
2019-07-28,2019072801005304,NIB,8,41,113,514.00,"58,082.00"
2019-07-28,2019072801005214,NIB,8,40,47,514.00,"24,158.00"
2019-07-28,2019072801005310,NIB,52,41,50,513.00,"25,650.00"
2019-07-28,2019072801005309,NIB,42,41,30,513.00,"15,390.00"
2019-07-28,2019072801005308,NIB,26,41,200,513.00,"102,600.00"
2019-07-28,2019072801005307,NIB,53,41,80,513.00,"41,040.00"
2019-07-28,2019072801005306,NIB,42,41,200,514.00,"102,800.00"
2019-07-28,2019072801005305,NIB,38,41,50,514.00,"25,700.00"
2019-07-28,2019072801005439,NIB,42,10,44,513.00,"22,572.00"
2019-07-28,2019072801005389,NIB,42,35,449,513.00,"230,337.00"
2019-07-28,2019072801005314,NIB,42,41,353,513.00,"181,089.00"
2019-07-28,2019072801005313,NIB,25,41,300,513.00,"153,900.00"
2019-07-28,2019072801005312,NIB,46,41,50,513.00,"25,650.00"
2019-07-28,2019072801005311,NIB,21,41,100,513.00,"51,300.00"
2019-07-28,2019072801005474,NIBPO,22,4,194,467.00,"90,598.00"
2019-07-28,2019072801005473,NIBPO,44,4,200,467.00,"93,400.00"
2019-07-28,2019072801005472,NIBPO,7,4,10,467.00,"4,670.00"
2019-07-28,2019072801005471,NIBPO,22,4,100,467.00,"46,700.00"
2019-07-28,2019072801005470,NIBPO,49,4,296,467.00,"138,232.00"
2019-07-28,2019072801005444,NIBPO,4,17,50,469.00,"23,450.00"
2019-07-28,2019072801005441,NIBPO,35,4,500,468.00,"234,000.00"
2019-07-28,2019072801005679,NICA,45,4,"1,000",458.00,"458,000.00"
2019-07-28,2019072801005660,NICA,45,48,890,458.00,"407,620.00"
2019-07-28,2019072801005659,NICA,22,48,10,458.00,"4,580.00"
2019-07-28,2019072801005359,NICA,50,50,3,458.00,"1,374.00"
2019-07-28,2019072801005598,NICL,6,26,199,342.00,"68,058.00"
2019-07-28,2019072801005597,NICL,37,26,50,342.00,"17,100.00"
2019-07-28,2019072801005596,NICL,28,26,200,342.00,"68,400.00"
2019-07-28,2019072801005595,NICL,59,26,50,344.00,"17,200.00"
2019-07-28,2019072801005499,NICL,20,44,22,345.00,"7,590.00"
2019-07-28,2019072801005284,NICL,20,44,500,345.00,"172,500.00"
2019-07-28,2019072801005611,NIL,39,49,35,471.00,"16,485.00"
2019-07-28,2019072801005610,NIL,40,49,50,471.00,"23,550.00"
2019-07-28,2019072801005609,NIL,44,49,15,472.00,"7,080.00"
2019-07-28,2019072801005209,NIL,38,45,100,474.00,"47,400.00"
2019-07-28,2019072801005692,NLG,58,45,150,677.00,"101,550.00"
2019-07-28,2019072801005691,NLG,46,45,100,678.00,"67,800.00"
2019-07-28,2019072801005690,NLG,43,45,50,680.00,"34,000.00"
2019-07-28,2019072801005494,NLG,58,48,180,677.00,"121,860.00"
2019-07-28,2019072801005493,NLG,51,48,25,677.00,"16,925.00"
2019-07-28,2019072801005440,NLIC,34,44,11,878.00,"9,658.00"
2019-07-28,2019072801005409,NLIC,34,10,17,878.00,"14,926.00"
2019-07-28,2019072801005222,NLIC,34,45,947,878.00,"831,466.00"
2019-07-28,2019072801005221,NLIC,47,45,20,878.00,"17,560.00"
2019-07-28,2019072801005220,NLIC,49,45,50,879.00,"43,950.00"
2019-07-28,2019072801005219,NLIC,22,45,13,879.00,"11,427.00"
2019-07-28,2019072801005342,NLICL,44,52,24,571.00,"13,704.00"
2019-07-28,2019072801005341,NLICL,52,52,50,572.00,"28,600.00"
2019-07-28,2019072801005340,NLICL,20,52,20,572.00,"11,440.00"
2019-07-28,2019072801005326,NLICL,37,52,106,574.00,"60,844.00"
2019-07-28,2019072801005680,NMBHF1,22,14,"1,000",9.92,"9,920.00"
2019-07-28,2019072801005347,NMBHF1,8,26,"3,860",9.90,"38,214.00"
2019-07-28,2019072801005346,NMBHF1,59,26,"2,462",9.91,"24,398.42"
2019-07-28,2019072801005327,NMBHF1,22,4,"1,000",10.00,"10,000.00"
2019-07-28,2019072801005244,NMBHF1,22,4,"1,000",10.00,"10,000.00"
2019-07-28,2019072801005613,NMBSF1,26,55,"9,000",11.22,"100,980.00"
2019-07-28,2019072801005315,NMBSF1,22,55,"1,000",11.22,"11,220.00"
2019-07-28,2019072801005223,NMFBS,14,44,10,"1,476.00","14,760.00"
2019-07-28,2019072801005323,NTC,53,42,50,687.00,"34,350.00"
2019-07-28,2019072801005322,NTC,34,42,50,687.00,"34,350.00"
2019-07-28,2019072801005302,NTC,38,42,82,687.00,"56,334.00"
2019-07-28,2019072801005301,NTC,44,42,18,687.00,"12,366.00"
2019-07-28,2019072801005345,NUBL,28,14,50,873.00,"43,650.00"
2019-07-28,2019072801005406,PCBL,52,17,100,281.00,"28,100.00"
2019-07-28,2019072801005666,PIC,51,22,39,473.00,"18,447.00"
2019-07-28,2019072801005434,PIC,49,44,11,472.00,"5,192.00"
2019-07-28,2019072801005433,PIC,34,44,10,472.00,"4,720.00"
2019-07-28,2019072801005432,PIC,49,44,10,475.00,"4,750.00"
2019-07-28,2019072801005387,PLIC,35,45,459,422.00,"193,698.00"
2019-07-28,2019072801005386,PLIC,41,45,50,422.00,"21,100.00"
2019-07-28,2019072801005385,PLIC,57,45,50,422.00,"21,100.00"
2019-07-28,2019072801005384,PLIC,41,45,100,422.00,"42,200.00"
2019-07-28,2019072801005383,PLIC,44,45,"1,000",422.00,"422,000.00"
2019-07-28,2019072801005211,PLIC,35,5,19,426.00,"8,094.00"
2019-07-28,2019072801005382,PLIC,52,45,100,422.00,"42,200.00"
2019-07-28,2019072801005381,PLIC,20,45,20,422.00,"8,440.00"
2019-07-28,2019072801005380,PLIC,1,45,100,425.00,"42,500.00"
2019-07-28,2019072801005379,PLIC,52,45,50,425.00,"21,250.00"
2019-07-28,2019072801005378,PLIC,57,45,121,426.00,"51,546.00"
2019-07-28,2019072801005212,PLIC,57,5,79,426.00,"33,654.00"
2019-07-28,2019072801005682,PMHPL,56,42,10,103.00,"1,030.00"
2019-07-28,2019072801005694,PPCL,34,42,10,132.00,"1,320.00"
2019-07-28,2019072801005653,PPCL,34,44,10,132.00,"1,320.00"
2019-07-28,2019072801005641,PPCL,34,44,10,132.00,"1,320.00"
2019-07-28,2019072801005630,PPCL,34,44,10,132.00,"1,320.00"
2019-07-28,2019072801005624,PPCL,34,44,10,132.00,"1,320.00"
2019-07-28,2019072801005587,PPCL,34,44,10,132.00,"1,320.00"
2019-07-28,2019072801005570,PPCL,34,57,10,132.00,"1,320.00"
2019-07-28,2019072801005481,PPCL,34,59,20,132.00,"2,640.00"
2019-07-28,2019072801005408,PPCL,34,57,10,132.00,"1,320.00"
2019-07-28,2019072801005480,PRIN,47,3,100,360.00,"36,000.00"
2019-07-28,2019072801005207,PRIN,22,17,225,362.00,"81,450.00"
2019-07-28,2019072801005626,PRVU,50,14,400,276.00,"110,400.00"
2019-07-28,2019072801005605,PRVU,17,14,50,276.00,"13,800.00"
2019-07-28,2019072801005510,PRVU,33,44,10,275.00,"2,750.00"
2019-07-28,2019072801005498,PRVU,53,22,500,276.00,"138,000.00"
2019-07-28,2019072801005485,PRVU,56,22,"1,000",276.00,"276,000.00"
2019-07-28,2019072801005285,PRVU,43,40,20,277.00,"5,540.00"
2019-07-28,2019072801005393,PRVU,41,57,"1,000",276.00,"276,000.00"
2019-07-28,2019072801005392,PRVU,32,57,"5,000",276.00,"1,380,000.00"
2019-07-28,2019072801005391,PRVU,28,57,500,276.00,"138,000.00"
2019-07-28,2019072801005348,PRVU,28,45,500,276.00,"138,000.00"
2019-07-28,2019072801005339,PRVU,56,48,687,277.00,"190,299.00"
2019-07-28,2019072801005338,PRVU,56,40,313,277.00,"86,701.00"
2019-07-28,2019072801005376,RBCLPO,19,4,10,"8,332.00","83,320.00"
2019-07-28,2019072801005375,RBCLPO,56,4,20,"8,333.00","166,660.00"
2019-07-28,2019072801005374,RBCLPO,56,4,20,"8,340.00","166,800.00"
2019-07-28,2019072801005373,RBCLPO,56,4,20,"8,350.00","167,000.00"
2019-07-28,2019072801005372,RBCLPO,59,4,10,"8,351.00","83,510.00"
2019-07-28,2019072801005371,RBCLPO,45,4,10,"8,355.00","83,550.00"
2019-07-28,2019072801005370,RBCLPO,48,4,10,"8,360.00","83,600.00"
2019-07-28,2019072801005414,RMDC,6,44,30,658.00,"19,740.00"
2019-07-28,2019072801005413,RMDC,6,44,50,658.00,"32,900.00"
2019-07-28,2019072801005412,RMDC,6,44,100,658.00,"65,800.00"
2019-07-28,2019072801005411,RMDC,35,44,300,658.00,"197,400.00"
2019-07-28,2019072801005410,RMDC,35,44,294,658.00,"193,452.00"
2019-07-28,2019072801005515,RRHP,47,44,100,104.00,"10,400.00"
2019-07-28,2019072801005261,RSDC,1,52,287,338.00,"97,006.00"
2019-07-28,2019072801005260,RSDC,57,52,37,338.00,"12,506.00"
2019-07-28,2019072801005259,RSDC,16,52,176,339.00,"59,664.00"
2019-07-28,2019072801005628,SADBL,36,26,"1,000",153.00,"153,000.00"
2019-07-28,2019072801005540,SADBL,36,57,58,153.00,"8,874.00"
2019-07-28,2019072801005512,SAEF,22,59,500,9.90,"4,950.00"
2019-07-28,2019072801005511,SAEF,6,59,600,9.90,"5,940.00"
2019-07-28,2019072801005448,SAEF,6,59,100,9.90,990.00
2019-07-28,2019072801005447,SAEF,25,59,"1,900",9.90,"18,810.00"
2019-07-28,2019072801005637,SANIMA,51,47,40,352.00,"14,080.00"
2019-07-28,2019072801005564,SANIMA,45,59,32,351.00,"11,232.00"
2019-07-28,2019072801005518,SANIMA,45,49,919,351.00,"322,569.00"
2019-07-28,2019072801005517,SANIMA,14,49,81,351.00,"28,431.00"
2019-07-28,2019072801005484,SANIMA,21,47,100,352.00,"35,200.00"
2019-07-28,2019072801005358,SANIMA,14,41,"2,601",351.00,"912,951.00"
2019-07-28,2019072801005303,SANIMA,35,47,20,352.00,"7,040.00"
2019-07-28,2019072801005283,SANIMA,14,17,18,351.00,"6,318.00"
2019-07-28,2019072801005282,SANIMA,14,17,282,351.00,"98,982.00"
2019-07-28,2019072801005266,SBL,56,56,100,320.00,"32,000.00"
2019-07-28,2019072801005265,SBL,56,48,100,320.00,"32,000.00"
2019-07-28,2019072801005217,SBL,46,22,182,319.00,"58,058.00"
2019-07-28,2019072801005528,SBLPO,11,13,"40,274",200.00,"8,054,800.00"
2019-07-28,2019072801005330,SCB,50,50,8,664.00,"5,312.00"
2019-07-28,2019072801005678,SHIVM,33,19,271,597.00,"161,787.00"
2019-07-28,2019072801005677,SHIVM,45,19,29,598.00,"17,342.00"
2019-07-28,2019072801005577,SHIVM,3,22,40,600.00,"24,000.00"
2019-07-28,2019072801005576,SHIVM,45,46,100,598.00,"59,800.00"
2019-07-28,2019072801005462,SHIVM,45,49,871,598.00,"520,858.00"
2019-07-28,2019072801005461,SHIVM,33,49,500,598.00,"299,000.00"
2019-07-28,2019072801005249,SHIVM,28,43,10,600.00,"6,000.00"
2019-07-28,2019072801005248,SHIVM,26,43,100,600.00,"60,000.00"
2019-07-28,2019072801005247,SHIVM,26,43,100,600.00,"60,000.00"
2019-07-28,2019072801005246,SHIVM,22,43,140,600.00,"84,000.00"
2019-07-28,2019072801005245,SHIVM,45,43,50,601.00,"30,050.00"
2019-07-28,2019072801005218,SHIVM,33,38,130,603.00,"78,390.00"
2019-07-28,2019072801005454,SHIVM,32,49,50,600.00,"30,000.00"
2019-07-28,2019072801005443,SHIVM,32,52,100,600.00,"60,000.00"
2019-07-28,2019072801005267,SHIVM,52,43,65,600.00,"39,000.00"
2019-07-28,2019072801005252,SHIVM,22,43,10,600.00,"6,000.00"
2019-07-28,2019072801005251,SHIVM,44,43,500,600.00,"300,000.00"
2019-07-28,2019072801005250,SHIVM,34,43,25,600.00,"15,000.00"
2019-07-28,2019072801005460,SHIVM,41,49,200,598.00,"119,600.00"
2019-07-28,2019072801005459,SHIVM,57,49,150,598.00,"89,700.00"
2019-07-28,2019072801005458,SHIVM,48,49,100,599.00,"59,900.00"
2019-07-28,2019072801005457,SHIVM,34,49,100,599.00,"59,900.00"
2019-07-28,2019072801005456,SHIVM,5,49,50,599.00,"29,950.00"
2019-07-28,2019072801005455,SHIVM,33,49,"1,000",599.00,"599,000.00"
2019-07-28,2019072801005672,SHL,56,50,"1,156",234.00,"270,504.00"
2019-07-28,2019072801005539,SHPC,8,59,10,245.00,"2,450.00"
2019-07-28,2019072801005538,SHPC,17,59,40,245.00,"9,800.00"
2019-07-28,2019072801005537,SHPC,36,59,100,245.00,"24,500.00"
2019-07-28,2019072801005536,SHPC,22,59,140,245.00,"34,300.00"
2019-07-28,2019072801005525,SIC,41,35,44,605.00,"26,620.00"
2019-07-28,2019072801005396,SIC,41,35,56,608.00,"34,048.00"
2019-07-28,2019072801005496,SICL,28,56,70,798.00,"55,860.00"
2019-07-28,2019072801005425,SICL,28,44,12,798.00,"9,576.00"
2019-07-28,2019072801005321,SIFC,40,40,170,156.00,"26,520.00"
2019-07-28,2019072801005501,SIL,34,7,200,463.00,"92,600.00"
2019-07-28,2019072801005500,SIL,25,7,50,464.00,"23,200.00"
2019-07-28,2019072801005388,SKBBL,22,22,60,968.00,"58,080.00"
2019-07-28,2019072801005516,SLBBL,41,22,20,462.00,"9,240.00"
2019-07-28,2019072801005693,SMFBS,52,20,10,507.00,"5,070.00"
2019-07-28,2019072801005683,SMFBS,52,20,10,507.00,"5,070.00"
2019-07-28,2019072801005602,SMFBS,52,44,10,507.00,"5,070.00"
2019-07-28,2019072801005574,SMFBS,48,59,90,508.00,"45,720.00"
2019-07-28,2019072801005316,SMFBS,48,44,10,508.00,"5,080.00"
2019-07-28,2019072801005599,SMFDB,21,58,100,530.00,"53,000.00"
2019-07-28,2019072801005466,SPARS,58,44,10,457.00,"4,570.00"
2019-07-28,2019072801005328,SPARS,58,44,10,457.00,"4,570.00"
2019-07-28,2019072801005253,SPARS,47,44,10,458.00,"4,580.00"
2019-07-28,2019072801005604,SRBL,1,4,100,248.00,"24,800.00"
2019-07-28,2019072801005400,TRH,8,46,80,310.00,"24,800.00"
2019-07-28,2019072801005399,TRH,32,46,120,310.00,"37,200.00"
2019-07-28,2019072801005623,UIC,54,56,10,807.00,"8,070.00"
2019-07-28,2019072801005603,UIC,54,56,10,807.00,"8,070.00"
2019-07-28,2019072801005588,UIC,54,56,10,804.00,"8,040.00"
2019-07-28,2019072801005584,UIC,38,56,20,804.00,"16,080.00"
2019-07-28,2019072801005583,UIC,13,56,200,804.00,"160,800.00"
2019-07-28,2019072801005582,UIC,16,56,100,805.00,"80,500.00"
2019-07-28,2019072801005482,UIC,6,56,10,809.00,"8,090.00"
2019-07-28,2019072801005476,UIC,16,56,15,809.00,"12,135.00"
2019-07-28,2019072801005363,UIC,45,56,10,809.00,"8,090.00"
2019-07-28,2019072801005204,UIC,52,36,80,810.00,"64,800.00"
2019-07-28,2019072801005203,UIC,52,49,20,810.00,"16,200.00"
2019-07-28,2019072801005581,UIC,35,56,100,805.00,"80,500.00"
2019-07-28,2019072801005580,UIC,42,56,30,806.00,"24,180.00"
2019-07-28,2019072801005579,UIC,22,56,50,807.00,"40,350.00"
2019-07-28,2019072801005578,UIC,54,5,10,808.00,"8,080.00"
2019-07-28,2019072801005568,UIC,54,5,10,808.00,"8,080.00"
2019-07-28,2019072801005526,UIC,17,5,50,808.00,"40,400.00"
2019-07-28,2019072801005343,UNHPL,54,41,100,77.00,"7,700.00"
2019-07-28,2019072801005685,UPPER,26,17,500,269.00,"134,500.00"
2019-07-28,2019072801005684,UPPER,26,35,200,269.00,"53,800.00"
2019-07-28,2019072801005651,UPPER,57,35,300,269.00,"80,700.00"
2019-07-28,2019072801005619,UPPER,42,34,"2,000",269.00,"538,000.00"
2019-07-28,2019072801005618,UPPER,50,34,200,269.00,"53,800.00"
2019-07-28,2019072801005215,UPPER,21,46,74,271.00,"20,054.00"
2019-07-28,2019072801005258,UPPER,43,45,20,271.00,"5,420.00"
2019-07-28,2019072801005227,UPPER,32,52,82,270.00,"22,140.00"
2019-07-28,2019072801005226,UPPER,34,52,100,270.00,"27,000.00"
2019-07-28,2019072801005225,UPPER,21,52,200,270.00,"54,000.00"
2019-07-28,2019072801005224,UPPER,50,52,18,270.00,"4,860.00"
2019-07-28,2019072801005216,UPPER,21,45,34,271.00,"9,214.00"
2019-07-28,2019072801005487,UPPER,43,38,200,270.00,"54,000.00"
2019-07-28,2019072801005486,UPPER,32,38,328,270.00,"88,560.00"
2019-07-28,2019072801005446,UPPER,32,19,40,270.00,"10,800.00"
2019-07-28,2019072801005329,UPPER,8,45,229,271.00,"62,059.00"
2019-07-28,2019072801005280,UPPER,32,39,50,270.00,"13,500.00"
2019-07-28,2019072801005492,UPPER,22,38,742,270.00,"200,340.00"
2019-07-28,2019072801005491,UPPER,11,38,200,270.00,"54,000.00"
2019-07-28,2019072801005490,UPPER,21,38,50,270.00,"13,500.00"
2019-07-28,2019072801005489,UPPER,6,38,80,270.00,"21,600.00"
2019-07-28,2019072801005488,UPPER,14,38,100,270.00,"27,000.00"
2019-07-28,2019072801005543,UPPER,1,48,406,270.00,"109,620.00"
2019-07-28,2019072801005542,UPPER,45,48,229,270.00,"61,830.00"
2019-07-28,2019072801005523,UPPER,45,44,21,270.00,"5,670.00"
2019-07-28,2019072801005522,UPPER,33,44,25,270.00,"6,750.00"
2019-07-28,2019072801005520,UPPER,33,51,75,270.00,"20,250.00"
2019-07-28,2019072801005519,UPPER,22,51,258,270.00,"69,660.00"
2019-07-28,2019072801005617,UPPER,36,34,"5,000",269.00,"1,345,000.00"
2019-07-28,2019072801005616,UPPER,45,34,20,269.00,"5,380.00"
2019-07-28,2019072801005615,UPPER,48,34,35,270.00,"9,450.00"
2019-07-28,2019072801005546,UPPER,48,48,165,270.00,"44,550.00"
2019-07-28,2019072801005545,UPPER,32,48,100,270.00,"27,000.00"
2019-07-28,2019072801005544,UPPER,48,48,100,270.00,"27,000.00"
2019-07-28,2019072801005198,ADBL,14,44,553,424.00,"234,472.00"
2019-07-28,2019072801005027,ADBL,14,40,75,424.00,"31,800.00"
2019-07-28,2019072801004833,ADBL,10,38,35,425.00,"14,875.00"
2019-07-28,2019072801005104,AKJCL,38,16,10,69.00,690.00
2019-07-28,2019072801005074,AKJCL,57,22,20,68.00,"1,360.00"
2019-07-28,2019072801004946,AKJCL,57,22,20,68.00,"1,360.00"
2019-07-28,2019072801004940,AKJCL,57,22,10,68.00,680.00
2019-07-28,2019072801004919,AKJCL,57,22,20,68.00,"1,360.00"
2019-07-28,2019072801004853,AKJCL,57,48,20,68.00,"1,360.00"
2019-07-28,2019072801005083,AKPL,10,22,10,170.00,"1,700.00"
2019-07-28,2019072801004710,AKPL,10,22,300,171.00,"51,300.00"
2019-07-28,2019072801005174,ALBSL,22,34,20,402.00,"8,040.00"
2019-07-28,2019072801005173,ALBSL,22,34,10,402.00,"4,020.00"
2019-07-28,2019072801005172,ALBSL,22,34,10,402.00,"4,020.00"
2019-07-28,2019072801005075,ALBSL,48,58,10,402.00,"4,020.00"
2019-07-28,2019072801005062,ALBSL,48,34,10,402.00,"4,020.00"
2019-07-28,2019072801004834,ALBSL,50,57,20,403.00,"8,060.00"
2019-07-28,2019072801004781,ALBSL,29,11,10,404.00,"4,040.00"
2019-07-28,2019072801004780,ALBSL,29,53,10,404.00,"4,040.00"
2019-07-28,2019072801005039,ALBSL,48,58,10,402.00,"4,020.00"
2019-07-28,2019072801005032,ALBSL,48,34,10,402.00,"4,020.00"
2019-07-28,2019072801005024,ALBSL,48,33,50,402.00,"20,100.00"
2019-07-28,2019072801004864,ALBSL,48,57,110,402.00,"44,220.00"
2019-07-28,2019072801004863,ALBSL,38,57,10,402.00,"4,020.00"
2019-07-28,2019072801004862,ALBSL,14,57,100,402.00,"40,200.00"
2019-07-28,2019072801004905,ALICL,41,45,60,370.00,"22,200.00"
2019-07-28,2019072801004769,API,25,29,10,140.00,"1,400.00"
2019-07-28,2019072801005045,BBC,48,38,10,"1,489.00","14,890.00"
2019-07-28,2019072801004797,BFC,4,22,70,100.00,"7,000.00"
2019-07-28,2019072801005019,BOKL,26,20,100,263.00,"26,300.00"
2019-07-28,2019072801004907,BOKL,56,22,86,262.00,"22,532.00"
2019-07-28,2019072801005170,CBL,33,44,550,154.00,"84,700.00"
2019-07-28,2019072801005141,CBL,48,44,"2,000",154.00,"308,000.00"
2019-07-28,2019072801005117,CBL,17,44,150,154.00,"23,100.00"
2019-07-28,2019072801005116,CBL,17,40,50,154.00,"7,700.00"
2019-07-28,2019072801005069,CBL,33,48,"1,100",154.00,"169,400.00"
2019-07-28,2019072801005068,CBL,33,48,400,154.00,"61,600.00"
2019-07-28,2019072801005067,CBL,33,44,"2,950",154.00,"454,300.00"
2019-07-28,2019072801005049,CBL,56,44,50,154.00,"7,700.00"
2019-07-28,2019072801005128,CCBL,42,58,29,170.00,"4,930.00"
2019-07-28,2019072801004842,CCBL,42,33,286,170.00,"48,620.00"
2019-07-28,2019072801004841,CCBL,45,33,193,170.00,"32,810.00"
2019-07-28,2019072801004840,CCBL,8,33,"1,000",170.00,"170,000.00"
2019-07-28,2019072801004839,CCBL,32,33,100,170.00,"17,000.00"
2019-07-28,2019072801004838,CCBL,21,33,200,170.00,"34,000.00"
2019-07-28,2019072801004837,CCBL,38,33,500,170.00,"85,000.00"
2019-07-28,2019072801004836,CCBL,38,33,162,170.00,"27,540.00"
2019-07-28,2019072801004878,CFCL,41,45,40,117.00,"4,680.00"
2019-07-28,2019072801004777,CHCL,50,44,892,510.00,"454,920.00"
2019-07-28,2019072801004743,CHCL,50,17,20,510.00,"10,200.00"
2019-07-28,2019072801005004,CORBL,56,13,190,124.00,"23,560.00"
2019-07-28,2019072801004723,CORBL,38,13,100,124.00,"12,400.00"
2019-07-28,2019072801005015,CZBIL,43,22,10,221.00,"2,210.00"
2019-07-28,2019072801004922,CZBIL,19,35,50,222.00,"11,100.00"
2019-07-28,2019072801005143,DBBL,1,29,188,144.00,"27,072.00"
2019-07-28,2019072801005142,DBBL,49,29,312,144.00,"44,928.00"
2019-07-28,2019072801005127,DDBL,42,14,80,735.00,"58,800.00"
2019-07-28,2019072801004823,EBL,58,26,200,660.00,"132,000.00"
2019-07-28,2019072801004779,EBL,58,58,84,660.00,"55,440.00"
2019-07-28,2019072801004778,EBL,57,58,66,660.00,"43,560.00"
2019-07-28,2019072801004741,EBL,57,36,15,660.00,"9,900.00"
2019-07-28,2019072801004704,EBL,57,26,19,660.00,"12,540.00"
2019-07-28,2019072801004703,EBL,58,26,100,660.00,"66,000.00"
2019-07-28,2019072801004702,EBL,14,26,50,661.00,"33,050.00"
2019-07-28,2019072801005147,FMDBL,59,3,260,379.00,"98,540.00"
2019-07-28,2019072801005135,FMDBL,59,38,500,378.00,"189,000.00"
2019-07-28,2019072801005030,FMDBL,6,38,"1,000",378.00,"378,000.00"
2019-07-28,2019072801004890,FMDBL,59,22,65,376.00,"24,440.00"
2019-07-28,2019072801004889,FMDBL,53,22,35,376.00,"13,160.00"
2019-07-28,2019072801004796,GBBL,4,33,50,222.00,"11,100.00"
2019-07-28,2019072801004910,GDBL,52,32,200,211.00,"42,200.00"
2019-07-28,2019072801004909,GDBL,22,32,50,211.00,"10,550.00"
2019-07-28,2019072801004908,GDBL,14,32,850,211.00,"179,350.00"
2019-07-28,2019072801004813,GILB,34,36,10,697.00,"6,970.00"
2019-07-28,2019072801004812,GILB,44,36,200,698.00,"139,600.00"
2019-07-28,2019072801004811,GILB,39,36,80,700.00,"56,000.00"
2019-07-28,2019072801004810,GILB,49,36,200,705.00,"141,000.00"
2019-07-28,2019072801004785,GILB,57,47,30,708.00,"21,240.00"
2019-07-28,2019072801004714,GILB,57,52,20,708.00,"14,160.00"
2019-07-28,2019072801005175,GMFBS,33,44,10,517.00,"5,170.00"
2019-07-28,2019072801004951,GMFBS,39,26,112,525.00,"58,800.00"
2019-07-28,2019072801004938,GMFBS,38,26,"1,478",525.00,"775,950.00"
2019-07-28,2019072801004937,GMFBS,38,13,100,525.00,"52,500.00"
2019-07-28,2019072801004936,GMFBS,38,38,200,525.00,"105,000.00"
2019-07-28,2019072801004935,GMFBS,38,1,110,524.00,"57,640.00"
2019-07-28,2019072801004928,GMFBS,38,40,10,523.00,"5,230.00"
2019-07-28,2019072801004927,GMFBS,38,40,10,523.00,"5,230.00"
2019-07-28,2019072801004926,GMFBS,38,21,50,523.00,"26,150.00"
2019-07-28,2019072801004873,GMFBS,39,14,80,522.00,"41,760.00"
2019-07-28,2019072801004872,GMFBS,39,40,90,522.00,"46,980.00"
2019-07-28,2019072801004756,GMFBS,38,54,10,514.00,"5,140.00"
2019-07-28,2019072801004934,GMFBS,38,35,100,524.00,"52,400.00"
2019-07-28,2019072801004933,GMFBS,38,14,32,524.00,"16,768.00"
2019-07-28,2019072801004932,GMFBS,38,40,10,523.00,"5,230.00"
2019-07-28,2019072801004931,GMFBS,38,40,10,523.00,"5,230.00"
2019-07-28,2019072801004930,GMFBS,38,40,10,523.00,"5,230.00"
2019-07-28,2019072801004929,GMFBS,38,40,10,523.00,"5,230.00"
2019-07-28,2019072801004972,HDL,32,38,10,"1,578.00","15,780.00"
2019-07-28,2019072801004711,HGI,5,22,60,345.00,"20,700.00"
2019-07-28,2019072801004871,HIDCL,17,51,10,157.00,"1,570.00"
2019-07-28,2019072801004865,HIDCL,17,51,10,157.00,"1,570.00"
2019-07-28,2019072801004770,HIDCL,17,51,10,157.00,"1,570.00"
2019-07-28,2019072801004742,HIDCL,8,52,61,156.00,"9,516.00"
2019-07-28,2019072801004720,HIDCL,8,14,"1,000",156.00,"156,000.00"
2019-07-28,2019072801005087,HPPL,14,22,10,171.00,"1,710.00"
2019-07-28,2019072801004771,HPPL,14,38,20,171.00,"3,420.00"
2019-07-28,2019072801004994,HURJA,59,33,760,131.00,"99,560.00"
2019-07-28,2019072801004993,HURJA,47,33,200,131.00,"26,200.00"
2019-07-28,2019072801004992,HURJA,14,33,100,131.00,"13,100.00"
2019-07-28,2019072801004991,HURJA,34,33,200,131.00,"26,200.00"
2019-07-28,2019072801004990,HURJA,3,33,50,131.00,"6,550.00"
2019-07-28,2019072801004989,HURJA,42,33,350,131.00,"45,850.00"
2019-07-28,2019072801004982,HURJA,7,33,240,133.00,"31,920.00"
2019-07-28,2019072801004981,HURJA,10,33,10,134.00,"1,340.00"
2019-07-28,2019072801004920,HURJA,33,42,10,136.00,"1,360.00"
2019-07-28,2019072801004988,HURJA,45,33,90,131.00,"11,790.00"
2019-07-28,2019072801004987,HURJA,26,33,500,132.00,"66,000.00"
2019-07-28,2019072801004986,HURJA,37,33,100,132.00,"13,200.00"
2019-07-28,2019072801004985,HURJA,11,33,100,132.00,"13,200.00"
2019-07-28,2019072801004984,HURJA,58,33,"2,730",132.00,"360,360.00"
2019-07-28,2019072801004983,HURJA,10,33,"1,000",133.00,"133,000.00"
2019-07-28,2019072801004776,IGI,41,37,10,347.00,"3,470.00"
2019-07-28,2019072801005077,IGI,6,45,30,347.00,"10,410.00"
