Date,Transact. No.,Symbol,Buyer,Seller,Quantity,Rate,Amount
2019-11-27,2019112701003211,ADBL,44,40,228,409.00,"93,252.00"
2019-11-27,2019112701003157,ADBL,44,51,"1,000",409.00,"409,000.00"
2019-11-27,2019112701003156,ADBL,44,40,196,408.00,"79,968.00"
2019-11-27,2019112701003155,ADBL,44,10,11,408.00,"4,488.00"
2019-11-27,2019112701003117,ADBL,49,50,74,407.00,"30,118.00"
2019-11-27,2019112701003116,ADBL,49,6,58,407.00,"23,606.00"
2019-11-27,2019112701003115,ADBL,49,52,200,407.00,"81,400.00"
2019-11-27,2019112701003114,ADBL,49,43,13,407.00,"5,291.00"
2019-11-27,2019112701003099,ADBL,49,46,53,406.00,"21,518.00"
2019-11-27,2019112701003435,AHPC,28,37,10,98.00,980.00
2019-11-27,2019112701003389,AHPC,28,37,10,97.00,970.00
2019-11-27,2019112701003349,AHPC,52,29,100,96.00,"9,600.00"
2019-11-27,2019112701003348,AHPC,52,8,225,96.00,"21,600.00"
2019-11-27,2019112701003347,AHPC,52,42,100,96.00,"9,600.00"
2019-11-27,2019112701003278,AHPC,6,38,314,95.00,"29,830.00"
2019-11-27,2019112701003491,AKBSL,43,41,10,430.00,"4,300.00"
2019-11-27,2019112701003490,AKBSL,43,43,10,430.00,"4,300.00"
2019-11-27,2019112701003489,AKBSL,43,38,10,429.00,"4,290.00"
2019-11-27,2019112701003488,AKBSL,43,34,20,427.00,"8,540.00"
2019-11-27,2019112701003460,AKBSL,43,17,10,425.00,"4,250.00"
2019-11-27,2019112701003404,AKBSL,43,17,10,425.00,"4,250.00"
2019-11-27,2019112701003346,AKBSL,43,17,10,425.00,"4,250.00"
2019-11-27,2019112701003447,AKPL,37,41,70,116.00,"8,120.00"
2019-11-27,2019112701003208,AKPL,37,38,20,116.00,"2,320.00"
2019-11-27,2019112701003207,AKPL,6,38,190,116.00,"22,040.00"
2019-11-27,2019112701003101,AKPL,6,25,200,116.00,"23,200.00"
2019-11-27,2019112701003589,ALBSL,48,51,50,395.00,"19,750.00"
2019-11-27,2019112701003394,ALICL,39,42,40,316.00,"12,640.00"
2019-11-27,2019112701003558,API,6,44,12,104.00,"1,248.00"
2019-11-27,2019112701003557,API,6,44,13,104.00,"1,352.00"
2019-11-27,2019112701003535,API,6,44,25,104.00,"2,600.00"
2019-11-27,2019112701003154,BNT,58,38,10,"6,150.00","61,500.00"
2019-11-27,2019112701003570,BOKL,42,5,10,217.00,"2,170.00"
2019-11-27,2019112701003513,BOKL,46,5,100,213.00,"21,300.00"
2019-11-27,2019112701003512,BOKL,29,5,25,213.00,"5,325.00"
2019-11-27,2019112701003511,BOKL,43,5,120,213.00,"25,560.00"
2019-11-27,2019112701003510,BOKL,55,5,200,213.00,"42,600.00"
2019-11-27,2019112701003509,BOKL,14,5,100,213.00,"21,300.00"
2019-11-27,2019112701003188,BOKL,52,16,584,216.00,"126,144.00"
2019-11-27,2019112701003118,BOKL,43,5,500,217.00,"108,500.00"
2019-11-27,2019112701003502,BOKL,13,5,200,215.00,"43,000.00"
2019-11-27,2019112701003501,BOKL,13,5,200,215.00,"43,000.00"
2019-11-27,2019112701003500,BOKL,32,5,200,215.00,"43,000.00"
2019-11-27,2019112701003499,BOKL,42,5,30,215.00,"6,450.00"
2019-11-27,2019112701003498,BOKL,57,5,43,215.00,"9,245.00"
2019-11-27,2019112701003470,BOKL,57,16,57,215.00,"12,255.00"
2019-11-27,2019112701003508,BOKL,37,5,500,213.00,"106,500.00"
2019-11-27,2019112701003507,BOKL,32,5,500,214.00,"107,000.00"
2019-11-27,2019112701003506,BOKL,25,5,60,214.00,"12,840.00"
2019-11-27,2019112701003505,BOKL,45,5,250,214.00,"53,500.00"
2019-11-27,2019112701003504,BOKL,43,5,56,214.00,"11,984.00"
2019-11-27,2019112701003503,BOKL,35,5,20,215.00,"4,300.00"
2019-11-27,2019112701003248,BPCL,20,59,33,348.00,"11,484.00"
2019-11-27,2019112701003221,BPCL,20,22,41,348.00,"14,268.00"
2019-11-27,2019112701003138,BPCL,20,38,111,348.00,"38,628.00"
2019-11-27,2019112701003137,BPCL,20,34,400,348.00,"139,200.00"
2019-11-27,2019112701003569,CBBL,43,42,35,982.00,"34,370.00"
2019-11-27,2019112701003418,CBBL,43,34,50,984.00,"49,200.00"
2019-11-27,2019112701003339,CBBL,41,34,100,984.00,"98,400.00"
2019-11-27,2019112701003311,CBBL,41,34,100,984.00,"98,400.00"
2019-11-27,2019112701003305,CBBL,6,34,110,984.00,"108,240.00"
2019-11-27,2019112701003304,CBBL,6,42,890,984.00,"875,760.00"
2019-11-27,2019112701003301,CBBL,41,42,110,984.00,"108,240.00"
2019-11-27,2019112701003220,CBBL,7,42,"1,000",984.00,"984,000.00"
2019-11-27,2019112701003179,CBBL,6,42,"1,000",984.00,"984,000.00"
2019-11-27,2019112701003178,CBBL,6,42,340,984.00,"334,560.00"
2019-11-27,2019112701003393,CBL,17,32,500,136.00,"68,000.00"
2019-11-27,2019112701003161,CBL,11,1,500,135.00,"67,500.00"
2019-11-27,2019112701003160,CBL,33,32,25,136.00,"3,400.00"
2019-11-27,2019112701003107,CBL,11,38,157,135.00,"21,195.00"
2019-11-27,2019112701003106,CBL,40,38,843,135.00,"113,805.00"
2019-11-27,2019112701003277,CCBL,22,38,454,160.00,"72,640.00"
2019-11-27,2019112701003276,CCBL,54,38,36,160.00,"5,760.00"
2019-11-27,2019112701003275,CCBL,35,38,10,160.00,"1,600.00"
2019-11-27,2019112701003412,CCBL,22,39,6,160.00,960.00
2019-11-27,2019112701003411,CCBL,22,38,40,160.00,"6,400.00"
2019-11-27,2019112701003568,CHCL,57,56,497,357.00,"177,429.00"
2019-11-27,2019112701003290,CHCL,57,51,66,357.00,"23,562.00"
2019-11-27,2019112701003241,CHCL,57,56,178,357.00,"63,546.00"
2019-11-27,2019112701003240,CHCL,57,1,200,357.00,"71,400.00"
2019-11-27,2019112701003239,CHCL,57,42,59,356.00,"21,004.00"
2019-11-27,2019112701003577,CLBSL,7,22,17,458.00,"7,786.00"
2019-11-27,2019112701003108,CMF1,43,39,"1,000",8.68,"8,680.00"
2019-11-27,2019112701003598,CZBIL,16,44,500,180.00,"90,000.00"
2019-11-27,2019112701003540,CZBIL,16,16,93,180.00,"16,740.00"
2019-11-27,2019112701003539,CZBIL,42,16,294,180.00,"52,920.00"
2019-11-27,2019112701003582,DBBL,26,6,200,122.00,"24,400.00"
2019-11-27,2019112701003218,DDBL,47,6,65,734.00,"47,710.00"
2019-11-27,2019112701003217,DDBL,47,50,10,733.00,"7,330.00"
2019-11-27,2019112701003228,EBL,42,32,200,545.00,"109,000.00"
2019-11-27,2019112701003473,FMDBL,57,21,10,305.00,"3,050.00"
2019-11-27,2019112701003300,FOWAD,47,53,300,"1,330.00","399,000.00"
2019-11-27,2019112701003533,GBBL,1,33,200,224.00,"44,800.00"
2019-11-27,2019112701003492,GBBL,49,33,100,224.00,"22,400.00"
2019-11-27,2019112701003231,GBBL,47,33,125,224.00,"28,000.00"
2019-11-27,2019112701003215,GBBL,1,33,300,224.00,"67,200.00"
2019-11-27,2019112701003213,GFCL,43,49,175,130.00,"22,750.00"
2019-11-27,2019112701003454,GGBSL,46,42,10,638.00,"6,380.00"
2019-11-27,2019112701003453,GGBSL,46,8,10,638.00,"6,380.00"
2019-11-27,2019112701003422,GGBSL,36,58,10,633.00,"6,330.00"
2019-11-27,2019112701003396,GGBSL,22,47,10,637.00,"6,370.00"
2019-11-27,2019112701003395,GGBSL,22,57,10,636.00,"6,360.00"
2019-11-27,2019112701003362,GGBSL,36,58,10,633.00,"6,330.00"
2019-11-27,2019112701003351,GGBSL,48,47,10,635.00,"6,350.00"
2019-11-27,2019112701003267,GGBSL,36,26,10,633.00,"6,330.00"
2019-11-27,2019112701003429,GLBSL,58,50,10,408.00,"4,080.00"
2019-11-27,2019112701003246,GLBSL,22,42,100,401.00,"40,100.00"
2019-11-27,2019112701003245,GLBSL,22,50,50,401.00,"20,050.00"
2019-11-27,2019112701003109,GLBSL,22,50,20,394.00,"7,880.00"
2019-11-27,2019112701003524,GLICL,25,50,10,354.00,"3,540.00"
2019-11-27,2019112701003523,GLICL,25,32,116,350.00,"40,600.00"
2019-11-27,2019112701003466,GLICL,10,58,20,348.00,"6,960.00"
2019-11-27,2019112701003440,GLICL,49,57,19,350.00,"6,650.00"
2019-11-27,2019112701003378,GLICL,49,45,11,350.00,"3,850.00"
2019-11-27,2019112701003268,GMFBS,33,7,90,491.00,"44,190.00"
2019-11-27,2019112701003459,GMFIL,50,46,227,113.00,"25,651.00"
2019-11-27,2019112701003205,GRDBL,7,6,50,100.00,"5,000.00"
2019-11-27,2019112701003199,GRDBL,7,6,50,100.00,"5,000.00"
2019-11-27,2019112701003189,GRDBL,7,6,50,100.00,"5,000.00"
2019-11-27,2019112701003177,GRDBL,7,6,50,100.00,"5,000.00"
2019-11-27,2019112701003134,GRDBL,7,29,55,100.00,"5,500.00"
2019-11-27,2019112701003421,GUFL,56,34,10,116.00,"1,160.00"
2019-11-27,2019112701003309,GUFL,56,8,20,114.00,"2,280.00"
2019-11-27,2019112701003136,GUFL,58,8,10,112.00,"1,120.00"
2019-11-27,2019112701003135,GUFL,58,58,113,110.00,"12,430.00"
2019-11-27,2019112701003359,HBL,59,5,300,474.00,"142,200.00"
2019-11-27,2019112701003358,HBL,42,5,100,474.00,"47,400.00"
2019-11-27,2019112701003219,HBL,22,5,100,475.00,"47,500.00"
2019-11-27,2019112701003203,HBL,13,5,159,475.00,"75,525.00"
2019-11-27,2019112701003593,HDL,58,48,70,"1,788.00","125,160.00"
2019-11-27,2019112701003592,HDL,58,50,30,"1,787.00","53,610.00"
2019-11-27,2019112701003591,HDL,58,17,50,"1,787.00","89,350.00"
2019-11-27,2019112701003590,HDL,58,17,50,"1,786.00","89,300.00"
2019-11-27,2019112701003578,HDL,57,44,10,"1,782.00","17,820.00"
2019-11-27,2019112701003550,HDL,49,17,50,"1,785.00","89,250.00"
2019-11-27,2019112701003306,HDL,53,17,50,"1,780.00","89,000.00"
2019-11-27,2019112701003549,HDL,13,53,200,"1,781.00","356,200.00"
2019-11-27,2019112701003545,HDL,13,17,30,"1,781.00","53,430.00"
2019-11-27,2019112701003494,HDL,13,17,50,"1,781.00","89,050.00"
2019-11-27,2019112701003471,HDL,13,48,100,"1,781.00","178,100.00"
2019-11-27,2019112701003467,HDL,13,6,50,"1,781.00","89,050.00"
2019-11-27,2019112701003400,HDL,53,25,50,"1,780.00","89,000.00"
2019-11-27,2019112701003397,HIDCL,1,42,39,133.00,"5,187.00"
2019-11-27,2019112701003541,ILBS,52,45,60,485.00,"29,100.00"
2019-11-27,2019112701003449,ILBS,39,32,10,487.00,"4,870.00"
2019-11-27,2019112701003448,ILBS,39,25,50,486.00,"24,300.00"
2019-11-27,2019112701003295,ILBS,52,39,26,483.00,"12,558.00"
2019-11-27,2019112701003294,ILBS,39,39,104,483.00,"50,232.00"
2019-11-27,2019112701003293,ILBS,57,39,210,485.00,"101,850.00"
2019-11-27,2019112701003232,ILBS,57,42,10,485.00,"4,850.00"
2019-11-27,2019112701003147,ILBS,57,56,80,485.00,"38,800.00"
2019-11-27,2019112701003487,JBBL,57,13,200,158.00,"31,600.00"
2019-11-27,2019112701003486,JBBL,52,13,"1,000",158.00,"158,000.00"
2019-11-27,2019112701003485,JBBL,42,13,659,158.00,"104,122.00"
2019-11-27,2019112701003446,JFL,43,42,20,190.00,"3,800.00"
2019-11-27,2019112701003595,JSLBB,34,38,20,"1,201.00","24,020.00"
2019-11-27,2019112701003563,JSLBB,49,47,100,"1,188.00","118,800.00"
2019-11-27,2019112701003562,JSLBB,49,1,22,"1,185.00","26,070.00"
2019-11-27,2019112701003561,JSLBB,49,22,70,"1,185.00","82,950.00"
2019-11-27,2019112701003560,JSLBB,49,13,50,"1,180.00","59,000.00"
2019-11-27,2019112701003458,JSLBB,34,22,50,"1,178.00","58,900.00"
2019-11-27,2019112701003457,JSLBB,34,17,90,"1,175.00","105,750.00"
2019-11-27,2019112701003456,JSLBB,34,34,30,"1,174.00","35,220.00"
2019-11-27,2019112701003455,JSLBB,34,17,10,"1,170.00","11,700.00"
2019-11-27,2019112701003281,JSLBB,5,17,10,"1,170.00","11,700.00"
2019-11-27,2019112701003542,KBL,58,46,10,180.00,"1,800.00"
2019-11-27,2019112701003247,KBL,13,1,150,178.00,"26,700.00"
2019-11-27,2019112701003313,KPCL,34,56,100,81.00,"8,100.00"
2019-11-27,2019112701003484,KSBBL,38,33,100,133.00,"13,300.00"
2019-11-27,2019112701003298,KSBBL,38,21,"1,427",133.00,"189,791.00"
2019-11-27,2019112701003297,KSBBL,33,21,73,134.00,"9,782.00"
2019-11-27,2019112701003131,LBL,6,17,"1,000",217.00,"217,000.00"
2019-11-27,2019112701003130,LBL,6,32,435,217.00,"94,395.00"
2019-11-27,2019112701003424,LICN,25,28,10,915.00,"9,150.00"
2019-11-27,2019112701003419,LICN,25,47,17,915.00,"15,555.00"
2019-11-27,2019112701003210,LICN,25,40,150,912.00,"136,800.00"
2019-11-27,2019112701003153,LICN,25,40,16,912.00,"14,592.00"
2019-11-27,2019112701003183,LLBS,50,1,24,569.00,"13,656.00"
2019-11-27,2019112701003182,LLBS,43,1,50,572.00,"28,600.00"
2019-11-27,2019112701003537,MBL,50,32,462,215.00,"99,330.00"
2019-11-27,2019112701003430,MBL,14,32,200,215.00,"43,000.00"
2019-11-27,2019112701003376,MBL,6,32,100,215.00,"21,500.00"
2019-11-27,2019112701003365,MBL,1,29,102,216.00,"22,032.00"
2019-11-27,2019112701003364,MBL,1,11,358,216.00,"77,328.00"
2019-11-27,2019112701003252,MBL,14,11,50,216.00,"10,800.00"
2019-11-27,2019112701003113,MBL,33,11,30,216.00,"6,480.00"
2019-11-27,2019112701003112,MBL,33,40,70,216.00,"15,120.00"
2019-11-27,2019112701003299,MDB,41,59,30,240.00,"7,200.00"
2019-11-27,2019112701003462,MEGA,47,13,50,182.00,"9,100.00"
2019-11-27,2019112701003452,MEGA,25,13,100,182.00,"18,200.00"
2019-11-27,2019112701003439,MEGA,43,36,100,181.00,"18,100.00"
2019-11-27,2019112701003434,MEGA,43,13,10,182.00,"1,820.00"
2019-11-27,2019112701003416,MEGA,43,6,757,181.00,"137,017.00"
2019-11-27,2019112701003202,MEGA,43,13,10,182.00,"1,820.00"
2019-11-27,2019112701003415,MEGA,59,6,50,181.00,"9,050.00"
2019-11-27,2019112701003414,MEGA,22,6,300,181.00,"54,300.00"
2019-11-27,2019112701003413,MEGA,37,6,16,181.00,"2,896.00"
2019-11-27,2019112701003398,MERO,10,17,20,413.00,"8,260.00"
2019-11-27,2019112701003390,MERO,10,44,33,410.00,"13,530.00"
2019-11-27,2019112701003337,MHNL,49,13,30,76.00,"2,280.00"
2019-11-27,2019112701003581,MLBL,36,4,10,176.00,"1,760.00"
2019-11-27,2019112701003175,MLBL,14,16,10,173.00,"1,730.00"
2019-11-27,2019112701003206,MNBBL,4,34,80,315.00,"25,200.00"
2019-11-27,2019112701003181,MNBBL,4,34,100,315.00,"31,500.00"
2019-11-27,2019112701003144,MNBBL,4,34,82,315.00,"25,830.00"
2019-11-27,2019112701003143,MNBBL,4,42,18,315.00,"5,670.00"
2019-11-27,2019112701003124,MNBBL,4,42,222,315.00,"69,930.00"
2019-11-27,2019112701003123,MNBBL,4,1,100,314.00,"31,400.00"
2019-11-27,2019112701003122,MNBBL,4,48,278,314.00,"87,292.00"
2019-11-27,2019112701003184,MSMBS,52,22,22,475.00,"10,450.00"
2019-11-27,2019112701003546,NABIL,49,6,50,732.00,"36,600.00"
2019-11-27,2019112701003289,NABIL,57,1,100,731.00,"73,100.00"
2019-11-27,2019112701003201,NABIL,6,6,10,732.00,"7,320.00"
2019-11-27,2019112701003129,NABIL,52,32,134,730.00,"97,820.00"
2019-11-27,2019112701003128,NABIL,16,32,10,730.00,"7,300.00"
2019-11-27,2019112701003127,NABIL,39,32,25,730.00,"18,250.00"
2019-11-27,2019112701003555,NBL,6,16,310,315.00,"97,650.00"
2019-11-27,2019112701003554,NBL,6,47,190,315.00,"59,850.00"
2019-11-27,2019112701003538,NBL,43,47,10,315.00,"3,150.00"
2019-11-27,2019112701003417,NBL,10,45,"2,000",314.00,"628,000.00"
2019-11-27,2019112701003406,NBL,59,47,"1,000",315.00,"315,000.00"
2019-11-27,2019112701003368,NBL,10,34,100,314.00,"31,400.00"
2019-11-27,2019112701003357,NBL,10,34,100,314.00,"31,400.00"
2019-11-27,2019112701003150,NBL,26,47,300,315.00,"94,500.00"
2019-11-27,2019112701003145,NBL,59,47,"1,000",315.00,"315,000.00"
2019-11-27,2019112701003597,NCCB,58,34,10,200.00,"2,000.00"
2019-11-27,2019112701003580,NCCB,8,34,10,200.00,"2,000.00"
2019-11-27,2019112701003548,NCCB,8,34,10,200.00,"2,000.00"
2019-11-27,2019112701003420,NCCB,26,28,261,198.00,"51,678.00"
2019-11-27,2019112701003402,NCCB,32,28,"1,500",199.00,"298,500.00"
2019-11-27,2019112701003102,NCCB,32,44,347,199.00,"69,053.00"
2019-11-27,2019112701003461,NEF,11,38,"2,000",7.50,"15,000.00"
2019-11-27,2019112701003431,NGPL,53,56,11,107.00,"1,177.00"
2019-11-27,2019112701003482,NIB,29,43,57,417.00,"23,769.00"
2019-11-27,2019112701003481,NIB,52,43,300,417.00,"125,100.00"
2019-11-27,2019112701003480,NIB,57,43,167,417.00,"69,639.00"
2019-11-27,2019112701003464,NIB,57,49,83,417.00,"34,611.00"
2019-11-27,2019112701003463,NIB,14,49,17,417.00,"7,089.00"
2019-11-27,2019112701003341,NIB,14,53,10,417.00,"4,170.00"
2019-11-27,2019112701003532,NIBPO,8,8,"1,000",384.00,"384,000.00"
2019-11-27,2019112701003531,NIBPO,45,8,20,384.00,"7,680.00"
2019-11-27,2019112701003530,NIBPO,59,8,200,384.00,"76,800.00"
2019-11-27,2019112701003529,NIBPO,13,8,100,384.00,"38,400.00"
2019-11-27,2019112701003528,NIBPO,6,8,300,385.00,"115,500.00"
2019-11-27,2019112701003527,NIBPO,25,8,257,385.00,"98,945.00"
2019-11-27,2019112701003526,NIBPO,17,8,100,386.00,"38,600.00"
2019-11-27,2019112701003525,NIBPO,35,8,20,386.00,"7,720.00"
2019-11-27,2019112701003572,NICA,14,45,10,408.00,"4,080.00"
2019-11-27,2019112701003571,NICA,14,45,20,407.00,"8,140.00"
2019-11-27,2019112701003479,NICA,49,8,500,406.00,"203,000.00"
2019-11-27,2019112701003425,NICA,45,45,100,407.00,"40,700.00"
2019-11-27,2019112701003250,NICA,44,45,12,408.00,"4,896.00"
2019-11-27,2019112701003249,NICA,44,57,24,407.00,"9,768.00"
2019-11-27,2019112701003212,NICA,49,49,200,406.00,"81,200.00"
2019-11-27,2019112701003197,NICA,3,57,100,407.00,"40,700.00"
2019-11-27,2019112701003126,NICA,7,57,76,407.00,"30,932.00"
2019-11-27,2019112701003142,NICGF,50,39,"1,000",8.50,"8,500.00"
2019-11-27,2019112701003547,NIL,45,55,50,378.00,"18,900.00"
2019-11-27,2019112701003409,NIL,44,48,100,377.00,"37,700.00"
2019-11-27,2019112701003408,NIL,44,1,"3,158",377.00,"1,190,566.00"
2019-11-27,2019112701003407,NIL,44,44,560,376.00,"210,560.00"
2019-11-27,2019112701003385,NIL,13,39,138,374.00,"51,612.00"
2019-11-27,2019112701003336,NIL,45,21,220,374.00,"82,280.00"
2019-11-27,2019112701003125,NIL,4,32,52,375.00,"19,500.00"
2019-11-27,2019112701003238,NIL,4,21,100,374.00,"37,400.00"
2019-11-27,2019112701003237,NIL,4,21,80,375.00,"30,000.00"
2019-11-27,2019112701003236,NIL,4,21,100,375.00,"37,500.00"
2019-11-27,2019112701003235,NIL,4,21,500,375.00,"187,500.00"
2019-11-27,2019112701003216,NIL,6,16,44,376.00,"16,544.00"
2019-11-27,2019112701003209,NIL,6,26,56,376.00,"21,056.00"
2019-11-27,2019112701003594,NLIC,4,8,100,796.00,"79,600.00"
2019-11-27,2019112701003536,NLIC,4,25,100,796.00,"79,600.00"
2019-11-27,2019112701003451,NLIC,4,34,200,797.00,"159,400.00"
2019-11-27,2019112701003438,NLIC,1,7,15,801.00,"12,015.00"
2019-11-27,2019112701003405,NLIC,57,20,100,800.00,"80,000.00"
2019-11-27,2019112701003361,NLIC,4,17,100,800.00,"80,000.00"
2019-11-27,2019112701003360,NLIC,4,57,100,800.00,"80,000.00"
2019-11-27,2019112701003169,NLIC,4,32,25,796.00,"19,900.00"
2019-11-27,2019112701003103,NLIC,57,7,125,801.00,"100,125.00"
2019-11-27,2019112701003230,NLICL,43,56,10,427.00,"4,270.00"
2019-11-27,2019112701003195,NLICL,35,56,"1,000",421.00,"421,000.00"
2019-11-27,2019112701003575,NMB,6,48,128,383.00,"49,024.00"
2019-11-27,2019112701003574,NMB,6,6,372,383.00,"142,476.00"
2019-11-27,2019112701003465,NMB,38,28,220,382.00,"84,040.00"
2019-11-27,2019112701003437,NMB,19,6,40,383.00,"15,320.00"
2019-11-27,2019112701003426,NMB,57,6,200,383.00,"76,600.00"
2019-11-27,2019112701003403,NMB,44,6,388,383.00,"148,604.00"
2019-11-27,2019112701003121,NMB,4,21,100,384.00,"38,400.00"
2019-11-27,2019112701003100,NMB,44,21,24,384.00,"9,216.00"
2019-11-27,2019112701003185,NMB,37,32,64,383.00,"24,512.00"
2019-11-27,2019112701003173,NMB,4,39,100,384.00,"38,400.00"
2019-11-27,2019112701003167,NMB,17,39,34,384.00,"13,056.00"
2019-11-27,2019112701003166,NMB,17,22,140,384.00,"53,760.00"
2019-11-27,2019112701003165,NMB,17,21,26,384.00,"9,984.00"
2019-11-27,2019112701003158,NMB,4,21,150,384.00,"57,600.00"
2019-11-27,2019112701003291,NMB,58,40,200,383.00,"76,600.00"
2019-11-27,2019112701003274,NMB,44,32,50,383.00,"19,150.00"
2019-11-27,2019112701003273,NMB,4,32,458,383.00,"175,414.00"
2019-11-27,2019112701003204,NMB,4,39,80,384.00,"30,720.00"
2019-11-27,2019112701003191,NMB,42,39,56,384.00,"21,504.00"
2019-11-27,2019112701003186,NMB,4,32,242,383.00,"92,686.00"
2019-11-27,2019112701003392,NMB,44,44,"1,612",383.00,"617,396.00"
2019-11-27,2019112701003383,NMB,50,44,100,383.00,"38,300.00"
2019-11-27,2019112701003382,NMB,45,44,100,383.00,"38,300.00"
2019-11-27,2019112701003381,NMB,17,44,288,383.00,"110,304.00"
2019-11-27,2019112701003380,NMB,26,44,100,383.00,"38,300.00"
2019-11-27,2019112701003379,NMB,58,44,800,383.00,"306,400.00"
2019-11-27,2019112701003472,NMBHF1,43,16,"10,000",8.70,"87,000.00"
2019-11-27,2019112701003588,NMFBS,48,16,20,"1,802.00","36,040.00"
2019-11-27,2019112701003587,NMFBS,48,11,15,"1,801.00","27,015.00"
2019-11-27,2019112701003586,NMFBS,48,11,15,"1,801.00","27,015.00"
2019-11-27,2019112701003585,NMFBS,48,8,30,"1,801.00","54,030.00"
2019-11-27,2019112701003584,NMFBS,48,17,15,"1,800.00","27,000.00"
2019-11-27,2019112701003493,NMFBS,39,17,10,"1,800.00","18,000.00"
2019-11-27,2019112701003314,NMFBS,45,8,100,"1,801.00","180,100.00"
2019-11-27,2019112701003225,NMFBS,17,8,30,"1,801.00","54,030.00"
2019-11-27,2019112701003172,NMFBS,52,41,13,"1,800.00","23,400.00"
2019-11-27,2019112701003171,NMFBS,52,26,28,"1,800.00","50,400.00"
2019-11-27,2019112701003170,NMFBS,52,6,50,"1,799.00","89,950.00"
2019-11-27,2019112701003111,NMFBS,8,6,50,"1,795.00","89,750.00"
2019-11-27,2019112701003478,NTC,43,47,10,634.00,"6,340.00"
2019-11-27,2019112701003477,NTC,43,34,70,630.00,"44,100.00"
2019-11-27,2019112701003387,NTC,52,42,105,626.00,"65,730.00"
2019-11-27,2019112701003269,NTC,28,34,20,630.00,"12,600.00"
2019-11-27,2019112701003180,NTC,52,58,20,626.00,"12,520.00"
2019-11-27,2019112701003151,NTC,52,32,75,626.00,"46,950.00"
2019-11-27,2019112701003263,NUBL,44,4,435,892.00,"388,020.00"
2019-11-27,2019112701003262,NUBL,44,5,789,890.00,"702,210.00"
2019-11-27,2019112701003261,NUBL,44,47,23,890.00,"20,470.00"
2019-11-27,2019112701003260,NUBL,44,53,19,889.00,"16,891.00"
2019-11-27,2019112701003259,NUBL,44,41,66,889.00,"58,674.00"
2019-11-27,2019112701003258,NUBL,44,4,40,889.00,"35,560.00"
2019-11-27,2019112701003257,NUBL,44,28,10,888.00,"8,880.00"
2019-11-27,2019112701003388,PCBL,34,44,16,273.00,"4,368.00"
2019-11-27,2019112701003370,PIC,52,34,10,343.00,"3,430.00"
2019-11-27,2019112701003255,PIC,28,34,104,343.00,"35,672.00"
2019-11-27,2019112701003254,PIC,28,40,16,342.00,"5,472.00"
2019-11-27,2019112701003253,PIC,28,43,30,342.00,"10,260.00"
2019-11-27,2019112701003193,PIC,16,43,40,342.00,"13,680.00"
2019-11-27,2019112701003469,PICL,57,38,390,360.00,"140,400.00"
2019-11-27,2019112701003468,PICL,14,38,100,361.00,"36,100.00"
2019-11-27,2019112701003401,PICL,34,34,100,362.00,"36,200.00"
2019-11-27,2019112701003285,PICL,26,11,50,362.00,"18,100.00"
2019-11-27,2019112701003194,PICL,56,32,100,364.00,"36,400.00"
2019-11-27,2019112701003433,PLIC,45,38,176,306.00,"53,856.00"
2019-11-27,2019112701003432,PLIC,10,38,86,306.00,"26,316.00"
2019-11-27,2019112701003312,PLIC,10,16,14,306.00,"4,284.00"
2019-11-27,2019112701003226,PLIC,43,16,86,306.00,"26,316.00"
2019-11-27,2019112701003120,PLIC,43,1,14,306.00,"4,284.00"
2019-11-27,2019112701003483,PRIN,46,42,11,301.00,"3,311.00"
2019-11-27,2019112701003534,PRVU,51,11,50,224.00,"11,200.00"
2019-11-27,2019112701003423,PRVU,25,11,100,224.00,"22,400.00"
2019-11-27,2019112701003377,PRVU,47,11,100,224.00,"22,400.00"
2019-11-27,2019112701003372,PRVU,55,41,756,223.00,"168,588.00"
2019-11-27,2019112701003340,PRVU,55,42,100,223.00,"22,300.00"
2019-11-27,2019112701003223,PRVU,55,40,24,223.00,"5,352.00"
2019-11-27,2019112701003222,PRVU,29,40,26,223.00,"5,798.00"
2019-11-27,2019112701003476,RBCL,33,6,20,"7,900.00","158,000.00"
2019-11-27,2019112701003353,RBCL,53,6,50,"7,900.00","395,000.00"
2019-11-27,2019112701003352,RBCL,33,6,10,"8,000.00","80,000.00"
2019-11-27,2019112701003224,RBCLPO,33,33,10,"7,216.00","72,160.00"
2019-11-27,2019112701003579,RHPC,4,38,100,77.00,"7,700.00"
2019-11-27,2019112701003428,RHPC,4,7,352,77.00,"27,104.00"
2019-11-27,2019112701003427,RHPC,47,7,42,77.00,"3,234.00"
2019-11-27,2019112701003284,RHPC,47,32,757,77.00,"58,289.00"
2019-11-27,2019112701003133,RHPC,47,32,700,77.00,"53,900.00"
2019-11-27,2019112701003596,RHPL,54,36,40,164.00,"6,560.00"
2019-11-27,2019112701003391,RHPL,45,21,70,165.00,"11,550.00"
2019-11-27,2019112701003371,RHPL,45,21,60,165.00,"9,900.00"
2019-11-27,2019112701003338,RHPL,43,18,300,166.00,"49,800.00"
2019-11-27,2019112701003327,RHPL,43,25,500,166.00,"83,000.00"
2019-11-27,2019112701003326,RHPL,43,45,500,166.00,"83,000.00"
2019-11-27,2019112701003296,RHPL,54,38,40,164.00,"6,560.00"
2019-11-27,2019112701003280,RHPL,54,38,40,164.00,"6,560.00"
2019-11-27,2019112701003251,RHPL,54,42,40,164.00,"6,560.00"
2019-11-27,2019112701003198,RHPL,54,22,70,164.00,"11,480.00"
2019-11-27,2019112701003319,RHPL,43,38,20,165.00,"3,300.00"
2019-11-27,2019112701003318,RHPL,43,38,20,165.00,"3,300.00"
2019-11-27,2019112701003317,RHPL,43,32,500,165.00,"82,500.00"
2019-11-27,2019112701003316,RHPL,43,45,50,165.00,"8,250.00"
2019-11-27,2019112701003315,RHPL,43,45,40,165.00,"6,600.00"
2019-11-27,2019112701003303,RHPL,54,38,40,164.00,"6,560.00"
2019-11-27,2019112701003325,RHPL,43,17,50,166.00,"8,300.00"
2019-11-27,2019112701003324,RHPL,43,59,324,166.00,"53,784.00"
2019-11-27,2019112701003323,RHPL,43,19,100,166.00,"16,600.00"
2019-11-27,2019112701003322,RHPL,43,44,40,165.00,"6,600.00"
2019-11-27,2019112701003321,RHPL,43,38,20,165.00,"3,300.00"
2019-11-27,2019112701003320,RHPL,43,38,20,165.00,"3,300.00"
2019-11-27,2019112701003497,RLFL,44,34,740,108.00,"79,920.00"
2019-11-27,2019112701003475,RMDC,41,34,12,581.00,"6,972.00"
2019-11-27,2019112701003375,RRHP,32,35,10,98.00,980.00
2019-11-27,2019112701003367,RRHP,32,4,10,98.00,980.00
2019-11-27,2019112701003328,RSDC,34,42,100,282.00,"28,200.00"
2019-11-27,2019112701003132,SADBL,17,59,70,137.00,"9,590.00"
2019-11-27,2019112701003272,SAEF,43,39,500,8.41,"4,205.00"
2019-11-27,2019112701003366,SANIMA,47,54,100,307.00,"30,700.00"
2019-11-27,2019112701003200,SAPDBL,52,51,102,118.00,"12,036.00"
2019-11-27,2019112701003522,SBI,36,11,312,380.00,"118,560.00"
2019-11-27,2019112701003521,SBI,56,11,397,381.00,"151,257.00"
2019-11-27,2019112701003520,SBI,59,11,200,381.00,"76,200.00"
2019-11-27,2019112701003519,SBI,51,11,10,382.00,"3,820.00"
2019-11-27,2019112701003518,SBI,29,11,78,382.00,"29,796.00"
2019-11-27,2019112701003517,SBI,29,11,78,382.00,"29,796.00"
2019-11-27,2019112701003105,SBI,47,17,100,383.00,"38,300.00"
2019-11-27,2019112701003104,SBI,34,17,40,384.00,"15,360.00"
2019-11-27,2019112701003516,SBI,29,11,78,382.00,"29,796.00"
2019-11-27,2019112701003515,SBI,29,11,24,382.00,"9,168.00"
2019-11-27,2019112701003514,SBI,29,11,185,382.00,"70,670.00"
2019-11-27,2019112701003244,SBI,56,11,400,383.00,"153,200.00"
2019-11-27,2019112701003243,SBI,56,49,100,383.00,"38,300.00"
2019-11-27,2019112701003110,SBI,29,17,11,382.00,"4,202.00"
2019-11-27,2019112701003436,SBL,22,57,50,281.00,"14,050.00"
2019-11-27,2019112701003576,SCB,57,13,100,528.00,"52,800.00"
2019-11-27,2019112701003559,SCB,40,43,20,529.00,"10,580.00"
2019-11-27,2019112701003355,SCB,57,42,19,528.00,"10,032.00"
2019-11-27,2019112701003354,SCB,41,42,15,528.00,"7,920.00"
2019-11-27,2019112701003264,SCB,42,32,200,529.00,"105,800.00"
2019-11-27,2019112701003495,SDESI,22,17,147,527.00,"77,469.00"
2019-11-27,2019112701003386,SDESI,36,51,144,533.00,"76,752.00"
2019-11-27,2019112701003286,SFFIL,6,45,25,170.00,"4,250.00"
2019-11-27,2019112701003450,SHIVM,39,26,500,399.00,"199,500.00"
2019-11-27,2019112701003356,SHIVM,25,25,200,399.00,"79,800.00"
2019-11-27,2019112701003335,SHIVM,5,25,100,400.00,"40,000.00"
2019-11-27,2019112701003333,SHIVM,25,48,100,402.00,"40,200.00"
2019-11-27,2019112701003332,SHIVM,25,22,100,402.00,"40,200.00"
2019-11-27,2019112701003331,SHIVM,25,34,200,402.00,"80,400.00"
2019-11-27,2019112701003330,SHIVM,25,43,100,402.00,"40,200.00"
2019-11-27,2019112701003164,SHIVM,52,57,100,402.00,"40,200.00"
2019-11-27,2019112701003163,SHIVM,52,45,200,401.00,"80,200.00"
2019-11-27,2019112701003162,SHIVM,52,32,200,401.00,"80,200.00"
2019-11-27,2019112701003474,SHL,49,13,100,209.00,"20,900.00"
2019-11-27,2019112701003410,SHL,54,13,100,209.00,"20,900.00"
2019-11-27,2019112701003345,SHL,41,13,100,209.00,"20,900.00"
2019-11-27,2019112701003192,SHL,6,13,500,209.00,"104,500.00"
2019-11-27,2019112701003384,SHPC,38,46,50,183.00,"9,150.00"
2019-11-27,2019112701003308,SHPC,38,28,400,183.00,"73,200.00"
2019-11-27,2019112701003307,SHPC,38,46,240,183.00,"43,920.00"
2019-11-27,2019112701003302,SHPC,32,46,50,183.00,"9,150.00"
2019-11-27,2019112701003292,SHPC,48,46,10,183.00,"1,830.00"
2019-11-27,2019112701003288,SHPC,48,59,50,182.00,"9,100.00"
2019-11-27,2019112701003344,SIC,33,32,30,424.00,"12,720.00"
2019-11-27,2019112701003343,SIC,33,40,41,424.00,"17,384.00"
2019-11-27,2019112701003342,SIC,25,40,10,424.00,"4,240.00"
2019-11-27,2019112701003282,SIL,25,45,20,376.00,"7,520.00"
2019-11-27,2019112701003271,SIL,4,56,50,375.00,"18,750.00"
2019-11-27,2019112701003270,SIL,4,56,44,375.00,"16,500.00"
2019-11-27,2019112701003234,SIL,4,28,56,375.00,"21,000.00"
2019-11-27,2019112701003233,SIL,4,28,82,375.00,"30,750.00"
2019-11-27,2019112701003196,SIL,4,40,18,375.00,"6,750.00"
2019-11-27,2019112701003187,SIL,4,40,42,375.00,"15,750.00"
2019-11-27,2019112701003176,SIL,25,45,15,376.00,"5,640.00"
2019-11-27,2019112701003168,SIL,4,25,220,375.00,"82,500.00"
2019-11-27,2019112701003159,SIL,4,59,179,375.00,"67,125.00"
2019-11-27,2019112701003146,SIL,4,53,50,375.00,"18,750.00"
2019-11-27,2019112701003119,SIL,4,53,50,375.00,"18,750.00"
2019-11-27,2019112701003496,SJCL,45,52,10,154.00,"1,540.00"
2019-11-27,2019112701003256,SJCL,52,42,20,154.00,"3,080.00"
2019-11-27,2019112701003310,SJCL,40,38,20,153.00,"3,060.00"
2019-11-27,2019112701003287,SJCL,40,38,20,153.00,"3,060.00"
2019-11-27,2019112701003283,SJCL,40,38,20,153.00,"3,060.00"
2019-11-27,2019112701003567,SKBBL,13,44,175,913.00,"159,775.00"
2019-11-27,2019112701003566,SKBBL,13,57,100,913.00,"91,300.00"
2019-11-27,2019112701003266,SKBBL,45,57,50,913.00,"45,650.00"
2019-11-27,2019112701003565,SLBBL,14,42,12,618.00,"7,416.00"
2019-11-27,2019112701003564,SLBBL,17,42,38,618.00,"23,484.00"
2019-11-27,2019112701003141,SLBBL,17,40,12,618.00,"7,416.00"
2019-11-27,2019112701003140,SLBBL,20,40,278,618.00,"171,804.00"
2019-11-27,2019112701003139,SLBBL,32,40,10,622.00,"6,220.00"
2019-11-27,2019112701003334,SLBBL,51,54,100,622.00,"62,200.00"
2019-11-27,2019112701003329,SLBBL,51,44,100,622.00,"62,200.00"
2019-11-27,2019112701003229,SLBBL,51,33,100,622.00,"62,200.00"
2019-11-27,2019112701003363,SLBSL,58,42,30,700.00,"21,000.00"
2019-11-27,2019112701003350,SLBSL,25,47,10,713.00,"7,130.00"
2019-11-27,2019112701003242,SLBSL,11,47,10,713.00,"7,130.00"
2019-11-27,2019112701003227,SLBSL,11,39,10,710.00,"7,100.00"
2019-11-27,2019112701003374,SLICL,39,7,390,247.00,"96,330.00"
2019-11-27,2019112701003373,SLICL,39,48,50,246.00,"12,300.00"
2019-11-27,2019112701003445,SMATA,35,17,10,480.00,"4,800.00"
2019-11-27,2019112701003444,SMATA,32,17,20,480.00,"9,600.00"
2019-11-27,2019112701003443,SMATA,55,17,41,481.00,"19,721.00"
2019-11-27,2019112701003442,SMATA,57,17,60,482.00,"28,920.00"
2019-11-27,2019112701003441,SMATA,35,17,50,483.00,"24,150.00"
2019-11-27,2019112701003544,SMFDB,34,5,83,513.00,"42,579.00"
2019-11-27,2019112701003543,SMFDB,7,5,50,514.00,"25,700.00"
2019-11-27,2019112701003152,SPDL,56,41,15,83.00,"1,245.00"
2019-11-27,2019112701003214,STC,25,22,10,"1,331.00","13,310.00"
2019-11-27,2019112701003174,STC,54,54,500,"1,305.00","652,500.00"
2019-11-27,2019112701003149,STC,45,22,20,"1,320.00","26,400.00"
2019-11-27,2019112701003148,STC,44,22,20,"1,320.00","26,400.00"
2019-11-27,2019112701003190,SWBBL,52,32,43,933.00,"40,119.00"
2019-11-27,2019112701003573,UPCL,32,13,50,74.00,"3,700.00"
2019-11-27,2019112701003556,UPCL,32,13,50,74.00,"3,700.00"
2019-11-27,2019112701003583,UPPER,25,6,20,226.00,"4,520.00"
2019-11-27,2019112701003553,UPPER,44,48,43,224.00,"9,632.00"
2019-11-27,2019112701003552,UPPER,1,48,50,225.00,"11,250.00"
2019-11-27,2019112701003551,UPPER,4,48,407,225.00,"91,575.00"
2019-11-27,2019112701003399,UPPER,45,6,60,226.00,"13,560.00"
2019-11-27,2019112701003369,UPPER,57,6,25,226.00,"5,650.00"
2019-11-27,2019112701003279,VLBS,7,57,13,585.00,"7,605.00"
2019-11-27,2019112701003265,VLBS,48,44,16,590.00,"9,440.00"
2019-11-27,2019112701002909,ADBL,7,43,10,407.00,"4,070.00"
2019-11-27,2019112701002777,ADBL,7,43,40,407.00,"16,280.00"
2019-11-27,2019112701002658,ADBL,49,40,718,406.00,"291,508.00"
2019-11-27,2019112701002888,AKBSL,42,46,20,424.00,"8,480.00"
2019-11-27,2019112701002887,AKBSL,21,46,10,424.00,"4,240.00"
2019-11-27,2019112701002625,AKBSL,34,17,10,429.00,"4,290.00"
2019-11-27,2019112701002612,AKBSL,45,47,10,428.00,"4,280.00"
2019-11-27,2019112701002599,AKBSL,43,45,10,426.00,"4,260.00"
2019-11-27,2019112701003069,AKJCL,56,42,10,59.00,590.00
2019-11-27,2019112701003018,ALBSL,48,7,100,396.00,"39,600.00"
2019-11-27,2019112701002980,ALBSL,48,34,20,395.00,"7,900.00"
2019-11-27,2019112701002976,ALBSL,48,34,80,395.00,"31,600.00"
2019-11-27,2019112701002646,ALBSL,48,11,10,392.00,"3,920.00"
2019-11-27,2019112701002762,ALICL,39,37,180,315.00,"56,700.00"
2019-11-27,2019112701002818,API,25,44,12,104.00,"1,248.00"
2019-11-27,2019112701002817,API,25,44,18,104.00,"1,872.00"
2019-11-27,2019112701002802,API,45,25,400,102.00,"40,800.00"
2019-11-27,2019112701002801,API,1,25,100,102.00,"10,200.00"
2019-11-27,2019112701002698,API,43,6,200,103.00,"20,600.00"
2019-11-27,2019112701002683,API,33,44,28,102.00,"2,856.00"
2019-11-27,2019112701002676,API,16,6,100,103.00,"10,300.00"
2019-11-27,2019112701002709,BOKL,52,1,100,216.00,"21,600.00"
2019-11-27,2019112701002845,BPCL,20,48,15,346.00,"5,190.00"
2019-11-27,2019112701002758,BPCL,33,28,200,348.00,"69,600.00"
2019-11-27,2019112701002611,BPCL,33,57,100,345.00,"34,500.00"
2019-11-27,2019112701002610,BPCL,33,52,50,345.00,"17,250.00"
2019-11-27,2019112701002609,BPCL,33,4,22,345.00,"7,590.00"
2019-11-27,2019112701002608,BPCL,33,58,100,344.00,"34,400.00"
2019-11-27,2019112701003063,CBBL,41,42,198,984.00,"194,832.00"
2019-11-27,2019112701003051,CBBL,43,32,60,982.00,"58,920.00"
2019-11-27,2019112701003050,CBBL,35,32,40,982.00,"39,280.00"
2019-11-27,2019112701003025,CBBL,38,42,362,984.00,"356,208.00"
2019-11-27,2019112701002929,CBBL,57,42,100,984.00,"98,400.00"
2019-11-27,2019112701002918,CBBL,38,47,87,983.00,"85,521.00"
2019-11-27,2019112701002657,CBBL,17,18,50,983.00,"49,150.00"
2019-11-27,2019112701002645,CBBL,36,18,29,983.00,"28,507.00"
2019-11-27,2019112701002644,CBBL,36,44,11,983.00,"10,813.00"
2019-11-27,2019112701002917,CBBL,38,18,51,983.00,"50,133.00"
2019-11-27,2019112701002714,CBBL,17,18,10,983.00,"9,830.00"
2019-11-27,2019112701002711,CBBL,17,18,10,983.00,"9,830.00"
2019-11-27,2019112701003040,CBL,40,22,157,135.00,"21,195.00"
2019-11-27,2019112701003010,CBL,5,32,32,136.00,"4,352.00"
2019-11-27,2019112701002967,CBL,19,32,50,136.00,"6,800.00"
2019-11-27,2019112701002729,CBL,26,32,485,136.00,"65,960.00"
2019-11-27,2019112701002690,CBL,26,44,15,136.00,"2,040.00"
2019-11-27,2019112701002663,CBL,53,32,"1,510",136.00,"205,360.00"
2019-11-27,2019112701002640,CBL,22,32,"1,000",136.00,"136,000.00"
2019-11-27,2019112701002601,CBL,47,32,490,136.00,"66,640.00"
2019-11-27,2019112701003020,CCBL,35,38,490,160.00,"78,400.00"
2019-11-27,2019112701003019,CCBL,58,38,10,160.00,"1,600.00"
2019-11-27,2019112701002946,CCBL,58,38,490,160.00,"78,400.00"
2019-11-27,2019112701002945,CCBL,26,38,10,160.00,"1,600.00"
2019-11-27,2019112701002849,CCBL,26,38,90,160.00,"14,400.00"
2019-11-27,2019112701002848,CCBL,33,38,10,160.00,"1,600.00"
2019-11-27,2019112701002821,CCBL,33,39,10,160.00,"1,600.00"
2019-11-27,2019112701002962,CHCL,10,16,100,355.00,"35,500.00"
2019-11-27,2019112701002854,CHCL,10,48,30,355.00,"10,650.00"
2019-11-27,2019112701002653,CHCL,4,42,941,356.00,"334,996.00"
2019-11-27,2019112701002652,CHCL,4,49,60,356.00,"21,360.00"
2019-11-27,2019112701003095,CLBSL,38,38,11,451.00,"4,961.00"
2019-11-27,2019112701002902,CLBSL,22,47,53,453.00,"24,009.00"
2019-11-27,2019112701002839,CZBIL,36,32,662,181.00,"119,822.00"
2019-11-27,2019112701002780,CZBIL,42,51,247,180.00,"44,460.00"
2019-11-27,2019112701003047,EBL,41,51,23,544.00,"12,512.00"
2019-11-27,2019112701002884,EBL,14,8,53,545.00,"28,885.00"
2019-11-27,2019112701002861,EBL,14,19,53,545.00,"28,885.00"
2019-11-27,2019112701002791,EDBL,55,57,100,280.00,"28,000.00"
2019-11-27,2019112701003065,FMDBL,43,45,50,301.00,"15,050.00"
2019-11-27,2019112701003053,FMDBL,55,45,100,302.00,"30,200.00"
2019-11-27,2019112701003052,FMDBL,43,45,50,302.00,"15,100.00"
2019-11-27,2019112701002838,FMDBL,40,21,40,305.00,"12,200.00"
2019-11-27,2019112701002846,FOWAD,45,45,7,"1,335.00","9,345.00"
2019-11-27,2019112701002825,GBBL,47,33,18,223.00,"4,014.00"
2019-11-27,2019112701002824,GBBL,47,46,500,223.00,"111,500.00"
2019-11-27,2019112701002823,GBBL,47,4,866,223.00,"193,118.00"
2019-11-27,2019112701002810,GBBL,49,4,450,223.00,"100,350.00"
2019-11-27,2019112701002744,GBBL,28,4,200,223.00,"44,600.00"
2019-11-27,2019112701002737,GBBL,49,4,491,223.00,"109,493.00"
2019-11-27,2019112701002655,GBBL,57,4,250,223.00,"55,750.00"
2019-11-27,2019112701002637,GBBL,57,4,490,223.00,"109,270.00"
2019-11-27,2019112701003074,GGBSL,36,47,10,633.00,"6,330.00"
2019-11-27,2019112701003017,GGBSL,36,44,10,633.00,"6,330.00"
2019-11-27,2019112701002948,GGBSL,7,44,10,632.00,"6,320.00"
2019-11-27,2019112701002926,GGBSL,7,44,10,632.00,"6,320.00"
2019-11-27,2019112701002915,GGBSL,55,44,10,632.00,"6,320.00"
2019-11-27,2019112701002897,GGBSL,55,20,10,632.00,"6,320.00"
2019-11-27,2019112701002925,GILB,40,22,100,764.00,"76,400.00"
2019-11-27,2019112701002747,GILB,40,29,13,764.00,"9,932.00"
2019-11-27,2019112701002707,GLICL,25,58,10,353.00,"3,530.00"
2019-11-27,2019112701002614,GLICL,50,1,42,347.00,"14,574.00"
2019-11-27,2019112701002613,GLICL,10,1,10,347.00,"3,470.00"
2019-11-27,2019112701002642,GMFBS,42,11,10,492.00,"4,920.00"
2019-11-27,2019112701002641,GMFBS,56,16,10,492.00,"4,920.00"
2019-11-27,2019112701002635,GMFBS,56,16,10,492.00,"4,920.00"
2019-11-27,2019112701003098,GRDBL,7,38,55,100.00,"5,500.00"
2019-11-27,2019112701003072,GUFL,58,8,10,110.00,"1,100.00"
2019-11-27,2019112701003062,GUFL,58,8,10,108.00,"1,080.00"
2019-11-27,2019112701002911,GUFL,44,21,190,106.00,"20,140.00"
2019-11-27,2019112701002910,GUFL,39,21,150,107.00,"16,050.00"
2019-11-27,2019112701003068,HBL,52,5,40,475.00,"19,000.00"
2019-11-27,2019112701002828,HBL,28,39,200,475.00,"95,000.00"
2019-11-27,2019112701002696,HBL,33,5,57,475.00,"27,075.00"
2019-11-27,2019112701003061,HDL,58,17,20,"1,790.00","35,800.00"
2019-11-27,2019112701003060,HDL,58,48,100,"1,789.00","178,900.00"
2019-11-27,2019112701003059,HDL,58,5,100,"1,787.00","178,700.00"
2019-11-27,2019112701003058,HDL,58,16,50,"1,785.00","89,250.00"
2019-11-27,2019112701003057,HDL,58,14,30,"1,784.00","53,520.00"
2019-11-27,2019112701003056,HDL,58,58,100,"1,783.00","178,300.00"
2019-11-27,2019112701002806,HDL,13,17,100,"1,780.00","178,000.00"
2019-11-27,2019112701002805,HDL,13,46,150,"1,779.00","266,850.00"
2019-11-27,2019112701002804,HDL,13,7,50,"1,779.00","88,950.00"
2019-11-27,2019112701002803,HDL,13,40,30,"1,778.00","53,340.00"
2019-11-27,2019112701002793,HDL,58,32,10,"1,777.00","17,770.00"
2019-11-27,2019112701003006,HDL,7,17,50,"1,780.00","89,000.00"
2019-11-27,2019112701002886,HDL,58,14,10,"1,784.00","17,840.00"
2019-11-27,2019112701002885,HDL,58,17,50,"1,780.00","89,000.00"
2019-11-27,2019112701002860,HDL,58,14,10,"1,784.00","17,840.00"
2019-11-27,2019112701002808,HDL,13,13,200,"1,780.00","356,000.00"
2019-11-27,2019112701002807,HDL,13,17,50,"1,780.00","89,000.00"
2019-11-27,2019112701003055,HDL,58,48,100,"1,783.00","178,300.00"
2019-11-27,2019112701003054,HDL,58,17,100,"1,780.00","178,000.00"
2019-11-27,2019112701003049,HDL,34,17,30,"1,780.00","53,400.00"
2019-11-27,2019112701003042,HDL,16,17,20,"1,780.00","35,600.00"
2019-11-27,2019112701003041,HDL,16,17,30,"1,780.00","53,400.00"
2019-11-27,2019112701003024,HDL,6,17,20,"1,780.00","35,600.00"
2019-11-27,2019112701003039,HGI,40,48,50,241.00,"12,050.00"
2019-11-27,2019112701002957,HGI,49,34,430,240.00,"103,200.00"
2019-11-27,2019112701002837,HIDCL,14,34,"1,000",134.00,"134,000.00"
2019-11-27,2019112701002836,HIDCL,14,52,500,134.00,"67,000.00"
2019-11-27,2019112701002835,HIDCL,14,45,901,134.00,"120,734.00"
2019-11-27,2019112701002834,HIDCL,14,41,13,133.00,"1,729.00"
2019-11-27,2019112701002833,HIDCL,14,41,31,133.00,"4,123.00"
2019-11-27,2019112701002728,HIDCL,1,25,61,133.00,"8,113.00"
2019-11-27,2019112701002726,HIDCL,43,44,63,132.00,"8,316.00"
2019-11-27,2019112701002664,HIDCL,43,11,61,132.00,"8,052.00"
2019-11-27,2019112701002999,HPPL,52,22,10,136.00,"1,360.00"
2019-11-27,2019112701002739,HURJA,59,44,20,99.00,"1,980.00"
2019-11-27,2019112701002832,ICFC,58,11,40,158.00,"6,320.00"
2019-11-27,2019112701002770,ICFC,6,47,"2,000",155.00,"310,000.00"
2019-11-27,2019112701003078,ILBS,39,56,180,485.00,"87,300.00"
2019-11-27,2019112701003003,ILBS,39,25,10,485.00,"4,850.00"
2019-11-27,2019112701002985,ILBS,39,25,10,485.00,"4,850.00"
2019-11-27,2019112701002963,ILBS,49,41,110,486.00,"53,460.00"
2019-11-27,2019112701002953,ILBS,49,26,10,486.00,"4,860.00"
2019-11-27,2019112701002952,ILBS,49,42,100,486.00,"48,600.00"
2019-11-27,2019112701002951,ILBS,49,41,100,486.00,"48,600.00"
2019-11-27,2019112701002779,ILBS,39,11,230,485.00,"111,550.00"
2019-11-27,2019112701002778,ILBS,39,11,200,485.00,"97,000.00"
2019-11-27,2019112701002606,ILBS,39,48,10,485.00,"4,850.00"
2019-11-27,2019112701002604,ILBS,45,48,10,485.00,"4,850.00"
2019-11-27,2019112701003048,JBBL,42,22,528,158.00,"83,424.00"
2019-11-27,2019112701002740,JBBL,42,4,600,158.00,"94,800.00"
2019-11-27,2019112701002961,JFL,43,5,566,190.00,"107,540.00"
2019-11-27,2019112701002960,JFL,25,5,479,191.00,"91,489.00"
2019-11-27,2019112701002947,JFL,25,17,521,191.00,"99,511.00"
2019-11-27,2019112701002815,JFL,43,46,819,190.00,"155,610.00"
2019-11-27,2019112701002682,JOSHI,55,42,50,57.00,"2,850.00"
2019-11-27,2019112701002661,KKHC,55,17,16,53.00,848.00
2019-11-27,2019112701002660,KKHC,55,44,16,53.00,848.00
2019-11-27,2019112701002633,KKHC,51,43,30,52.00,"1,560.00"
2019-11-27,2019112701002632,KKHC,19,43,32,53.00,"1,696.00"
2019-11-27,2019112701002913,KPCL,26,59,250,80.00,"20,000.00"
2019-11-27,2019112701002819,KPCL,56,41,10,84.00,840.00
2019-11-27,2019112701002851,KPCL,14,56,210,81.00,"17,010.00"
2019-11-27,2019112701002844,KPCL,45,56,300,82.00,"24,600.00"
2019-11-27,2019112701002831,KPCL,34,56,10,83.00,830.00
2019-11-27,2019112701002912,KPCL,45,59,500,80.00,"40,000.00"
2019-11-27,2019112701002859,KPCL,47,59,500,80.00,"40,000.00"
2019-11-27,2019112701002858,KPCL,46,59,100,80.00,"8,000.00"
2019-11-27,2019112701002857,KPCL,52,59,300,81.00,"24,300.00"
2019-11-27,2019112701002856,KPCL,56,59,50,81.00,"4,050.00"
2019-11-27,2019112701003070,KSBBL,33,22,131,134.00,"17,554.00"
2019-11-27,2019112701002743,KSBBL,33,32,455,134.00,"60,970.00"
2019-11-27,2019112701002742,KSBBL,52,32,45,134.00,"6,030.00"
2019-11-27,2019112701003026,LBBL,25,54,850,170.00,"144,500.00"
2019-11-27,2019112701003007,LBBL,49,54,150,170.00,"25,500.00"
2019-11-27,2019112701002896,LBBL,49,21,50,170.00,"8,500.00"
2019-11-27,2019112701003038,LBL,36,52,100,216.00,"21,600.00"
2019-11-27,2019112701002638,LBL,1,32,100,216.00,"21,600.00"
2019-11-27,2019112701002685,LGIL,44,57,500,305.00,"152,500.00"
2019-11-27,2019112701002684,LGIL,44,50,17,304.00,"5,168.00"
2019-11-27,2019112701002618,LICN,25,40,10,912.00,"9,120.00"
2019-11-27,2019112701002783,MERO,52,41,17,408.00,"6,936.00"
2019-11-27,2019112701003071,MNBBL,4,48,100,314.00,"31,400.00"
2019-11-27,2019112701003064,MNBBL,4,48,50,314.00,"15,700.00"
2019-11-27,2019112701003034,MNBBL,4,48,50,314.00,"15,700.00"
2019-11-27,2019112701002931,MNBBL,4,48,100,314.00,"31,400.00"
2019-11-27,2019112701002773,MNBBL,26,51,78,313.00,"24,414.00"
2019-11-27,2019112701002760,MNBBL,4,51,40,313.00,"12,520.00"
2019-11-27,2019112701002735,MNBBL,4,32,121,312.00,"37,752.00"
2019-11-27,2019112701002734,MNBBL,4,32,229,312.00,"71,448.00"
2019-11-27,2019112701002733,MNBBL,4,32,150,313.00,"46,950.00"
2019-11-27,2019112701002624,MNBBL,4,17,21,312.00,"6,552.00"
2019-11-27,2019112701002930,MNBBL,4,48,200,314.00,"62,800.00"
2019-11-27,2019112701002795,MNBBL,4,48,222,314.00,"69,708.00"
2019-11-27,2019112701002794,MNBBL,4,6,78,313.00,"24,414.00"
2019-11-27,2019112701002776,MNBBL,4,6,100,313.00,"31,300.00"
2019-11-27,2019112701002774,MNBBL,26,6,122,313.00,"38,186.00"
2019-11-27,2019112701002673,MSMBS,47,11,11,466.00,"5,126.00"
2019-11-27,2019112701003093,NABIL,39,17,75,730.00,"54,750.00"
2019-11-27,2019112701003092,NABIL,36,17,100,730.00,"73,000.00"
2019-11-27,2019112701003091,NABIL,38,17,60,730.00,"43,800.00"
2019-11-27,2019112701003090,NABIL,16,17,22,730.00,"16,060.00"
2019-11-27,2019112701003035,NABIL,52,32,200,731.00,"146,200.00"
2019-11-27,2019112701002955,NABIL,16,8,78,730.00,"56,940.00"
2019-11-27,2019112701002718,NABIL,14,6,100,730.00,"73,000.00"
2019-11-27,2019112701002717,NABIL,28,6,100,730.00,"73,000.00"
2019-11-27,2019112701002908,NABIL,49,8,50,730.00,"36,500.00"
2019-11-27,2019112701002875,NABIL,44,32,300,730.00,"219,000.00"
2019-11-27,2019112701002853,NABIL,16,28,71,729.00,"51,759.00"
2019-11-27,2019112701002852,NABIL,11,28,30,730.00,"21,900.00"
2019-11-27,2019112701002720,NABIL,29,6,150,730.00,"109,500.00"
2019-11-27,2019112701002719,NABIL,21,6,100,730.00,"73,000.00"
2019-11-27,2019112701003023,NADEP,59,48,50,397.00,"19,850.00"
2019-11-27,2019112701003022,NADEP,59,39,10,397.00,"3,970.00"
2019-11-27,2019112701003009,NADEP,59,42,40,392.00,"15,680.00"
2019-11-27,2019112701002981,NADEP,44,43,120,391.00,"46,920.00"
2019-11-27,2019112701002789,NADEP,26,41,10,388.00,"3,880.00"
2019-11-27,2019112701002906,NBB,13,34,36,201.00,"7,236.00"
2019-11-27,2019112701002905,NBB,37,34,64,201.00,"12,864.00"
2019-11-27,2019112701002959,NBL,32,47,"2,500",315.00,"787,500.00"
2019-11-27,2019112701002958,NBL,32,17,"1,500",315.00,"472,500.00"
2019-11-27,2019112701002907,NBL,11,34,200,314.00,"62,800.00"
2019-11-27,2019112701002787,NBL,10,14,560,314.00,"175,840.00"
2019-11-27,2019112701002782,NBL,40,14,400,314.00,"125,600.00"
2019-11-27,2019112701002761,NBL,39,14,40,314.00,"12,560.00"
2019-11-27,2019112701002785,NCCB,46,5,140,199.00,"27,860.00"
2019-11-27,2019112701003094,NEF,34,11,500,7.65,"3,825.00"
2019-11-27,2019112701002768,NGPL,59,44,11,106.00,"1,166.00"
2019-11-27,2019112701002937,NHPC,54,32,780,51.00,"39,780.00"
2019-11-27,2019112701003046,NIB,14,38,38,417.00,"15,846.00"
2019-11-27,2019112701003016,NIB,14,39,136,417.00,"56,712.00"
2019-11-27,2019112701003015,NIB,33,39,50,417.00,"20,850.00"
2019-11-27,2019112701003014,NIB,52,39,15,417.00,"6,255.00"
2019-11-27,2019112701003008,NIB,52,38,38,417.00,"15,846.00"
2019-11-27,2019112701002979,NIB,52,38,38,417.00,"15,846.00"
2019-11-27,2019112701002927,NIB,52,43,209,417.00,"87,153.00"
2019-11-27,2019112701002792,NIB,55,41,17,416.00,"7,072.00"
2019-11-27,2019112701002788,NIB,55,44,180,416.00,"74,880.00"
2019-11-27,2019112701002749,NIB,55,41,28,416.00,"11,648.00"
2019-11-27,2019112701002651,NIB,40,43,200,417.00,"83,400.00"
2019-11-27,2019112701003043,NICA,7,44,24,407.00,"9,768.00"
2019-11-27,2019112701002826,NICA,49,44,113,406.00,"45,878.00"
2019-11-27,2019112701002748,NICA,49,45,100,408.00,"40,800.00"
2019-11-27,2019112701002730,NICA,36,45,17,408.00,"6,936.00"
2019-11-27,2019112701002716,NICA,49,4,110,406.00,"44,660.00"
2019-11-27,2019112701002694,NICA,44,33,461,407.00,"187,627.00"
2019-11-27,2019112701002693,NICA,44,33,80,407.00,"32,560.00"
2019-11-27,2019112701002692,NICA,44,5,573,407.00,"233,211.00"
2019-11-27,2019112701002656,NICA,45,33,120,407.00,"48,840.00"
2019-11-27,2019112701002904,NICL,19,28,200,246.00,"49,200.00"
2019-11-27,2019112701002890,NICL,36,43,500,244.00,"122,000.00"
2019-11-27,2019112701002889,NICL,36,26,60,244.00,"14,640.00"
2019-11-27,2019112701003005,NIL,4,26,12,375.00,"4,500.00"
2019-11-27,2019112701003001,NIL,4,38,186,375.00,"69,750.00"
2019-11-27,2019112701003000,NIL,4,38,35,375.00,"13,125.00"
2019-11-27,2019112701002872,NIL,4,5,15,375.00,"5,625.00"
2019-11-27,2019112701002871,NIL,4,5,100,375.00,"37,500.00"
2019-11-27,2019112701002870,NIL,4,5,200,375.00,"75,000.00"
2019-11-27,2019112701002639,NIL,4,34,100,375.00,"37,500.00"
2019-11-27,2019112701002869,NIL,4,5,250,375.00,"93,750.00"
2019-11-27,2019112701002868,NIL,4,5,47,375.00,"17,625.00"
2019-11-27,2019112701002867,NIL,4,21,103,375.00,"38,625.00"
2019-11-27,2019112701002866,NIL,4,21,83,375.00,"31,125.00"
2019-11-27,2019112701002713,NIL,44,13,"2,240",376.00,"842,240.00"
2019-11-27,2019112701002712,NIL,44,10,24,376.00,"9,024.00"
2019-11-27,2019112701002850,NLBBL,51,17,10,500.00,"5,000.00"
2019-11-27,2019112701003021,NLG,25,16,10,514.00,"5,140.00"
2019-11-27,2019112701003004,NLG,25,45,15,510.00,"7,650.00"
2019-11-27,2019112701002936,NLG,38,49,40,500.00,"20,000.00"
2019-11-27,2019112701002935,NLG,38,58,56,499.00,"27,944.00"
2019-11-27,2019112701003085,NLIC,57,33,25,801.00,"20,025.00"
2019-11-27,2019112701003073,NLIC,57,33,25,801.00,"20,025.00"
2019-11-27,2019112701002995,NLIC,4,52,124,800.00,"99,200.00"
2019-11-27,2019112701002994,NLIC,4,28,100,800.00,"80,000.00"
2019-11-27,2019112701002993,NLIC,4,59,100,800.00,"80,000.00"
2019-11-27,2019112701002992,NLIC,4,21,22,800.00,"17,600.00"
2019-11-27,2019112701002938,NLIC,46,25,75,797.00,"59,775.00"
2019-11-27,2019112701002855,NLIC,45,45,7,795.00,"5,565.00"
2019-11-27,2019112701002691,NLIC,38,44,100,795.00,"79,500.00"
2019-11-27,2019112701002991,NLIC,4,10,50,800.00,"40,000.00"
2019-11-27,2019112701002990,NLIC,4,4,50,800.00,"40,000.00"
2019-11-27,2019112701002989,NLIC,4,41,200,799.00,"159,800.00"
2019-11-27,2019112701002988,NLIC,4,38,100,799.00,"79,900.00"
2019-11-27,2019112701002987,NLIC,4,51,100,798.00,"79,800.00"
2019-11-27,2019112701002939,NLIC,46,45,390,797.00,"310,830.00"
2019-11-27,2019112701003013,NLICL,35,16,400,425.00,"170,000.00"
2019-11-27,2019112701003012,NLICL,35,56,200,424.00,"84,800.00"
2019-11-27,2019112701003011,NLICL,35,40,500,422.00,"211,000.00"
2019-11-27,2019112701002715,NLICL,7,41,30,422.00,"12,660.00"
2019-11-27,2019112701003097,NMB,37,26,462,383.00,"176,946.00"
2019-11-27,2019112701003089,NMB,37,22,14,383.00,"5,362.00"
2019-11-27,2019112701003088,NMB,4,22,100,383.00,"38,300.00"
2019-11-27,2019112701003087,NMB,4,22,100,383.00,"38,300.00"
2019-11-27,2019112701003031,NMB,17,22,12,383.00,"4,596.00"
2019-11-27,2019112701003030,NMB,4,22,50,383.00,"19,150.00"
2019-11-27,2019112701002616,NMB,57,1,178,382.00,"67,996.00"
2019-11-27,2019112701002605,NMB,57,48,60,382.00,"22,920.00"
2019-11-27,2019112701002688,NMB,6,28,300,383.00,"114,900.00"
2019-11-27,2019112701002670,NMB,4,28,80,383.00,"30,640.00"
2019-11-27,2019112701002669,NMB,4,46,120,383.00,"45,960.00"
2019-11-27,2019112701002636,NMB,14,14,"41,028",382.00,"15,672,696.00"
2019-11-27,2019112701002619,NMB,4,46,250,383.00,"95,750.00"
2019-11-27,2019112701002617,NMB,42,1,10,382.00,"3,820.00"
2019-11-27,2019112701002797,NMB,38,32,420,383.00,"160,860.00"
2019-11-27,2019112701002796,NMB,38,53,76,383.00,"29,108.00"
2019-11-27,2019112701002769,NMB,4,53,50,383.00,"19,150.00"
2019-11-27,2019112701002751,NMB,11,53,100,383.00,"38,300.00"
2019-11-27,2019112701002722,NMB,4,53,30,383.00,"11,490.00"
2019-11-27,2019112701002721,NMB,4,28,120,383.00,"45,960.00"
2019-11-27,2019112701002940,NMB,6,43,100,383.00,"38,300.00"
2019-11-27,2019112701002919,NMB,4,59,96,383.00,"36,768.00"
2019-11-27,2019112701002898,NMB,42,46,50,382.00,"19,100.00"
2019-11-27,2019112701002820,NMB,38,59,500,383.00,"191,500.00"
2019-11-27,2019112701002799,NMB,38,59,404,383.00,"154,732.00"
2019-11-27,2019112701002798,NMB,38,42,100,383.00,"38,300.00"
2019-11-27,2019112701002966,NMB,52,32,108,383.00,"41,364.00"
2019-11-27,2019112701002949,NMB,52,34,192,383.00,"73,536.00"
2019-11-27,2019112701002944,NMB,6,34,308,383.00,"117,964.00"
2019-11-27,2019112701002943,NMB,6,22,50,383.00,"19,150.00"
2019-11-27,2019112701002942,NMB,6,6,42,383.00,"16,086.00"
2019-11-27,2019112701002941,NMB,6,6,500,383.00,"191,500.00"
2019-11-27,2019112701003029,NMB,22,22,100,383.00,"38,300.00"
2019-11-27,2019112701003028,NMB,17,22,12,383.00,"4,596.00"
2019-11-27,2019112701003027,NMB,17,22,12,383.00,"4,596.00"
2019-11-27,2019112701002977,NMB,37,16,100,383.00,"38,300.00"
2019-11-27,2019112701002975,NMB,37,1,560,383.00,"214,480.00"
2019-11-27,2019112701002974,NMB,22,1,200,383.00,"76,600.00"
2019-11-27,2019112701002631,NMBHF1,43,32,"2,000",8.61,"17,220.00"
2019-11-27,2019112701002630,NMBHF1,43,22,"1,000",8.61,"8,610.00"
2019-11-27,2019112701002627,NMBHF1,43,16,"10,000",8.50,"85,000.00"
2019-11-27,2019112701003077,NMFBS,42,5,10,"1,795.00","17,950.00"
2019-11-27,2019112701003076,NMFBS,50,5,10,"1,795.00","17,950.00"
2019-11-27,2019112701003075,NMFBS,34,5,32,"1,797.00","57,504.00"
2019-11-27,2019112701003084,NNLB,38,37,10,479.00,"4,790.00"
2019-11-27,2019112701003083,NNLB,38,21,50,471.00,"23,550.00"
2019-11-27,2019112701003082,NNLB,38,4,10,471.00,"4,710.00"
2019-11-27,2019112701003081,NNLB,38,16,40,470.00,"18,800.00"
2019-11-27,2019112701003080,NNLB,38,33,20,470.00,"9,400.00"
2019-11-27,2019112701002864,NNLB,40,16,10,470.00,"4,700.00"
2019-11-27,2019112701002654,OHL,17,34,100,405.00,"40,500.00"
2019-11-27,2019112701002706,PCBL,28,45,200,274.00,"54,800.00"
2019-11-27,2019112701002686,PCBL,6,45,200,274.00,"54,800.00"
2019-11-27,2019112701002675,PCBL,55,45,25,274.00,"6,850.00"
2019-11-27,2019112701002894,PFL,32,59,110,137.00,"15,070.00"
2019-11-27,2019112701002893,PFL,32,47,80,137.00,"10,960.00"
2019-11-27,2019112701002895,PIC,40,43,10,342.00,"3,420.00"
2019-11-27,2019112701002681,PIC,58,42,35,342.00,"11,970.00"
2019-11-27,2019112701002680,PIC,58,43,50,342.00,"17,100.00"
2019-11-27,2019112701002643,PIC,6,5,68,340.00,"23,120.00"
2019-11-27,2019112701002924,PLIC,43,57,150,307.00,"46,050.00"
2019-11-27,2019112701002732,PMHPL,58,45,10,79.00,790.00
2019-11-27,2019112701002772,PRVU,43,11,223,224.00,"49,952.00"
2019-11-27,2019112701002771,PRVU,43,28,177,224.00,"39,648.00"
2019-11-27,2019112701003086,RBCL,41,6,10,"8,000.00","80,000.00"
2019-11-27,2019112701003045,RBCL,33,49,10,"8,050.00","80,500.00"
2019-11-27,2019112701002702,RBCLPO,49,44,10,"7,100.00","71,000.00"
2019-11-27,2019112701002703,RHPC,47,45,"1,000",77.00,"77,000.00"
2019-11-27,2019112701002983,RHPL,39,13,60,164.00,"9,840.00"
2019-11-27,2019112701002982,RHPL,39,40,60,164.00,"9,840.00"
2019-11-27,2019112701002840,RHPL,57,44,40,163.00,"6,520.00"
2019-11-27,2019112701002809,RHPL,57,41,30,163.00,"4,890.00"
2019-11-27,2019112701002754,RHPL,57,41,40,163.00,"6,520.00"
2019-11-27,2019112701002745,RHPL,57,49,40,163.00,"6,520.00"
2019-11-27,2019112701002738,RHPL,59,45,40,163.00,"6,520.00"
2019-11-27,2019112701002662,RHPL,59,45,40,163.00,"6,520.00"
2019-11-27,2019112701002629,RHPL,59,11,30,163.00,"4,890.00"
2019-11-27,2019112701003002,RRHP,47,13,10,97.00,970.00
2019-11-27,2019112701002903,RRHP,47,13,10,97.00,970.00
2019-11-27,2019112701002813,RSDC,33,42,13,285.00,"3,705.00"
2019-11-27,2019112701002812,RSDC,33,36,50,285.00,"14,250.00"
2019-11-27,2019112701002811,RSDC,33,5,437,284.00,"124,108.00"
2019-11-27,2019112701002763,SABSL,45,45,10,475.00,"4,750.00"
2019-11-27,2019112701002998,SANIMA,48,45,100,306.00,"30,600.00"
2019-11-27,2019112701002997,SANIMA,48,40,200,306.00,"61,200.00"
2019-11-27,2019112701002996,SANIMA,48,38,100,306.00,"30,600.00"
2019-11-27,2019112701002986,SANIMA,44,38,200,306.00,"61,200.00"
2019-11-27,2019112701002757,SANIMA,33,4,100,305.00,"30,500.00"
2019-11-27,2019112701002756,SANIMA,33,38,300,306.00,"91,800.00"
2019-11-27,2019112701002755,SANIMA,33,8,200,306.00,"61,200.00"
2019-11-27,2019112701002934,SBI,55,17,50,383.00,"19,150.00"
2019-11-27,2019112701002933,SBI,52,17,100,384.00,"38,400.00"
2019-11-27,2019112701002932,SBI,17,17,100,384.00,"38,400.00"
2019-11-27,2019112701002672,SBL,36,28,14,282.00,"3,948.00"
2019-11-27,2019112701002775,SCB,41,57,76,528.00,"40,128.00"
2019-11-27,2019112701002759,SCB,41,41,20,528.00,"10,560.00"
2019-11-27,2019112701002678,SCB,34,57,24,529.00,"12,696.00"
2019-11-27,2019112701002634,SDESI,25,57,11,534.00,"5,874.00"
2019-11-27,2019112701003079,SHIVM,39,48,100,400.00,"40,000.00"
2019-11-27,2019112701002978,SHIVM,36,32,100,400.00,"40,000.00"
2019-11-27,2019112701002956,SHIVM,25,28,180,401.00,"72,180.00"
2019-11-27,2019112701002923,SHIVM,20,28,320,401.00,"128,320.00"
2019-11-27,2019112701002922,SHIVM,20,11,50,400.00,"20,000.00"
2019-11-27,2019112701002921,SHIVM,20,32,100,400.00,"40,000.00"
2019-11-27,2019112701002847,SHIVM,22,25,150,396.00,"59,400.00"
2019-11-27,2019112701002790,SHIVM,21,25,10,396.00,"3,960.00"
2019-11-27,2019112701002786,SHIVM,42,26,50,395.00,"19,750.00"
2019-11-27,2019112701002880,SHIVM,36,45,200,398.00,"79,600.00"
2019-11-27,2019112701002879,SHIVM,36,7,50,398.00,"19,900.00"
2019-11-27,2019112701002878,SHIVM,36,54,500,397.00,"198,500.00"
2019-11-27,2019112701002877,SHIVM,36,11,170,397.00,"67,490.00"
2019-11-27,2019112701002876,SHIVM,36,25,110,396.00,"43,560.00"
2019-11-27,2019112701002863,SHIVM,46,25,30,396.00,"11,880.00"
2019-11-27,2019112701002920,SHIVM,20,22,30,400.00,"12,000.00"
2019-11-27,2019112701002901,SHIVM,36,22,970,400.00,"388,000.00"
2019-11-27,2019112701002900,SHIVM,36,47,100,400.00,"40,000.00"
2019-11-27,2019112701002883,SHIVM,36,56,300,400.00,"120,000.00"
2019-11-27,2019112701002882,SHIVM,36,38,200,399.00,"79,800.00"
2019-11-27,2019112701002881,SHIVM,36,38,400,399.00,"159,600.00"
2019-11-27,2019112701003096,SHL,7,13,100,209.00,"20,900.00"
2019-11-27,2019112701002950,SHL,18,13,100,209.00,"20,900.00"
2019-11-27,2019112701002973,SHPC,33,47,81,179.00,"14,499.00"
2019-11-27,2019112701002972,SHPC,34,47,100,179.00,"17,900.00"
2019-11-27,2019112701002971,SHPC,45,47,"1,540",179.00,"275,660.00"
2019-11-27,2019112701002970,SHPC,52,47,300,180.00,"54,000.00"
2019-11-27,2019112701002969,SHPC,56,47,125,180.00,"22,500.00"
2019-11-27,2019112701002968,SHPC,1,47,"1,421",180.00,"255,780.00"
2019-11-27,2019112701002607,SHPC,51,46,"1,000",181.00,"181,000.00"
2019-11-27,2019112701003067,SIC,25,54,20,424.00,"8,480.00"
2019-11-27,2019112701003066,SIC,25,54,10,424.00,"4,240.00"
2019-11-27,2019112701002865,SIC,56,25,10,416.00,"4,160.00"
2019-11-27,2019112701003044,SIL,25,45,10,376.00,"3,760.00"
2019-11-27,2019112701003033,SIL,4,38,100,375.00,"37,500.00"
2019-11-27,2019112701003032,SIL,4,38,20,375.00,"7,500.00"
2019-11-27,2019112701002954,SIL,4,45,50,376.00,"18,800.00"
2019-11-27,2019112701002916,SIL,25,45,11,376.00,"4,136.00"
2019-11-27,2019112701002914,SIL,4,25,180,375.00,"67,500.00"
2019-11-27,2019112701002603,SIL,4,4,60,372.00,"22,320.00"
2019-11-27,2019112701002602,SIL,4,38,140,371.00,"51,940.00"
2019-11-27,2019112701002689,SIL,25,45,14,377.00,"5,278.00"
2019-11-27,2019112701002671,SIL,4,38,204,375.00,"76,500.00"
2019-11-27,2019112701002628,SIL,4,42,46,375.00,"17,250.00"
2019-11-27,2019112701002623,SIL,4,42,20,375.00,"7,500.00"
2019-11-27,2019112701002622,SIL,4,7,50,372.00,"18,600.00"
2019-11-27,2019112701002621,SIL,4,4,28,372.00,"10,416.00"
2019-11-27,2019112701002892,SIL,4,53,50,375.00,"18,750.00"
2019-11-27,2019112701002800,SIL,4,53,50,375.00,"18,750.00"
2019-11-27,2019112701002781,SIL,4,48,74,375.00,"27,750.00"
2019-11-27,2019112701002750,SIL,4,56,26,375.00,"9,750.00"
2019-11-27,2019112701002705,SIL,4,38,100,375.00,"37,500.00"
2019-11-27,2019112701002697,SIL,4,53,100,375.00,"37,500.00"
2019-11-27,2019112701002873,SJCL,52,44,20,154.00,"3,080.00"
2019-11-27,2019112701002816,SJCL,52,41,20,154.00,"3,080.00"
2019-11-27,2019112701002764,SJCL,40,41,20,153.00,"3,060.00"
2019-11-27,2019112701002746,SJCL,40,45,20,153.00,"3,060.00"
2019-11-27,2019112701002665,SJCL,40,45,20,153.00,"3,060.00"
2019-11-27,2019112701002626,SJCL,40,11,20,153.00,"3,060.00"
2019-11-27,2019112701002727,SKBBL,18,44,400,914.00,"365,600.00"
2019-11-27,2019112701003037,SLBBL,20,58,23,618.00,"14,214.00"
2019-11-27,2019112701003036,SLBBL,50,58,10,619.00,"6,190.00"
2019-11-27,2019112701002965,SLBBL,50,42,40,619.00,"24,760.00"
2019-11-27,2019112701002964,SLBBL,22,42,10,620.00,"6,200.00"
2019-11-27,2019112701002647,SLBBL,22,1,30,620.00,"18,600.00"
2019-11-27,2019112701002650,SLBBL,20,1,321,618.00,"198,378.00"
2019-11-27,2019112701002649,SLBBL,17,1,10,618.00,"6,180.00"
2019-11-27,2019112701002648,SLBBL,6,1,100,619.00,"61,900.00"
2019-11-27,2019112701002687,SLBBL,20,44,200,618.00,"123,600.00"
2019-11-27,2019112701002679,SLBBL,20,22,178,618.00,"110,004.00"
2019-11-27,2019112701002830,SLBBL,54,54,50,620.00,"31,000.00"
2019-11-27,2019112701002829,SLBBL,57,54,100,620.00,"62,000.00"
2019-11-27,2019112701002899,SLBBL,22,7,90,620.00,"55,800.00"
2019-11-27,2019112701002731,SLICL,28,48,200,246.00,"49,200.00"
2019-11-27,2019112701002710,SMFBS,45,45,10,800.00,"8,000.00"
2019-11-27,2019112701002695,SPARS,5,29,10,529.00,"5,290.00"
2019-11-27,2019112701002841,SPDL,45,45,"1,921",82.00,"157,522.00"
2019-11-27,2019112701002765,SPDL,45,45,"1,921",82.00,"157,522.00"
2019-11-27,2019112701002704,SPDL,45,45,"1,921",82.00,"157,522.00"
2019-11-27,2019112701002674,SPDL,45,45,"1,921",82.00,"157,522.00"
2019-11-27,2019112701002600,SPDL,45,45,"1,921",82.00,"157,522.00"
2019-11-27,2019112701002701,SRBL,52,6,195,210.00,"40,950.00"
2019-11-27,2019112701002700,SRBL,52,50,611,210.00,"128,310.00"
2019-11-27,2019112701002699,SRBL,52,59,154,210.00,"32,340.00"
2019-11-27,2019112701002784,STC,49,49,100,"1,369.00","136,900.00"
2019-11-27,2019112701002677,STC,25,22,10,"1,370.00","13,700.00"
2019-11-27,2019112701002874,SWBBL,38,38,20,934.00,"18,680.00"
2019-11-27,2019112701002862,SWBBL,38,38,20,934.00,"18,680.00"
2019-11-27,2019112701002843,SWBBL,38,38,22,934.00,"20,548.00"
2019-11-27,2019112701002842,SWBBL,38,52,50,933.00,"46,650.00"
2019-11-27,2019112701002827,SWBBL,38,32,42,933.00,"39,186.00"
2019-11-27,2019112701002814,SWBBL,38,10,85,930.00,"79,050.00"
2019-11-27,2019112701002767,TMDBL,29,59,30,143.00,"4,290.00"
2019-11-27,2019112701002766,TMDBL,29,5,207,142.00,"29,394.00"
2019-11-27,2019112701002708,TMDBL,40,34,"1,900",141.00,"267,900.00"
2019-11-27,2019112701002752,UMHL,20,45,14,101.00,"1,414.00"
2019-11-27,2019112701002928,UNHPL,32,44,100,52.00,"5,200.00"
2019-11-27,2019112701002891,UPCL,34,13,50,74.00,"3,700.00"
2019-11-27,2019112701002725,UPCL,44,36,687,73.00,"50,151.00"
2019-11-27,2019112701002724,UPCL,25,36,100,73.00,"7,300.00"
2019-11-27,2019112701002723,UPCL,53,36,250,73.00,"18,250.00"
2019-11-27,2019112701002984,UPPER,25,6,30,226.00,"6,780.00"
2019-11-27,2019112701002620,UPPER,44,11,16,224.00,"3,584.00"
2019-11-27,2019112701002615,UPPER,55,11,34,225.00,"7,650.00"
2019-11-27,2019112701002668,UPPER,4,8,50,225.00,"11,250.00"
2019-11-27,2019112701002667,UPPER,4,13,403,225.00,"90,675.00"
2019-11-27,2019112701002666,UPPER,25,13,20,225.00,"4,500.00"
2019-11-27,2019112701002753,UPPER,4,45,50,225.00,"11,250.00"
2019-11-27,2019112701002741,UPPER,25,48,50,226.00,"11,300.00"
2019-11-27,2019112701002736,UPPER,4,49,40,225.00,"9,000.00"
2019-11-27,2019112701002822,UPPER,4,41,50,225.00,"11,250.00"
2019-11-27,2019112701002659,VLBS,51,11,200,590.00,"118,000.00"
2019-11-27,2019112701002468,ADBL,49,25,250,406.00,"101,500.00"
2019-11-27,2019112701002500,AKBSL,45,45,10,426.00,"4,260.00"
2019-11-27,2019112701002408,AKBSL,43,38,10,425.00,"4,250.00"
2019-11-27,2019112701002209,AKPL,37,38,100,118.00,"11,800.00"
2019-11-27,2019112701002205,AKPL,37,13,60,117.00,"7,020.00"
2019-11-27,2019112701002204,AKPL,37,40,50,117.00,"5,850.00"
2019-11-27,2019112701002513,API,25,44,11,104.00,"1,144.00"
2019-11-27,2019112701002512,API,25,45,99,103.00,"10,197.00"
2019-11-27,2019112701002509,BARUN,29,56,490,88.00,"43,120.00"
2019-11-27,2019112701002474,BARUN,29,44,10,88.00,880.00
2019-11-27,2019112701002314,BARUN,49,44,10,89.00,890.00
2019-11-27,2019112701002313,BARUN,49,44,10,89.00,890.00
2019-11-27,2019112701002532,BFC,22,8,500,87.00,"43,500.00"
2019-11-27,2019112701002203,BFC,45,8,200,86.00,"17,200.00"
2019-11-27,2019112701002459,BOKL,45,1,50,216.00,"10,800.00"
2019-11-27,2019112701002326,BOKL,52,38,16,215.00,"3,440.00"
2019-11-27,2019112701002325,BOKL,51,38,20,215.00,"4,300.00"
2019-11-27,2019112701002324,BOKL,53,38,100,215.00,"21,500.00"
2019-11-27,2019112701002323,BOKL,59,38,50,215.00,"10,750.00"
2019-11-27,2019112701002322,BOKL,28,38,56,215.00,"12,040.00"
2019-11-27,2019112701002212,BOKL,28,11,220,215.00,"47,300.00"
2019-11-27,2019112701002461,CBBL,45,44,20,983.00,"19,660.00"
2019-11-27,2019112701002455,CBBL,45,4,30,983.00,"29,490.00"
2019-11-27,2019112701002417,CBBL,17,4,20,983.00,"19,660.00"
2019-11-27,2019112701002568,CBL,47,32,"3,000",136.00,"408,000.00"
2019-11-27,2019112701002567,CBL,47,32,529,136.00,"71,944.00"
2019-11-27,2019112701002562,CBL,5,58,17,135.00,"2,295.00"
2019-11-27,2019112701002561,CBL,29,58,473,135.00,"63,855.00"
2019-11-27,2019112701002259,CBL,28,32,"2,000",136.00,"272,000.00"
2019-11-27,2019112701002134,CBL,42,32,"1,471",136.00,"200,056.00"
2019-11-27,2019112701002128,CBL,42,48,29,136.00,"3,944.00"
2019-11-27,2019112701002570,CCBL,18,32,226,160.00,"36,160.00"
2019-11-27,2019112701002555,CCBL,32,32,778,160.00,"124,480.00"
2019-11-27,2019112701002494,CCBL,18,58,184,160.00,"29,440.00"
2019-11-27,2019112701002371,CCBL,36,58,117,160.00,"18,720.00"
2019-11-27,2019112701002338,CCBL,36,38,683,160.00,"109,280.00"
2019-11-27,2019112701002156,CHCL,4,55,500,356.00,"178,000.00"
2019-11-27,2019112701002155,CHCL,4,52,51,356.00,"18,156.00"
2019-11-27,2019112701002154,CHCL,4,13,48,355.00,"17,040.00"
2019-11-27,2019112701002149,CHCL,6,13,12,355.00,"4,260.00"
2019-11-27,2019112701002133,CHCL,6,40,38,355.00,"13,490.00"
2019-11-27,2019112701002132,CHCL,4,40,12,355.00,"4,260.00"
2019-11-27,2019112701002120,CLBSL,22,54,11,460.00,"5,060.00"
2019-11-27,2019112701002119,CLBSL,22,57,17,460.00,"7,820.00"
2019-11-27,2019112701002118,CLBSL,22,57,17,460.00,"7,820.00"
2019-11-27,2019112701002581,CZBIL,56,32,10,181.00,"1,810.00"
2019-11-27,2019112701002422,CZBIL,42,57,117,180.00,"21,060.00"
2019-11-27,2019112701002414,DBBL,42,6,"5,000",121.00,"605,000.00"
2019-11-27,2019112701002404,EBL,14,5,449,545.00,"244,705.00"
2019-11-27,2019112701002403,EBL,14,39,200,544.00,"108,800.00"
2019-11-27,2019112701002378,EBL,41,17,100,543.00,"54,300.00"
2019-11-27,2019112701002534,EDBL,22,11,300,280.00,"84,000.00"
2019-11-27,2019112701002471,EDBL,59,11,200,280.00,"56,000.00"
2019-11-27,2019112701002427,EDBL,58,52,227,279.00,"63,333.00"
2019-11-27,2019112701002420,EDBL,58,52,500,279.00,"139,500.00"
2019-11-27,2019112701002366,EDBL,58,38,17,279.00,"4,743.00"
2019-11-27,2019112701002365,EDBL,39,38,200,279.00,"55,800.00"
2019-11-27,2019112701002217,FOWAD,55,47,18,"1,335.00","24,030.00"
2019-11-27,2019112701002170,FOWAD,32,17,20,"1,338.00","26,760.00"
2019-11-27,2019112701002585,GBBL,34,4,500,223.00,"111,500.00"
2019-11-27,2019112701002312,GBBL,42,4,50,223.00,"11,150.00"
2019-11-27,2019112701002308,GBBL,17,50,21,222.00,"4,662.00"
2019-11-27,2019112701002307,GBBL,25,50,100,222.00,"22,200.00"
2019-11-27,2019112701002416,GFCL,33,49,100,130.00,"13,000.00"
2019-11-27,2019112701002415,GFCL,59,49,40,130.00,"5,200.00"
2019-11-27,2019112701002192,GGBSL,13,47,20,629.00,"12,580.00"
2019-11-27,2019112701002171,GGBSL,37,34,120,630.00,"75,600.00"
2019-11-27,2019112701002486,GGBSL,7,58,10,634.00,"6,340.00"
2019-11-27,2019112701002485,GGBSL,7,58,10,634.00,"6,340.00"
2019-11-27,2019112701002288,GGBSL,58,42,323,634.00,"204,782.00"
2019-11-27,2019112701002283,GGBSL,7,34,130,631.00,"82,030.00"
2019-11-27,2019112701002282,GGBSL,7,19,10,630.00,"6,300.00"
2019-11-27,2019112701002281,GGBSL,7,19,10,630.00,"6,300.00"
2019-11-27,2019112701002492,GGBSL,7,34,100,638.00,"63,800.00"
2019-11-27,2019112701002491,GGBSL,7,41,40,635.00,"25,400.00"
2019-11-27,2019112701002490,GGBSL,7,19,10,635.00,"6,350.00"
2019-11-27,2019112701002489,GGBSL,7,34,10,635.00,"6,350.00"
2019-11-27,2019112701002488,GGBSL,7,29,10,635.00,"6,350.00"
2019-11-27,2019112701002487,GGBSL,7,58,10,634.00,"6,340.00"
2019-11-27,2019112701002386,GILB,6,13,268,765.00,"205,020.00"
2019-11-27,2019112701002385,GILB,6,22,10,765.00,"7,650.00"
2019-11-27,2019112701002384,GILB,6,19,22,762.00,"16,764.00"
2019-11-27,2019112701002286,GRDBL,7,43,20,100.00,"2,000.00"
2019-11-27,2019112701002410,HBL,41,5,123,475.00,"58,425.00"
2019-11-27,2019112701002300,HBL,29,5,200,475.00,"95,000.00"
2019-11-27,2019112701002299,HBL,54,5,10,475.00,"4,750.00"
2019-11-27,2019112701002298,HBL,54,5,10,475.00,"4,750.00"
2019-11-27,2019112701002297,HBL,34,5,100,475.00,"47,500.00"
2019-11-27,2019112701002539,HDL,26,45,60,"1,772.00","106,320.00"
2019-11-27,2019112701002406,HDL,26,44,40,"1,772.00","70,880.00"
2019-11-27,2019112701002405,HDL,35,44,10,"1,773.00","17,730.00"
2019-11-27,2019112701002377,HDL,41,33,130,"1,775.00","230,750.00"
2019-11-27,2019112701002197,HDL,41,48,55,"1,780.00","97,900.00"
2019-11-27,2019112701002148,HDL,58,53,100,"1,780.00","178,000.00"
2019-11-27,2019112701002190,HGI,38,34,60,240.00,"14,400.00"
2019-11-27,2019112701002392,HIDCL,43,57,31,132.00,"4,092.00"
2019-11-27,2019112701002364,HIDCL,43,57,31,132.00,"4,092.00"
2019-11-27,2019112701002356,HIDCL,43,57,31,132.00,"4,092.00"
2019-11-27,2019112701002334,HIDCL,43,57,31,132.00,"4,092.00"
2019-11-27,2019112701002315,HIDCL,43,57,31,132.00,"4,092.00"
2019-11-27,2019112701002301,HIDCL,43,57,12,132.00,"1,584.00"
2019-11-27,2019112701002232,ICFC,43,47,"1,000",155.00,"155,000.00"
2019-11-27,2019112701002231,ICFC,6,47,"2,000",155.00,"310,000.00"
2019-11-27,2019112701002594,ILBS,52,33,40,485.00,"19,400.00"
2019-11-27,2019112701002593,ILBS,52,45,10,484.00,"4,840.00"
2019-11-27,2019112701002552,ILBS,44,33,60,485.00,"29,100.00"
2019-11-27,2019112701002505,ILBS,44,39,40,485.00,"19,400.00"
2019-11-27,2019112701002501,ILBS,45,45,10,484.00,"4,840.00"
2019-11-27,2019112701002318,ILBS,39,21,10,483.00,"4,830.00"
2019-11-27,2019112701002294,ILBS,52,58,40,486.00,"19,440.00"
2019-11-27,2019112701002246,ILBS,29,58,10,486.00,"4,860.00"
2019-11-27,2019112701002245,ILBS,29,41,10,486.00,"4,860.00"
2019-11-27,2019112701002214,JBBL,42,13,213,158.00,"33,654.00"
2019-11-27,2019112701002213,JBBL,57,13,400,158.00,"63,200.00"
2019-11-27,2019112701002508,JFL,28,17,"1,000",190.00,"190,000.00"
2019-11-27,2019112701002177,JFL,17,17,500,190.00,"95,000.00"
2019-11-27,2019112701002514,JOSHI,51,42,10,56.00,560.00
2019-11-27,2019112701002566,JSLBB,37,45,60,"1,165.00","69,900.00"
2019-11-27,2019112701002565,JSLBB,37,34,50,"1,164.00","58,200.00"
2019-11-27,2019112701002564,JSLBB,37,1,50,"1,161.00","58,050.00"
2019-11-27,2019112701002409,JSLBB,34,22,14,"1,155.00","16,170.00"
2019-11-27,2019112701002579,KBL,58,46,15,180.00,"2,700.00"
2019-11-27,2019112701002578,KBL,58,58,45,179.00,"8,055.00"
2019-11-27,2019112701002525,KBL,37,1,411,177.00,"72,747.00"
2019-11-27,2019112701002524,KBL,14,1,147,178.00,"26,166.00"
2019-11-27,2019112701002511,KBL,14,49,53,178.00,"9,434.00"
2019-11-27,2019112701002510,KBL,45,58,50,179.00,"8,950.00"
2019-11-27,2019112701002590,KPCL,6,56,40,85.00,"3,400.00"
2019-11-27,2019112701002589,KPCL,6,54,10,84.00,840.00
2019-11-27,2019112701002195,KPCL,56,54,10,84.00,840.00
2019-11-27,2019112701002531,KSBBL,38,25,73,133.00,"9,709.00"
2019-11-27,2019112701002530,KSBBL,41,25,18,134.00,"2,412.00"
2019-11-27,2019112701002426,KSBBL,41,32,537,134.00,"71,958.00"
2019-11-27,2019112701002293,KSBBL,38,41,394,133.00,"52,402.00"
2019-11-27,2019112701002292,KSBBL,25,41,300,133.00,"39,900.00"
2019-11-27,2019112701002291,KSBBL,58,41,256,133.00,"34,048.00"
2019-11-27,2019112701002290,KSBBL,54,41,50,134.00,"6,700.00"
2019-11-27,2019112701002535,LBBL,57,58,376,169.00,"63,544.00"
2019-11-27,2019112701002533,LBBL,59,58,300,169.00,"50,700.00"
2019-11-27,2019112701002285,LBBL,34,21,27,170.00,"4,590.00"
2019-11-27,2019112701002121,LBBL,25,38,192,170.00,"32,640.00"
2019-11-27,2019112701002164,LBL,26,39,200,216.00,"43,200.00"
2019-11-27,2019112701002163,LBL,45,39,100,216.00,"21,600.00"
2019-11-27,2019112701002583,LICN,14,1,17,907.00,"15,419.00"
2019-11-27,2019112701002582,LICN,58,1,54,910.00,"49,140.00"
2019-11-27,2019112701002430,LICN,58,49,296,910.00,"269,360.00"
2019-11-27,2019112701002261,LICN,48,49,20,910.00,"18,200.00"
2019-11-27,2019112701002106,LLBS,29,1,34,563.00,"19,142.00"
2019-11-27,2019112701002104,LLBS,6,1,50,570.00,"28,500.00"
2019-11-27,2019112701002103,LLBS,47,1,26,572.00,"14,872.00"
2019-11-27,2019112701002547,MBL,19,1,66,214.00,"14,124.00"
2019-11-27,2019112701002546,MBL,25,1,32,214.00,"6,848.00"
2019-11-27,2019112701002321,MBL,50,49,150,215.00,"32,250.00"
2019-11-27,2019112701002157,MBL,57,46,440,215.00,"94,600.00"
2019-11-27,2019112701002136,MBL,57,13,60,215.00,"12,900.00"
2019-11-27,2019112701002496,MEGA,37,49,55,181.00,"9,955.00"
2019-11-27,2019112701002442,MEGA,45,13,50,182.00,"9,100.00"
2019-11-27,2019112701002198,MEGA,59,32,10,181.00,"1,810.00"
2019-11-27,2019112701002188,MEGA,47,13,358,182.00,"65,156.00"
2019-11-27,2019112701002172,MEGA,42,13,46,182.00,"8,372.00"
2019-11-27,2019112701002127,MEGA,42,32,54,182.00,"9,828.00"
2019-11-27,2019112701002126,MEGA,59,32,50,182.00,"9,100.00"
2019-11-27,2019112701002435,MEGA,41,13,333,182.00,"60,606.00"
2019-11-27,2019112701002381,MEGA,26,13,35,182.00,"6,370.00"
2019-11-27,2019112701002370,MEGA,37,26,35,181.00,"6,335.00"
2019-11-27,2019112701002199,MEGA,37,32,94,181.00,"17,014.00"
2019-11-27,2019112701002273,MFIL,32,5,"1,419",125.00,"177,375.00"
2019-11-27,2019112701002228,MFIL,43,38,"2,000",127.00,"254,000.00"
2019-11-27,2019112701002287,MHNL,14,56,40,75.00,"3,000.00"
2019-11-27,2019112701002224,MLBBL,29,32,30,460.00,"13,800.00"
2019-11-27,2019112701002223,MLBBL,29,20,100,458.00,"45,800.00"
2019-11-27,2019112701002466,MLBL,32,44,258,170.00,"43,860.00"
2019-11-27,2019112701002465,MLBL,13,44,85,170.00,"14,450.00"
2019-11-27,2019112701002208,MLBL,32,4,160,173.00,"27,680.00"
2019-11-27,2019112701002207,MLBL,32,13,37,172.00,"6,364.00"
2019-11-27,2019112701002598,MNBBL,4,17,150,312.00,"46,800.00"
2019-11-27,2019112701002563,MNBBL,4,17,150,312.00,"46,800.00"
2019-11-27,2019112701002472,MNBBL,4,17,100,312.00,"31,200.00"
2019-11-27,2019112701002355,MNBBL,6,38,164,310.00,"50,840.00"
2019-11-27,2019112701002306,MNBBL,1,49,171,312.00,"53,352.00"
2019-11-27,2019112701002305,MNBBL,29,49,40,312.00,"12,480.00"
2019-11-27,2019112701002182,MNBBL,4,49,150,313.00,"46,950.00"
2019-11-27,2019112701002354,MNBBL,37,38,90,310.00,"27,900.00"
2019-11-27,2019112701002353,MNBBL,59,38,100,310.00,"31,000.00"
2019-11-27,2019112701002352,MNBBL,58,38,100,310.00,"31,000.00"
2019-11-27,2019112701002351,MNBBL,47,38,111,310.00,"34,410.00"
2019-11-27,2019112701002310,MNBBL,3,17,50,312.00,"15,600.00"
2019-11-27,2019112701002309,MNBBL,1,17,29,312.00,"9,048.00"
2019-11-27,2019112701002545,MSMBS,52,1,221,475.00,"104,975.00"
2019-11-27,2019112701002544,MSMBS,52,43,100,474.00,"47,400.00"
2019-11-27,2019112701002507,NABIL,35,17,20,732.00,"14,640.00"
2019-11-27,2019112701002458,NABIL,41,17,23,732.00,"16,836.00"
2019-11-27,2019112701002446,NABIL,41,8,100,732.00,"73,200.00"
2019-11-27,2019112701002336,NABIL,3,58,50,730.00,"36,500.00"
2019-11-27,2019112701002335,NABIL,34,58,"3,745",730.00,"2,733,850.00"
2019-11-27,2019112701002331,NABIL,34,58,"2,255",730.00,"1,646,150.00"
2019-11-27,2019112701002117,NABIL,29,32,200,734.00,"146,800.00"
2019-11-27,2019112701002252,NABIL,32,5,20,730.00,"14,600.00"
2019-11-27,2019112701002251,NABIL,34,5,616,730.00,"449,680.00"
2019-11-27,2019112701002250,NABIL,52,5,50,731.00,"36,550.00"
2019-11-27,2019112701002249,NABIL,35,5,552,731.00,"403,512.00"
2019-11-27,2019112701002248,NABIL,39,5,20,731.00,"14,620.00"
2019-11-27,2019112701002247,NABIL,57,5,222,731.00,"162,282.00"
2019-11-27,2019112701002262,NABIL,16,17,100,733.00,"73,300.00"
2019-11-27,2019112701002257,NABIL,58,5,305,730.00,"222,650.00"
2019-11-27,2019112701002256,NABIL,45,5,35,730.00,"25,550.00"
2019-11-27,2019112701002255,NABIL,57,5,100,730.00,"73,000.00"
2019-11-27,2019112701002254,NABIL,14,5,50,730.00,"36,500.00"
2019-11-27,2019112701002253,NABIL,22,5,30,730.00,"21,900.00"
2019-11-27,2019112701002330,NABIL,34,58,"3,000",730.00,"2,190,000.00"
2019-11-27,2019112701002329,NABIL,25,58,50,730.00,"36,500.00"
2019-11-27,2019112701002328,NABIL,46,58,500,730.00,"365,000.00"
2019-11-27,2019112701002327,NABIL,58,58,195,730.00,"142,350.00"
2019-11-27,2019112701002268,NABIL,21,17,100,733.00,"73,300.00"
2019-11-27,2019112701002267,NABIL,19,17,300,733.00,"219,900.00"
2019-11-27,2019112701002451,NBB,37,1,136,201.00,"27,336.00"
2019-11-27,2019112701002450,NBB,7,1,20,201.00,"4,020.00"
2019-11-27,2019112701002449,NBB,36,1,44,201.00,"8,844.00"
2019-11-27,2019112701002373,NBB,36,49,56,201.00,"11,256.00"
2019-11-27,2019112701002372,NBB,52,49,94,201.00,"18,894.00"
2019-11-27,2019112701002556,NBL,10,5,640,314.00,"200,960.00"
2019-11-27,2019112701002470,NBL,10,39,"1,400",314.00,"439,600.00"
2019-11-27,2019112701002457,NBL,5,57,48,314.00,"15,072.00"
2019-11-27,2019112701002456,NBL,5,57,52,314.00,"16,328.00"
2019-11-27,2019112701002440,NBL,29,7,40,313.00,"12,520.00"
2019-11-27,2019112701002439,NBL,35,7,30,313.00,"9,390.00"
2019-11-27,2019112701002165,NBL,10,32,500,314.00,"157,000.00"
2019-11-27,2019112701002438,NBL,35,7,30,313.00,"9,390.00"
2019-11-27,2019112701002437,NBL,44,7,200,313.00,"62,600.00"
2019-11-27,2019112701002436,NBL,44,7,200,313.00,"62,600.00"
2019-11-27,2019112701002382,NBL,28,57,10,314.00,"3,140.00"
2019-11-27,2019112701002363,NBL,3,57,50,314.00,"15,700.00"
2019-11-27,2019112701002275,NBL,38,57,100,314.00,"31,400.00"
2019-11-27,2019112701002537,NCCB,48,5,100,199.00,"19,900.00"
2019-11-27,2019112701002536,NCCB,33,5,470,199.00,"93,530.00"
2019-11-27,2019112701002395,NCCB,33,49,30,199.00,"5,970.00"
2019-11-27,2019112701002394,NCCB,51,49,20,199.00,"3,980.00"
2019-11-27,2019112701002393,NCCB,59,49,10,199.00,"1,990.00"
2019-11-27,2019112701002233,NHDL,56,34,20,108.00,"2,160.00"
2019-11-27,2019112701002183,NHPC,57,51,"1,000",51.00,"51,000.00"
2019-11-27,2019112701002162,NHPC,7,51,"1,305",50.00,"65,250.00"
2019-11-27,2019112701002161,NHPC,33,51,900,50.00,"45,000.00"
2019-11-27,2019112701002152,NHPC,52,51,270,51.00,"13,770.00"
2019-11-27,2019112701002151,NHPC,45,51,525,52.00,"27,300.00"
2019-11-27,2019112701002502,NIB,19,43,12,417.00,"5,004.00"
2019-11-27,2019112701002495,NIB,55,25,103,416.00,"42,848.00"
2019-11-27,2019112701002448,NIB,55,57,44,416.00,"18,304.00"
2019-11-27,2019112701002444,NIB,55,57,44,416.00,"18,304.00"
2019-11-27,2019112701002431,NIB,55,57,44,416.00,"18,304.00"
2019-11-27,2019112701002412,NIB,55,57,94,416.00,"39,104.00"
2019-11-27,2019112701002235,NIB,3,11,50,416.00,"20,800.00"
2019-11-27,2019112701002399,NIB,55,32,"1,144",416.00,"475,904.00"
2019-11-27,2019112701002398,NIB,3,32,36,416.00,"14,976.00"
2019-11-27,2019112701002397,NIB,41,43,79,417.00,"32,943.00"
2019-11-27,2019112701002396,NIB,41,26,44,417.00,"18,348.00"
2019-11-27,2019112701002379,NIB,3,57,44,416.00,"18,304.00"
2019-11-27,2019112701002304,NIB,7,57,17,417.00,"7,089.00"
2019-11-27,2019112701002576,NICA,34,45,"1,920",406.00,"779,520.00"
2019-11-27,2019112701002575,NICA,34,49,221,406.00,"89,726.00"
2019-11-27,2019112701002360,NICA,34,49,29,406.00,"11,774.00"
2019-11-27,2019112701002350,NICA,34,33,171,406.00,"69,426.00"
2019-11-27,2019112701002349,NICA,41,33,300,406.00,"121,800.00"
2019-11-27,2019112701002348,NICA,19,33,500,406.00,"203,000.00"
2019-11-27,2019112701002187,NICA,52,45,80,407.00,"32,560.00"
2019-11-27,2019112701002153,NICA,49,13,150,407.00,"61,050.00"
2019-11-27,2019112701002123,NICA,6,45,100,408.00,"40,800.00"
2019-11-27,2019112701002122,NICA,6,41,17,408.00,"6,936.00"
2019-11-27,2019112701002110,NICA,53,41,800,408.00,"326,400.00"
2019-11-27,2019112701002105,NICA,45,40,70,407.00,"28,490.00"
2019-11-27,2019112701002347,NICA,45,33,200,406.00,"81,200.00"
2019-11-27,2019112701002346,NICA,42,33,100,406.00,"40,600.00"
2019-11-27,2019112701002345,NICA,57,33,29,406.00,"11,774.00"
2019-11-27,2019112701002344,NICA,41,33,200,406.00,"81,200.00"
2019-11-27,2019112701002317,NICA,57,25,171,406.00,"69,426.00"
2019-11-27,2019112701002316,NICA,58,25,50,406.00,"20,300.00"
2019-11-27,2019112701002584,NICL,25,26,15,244.00,"3,660.00"
2019-11-27,2019112701002569,NICL,55,56,589,241.00,"141,949.00"
2019-11-27,2019112701002595,NIL,4,28,17,375.00,"6,375.00"
2019-11-27,2019112701002272,NIL,11,28,45,375.00,"16,875.00"
2019-11-27,2019112701002215,NIL,4,33,45,375.00,"16,875.00"
2019-11-27,2019112701002206,NIL,4,33,55,375.00,"20,625.00"
2019-11-27,2019112701002189,NIL,4,32,45,375.00,"16,875.00"
2019-11-27,2019112701002130,NIL,4,32,100,375.00,"37,500.00"
2019-11-27,2019112701002129,NIL,6,32,79,375.00,"29,625.00"
2019-11-27,2019112701002108,NIL,6,58,51,375.00,"19,125.00"
2019-11-27,2019112701002407,NLG,16,49,10,500.00,"5,000.00"
2019-11-27,2019112701002367,NLG,11,45,60,505.00,"30,300.00"
2019-11-27,2019112701002102,NLG,38,45,10,510.00,"5,100.00"
2019-11-27,2019112701002101,NLG,38,43,20,506.00,"10,120.00"
2019-11-27,2019112701002597,NLIC,4,8,100,792.00,"79,200.00"
2019-11-27,2019112701002099,NLIC,34,5,98,790.00,"77,420.00"
2019-11-27,2019112701002580,NMB,4,46,100,383.00,"38,300.00"
2019-11-27,2019112701002574,NMB,57,46,200,382.00,"76,400.00"
2019-11-27,2019112701002573,NMB,57,50,62,382.00,"23,684.00"
2019-11-27,2019112701002554,NMB,4,50,178,382.00,"67,996.00"
2019-11-27,2019112701002553,NMB,4,18,72,382.00,"27,504.00"
2019-11-27,2019112701002526,NMB,41,18,123,382.00,"46,986.00"
2019-11-27,2019112701002113,NMB,39,16,48,382.00,"18,336.00"
2019-11-27,2019112701002112,NMB,39,46,514,382.00,"196,348.00"
2019-11-27,2019112701002111,NMB,39,22,716,382.00,"273,512.00"
2019-11-27,2019112701002178,NMB,58,46,163,381.00,"62,103.00"
2019-11-27,2019112701002147,NMB,45,46,337,382.00,"128,734.00"
2019-11-27,2019112701002146,NMB,45,32,163,382.00,"62,266.00"
2019-11-27,2019112701002116,NMB,39,32,337,382.00,"128,734.00"
2019-11-27,2019112701002115,NMB,39,41,348,382.00,"132,936.00"
2019-11-27,2019112701002114,NMB,39,54,37,382.00,"14,134.00"
2019-11-27,2019112701002278,NMB,4,49,30,382.00,"11,460.00"
2019-11-27,2019112701002276,NMB,46,46,30,383.00,"11,490.00"
2019-11-27,2019112701002269,NMB,4,13,50,382.00,"19,100.00"
2019-11-27,2019112701002210,NMB,4,13,100,382.00,"38,200.00"
2019-11-27,2019112701002180,NMB,4,32,80,382.00,"30,560.00"
2019-11-27,2019112701002179,NMB,4,40,70,382.00,"26,740.00"
2019-11-27,2019112701002504,NMB,37,18,25,382.00,"9,550.00"
2019-11-27,2019112701002467,NMB,5,18,20,382.00,"7,640.00"
2019-11-27,2019112701002464,NMB,4,18,60,382.00,"22,920.00"
2019-11-27,2019112701002463,NMB,4,49,40,382.00,"15,280.00"
2019-11-27,2019112701002358,NMB,58,5,550,381.00,"209,550.00"
2019-11-27,2019112701002357,NMB,33,49,80,382.00,"30,560.00"
2019-11-27,2019112701002522,NMBHF1,43,28,"16,608",8.35,"138,676.80"
2019-11-27,2019112701002216,NMBHF1,57,28,"8,452",8.35,"70,574.20"
2019-11-27,2019112701002201,NMBHF1,56,28,"4,940",8.35,"41,249.00"
2019-11-27,2019112701002476,NMBMF,1,45,140,481.00,"67,340.00"
2019-11-27,2019112701002475,NMBMF,32,45,10,481.00,"4,810.00"
2019-11-27,2019112701002141,NMFBS,45,5,50,"1,801.00","90,050.00"
2019-11-27,2019112701002140,NMFBS,45,33,195,"1,800.00","351,000.00"
2019-11-27,2019112701002139,NMFBS,45,36,50,"1,800.00","90,000.00"
2019-11-27,2019112701002138,NMFBS,45,41,15,"1,800.00","27,000.00"
2019-11-27,2019112701002551,NNLB,58,46,20,462.00,"9,240.00"
2019-11-27,2019112701002550,NNLB,42,46,60,463.00,"27,780.00"
2019-11-27,2019112701002549,NNLB,42,46,20,464.00,"9,280.00"
2019-11-27,2019112701002543,NTC,28,34,10,630.00,"6,300.00"
2019-11-27,2019112701002542,NTC,28,36,10,630.00,"6,300.00"
2019-11-27,2019112701002454,NTC,8,34,150,625.00,"93,750.00"
2019-11-27,2019112701002453,NTC,8,42,"1,315",625.00,"821,875.00"
2019-11-27,2019112701002452,NTC,8,42,540,625.00,"337,500.00"
2019-11-27,2019112701002218,NTC,4,42,100,625.00,"62,500.00"
2019-11-27,2019112701002194,NTC,4,42,150,625.00,"93,750.00"
2019-11-27,2019112701002173,NTC,4,42,50,625.00,"31,250.00"
2019-11-27,2019112701002109,NTC,4,45,100,625.00,"62,500.00"
2019-11-27,2019112701002277,NTC,4,42,80,625.00,"50,000.00"
2019-11-27,2019112701002274,NTC,4,42,80,625.00,"50,000.00"
2019-11-27,2019112701002211,NUBL,34,5,335,888.00,"297,480.00"
2019-11-27,2019112701002202,NUBL,33,4,100,889.00,"88,900.00"
2019-11-27,2019112701002150,NUBL,6,4,125,889.00,"111,125.00"
2019-11-27,2019112701002587,PCBL,34,39,80,273.00,"21,840.00"
2019-11-27,2019112701002586,PCBL,34,39,403,273.00,"110,019.00"
2019-11-27,2019112701002571,PCBL,45,45,125,274.00,"34,250.00"
2019-11-27,2019112701002521,PCBL,43,45,121,274.00,"33,154.00"
2019-11-27,2019112701002518,PCBL,43,34,200,274.00,"54,800.00"
2019-11-27,2019112701002423,PCBL,43,5,"1,679",274.00,"460,046.00"
2019-11-27,2019112701002167,PCBL,26,58,19,274.00,"5,206.00"
2019-11-27,2019112701002166,PCBL,26,22,231,274.00,"63,294.00"
2019-11-27,2019112701002125,PCBL,34,11,40,273.00,"10,920.00"
2019-11-27,2019112701002483,PIC,6,41,11,339.00,"3,729.00"
2019-11-27,2019112701002411,PIC,47,38,20,338.00,"6,760.00"
2019-11-27,2019112701002596,PICL,43,49,60,365.00,"21,900.00"
2019-11-27,2019112701002493,PLIC,57,1,200,306.00,"61,200.00"
2019-11-27,2019112701002481,PLIC,29,1,444,307.00,"136,308.00"
2019-11-27,2019112701002333,PLIC,29,28,56,307.00,"17,192.00"
2019-11-27,2019112701002295,PPCL,1,56,30,99.00,"2,970.00"
2019-11-27,2019112701002519,PRVU,29,45,300,223.00,"66,900.00"
2019-11-27,2019112701002413,PRVU,41,28,123,224.00,"27,552.00"
2019-11-27,2019112701002337,PRVU,29,50,25,223.00,"5,575.00"
2019-11-27,2019112701002289,RHPC,47,4,232,77.00,"17,864.00"
2019-11-27,2019112701002588,RHPL,59,45,40,163.00,"6,520.00"
2019-11-27,2019112701002480,RHPL,59,45,40,163.00,"6,520.00"
2019-11-27,2019112701002447,RHPL,59,49,50,163.00,"8,150.00"
2019-11-27,2019112701002441,RHPL,59,32,40,163.00,"6,520.00"
2019-11-27,2019112701002260,RHPL,59,45,40,163.00,"6,520.00"
2019-11-27,2019112701002193,RHPL,59,45,40,163.00,"6,520.00"
2019-11-27,2019112701002100,RRHP,47,33,10,97.00,970.00
2019-11-27,2019112701002230,SABSL,17,8,100,475.00,"47,500.00"
2019-11-27,2019112701002229,SABSL,17,42,10,472.00,"4,720.00"
2019-11-27,2019112701002219,SABSL,45,45,10,468.00,"4,680.00"
2019-11-27,2019112701002425,SADBL,17,59,21,135.00,"2,835.00"
2019-11-27,2019112701002424,SADBL,50,59,12,135.00,"1,620.00"
2019-11-27,2019112701002443,SAEF,43,21,"5,000",8.41,"42,050.00"
2019-11-27,2019112701002380,SAEF,6,38,"1,000",8.26,"8,260.00"
2019-11-27,2019112701002362,SAEF,6,38,"3,000",8.26,"24,780.00"
2019-11-27,2019112701002559,SANIMA,33,1,43,305.00,"13,115.00"
2019-11-27,2019112701002558,SANIMA,47,1,10,305.00,"3,050.00"
2019-11-27,2019112701002557,SANIMA,52,1,98,305.00,"29,890.00"
2019-11-27,2019112701002320,SANIMA,52,49,214,305.00,"65,270.00"
2019-11-27,2019112701002143,SANIMA,52,1,80,305.00,"24,400.00"
2019-11-27,2019112701002538,SAPDBL,36,51,22,118.00,"2,596.00"
2019-11-27,2019112701002499,SAPDBL,1,51,366,117.00,"42,822.00"
2019-11-27,2019112701002271,SBI,59,17,200,386.00,"77,200.00"
2019-11-27,2019112701002270,SBI,44,17,199,386.00,"76,814.00"
2019-11-27,2019112701002137,SBI,59,32,100,386.00,"38,600.00"
2019-11-27,2019112701002517,SBL,49,1,161,279.00,"44,919.00"
2019-11-27,2019112701002479,SCB,29,25,498,525.00,"261,450.00"
2019-11-27,2019112701002478,SCB,53,25,10,526.00,"5,260.00"
2019-11-27,2019112701002477,SCB,41,25,50,526.00,"26,300.00"
2019-11-27,2019112701002515,SDESI,21,11,100,530.00,"53,000.00"
2019-11-27,2019112701002311,SDESI,21,16,200,530.00,"106,000.00"
2019-11-27,2019112701002419,SHIVM,26,25,270,392.00,"105,840.00"
2019-11-27,2019112701002418,SHIVM,21,25,50,392.00,"19,600.00"
2019-11-27,2019112701002296,SHIVM,21,39,20,395.00,"7,900.00"
2019-11-27,2019112701002174,SHIVM,48,7,35,395.00,"13,825.00"
2019-11-27,2019112701002160,SHIVM,21,35,30,393.00,"11,790.00"
2019-11-27,2019112701002158,SHIVM,21,7,15,395.00,"5,925.00"
2019-11-27,2019112701002266,SHIVM,45,42,500,393.00,"196,500.00"
2019-11-27,2019112701002265,SHIVM,52,42,30,393.00,"11,790.00"
2019-11-27,2019112701002264,SHIVM,42,42,10,393.00,"3,930.00"
2019-11-27,2019112701002263,SHIVM,21,42,20,393.00,"7,860.00"
2019-11-27,2019112701002176,SHIVM,48,39,300,396.00,"118,800.00"
2019-11-27,2019112701002175,SHIVM,48,46,100,395.00,"39,500.00"
2019-11-27,2019112701002244,SHL,28,47,200,207.00,"41,400.00"
2019-11-27,2019112701002243,SHL,6,47,300,207.00,"62,100.00"
2019-11-27,2019112701002242,SHL,43,47,"1,000",207.00,"207,000.00"
2019-11-27,2019112701002241,SHL,17,47,100,207.00,"20,700.00"
2019-11-27,2019112701002240,SHL,49,47,"1,000",208.00,"208,000.00"
2019-11-27,2019112701002239,SHL,25,47,200,208.00,"41,600.00"
2019-11-27,2019112701002238,SHL,42,47,"1,000",208.00,"208,000.00"
2019-11-27,2019112701002237,SHL,22,47,100,209.00,"20,900.00"
2019-11-27,2019112701002236,SHL,57,47,100,209.00,"20,900.00"
2019-11-27,2019112701002572,SHPC,48,46,50,182.00,"9,100.00"
2019-11-27,2019112701002469,SHPC,6,46,150,182.00,"27,300.00"
2019-11-27,2019112701002303,SHPC,48,46,50,182.00,"9,100.00"
2019-11-27,2019112701002284,SHPC,1,41,"1,000",180.00,"180,000.00"
2019-11-27,2019112701002391,SIC,29,1,105,415.00,"43,575.00"
2019-11-27,2019112701002390,SIC,8,1,50,415.00,"20,750.00"
2019-11-27,2019112701002389,SIC,34,1,20,416.00,"8,320.00"
2019-11-27,2019112701002388,SIC,40,1,17,418.00,"7,106.00"
2019-11-27,2019112701002368,SIC,22,1,60,422.00,"25,320.00"
2019-11-27,2019112701002258,SICL,38,44,100,745.00,"74,500.00"
2019-11-27,2019112701002428,SIFC,52,45,25,149.00,"3,725.00"
2019-11-27,2019112701002516,SIL,4,53,100,370.00,"37,000.00"
2019-11-27,2019112701002191,SIL,4,38,100,371.00,"37,100.00"
2019-11-27,2019112701002159,SINDU,59,29,10,124.00,"1,240.00"
2019-11-27,2019112701002591,SJCL,40,45,20,153.00,"3,060.00"
2019-11-27,2019112701002506,SJCL,1,10,70,155.00,"10,850.00"
2019-11-27,2019112701002482,SJCL,1,45,20,155.00,"3,100.00"
2019-11-27,2019112701002445,SJCL,1,32,20,155.00,"3,100.00"
2019-11-27,2019112701002434,SJCL,1,45,20,155.00,"3,100.00"
2019-11-27,2019112701002433,SJCL,1,45,20,155.00,"3,100.00"
2019-11-27,2019112701002361,SKBBL,40,44,100,914.00,"91,400.00"
2019-11-27,2019112701002169,SKBBL,50,46,59,915.00,"53,985.00"
2019-11-27,2019112701002168,SKBBL,33,46,100,916.00,"91,600.00"
2019-11-27,2019112701002529,SLBBL,17,44,10,622.00,"6,220.00"
2019-11-27,2019112701002528,SLBBL,32,44,100,622.00,"62,200.00"
2019-11-27,2019112701002184,SLBBL,35,58,15,625.00,"9,375.00"
2019-11-27,2019112701002185,SLBBL,57,58,50,625.00,"31,250.00"
2019-11-27,2019112701002527,SLBBL,47,44,100,622.00,"62,200.00"
2019-11-27,2019112701002400,SLBBL,35,7,200,623.00,"124,600.00"
2019-11-27,2019112701002342,SLBBL,35,45,100,623.00,"62,300.00"
2019-11-27,2019112701002523,SLBSL,1,41,10,707.00,"7,070.00"
2019-11-27,2019112701002383,SLICL,29,7,10,248.00,"2,480.00"
2019-11-27,2019112701002332,SLICL,29,44,10,251.00,"2,510.00"
2019-11-27,2019112701002280,SLICL,29,32,50,247.00,"12,350.00"
2019-11-27,2019112701002279,SLICL,29,38,10,247.00,"2,470.00"
2019-11-27,2019112701002592,SMATA,57,44,10,482.00,"4,820.00"
2019-11-27,2019112701002376,SMATA,42,45,10,483.00,"4,830.00"
2019-11-27,2019112701002375,SMATA,45,45,10,483.00,"4,830.00"
2019-11-27,2019112701002374,SMATA,33,45,100,484.00,"48,400.00"
2019-11-27,2019112701002186,SMB,20,41,10,422.00,"4,220.00"
2019-11-27,2019112701002462,SMFBS,25,34,30,800.00,"24,000.00"
2019-11-27,2019112701002341,SMFBS,25,58,10,785.00,"7,850.00"
2019-11-27,2019112701002234,SMFBS,45,43,10,785.00,"7,850.00"
2019-11-27,2019112701002124,SMFBS,41,41,10,781.00,"7,810.00"
2019-11-27,2019112701002503,SPDL,45,45,"1,921",82.00,"157,522.00"
2019-11-27,2019112701002302,SPDL,45,45,"1,921",82.00,"157,522.00"
2019-11-27,2019112701002227,SPDL,45,45,"1,911",82.00,"156,702.00"
2019-11-27,2019112701002226,SPDL,56,45,10,83.00,830.00
2019-11-27,2019112701002131,SPDL,45,45,"1,921",82.00,"157,522.00"
2019-11-27,2019112701002520,SRBL,44,45,150,209.00,"31,350.00"
2019-11-27,2019112701002484,SRBL,44,44,127,209.00,"26,543.00"
2019-11-27,2019112701002145,SRBL,46,50,88,210.00,"18,480.00"
2019-11-27,2019112701002144,SRBL,46,46,112,210.00,"23,520.00"
2019-11-27,2019112701002577,STC,25,22,10,"1,346.00","13,460.00"
2019-11-27,2019112701002548,STC,25,22,10,"1,320.00","13,200.00"
2019-11-27,2019112701002497,STC,16,22,100,"1,295.00","129,500.00"
2019-11-27,2019112701002473,STC,6,22,20,"1,321.00","26,420.00"
2019-11-27,2019112701002429,STC,6,22,22,"1,347.00","29,634.00"
2019-11-27,2019112701002200,STC,25,14,10,"1,374.00","13,740.00"
2019-11-27,2019112701002225,SWBBL,45,42,100,930.00,"93,000.00"
2019-11-27,2019112701002196,TMDBL,25,34,100,141.00,"14,100.00"
2019-11-27,2019112701002432,UIC,37,49,60,219.00,"13,140.00"
2019-11-27,2019112701002402,UMHL,20,57,14,101.00,"1,414.00"
2019-11-27,2019112701002401,UMHL,8,57,144,101.00,"14,544.00"
2019-11-27,2019112701002369,UMHL,8,57,14,101.00,"1,414.00"
2019-11-27,2019112701002359,UMHL,8,57,14,101.00,"1,414.00"
2019-11-27,2019112701002343,UMHL,8,57,14,101.00,"1,414.00"
2019-11-27,2019112701002319,UMHL,8,57,14,101.00,"1,414.00"
2019-11-27,2019112701002541,UPPER,55,8,16,225.00,"3,600.00"
2019-11-27,2019112701002540,UPPER,1,8,34,225.00,"7,650.00"
2019-11-27,2019112701002181,UPPER,52,13,40,225.00,"9,000.00"
2019-11-27,2019112701002142,UPPER,55,13,30,225.00,"6,750.00"
2019-11-27,2019112701002135,UPPER,55,20,20,225.00,"4,500.00"
2019-11-27,2019112701002107,UPPER,55,22,50,225.00,"11,250.00"
2019-11-27,2019112701002339,UPPER,35,49,34,225.00,"7,650.00"
2019-11-27,2019112701002222,UPPER,35,8,216,225.00,"48,600.00"
2019-11-27,2019112701002221,UPPER,35,13,80,225.00,"18,000.00"
2019-11-27,2019112701002220,UPPER,35,40,70,225.00,"15,750.00"
2019-11-27,2019112701002421,UPPER,1,49,66,225.00,"14,850.00"
2019-11-27,2019112701002387,UPPER,44,42,40,224.00,"8,960.00"
2019-11-27,2019112701002340,UPPER,44,49,50,225.00,"11,250.00"
2019-11-27,2019112701002560,VLBS,51,45,300,590.00,"177,000.00"
2019-11-27,2019112701002498,VLBS,5,11,100,591.00,"59,100.00"
2019-11-27,2019112701002460,VLBS,42,44,13,593.00,"7,709.00"
2019-11-27,2019112701002093,ADBL,49,19,97,406.00,"39,382.00"
2019-11-27,2019112701002092,ADBL,49,19,171,406.00,"69,426.00"
2019-11-27,2019112701002090,ADBL,28,19,68,407.00,"27,676.00"
2019-11-27,2019112701001852,ADBL,28,52,82,407.00,"33,374.00"
2019-11-27,2019112701001851,ADBL,1,52,30,407.00,"12,210.00"
2019-11-27,2019112701002012,AHPC,59,42,100,95.00,"9,500.00"
2019-11-27,2019112701001880,AHPC,25,4,108,94.00,"10,152.00"
2019-11-27,2019112701002084,AKBSL,21,6,10,424.00,"4,240.00"
2019-11-27,2019112701002061,AKBSL,21,54,10,424.00,"4,240.00"
2019-11-27,2019112701002056,AKBSL,43,54,10,425.00,"4,250.00"
2019-11-27,2019112701001958,AKBSL,43,52,10,425.00,"4,250.00"
2019-11-27,2019112701001881,AKBSL,43,38,10,424.00,"4,240.00"
2019-11-27,2019112701001866,AKBSL,38,38,10,425.00,"4,250.00"
2019-11-27,2019112701001843,AKBSL,43,38,10,425.00,"4,250.00"
2019-11-27,2019112701001967,AKPL,6,58,10,115.00,"1,150.00"
2019-11-27,2019112701001764,AKPL,6,56,100,116.00,"11,600.00"
2019-11-27,2019112701001714,AKPL,58,59,35,114.00,"3,990.00"
2019-11-27,2019112701001687,AKPL,48,44,13,116.00,"1,508.00"
2019-11-27,2019112701001899,ALBSL,39,29,10,391.00,"3,910.00"
2019-11-27,2019112701001863,ALBSL,39,38,10,391.00,"3,910.00"
2019-11-27,2019112701002031,API,4,45,910,103.00,"93,730.00"
2019-11-27,2019112701002030,API,4,34,500,103.00,"51,500.00"
2019-11-27,2019112701002029,API,4,22,90,103.00,"9,270.00"
2019-11-27,2019112701002028,API,4,41,500,103.00,"51,500.00"
2019-11-27,2019112701001760,BFC,21,59,10,85.00,850.00
2019-11-27,2019112701001887,BOKL,52,39,300,216.00,"64,800.00"
2019-11-27,2019112701001886,BOKL,52,5,500,216.00,"108,000.00"
2019-11-27,2019112701001677,BOKL,28,39,200,215.00,"43,000.00"
2019-11-27,2019112701001676,BOKL,28,38,524,215.00,"112,660.00"
2019-11-27,2019112701001614,BOKL,32,38,10,215.00,"2,150.00"
2019-11-27,2019112701002013,BPCL,47,5,73,343.00,"25,039.00"
2019-11-27,2019112701001859,BPCL,47,52,22,341.00,"7,502.00"
2019-11-27,2019112701001856,BPCL,36,22,80,342.00,"27,360.00"
2019-11-27,2019112701001799,BPCL,35,22,20,342.00,"6,840.00"
2019-11-27,2019112701002003,CBBL,34,58,360,984.00,"354,240.00"
2019-11-27,2019112701001956,CBBL,39,18,50,985.00,"49,250.00"
2019-11-27,2019112701001888,CBBL,34,38,140,984.00,"137,760.00"
2019-11-27,2019112701002071,CBL,17,48,20,136.00,"2,720.00"
2019-11-27,2019112701001701,CBL,29,37,"3,000",136.00,"408,000.00"
2019-11-27,2019112701001601,CBL,29,1,150,135.00,"20,250.00"
2019-11-27,2019112701002001,CBLPO,58,39,"30,000",100.00,"3,000,000.00"
2019-11-27,2019112701001935,CBLPO,58,39,"10,000",100.00,"1,000,000.00"
2019-11-27,2019112701002008,CCBL,57,49,452,160.00,"72,320.00"
2019-11-27,2019112701002004,CCBL,17,49,50,160.00,"8,000.00"
2019-11-27,2019112701001981,CCBL,47,38,10,161.00,"1,610.00"
2019-11-27,2019112701001874,CCBL,17,47,10,160.00,"1,600.00"
2019-11-27,2019112701001766,CCBL,59,59,10,159.00,"1,590.00"
2019-11-27,2019112701001606,CCBL,32,38,861,160.00,"137,760.00"
2019-11-27,2019112701001976,CFCL,39,35,100,110.00,"11,000.00"
2019-11-27,2019112701001895,CFCL,39,52,50,110.00,"5,500.00"
2019-11-27,2019112701001864,CHCL,4,11,"1,400",354.00,"495,600.00"
2019-11-27,2019112701002074,CIT,33,26,10,"1,714.00","17,140.00"
2019-11-27,2019112701001686,CLBSL,7,54,11,455.00,"5,005.00"
2019-11-27,2019112701002026,CZBIL,17,14,200,181.00,"36,200.00"
2019-11-27,2019112701001773,CZBIL,17,52,140,181.00,"25,340.00"
2019-11-27,2019112701001772,CZBIL,17,52,200,181.00,"36,200.00"
2019-11-27,2019112701001756,CZBIL,26,52,160,181.00,"28,960.00"
2019-11-27,2019112701001755,CZBIL,26,57,140,181.00,"25,340.00"
2019-11-27,2019112701001836,DBBL,25,51,"1,000",122.00,"122,000.00"
2019-11-27,2019112701001835,DBBL,25,42,330,122.00,"40,260.00"
2019-11-27,2019112701002065,DDBL,35,50,150,730.00,"109,500.00"
2019-11-27,2019112701001940,DDBL,35,53,19,730.00,"13,870.00"
2019-11-27,2019112701001939,DDBL,35,49,300,730.00,"219,000.00"
2019-11-27,2019112701001938,DDBL,35,4,26,730.00,"18,980.00"
2019-11-27,2019112701001970,EDBL,36,52,50,281.00,"14,050.00"
2019-11-27,2019112701001797,EDBL,39,52,300,279.00,"83,700.00"
2019-11-27,2019112701001790,EDBL,26,52,100,280.00,"28,000.00"
2019-11-27,2019112701001789,EDBL,56,52,400,280.00,"112,000.00"
2019-11-27,2019112701001788,EDBL,36,52,200,280.00,"56,000.00"
2019-11-27,2019112701001782,EDBL,4,52,150,281.00,"42,150.00"
2019-11-27,2019112701001702,EDBL,4,52,200,281.00,"56,200.00"
2019-11-27,2019112701002066,FOWAD,43,48,100,"1,335.00","133,500.00"
2019-11-27,2019112701001599,FOWAD,28,17,103,"1,330.00","136,990.00"
2019-11-27,2019112701002064,GBBL,53,4,10,223.00,"2,230.00"
2019-11-27,2019112701002032,GBBL,1,4,100,223.00,"22,300.00"
2019-11-27,2019112701002009,GBBL,49,4,925,223.00,"206,275.00"
2019-11-27,2019112701001988,GBBL,49,4,10,223.00,"2,230.00"
2019-11-27,2019112701001980,GBBL,49,4,"1,278",223.00,"284,994.00"
2019-11-27,2019112701001979,GBBL,35,4,200,223.00,"44,600.00"
2019-11-27,2019112701001653,GBBL,4,41,10,224.00,"2,240.00"
2019-11-27,2019112701001978,GBBL,13,4,100,223.00,"22,300.00"
2019-11-27,2019112701001977,GBBL,13,4,100,223.00,"22,300.00"
2019-11-27,2019112701001793,GBBL,51,33,155,224.00,"34,720.00"
2019-11-27,2019112701001792,GBBL,51,41,45,224.00,"10,080.00"
2019-11-27,2019112701001779,GBBL,49,5,287,223.00,"64,001.00"
2019-11-27,2019112701001778,GBBL,29,5,500,223.00,"111,500.00"
2019-11-27,2019112701002097,GBLBS,41,6,15,288.00,"4,320.00"
2019-11-27,2019112701001743,GBLBS,1,1,5,293.00,"1,465.00"
2019-11-27,2019112701001641,GBLBS,17,11,181,293.00,"53,033.00"
2019-11-27,2019112701001637,GBLBS,17,43,50,290.00,"14,500.00"
2019-11-27,2019112701001636,GBLBS,17,41,10,290.00,"2,900.00"
2019-11-27,2019112701002087,GGBSL,13,6,10,629.00,"6,290.00"
2019-11-27,2019112701002038,GGBSL,53,54,10,630.00,"6,300.00"
2019-11-27,2019112701001927,GGBSL,53,26,10,630.00,"6,300.00"
2019-11-27,2019112701001855,GGBSL,53,38,10,630.00,"6,300.00"
2019-11-27,2019112701001786,GGBSL,53,59,10,630.00,"6,300.00"
2019-11-27,2019112701001603,GGBSL,53,37,10,630.00,"6,300.00"
2019-11-27,2019112701002089,GILB,40,22,40,750.00,"30,000.00"
2019-11-27,2019112701001803,GILB,40,8,14,736.00,"10,304.00"
2019-11-27,2019112701001709,GLICL,50,43,25,350.00,"8,750.00"
2019-11-27,2019112701002024,GMFBS,42,58,10,495.00,"4,950.00"
2019-11-27,2019112701001914,HBL,14,14,"1,599",475.00,"759,525.00"
2019-11-27,2019112701001693,HBL,29,37,87,479.00,"41,673.00"
2019-11-27,2019112701001692,HBL,29,38,250,479.00,"119,750.00"
2019-11-27,2019112701002059,HDL,16,17,50,"1,785.00","89,250.00"
2019-11-27,2019112701001986,HDL,36,48,100,"1,785.00","178,500.00"
2019-11-27,2019112701001962,HDL,36,48,100,"1,785.00","178,500.00"
2019-11-27,2019112701001952,HDL,58,44,20,"1,783.00","35,660.00"
2019-11-27,2019112701001930,HDL,58,58,"1,000","1,781.00","1,781,000.00"
2019-11-27,2019112701001912,HDL,35,48,10,"1,782.00","17,820.00"
2019-11-27,2019112701001891,HDL,50,48,100,"1,781.00","178,100.00"
2019-11-27,2019112701001890,HDL,50,58,90,"1,780.00","160,200.00"
2019-11-27,2019112701001889,HDL,50,11,30,"1,780.00","53,400.00"
2019-11-27,2019112701001842,HDL,49,49,"2,000","1,773.00","3,546,000.00"
2019-11-27,2019112701001642,HDL,48,19,50,"1,780.00","89,000.00"
2019-11-27,2019112701001963,HIDCL,21,35,165,133.00,"21,945.00"
2019-11-27,2019112701001879,HIDCL,21,52,124,133.00,"16,492.00"
2019-11-27,2019112701001865,HIDCL,21,58,11,133.00,"1,463.00"
2019-11-27,2019112701001685,HIDCL,1,14,41,135.00,"5,535.00"
2019-11-27,2019112701001684,HIDCL,1,41,459,135.00,"61,965.00"
2019-11-27,2019112701001667,HIDCL,14,41,41,135.00,"5,535.00"
2019-11-27,2019112701001666,HIDCL,14,34,260,135.00,"35,100.00"
2019-11-27,2019112701001665,HIDCL,14,56,20,134.00,"2,680.00"
2019-11-27,2019112701001872,HPPL,52,58,10,136.00,"1,360.00"
2019-11-27,2019112701001639,HPPL,52,40,130,138.00,"17,940.00"
2019-11-27,2019112701001633,HPPL,52,18,300,136.00,"40,800.00"
2019-11-27,2019112701002055,ILBS,39,1,200,486.00,"97,200.00"
2019-11-27,2019112701002053,ILBS,39,14,150,486.00,"72,900.00"
2019-11-27,2019112701002052,ILBS,39,58,10,485.00,"4,850.00"
