Date,Transact. No.,Symbol,Buyer,Seller,Quantity,Rate,Amount
2019-12-19,2019121901005759,ADBL,45,44,80,404.00,"32,320.00"
2019-12-19,2019121901005739,ADBL,42,14,100,403.00,"40,300.00"
2019-12-19,2019121901005681,ADBL,7,44,56,404.00,"22,624.00"
2019-12-19,2019121901005631,ADBL,57,44,100,404.00,"40,400.00"
2019-12-19,2019121901005854,ALICL,25,52,154,352.00,"54,208.00"
2019-12-19,2019121901005853,ALICL,42,52,146,351.00,"51,246.00"
2019-12-19,2019121901005763,ALICL,46,50,14,356.00,"4,984.00"
2019-12-19,2019121901005838,BOKL,51,6,329,214.00,"70,406.00"
2019-12-19,2019121901005821,BOKL,32,6,200,215.00,"43,000.00"
2019-12-19,2019121901005820,BOKL,49,6,100,215.00,"21,500.00"
2019-12-19,2019121901005819,BOKL,46,6,13,215.00,"2,795.00"
2019-12-19,2019121901005818,BOKL,32,6,342,216.00,"73,872.00"
2019-12-19,2019121901005911,BPCL,33,6,10,357.00,"3,570.00"
2019-12-19,2019121901005871,BPCL,5,16,50,355.00,"17,750.00"
2019-12-19,2019121901005682,BPCL,49,6,55,357.00,"19,635.00"
2019-12-19,2019121901005552,BPCL,33,6,10,357.00,"3,570.00"
2019-12-19,2019121901005830,CBBL,34,49,50,786.00,"39,300.00"
2019-12-19,2019121901005612,CBBL,53,7,26,785.00,"20,410.00"
2019-12-19,2019121901005611,CBBL,34,7,168,785.00,"131,880.00"
2019-12-19,2019121901005520,CBBL,34,32,100,785.00,"78,500.00"
2019-12-19,2019121901005777,CBL,7,51,146,136.00,"19,856.00"
2019-12-19,2019121901005758,CCBL,32,19,326,164.00,"53,464.00"
2019-12-19,2019121901005757,CCBL,51,19,47,164.00,"7,708.00"
2019-12-19,2019121901005756,CCBL,26,19,71,164.00,"11,644.00"
2019-12-19,2019121901005755,CCBL,39,19,56,165.00,"9,240.00"
2019-12-19,2019121901005736,CCBL,39,6,10,165.00,"1,650.00"
2019-12-19,2019121901005599,CCBL,39,29,54,165.00,"8,910.00"
2019-12-19,2019121901005598,CCBL,26,29,146,165.00,"24,090.00"
2019-12-19,2019121901005561,CHCL,17,43,100,358.00,"35,800.00"
2019-12-19,2019121901005547,CHCL,52,17,19,356.00,"6,764.00"
2019-12-19,2019121901005728,CIT,10,39,15,"1,732.00","25,980.00"
2019-12-19,2019121901005597,CIT,34,6,18,"1,738.00","31,284.00"
2019-12-19,2019121901005934,CZBIL,13,38,500,184.00,"92,000.00"
2019-12-19,2019121901005766,CZBIL,13,6,288,184.00,"52,992.00"
2019-12-19,2019121901005834,DBBL,32,29,100,129.00,"12,900.00"
2019-12-19,2019121901005833,DBBL,32,17,100,129.00,"12,900.00"
2019-12-19,2019121901005930,DDBL,17,43,155,859.00,"133,145.00"
2019-12-19,2019121901005951,EBL,33,40,10,569.00,"5,690.00"
2019-12-19,2019121901005883,EBL,57,58,180,567.00,"102,060.00"
2019-12-19,2019121901005729,EBL,56,58,20,568.00,"11,360.00"
2019-12-19,2019121901005643,EBL,25,58,50,568.00,"28,400.00"
2019-12-19,2019121901005512,EBL,36,40,355,569.00,"201,995.00"
2019-12-19,2019121901005511,EBL,36,42,45,568.00,"25,560.00"
2019-12-19,2019121901005894,EIC,13,39,10,263.00,"2,630.00"
2019-12-19,2019121901005837,EIC,13,45,24,261.00,"6,264.00"
2019-12-19,2019121901005836,EIC,57,45,200,261.00,"52,200.00"
2019-12-19,2019121901005902,FOWAD,34,34,17,"1,385.00","23,545.00"
2019-12-19,2019121901005632,FOWAD,57,55,13,"1,385.00","18,005.00"
2019-12-19,2019121901005954,GBBL,49,55,"1,000",202.00,"202,000.00"
2019-12-19,2019121901005829,GBBL,41,55,"1,075",202.00,"217,150.00"
2019-12-19,2019121901005828,GBBL,42,55,150,202.00,"30,300.00"
2019-12-19,2019121901005827,GBBL,1,55,200,202.00,"40,400.00"
2019-12-19,2019121901005826,GBBL,41,55,100,202.00,"20,200.00"
2019-12-19,2019121901005825,GBBL,49,55,159,202.00,"32,118.00"
2019-12-19,2019121901005835,GBLBS,6,39,40,315.00,"12,600.00"
2019-12-19,2019121901005657,GGBSL,56,57,10,611.00,"6,110.00"
2019-12-19,2019121901005600,GGBSL,56,45,10,605.00,"6,050.00"
2019-12-19,2019121901005603,GILB,19,45,10,821.00,"8,210.00"
2019-12-19,2019121901005519,GILB,48,5,25,820.00,"20,500.00"
2019-12-19,2019121901005573,GLBSL,56,35,10,443.00,"4,430.00"
2019-12-19,2019121901005942,GLICL,52,38,10,451.00,"4,510.00"
2019-12-19,2019121901005699,GLICL,50,38,82,447.00,"36,654.00"
2019-12-19,2019121901005698,GLICL,58,38,70,447.00,"31,290.00"
2019-12-19,2019121901005697,GLICL,44,38,200,447.00,"89,400.00"
2019-12-19,2019121901005630,GLICL,58,42,50,447.00,"22,350.00"
2019-12-19,2019121901005499,GLICL,58,16,80,447.00,"35,760.00"
2019-12-19,2019121901005556,GMFBS,33,21,10,575.00,"5,750.00"
2019-12-19,2019121901005868,HDL,52,26,10,"1,225.00","12,250.00"
2019-12-19,2019121901005867,HDL,51,26,20,"1,227.00","24,540.00"
2019-12-19,2019121901005727,HDL,52,19,90,"1,225.00","110,250.00"
2019-12-19,2019121901005726,HDL,52,19,110,"1,225.00","134,750.00"
2019-12-19,2019121901005671,HDL,52,26,90,"1,225.00","110,250.00"
2019-12-19,2019121901005670,HDL,43,26,50,"1,226.00","61,300.00"
2019-12-19,2019121901005473,HDL,35,13,20,"1,235.00","24,700.00"
2019-12-19,2019121901005472,HDL,35,13,320,"1,235.00","395,200.00"
2019-12-19,2019121901005471,HDL,35,13,10,"1,235.00","12,350.00"
2019-12-19,2019121901005470,HDL,13,13,100,"1,236.00","123,600.00"
2019-12-19,2019121901005469,HDL,43,13,500,"1,236.00","618,000.00"
2019-12-19,2019121901005468,HDL,41,13,35,"1,237.00","43,295.00"
2019-12-19,2019121901005479,HDL,58,13,"1,000","1,231.00","1,231,000.00"
2019-12-19,2019121901005478,HDL,19,13,100,"1,232.00","123,200.00"
2019-12-19,2019121901005477,HDL,58,13,100,"1,232.00","123,200.00"
2019-12-19,2019121901005476,HDL,40,13,50,"1,232.00","61,600.00"
2019-12-19,2019121901005475,HDL,50,13,200,"1,232.00","246,400.00"
2019-12-19,2019121901005474,HDL,25,13,50,"1,233.00","61,650.00"
2019-12-19,2019121901005629,HGI,57,14,201,290.00,"58,290.00"
2019-12-19,2019121901005628,HGI,57,49,100,290.00,"29,000.00"
2019-12-19,2019121901005627,HGI,57,50,39,290.00,"11,310.00"
2019-12-19,2019121901005626,HGI,57,5,160,289.00,"46,240.00"
2019-12-19,2019121901005950,HIDCL,14,5,10,134.00,"1,340.00"
2019-12-19,2019121901005746,HIDCL,14,6,339,132.00,"44,748.00"
2019-12-19,2019121901005745,HIDCL,22,6,115,132.00,"15,180.00"
2019-12-19,2019121901005744,HIDCL,6,6,300,132.00,"39,600.00"
2019-12-19,2019121901005743,HIDCL,37,6,100,132.00,"13,200.00"
2019-12-19,2019121901005742,HIDCL,36,6,338,132.00,"44,616.00"
2019-12-19,2019121901005737,HIDCL,38,5,150,134.00,"20,100.00"
2019-12-19,2019121901005666,HIDCL,36,45,162,132.00,"21,384.00"
2019-12-19,2019121901005665,HIDCL,14,45,58,132.00,"7,656.00"
2019-12-19,2019121901005490,HIDCL,14,5,10,134.00,"1,340.00"
2019-12-19,2019121901005879,HURJA,45,33,10,105.00,"1,050.00"
2019-12-19,2019121901005878,HURJA,45,6,20,103.00,"2,060.00"
2019-12-19,2019121901005877,HURJA,45,42,20,102.00,"2,040.00"
2019-12-19,2019121901005650,ICFC,7,25,208,159.00,"33,072.00"
2019-12-19,2019121901005580,IGI,34,21,10,285.00,"2,850.00"
2019-12-19,2019121901005579,IGI,20,21,200,285.00,"57,000.00"
2019-12-19,2019121901005578,IGI,14,21,50,285.00,"14,250.00"
2019-12-19,2019121901005577,IGI,51,21,190,285.00,"54,150.00"
2019-12-19,2019121901005576,IGI,19,21,300,286.00,"85,800.00"
2019-12-19,2019121901005553,IGI,7,21,200,289.00,"57,800.00"
2019-12-19,2019121901005898,ILBS,52,57,100,571.00,"57,100.00"
2019-12-19,2019121901005754,ILBS,6,59,10,570.00,"5,700.00"
2019-12-19,2019121901005689,ILBS,6,39,10,570.00,"5,700.00"
2019-12-19,2019121901005680,ILBS,6,1,10,570.00,"5,700.00"
2019-12-19,2019121901005535,ILBS,6,45,30,570.00,"17,100.00"
2019-12-19,2019121901005534,ILBS,44,38,100,570.00,"57,000.00"
2019-12-19,2019121901005715,JBBL,50,28,"1,000",168.00,"168,000.00"
2019-12-19,2019121901005655,JFL,6,58,10,198.00,"1,980.00"
2019-12-19,2019121901005642,JFL,56,58,10,198.00,"1,980.00"
2019-12-19,2019121901005594,JOSHI,38,29,20,59.00,"1,180.00"
2019-12-19,2019121901005593,JOSHI,38,29,20,59.00,"1,180.00"
2019-12-19,2019121901005936,JSLBB,34,57,100,"1,206.00","120,600.00"
2019-12-19,2019121901005532,JSLBB,32,29,40,"1,217.00","48,680.00"
2019-12-19,2019121901005480,JSLBB,34,32,50,"1,215.00","60,750.00"
2019-12-19,2019121901005725,KBL,56,17,10,179.00,"1,790.00"
2019-12-19,2019121901005722,KBL,50,6,169,177.00,"29,913.00"
2019-12-19,2019121901005721,KBL,45,6,25,178.00,"4,450.00"
2019-12-19,2019121901005720,KBL,32,6,"1,000",178.00,"178,000.00"
2019-12-19,2019121901005568,KBL,45,53,75,178.00,"13,350.00"
2019-12-19,2019121901005567,KBL,36,53,300,178.00,"53,400.00"
2019-12-19,2019121901005566,KBL,57,53,341,178.00,"60,698.00"
2019-12-19,2019121901005683,KSBBL,49,6,72,134.00,"9,648.00"
2019-12-19,2019121901005786,LBBL,33,38,10,189.00,"1,890.00"
2019-12-19,2019121901005779,LBBL,50,38,200,189.00,"37,800.00"
2019-12-19,2019121901005461,LBBL,50,33,500,189.00,"94,500.00"
2019-12-19,2019121901005842,LBL,1,5,153,191.00,"29,223.00"
2019-12-19,2019121901005747,LGIL,58,53,10,334.00,"3,340.00"
2019-12-19,2019121901005723,LGIL,50,57,20,329.00,"6,580.00"
2019-12-19,2019121901005635,LGIL,50,26,26,329.00,"8,554.00"
2019-12-19,2019121901005634,LGIL,44,26,54,329.00,"17,766.00"
2019-12-19,2019121901005724,MBL,38,38,"1,000",217.00,"217,000.00"
2019-12-19,2019121901005664,MBL,33,26,10,218.00,"2,180.00"
2019-12-19,2019121901005663,MBL,8,6,280,216.00,"60,480.00"
2019-12-19,2019121901005662,MBL,37,6,500,216.00,"108,000.00"
2019-12-19,2019121901005661,MBL,14,6,60,216.00,"12,960.00"
2019-12-19,2019121901005660,MBL,39,6,90,217.00,"19,530.00"
2019-12-19,2019121901005659,MBL,32,6,164,217.00,"35,588.00"
2019-12-19,2019121901005874,MEGA,43,51,10,184.00,"1,840.00"
2019-12-19,2019121901005804,MEGA,28,39,60,183.00,"10,980.00"
2019-12-19,2019121901005803,MEGA,32,39,440,183.00,"80,520.00"
2019-12-19,2019121901005785,MEGA,43,51,10,184.00,"1,840.00"
2019-12-19,2019121901005716,MEGA,32,48,"1,000",183.00,"183,000.00"
2019-12-19,2019121901005686,MEGA,32,48,560,183.00,"102,480.00"
2019-12-19,2019121901005685,MEGA,42,48,30,183.00,"5,490.00"
2019-12-19,2019121901005684,MEGA,39,48,38,183.00,"6,954.00"
2019-12-19,2019121901005652,MEGA,43,48,10,184.00,"1,840.00"
2019-12-19,2019121901005541,MEGA,39,45,144,183.00,"26,352.00"
2019-12-19,2019121901005713,MFIL,49,17,131,135.00,"17,685.00"
2019-12-19,2019121901005649,MNBBL,45,6,94,275.00,"25,850.00"
2019-12-19,2019121901005648,MNBBL,57,6,50,275.00,"13,750.00"
2019-12-19,2019121901005647,MNBBL,1,6,200,275.00,"55,000.00"
2019-12-19,2019121901005646,MNBBL,57,6,50,275.00,"13,750.00"
2019-12-19,2019121901005645,MNBBL,5,6,21,275.00,"5,775.00"
2019-12-19,2019121901005644,MNBBL,42,6,300,275.00,"82,500.00"
2019-12-19,2019121901005656,MSMBS,26,32,10,548.00,"5,480.00"
2019-12-19,2019121901005929,NABIL,32,47,88,753.00,"66,264.00"
2019-12-19,2019121901005928,NABIL,32,17,462,752.00,"347,424.00"
2019-12-19,2019121901005927,NABIL,32,41,200,752.00,"150,400.00"
2019-12-19,2019121901005926,NABIL,32,36,150,752.00,"112,800.00"
2019-12-19,2019121901005800,NABIL,51,50,239,750.00,"179,250.00"
2019-12-19,2019121901005799,NABIL,42,50,30,750.00,"22,500.00"
2019-12-19,2019121901005596,NABIL,21,40,100,752.00,"75,200.00"
2019-12-19,2019121901005703,NABIL,29,6,101,753.00,"76,053.00"
2019-12-19,2019121901005702,NABIL,29,40,130,753.00,"97,890.00"
2019-12-19,2019121901005701,NABIL,29,35,12,752.00,"9,024.00"
2019-12-19,2019121901005700,NABIL,29,19,289,752.00,"217,328.00"
2019-12-19,2019121901005607,NABIL,29,6,413,751.00,"310,163.00"
2019-12-19,2019121901005606,NABIL,29,6,155,751.00,"116,405.00"
2019-12-19,2019121901005798,NABIL,17,50,130,750.00,"97,500.00"
2019-12-19,2019121901005797,NABIL,6,50,25,751.00,"18,775.00"
2019-12-19,2019121901005796,NABIL,29,50,76,751.00,"57,076.00"
2019-12-19,2019121901005706,NABIL,29,47,88,753.00,"66,264.00"
2019-12-19,2019121901005705,NABIL,29,42,20,753.00,"15,060.00"
2019-12-19,2019121901005704,NABIL,29,32,60,753.00,"45,180.00"
2019-12-19,2019121901005641,NADEP,45,49,25,459.00,"11,475.00"
2019-12-19,2019121901005602,NADEP,46,49,25,460.00,"11,500.00"
2019-12-19,2019121901005770,NBB,56,39,20,189.00,"3,780.00"
2019-12-19,2019121901005822,NBL,57,51,100,314.00,"31,400.00"
2019-12-19,2019121901005740,NBL,43,51,10,314.00,"3,140.00"
2019-12-19,2019121901005654,NBL,17,19,740,313.00,"231,620.00"
2019-12-19,2019121901005653,NBL,36,19,500,313.00,"156,500.00"
2019-12-19,2019121901005605,NBL,58,51,50,314.00,"15,700.00"
2019-12-19,2019121901005462,NBL,38,8,23,313.00,"7,199.00"
2019-12-19,2019121901005944,NCCB,52,38,465,200.00,"93,000.00"
2019-12-19,2019121901005943,NCCB,52,38,100,200.00,"20,000.00"
2019-12-19,2019121901005906,NCCB,8,25,10,201.00,"2,010.00"
2019-12-19,2019121901005865,NCCB,52,25,100,201.00,"20,100.00"
2019-12-19,2019121901005856,NCCB,8,25,10,201.00,"2,010.00"
2019-12-19,2019121901005855,NCCB,33,25,10,201.00,"2,010.00"
2019-12-19,2019121901005546,NCCB,52,48,41,199.00,"8,159.00"
2019-12-19,2019121901005486,NCCB,52,48,16,200.00,"3,200.00"
2019-12-19,2019121901005507,NEF,29,6,"1,127",7.35,"8,283.45"
2019-12-19,2019121901005529,NGPL,45,7,233,111.00,"25,863.00"
2019-12-19,2019121901005528,NGPL,39,7,67,111.00,"7,437.00"
2019-12-19,2019121901005851,NIB,59,52,400,425.00,"170,000.00"
2019-12-19,2019121901005850,NIB,14,52,30,425.00,"12,750.00"
2019-12-19,2019121901005849,NIB,39,52,"1,000",425.00,"425,000.00"
2019-12-19,2019121901005848,NIB,53,52,300,425.00,"127,500.00"
2019-12-19,2019121901005847,NIB,49,52,46,425.00,"19,550.00"
2019-12-19,2019121901005846,NIB,28,52,100,425.00,"42,500.00"
2019-12-19,2019121901005845,NIB,41,52,250,425.00,"106,250.00"
2019-12-19,2019121901005844,NIB,16,52,"2,000",425.00,"850,000.00"
2019-12-19,2019121901005843,NIB,52,52,100,425.00,"42,500.00"
2019-12-19,2019121901005572,NIB,13,51,50,425.00,"21,250.00"
2019-12-19,2019121901005910,NIBSF1,8,28,100,8.65,865.00
2019-12-19,2019121901005909,NIBSF1,8,33,"4,900",8.65,"42,385.00"
2019-12-19,2019121901005873,NICA,34,20,17,413.00,"7,021.00"
2019-12-19,2019121901005832,NICA,34,22,"1,000",413.00,"413,000.00"
2019-12-19,2019121901005780,NICA,34,4,"1,400",413.00,"578,200.00"
2019-12-19,2019121901005738,NICA,34,34,200,413.00,"82,600.00"
2019-12-19,2019121901005714,NICA,33,50,200,414.00,"82,800.00"
2019-12-19,2019121901005696,NICA,33,50,200,414.00,"82,800.00"
2019-12-19,2019121901005688,NICA,34,22,"1,000",413.00,"413,000.00"
2019-12-19,2019121901005558,NICA,34,39,670,413.00,"276,710.00"
2019-12-19,2019121901005501,NICA,34,22,76,413.00,"31,388.00"
2019-12-19,2019121901005500,NICA,14,22,424,413.00,"175,112.00"
2019-12-19,2019121901005937,NICL,50,29,200,290.00,"58,000.00"
2019-12-19,2019121901005784,NICL,16,25,696,290.00,"201,840.00"
2019-12-19,2019121901005783,NICL,57,25,154,291.00,"44,814.00"
2019-12-19,2019121901005707,NICL,43,33,10,292.00,"2,920.00"
2019-12-19,2019121901005960,NIL,16,45,55,404.00,"22,220.00"
2019-12-19,2019121901005752,NIL,39,51,10,410.00,"4,100.00"
2019-12-19,2019121901005622,NIL,50,47,112,404.00,"45,248.00"
2019-12-19,2019121901005518,NIL,50,34,86,404.00,"34,744.00"
2019-12-19,2019121901005907,NLBBL,35,45,20,556.00,"11,120.00"
2019-12-19,2019121901005861,NLBBL,35,45,20,556.00,"11,120.00"
2019-12-19,2019121901005801,NLG,46,45,10,610.00,"6,100.00"
2019-12-19,2019121901005712,NLG,58,43,10,610.00,"6,100.00"
2019-12-19,2019121901005581,NLG,46,6,10,599.00,"5,990.00"
2019-12-19,2019121901005575,NLG,46,49,40,599.00,"23,960.00"
2019-12-19,2019121901005521,NLG,58,49,10,599.00,"5,990.00"
2019-12-19,2019121901005503,NLG,46,19,100,593.00,"59,300.00"
2019-12-19,2019121901005860,NLIC,28,34,"1,000",877.00,"877,000.00"
2019-12-19,2019121901005859,NLIC,13,34,100,877.00,"87,700.00"
2019-12-19,2019121901005858,NLIC,52,34,126,877.00,"110,502.00"
2019-12-19,2019121901005815,NLIC,57,34,10,878.00,"8,780.00"
2019-12-19,2019121901005793,NLIC,51,34,200,878.00,"175,600.00"
2019-12-19,2019121901005792,NLIC,45,34,478,878.00,"419,684.00"
2019-12-19,2019121901005791,NLIC,53,34,50,879.00,"43,950.00"
2019-12-19,2019121901005790,NLIC,49,34,27,880.00,"23,760.00"
2019-12-19,2019121901005778,NLIC,35,16,15,881.00,"13,215.00"
2019-12-19,2019121901005592,NLIC,49,39,75,880.00,"66,000.00"
2019-12-19,2019121901005555,NLIC,49,33,300,880.00,"264,000.00"
2019-12-19,2019121901005554,NLIC,49,34,98,880.00,"86,240.00"
2019-12-19,2019121901005574,NLICL,35,45,20,470.00,"9,400.00"
2019-12-19,2019121901005959,NMB,58,57,"1,500",402.00,"603,000.00"
2019-12-19,2019121901005958,NMB,58,4,100,402.00,"40,200.00"
2019-12-19,2019121901005957,NMB,58,49,400,402.00,"160,800.00"
2019-12-19,2019121901005955,NMB,25,49,100,402.00,"40,200.00"
2019-12-19,2019121901005953,NMB,29,49,300,402.00,"120,600.00"
2019-12-19,2019121901005933,NMB,35,49,327,401.00,"131,127.00"
2019-12-19,2019121901005497,NMB,35,13,50,401.00,"20,050.00"
2019-12-19,2019121901005496,NMB,1,13,12,401.00,"4,812.00"
2019-12-19,2019121901005489,NMB,49,57,55,402.00,"22,110.00"
2019-12-19,2019121901005488,NMB,49,35,205,402.00,"82,410.00"
2019-12-19,2019121901005487,NMB,49,49,240,402.00,"96,480.00"
2019-12-19,2019121901005485,NMB,40,49,110,402.00,"44,220.00"
2019-12-19,2019121901005533,NMB,47,34,125,401.00,"50,125.00"
2019-12-19,2019121901005531,NMB,45,57,237,402.00,"95,274.00"
2019-12-19,2019121901005530,NMB,45,35,63,402.00,"25,326.00"
2019-12-19,2019121901005514,NMB,6,57,20,402.00,"8,040.00"
2019-12-19,2019121901005504,NMB,47,25,"1,250",401.00,"501,250.00"
2019-12-19,2019121901005498,NMB,47,13,38,401.00,"15,238.00"
2019-12-19,2019121901005564,NMB,21,57,62,401.00,"24,862.00"
2019-12-19,2019121901005557,NMB,34,57,66,402.00,"26,532.00"
2019-12-19,2019121901005551,NMB,21,57,100,402.00,"40,200.00"
2019-12-19,2019121901005538,NMB,21,49,38,401.00,"15,238.00"
2019-12-19,2019121901005537,NMB,1,49,75,401.00,"30,075.00"
2019-12-19,2019121901005536,NMB,47,49,587,401.00,"235,387.00"
2019-12-19,2019121901005615,NMB,11,6,200,402.00,"80,400.00"
2019-12-19,2019121901005614,NMB,11,11,10,402.00,"4,020.00"
2019-12-19,2019121901005613,NMB,11,57,808,402.00,"324,816.00"
2019-12-19,2019121901005595,NMB,25,57,90,402.00,"36,180.00"
2019-12-19,2019121901005591,NMB,5,57,41,402.00,"16,482.00"
2019-12-19,2019121901005565,NMB,8,57,138,401.00,"55,338.00"
2019-12-19,2019121901005621,NMB,11,25,"3,366",402.00,"1,353,132.00"
2019-12-19,2019121901005620,NMB,11,13,"1,000",402.00,"402,000.00"
2019-12-19,2019121901005619,NMB,11,42,85,402.00,"34,170.00"
2019-12-19,2019121901005618,NMB,11,19,31,402.00,"12,462.00"
2019-12-19,2019121901005617,NMB,11,57,"4,000",402.00,"1,608,000.00"
2019-12-19,2019121901005616,NMB,11,44,"3,000",402.00,"1,206,000.00"
2019-12-19,2019121901005639,NMB,56,49,"1,000",402.00,"402,000.00"
2019-12-19,2019121901005638,NMB,56,17,43,402.00,"17,286.00"
2019-12-19,2019121901005637,NMB,56,57,22,402.00,"8,844.00"
2019-12-19,2019121901005636,NMB,56,25,34,402.00,"13,668.00"
2019-12-19,2019121901005633,NMB,8,16,12,401.00,"4,812.00"
2019-12-19,2019121901005625,NMB,7,25,100,402.00,"40,200.00"
2019-12-19,2019121901005676,NMB,21,41,200,401.00,"80,200.00"
2019-12-19,2019121901005675,NMB,48,41,500,401.00,"200,500.00"
2019-12-19,2019121901005674,NMB,35,41,500,401.00,"200,500.00"
2019-12-19,2019121901005673,NMB,8,41,100,401.00,"40,100.00"
2019-12-19,2019121901005668,NMB,8,22,50,401.00,"20,050.00"
2019-12-19,2019121901005640,NMB,56,49,"1,401",402.00,"563,202.00"
2019-12-19,2019121901005776,NMB,58,49,250,402.00,"100,500.00"
2019-12-19,2019121901005753,NMB,59,49,300,402.00,"120,600.00"
2019-12-19,2019121901005730,NMB,1,50,73,401.00,"29,273.00"
2019-12-19,2019121901005711,NMB,47,49,200,402.00,"80,400.00"
2019-12-19,2019121901005687,NMB,48,49,80,402.00,"32,160.00"
2019-12-19,2019121901005677,NMB,1,41,900,401.00,"360,900.00"
2019-12-19,2019121901005811,NMB,32,49,173,401.00,"69,373.00"
2019-12-19,2019121901005810,NMB,19,49,300,401.00,"120,300.00"
2019-12-19,2019121901005809,NMB,49,49,500,401.00,"200,500.00"
2019-12-19,2019121901005808,NMB,1,49,27,401.00,"10,827.00"
2019-12-19,2019121901005794,NMB,50,49,170,402.00,"68,340.00"
2019-12-19,2019121901005782,NMB,16,49,368,402.00,"147,936.00"
2019-12-19,2019121901005880,NMB,41,25,"1,000",401.00,"401,000.00"
2019-12-19,2019121901005872,NMB,14,49,100,402.00,"40,200.00"
2019-12-19,2019121901005870,NMB,19,42,63,402.00,"25,326.00"
2019-12-19,2019121901005869,NMB,19,49,231,402.00,"92,862.00"
2019-12-19,2019121901005857,NMB,32,59,101,401.00,"40,501.00"
2019-12-19,2019121901005839,NMB,32,11,153,401.00,"61,353.00"
2019-12-19,2019121901005932,NMB,57,49,100,401.00,"40,100.00"
2019-12-19,2019121901005931,NMB,32,49,573,401.00,"229,773.00"
2019-12-19,2019121901005912,NMB,42,49,"1,000",402.00,"402,000.00"
2019-12-19,2019121901005896,NMB,32,49,50,402.00,"20,100.00"
2019-12-19,2019121901005895,NMB,32,49,"1,000",401.00,"401,000.00"
2019-12-19,2019121901005893,NMB,58,49,50,402.00,"20,100.00"
2019-12-19,2019121901005517,NMBMF,41,50,28,565.00,"15,820.00"
2019-12-19,2019121901005516,NMBMF,41,28,50,564.00,"28,200.00"
2019-12-19,2019121901005807,NNLB,7,48,52,507.00,"26,364.00"
2019-12-19,2019121901005806,NNLB,4,48,38,507.00,"19,266.00"
2019-12-19,2019121901005805,NNLB,10,48,50,508.00,"25,400.00"
2019-12-19,2019121901005789,NNLB,33,39,10,513.00,"5,130.00"
2019-12-19,2019121901005941,NSEWA,48,55,30,461.00,"13,830.00"
2019-12-19,2019121901005940,NSEWA,48,56,10,461.00,"4,610.00"
2019-12-19,2019121901005949,NTC,41,28,200,636.00,"127,200.00"
2019-12-19,2019121901005948,NTC,49,28,30,636.00,"19,080.00"
2019-12-19,2019121901005913,NTC,49,36,30,636.00,"19,080.00"
2019-12-19,2019121901005882,NUBL,42,4,100,764.00,"76,400.00"
2019-12-19,2019121901005881,NUBL,42,4,10,766.00,"7,660.00"
2019-12-19,2019121901005841,NUBL,49,32,200,767.00,"153,400.00"
2019-12-19,2019121901005491,OHL,20,57,50,428.00,"21,400.00"
2019-12-19,2019121901005765,OHL,38,34,10,414.00,"4,140.00"
2019-12-19,2019121901005735,OHL,45,34,10,420.00,"4,200.00"
2019-12-19,2019121901005814,PCBL,39,48,59,280.00,"16,520.00"
2019-12-19,2019121901005813,PCBL,39,13,58,279.00,"16,182.00"
2019-12-19,2019121901005812,PCBL,39,48,33,279.00,"9,207.00"
2019-12-19,2019121901005824,PFL,48,1,167,147.00,"24,549.00"
2019-12-19,2019121901005823,PFL,48,42,133,147.00,"19,551.00"
2019-12-19,2019121901005761,PFL,52,32,13,146.00,"1,898.00"
2019-12-19,2019121901005610,PFL,52,39,32,146.00,"4,672.00"
2019-12-19,2019121901005609,PFL,52,59,152,146.00,"22,192.00"
2019-12-19,2019121901005608,PFL,32,59,43,146.00,"6,278.00"
2019-12-19,2019121901005506,PFL,7,39,68,146.00,"9,928.00"
2019-12-19,2019121901005946,PIC,49,39,100,404.00,"40,400.00"
2019-12-19,2019121901005764,PIC,55,25,100,406.00,"40,600.00"
2019-12-19,2019121901005527,PIC,49,16,100,404.00,"40,400.00"
2019-12-19,2019121901005781,PICL,11,38,100,411.00,"41,100.00"
2019-12-19,2019121901005658,PICL,11,14,75,414.00,"31,050.00"
2019-12-19,2019121901005908,PLIC,13,16,50,345.00,"17,250.00"
2019-12-19,2019121901005897,PLIC,13,49,100,345.00,"34,500.00"
2019-12-19,2019121901005693,PLIC,34,45,170,344.00,"58,480.00"
2019-12-19,2019121901005692,PLIC,33,45,50,344.00,"17,200.00"
2019-12-19,2019121901005691,PLIC,13,45,200,345.00,"69,000.00"
2019-12-19,2019121901005484,PLIC,33,42,150,344.00,"51,600.00"
2019-12-19,2019121901005483,PLIC,34,42,100,344.00,"34,400.00"
2019-12-19,2019121901005482,PLIC,57,42,150,345.00,"51,750.00"
2019-12-19,2019121901005481,PLIC,13,42,100,346.00,"34,600.00"
2019-12-19,2019121901005903,PRIN,28,38,246,329.00,"80,934.00"
2019-12-19,2019121901005583,PRIN,40,25,700,331.00,"231,700.00"
2019-12-19,2019121901005582,PRIN,40,40,83,330.00,"27,390.00"
2019-12-19,2019121901005892,PRVU,19,46,"2,482",223.00,"553,486.00"
2019-12-19,2019121901005891,PRVU,14,46,400,223.00,"89,200.00"
2019-12-19,2019121901005890,PRVU,38,46,300,223.00,"66,900.00"
2019-12-19,2019121901005889,PRVU,13,46,929,223.00,"207,167.00"
2019-12-19,2019121901005769,PRVU,13,43,71,223.00,"15,833.00"
2019-12-19,2019121901005768,PRVU,59,43,250,223.00,"55,750.00"
2019-12-19,2019121901005543,PRVU,7,29,52,223.00,"11,596.00"
2019-12-19,2019121901005542,PRVU,51,29,421,223.00,"93,883.00"
2019-12-19,2019121901005502,PRVU,51,48,50,223.00,"11,150.00"
2019-12-19,2019121901005767,PRVU,33,43,"1,679",223.00,"374,417.00"
2019-12-19,2019121901005672,PRVU,33,39,44,223.00,"9,812.00"
2019-12-19,2019121901005545,PRVU,33,29,277,223.00,"61,771.00"
2019-12-19,2019121901005544,PRVU,49,29,50,223.00,"11,150.00"
2019-12-19,2019121901005947,RBCL,43,6,10,"8,400.00","84,000.00"
2019-12-19,2019121901005885,RHPC,17,28,100,70.00,"7,000.00"
2019-12-19,2019121901005563,RHPL,38,49,50,173.00,"8,650.00"
2019-12-19,2019121901005562,RHPL,38,49,50,173.00,"8,650.00"
2019-12-19,2019121901005952,RSDC,7,57,173,309.00,"53,457.00"
2019-12-19,2019121901005505,SABSL,36,45,50,535.00,"26,750.00"
2019-12-19,2019121901005945,SANIMA,16,53,235,310.00,"72,850.00"
2019-12-19,2019121901005695,SANIMA,50,53,200,310.00,"62,000.00"
2019-12-19,2019121901005624,SANIMA,5,53,300,310.00,"93,000.00"
2019-12-19,2019121901005623,SANIMA,25,53,25,310.00,"7,750.00"
2019-12-19,2019121901005495,SANIMA,25,6,475,310.00,"147,250.00"
2019-12-19,2019121901005494,SANIMA,50,6,300,310.00,"93,000.00"
2019-12-19,2019121901005493,SANIMA,14,6,500,310.00,"155,000.00"
2019-12-19,2019121901005492,SANIMA,6,6,50,310.00,"15,500.00"
2019-12-19,2019121901005560,SCB,47,52,100,535.00,"53,500.00"
2019-12-19,2019121901005522,SCB,34,36,155,532.00,"82,460.00"
2019-12-19,2019121901005510,SCB,5,36,100,533.00,"53,300.00"
2019-12-19,2019121901005509,SCB,32,36,445,533.00,"237,185.00"
2019-12-19,2019121901005508,SCB,26,36,50,534.00,"26,700.00"
2019-12-19,2019121901005939,SHIVM,38,35,110,379.00,"41,690.00"
2019-12-19,2019121901005938,SHIVM,38,55,90,376.00,"33,840.00"
2019-12-19,2019121901005925,SHIVM,34,21,390,372.00,"145,080.00"
2019-12-19,2019121901005924,SHIVM,38,21,300,373.00,"111,900.00"
2019-12-19,2019121901005923,SHIVM,49,21,200,373.00,"74,600.00"
2019-12-19,2019121901005523,SHIVM,41,44,850,380.00,"323,000.00"
2019-12-19,2019121901005513,SHIVM,53,44,440,380.00,"167,200.00"
2019-12-19,2019121901005467,SHIVM,25,44,210,380.00,"79,800.00"
2019-12-19,2019121901005466,SHIVM,25,43,60,379.00,"22,740.00"
2019-12-19,2019121901005465,SHIVM,25,40,100,379.00,"37,900.00"
2019-12-19,2019121901005463,SHIVM,48,16,200,378.00,"75,600.00"
2019-12-19,2019121901005651,SHIVM,35,22,20,380.00,"7,600.00"
2019-12-19,2019121901005601,SHIVM,49,8,100,376.00,"37,600.00"
2019-12-19,2019121901005570,SHIVM,29,48,300,381.00,"114,300.00"
2019-12-19,2019121901005569,SHIVM,29,41,200,380.00,"76,000.00"
2019-12-19,2019121901005525,SHIVM,41,34,100,380.00,"38,000.00"
2019-12-19,2019121901005524,SHIVM,41,47,50,380.00,"19,000.00"
2019-12-19,2019121901005751,SHIVM,25,44,505,380.00,"191,900.00"
2019-12-19,2019121901005750,SHIVM,25,22,180,380.00,"68,400.00"
2019-12-19,2019121901005749,SHIVM,25,3,100,380.00,"38,000.00"
2019-12-19,2019121901005748,SHIVM,25,48,470,379.00,"178,130.00"
2019-12-19,2019121901005741,SHIVM,25,48,30,379.00,"11,370.00"
2019-12-19,2019121901005708,SHIVM,49,34,100,376.00,"37,600.00"
2019-12-19,2019121901005864,SHIVM,50,29,260,379.00,"98,540.00"
2019-12-19,2019121901005863,SHIVM,50,48,500,379.00,"189,500.00"
2019-12-19,2019121901005862,SHIVM,50,51,240,379.00,"90,960.00"
2019-12-19,2019121901005795,SHIVM,6,35,100,379.00,"37,900.00"
2019-12-19,2019121901005788,SHIVM,10,44,100,380.00,"38,000.00"
2019-12-19,2019121901005787,SHIVM,10,16,100,379.00,"37,900.00"
2019-12-19,2019121901005916,SHIVM,57,21,870,376.00,"327,120.00"
2019-12-19,2019121901005915,SHIVM,25,21,140,376.00,"52,640.00"
2019-12-19,2019121901005905,SHIVM,57,38,130,376.00,"48,880.00"
2019-12-19,2019121901005904,SHIVM,35,38,10,377.00,"3,770.00"
2019-12-19,2019121901005884,SHIVM,1,35,10,379.00,"3,790.00"
2019-12-19,2019121901005866,SHIVM,1,29,40,377.00,"15,080.00"
2019-12-19,2019121901005922,SHIVM,25,21,100,374.00,"37,400.00"
2019-12-19,2019121901005921,SHIVM,33,21,400,374.00,"149,600.00"
2019-12-19,2019121901005920,SHIVM,58,21,100,375.00,"37,500.00"
2019-12-19,2019121901005919,SHIVM,45,21,200,375.00,"75,000.00"
2019-12-19,2019121901005918,SHIVM,35,21,100,375.00,"37,500.00"
2019-12-19,2019121901005917,SHIVM,50,21,200,375.00,"75,000.00"
2019-12-19,2019121901005604,SHL,11,38,450,180.00,"81,000.00"
2019-12-19,2019121901005550,SHL,1,38,100,183.00,"18,300.00"
2019-12-19,2019121901005549,SHL,1,16,100,183.00,"18,300.00"
2019-12-19,2019121901005548,SHL,1,39,100,183.00,"18,300.00"
2019-12-19,2019121901005901,SHPC,57,4,"1,000",185.00,"185,000.00"
2019-12-19,2019121901005900,SHPC,52,4,80,185.00,"14,800.00"
2019-12-19,2019121901005899,SHPC,16,4,139,185.00,"25,715.00"
2019-12-19,2019121901005590,SHPC,16,4,861,185.00,"159,285.00"
2019-12-19,2019121901005589,SHPC,29,4,100,185.00,"18,500.00"
2019-12-19,2019121901005588,SHPC,33,4,100,185.00,"18,500.00"
2019-12-19,2019121901005587,SHPC,34,4,200,185.00,"37,000.00"
2019-12-19,2019121901005586,SHPC,6,4,64,185.00,"11,840.00"
2019-12-19,2019121901005585,SHPC,44,4,100,186.00,"18,600.00"
2019-12-19,2019121901005584,SHPC,26,4,75,187.00,"14,025.00"
2019-12-19,2019121901005571,SHPC,22,16,100,188.00,"18,800.00"
2019-12-19,2019121901005817,SIL,58,45,10,409.00,"4,090.00"
2019-12-19,2019121901005816,SIL,58,38,200,401.00,"80,200.00"
2019-12-19,2019121901005774,SIL,1,44,67,399.00,"26,733.00"
2019-12-19,2019121901005773,SIL,34,44,10,399.00,"3,990.00"
2019-12-19,2019121901005772,SIL,7,44,10,399.00,"3,990.00"
2019-12-19,2019121901005771,SIL,34,44,200,399.00,"79,800.00"
2019-12-19,2019121901005775,SINDU,35,53,400,133.00,"53,200.00"
2019-12-19,2019121901005679,SJCL,38,45,100,159.00,"15,900.00"
2019-12-19,2019121901005678,SJCL,38,45,50,158.00,"7,900.00"
2019-12-19,2019121901005956,SKBBL,42,38,25,980.00,"24,500.00"
2019-12-19,2019121901005762,SKBBL,34,38,20,980.00,"19,600.00"
2019-12-19,2019121901005694,SKBBL,49,29,500,978.00,"489,000.00"
2019-12-19,2019121901005719,SLBSL,45,39,10,600.00,"6,000.00"
2019-12-19,2019121901005876,SLICL,49,38,258,283.00,"73,014.00"
2019-12-19,2019121901005875,SLICL,49,38,442,283.00,"125,086.00"
2019-12-19,2019121901005718,SLICL,49,52,741,283.00,"209,703.00"
2019-12-19,2019121901005717,SLICL,19,52,400,284.00,"113,600.00"
2019-12-19,2019121901005667,SLICL,40,17,142,285.00,"40,470.00"
2019-12-19,2019121901005526,SLICL,40,38,200,284.00,"56,800.00"
2019-12-19,2019121901005515,SLICL,49,48,23,283.00,"6,509.00"
2019-12-19,2019121901005464,SLICL,58,38,200,284.00,"56,800.00"
2019-12-19,2019121901005840,SMFBS,34,22,10,913.00,"9,130.00"
2019-12-19,2019121901005802,SMFBS,34,46,10,910.00,"9,100.00"
2019-12-19,2019121901005888,SPARS,14,36,14,603.00,"8,442.00"
2019-12-19,2019121901005887,SPARS,19,36,70,604.00,"42,280.00"
2019-12-19,2019121901005886,SPARS,32,36,16,610.00,"9,760.00"
2019-12-19,2019121901005852,SPDL,45,45,10,90.00,900.00
2019-12-19,2019121901005914,STC,25,22,10,"1,622.00","16,220.00"
2019-12-19,2019121901005734,STC,52,7,40,"1,592.00","63,680.00"
2019-12-19,2019121901005733,STC,5,7,50,"1,593.00","79,650.00"
2019-12-19,2019121901005732,STC,46,7,10,"1,594.00","15,940.00"
2019-12-19,2019121901005731,STC,46,7,200,"1,600.00","320,000.00"
2019-12-19,2019121901005831,SWBBL,41,25,38,809.00,"30,742.00"
2019-12-19,2019121901005760,UIC,5,48,10,275.00,"2,750.00"
2019-12-19,2019121901005690,UPCL,58,45,750,72.00,"54,000.00"
2019-12-19,2019121901005710,UPPER,49,49,32,233.00,"7,456.00"
2019-12-19,2019121901005709,UPPER,49,57,268,233.00,"62,444.00"
2019-12-19,2019121901005669,UPPER,49,3,500,232.00,"116,000.00"
2019-12-19,2019121901005559,UPPER,25,57,20,233.00,"4,660.00"
2019-12-19,2019121901005540,UPPER,38,25,186,231.00,"42,966.00"
2019-12-19,2019121901005539,UPPER,3,25,70,231.00,"16,170.00"
2019-12-19,2019121901005935,VLBS,22,7,31,691.00,"21,421.00"
2019-12-19,2019121901005434,ADBL,42,49,31,403.00,"12,493.00"
2019-12-19,2019121901005433,ADBL,35,49,20,403.00,"8,060.00"
2019-12-19,2019121901005432,ADBL,25,49,90,403.00,"36,270.00"
2019-12-19,2019121901005431,ADBL,32,49,53,403.00,"21,359.00"
2019-12-19,2019121901005321,ADBL,32,6,23,403.00,"9,269.00"
2019-12-19,2019121901005301,ADBL,26,6,100,404.00,"40,400.00"
2019-12-19,2019121901004962,ADBL,19,36,69,404.00,"27,876.00"
2019-12-19,2019121901004961,ADBL,28,36,200,404.00,"80,800.00"
2019-12-19,2019121901005300,ADBL,33,6,15,404.00,"6,060.00"
2019-12-19,2019121901005299,ADBL,7,6,54,404.00,"21,816.00"
2019-12-19,2019121901005298,ADBL,19,6,48,404.00,"19,392.00"
2019-12-19,2019121901005025,ADBL,16,32,120,405.00,"48,600.00"
2019-12-19,2019121901005024,ADBL,16,58,196,405.00,"79,380.00"
2019-12-19,2019121901004989,ADBL,19,7,83,404.00,"33,532.00"
2019-12-19,2019121901005195,AHPC,36,26,241,98.00,"23,618.00"
2019-12-19,2019121901005194,AHPC,36,40,210,98.00,"20,580.00"
2019-12-19,2019121901005193,AHPC,36,40,30,98.00,"2,940.00"
2019-12-19,2019121901005057,AKJCL,34,26,20,57.00,"1,140.00"
2019-12-19,2019121901005266,API,25,38,30,109.00,"3,270.00"
2019-12-19,2019121901005245,API,7,25,"1,000",107.00,"107,000.00"
2019-12-19,2019121901005244,API,1,25,236,107.00,"25,252.00"
2019-12-19,2019121901005080,API,1,26,17,107.00,"1,819.00"
2019-12-19,2019121901005268,BOKL,32,6,158,216.00,"34,128.00"
2019-12-19,2019121901005178,BOKL,46,36,"2,000",216.00,"432,000.00"
2019-12-19,2019121901005177,BOKL,46,11,200,216.00,"43,200.00"
2019-12-19,2019121901005176,BOKL,46,40,807,216.00,"174,312.00"
2019-12-19,2019121901005051,BOKL,7,11,300,216.00,"64,800.00"
2019-12-19,2019121901005436,BPCL,40,16,110,354.00,"38,940.00"
2019-12-19,2019121901005405,BPCL,40,21,22,354.00,"7,788.00"
2019-12-19,2019121901005272,BPCL,17,7,22,356.00,"7,832.00"
2019-12-19,2019121901005271,BPCL,17,7,22,356.00,"7,832.00"
2019-12-19,2019121901005173,CBBL,34,22,182,785.00,"142,870.00"
2019-12-19,2019121901005172,CBBL,39,22,20,786.00,"15,720.00"
2019-12-19,2019121901005171,CBBL,59,22,100,786.00,"78,600.00"
2019-12-19,2019121901005170,CBBL,32,22,25,786.00,"19,650.00"
2019-12-19,2019121901005169,CBBL,47,22,50,786.00,"39,300.00"
2019-12-19,2019121901005119,CBBL,25,22,23,788.00,"18,124.00"
2019-12-19,2019121901005055,CBBL,41,22,100,790.00,"79,000.00"
2019-12-19,2019121901005054,CBBL,41,21,100,790.00,"79,000.00"
2019-12-19,2019121901005156,CBL,7,41,200,136.00,"27,200.00"
2019-12-19,2019121901005155,CBL,7,11,654,136.00,"88,944.00"
2019-12-19,2019121901005082,CBL,21,11,790,135.00,"106,650.00"
2019-12-19,2019121901005053,CBL,57,11,182,136.00,"24,752.00"
2019-12-19,2019121901004992,CBL,33,11,86,136.00,"11,696.00"
2019-12-19,2019121901004991,CBL,33,37,184,136.00,"25,024.00"
2019-12-19,2019121901005126,CCBL,26,7,21,165.00,"3,465.00"
2019-12-19,2019121901005026,CCBL,26,29,201,165.00,"33,165.00"
2019-12-19,2019121901005383,CFCL,43,32,740,114.00,"84,360.00"
2019-12-19,2019121901005440,CHCL,14,17,51,356.00,"18,156.00"
2019-12-19,2019121901005149,CHCL,14,25,949,356.00,"337,844.00"
2019-12-19,2019121901005148,CHCL,52,25,51,356.00,"18,156.00"
2019-12-19,2019121901005100,CHL,49,26,10,79.00,790.00
2019-12-19,2019121901005246,CLBSL,26,7,20,569.00,"11,380.00"
2019-12-19,2019121901005392,DBBL,33,16,300,127.00,"38,100.00"
2019-12-19,2019121901005135,DBBL,33,35,31,127.00,"3,937.00"
2019-12-19,2019121901004993,DBBL,40,16,200,128.00,"25,600.00"
2019-12-19,2019121901005371,DDBL,49,10,"3,111",858.00,"2,669,238.00"
2019-12-19,2019121901005370,DDBL,49,32,300,858.00,"257,400.00"
2019-12-19,2019121901005369,DDBL,49,42,50,858.00,"42,900.00"
2019-12-19,2019121901005368,DDBL,49,17,155,857.00,"132,835.00"
2019-12-19,2019121901005367,DDBL,49,7,500,857.00,"428,500.00"
2019-12-19,2019121901005186,DDBL,17,5,145,856.00,"124,120.00"
2019-12-19,2019121901004976,DDBL,45,11,29,855.00,"24,795.00"
2019-12-19,2019121901005459,EBL,57,21,20,567.00,"11,340.00"
2019-12-19,2019121901005438,EBL,57,56,65,567.00,"36,855.00"
2019-12-19,2019121901005437,EBL,5,56,35,568.00,"19,880.00"
2019-12-19,2019121901005400,EBL,5,44,265,568.00,"150,520.00"
2019-12-19,2019121901005399,EBL,53,44,435,568.00,"247,080.00"
2019-12-19,2019121901005329,EBL,53,38,77,568.00,"43,736.00"
2019-12-19,2019121901005047,EBL,48,44,26,568.00,"14,768.00"
2019-12-19,2019121901005010,EBL,14,38,86,570.00,"49,020.00"
2019-12-19,2019121901005009,EBL,14,42,114,569.00,"64,866.00"
2019-12-19,2019121901005006,EBL,48,17,30,568.00,"17,040.00"
2019-12-19,2019121901005002,EBL,48,25,100,568.00,"56,800.00"
2019-12-19,2019121901004996,EBL,49,42,11,569.00,"6,259.00"
2019-12-19,2019121901005292,EBL,41,45,100,569.00,"56,900.00"
2019-12-19,2019121901005226,EBL,35,1,33,568.00,"18,744.00"
2019-12-19,2019121901005094,EBL,35,37,118,568.00,"67,024.00"
2019-12-19,2019121901005093,EBL,45,37,30,568.00,"17,040.00"
2019-12-19,2019121901005092,EBL,48,37,106,568.00,"60,208.00"
2019-12-19,2019121901005091,EBL,57,38,20,570.00,"11,400.00"
2019-12-19,2019121901005324,EBL,53,29,388,568.00,"220,384.00"
2019-12-19,2019121901005323,EBL,10,29,128,568.00,"72,704.00"
2019-12-19,2019121901005322,EBL,35,29,149,568.00,"84,632.00"
2019-12-19,2019121901005116,EDBL,47,39,600,290.00,"174,000.00"
2019-12-19,2019121901005308,FOWAD,57,38,17,"1,385.00","23,545.00"
2019-12-19,2019121901005307,FOWAD,57,38,17,"1,385.00","23,545.00"
2019-12-19,2019121901005306,FOWAD,57,38,17,"1,385.00","23,545.00"
2019-12-19,2019121901005305,FOWAD,57,38,17,"1,385.00","23,545.00"
2019-12-19,2019121901005304,FOWAD,57,37,100,"1,385.00","138,500.00"
2019-12-19,2019121901005303,FOWAD,57,47,10,"1,385.00","13,850.00"
2019-12-19,2019121901005081,GBBL,49,49,113,202.00,"22,826.00"
2019-12-19,2019121901005408,GBLBS,6,21,15,315.00,"4,725.00"
2019-12-19,2019121901005159,GBLBS,46,50,15,319.00,"4,785.00"
2019-12-19,2019121901005158,GBLBS,46,46,15,318.00,"4,770.00"
2019-12-19,2019121901005110,GBLBS,57,45,250,317.00,"79,250.00"
2019-12-19,2019121901004994,GGBSL,56,28,10,597.00,"5,970.00"
2019-12-19,2019121901005089,GLBSL,48,22,50,435.00,"21,750.00"
2019-12-19,2019121901005387,GLICL,7,38,50,449.00,"22,450.00"
2019-12-19,2019121901005386,GLICL,50,38,194,449.00,"87,106.00"
2019-12-19,2019121901005375,GLICL,52,22,100,450.00,"45,000.00"
2019-12-19,2019121901005330,GLICL,16,22,100,450.00,"45,000.00"
2019-12-19,2019121901005078,GLICL,50,25,777,449.00,"348,873.00"
2019-12-19,2019121901005077,GLICL,14,25,23,450.00,"10,350.00"
2019-12-19,2019121901005406,GMFBS,28,33,10,580.00,"5,800.00"
2019-12-19,2019121901005335,GMFBS,58,8,60,575.00,"34,500.00"
2019-12-19,2019121901005334,GMFBS,58,8,50,575.00,"28,750.00"
2019-12-19,2019121901005333,GMFBS,58,32,20,573.00,"11,460.00"
2019-12-19,2019121901005320,GMFBS,43,17,10,574.00,"5,740.00"
2019-12-19,2019121901005000,GRDBL,32,14,80,101.00,"8,080.00"
2019-12-19,2019121901004999,GRDBL,1,14,520,101.00,"52,520.00"
2019-12-19,2019121901004998,GRDBL,43,14,350,101.00,"35,350.00"
2019-12-19,2019121901004997,GRDBL,21,14,70,102.00,"7,140.00"
2019-12-19,2019121901005243,HBL,17,6,31,491.00,"15,221.00"
2019-12-19,2019121901005242,HBL,51,6,200,491.00,"98,200.00"
2019-12-19,2019121901005241,HBL,51,6,100,492.00,"49,200.00"
2019-12-19,2019121901005240,HBL,6,6,10,492.00,"4,920.00"
2019-12-19,2019121901005076,HDL,41,8,10,"1,235.00","12,350.00"
2019-12-19,2019121901005075,HDL,54,8,15,"1,235.00","18,525.00"
2019-12-19,2019121901005332,HGI,7,38,163,287.00,"46,781.00"
2019-12-19,2019121901005104,HGI,7,38,290,287.00,"83,230.00"
2019-12-19,2019121901005103,HGI,7,35,10,287.00,"2,870.00"
2019-12-19,2019121901005455,HIDCL,14,37,900,133.00,"119,700.00"
2019-12-19,2019121901005454,HIDCL,14,51,"1,100",133.00,"146,300.00"
2019-12-19,2019121901005453,HIDCL,14,45,48,133.00,"6,384.00"
2019-12-19,2019121901005417,HPPL,6,21,10,133.00,"1,330.00"
2019-12-19,2019121901005430,HURJA,7,29,20,101.00,"2,020.00"
2019-12-19,2019121901005457,ILBS,1,38,200,571.00,"114,200.00"
2019-12-19,2019121901005414,ILBS,29,1,30,571.00,"17,130.00"
2019-12-19,2019121901005413,ILBS,29,1,20,571.00,"11,420.00"
2019-12-19,2019121901005412,ILBS,52,1,60,572.00,"34,320.00"
2019-12-19,2019121901005404,ILBS,52,54,10,572.00,"5,720.00"
2019-12-19,2019121901005395,ILBS,52,54,10,572.00,"5,720.00"
2019-12-19,2019121901004972,ILBS,14,57,10,574.00,"5,740.00"
2019-12-19,2019121901004967,ILBS,14,4,10,574.00,"5,740.00"
2019-12-19,2019121901005337,ILBS,52,34,10,572.00,"5,720.00"
2019-12-19,2019121901005189,ILBS,52,44,10,572.00,"5,720.00"
2019-12-19,2019121901005105,ILBS,52,44,10,572.00,"5,720.00"
2019-12-19,2019121901005098,ILBS,52,50,90,572.00,"51,480.00"
2019-12-19,2019121901005097,ILBS,57,50,110,572.00,"62,920.00"
2019-12-19,2019121901005085,ILBS,33,38,66,573.00,"37,818.00"
2019-12-19,2019121901005190,JOSHI,11,26,20,58.00,"1,160.00"
2019-12-19,2019121901005423,JSLBB,32,21,60,"1,215.00","72,900.00"
2019-12-19,2019121901005398,JSLBB,45,21,40,"1,215.00","48,600.00"
2019-12-19,2019121901005374,KBL,56,33,13,180.00,"2,340.00"
2019-12-19,2019121901005373,KBL,56,48,27,179.00,"4,833.00"
2019-12-19,2019121901005191,KBL,41,48,350,179.00,"62,650.00"
2019-12-19,2019121901005154,KBL,57,6,159,178.00,"28,302.00"
2019-12-19,2019121901005153,KBL,52,6,340,178.00,"60,520.00"
2019-12-19,2019121901005141,KBL,56,6,917,179.00,"164,143.00"
2019-12-19,2019121901005125,KKHC,11,6,16,55.00,880.00
2019-12-19,2019121901005174,KPCL,11,26,10,84.00,840.00
2019-12-19,2019121901005460,LBBL,50,33,500,189.00,"94,500.00"
2019-12-19,2019121901005394,LBL,16,5,200,192.00,"38,400.00"
2019-12-19,2019121901005355,LBL,51,5,147,192.00,"28,224.00"
2019-12-19,2019121901005354,LBL,51,51,353,192.00,"67,776.00"
2019-12-19,2019121901005353,LBL,59,51,60,192.00,"11,520.00"
2019-12-19,2019121901005352,LBL,52,51,87,192.00,"16,704.00"
2019-12-19,2019121901004995,LICN,25,16,10,"1,007.00","10,070.00"
2019-12-19,2019121901004965,LICN,42,25,96,995.00,"95,520.00"
2019-12-19,2019121901004964,LICN,34,25,100,995.00,"99,500.00"
2019-12-19,2019121901004963,LICN,14,25,85,996.00,"84,660.00"
2019-12-19,2019121901005265,LVF1,28,49,"7,700",8.96,"68,992.00"
2019-12-19,2019121901005129,MDB,40,13,31,248.00,"7,688.00"
2019-12-19,2019121901005128,MDB,35,13,19,248.00,"4,712.00"
2019-12-19,2019121901005042,MFIL,49,58,800,135.00,"108,000.00"
2019-12-19,2019121901005013,MFIL,49,34,510,136.00,"69,360.00"
2019-12-19,2019121901005012,MFIL,49,22,"1,000",136.00,"136,000.00"
2019-12-19,2019121901005109,MLBL,25,6,244,174.00,"42,456.00"
2019-12-19,2019121901005108,MLBL,39,6,36,174.00,"6,264.00"
2019-12-19,2019121901005086,MNBBL,5,6,26,275.00,"7,150.00"
2019-12-19,2019121901005032,MNBBL,32,6,32,276.00,"8,832.00"
2019-12-19,2019121901005256,MSMBS,26,56,11,538.00,"5,918.00"
2019-12-19,2019121901005372,NABIL,29,11,41,751.00,"30,791.00"
2019-12-19,2019121901005185,NABIL,25,40,300,752.00,"225,600.00"
2019-12-19,2019121901005111,NADEP,46,21,20,460.00,"9,200.00"
2019-12-19,2019121901005389,NBB,32,43,300,187.00,"56,100.00"
2019-12-19,2019121901005385,NBB,7,43,200,188.00,"37,600.00"
2019-12-19,2019121901005114,NBB,56,14,10,190.00,"1,900.00"
2019-12-19,2019121901005113,NBB,56,43,500,189.00,"94,500.00"
2019-12-19,2019121901005112,NBB,56,41,240,188.00,"45,120.00"
2019-12-19,2019121901005023,NBB,32,6,52,187.00,"9,724.00"
2019-12-19,2019121901005022,NBB,59,6,100,187.00,"18,700.00"
2019-12-19,2019121901005021,NBB,34,6,100,187.00,"18,700.00"
2019-12-19,2019121901005020,NBB,19,6,250,187.00,"46,750.00"
2019-12-19,2019121901005019,NBB,7,6,100,187.00,"18,700.00"
2019-12-19,2019121901005421,NBL,55,8,277,313.00,"86,701.00"
2019-12-19,2019121901005420,NBL,55,47,23,313.00,"7,199.00"
2019-12-19,2019121901005351,NBL,55,47,200,313.00,"62,600.00"
2019-12-19,2019121901005350,NBL,45,47,500,313.00,"156,500.00"
2019-12-19,2019121901005349,NBL,35,47,50,313.00,"15,650.00"
2019-12-19,2019121901005348,NBL,35,47,30,313.00,"9,390.00"
2019-12-19,2019121901004971,NBL,57,28,500,314.00,"157,000.00"
2019-12-19,2019121901005341,NBL,57,47,300,313.00,"93,900.00"
2019-12-19,2019121901005340,NBL,57,47,500,313.00,"156,500.00"
2019-12-19,2019121901005339,NBL,36,47,325,313.00,"101,725.00"
2019-12-19,2019121901005270,NBL,57,47,480,314.00,"150,720.00"
2019-12-19,2019121901005269,NBL,57,28,20,314.00,"6,280.00"
2019-12-19,2019121901005219,NBL,36,25,100,313.00,"31,300.00"
2019-12-19,2019121901005347,NBL,7,47,54,313.00,"16,902.00"
2019-12-19,2019121901005346,NBL,29,47,700,313.00,"219,100.00"
2019-12-19,2019121901005345,NBL,57,47,200,313.00,"62,600.00"
2019-12-19,2019121901005344,NBL,57,47,300,313.00,"93,900.00"
2019-12-19,2019121901005343,NBL,13,47,200,313.00,"62,600.00"
2019-12-19,2019121901005342,NBL,37,47,500,313.00,"156,500.00"
2019-12-19,2019121901005450,NCCB,52,25,484,200.00,"96,800.00"
2019-12-19,2019121901005449,NCCB,52,25,100,200.00,"20,000.00"
2019-12-19,2019121901005448,NCCB,52,25,500,200.00,"100,000.00"
2019-12-19,2019121901005447,NCCB,44,25,"1,000",200.00,"200,000.00"
2019-12-19,2019121901005446,NCCB,13,25,"1,150",200.00,"230,000.00"
2019-12-19,2019121901005445,NCCB,59,25,200,200.00,"40,000.00"
2019-12-19,2019121901005444,NCCB,43,25,100,200.00,"20,000.00"
2019-12-19,2019121901005443,NCCB,52,25,166,200.00,"33,200.00"
2019-12-19,2019121901005001,NEF,29,6,"1,127",7.35,"8,283.45"
2019-12-19,2019121901005247,NHDL,57,42,10,116.00,"1,160.00"
2019-12-19,2019121901005302,NICA,33,50,100,414.00,"41,400.00"
2019-12-19,2019121901005228,NICA,14,25,50,413.00,"20,650.00"
2019-12-19,2019121901005107,NICA,41,50,250,414.00,"103,500.00"
2019-12-19,2019121901005102,NICA,14,42,26,413.00,"10,738.00"
2019-12-19,2019121901005101,NICA,33,42,74,413.00,"30,562.00"
2019-12-19,2019121901004973,NICA,33,48,663,413.00,"273,819.00"
2019-12-19,2019121901005441,NICL,57,29,16,291.00,"4,656.00"
2019-12-19,2019121901005138,NLBBL,25,55,100,553.00,"55,300.00"
2019-12-19,2019121901005137,NLBBL,37,55,10,553.00,"5,530.00"
2019-12-19,2019121901005136,NLBBL,21,55,14,555.00,"7,770.00"
2019-12-19,2019121901005427,NLG,52,6,10,593.00,"5,930.00"
2019-12-19,2019121901005161,NLG,42,45,30,585.00,"17,550.00"
2019-12-19,2019121901005160,NLG,42,19,100,584.00,"58,400.00"
2019-12-19,2019121901005456,NLIC,46,34,102,880.00,"89,760.00"
2019-12-19,2019121901005426,NLIC,45,21,22,878.00,"19,316.00"
2019-12-19,2019121901005336,NLIC,52,32,200,877.00,"175,400.00"
2019-12-19,2019121901005290,NLIC,52,28,174,877.00,"152,598.00"
2019-12-19,2019121901005289,NLIC,34,28,100,877.00,"87,700.00"
2019-12-19,2019121901005288,NLIC,21,28,100,877.00,"87,700.00"
2019-12-19,2019121901005281,NLIC,39,28,50,878.00,"43,900.00"
2019-12-19,2019121901005280,NLIC,59,28,50,878.00,"43,900.00"
2019-12-19,2019121901005220,NLIC,56,33,100,879.00,"87,900.00"
2019-12-19,2019121901005084,NLIC,14,14,22,879.00,"19,338.00"
2019-12-19,2019121901005287,NLIC,1,28,50,877.00,"43,850.00"
2019-12-19,2019121901005286,NLIC,57,28,95,877.00,"83,315.00"
2019-12-19,2019121901005285,NLIC,33,28,10,877.00,"8,770.00"
2019-12-19,2019121901005284,NLIC,17,28,30,877.00,"26,310.00"
2019-12-19,2019121901005283,NLIC,11,28,40,877.00,"35,080.00"
2019-12-19,2019121901005282,NLIC,45,28,30,877.00,"26,310.00"
2019-12-19,2019121901005452,NMB,56,43,"1,000",401.00,"401,000.00"
2019-12-19,2019121901005442,NMB,41,49,200,402.00,"80,400.00"
2019-12-19,2019121901005429,NMB,1,50,288,401.00,"115,488.00"
2019-12-19,2019121901005428,NMB,35,50,512,401.00,"205,312.00"
2019-12-19,2019121901005422,NMB,35,38,18,401.00,"7,218.00"
2019-12-19,2019121901005419,NMB,35,34,63,401.00,"25,263.00"
2019-12-19,2019121901004970,NMB,35,39,881,402.00,"354,162.00"
2019-12-19,2019121901004969,NMB,35,49,119,402.00,"47,838.00"
2019-12-19,2019121901004968,NMB,4,49,130,402.00,"52,260.00"
2019-12-19,2019121901004966,NMB,38,49,200,402.00,"80,400.00"
2019-12-19,2019121901005018,NMB,4,44,100,402.00,"40,200.00"
2019-12-19,2019121901005005,NMB,4,44,77,402.00,"30,954.00"
2019-12-19,2019121901005004,NMB,4,49,23,402.00,"9,246.00"
2019-12-19,2019121901004990,NMB,4,49,130,402.00,"52,260.00"
2019-12-19,2019121901004975,NMB,45,49,847,402.00,"340,494.00"
2019-12-19,2019121901004974,NMB,45,39,153,402.00,"61,506.00"
2019-12-19,2019121901005039,NMB,58,44,835,402.00,"335,670.00"
2019-12-19,2019121901005037,NMB,4,44,100,402.00,"40,200.00"
2019-12-19,2019121901005034,NMB,50,4,126,401.00,"50,526.00"
2019-12-19,2019121901005033,NMB,50,43,50,401.00,"20,050.00"
2019-12-19,2019121901005030,NMB,4,44,100,402.00,"40,200.00"
2019-12-19,2019121901005027,NMB,50,4,63,401.00,"25,263.00"
2019-12-19,2019121901005058,NMB,6,57,"1,000",402.00,"402,000.00"
2019-12-19,2019121901005049,NMB,17,25,30,401.00,"12,030.00"
2019-12-19,2019121901005048,NMB,50,25,58,401.00,"23,258.00"
2019-12-19,2019121901005045,NMB,45,57,300,402.00,"120,600.00"
2019-12-19,2019121901005044,NMB,4,57,100,402.00,"40,200.00"
2019-12-19,2019121901005040,NMB,58,57,165,402.00,"66,330.00"
2019-12-19,2019121901005139,NMB,26,40,10,402.00,"4,020.00"
2019-12-19,2019121901005132,NMB,16,40,265,402.00,"106,530.00"
2019-12-19,2019121901005131,NMB,16,57,235,402.00,"94,470.00"
2019-12-19,2019121901005130,NMB,17,19,65,401.00,"26,065.00"
2019-12-19,2019121901005083,NMB,4,57,100,402.00,"40,200.00"
2019-12-19,2019121901005074,NMB,4,57,100,402.00,"40,200.00"
2019-12-19,2019121901005203,NMB,16,40,110,402.00,"44,220.00"
2019-12-19,2019121901005196,NMB,11,40,200,402.00,"80,400.00"
2019-12-19,2019121901005184,NMB,17,1,114,401.00,"45,714.00"
2019-12-19,2019121901005181,NMB,17,47,36,401.00,"14,436.00"
2019-12-19,2019121901005152,NMB,56,4,"1,000",401.00,"401,000.00"
2019-12-19,2019121901005151,NMB,17,47,36,401.00,"14,436.00"
2019-12-19,2019121901005212,NMB,33,43,131,402.00,"52,662.00"
2019-12-19,2019121901005211,NMB,33,47,100,402.00,"40,200.00"
2019-12-19,2019121901005210,NMB,33,54,"1,265",402.00,"508,530.00"
2019-12-19,2019121901005209,NMB,33,57,415,402.00,"166,830.00"
2019-12-19,2019121901005205,NMB,56,57,85,402.00,"34,170.00"
2019-12-19,2019121901005204,NMB,56,40,415,402.00,"166,830.00"
2019-12-19,2019121901005251,NMB,56,57,689,402.00,"276,978.00"
2019-12-19,2019121901005250,NMB,56,5,311,402.00,"125,022.00"
2019-12-19,2019121901005223,NMB,17,40,155,401.00,"62,155.00"
2019-12-19,2019121901005218,NMB,28,5,100,402.00,"40,200.00"
2019-12-19,2019121901005214,NMB,21,5,200,402.00,"80,400.00"
2019-12-19,2019121901005213,NMB,33,5,"1,089",402.00,"437,778.00"
2019-12-19,2019121901005311,NMB,51,57,10,402.00,"4,020.00"
2019-12-19,2019121901005279,NMB,44,57,"2,000",402.00,"804,000.00"
2019-12-19,2019121901005277,NMB,35,32,36,401.00,"14,436.00"
2019-12-19,2019121901005276,NMB,17,32,64,401.00,"25,664.00"
2019-12-19,2019121901005267,NMB,48,57,300,402.00,"120,600.00"
2019-12-19,2019121901005255,NMB,1,57,45,402.00,"18,090.00"
2019-12-19,2019121901005362,NMB,49,29,30,402.00,"12,060.00"
2019-12-19,2019121901005356,NMB,58,29,200,402.00,"80,400.00"
2019-12-19,2019121901005325,NMB,49,29,150,402.00,"60,300.00"
2019-12-19,2019121901005316,NMB,41,29,100,402.00,"40,200.00"
2019-12-19,2019121901005315,NMB,22,29,44,402.00,"17,688.00"
2019-12-19,2019121901005314,NMB,22,57,956,402.00,"384,312.00"
2019-12-19,2019121901005393,NMB,45,29,198,402.00,"79,596.00"
2019-12-19,2019121901005388,NMB,41,29,200,402.00,"80,400.00"
2019-12-19,2019121901005379,NMB,35,32,28,401.00,"11,228.00"
2019-12-19,2019121901005378,NMB,35,25,632,401.00,"253,432.00"
2019-12-19,2019121901005377,NMB,1,29,200,402.00,"80,400.00"
2019-12-19,2019121901005366,NMB,35,32,38,401.00,"15,238.00"
2019-12-19,2019121901005415,NMB,35,49,110,401.00,"44,110.00"
2019-12-19,2019121901005411,NMB,45,49,150,402.00,"60,300.00"
2019-12-19,2019121901005407,NMB,35,33,63,401.00,"25,263.00"
2019-12-19,2019121901005403,NMB,41,49,300,402.00,"120,600.00"
2019-12-19,2019121901005402,NMB,41,8,200,402.00,"80,400.00"
2019-12-19,2019121901005401,NMB,41,38,200,402.00,"80,400.00"
2019-12-19,2019121901005124,NMBHF1,43,25,"5,000",8.75,"43,750.00"
2019-12-19,2019121901005123,NMBHF1,43,13,832,8.64,"7,188.48"
2019-12-19,2019121901005361,NMBMF,41,33,10,559.00,"5,590.00"
2019-12-19,2019121901005418,NMFBS,39,34,30,"1,218.00","36,540.00"
2019-12-19,2019121901005360,NMFBS,52,43,200,"1,235.00","247,000.00"
2019-12-19,2019121901005359,NMFBS,41,43,80,"1,236.00","98,880.00"
2019-12-19,2019121901005358,NMFBS,19,43,20,"1,237.00","24,740.00"
2019-12-19,2019121901005088,NNLB,7,44,410,513.00,"210,330.00"
2019-12-19,2019121901005087,NNLB,7,17,40,510.00,"20,400.00"
2019-12-19,2019121901005249,NTC,7,28,100,639.00,"63,900.00"
2019-12-19,2019121901005216,NTC,56,28,10,639.00,"6,390.00"
2019-12-19,2019121901005115,NUBL,42,57,20,766.00,"15,320.00"
2019-12-19,2019121901005458,OHL,20,53,100,420.00,"42,000.00"
2019-12-19,2019121901005425,PCBL,10,10,6,274.00,"1,644.00"
2019-12-19,2019121901005202,PCBL,49,48,"2,124",279.00,"592,596.00"
2019-12-19,2019121901005201,PCBL,49,45,748,279.00,"208,692.00"
2019-12-19,2019121901005200,PCBL,49,48,50,279.00,"13,950.00"
2019-12-19,2019121901005199,PCBL,49,54,457,279.00,"127,503.00"
2019-12-19,2019121901005198,PCBL,49,53,383,278.00,"106,474.00"
2019-12-19,2019121901005197,PCBL,49,36,238,278.00,"66,164.00"
2019-12-19,2019121901005183,PCBL,17,36,100,278.00,"27,800.00"
2019-12-19,2019121901005133,PCBL,26,36,10,278.00,"2,780.00"
2019-12-19,2019121901005328,PFL,32,1,39,147.00,"5,733.00"
2019-12-19,2019121901005327,PFL,32,25,11,147.00,"1,617.00"
2019-12-19,2019121901005207,PFL,16,25,12,147.00,"1,764.00"
2019-12-19,2019121901005206,PFL,16,1,268,147.00,"39,396.00"
2019-12-19,2019121901005150,PFL,21,21,1,146.00,146.00
2019-12-19,2019121901005253,PIC,57,48,37,407.00,"15,059.00"
2019-12-19,2019121901005252,PIC,57,40,40,406.00,"16,240.00"
2019-12-19,2019121901005175,PICL,11,16,30,413.00,"12,390.00"
2019-12-19,2019121901005222,PRIN,45,40,250,330.00,"82,500.00"
2019-12-19,2019121901005397,PROFL,34,45,10,97.00,970.00
2019-12-19,2019121901005435,PRVU,51,6,429,223.00,"95,667.00"
2019-12-19,2019121901005424,PRVU,16,46,200,224.00,"44,800.00"
2019-12-19,2019121901005416,PRVU,7,46,54,224.00,"12,096.00"
2019-12-19,2019121901005275,PRVU,51,46,500,224.00,"112,000.00"
2019-12-19,2019121901005274,PRVU,51,46,"1,000",224.00,"224,000.00"
2019-12-19,2019121901005060,PRVU,25,29,50,223.00,"11,150.00"
2019-12-19,2019121901005059,PRVU,43,29,50,223.00,"11,150.00"
2019-12-19,2019121901005066,PRVU,51,29,100,223.00,"22,300.00"
2019-12-19,2019121901005065,PRVU,54,29,400,223.00,"89,200.00"
2019-12-19,2019121901005064,PRVU,52,29,100,223.00,"22,300.00"
2019-12-19,2019121901005063,PRVU,21,29,100,223.00,"22,300.00"
2019-12-19,2019121901005062,PRVU,54,29,300,223.00,"66,900.00"
2019-12-19,2019121901005061,PRVU,58,29,100,223.00,"22,300.00"
2019-12-19,2019121901005187,RADHI,21,21,1,140.00,140.00
2019-12-19,2019121901005134,RHPC,17,28,280,70.00,"19,600.00"
2019-12-19,2019121901005365,RHPL,54,38,40,170.00,"6,800.00"
2019-12-19,2019121901005331,RHPL,54,38,40,170.00,"6,800.00"
2019-12-19,2019121901005309,RHPL,54,38,40,170.00,"6,800.00"
2019-12-19,2019121901005291,RHPL,54,38,40,170.00,"6,800.00"
2019-12-19,2019121901005229,RHPL,54,38,40,170.00,"6,800.00"
2019-12-19,2019121901005221,RHPL,54,38,40,170.00,"6,800.00"
2019-12-19,2019121901005003,RHPL,54,38,40,170.00,"6,800.00"
2019-12-19,2019121901005188,RHPL,54,38,40,170.00,"6,800.00"
2019-12-19,2019121901005157,RHPL,54,38,40,170.00,"6,800.00"
2019-12-19,2019121901005118,RHPL,54,38,40,170.00,"6,800.00"
2019-12-19,2019121901005090,RHPL,54,38,40,170.00,"6,800.00"
2019-12-19,2019121901005050,RHPL,54,38,40,170.00,"6,800.00"
2019-12-19,2019121901005035,RHPL,54,38,40,170.00,"6,800.00"
2019-12-19,2019121901005248,RMDC,51,48,15,607.00,"9,105.00"
2019-12-19,2019121901005264,RSDC,42,52,50,309.00,"15,450.00"
2019-12-19,2019121901005263,RSDC,39,52,50,309.00,"15,450.00"
2019-12-19,2019121901005262,RSDC,56,52,100,310.00,"31,000.00"
2019-12-19,2019121901005261,RSDC,43,52,40,310.00,"12,400.00"
2019-12-19,2019121901005260,RSDC,41,52,50,310.00,"15,500.00"
2019-12-19,2019121901005259,RSDC,46,52,137,310.00,"42,470.00"
2019-12-19,2019121901005258,RSDC,48,52,137,311.00,"42,607.00"
2019-12-19,2019121901005451,SABSL,36,34,33,535.00,"17,655.00"
2019-12-19,2019121901005313,SABSL,36,1,40,535.00,"21,400.00"
2019-12-19,2019121901005215,SABSL,13,44,250,536.00,"134,000.00"
2019-12-19,2019121901005147,SADBL,13,1,"1,000",141.00,"141,000.00"
2019-12-19,2019121901005099,SADBL,49,7,10,142.00,"1,420.00"
2019-12-19,2019121901005096,SBI,51,51,88,353.00,"31,064.00"
2019-12-19,2019121901005095,SBI,51,43,112,353.00,"39,536.00"
2019-12-19,2019121901005439,SCB,26,21,20,534.00,"10,680.00"
2019-12-19,2019121901005106,SCB,42,49,20,535.00,"10,700.00"
2019-12-19,2019121901005052,SCB,42,45,70,535.00,"37,450.00"
2019-12-19,2019121901005410,SDESI,1,25,77,562.00,"43,274.00"
2019-12-19,2019121901005409,SDESI,44,25,100,564.00,"56,400.00"
2019-12-19,2019121901004982,SHINE,18,44,500,235.00,"117,500.00"
2019-12-19,2019121901004981,SHINE,34,44,"2,000",235.00,"470,000.00"
2019-12-19,2019121901004980,SHINE,40,44,500,235.00,"117,500.00"
2019-12-19,2019121901004979,SHINE,42,44,"1,000",236.00,"236,000.00"
2019-12-19,2019121901004978,SHINE,56,44,100,236.00,"23,600.00"
2019-12-19,2019121901004977,SHINE,33,44,431,236.00,"101,716.00"
2019-12-19,2019121901004988,SHINE,44,44,209,235.00,"49,115.00"
2019-12-19,2019121901004987,SHINE,41,44,50,235.00,"11,750.00"
2019-12-19,2019121901004986,SHINE,57,44,100,235.00,"23,500.00"
2019-12-19,2019121901004985,SHINE,26,44,"1,000",235.00,"235,000.00"
2019-12-19,2019121901004984,SHINE,34,44,100,235.00,"23,500.00"
2019-12-19,2019121901004983,SHINE,48,44,10,235.00,"2,350.00"
2019-12-19,2019121901005319,SHINE,45,44,500,235.00,"117,500.00"
2019-12-19,2019121901005318,SHINE,57,44,300,235.00,"70,500.00"
2019-12-19,2019121901005317,SHINE,44,44,691,235.00,"162,385.00"
2019-12-19,2019121901005396,SHIVM,34,37,140,376.00,"52,640.00"
2019-12-19,2019121901005391,SHIVM,53,35,60,375.00,"22,500.00"
2019-12-19,2019121901005384,SHIVM,25,35,10,379.00,"3,790.00"
2019-12-19,2019121901005382,SHIVM,25,45,80,378.00,"30,240.00"
2019-12-19,2019121901005381,SHIVM,25,47,100,376.00,"37,600.00"
2019-12-19,2019121901005380,SHIVM,25,28,80,375.00,"30,000.00"
2019-12-19,2019121901005015,SHIVM,16,16,100,368.00,"36,800.00"
2019-12-19,2019121901005014,SHIVM,35,16,10,368.00,"3,680.00"
2019-12-19,2019121901005140,SHIVM,34,16,50,368.00,"18,400.00"
2019-12-19,2019121901005043,SHIVM,22,44,20,370.00,"7,400.00"
2019-12-19,2019121901005038,SHIVM,35,8,100,366.00,"36,600.00"
2019-12-19,2019121901005036,SHIVM,22,16,280,368.00,"103,040.00"
2019-12-19,2019121901005016,SHIVM,13,16,100,368.00,"36,800.00"
2019-12-19,2019121901005166,SHIVM,52,42,50,370.00,"18,500.00"
2019-12-19,2019121901005165,SHIVM,52,44,820,370.00,"303,400.00"
2019-12-19,2019121901005164,SHIVM,52,43,100,369.00,"36,900.00"
2019-12-19,2019121901005163,SHIVM,52,16,150,368.00,"55,200.00"
2019-12-19,2019121901005182,SHIVM,25,21,100,375.00,"37,500.00"
2019-12-19,2019121901005167,SHIVM,52,45,80,370.00,"29,600.00"
2019-12-19,2019121901005364,SHIVM,29,28,120,375.00,"45,000.00"
2019-12-19,2019121901005363,SHIVM,29,7,380,375.00,"142,500.00"
2019-12-19,2019121901005357,SHIVM,25,7,20,375.00,"7,500.00"
2019-12-19,2019121901005338,SHIVM,5,7,100,375.00,"37,500.00"
2019-12-19,2019121901005310,SHIVM,25,14,400,374.00,"149,600.00"
2019-12-19,2019121901005293,SHIVM,34,14,100,374.00,"37,400.00"
2019-12-19,2019121901005028,SHL,39,48,100,186.00,"18,600.00"
2019-12-19,2019121901005073,SICL,32,56,32,843.00,"26,976.00"
2019-12-19,2019121901005072,SICL,39,56,100,844.00,"84,400.00"
2019-12-19,2019121901005071,SICL,58,56,68,844.00,"57,392.00"
2019-12-19,2019121901005376,SJCL,32,38,20,157.00,"3,140.00"
2019-12-19,2019121901005326,SJCL,32,38,20,157.00,"3,140.00"
2019-12-19,2019121901005312,SJCL,32,38,20,157.00,"3,140.00"
2019-12-19,2019121901005278,SJCL,32,38,10,157.00,"1,570.00"
2019-12-19,2019121901005254,SJCL,32,38,20,157.00,"3,140.00"
2019-12-19,2019121901005217,SJCL,32,38,20,157.00,"3,140.00"
2019-12-19,2019121901005029,SJCL,32,34,400,157.00,"62,800.00"
2019-12-19,2019121901005017,SJCL,32,32,840,158.00,"132,720.00"
2019-12-19,2019121901005011,SJCL,32,38,20,157.00,"3,140.00"
2019-12-19,2019121901005192,SJCL,32,38,20,157.00,"3,140.00"
2019-12-19,2019121901005145,SJCL,32,38,20,157.00,"3,140.00"
2019-12-19,2019121901005127,SJCL,32,38,20,157.00,"3,140.00"
2019-12-19,2019121901005079,SJCL,32,38,20,157.00,"3,140.00"
2019-12-19,2019121901005056,SJCL,32,38,20,157.00,"3,140.00"
2019-12-19,2019121901005031,SJCL,32,38,20,157.00,"3,140.00"
2019-12-19,2019121901005208,SKBBL,6,41,69,975.00,"67,275.00"
2019-12-19,2019121901005168,SKBBL,6,17,52,974.00,"50,648.00"
2019-12-19,2019121901005297,SLICL,52,17,58,285.00,"16,530.00"
2019-12-19,2019121901005296,SLICL,52,35,100,284.00,"28,400.00"
2019-12-19,2019121901005295,SLICL,52,48,299,284.00,"84,916.00"
2019-12-19,2019121901005294,SLICL,52,48,43,284.00,"12,212.00"
2019-12-19,2019121901005162,SLICL,49,38,472,283.00,"133,576.00"
2019-12-19,2019121901005122,SLICL,49,38,322,283.00,"91,126.00"
2019-12-19,2019121901005121,SLICL,49,38,100,283.00,"28,300.00"
2019-12-19,2019121901005120,SLICL,25,38,100,283.00,"28,300.00"
2019-12-19,2019121901005390,SMFBS,33,45,10,910.00,"9,100.00"
2019-12-19,2019121901005146,SPDL,14,14,15,89.00,"1,335.00"
2019-12-19,2019121901005070,SPDL,45,45,15,90.00,"1,350.00"
2019-12-19,2019121901005069,SPDL,45,50,15,89.00,"1,335.00"
2019-12-19,2019121901005257,SRBL,4,57,100,216.00,"21,600.00"
2019-12-19,2019121901005068,SRBL,49,48,54,215.00,"11,610.00"
2019-12-19,2019121901005067,SRBL,34,48,21,215.00,"4,515.00"
2019-12-19,2019121901005225,STC,1,22,50,"1,593.00","79,650.00"
2019-12-19,2019121901005224,STC,1,34,10,"1,594.00","15,940.00"
2019-12-19,2019121901005180,STC,33,34,100,"1,594.00","159,400.00"
2019-12-19,2019121901005179,STC,59,34,500,"1,595.00","797,500.00"
2019-12-19,2019121901005046,STC,5,38,20,"1,595.00","31,900.00"
2019-12-19,2019121901005041,UIC,58,48,500,270.00,"135,000.00"
2019-12-19,2019121901005008,UIC,37,48,150,271.00,"40,650.00"
2019-12-19,2019121901005007,UIC,1,48,500,271.00,"135,500.00"
2019-12-19,2019121901005273,UMHL,54,21,14,108.00,"1,512.00"
2019-12-19,2019121901005144,UNHPL,19,26,50,59.00,"2,950.00"
2019-12-19,2019121901005227,UPPER,29,25,104,232.00,"24,128.00"
2019-12-19,2019121901005117,VLBS,34,35,20,690.00,"13,800.00"
2019-12-19,2019121901005143,VLBS,17,55,50,699.00,"34,950.00"
2019-12-19,2019121901005142,VLBS,17,11,14,699.00,"9,786.00"
2019-12-19,2019121901005233,VLBS,34,21,29,700.00,"20,300.00"
2019-12-19,2019121901005232,VLBS,34,21,29,700.00,"20,300.00"
2019-12-19,2019121901005231,VLBS,34,21,29,700.00,"20,300.00"
2019-12-19,2019121901005230,VLBS,34,54,90,700.00,"63,000.00"
2019-12-19,2019121901005239,VLBS,34,11,100,700.00,"70,000.00"
2019-12-19,2019121901005238,VLBS,34,43,48,700.00,"33,600.00"
2019-12-19,2019121901005237,VLBS,34,33,50,700.00,"35,000.00"
2019-12-19,2019121901005236,VLBS,34,38,50,700.00,"35,000.00"
2019-12-19,2019121901005235,VLBS,34,6,25,700.00,"17,500.00"
2019-12-19,2019121901005234,VLBS,34,21,29,700.00,"20,300.00"
2019-12-19,2019121901004960,ADBL,22,36,200,404.00,"80,800.00"
2019-12-19,2019121901004959,ADBL,17,36,30,404.00,"12,120.00"
2019-12-19,2019121901004945,ADBL,17,7,111,404.00,"44,844.00"
2019-12-19,2019121901004918,ADBL,17,7,70,404.00,"28,280.00"
2019-12-19,2019121901004917,ADBL,45,7,20,404.00,"8,080.00"
2019-12-19,2019121901004916,ADBL,49,7,20,404.00,"8,080.00"
2019-12-19,2019121901004915,ADBL,3,7,29,404.00,"11,716.00"
2019-12-19,2019121901004581,AKPL,43,57,30,120.00,"3,600.00"
2019-12-19,2019121901004516,AKPL,1,21,13,120.00,"1,560.00"
2019-12-19,2019121901004595,ALBSL,18,43,260,461.00,"119,860.00"
2019-12-19,2019121901004517,ALBSL,40,43,40,462.00,"18,480.00"
2019-12-19,2019121901004492,ALBSL,40,1,80,462.00,"36,960.00"
2019-12-19,2019121901004491,ALBSL,16,1,20,462.00,"9,240.00"
2019-12-19,2019121901004467,BFC,16,5,73,84.00,"6,132.00"
2019-12-19,2019121901004466,BFC,36,5,50,84.00,"4,200.00"
2019-12-19,2019121901004465,BFC,6,5,500,84.00,"42,000.00"
2019-12-19,2019121901004464,BFC,35,5,300,84.00,"25,200.00"
2019-12-19,2019121901004819,BOKL,46,48,87,215.00,"18,705.00"
2019-12-19,2019121901004818,BOKL,34,48,100,215.00,"21,500.00"
2019-12-19,2019121901004817,BOKL,33,48,313,215.00,"67,295.00"
2019-12-19,2019121901004716,BOKL,33,17,114,215.00,"24,510.00"
2019-12-19,2019121901004693,BOKL,33,25,"1,390",215.00,"298,850.00"
2019-12-19,2019121901004689,BPCL,40,5,23,354.00,"8,142.00"
2019-12-19,2019121901004645,BPCL,40,22,711,354.00,"251,694.00"
2019-12-19,2019121901004644,BPCL,40,22,289,354.00,"102,306.00"
2019-12-19,2019121901004627,BPCL,40,22,700,354.00,"247,800.00"
2019-12-19,2019121901004626,BPCL,41,22,50,355.00,"17,750.00"
2019-12-19,2019121901004625,BPCL,21,22,100,355.00,"35,500.00"
2019-12-19,2019121901004624,BPCL,11,22,150,355.00,"53,250.00"
2019-12-19,2019121901004790,CCBL,26,49,132,165.00,"21,780.00"
2019-12-19,2019121901004725,CCBL,39,49,550,165.00,"90,750.00"
2019-12-19,2019121901004686,CCBL,17,49,18,165.00,"2,970.00"
2019-12-19,2019121901004866,CIT,51,48,40,"1,730.00","69,200.00"
2019-12-19,2019121901004865,CIT,26,48,50,"1,731.00","86,550.00"
2019-12-19,2019121901004864,CIT,50,48,100,"1,735.00","173,500.00"
2019-12-19,2019121901004863,CIT,41,48,10,"1,736.00","17,360.00"
2019-12-19,2019121901004862,CIT,34,48,50,"1,737.00","86,850.00"
2019-12-19,2019121901004531,CIT,34,52,50,"1,740.00","87,000.00"
2019-12-19,2019121901004786,CZBIL,13,57,70,184.00,"12,880.00"
2019-12-19,2019121901004785,CZBIL,34,57,500,184.00,"92,000.00"
2019-12-19,2019121901004784,CZBIL,29,57,19,184.00,"3,496.00"
2019-12-19,2019121901004783,CZBIL,17,57,221,184.00,"40,664.00"
2019-12-19,2019121901004562,CZBIL,14,5,487,185.00,"90,095.00"
2019-12-19,2019121901004663,DBBL,40,57,297,128.00,"38,016.00"
2019-12-19,2019121901004482,DBBL,16,34,200,128.00,"25,600.00"
2019-12-19,2019121901004538,DDBL,10,5,50,857.00,"42,850.00"
2019-12-19,2019121901004472,DDBL,39,5,20,857.00,"17,140.00"
2019-12-19,2019121901004879,EBL,54,38,150,570.00,"85,500.00"
2019-12-19,2019121901004799,EBL,49,38,17,570.00,"9,690.00"
2019-12-19,2019121901004719,EBL,28,38,200,570.00,"114,000.00"
2019-12-19,2019121901004572,EBL,17,22,24,569.00,"13,656.00"
2019-12-19,2019121901004643,EBL,57,52,196,570.00,"111,720.00"
2019-12-19,2019121901004585,EBL,48,19,38,568.00,"21,584.00"
2019-12-19,2019121901004584,EBL,58,19,24,569.00,"13,656.00"
2019-12-19,2019121901004574,EBL,58,22,126,569.00,"71,694.00"
2019-12-19,2019121901004573,EBL,26,22,50,569.00,"28,450.00"
2019-12-19,2019121901004757,FOWAD,34,47,262,"1,385.00","362,870.00"
2019-12-19,2019121901004756,FOWAD,34,19,100,"1,384.00","138,400.00"
2019-12-19,2019121901004755,FOWAD,34,35,38,"1,383.00","52,554.00"
2019-12-19,2019121901004526,FOWAD,40,34,10,"1,380.00","13,800.00"
2019-12-19,2019121901004519,FOWAD,40,43,60,"1,374.00","82,440.00"
2019-12-19,2019121901004518,FOWAD,40,19,30,"1,373.00","41,190.00"
2019-12-19,2019121901004880,GBLBS,57,49,150,317.00,"47,550.00"
2019-12-19,2019121901004773,GBLBS,57,5,15,317.00,"4,755.00"
2019-12-19,2019121901004677,GBLBS,57,22,585,317.00,"185,445.00"
2019-12-19,2019121901004676,GBLBS,17,22,15,317.00,"4,755.00"
2019-12-19,2019121901004493,GFCL,45,1,100,137.00,"13,700.00"
2019-12-19,2019121901004556,GGBSL,10,46,10,600.00,"6,000.00"
2019-12-19,2019121901004555,GGBSL,10,32,10,600.00,"6,000.00"
2019-12-19,2019121901004934,GLICL,14,38,177,450.00,"79,650.00"
2019-12-19,2019121901004933,GLICL,52,38,23,450.00,"10,350.00"
2019-12-19,2019121901004653,GLICL,46,50,10,455.00,"4,550.00"
2019-12-19,2019121901004612,GLICL,46,43,100,452.00,"45,200.00"
2019-12-19,2019121901004527,GLICL,52,25,277,450.00,"124,650.00"
2019-12-19,2019121901004695,GMFBS,38,13,30,574.00,"17,220.00"
2019-12-19,2019121901004845,GRDBL,21,16,200,102.00,"20,400.00"
2019-12-19,2019121901004844,GRDBL,21,16,100,102.00,"10,200.00"
2019-12-19,2019121901004692,HBL,46,49,23,498.00,"11,454.00"
2019-12-19,2019121901004947,HDL,54,34,75,"1,235.00","92,625.00"
2019-12-19,2019121901004946,HDL,10,34,25,"1,236.00","30,900.00"
2019-12-19,2019121901004856,HIDCL,14,7,61,132.00,"8,052.00"
2019-12-19,2019121901004722,HIDCL,14,21,61,132.00,"8,052.00"
2019-12-19,2019121901004675,HIDCL,14,5,20,132.00,"2,640.00"
2019-12-19,2019121901004674,HIDCL,49,5,40,132.00,"5,280.00"
2019-12-19,2019121901004876,HURJA,7,49,20,101.00,"2,020.00"
2019-12-19,2019121901004901,ILBS,33,44,10,573.00,"5,730.00"
2019-12-19,2019121901004894,ILBS,33,38,10,573.00,"5,730.00"
2019-12-19,2019121901004868,ILBS,51,19,10,574.00,"5,740.00"
2019-12-19,2019121901004837,ILBS,33,17,69,573.00,"39,537.00"
2019-12-19,2019121901004703,ILBS,33,52,25,573.00,"14,325.00"
2019-12-19,2019121901004702,ILBS,52,52,100,574.00,"57,400.00"
2019-12-19,2019121901004557,ILBS,34,43,10,575.00,"5,750.00"
2019-12-19,2019121901004554,ILBS,34,20,10,575.00,"5,750.00"
2019-12-19,2019121901004509,ILBS,6,13,100,576.00,"57,600.00"
2019-12-19,2019121901004489,ILBS,34,47,10,575.00,"5,750.00"
2019-12-19,2019121901004462,ILBS,34,43,10,575.00,"5,750.00"
2019-12-19,2019121901004654,ILBS,34,43,10,575.00,"5,750.00"
2019-12-19,2019121901004629,ILBS,34,43,10,575.00,"5,750.00"
2019-12-19,2019121901004618,ILBS,34,43,10,575.00,"5,750.00"
2019-12-19,2019121901004597,ILBS,34,43,10,575.00,"5,750.00"
2019-12-19,2019121901004568,ILBS,34,57,10,575.00,"5,750.00"
2019-12-19,2019121901004567,ILBS,34,20,10,575.00,"5,750.00"
2019-12-19,2019121901004701,ILBS,44,52,100,575.00,"57,500.00"
2019-12-19,2019121901004700,ILBS,38,52,200,575.00,"115,000.00"
2019-12-19,2019121901004699,ILBS,14,52,100,575.00,"57,500.00"
2019-12-19,2019121901004698,ILBS,34,52,45,575.00,"25,875.00"
2019-12-19,2019121901004667,ILBS,34,20,100,575.00,"57,500.00"
2019-12-19,2019121901004659,ILBS,34,26,10,575.00,"5,750.00"
2019-12-19,2019121901004736,JFL,55,17,503,197.00,"99,091.00"
2019-12-19,2019121901004735,JFL,55,28,892,197.00,"175,724.00"
2019-12-19,2019121901004628,JFL,48,28,265,197.00,"52,205.00"
2019-12-19,2019121901004605,JOSHI,11,57,20,58.00,"1,160.00"
2019-12-19,2019121901004569,LBL,58,49,100,193.00,"19,300.00"
2019-12-19,2019121901004908,LGIL,44,52,46,329.00,"15,134.00"
2019-12-19,2019121901004907,LGIL,17,52,40,329.00,"13,160.00"
2019-12-19,2019121901004906,LGIL,7,52,10,329.00,"3,290.00"
2019-12-19,2019121901004892,LGIL,55,52,"1,000",330.00,"330,000.00"
2019-12-19,2019121901004891,LGIL,28,38,550,331.00,"182,050.00"
2019-12-19,2019121901004788,LGIL,28,52,442,331.00,"146,302.00"
2019-12-19,2019121901004787,LGIL,53,52,30,331.00,"9,930.00"
2019-12-19,2019121901004668,LGIL,43,53,10,334.00,"3,340.00"
2019-12-19,2019121901004661,LGIL,43,52,25,331.00,"8,275.00"
2019-12-19,2019121901004529,LICN,54,16,290,"1,004.00","291,160.00"
2019-12-19,2019121901004514,MEGA,39,14,88,183.00,"16,104.00"
2019-12-19,2019121901004513,MEGA,42,14,412,183.00,"75,396.00"
2019-12-19,2019121901004807,MEGA,43,48,150,184.00,"27,600.00"
2019-12-19,2019121901004806,MEGA,43,17,200,184.00,"36,800.00"
2019-12-19,2019121901004652,MERO,25,51,100,440.00,"44,000.00"
2019-12-19,2019121901004651,MERO,42,51,100,440.00,"44,000.00"
2019-12-19,2019121901004650,MERO,42,51,14,440.00,"6,160.00"
2019-12-19,2019121901004951,MFIL,49,33,"1,000",135.00,"135,000.00"
2019-12-19,2019121901004954,MLBBL,56,16,10,565.00,"5,650.00"
2019-12-19,2019121901004854,MLBL,11,33,200,175.00,"35,000.00"
2019-12-19,2019121901004528,MNBBL,4,6,100,277.00,"27,700.00"
2019-12-19,2019121901004486,MNBBL,32,22,"1,058",276.00,"292,008.00"
2019-12-19,2019121901004485,MNBBL,32,19,108,276.00,"29,808.00"
2019-12-19,2019121901004484,MNBBL,32,45,12,276.00,"3,312.00"
2019-12-19,2019121901004483,MNBBL,32,34,790,276.00,"218,040.00"
2019-12-19,2019121901004655,MSMBS,32,49,50,534.00,"26,700.00"
2019-12-19,2019121901004607,MSMBS,40,43,39,529.00,"20,631.00"
2019-12-19,2019121901004571,MSMBS,40,43,61,529.00,"32,269.00"
2019-12-19,2019121901004869,NABIL,29,25,50,751.00,"37,550.00"
2019-12-19,2019121901004697,NABIL,29,38,28,751.00,"21,028.00"
2019-12-19,2019121901004682,NABIL,29,38,51,751.00,"38,301.00"
2019-12-19,2019121901004670,NABIL,29,38,63,751.00,"47,313.00"
2019-12-19,2019121901004660,NABIL,29,38,123,751.00,"92,373.00"
2019-12-19,2019121901004649,NABIL,38,19,411,751.00,"308,661.00"
2019-12-19,2019121901004535,NABIL,58,43,50,752.00,"37,600.00"
2019-12-19,2019121901004532,NABIL,38,38,600,751.00,"450,600.00"
2019-12-19,2019121901004576,NABIL,38,38,200,751.00,"150,200.00"
2019-12-19,2019121901004561,NABIL,38,38,300,751.00,"225,300.00"
2019-12-19,2019121901004544,NABIL,5,38,183,751.00,"137,433.00"
2019-12-19,2019121901004543,NABIL,20,38,100,751.00,"75,100.00"
2019-12-19,2019121901004542,NABIL,57,38,30,751.00,"22,530.00"
2019-12-19,2019121901004541,NABIL,32,38,187,751.00,"140,437.00"
2019-12-19,2019121901004648,NABIL,38,38,100,751.00,"75,100.00"
2019-12-19,2019121901004623,NABIL,38,19,89,751.00,"66,839.00"
2019-12-19,2019121901004622,NABIL,38,11,83,751.00,"62,333.00"
2019-12-19,2019121901004621,NABIL,38,38,128,751.00,"96,128.00"
2019-12-19,2019121901004620,NABIL,38,38,200,751.00,"150,200.00"
2019-12-19,2019121901004610,NABIL,5,11,17,751.00,"12,767.00"
2019-12-19,2019121901004927,NADEP,46,43,385,460.00,"177,100.00"
2019-12-19,2019121901004728,NADEP,46,21,20,460.00,"9,200.00"
2019-12-19,2019121901004903,NBB,7,55,300,187.00,"56,100.00"
2019-12-19,2019121901004902,NBB,57,55,500,187.00,"93,500.00"
2019-12-19,2019121901004909,NBL,41,28,"1,500",314.00,"471,000.00"
2019-12-19,2019121901004812,NBL,36,8,75,313.00,"23,475.00"
2019-12-19,2019121901004811,NBL,8,8,25,313.00,"7,825.00"
2019-12-19,2019121901004797,NBL,16,28,480,314.00,"150,720.00"
2019-12-19,2019121901004796,NBL,16,8,20,314.00,"6,280.00"
2019-12-19,2019121901004913,NCCB,52,41,334,200.00,"66,800.00"
2019-12-19,2019121901004912,NCCB,13,41,50,200.00,"10,000.00"
2019-12-19,2019121901004911,NCCB,48,41,116,200.00,"23,200.00"
2019-12-19,2019121901004619,NCCB,48,34,131,200.00,"26,200.00"
2019-12-19,2019121901004910,NGPL,39,21,11,111.00,"1,221.00"
2019-12-19,2019121901004691,NGPL,39,7,922,111.00,"102,342.00"
2019-12-19,2019121901004690,NGPL,45,7,78,111.00,"8,658.00"
2019-12-19,2019121901004769,NIB,13,51,200,425.00,"85,000.00"
2019-12-19,2019121901004814,NIBPO,39,4,500,395.00,"197,500.00"
2019-12-19,2019121901004896,NICA,33,48,53,413.00,"21,889.00"
2019-12-19,2019121901004839,NICA,33,1,300,413.00,"123,900.00"
2019-12-19,2019121901004793,NICA,33,48,900,413.00,"371,700.00"
2019-12-19,2019121901004721,NICA,33,45,10,413.00,"4,130.00"
2019-12-19,2019121901004720,NICA,43,45,20,413.00,"8,260.00"
2019-12-19,2019121901004606,NICA,43,14,34,413.00,"14,042.00"
2019-12-19,2019121901004536,NICA,51,50,50,414.00,"20,700.00"
2019-12-19,2019121901004487,NICA,39,50,50,414.00,"20,700.00"
2019-12-19,2019121901004463,NICA,43,4,100,413.00,"41,300.00"
2019-12-19,2019121901004853,NIL,39,51,10,410.00,"4,100.00"
2019-12-19,2019121901004938,NLIC,53,34,224,878.00,"196,672.00"
2019-12-19,2019121901004890,NLIC,53,57,76,878.00,"66,728.00"
2019-12-19,2019121901004889,NLIC,58,57,10,878.00,"8,780.00"
2019-12-19,2019121901004875,NLIC,38,34,20,880.00,"17,600.00"
2019-12-19,2019121901004872,NLIC,46,34,40,880.00,"35,200.00"
2019-12-19,2019121901004510,NLIC,4,34,40,880.00,"35,200.00"
2019-12-19,2019121901004475,NLIC,4,34,40,880.00,"35,200.00"
2019-12-19,2019121901004834,NLICL,8,33,100,470.00,"47,000.00"
2019-12-19,2019121901004833,NLICL,8,17,71,470.00,"33,370.00"
2019-12-19,2019121901004958,NMB,4,49,130,402.00,"52,260.00"
2019-12-19,2019121901004957,NMB,50,6,203,401.00,"81,403.00"
2019-12-19,2019121901004956,NMB,34,6,60,401.00,"24,060.00"
2019-12-19,2019121901004955,NMB,11,6,478,401.00,"191,678.00"
2019-12-19,2019121901004953,NMB,11,26,189,401.00,"75,789.00"
2019-12-19,2019121901004948,NMB,4,49,130,402.00,"52,260.00"
2019-12-19,2019121901004469,NMB,41,35,500,401.00,"200,500.00"
2019-12-19,2019121901004468,NMB,57,35,500,401.00,"200,500.00"
2019-12-19,2019121901004477,NMB,4,43,40,402.00,"16,080.00"
2019-12-19,2019121901004476,NMB,4,43,100,402.00,"40,200.00"
2019-12-19,2019121901004474,NMB,56,11,363,401.00,"145,563.00"
2019-12-19,2019121901004473,NMB,56,35,"1,264",401.00,"506,864.00"
2019-12-19,2019121901004471,NMB,38,35,200,401.00,"80,200.00"
2019-12-19,2019121901004470,NMB,4,35,80,401.00,"32,080.00"
2019-12-19,2019121901004503,NMB,6,20,20,402.00,"8,040.00"
2019-12-19,2019121901004490,NMB,4,20,100,402.00,"40,200.00"
2019-12-19,2019121901004488,NMB,4,20,80,402.00,"32,160.00"
2019-12-19,2019121901004480,NMB,57,19,127,401.00,"50,927.00"
2019-12-19,2019121901004479,NMB,56,19,373,401.00,"149,573.00"
2019-12-19,2019121901004478,NMB,4,34,60,402.00,"24,120.00"
2019-12-19,2019121901004511,NMB,4,45,69,402.00,"27,738.00"
2019-12-19,2019121901004508,NMB,6,19,27,402.00,"10,854.00"
2019-12-19,2019121901004507,NMB,6,54,75,402.00,"30,150.00"
2019-12-19,2019121901004506,NMB,6,4,82,402.00,"32,964.00"
2019-12-19,2019121901004505,NMB,6,49,25,402.00,"10,050.00"
2019-12-19,2019121901004504,NMB,6,39,21,402.00,"8,442.00"
2019-12-19,2019121901004539,NMB,29,19,82,402.00,"32,964.00"
2019-12-19,2019121901004537,NMB,4,19,80,402.00,"32,160.00"
2019-12-19,2019121901004524,NMB,4,19,90,402.00,"36,180.00"
2019-12-19,2019121901004521,NMB,4,19,100,402.00,"40,200.00"
2019-12-19,2019121901004520,NMB,4,19,90,402.00,"36,180.00"
2019-12-19,2019121901004512,NMB,4,19,31,402.00,"12,462.00"
2019-12-19,2019121901004549,NMB,1,57,500,401.00,"200,500.00"
2019-12-19,2019121901004548,NMB,56,57,"1,000",401.00,"401,000.00"
2019-12-19,2019121901004547,NMB,35,57,500,401.00,"200,500.00"
2019-12-19,2019121901004546,NMB,57,57,273,401.00,"109,473.00"
2019-12-19,2019121901004545,NMB,55,57,300,401.00,"120,300.00"
2019-12-19,2019121901004540,NMB,29,44,418,402.00,"168,036.00"
2019-12-19,2019121901004563,NMB,4,44,80,402.00,"32,160.00"
2019-12-19,2019121901004558,NMB,4,44,80,402.00,"32,160.00"
2019-12-19,2019121901004553,NMB,25,57,77,401.00,"30,877.00"
2019-12-19,2019121901004552,NMB,37,57,200,401.00,"80,200.00"
2019-12-19,2019121901004551,NMB,35,57,100,401.00,"40,100.00"
2019-12-19,2019121901004550,NMB,59,57,50,401.00,"20,050.00"
2019-12-19,2019121901004609,NMB,4,44,70,402.00,"28,140.00"
2019-12-19,2019121901004603,NMB,4,44,150,402.00,"60,300.00"
2019-12-19,2019121901004596,NMB,4,44,70,402.00,"28,140.00"
2019-12-19,2019121901004583,NMB,57,44,500,402.00,"201,000.00"
2019-12-19,2019121901004580,NMB,4,44,70,402.00,"28,140.00"
2019-12-19,2019121901004575,NMB,4,44,80,402.00,"32,160.00"
2019-12-19,2019121901004635,NMB,53,44,50,402.00,"20,100.00"
2019-12-19,2019121901004634,NMB,14,14,81,401.00,"32,481.00"
2019-12-19,2019121901004633,NMB,1,14,100,401.00,"40,100.00"
2019-12-19,2019121901004632,NMB,42,14,200,401.00,"80,200.00"
2019-12-19,2019121901004631,NMB,25,14,223,401.00,"89,423.00"
2019-12-19,2019121901004613,NMB,4,44,70,402.00,"28,140.00"
2019-12-19,2019121901004683,NMB,41,41,7,395.00,"2,765.00"
2019-12-19,2019121901004681,NMB,55,49,36,402.00,"14,472.00"
2019-12-19,2019121901004680,NMB,55,44,212,402.00,"85,224.00"
2019-12-19,2019121901004679,NMB,55,6,752,402.00,"302,304.00"
2019-12-19,2019121901004669,NMB,14,55,134,401.00,"53,734.00"
2019-12-19,2019121901004664,NMB,49,44,150,402.00,"60,300.00"
2019-12-19,2019121901004730,NMB,34,49,564,402.00,"226,728.00"
2019-12-19,2019121901004723,NMB,50,49,200,402.00,"80,400.00"
2019-12-19,2019121901004713,NMB,14,49,200,402.00,"80,400.00"
2019-12-19,2019121901004712,NMB,42,38,100,401.00,"40,100.00"
2019-12-19,2019121901004711,NMB,14,38,185,401.00,"74,185.00"
2019-12-19,2019121901004685,NMB,14,19,100,401.00,"40,100.00"
2019-12-19,2019121901004739,NMB,42,17,132,402.00,"53,064.00"
2019-12-19,2019121901004738,NMB,42,44,300,402.00,"120,600.00"
2019-12-19,2019121901004737,NMB,42,4,68,402.00,"27,336.00"
2019-12-19,2019121901004733,NMB,53,19,50,401.00,"20,050.00"
2019-12-19,2019121901004732,NMB,34,4,286,402.00,"114,972.00"
2019-12-19,2019121901004731,NMB,34,45,150,402.00,"60,300.00"
2019-12-19,2019121901004749,NMB,53,39,50,401.00,"20,050.00"
2019-12-19,2019121901004745,NMB,4,14,150,402.00,"60,300.00"
2019-12-19,2019121901004744,NMB,6,14,82,402.00,"32,964.00"
2019-12-19,2019121901004743,NMB,6,55,118,402.00,"47,436.00"
2019-12-19,2019121901004741,NMB,41,55,82,402.00,"32,964.00"
2019-12-19,2019121901004740,NMB,41,17,168,402.00,"67,536.00"
2019-12-19,2019121901004761,NMB,11,39,67,401.00,"26,867.00"
2019-12-19,2019121901004754,NMB,11,39,400,401.00,"160,400.00"
2019-12-19,2019121901004753,NMB,1,39,100,401.00,"40,100.00"
2019-12-19,2019121901004752,NMB,1,39,50,401.00,"20,050.00"
2019-12-19,2019121901004751,NMB,25,39,100,401.00,"40,100.00"
2019-12-19,2019121901004750,NMB,57,39,100,401.00,"40,100.00"
2019-12-19,2019121901004768,NMB,1,13,300,402.00,"120,600.00"
2019-12-19,2019121901004767,NMB,4,13,116,402.00,"46,632.00"
2019-12-19,2019121901004766,NMB,4,13,34,402.00,"13,668.00"
2019-12-19,2019121901004765,NMB,42,13,56,402.00,"22,512.00"
2019-12-19,2019121901004764,NMB,42,42,126,402.00,"50,652.00"
2019-12-19,2019121901004763,NMB,42,14,68,402.00,"27,336.00"
2019-12-19,2019121901004826,NMB,55,55,201,402.00,"80,802.00"
2019-12-19,2019121901004825,NMB,55,13,14,402.00,"5,628.00"
2019-12-19,2019121901004781,NMB,10,13,100,402.00,"40,200.00"
2019-12-19,2019121901004777,NMB,11,40,306,401.00,"122,706.00"
2019-12-19,2019121901004775,NMB,4,13,150,402.00,"60,300.00"
2019-12-19,2019121901004772,NMB,42,13,80,402.00,"32,160.00"
2019-12-19,2019121901004858,NMB,11,21,33,401.00,"13,233.00"
2019-12-19,2019121901004857,NMB,11,21,227,401.00,"91,027.00"
2019-12-19,2019121901004835,NMB,46,32,200,402.00,"80,400.00"
2019-12-19,2019121901004829,NMB,55,32,"1,135",402.00,"456,270.00"
2019-12-19,2019121901004828,NMB,55,28,150,402.00,"60,300.00"
2019-12-19,2019121901004827,NMB,55,50,500,402.00,"201,000.00"
2019-12-19,2019121901004886,NMB,41,33,62,402.00,"24,924.00"
2019-12-19,2019121901004885,NMB,41,33,62,402.00,"24,924.00"
2019-12-19,2019121901004884,NMB,41,42,37,402.00,"14,874.00"
2019-12-19,2019121901004883,NMB,41,42,126,402.00,"50,652.00"
2019-12-19,2019121901004882,NMB,41,32,628,402.00,"252,456.00"
2019-12-19,2019121901004870,NMB,57,32,250,402.00,"100,500.00"
2019-12-19,2019121901004941,NMB,17,49,30,402.00,"12,060.00"
2019-12-19,2019121901004939,NMB,11,19,300,401.00,"120,300.00"
2019-12-19,2019121901004932,NMB,38,49,"2,261",402.00,"908,922.00"
2019-12-19,2019121901004931,NMB,38,19,239,402.00,"96,078.00"
2019-12-19,2019121901004888,NMB,41,19,50,402.00,"20,100.00"
2019-12-19,2019121901004887,NMB,41,19,185,402.00,"74,370.00"
2019-12-19,2019121901004808,NMBMF,41,34,300,559.00,"167,700.00"
2019-12-19,2019121901004900,NSEWA,14,56,10,452.00,"4,520.00"
2019-12-19,2019121901004832,NTC,59,55,10,640.00,"6,400.00"
2019-12-19,2019121901004565,NUBL,42,43,10,765.00,"7,650.00"
2019-12-19,2019121901004950,PCBL,42,36,652,278.00,"181,256.00"
2019-12-19,2019121901004949,PCBL,42,45,448,278.00,"124,544.00"
2019-12-19,2019121901004861,PCBL,58,45,275,278.00,"76,450.00"
2019-12-19,2019121901004860,PCBL,49,45,"1,277",278.00,"355,006.00"
2019-12-19,2019121901004696,PCBL,39,39,"26,000",276.00,"7,176,000.00"
2019-12-19,2019121901004636,PCBL,49,57,172,278.00,"47,816.00"
2019-12-19,2019121901004502,PCBL,49,42,550,278.00,"152,900.00"
2019-12-19,2019121901004925,PFL,35,45,50,146.00,"7,300.00"
2019-12-19,2019121901004895,PFL,26,45,110,146.00,"16,060.00"
2019-12-19,2019121901004602,PFL,26,45,89,146.00,"12,994.00"
2019-12-19,2019121901004601,PFL,26,32,13,146.00,"1,898.00"
2019-12-19,2019121901004600,PFL,26,32,13,146.00,"1,898.00"
2019-12-19,2019121901004599,PFL,26,29,13,146.00,"1,898.00"
2019-12-19,2019121901004598,PFL,26,29,26,146.00,"3,796.00"
2019-12-19,2019121901004586,PIC,49,48,94,404.00,"37,976.00"
2019-12-19,2019121901004566,PIC,49,57,90,404.00,"36,360.00"
2019-12-19,2019121901004642,PICL,4,22,699,410.00,"286,590.00"
2019-12-19,2019121901004578,PICL,58,22,12,410.00,"4,920.00"
2019-12-19,2019121901004564,PICL,10,22,275,410.00,"112,750.00"
2019-12-19,2019121901004809,PMHPL,10,16,10,85.00,850.00
2019-12-19,2019121901004867,PRIN,49,49,"1,002",330.00,"330,660.00"
2019-12-19,2019121901004843,PRIN,28,57,254,329.00,"83,566.00"
2019-12-19,2019121901004842,PRIN,43,57,50,329.00,"16,450.00"
2019-12-19,2019121901004579,PROFL,22,34,10,96.00,960.00
2019-12-19,2019121901004914,PRVU,55,33,"1,976",224.00,"442,624.00"
2019-12-19,2019121901004816,PRVU,26,33,50,224.00,"11,200.00"
2019-12-19,2019121901004678,RBCL,47,6,20,"8,390.00","167,800.00"
2019-12-19,2019121901004774,RHPC,41,16,112,69.00,"7,728.00"
2019-12-19,2019121901004706,RHPC,1,28,20,70.00,"1,400.00"
2019-12-19,2019121901004937,RHPL,54,38,40,170.00,"6,800.00"
2019-12-19,2019121901004935,RHPL,55,44,40,170.00,"6,800.00"
2019-12-19,2019121901004926,RHPL,55,38,40,170.00,"6,800.00"
2019-12-19,2019121901004897,RHPL,55,38,40,170.00,"6,800.00"
2019-12-19,2019121901004878,RHPL,55,44,30,170.00,"5,100.00"
2019-12-19,2019121901004877,RHPL,45,44,10,170.00,"1,700.00"
2019-12-19,2019121901004717,RHPL,32,38,40,171.00,"6,840.00"
2019-12-19,2019121901004673,RHPL,32,57,40,171.00,"6,840.00"
2019-12-19,2019121901004666,RHPL,32,38,40,171.00,"6,840.00"
2019-12-19,2019121901004630,RHPL,32,38,40,171.00,"6,840.00"
2019-12-19,2019121901004604,RHPL,32,38,40,171.00,"6,840.00"
2019-12-19,2019121901004830,RHPL,45,38,40,170.00,"6,800.00"
2019-12-19,2019121901004798,RHPL,45,38,40,170.00,"6,800.00"
2019-12-19,2019121901004760,RHPL,45,44,40,170.00,"6,800.00"
2019-12-19,2019121901004747,RHPL,45,38,10,170.00,"1,700.00"
2019-12-19,2019121901004746,RHPL,32,38,30,171.00,"5,130.00"
2019-12-19,2019121901004727,RHPL,32,38,40,171.00,"6,840.00"
2019-12-19,2019121901004665,RLFL,6,45,280,109.00,"30,520.00"
2019-12-19,2019121901004481,RMDC,6,4,200,608.00,"121,600.00"
2019-12-19,2019121901004742,RSDC,26,41,100,314.00,"31,400.00"
2019-12-19,2019121901004672,SADBL,4,26,753,140.00,"105,420.00"
2019-12-19,2019121901004671,SADBL,19,26,200,140.00,"28,000.00"
2019-12-19,2019121901004924,SANIMA,16,17,174,312.00,"54,288.00"
2019-12-19,2019121901004923,SANIMA,16,26,800,312.00,"249,600.00"
2019-12-19,2019121901004922,SAPDBL,25,33,24,120.00,"2,880.00"
2019-12-19,2019121901004921,SAPDBL,25,33,27,120.00,"3,240.00"
2019-12-19,2019121901004762,SBI,41,49,"1,438",352.00,"506,176.00"
2019-12-19,2019121901004608,SBI,36,49,62,352.00,"21,824.00"
2019-12-19,2019121901004771,SBL,48,39,181,286.00,"51,766.00"
2019-12-19,2019121901004461,SEF,3,44,"5,000",8.80,"44,000.00"
2019-12-19,2019121901004782,SHINE,33,39,18,236.00,"4,248.00"
2019-12-19,2019121901004776,SHINE,56,28,200,237.00,"47,400.00"
2019-12-19,2019121901004705,SHINE,33,37,51,236.00,"12,036.00"
2019-12-19,2019121901004952,SHIVM,33,44,300,370.00,"111,000.00"
2019-12-19,2019121901004942,SHIVM,34,17,100,371.00,"37,100.00"
2019-12-19,2019121901004940,SHIVM,21,16,10,374.00,"3,740.00"
2019-12-19,2019121901004936,SHIVM,21,44,10,375.00,"3,750.00"
2019-12-19,2019121901004930,SHIVM,26,44,300,375.00,"112,500.00"
2019-12-19,2019121901004929,SHIVM,6,44,350,375.00,"131,250.00"
2019-12-19,2019121901004560,SHIVM,38,28,400,364.00,"145,600.00"
2019-12-19,2019121901004559,SHIVM,38,14,130,364.00,"47,320.00"
2019-12-19,2019121901004530,SHIVM,35,32,200,363.00,"72,600.00"
2019-12-19,2019121901004570,SHIVM,35,22,10,365.00,"3,650.00"
2019-12-19,2019121901004617,SHIVM,55,51,110,365.00,"40,150.00"
2019-12-19,2019121901004616,SHIVM,55,22,40,365.00,"14,600.00"
2019-12-19,2019121901004615,SHIVM,55,37,50,365.00,"18,250.00"
2019-12-19,2019121901004658,SHIVM,7,21,100,365.00,"36,500.00"
2019-12-19,2019121901004656,SHIVM,45,21,500,365.00,"182,500.00"
2019-12-19,2019121901004647,SHIVM,58,21,220,365.00,"80,300.00"
2019-12-19,2019121901004646,SHIVM,58,21,780,365.00,"284,700.00"
2019-12-19,2019121901004640,SHIVM,35,21,220,365.00,"80,300.00"
2019-12-19,2019121901004639,SHIVM,35,51,125,365.00,"45,625.00"
2019-12-19,2019121901004710,SHIVM,35,45,500,367.00,"183,500.00"
2019-12-19,2019121901004709,SHIVM,35,45,500,367.00,"183,500.00"
2019-12-19,2019121901004708,SHIVM,35,42,500,367.00,"183,500.00"
2019-12-19,2019121901004707,SHIVM,35,38,300,367.00,"110,100.00"
2019-12-19,2019121901004688,SHIVM,38,38,200,367.00,"73,400.00"
2019-12-19,2019121901004662,SHIVM,35,21,180,365.00,"65,700.00"
2019-12-19,2019121901004791,SHIVM,22,58,400,368.00,"147,200.00"
2019-12-19,2019121901004789,SHIVM,48,58,250,368.00,"92,000.00"
2019-12-19,2019121901004779,SHIVM,34,58,350,368.00,"128,800.00"
2019-12-19,2019121901004778,SHIVM,34,47,150,368.00,"55,200.00"
2019-12-19,2019121901004734,SHIVM,29,41,50,368.00,"18,400.00"
2019-12-19,2019121901004802,SHIVM,50,47,100,368.00,"36,800.00"
2019-12-19,2019121901004801,SHIVM,50,47,300,368.00,"110,400.00"
2019-12-19,2019121901004800,SHIVM,50,47,100,368.00,"36,800.00"
2019-12-19,2019121901004795,SHIVM,58,47,50,368.00,"18,400.00"
2019-12-19,2019121901004794,SHIVM,58,47,50,368.00,"18,400.00"
2019-12-19,2019121901004792,SHIVM,22,47,100,368.00,"36,800.00"
2019-12-19,2019121901004820,SHIVM,28,48,500,369.00,"184,500.00"
2019-12-19,2019121901004810,SHIVM,34,19,140,368.00,"51,520.00"
2019-12-19,2019121901004805,SHIVM,5,19,60,368.00,"22,080.00"
2019-12-19,2019121901004804,SHIVM,5,42,30,368.00,"11,040.00"
2019-12-19,2019121901004803,SHIVM,5,47,10,368.00,"3,680.00"
2019-12-19,2019121901004838,SHIVM,6,33,360,371.00,"133,560.00"
2019-12-19,2019121901004836,SHIVM,49,33,500,371.00,"185,500.00"
2019-12-19,2019121901004831,SHIVM,19,33,200,371.00,"74,200.00"
2019-12-19,2019121901004824,SHIVM,33,22,100,370.00,"37,000.00"
2019-12-19,2019121901004823,SHIVM,33,22,300,370.00,"111,000.00"
2019-12-19,2019121901004822,SHIVM,33,37,100,370.00,"37,000.00"
2019-12-19,2019121901004851,SHIVM,25,37,50,374.00,"18,700.00"
2019-12-19,2019121901004850,SHIVM,25,17,50,374.00,"18,700.00"
2019-12-19,2019121901004849,SHIVM,25,33,340,371.00,"126,140.00"
2019-12-19,2019121901004848,SHIVM,34,33,100,371.00,"37,100.00"
2019-12-19,2019121901004847,SHIVM,33,7,200,370.00,"74,000.00"
2019-12-19,2019121901004840,SHIVM,25,33,500,371.00,"185,500.00"
2019-12-19,2019121901004928,SHIVM,50,44,200,376.00,"75,200.00"
2019-12-19,2019121901004881,SHIVM,34,7,100,382.00,"38,200.00"
2019-12-19,2019121901004874,SHIVM,6,38,100,381.00,"38,100.00"
2019-12-19,2019121901004873,SHIVM,6,40,50,381.00,"19,050.00"
2019-12-19,2019121901004852,SHIVM,25,57,10,374.00,"3,740.00"
2019-12-19,2019121901004501,SHPC,6,41,936,185.00,"173,160.00"
2019-12-19,2019121901004500,SHPC,59,41,30,186.00,"5,580.00"
2019-12-19,2019121901004499,SHPC,57,41,"1,000",186.00,"186,000.00"
2019-12-19,2019121901004498,SHPC,47,41,200,187.00,"37,400.00"
2019-12-19,2019121901004497,SHPC,16,41,"1,000",187.00,"187,000.00"
2019-12-19,2019121901004496,SHPC,17,41,80,187.00,"14,960.00"
2019-12-19,2019121901004495,SHPC,29,41,150,188.00,"28,200.00"
2019-12-19,2019121901004494,SHPC,33,41,20,188.00,"3,760.00"
2019-12-19,2019121901004687,SIC,37,5,50,500.00,"25,000.00"
2019-12-19,2019121901004523,SICL,41,51,23,844.00,"19,412.00"
2019-12-19,2019121901004582,SINDU,17,59,50,132.00,"6,600.00"
2019-12-19,2019121901004515,SINDU,45,59,100,132.00,"13,200.00"
2019-12-19,2019121901004944,SJCL,32,38,20,157.00,"3,140.00"
2019-12-19,2019121901004943,SJCL,32,44,20,157.00,"3,140.00"
2019-12-19,2019121901004920,SJCL,32,38,10,157.00,"1,570.00"
2019-12-19,2019121901004905,SJCL,32,38,20,157.00,"3,140.00"
2019-12-19,2019121901004899,SJCL,32,8,80,157.00,"12,560.00"
2019-12-19,2019121901004898,SJCL,59,8,20,157.00,"3,140.00"
2019-12-19,2019121901004657,SJCL,14,38,20,158.00,"3,160.00"
2019-12-19,2019121901004641,SJCL,14,38,20,158.00,"3,160.00"
2019-12-19,2019121901004611,SJCL,14,38,20,158.00,"3,160.00"
2019-12-19,2019121901004759,SJCL,14,32,860,158.00,"135,880.00"
2019-12-19,2019121901004758,SJCL,14,38,20,158.00,"3,160.00"
2019-12-19,2019121901004729,SJCL,11,34,90,159.00,"14,310.00"
2019-12-19,2019121901004724,SJCL,14,38,20,158.00,"3,160.00"
2019-12-19,2019121901004718,SJCL,14,38,20,158.00,"3,160.00"
2019-12-19,2019121901004684,SJCL,14,57,20,158.00,"3,160.00"
2019-12-19,2019121901004893,SJCL,59,44,20,157.00,"3,140.00"
2019-12-19,2019121901004821,SJCL,59,38,20,157.00,"3,140.00"
2019-12-19,2019121901004813,SJCL,59,38,20,157.00,"3,140.00"
2019-12-19,2019121901004770,SJCL,59,44,20,157.00,"3,140.00"
2019-12-19,2019121901004522,SKBBL,49,29,213,972.00,"207,036.00"
2019-12-19,2019121901004841,SLBBL,44,57,10,543.00,"5,430.00"
2019-12-19,2019121901004919,SMB,39,21,10,503.00,"5,030.00"
2019-12-19,2019121901004780,SMFBS,34,44,10,896.00,"8,960.00"
2019-12-19,2019121901004871,SPARS,32,29,16,610.00,"9,760.00"
2019-12-19,2019121901004726,STC,46,45,10,"1,620.00","16,200.00"
2019-12-19,2019121901004855,SWBBL,34,47,10,820.00,"8,200.00"
2019-12-19,2019121901004614,UFL,34,34,400,169.00,"67,600.00"
2019-12-19,2019121901004846,UMHL,21,21,14,108.00,"1,512.00"
2019-12-19,2019121901004534,UMHL,52,42,100,108.00,"10,800.00"
2019-12-19,2019121901004533,UMHL,52,56,14,108.00,"1,512.00"
2019-12-19,2019121901004694,UNHPL,19,57,50,59.00,"2,950.00"
2019-12-19,2019121901004859,UPCL,37,45,400,72.00,"28,800.00"
2019-12-19,2019121901004704,UPCL,42,57,300,71.00,"21,300.00"
2019-12-19,2019121901004715,UPPER,54,25,870,232.00,"201,840.00"
2019-12-19,2019121901004714,UPPER,3,37,40,231.00,"9,240.00"
2019-12-19,2019121901004638,UPPER,3,34,40,231.00,"9,240.00"
2019-12-19,2019121901004637,UPPER,22,34,10,231.00,"2,310.00"
2019-12-19,2019121901004577,UPPER,22,1,50,231.00,"11,550.00"
2019-12-19,2019121901004525,VLBS,17,22,100,691.00,"69,100.00"
2019-12-19,2019121901004591,VLBS,22,6,18,694.00,"12,492.00"
2019-12-19,2019121901004590,VLBS,22,34,227,693.00,"157,311.00"
2019-12-19,2019121901004589,VLBS,22,33,20,693.00,"13,860.00"
2019-12-19,2019121901004588,VLBS,22,21,50,692.00,"34,600.00"
2019-12-19,2019121901004587,VLBS,22,33,500,692.00,"346,000.00"
2019-12-19,2019121901004594,VLBS,22,1,100,697.00,"69,700.00"
2019-12-19,2019121901004593,VLBS,22,8,32,697.00,"22,304.00"
2019-12-19,2019121901004592,VLBS,22,6,46,694.00,"31,924.00"
2019-12-19,2019121901004748,VLBS,22,57,104,698.00,"72,592.00"
2019-12-19,2019121901004815,VLBS,34,21,136,697.00,"94,792.00"
2019-12-19,2019121901004904,VLBS,38,54,10,700.00,"7,000.00"
2019-12-19,2019121901004447,ADBL,39,32,10,405.00,"4,050.00"
2019-12-19,2019121901004194,ADBL,58,58,5,397.00,"1,985.00"
2019-12-19,2019121901004034,ADBL,43,32,24,405.00,"9,720.00"
2019-12-19,2019121901004033,ADBL,26,32,46,405.00,"18,630.00"
2019-12-19,2019121901004001,ADBL,26,19,15,405.00,"6,075.00"
2019-12-19,2019121901004281,AHPC,51,45,164,97.00,"15,908.00"
2019-12-19,2019121901004280,AHPC,6,45,100,97.00,"9,700.00"
2019-12-19,2019121901004279,AHPC,42,45,100,97.00,"9,700.00"
2019-12-19,2019121901004278,AHPC,11,45,34,97.00,"3,298.00"
2019-12-19,2019121901004366,AKPL,1,21,486,120.00,"58,320.00"
2019-12-19,2019121901004365,AKPL,25,21,14,121.00,"1,694.00"
2019-12-19,2019121901004287,AKPL,25,56,486,121.00,"58,806.00"
2019-12-19,2019121901004263,AKPL,43,56,500,121.00,"60,500.00"
2019-12-19,2019121901004262,AKPL,45,56,14,121.00,"1,694.00"
2019-12-19,2019121901004192,ALBSL,44,21,10,463.00,"4,630.00"
2019-12-19,2019121901004165,ALICL,25,28,42,353.00,"14,826.00"
2019-12-19,2019121901004335,BOKL,33,52,"3,000",215.00,"645,000.00"
2019-12-19,2019121901004334,BOKL,33,7,183,215.00,"39,345.00"
2019-12-19,2019121901004333,BOKL,22,7,117,215.00,"25,155.00"
2019-12-19,2019121901004063,BOKL,22,36,83,215.00,"17,845.00"
2019-12-19,2019121901004062,BOKL,47,36,"1,500",215.00,"322,500.00"
2019-12-19,2019121901004061,BOKL,53,36,500,215.00,"107,500.00"
2019-12-19,2019121901004060,BOKL,38,36,100,215.00,"21,500.00"
2019-12-19,2019121901004059,BOKL,52,36,50,215.00,"10,750.00"
2019-12-19,2019121901004058,BOKL,32,36,767,215.00,"164,905.00"
2019-12-19,2019121901003966,BOKL,32,43,"1,000",215.00,"215,000.00"
2019-12-19,2019121901004267,BPCL,17,16,26,357.00,"9,282.00"
2019-12-19,2019121901004266,BPCL,17,59,53,357.00,"18,921.00"
2019-12-19,2019121901004265,BPCL,17,59,30,357.00,"10,710.00"
2019-12-19,2019121901004106,BPCL,57,59,20,357.00,"7,140.00"
2019-12-19,2019121901003996,CBBL,19,21,30,787.00,"23,610.00"
2019-12-19,2019121901004315,CBL,21,57,188,135.00,"25,380.00"
2019-12-19,2019121901004314,CBL,57,57,12,135.00,"1,620.00"
2019-12-19,2019121901004228,CBL,57,11,988,135.00,"133,380.00"
2019-12-19,2019121901004227,CBL,57,11,111,135.00,"14,985.00"
2019-12-19,2019121901004226,CBL,37,11,200,135.00,"27,000.00"
2019-12-19,2019121901004225,CBL,59,11,500,135.00,"67,500.00"
2019-12-19,2019121901004209,CBL,42,11,16,135.00,"2,160.00"
2019-12-19,2019121901004224,CBL,57,11,201,135.00,"27,135.00"
2019-12-19,2019121901004214,CBL,57,11,799,135.00,"107,865.00"
2019-12-19,2019121901004213,CBL,37,11,20,135.00,"2,700.00"
2019-12-19,2019121901004212,CBL,11,11,15,135.00,"2,025.00"
2019-12-19,2019121901004211,CBL,49,11,"1,000",135.00,"135,000.00"
2019-12-19,2019121901004210,CBL,57,11,150,135.00,"20,250.00"
2019-12-19,2019121901004269,CEFL,4,4,800,102.00,"81,600.00"
2019-12-19,2019121901003990,CHCL,52,25,14,356.00,"4,984.00"
2019-12-19,2019121901003989,CHCL,4,25,200,356.00,"71,200.00"
2019-12-19,2019121901003988,CHCL,49,25,50,356.00,"17,800.00"
2019-12-19,2019121901003987,CHCL,16,25,500,356.00,"178,000.00"
2019-12-19,2019121901003986,CHCL,40,25,100,356.00,"35,600.00"
2019-12-19,2019121901003985,CHCL,16,25,149,356.00,"53,044.00"
2019-12-19,2019121901003984,CHCL,52,25,50,357.00,"17,850.00"
2019-12-19,2019121901004136,CIT,34,14,13,"1,742.00","22,646.00"
2019-12-19,2019121901004338,CZBIL,17,29,200,184.00,"36,800.00"
2019-12-19,2019121901004292,CZBIL,13,5,"1,000",185.00,"185,000.00"
2019-12-19,2019121901004231,CZBIL,58,5,200,185.00,"37,000.00"
2019-12-19,2019121901004297,DBBL,39,1,244,128.00,"31,232.00"
2019-12-19,2019121901004296,DBBL,39,48,234,128.00,"29,952.00"
2019-12-19,2019121901004295,DBBL,39,6,100,128.00,"12,800.00"
2019-12-19,2019121901004294,DBBL,33,41,190,127.00,"24,130.00"
2019-12-19,2019121901004337,DDBL,45,7,311,855.00,"265,905.00"
2019-12-19,2019121901004336,DDBL,32,7,30,855.00,"25,650.00"
2019-12-19,2019121901004122,DDBL,41,5,50,857.00,"42,850.00"
2019-12-19,2019121901004113,DDBL,45,26,360,856.00,"308,160.00"
2019-12-19,2019121901004000,DDBL,29,26,40,856.00,"34,240.00"
2019-12-19,2019121901003999,DDBL,29,45,10,856.00,"8,560.00"
2019-12-19,2019121901004343,EBL,14,52,200,570.00,"114,000.00"
2019-12-19,2019121901004330,EBL,29,52,500,570.00,"285,000.00"
2019-12-19,2019121901004329,EBL,29,52,104,570.00,"59,280.00"
2019-12-19,2019121901004256,EBL,10,1,172,570.00,"98,040.00"
2019-12-19,2019121901004255,EBL,53,1,100,570.00,"57,000.00"
2019-12-19,2019121901004254,EBL,45,1,30,570.00,"17,100.00"
2019-12-19,2019121901004253,EBL,35,1,176,570.00,"100,320.00"
2019-12-19,2019121901004218,EBL,38,19,10,571.00,"5,710.00"
2019-12-19,2019121901004216,EBL,19,19,28,571.00,"15,988.00"
2019-12-19,2019121901003977,EBL,51,19,100,571.00,"57,100.00"
2019-12-19,2019121901004302,FMDBL,28,29,231,311.00,"71,841.00"
2019-12-19,2019121901004301,FMDBL,49,29,500,313.00,"156,500.00"
2019-12-19,2019121901004300,FMDBL,57,29,184,313.00,"57,592.00"
2019-12-19,2019121901004215,FMDBL,57,57,16,313.00,"5,008.00"
2019-12-19,2019121901004248,FOWAD,6,49,10,"1,370.00","13,700.00"
2019-12-19,2019121901004247,FOWAD,6,32,10,"1,369.00","13,690.00"
2019-12-19,2019121901004443,GBBL,49,14,203,202.00,"41,006.00"
2019-12-19,2019121901004313,GBLBS,41,18,100,317.00,"31,700.00"
2019-12-19,2019121901004238,GFCL,59,1,18,137.00,"2,466.00"
2019-12-19,2019121901004237,GFCL,59,42,132,136.00,"17,952.00"
2019-12-19,2019121901004174,GLICL,50,41,29,449.00,"13,021.00"
2019-12-19,2019121901004441,GMFBS,28,46,10,575.00,"5,750.00"
2019-12-19,2019121901004032,HDL,54,55,10,"1,235.00","12,350.00"
2019-12-19,2019121901004031,HDL,47,55,10,"1,236.00","12,360.00"
2019-12-19,2019121901004030,HDL,29,55,10,"1,238.00","12,380.00"
2019-12-19,2019121901004029,HDL,7,55,10,"1,239.00","12,390.00"
2019-12-19,2019121901004028,HDL,56,55,10,"1,240.00","12,400.00"
2019-12-19,2019121901004397,HGI,55,4,94,282.00,"26,508.00"
2019-12-19,2019121901004396,HGI,11,4,100,283.00,"28,300.00"
2019-12-19,2019121901004395,HGI,26,4,60,283.00,"16,980.00"
2019-12-19,2019121901004341,HPPL,40,21,160,133.00,"21,280.00"
2019-12-19,2019121901004340,HPPL,53,21,300,134.00,"40,200.00"
2019-12-19,2019121901004339,HPPL,26,21,40,134.00,"5,360.00"
2019-12-19,2019121901004264,HURJA,7,42,20,101.00,"2,020.00"
2019-12-19,2019121901004242,IGI,58,5,20,294.00,"5,880.00"
2019-12-19,2019121901004409,ILBS,34,26,10,575.00,"5,750.00"
2019-12-19,2019121901004406,ILBS,34,26,10,575.00,"5,750.00"
2019-12-19,2019121901004394,ILBS,34,29,50,575.00,"28,750.00"
2019-12-19,2019121901004393,ILBS,34,26,10,575.00,"5,750.00"
2019-12-19,2019121901004383,ILBS,14,20,100,576.00,"57,600.00"
2019-12-19,2019121901004205,ILBS,34,21,65,575.00,"37,375.00"
2019-12-19,2019121901003998,ILBS,26,49,10,577.00,"5,770.00"
2019-12-19,2019121901004204,ILBS,49,21,25,575.00,"14,375.00"
2019-12-19,2019121901004203,ILBS,14,21,10,576.00,"5,760.00"
2019-12-19,2019121901004195,ILBS,14,43,10,576.00,"5,760.00"
2019-12-19,2019121901004183,ILBS,14,43,10,576.00,"5,760.00"
2019-12-19,2019121901004144,ILBS,14,13,10,576.00,"5,760.00"
2019-12-19,2019121901004065,ILBS,26,38,10,577.00,"5,770.00"
2019-12-19,2019121901004303,JBBL,50,57,190,168.00,"31,920.00"
2019-12-19,2019121901004090,JFL,22,19,100,196.00,"19,600.00"
2019-12-19,2019121901004089,JFL,17,19,200,196.00,"39,200.00"
2019-12-19,2019121901004415,LBBL,50,38,500,189.00,"94,500.00"
2019-12-19,2019121901004299,LBBL,21,57,300,190.00,"57,000.00"
2019-12-19,2019121901004298,LBBL,21,32,200,190.00,"38,000.00"
2019-12-19,2019121901004289,LBBL,50,22,500,189.00,"94,500.00"
2019-12-19,2019121901004052,LBBL,16,5,280,188.00,"52,640.00"
2019-12-19,2019121901004051,LBBL,47,5,100,188.00,"18,800.00"
2019-12-19,2019121901004050,LBBL,37,5,20,188.00,"3,760.00"
2019-12-19,2019121901004049,LBBL,20,5,600,188.00,"112,800.00"
2019-12-19,2019121901004021,LBBL,20,5,400,188.00,"75,200.00"
