Date,Transact. No.,Symbol,Buyer,Seller,Quantity,Rate,Amount
2021-01-13,2021011303020410,ALBSL,21,54,11,"1,285.00","14,135.00"
2021-01-13,2021011303020199,ALBSL,21,13,22,"1,285.00","28,270.00"
2021-01-13,2021011303020141,ALBSL,21,25,11,"1,285.00","14,135.00"
2021-01-13,2021011303020012,ALICL,4,20,100,"1,037.00","103,700.00"
2021-01-13,2021011303020001,ALICL,59,41,20,"1,040.00","20,800.00"
2021-01-13,2021011303020000,ALICL,59,5,480,"1,040.00","499,200.00"
2021-01-13,2021011303020321,BFC,34,46,50,147.00,"7,350.00"
2021-01-13,2021011303020233,BFC,34,46,379,147.00,"55,713.00"
2021-01-13,2021011303020454,CBBL,13,59,104,"1,276.00","132,704.00"
2021-01-13,2021011303020431,CBBL,13,37,200,"1,276.00","255,200.00"
2021-01-13,2021011303020428,CBBL,54,49,20,"1,277.00","25,540.00"
2021-01-13,2021011303020211,CBBL,54,14,80,"1,276.00","102,080.00"
2021-01-13,2021011303020180,CBBL,21,17,30,"1,275.00","38,250.00"
2021-01-13,2021011303020179,CBBL,21,39,59,"1,275.00","75,225.00"
2021-01-13,2021011303020109,CBBL,50,39,41,"1,275.00","52,275.00"
2021-01-13,2021011303020108,CBBL,50,51,59,"1,274.00","75,166.00"
2021-01-13,2021011303020003,CBBL,4,44,100,"1,274.00","127,400.00"
2021-01-13,2021011303020204,CFCL,45,21,100,196.00,"19,600.00"
2021-01-13,2021011303020129,CFCL,39,28,10,197.00,"1,970.00"
2021-01-13,2021011303020081,CFCL,45,41,"1,100",196.00,"215,600.00"
2021-01-13,2021011303020034,CFCL,16,28,"4,077",197.00,"803,169.00"
2021-01-13,2021011303020033,CFCL,16,49,100,197.00,"19,700.00"
2021-01-13,2021011303020032,CFCL,16,20,128,197.00,"25,216.00"
2021-01-13,2021011303020031,CFCL,16,39,695,197.00,"136,915.00"
2021-01-13,2021011303020355,CIT,55,25,160,"3,440.00","550,400.00"
2021-01-13,2021011303020354,CIT,8,25,20,"3,441.00","68,820.00"
2021-01-13,2021011303020353,CIT,6,25,20,"3,442.00","68,840.00"
2021-01-13,2021011303020309,CIT,55,55,25,"3,440.00","86,000.00"
2021-01-13,2021011303020215,CIT,41,50,14,"3,443.00","48,202.00"
2021-01-13,2021011303020214,CIT,41,39,34,"3,442.00","117,028.00"
2021-01-13,2021011303020411,CMF1,35,16,"1,900",10.00,"19,000.00"
2021-01-13,2021011303020350,DDBL,45,48,100,"1,480.00","148,000.00"
2021-01-13,2021011303020202,DDBL,17,11,30,"1,477.00","44,310.00"
2021-01-13,2021011303020144,DDBL,21,11,100,"1,477.00","147,700.00"
2021-01-13,2021011303020128,DDBL,55,11,300,"1,477.00","443,100.00"
2021-01-13,2021011303020127,DDBL,54,11,10,"1,477.00","14,770.00"
2021-01-13,2021011303020126,DDBL,51,11,67,"1,477.00","98,959.00"
2021-01-13,2021011303020125,DDBL,47,11,100,"1,477.00","147,700.00"
2021-01-13,2021011303020124,DDBL,51,11,20,"1,478.00","29,560.00"
2021-01-13,2021011303020123,DDBL,4,11,100,"1,478.00","147,800.00"
2021-01-13,2021011303020122,DDBL,54,11,10,"1,478.00","14,780.00"
2021-01-13,2021011303020419,EDBL,14,39,425,372.00,"158,100.00"
2021-01-13,2021011303020418,EDBL,14,39,200,372.00,"74,400.00"
2021-01-13,2021011303020337,EDBL,16,6,60,373.00,"22,380.00"
2021-01-13,2021011303020417,EDBL,29,39,20,373.00,"7,460.00"
2021-01-13,2021011303020416,EDBL,58,39,100,373.00,"37,300.00"
2021-01-13,2021011303020415,EDBL,58,39,60,373.00,"22,380.00"
2021-01-13,2021011303020340,EDBL,58,6,140,373.00,"52,220.00"
2021-01-13,2021011303020339,EDBL,14,6,200,373.00,"74,600.00"
2021-01-13,2021011303020338,EDBL,6,6,100,373.00,"37,300.00"
2021-01-13,2021011303020430,FMDBL,17,46,34,695.00,"23,630.00"
2021-01-13,2021011303020429,FMDBL,57,46,166,695.00,"115,370.00"
2021-01-13,2021011303020111,FOWAD,13,45,300,"2,315.00","694,500.00"
2021-01-13,2021011303020110,FOWAD,13,44,10,"2,315.00","23,150.00"
2021-01-13,2021011303020393,GBBL,4,4,10,325.00,"3,250.00"
2021-01-13,2021011303020373,GBBL,25,4,30,325.00,"9,750.00"
2021-01-13,2021011303020372,GBBL,51,4,286,325.00,"92,950.00"
2021-01-13,2021011303020371,GBBL,34,4,500,325.00,"162,500.00"
2021-01-13,2021011303020469,GBLBS,56,26,50,657.00,"32,850.00"
2021-01-13,2021011303020365,GBLBS,56,51,200,655.00,"131,000.00"
2021-01-13,2021011303020364,GBLBS,56,57,50,655.00,"32,750.00"
2021-01-13,2021011303020363,GBLBS,56,58,70,655.00,"45,850.00"
2021-01-13,2021011303020362,GBLBS,56,25,15,654.00,"9,810.00"
2021-01-13,2021011303020351,GBLBS,57,29,470,650.00,"305,500.00"
2021-01-13,2021011303020023,GBLBS,49,49,25,651.00,"16,275.00"
2021-01-13,2021011303020022,GBLBS,36,49,100,651.00,"65,100.00"
2021-01-13,2021011303020015,GBLBS,46,25,300,652.00,"195,600.00"
2021-01-13,2021011303020014,GBLBS,41,25,100,653.00,"65,300.00"
2021-01-13,2021011303020013,GBLBS,29,25,10,653.00,"6,530.00"
2021-01-13,2021011303020099,GBLBS,39,56,94,650.00,"61,100.00"
2021-01-13,2021011303020098,GBLBS,49,56,150,651.00,"97,650.00"
2021-01-13,2021011303020077,GBLBS,57,25,15,652.00,"9,780.00"
2021-01-13,2021011303020026,GBLBS,49,49,350,651.00,"227,850.00"
2021-01-13,2021011303020025,GBLBS,26,49,80,651.00,"52,080.00"
2021-01-13,2021011303020024,GBLBS,1,49,300,651.00,"195,300.00"
2021-01-13,2021011303020113,GBLBS,57,25,30,652.00,"19,560.00"
2021-01-13,2021011303020104,GBLBS,10,56,56,649.00,"36,344.00"
2021-01-13,2021011303020103,GBLBS,34,56,30,650.00,"19,500.00"
2021-01-13,2021011303020102,GBLBS,41,56,20,650.00,"13,000.00"
2021-01-13,2021011303020101,GBLBS,41,56,50,650.00,"32,500.00"
2021-01-13,2021011303020100,GBLBS,51,56,100,650.00,"65,000.00"
2021-01-13,2021011303020336,GBLBS,10,21,100,649.00,"64,900.00"
2021-01-13,2021011303020219,GBLBS,56,29,30,650.00,"19,500.00"
2021-01-13,2021011303020146,GBLBS,55,25,45,652.00,"29,340.00"
2021-01-13,2021011303020145,GBLBS,55,25,100,650.00,"65,000.00"
2021-01-13,2021011303020143,GBLBS,56,25,400,650.00,"260,000.00"
2021-01-13,2021011303020142,GBLBS,56,48,600,650.00,"390,000.00"
2021-01-13,2021011303020030,GFCL,48,5,400,224.00,"89,600.00"
2021-01-13,2021011303020029,GFCL,48,35,100,224.00,"22,400.00"
2021-01-13,2021011303020456,GLICL,6,55,100,664.00,"66,400.00"
2021-01-13,2021011303020435,GLICL,6,57,50,664.00,"33,200.00"
2021-01-13,2021011303020434,GLICL,6,17,93,664.00,"61,752.00"
2021-01-13,2021011303020420,GLICL,34,57,50,663.00,"33,150.00"
2021-01-13,2021011303020341,GLICL,52,17,500,664.00,"332,000.00"
2021-01-13,2021011303020208,GLICL,19,17,50,664.00,"33,200.00"
2021-01-13,2021011303020036,GLICL,52,17,250,664.00,"166,000.00"
2021-01-13,2021011303019996,GLICL,45,17,500,664.00,"332,000.00"
2021-01-13,2021011303020174,GMFBS,42,28,180,"1,299.00","233,820.00"
2021-01-13,2021011303020028,GRDBL,45,33,150,167.00,"25,050.00"
2021-01-13,2021011303020433,HIDCL,5,28,85,277.00,"23,545.00"
2021-01-13,2021011303020432,HIDCL,5,58,915,277.00,"253,455.00"
2021-01-13,2021011303020407,HIDCL,41,22,20,276.00,"5,520.00"
2021-01-13,2021011303020401,HIDCL,41,35,320,276.00,"88,320.00"
2021-01-13,2021011303020374,HIDCL,7,58,100,277.00,"27,700.00"
2021-01-13,2021011303020200,HIDCL,47,10,690,276.00,"190,440.00"
2021-01-13,2021011303020114,HIDCL,57,58,200,277.00,"55,400.00"
2021-01-13,2021011303020107,ICFC,39,20,"1,000",278.00,"278,000.00"
2021-01-13,2021011303020342,ILBS,20,13,11,"1,281.00","14,091.00"
2021-01-13,2021011303020398,JBBL,52,56,"1,000",224.00,"224,000.00"
2021-01-13,2021011303020397,JBBL,49,56,200,224.00,"44,800.00"
2021-01-13,2021011303020139,JBBL,34,34,200,224.00,"44,800.00"
2021-01-13,2021011303020467,JFL,50,28,110,259.00,"28,490.00"
2021-01-13,2021011303020466,JFL,50,6,250,259.00,"64,750.00"
2021-01-13,2021011303020465,JFL,50,35,500,259.00,"129,500.00"
2021-01-13,2021011303020464,JFL,50,32,140,259.00,"36,260.00"
2021-01-13,2021011303020400,JFL,57,32,200,259.00,"51,800.00"
2021-01-13,2021011303020229,JFL,42,32,20,259.00,"5,180.00"
2021-01-13,2021011303020002,JSLBB,37,45,10,"2,200.00","22,000.00"
2021-01-13,2021011303020137,KLBSL,17,19,34,"1,186.00","40,324.00"
2021-01-13,2021011303020136,KLBSL,19,19,46,"1,186.00","54,556.00"
2021-01-13,2021011303020079,KLBSL,44,19,20,"1,187.00","23,740.00"
2021-01-13,2021011303020386,KMCDB,44,47,200,"1,000.00","200,000.00"
2021-01-13,2021011303020228,KMCDB,25,35,10,"1,010.00","10,100.00"
2021-01-13,2021011303020175,KMCDB,44,28,54,"1,000.00","54,000.00"
2021-01-13,2021011303020414,KRBL,41,52,100,151.00,"15,100.00"
2021-01-13,2021011303020405,KRBL,41,34,100,151.00,"15,100.00"
2021-01-13,2021011303020316,KRBL,28,57,10,152.00,"1,520.00"
2021-01-13,2021011303020169,KRBL,28,57,10,152.00,"1,520.00"
2021-01-13,2021011303020168,KRBL,28,22,500,151.00,"75,500.00"
2021-01-13,2021011303020131,KRBL,55,33,496,150.00,"74,400.00"
2021-01-13,2021011303020130,KRBL,41,33,250,150.00,"37,500.00"
2021-01-13,2021011303020230,KSBBL,35,45,"1,500",245.00,"367,500.00"
2021-01-13,2021011303020069,KSBBL,35,40,440,242.00,"106,480.00"
2021-01-13,2021011303020045,KSBBL,7,40,500,242.00,"121,000.00"
2021-01-13,2021011303020044,KSBBL,34,40,"2,000",242.00,"484,000.00"
2021-01-13,2021011303020043,KSBBL,14,40,"1,000",242.00,"242,000.00"
2021-01-13,2021011303020042,KSBBL,7,40,500,242.00,"121,000.00"
2021-01-13,2021011303020041,KSBBL,3,40,10,242.00,"2,420.00"
2021-01-13,2021011303020040,KSBBL,47,40,200,242.00,"48,400.00"
2021-01-13,2021011303020039,KSBBL,17,40,100,242.00,"24,200.00"
2021-01-13,2021011303020038,KSBBL,4,40,50,242.00,"12,100.00"
2021-01-13,2021011303020037,KSBBL,45,40,200,245.00,"49,000.00"
2021-01-13,2021011303020086,LBBL,6,25,20,238.00,"4,760.00"
2021-01-13,2021011303020352,LICN,29,58,50,"2,195.00","109,750.00"
2021-01-13,2021011303020218,LICN,49,58,300,"2,190.00","657,000.00"
2021-01-13,2021011303020027,LICN,58,49,18,"2,200.00","39,600.00"
2021-01-13,2021011303020182,LLBS,49,56,50,"1,490.00","74,500.00"
2021-01-13,2021011303020171,MDB,38,26,306,345.00,"105,570.00"
2021-01-13,2021011303020170,MDB,38,37,194,344.00,"66,736.00"
2021-01-13,2021011303020320,MERO,57,43,50,"1,025.00","51,250.00"
2021-01-13,2021011303020134,MERO,57,22,108,"1,025.00","110,700.00"
2021-01-13,2021011303020133,MERO,57,22,20,"1,025.00","20,500.00"
2021-01-13,2021011303020132,MERO,52,22,72,"1,025.00","73,800.00"
2021-01-13,2021011303020399,MFIL,55,50,10,353.00,"3,530.00"
2021-01-13,2021011303020359,MLBBL,59,32,200,"1,386.00","277,200.00"
2021-01-13,2021011303020196,MLBBL,59,32,180,"1,380.00","248,400.00"
2021-01-13,2021011303020195,MLBBL,59,6,100,"1,379.00","137,900.00"
2021-01-13,2021011303020194,MLBBL,59,58,50,"1,378.00","68,900.00"
2021-01-13,2021011303020193,MLBBL,59,6,200,"1,378.00","275,600.00"
2021-01-13,2021011303020192,MLBBL,59,6,170,"1,378.00","234,260.00"
2021-01-13,2021011303020191,MLBBL,59,57,100,"1,370.00","137,000.00"
2021-01-13,2021011303020190,MLBBL,59,36,28,"1,368.00","38,304.00"
2021-01-13,2021011303020384,MMFDB,28,21,100,"1,445.00","144,500.00"
2021-01-13,2021011303020471,MNBBL,41,41,100,377.00,"37,700.00"
2021-01-13,2021011303020395,MNBBL,36,13,250,377.00,"94,250.00"
2021-01-13,2021011303020210,MNBBL,33,13,46,377.00,"17,342.00"
2021-01-13,2021011303020209,MNBBL,33,54,54,377.00,"20,358.00"
2021-01-13,2021011303020206,MNBBL,25,7,100,376.00,"37,600.00"
2021-01-13,2021011303020468,MPFL,21,4,100,162.00,"16,200.00"
2021-01-13,2021011303020318,MSLB,1,42,10,"1,700.00","17,000.00"
2021-01-13,2021011303020177,MSLB,19,55,25,"1,680.00","42,000.00"
2021-01-13,2021011303020176,MSLB,42,55,20,"1,680.00","33,600.00"
2021-01-13,2021011303020404,MSMBS,14,25,40,957.00,"38,280.00"
2021-01-13,2021011303020458,NFS,49,1,50,246.00,"12,300.00"
2021-01-13,2021011303020472,NICBF,35,57,"5,300",10.33,"54,749.00"
2021-01-13,2021011303020083,NICGF,13,34,"3,280",11.08,"36,342.40"
2021-01-13,2021011303020160,NLBBL,34,33,300,"1,229.00","368,700.00"
2021-01-13,2021011303020082,NLBBL,34,34,124,"1,229.00","152,396.00"
2021-01-13,2021011303020016,NLBBL,49,34,300,"1,229.00","368,700.00"
2021-01-13,2021011303020453,NLIC,53,38,13,"2,436.00","31,668.00"
2021-01-13,2021011303020452,NLIC,1,50,26,"2,435.00","63,310.00"
2021-01-13,2021011303020356,NLIC,59,50,100,"2,435.00","243,500.00"
2021-01-13,2021011303020121,NLIC,50,34,32,"2,434.00","77,888.00"
2021-01-13,2021011303020120,NLIC,7,34,50,"2,435.00","121,750.00"
2021-01-13,2021011303020119,NLIC,7,34,18,"2,435.00","43,830.00"
2021-01-13,2021011303020481,NLICL,58,21,170,"1,170.00","198,900.00"
2021-01-13,2021011303020480,NLICL,58,43,400,"1,170.00","468,000.00"
2021-01-13,2021011303020479,NLICL,58,20,200,"1,169.00","233,800.00"
2021-01-13,2021011303020478,NLICL,58,41,100,"1,169.00","116,900.00"
2021-01-13,2021011303020477,NLICL,58,40,100,"1,168.00","116,800.00"
2021-01-13,2021011303020476,NLICL,58,51,100,"1,166.00","116,600.00"
2021-01-13,2021011303020071,NLICL,45,54,80,"1,165.00","93,200.00"
2021-01-13,2021011303020070,NLICL,45,19,100,"1,164.00","116,400.00"
2021-01-13,2021011303020052,NLICL,51,54,50,"1,165.00","58,250.00"
2021-01-13,2021011303020021,NLICL,51,4,50,"1,163.00","58,150.00"
2021-01-13,2021011303020115,NLICL,53,13,50,"1,165.00","58,250.00"
2021-01-13,2021011303020085,NLICL,53,11,111,"1,165.00","129,315.00"
2021-01-13,2021011303020075,NLICL,53,51,54,"1,165.00","62,910.00"
2021-01-13,2021011303020074,NLICL,45,51,246,"1,165.00","286,590.00"
2021-01-13,2021011303020073,NLICL,45,58,300,"1,165.00","349,500.00"
2021-01-13,2021011303020072,NLICL,45,39,274,"1,165.00","319,210.00"
2021-01-13,2021011303020231,NLICL,45,51,10,"1,165.00","11,650.00"
2021-01-13,2021011303020203,NLICL,49,58,100,"1,166.00","116,600.00"
2021-01-13,2021011303020197,NLICL,53,4,95,"1,165.00","110,675.00"
2021-01-13,2021011303020188,NLICL,48,58,50,"1,166.00","58,300.00"
2021-01-13,2021011303020187,NLICL,53,1,40,"1,165.00","46,600.00"
2021-01-13,2021011303020118,NLICL,5,58,200,"1,166.00","233,200.00"
2021-01-13,2021011303020323,NLICL,25,35,100,"1,165.00","116,500.00"
2021-01-13,2021011303020313,NLICL,58,58,10,"1,166.00","11,660.00"
2021-01-13,2021011303020312,NLICL,58,51,90,"1,165.00","104,850.00"
2021-01-13,2021011303020311,NLICL,58,50,100,"1,165.00","116,500.00"
2021-01-13,2021011303020310,NLICL,58,53,150,"1,165.00","174,750.00"
2021-01-13,2021011303020232,NLICL,51,51,50,"1,165.00","58,250.00"
2021-01-13,2021011303020446,NLICL,3,36,60,"1,161.00","69,660.00"
2021-01-13,2021011303020445,NLICL,34,36,53,"1,161.00","61,533.00"
2021-01-13,2021011303020392,NLICL,34,39,47,"1,161.00","54,567.00"
2021-01-13,2021011303020391,NLICL,39,39,513,"1,161.00","595,593.00"
2021-01-13,2021011303020390,NLICL,51,39,35,"1,163.00","40,705.00"
2021-01-13,2021011303020357,NLICL,48,35,50,"1,165.00","58,250.00"
2021-01-13,2021011303020475,NLICL,58,58,303,"1,166.00","353,298.00"
2021-01-13,2021011303020474,NLICL,58,35,50,"1,165.00","58,250.00"
2021-01-13,2021011303020473,NLICL,58,36,77,"1,161.00","89,397.00"
2021-01-13,2021011303020449,NLICL,34,36,100,"1,161.00","116,100.00"
2021-01-13,2021011303020448,NLICL,34,36,10,"1,161.00","11,610.00"
2021-01-13,2021011303020447,NLICL,58,36,150,"1,161.00","174,150.00"
2021-01-13,2021011303020385,NMBMF,33,42,10,"1,138.00","11,380.00"
2021-01-13,2021011303020105,NMBMF,55,26,85,"1,139.00","96,815.00"
2021-01-13,2021011303020489,NRIC,48,58,105,"1,551.00","162,855.00"
2021-01-13,2021011303020488,NRIC,48,28,20,"1,551.00","31,020.00"
2021-01-13,2021011303020487,NRIC,48,42,500,"1,550.00","775,000.00"
2021-01-13,2021011303020486,NRIC,48,25,100,"1,550.00","155,000.00"
2021-01-13,2021011303020485,NRIC,48,58,50,"1,550.00","77,500.00"
2021-01-13,2021011303020484,NRIC,48,58,80,"1,550.00","124,000.00"
2021-01-13,2021011303020055,NRIC,38,59,150,"1,548.00","232,200.00"
2021-01-13,2021011303020054,NRIC,38,42,40,"1,548.00","61,920.00"
2021-01-13,2021011303020053,NRIC,38,26,50,"1,548.00","77,400.00"
2021-01-13,2021011303020061,NRIC,38,55,40,"1,550.00","62,000.00"
2021-01-13,2021011303020060,NRIC,38,51,10,"1,550.00","15,500.00"
2021-01-13,2021011303020059,NRIC,38,25,50,"1,550.00","77,500.00"
2021-01-13,2021011303020058,NRIC,38,57,100,"1,550.00","155,000.00"
2021-01-13,2021011303020057,NRIC,38,55,40,"1,550.00","62,000.00"
2021-01-13,2021011303020056,NRIC,38,21,40,"1,550.00","62,000.00"
2021-01-13,2021011303020067,NRIC,38,52,100,"1,550.00","155,000.00"
2021-01-13,2021011303020066,NRIC,38,35,100,"1,550.00","155,000.00"
2021-01-13,2021011303020065,NRIC,38,57,60,"1,550.00","93,000.00"
2021-01-13,2021011303020064,NRIC,38,38,150,"1,550.00","232,500.00"
2021-01-13,2021011303020063,NRIC,38,56,200,"1,550.00","310,000.00"
2021-01-13,2021011303020062,NRIC,38,3,30,"1,550.00","46,500.00"
2021-01-13,2021011303020172,NRIC,21,49,160,"1,547.00","247,520.00"
2021-01-13,2021011303020166,NRIC,21,45,70,"1,547.00","108,290.00"
2021-01-13,2021011303020151,NRIC,38,45,400,"1,547.00","618,800.00"
2021-01-13,2021011303020138,NRIC,20,45,30,"1,547.00","46,410.00"
2021-01-13,2021011303020076,NRIC,48,48,115,"1,550.00","178,250.00"
2021-01-13,2021011303020068,NRIC,38,48,"1,340","1,550.00","2,077,000.00"
2021-01-13,2021011303020358,NRIC,38,4,300,"1,549.00","464,700.00"
2021-01-13,2021011303020234,NRIC,55,47,20,"1,547.00","30,940.00"
2021-01-13,2021011303020207,NRIC,25,4,50,"1,549.00","77,450.00"
2021-01-13,2021011303020205,NRIC,52,4,50,"1,549.00","77,450.00"
2021-01-13,2021011303020183,NRIC,22,53,30,"1,546.00","46,380.00"
2021-01-13,2021011303020173,NRIC,41,49,40,"1,546.00","61,840.00"
2021-01-13,2021011303020483,NRIC,48,48,145,"1,550.00","224,750.00"
2021-01-13,2021011303020450,NRIC,52,42,40,"1,548.00","61,920.00"
2021-01-13,2021011303020368,NRIC,1,36,50,"1,547.00","77,350.00"
2021-01-13,2021011303020367,NRIC,45,36,50,"1,547.00","77,350.00"
2021-01-13,2021011303020361,NRIC,21,39,50,"1,547.00","77,350.00"
2021-01-13,2021011303020360,NRIC,55,39,50,"1,547.00","77,350.00"
2021-01-13,2021011303020198,NRN,38,21,10,363.00,"3,630.00"
2021-01-13,2021011303020159,NRN,47,42,43,362.00,"15,566.00"
2021-01-13,2021011303020158,NRN,45,42,10,362.00,"3,620.00"
2021-01-13,2021011303020157,NRN,1,42,327,362.00,"118,374.00"
2021-01-13,2021011303020156,NRN,58,42,520,363.00,"188,760.00"
2021-01-13,2021011303020152,NRN,58,21,10,363.00,"3,630.00"
2021-01-13,2021011303020150,NRN,1,4,274,362.00,"99,188.00"
2021-01-13,2021011303020149,NRN,37,4,20,362.00,"7,240.00"
2021-01-13,2021011303020148,NRN,22,4,200,362.00,"72,400.00"
2021-01-13,2021011303020147,NRN,58,4,26,362.00,"9,412.00"
2021-01-13,2021011303020050,NRN,6,4,100,363.00,"36,300.00"
2021-01-13,2021011303020463,NTC,58,48,81,"1,263.00","102,303.00"
2021-01-13,2021011303020462,NTC,58,35,19,"1,262.00","23,978.00"
2021-01-13,2021011303020394,NTC,28,57,150,"1,256.00","188,400.00"
2021-01-13,2021011303020383,NTC,34,49,10,"1,262.00","12,620.00"
2021-01-13,2021011303020382,NTC,34,52,500,"1,262.00","631,000.00"
2021-01-13,2021011303020381,NTC,34,56,20,"1,262.00","25,240.00"
2021-01-13,2021011303020010,NTC,57,1,10,"1,255.00","12,550.00"
2021-01-13,2021011303019999,NTC,57,58,10,"1,255.00","12,550.00"
2021-01-13,2021011303019998,NTC,45,58,20,"1,255.00","25,100.00"
2021-01-13,2021011303020306,NTC,58,52,60,"1,260.00","75,600.00"
2021-01-13,2021011303020305,NTC,58,45,40,"1,260.00","50,400.00"
2021-01-13,2021011303020304,NTC,58,35,"5,000","1,255.00","6,275,000.00"
2021-01-13,2021011303020155,NTC,33,45,60,"1,260.00","75,600.00"
2021-01-13,2021011303020154,NTC,33,52,100,"1,260.00","126,000.00"
2021-01-13,2021011303020153,NTC,33,49,40,"1,260.00","50,400.00"
2021-01-13,2021011303020380,NTC,34,58,400,"1,260.00","504,000.00"
2021-01-13,2021011303020379,NTC,34,4,50,"1,260.00","63,000.00"
2021-01-13,2021011303020378,NTC,34,50,500,"1,260.00","630,000.00"
2021-01-13,2021011303020377,NTC,34,45,60,"1,260.00","75,600.00"
2021-01-13,2021011303020376,NTC,34,33,300,"1,260.00","378,000.00"
2021-01-13,2021011303020375,NTC,34,52,660,"1,260.00","831,600.00"
2021-01-13,2021011303020455,NUBL,35,45,50,"1,344.00","67,200.00"
2021-01-13,2021011303020097,NUBL,35,6,200,"1,344.00","268,800.00"
2021-01-13,2021011303020096,NUBL,35,6,70,"1,344.00","94,080.00"
2021-01-13,2021011303020095,NUBL,35,47,110,"1,340.00","147,400.00"
2021-01-13,2021011303020094,NUBL,35,47,100,"1,340.00","134,000.00"
2021-01-13,2021011303020093,NUBL,35,6,366,"1,337.00","489,342.00"
2021-01-13,2021011303020092,NUBL,35,49,100,"1,336.00","133,600.00"
2021-01-13,2021011303020078,NUBL,39,55,50,"1,335.00","66,750.00"
2021-01-13,2021011303020413,PFL,45,28,10,209.00,"2,090.00"
2021-01-13,2021011303020412,PFL,16,28,24,209.00,"5,016.00"
2021-01-13,2021011303020389,PFL,16,1,40,209.00,"8,360.00"
2021-01-13,2021011303020047,PFL,16,49,36,209.00,"7,524.00"
2021-01-13,2021011304000006,PLI,34,13,10,271.00,"2,710.00"
2021-01-13,2021011304000005,PLI,34,48,10,271.00,"2,710.00"
2021-01-13,2021011304000004,PLI,34,17,10,271.00,"2,710.00"
2021-01-13,2021011304000003,PLI,48,56,10,269.00,"2,690.00"
2021-01-13,2021011304000002,PLI,37,56,10,264.00,"2,640.00"
2021-01-13,2021011304000001,PLI,17,14,10,259.00,"2,590.00"
2021-01-13,2021011303020436,PLIC,50,16,30,811.00,"24,330.00"
2021-01-13,2021011303020319,PLIC,52,28,145,817.00,"118,465.00"
2021-01-13,2021011303020163,PLIC,52,58,100,817.00,"81,700.00"
2021-01-13,2021011303020162,PLIC,52,57,40,817.00,"32,680.00"
2021-01-13,2021011303020161,PLIC,52,7,100,814.00,"81,400.00"
2021-01-13,2021011303020106,PLIC,3,42,150,810.00,"121,500.00"
2021-01-13,2021011303020370,PROFL,47,29,294,132.00,"38,808.00"
2021-01-13,2021011303020369,PROFL,52,29,10,132.00,"1,320.00"
2021-01-13,2021011303020225,PROFL,7,29,640,133.00,"85,120.00"
2021-01-13,2021011303020224,PROFL,57,29,10,133.00,"1,330.00"
2021-01-13,2021011303020223,PROFL,45,29,40,133.00,"5,320.00"
2021-01-13,2021011303020222,PROFL,21,29,50,133.00,"6,650.00"
2021-01-13,2021011303020221,PROFL,14,29,66,133.00,"8,778.00"
2021-01-13,2021011303020112,PROFL,14,28,434,133.00,"57,722.00"
2021-01-13,2021011303020451,RLFL,57,45,10,195.00,"1,950.00"
2021-01-13,2021011303020091,RLFL,58,45,"2,350",193.00,"453,550.00"
2021-01-13,2021011303020090,RLFL,42,45,150,194.00,"29,100.00"
2021-01-13,2021011303020089,RLFL,8,45,100,194.00,"19,400.00"
2021-01-13,2021011303020088,RLFL,22,45,300,194.00,"58,200.00"
2021-01-13,2021011303020087,RLFL,19,45,100,194.00,"19,400.00"
2021-01-13,2021011303020048,RLFL,49,45,500,195.00,"97,500.00"
2021-01-13,2021011303020482,RLI,39,25,150,637.00,"95,550.00"
2021-01-13,2021011303020421,RLI,49,17,10,636.00,"6,360.00"
2021-01-13,2021011303020388,RLI,45,25,500,637.00,"318,500.00"
2021-01-13,2021011303020343,RLI,3,25,50,637.00,"31,850.00"
2021-01-13,2021011303020322,RLI,49,25,30,637.00,"19,110.00"
2021-01-13,2021011303020317,RLI,57,25,20,637.00,"12,740.00"
2021-01-13,2021011303020308,RLI,49,45,149,636.00,"94,764.00"
2021-01-13,2021011303020307,RLI,26,45,71,636.00,"45,156.00"
2021-01-13,2021011303020189,RLI,26,38,10,636.00,"6,360.00"
2021-01-13,2021011303020140,RLI,26,17,10,636.00,"6,360.00"
2021-01-13,2021011303020011,RLI,4,25,30,637.00,"19,110.00"
2021-01-13,2021011303019997,RLI,4,17,10,637.00,"6,370.00"
2021-01-13,2021011303020186,RSDC,34,45,80,705.00,"56,400.00"
2021-01-13,2021011303020185,RSDC,34,4,100,705.00,"70,500.00"
2021-01-13,2021011303020184,RSDC,34,38,70,705.00,"49,350.00"
2021-01-13,2021011303020035,RSDC,56,38,50,705.00,"35,250.00"
2021-01-13,2021011303020406,SADBL,41,7,50,201.00,"10,050.00"
2021-01-13,2021011303020220,SADBL,1,58,34,200.00,"6,800.00"
2021-01-13,2021011303020165,SADBL,1,57,357,200.00,"71,400.00"
2021-01-13,2021011303020461,SAEF,21,48,"1,000",12.05,"12,050.00"
2021-01-13,2021011303020460,SAEF,21,22,500,12.00,"6,000.00"
2021-01-13,2021011303020459,SAEF,21,8,"5,500",12.00,"66,000.00"
2021-01-13,2021011303020315,SAEF,21,8,"19,500",12.00,"234,000.00"
2021-01-13,2021011303020314,SAEF,21,42,500,12.00,"6,000.00"
2021-01-13,2021011303020402,SDLBSL,41,50,10,"1,239.00","12,390.00"
2021-01-13,2021011303020117,SDLBSL,3,58,40,"1,238.00","49,520.00"
2021-01-13,2021011303020116,SDLBSL,3,20,20,"1,238.00","24,760.00"
2021-01-13,2021011303020167,SEF,19,28,200,10.73,"2,146.00"
2021-01-13,2021011303020009,SFMF,22,22,100,10.76,"1,076.00"
2021-01-13,2021011303020008,SFMF,22,56,110,10.76,"1,183.60"
2021-01-13,2021011303020007,SFMF,22,42,200,10.71,"2,142.00"
2021-01-13,2021011303020403,SHINE,53,28,10,256.00,"2,560.00"
2021-01-13,2021011303020217,SINDU,39,53,100,160.00,"16,000.00"
2021-01-13,2021011303020216,SINDU,39,49,418,160.00,"66,880.00"
2021-01-13,2021011303020335,SKBBL,43,59,180,"1,600.00","288,000.00"
2021-01-13,2021011303020334,SKBBL,43,42,100,"1,600.00","160,000.00"
2021-01-13,2021011303020333,SKBBL,43,45,20,"1,600.00","32,000.00"
2021-01-13,2021011303020332,SKBBL,43,28,20,"1,600.00","32,000.00"
2021-01-13,2021011303020331,SKBBL,43,29,200,"1,600.00","320,000.00"
2021-01-13,2021011303020330,SKBBL,43,44,300,"1,600.00","480,000.00"
2021-01-13,2021011303020006,SKBBL,49,57,50,"1,591.00","79,550.00"
2021-01-13,2021011303020005,SKBBL,49,57,100,"1,591.00","159,100.00"
2021-01-13,2021011303020004,SKBBL,49,14,70,"1,591.00","111,370.00"
2021-01-13,2021011303020329,SKBBL,43,26,38,"1,600.00","60,800.00"
2021-01-13,2021011303020328,SKBBL,43,37,12,"1,600.00","19,200.00"
2021-01-13,2021011303020327,SKBBL,43,34,20,"1,597.00","31,940.00"
2021-01-13,2021011303020326,SKBBL,43,49,100,"1,597.00","159,700.00"
2021-01-13,2021011303020325,SKBBL,43,43,10,"1,595.00","15,950.00"
2021-01-13,2021011303020324,SKBBL,43,32,200,"1,593.00","318,600.00"
2021-01-13,2021011303020396,SLBBL,48,42,100,"1,220.00","122,000.00"
2021-01-13,2021011303020366,SLBBL,41,16,80,"1,229.00","98,320.00"
2021-01-13,2021011303020178,SLBBL,41,16,80,"1,229.00","98,320.00"
2021-01-13,2021011303020049,SLBBL,41,16,50,"1,229.00","61,450.00"
2021-01-13,2021011303020017,SLBBL,32,37,215,"1,223.00","262,945.00"
2021-01-13,2021011303020213,SLBS,56,46,12,"1,375.00","16,500.00"
2021-01-13,2021011303020046,SLBS,56,50,18,"1,383.00","24,894.00"
2021-01-13,2021011303020409,SLICL,50,34,80,746.00,"59,680.00"
2021-01-13,2021011303020408,SLICL,41,34,20,746.00,"14,920.00"
2021-01-13,2021011303020201,SLICL,4,49,40,749.00,"29,960.00"
2021-01-13,2021011303020212,SMB,55,48,58,"1,269.00","73,602.00"
2021-01-13,2021011303020181,SMB,3,48,22,"1,269.00","27,918.00"
2021-01-13,2021011303020080,SMFBS,34,47,20,"1,584.00","31,680.00"
2021-01-13,2021011303020020,SMFBS,34,25,51,"1,564.00","79,764.00"
2021-01-13,2021011303020019,SMFBS,34,47,500,"1,564.00","782,000.00"
2021-01-13,2021011303020018,SMFBS,34,57,149,"1,564.00","233,036.00"
2021-01-13,2021011303020427,STC,59,40,40,"6,930.00","277,200.00"
2021-01-13,2021011303020426,STC,59,50,10,"6,929.00","69,290.00"
2021-01-13,2021011303020425,STC,59,40,17,"6,925.00","117,725.00"
2021-01-13,2021011303020424,STC,59,44,20,"6,925.00","138,500.00"
2021-01-13,2021011303020423,STC,59,21,40,"6,920.00","276,800.00"
2021-01-13,2021011303020422,STC,59,41,10,"6,918.00","69,180.00"
2021-01-13,2021011303020470,SWBBL,53,58,77,"1,725.00","132,825.00"
2021-01-13,2021011303020135,SWBBL,51,58,100,"1,724.00","172,400.00"
2021-01-13,2021011303020051,SWBBL,49,58,290,"1,724.00","499,960.00"
2021-01-13,2021011303020227,SWBBL,7,6,10,"1,724.00","17,240.00"
2021-01-13,2021011303020226,SWBBL,7,58,15,"1,724.00","25,860.00"
2021-01-13,2021011303020164,SWBBL,45,58,20,"1,724.00","34,480.00"
2021-01-13,2021011303020444,TRH,47,29,70,299.00,"20,930.00"
2021-01-13,2021011303020443,TRH,45,29,40,299.00,"11,960.00"
2021-01-13,2021011303020349,TRH,38,29,100,300.00,"30,000.00"
2021-01-13,2021011303020348,TRH,46,29,100,300.00,"30,000.00"
2021-01-13,2021011303020347,TRH,45,29,50,300.00,"15,000.00"
2021-01-13,2021011303020346,TRH,32,29,200,300.00,"60,000.00"
2021-01-13,2021011303020345,TRH,14,29,200,300.00,"60,000.00"
2021-01-13,2021011303020344,TRH,47,29,140,300.00,"42,000.00"
2021-01-13,2021011303020442,UFL,45,36,"2,100",350.00,"735,000.00"
2021-01-13,2021011303020441,UFL,45,36,600,350.00,"210,000.00"
2021-01-13,2021011303020440,UFL,6,36,200,351.00,"70,200.00"
2021-01-13,2021011303020439,UFL,58,36,200,352.00,"70,400.00"
2021-01-13,2021011303020438,UFL,45,36,50,353.00,"17,650.00"
2021-01-13,2021011303020437,UFL,21,36,150,353.00,"52,950.00"
2021-01-13,2021011303020237,UFL,28,28,"5,000",354.00,"1,770,000.00"
2021-01-13,2021011303020236,UFL,6,28,500,354.00,"177,000.00"
2021-01-13,2021011303020235,UFL,28,28,132,354.00,"46,728.00"
2021-01-13,2021011303020084,UFL,28,7,100,354.00,"35,400.00"
2021-01-13,2021011303020243,UFL,1,28,800,354.00,"283,200.00"
2021-01-13,2021011303020242,UFL,58,28,100,354.00,"35,400.00"
2021-01-13,2021011303020241,UFL,45,28,"4,000",354.00,"1,416,000.00"
2021-01-13,2021011303020240,UFL,45,28,"10,000",354.00,"3,540,000.00"
2021-01-13,2021011303020239,UFL,28,28,"5,000",354.00,"1,770,000.00"
2021-01-13,2021011303020238,UFL,39,28,175,354.00,"61,950.00"
2021-01-13,2021011303020249,UFL,28,28,"1,000",354.00,"354,000.00"
2021-01-13,2021011303020248,UFL,45,28,"2,000",354.00,"708,000.00"
2021-01-13,2021011303020247,UFL,28,28,500,354.00,"177,000.00"
2021-01-13,2021011303020246,UFL,28,28,"1,000",354.00,"354,000.00"
2021-01-13,2021011303020245,UFL,49,28,20,354.00,"7,080.00"
2021-01-13,2021011303020244,UFL,29,28,500,354.00,"177,000.00"
2021-01-13,2021011303020255,UFL,25,28,50,354.00,"17,700.00"
2021-01-13,2021011303020254,UFL,38,28,500,354.00,"177,000.00"
2021-01-13,2021011303020253,UFL,50,28,100,354.00,"35,400.00"
2021-01-13,2021011303020252,UFL,28,28,"4,000",354.00,"1,416,000.00"
2021-01-13,2021011303020251,UFL,28,28,"3,000",354.00,"1,062,000.00"
2021-01-13,2021011303020250,UFL,41,28,500,354.00,"177,000.00"
2021-01-13,2021011303020261,UFL,49,28,500,354.00,"177,000.00"
2021-01-13,2021011303020260,UFL,11,28,500,354.00,"177,000.00"
2021-01-13,2021011303020259,UFL,38,28,150,354.00,"53,100.00"
2021-01-13,2021011303020258,UFL,55,28,50,354.00,"17,700.00"
2021-01-13,2021011303020257,UFL,26,28,100,354.00,"35,400.00"
2021-01-13,2021011303020256,UFL,49,28,10,354.00,"3,540.00"
2021-01-13,2021011303020267,UFL,48,28,100,354.00,"35,400.00"
2021-01-13,2021011303020266,UFL,6,28,500,354.00,"177,000.00"
2021-01-13,2021011303020265,UFL,25,28,10,354.00,"3,540.00"
2021-01-13,2021011303020264,UFL,45,28,50,354.00,"17,700.00"
2021-01-13,2021011303020263,UFL,13,28,60,354.00,"21,240.00"
2021-01-13,2021011303020262,UFL,39,28,"2,000",354.00,"708,000.00"
2021-01-13,2021011303020273,UFL,48,28,500,354.00,"177,000.00"
2021-01-13,2021011303020272,UFL,50,28,500,354.00,"177,000.00"
2021-01-13,2021011303020271,UFL,6,28,20,354.00,"7,080.00"
2021-01-13,2021011303020270,UFL,7,28,500,354.00,"177,000.00"
2021-01-13,2021011303020269,UFL,52,28,135,354.00,"47,790.00"
2021-01-13,2021011303020268,UFL,6,28,500,354.00,"177,000.00"
2021-01-13,2021011303020279,UFL,36,28,100,354.00,"35,400.00"
2021-01-13,2021011303020278,UFL,25,28,20,354.00,"7,080.00"
2021-01-13,2021011303020277,UFL,52,28,100,354.00,"35,400.00"
2021-01-13,2021011303020276,UFL,58,28,50,354.00,"17,700.00"
2021-01-13,2021011303020275,UFL,45,28,300,354.00,"106,200.00"
2021-01-13,2021011303020274,UFL,41,28,50,354.00,"17,700.00"
2021-01-13,2021011303020285,UFL,44,28,50,354.00,"17,700.00"
2021-01-13,2021011303020284,UFL,5,28,200,354.00,"70,800.00"
2021-01-13,2021011303020283,UFL,48,28,100,354.00,"35,400.00"
2021-01-13,2021011303020282,UFL,32,28,500,354.00,"177,000.00"
2021-01-13,2021011303020281,UFL,52,28,100,354.00,"35,400.00"
2021-01-13,2021011303020280,UFL,52,28,100,354.00,"35,400.00"
2021-01-13,2021011303020291,UFL,22,28,50,354.00,"17,700.00"
2021-01-13,2021011303020290,UFL,42,28,100,354.00,"35,400.00"
2021-01-13,2021011303020289,UFL,58,28,10,354.00,"3,540.00"
2021-01-13,2021011303020288,UFL,32,28,"1,000",354.00,"354,000.00"
2021-01-13,2021011303020287,UFL,34,28,100,354.00,"35,400.00"
2021-01-13,2021011303020286,UFL,22,28,100,354.00,"35,400.00"
2021-01-13,2021011303020297,UFL,48,28,220,354.00,"77,880.00"
2021-01-13,2021011303020296,UFL,53,28,500,354.00,"177,000.00"
2021-01-13,2021011303020295,UFL,28,28,"1,000",354.00,"354,000.00"
2021-01-13,2021011303020294,UFL,26,28,"2,000",354.00,"708,000.00"
2021-01-13,2021011303020293,UFL,58,28,180,354.00,"63,720.00"
2021-01-13,2021011303020292,UFL,7,28,565,354.00,"200,010.00"
2021-01-13,2021011303020303,UFL,28,28,"5,143",354.00,"1,820,622.00"
2021-01-13,2021011303020302,UFL,43,28,100,354.00,"35,400.00"
2021-01-13,2021011303020301,UFL,1,28,100,354.00,"35,400.00"
2021-01-13,2021011303020300,UFL,34,28,"1,000",354.00,"354,000.00"
2021-01-13,2021011303020299,UFL,28,28,"1,000",354.00,"354,000.00"
2021-01-13,2021011303020298,UFL,14,28,100,354.00,"35,400.00"
2021-01-13,2021011303020387,USLB,42,46,10,"1,429.00","14,290.00"
2021-01-13,2021011303020457,VLBS,10,5,10,"1,154.00","11,540.00"
2021-01-13,2021011303019987,ALICL,19,5,30,"1,040.00","31,200.00"
2021-01-13,2021011303019843,ALICL,17,5,50,"1,040.00","52,000.00"
2021-01-13,2021011303019842,ALICL,17,35,50,"1,040.00","52,000.00"
2021-01-13,2021011303019841,ALICL,17,11,100,"1,040.00","104,000.00"
2021-01-13,2021011303019717,ALICL,4,20,50,"1,037.00","51,850.00"
2021-01-13,2021011303019824,BFC,52,6,49,148.00,"7,252.00"
2021-01-13,2021011303019668,BFC,34,45,121,147.00,"17,787.00"
2021-01-13,2021011303019563,BFC,41,6,100,148.00,"14,800.00"
2021-01-13,2021011303019800,CBBL,37,59,256,"1,272.00","325,632.00"
2021-01-13,2021011303019877,CFCL,6,39,190,197.00,"37,430.00"
2021-01-13,2021011303019672,CFCL,45,25,300,196.00,"58,800.00"
2021-01-13,2021011303019671,CFCL,45,59,100,196.00,"19,600.00"
2021-01-13,2021011303019670,CFCL,45,14,290,196.00,"56,840.00"
2021-01-13,2021011303019565,CFCL,39,14,10,196.00,"1,960.00"
2021-01-13,2021011303019949,CIT,55,50,26,"3,443.00","89,518.00"
2021-01-13,2021011303019948,CIT,55,34,14,"3,443.00","48,202.00"
2021-01-13,2021011303019899,CIT,55,35,35,"3,440.00","120,400.00"
2021-01-13,2021011303019898,CIT,38,35,15,"3,441.00","51,615.00"
2021-01-13,2021011303019519,CIT,55,35,20,"3,440.00","68,800.00"
2021-01-13,2021011303019892,CMF1,43,16,100,10.10,"1,010.00"
2021-01-13,2021011303019704,CMF1,43,42,300,10.05,"3,015.00"
2021-01-13,2021011303019995,CMF2,43,34,100,10.20,"1,020.00"
2021-01-13,2021011303019816,DDBL,45,48,32,"1,480.00","47,360.00"
2021-01-13,2021011303019815,DDBL,45,45,200,"1,480.00","296,000.00"
2021-01-13,2021011303019814,DDBL,45,43,50,"1,480.00","74,000.00"
2021-01-13,2021011303019813,DDBL,45,26,228,"1,480.00","337,440.00"
2021-01-13,2021011303019812,DDBL,45,25,140,"1,479.00","207,060.00"
2021-01-13,2021011303019811,FOWAD,36,44,20,"2,315.00","46,300.00"
2021-01-13,2021011303019706,FOWAD,51,33,15,"2,311.00","34,665.00"
2021-01-13,2021011303019600,FOWAD,51,35,16,"2,311.00","36,976.00"
2021-01-13,2021011303019846,GBBL,7,4,110,325.00,"35,750.00"
2021-01-13,2021011303019619,GBBL,51,4,100,325.00,"32,500.00"
2021-01-13,2021011303019557,GBBL,49,4,40,325.00,"13,000.00"
2021-01-13,2021011303019891,GBLBS,40,58,10,655.00,"6,550.00"
2021-01-13,2021011303019864,GBLBS,56,58,500,655.00,"327,500.00"
2021-01-13,2021011303019663,GBLBS,25,58,10,655.00,"6,550.00"
2021-01-13,2021011303019601,GBLBS,13,58,10,655.00,"6,550.00"
2021-01-13,2021011303019567,GBLBS,29,58,100,655.00,"65,500.00"
2021-01-13,2021011303019511,GBLBS,51,21,50,654.00,"32,700.00"
2021-01-13,2021011303019755,GFCL,39,5,10,224.00,"2,240.00"
2021-01-13,2021011303019754,GFCL,39,49,100,220.00,"22,000.00"
2021-01-13,2021011303019753,GFCL,39,42,10,220.00,"2,200.00"
2021-01-13,2021011303019686,GFCL,39,42,144,220.00,"31,680.00"
2021-01-13,2021011303019685,GFCL,39,41,500,220.00,"110,000.00"
2021-01-13,2021011303019678,GFCL,39,34,200,220.00,"44,000.00"
2021-01-13,2021011303019677,GFCL,39,54,100,218.00,"21,800.00"
2021-01-13,2021011303019676,GFCL,39,39,200,218.00,"43,600.00"
2021-01-13,2021011303019675,GFCL,39,34,200,218.00,"43,600.00"
2021-01-13,2021011303019674,GFCL,39,25,46,218.00,"10,028.00"
2021-01-13,2021011303019673,GFCL,39,49,200,217.00,"43,400.00"
2021-01-13,2021011303019684,GFCL,39,21,132,220.00,"29,040.00"
2021-01-13,2021011303019683,GFCL,39,11,10,220.00,"2,200.00"
2021-01-13,2021011303019682,GFCL,39,43,81,220.00,"17,820.00"
2021-01-13,2021011303019681,GFCL,39,34,50,220.00,"11,000.00"
2021-01-13,2021011303019680,GFCL,39,49,937,220.00,"206,140.00"
2021-01-13,2021011303019679,GFCL,39,43,200,220.00,"44,000.00"
2021-01-13,2021011303019945,GILB,7,26,10,"1,495.00","14,950.00"
2021-01-13,2021011303019640,GILB,38,34,70,"1,480.00","103,600.00"
2021-01-13,2021011303019550,GILB,22,34,100,"1,480.00","148,000.00"
2021-01-13,2021011303019549,GILB,38,34,20,"1,480.00","29,600.00"
2021-01-13,2021011303019544,GILB,49,44,93,"1,495.00","139,035.00"
2021-01-13,2021011303019920,GLICL,22,17,212,664.00,"140,768.00"
2021-01-13,2021011303019911,GLICL,34,52,15,663.00,"9,945.00"
2021-01-13,2021011303019804,GLICL,34,17,55,663.00,"36,465.00"
2021-01-13,2021011303019803,GLICL,37,17,45,663.00,"29,835.00"
2021-01-13,2021011303019593,GLICL,56,17,500,664.00,"332,000.00"
2021-01-13,2021011303019592,GLICL,56,17,200,664.00,"132,800.00"
2021-01-13,2021011303019585,GLICL,56,17,150,664.00,"99,600.00"
2021-01-13,2021011303019584,GLICL,52,17,100,665.00,"66,500.00"
2021-01-13,2021011303019534,GLICL,47,57,10,666.00,"6,660.00"
2021-01-13,2021011303019514,GLICL,33,57,36,666.00,"23,976.00"
2021-01-13,2021011303019513,GLICL,33,16,500,666.00,"333,000.00"
2021-01-13,2021011303019512,GLICL,33,58,131,666.00,"87,246.00"
2021-01-13,2021011303019591,GLICL,38,17,100,664.00,"66,400.00"
2021-01-13,2021011303019590,GLICL,52,17,400,664.00,"265,600.00"
2021-01-13,2021011303019589,GLICL,42,17,50,664.00,"33,200.00"
2021-01-13,2021011303019588,GLICL,28,17,300,664.00,"199,200.00"
2021-01-13,2021011303019587,GLICL,50,17,500,664.00,"332,000.00"
2021-01-13,2021011303019586,GLICL,58,17,200,664.00,"132,800.00"
2021-01-13,2021011303019939,GMFBS,7,28,10,"1,299.00","12,990.00"
2021-01-13,2021011303019785,GMFBS,7,28,50,"1,299.00","64,950.00"
2021-01-13,2021011303019894,GMFIL,43,41,100,193.00,"19,300.00"
2021-01-13,2021011303019893,GMFIL,38,41,500,193.00,"96,500.00"
2021-01-13,2021011303019731,GMFIL,48,41,50,194.00,"9,700.00"
2021-01-13,2021011303019730,GMFIL,49,41,200,194.00,"38,800.00"
2021-01-13,2021011303019729,GMFIL,40,41,150,195.00,"29,250.00"
2021-01-13,2021011303019980,GRDBL,45,52,50,167.00,"8,350.00"
2021-01-13,2021011303019760,GRDBL,45,38,100,167.00,"16,700.00"
2021-01-13,2021011303019650,GRDBL,45,41,40,167.00,"6,680.00"
2021-01-13,2021011303019649,GRDBL,45,38,300,167.00,"50,100.00"
2021-01-13,2021011303019648,GRDBL,45,51,100,167.00,"16,700.00"
2021-01-13,2021011303019612,GRDBL,22,51,100,167.00,"16,700.00"
2021-01-13,2021011303019569,GRDBL,38,36,135,167.00,"22,545.00"
2021-01-13,2021011303019566,GRDBL,19,36,100,167.00,"16,700.00"
2021-01-13,2021011303019515,GRDBL,50,35,50,166.00,"8,300.00"
2021-01-13,2021011303019575,GRDBL,38,20,50,167.00,"8,350.00"
2021-01-13,2021011303019574,GRDBL,38,52,40,167.00,"6,680.00"
2021-01-13,2021011303019573,GRDBL,38,43,50,167.00,"8,350.00"
2021-01-13,2021011303019572,GRDBL,38,16,70,167.00,"11,690.00"
2021-01-13,2021011303019571,GRDBL,38,48,280,167.00,"46,760.00"
2021-01-13,2021011303019570,GRDBL,38,48,20,167.00,"3,340.00"
2021-01-13,2021011303019611,GRDBL,22,10,100,167.00,"16,700.00"
2021-01-13,2021011303019580,GRDBL,38,58,195,167.00,"32,565.00"
2021-01-13,2021011303019579,GRDBL,38,49,50,167.00,"8,350.00"
2021-01-13,2021011303019578,GRDBL,38,42,50,167.00,"8,350.00"
2021-01-13,2021011303019577,GRDBL,38,26,10,167.00,"1,670.00"
2021-01-13,2021011303019576,GRDBL,38,51,50,167.00,"8,350.00"
2021-01-13,2021011303019771,GUFL,43,28,422,278.00,"117,316.00"
2021-01-13,2021011303019770,GUFL,10,28,"1,000",278.00,"278,000.00"
2021-01-13,2021011303019769,GUFL,17,28,100,278.00,"27,800.00"
2021-01-13,2021011303019768,GUFL,1,28,140,278.00,"38,920.00"
2021-01-13,2021011303019767,GUFL,43,28,"1,000",278.00,"278,000.00"
2021-01-13,2021011303019766,GUFL,49,28,338,278.00,"93,964.00"
2021-01-13,2021011303019967,HIDCL,47,8,10,276.00,"2,760.00"
2021-01-13,2021011303019937,HIDCL,47,33,300,276.00,"82,800.00"
2021-01-13,2021011303019903,HIDCL,6,50,331,275.00,"91,025.00"
2021-01-13,2021011303019902,HIDCL,8,50,200,276.00,"55,200.00"
2021-01-13,2021011303019836,HIDCL,55,10,16,276.00,"4,416.00"
2021-01-13,2021011303019835,HIDCL,55,14,100,276.00,"27,600.00"
2021-01-13,2021011303019834,HIDCL,55,42,884,276.00,"243,984.00"
2021-01-13,2021011303019863,ICFC,39,45,"2,000",278.00,"556,000.00"
2021-01-13,2021011303019827,ICFC,40,20,33,279.00,"9,207.00"
2021-01-13,2021011303019826,ICFC,40,58,17,279.00,"4,743.00"
2021-01-13,2021011303019705,ICFC,29,58,200,279.00,"55,800.00"
2021-01-13,2021011303019883,ILBS,20,35,78,"1,281.00","99,918.00"
2021-01-13,2021011303019882,ILBS,41,35,100,"1,281.00","128,100.00"
2021-01-13,2021011303019881,ILBS,26,35,33,"1,281.00","42,273.00"
2021-01-13,2021011303019773,ILBS,26,35,17,"1,281.00","21,777.00"
2021-01-13,2021011303019772,ILBS,50,35,23,"1,281.00","29,463.00"
2021-01-13,2021011303019837,JBBL,58,56,100,224.00,"22,400.00"
2021-01-13,2021011303019597,JBBL,35,14,555,225.00,"124,875.00"
2021-01-13,2021011303019596,JBBL,35,41,421,225.00,"94,725.00"
2021-01-13,2021011303019595,JBBL,35,47,24,224.00,"5,376.00"
2021-01-13,2021011303019543,JBBL,41,47,175,224.00,"39,200.00"
2021-01-13,2021011303019542,JBBL,41,34,25,224.00,"5,600.00"
2021-01-13,2021011303019526,JBBL,16,22,45,223.00,"10,035.00"
2021-01-13,2021011303019859,JFL,34,32,50,259.00,"12,950.00"
2021-01-13,2021011303019969,KLBSL,41,19,33,"1,188.00","39,204.00"
2021-01-13,2021011303019923,KLBSL,58,19,100,"1,188.00","118,800.00"
2021-01-13,2021011303019830,KLBSL,8,19,100,"1,188.00","118,800.00"
2021-01-13,2021011303019610,KMCDB,25,57,14,"1,014.00","14,196.00"
2021-01-13,2021011303019609,KMCDB,25,44,25,"1,010.00","25,250.00"
2021-01-13,2021011303019608,KMCDB,25,33,10,"1,007.00","10,070.00"
2021-01-13,2021011303019562,KMCDB,25,58,70,"1,005.00","70,350.00"
2021-01-13,2021011303019561,KMCDB,25,33,10,"1,005.00","10,050.00"
2021-01-13,2021011303019560,KMCDB,25,16,50,"1,005.00","50,250.00"
2021-01-13,2021011303019521,KMCDB,44,28,700,"1,000.00","700,000.00"
2021-01-13,2021011303019520,KMCDB,17,28,300,"1,001.00","300,300.00"
2021-01-13,2021011303019941,KRBL,41,33,100,150.00,"15,000.00"
2021-01-13,2021011303019940,KRBL,32,33,400,150.00,"60,000.00"
2021-01-13,2021011303019932,KRBL,49,22,500,151.00,"75,500.00"
2021-01-13,2021011303019973,KSBBL,41,29,191,246.00,"46,986.00"
2021-01-13,2021011303019972,KSBBL,41,58,500,246.00,"123,000.00"
2021-01-13,2021011303019971,KSBBL,41,3,250,246.00,"61,500.00"
2021-01-13,2021011303019970,KSBBL,41,21,59,246.00,"14,514.00"
2021-01-13,2021011303019919,KSBBL,34,4,100,246.00,"24,600.00"
2021-01-13,2021011303019918,KSBBL,34,34,300,246.00,"73,800.00"
2021-01-13,2021011303019617,KSBBL,5,45,360,243.00,"87,480.00"
2021-01-13,2021011303019616,KSBBL,53,45,200,243.00,"48,600.00"
2021-01-13,2021011303019615,KSBBL,50,45,100,243.00,"24,300.00"
2021-01-13,2021011303019614,KSBBL,5,45,340,243.00,"82,620.00"
2021-01-13,2021011303019736,KSBBL,21,57,"2,000",245.00,"490,000.00"
2021-01-13,2021011303019735,KSBBL,21,38,500,244.00,"122,000.00"
2021-01-13,2021011303019734,KSBBL,21,41,821,244.00,"200,324.00"
2021-01-13,2021011303019733,KSBBL,21,57,"1,040",243.00,"252,720.00"
2021-01-13,2021011303019689,KSBBL,53,57,150,243.00,"36,450.00"
2021-01-13,2021011303019688,KSBBL,5,57,140,243.00,"34,020.00"
2021-01-13,2021011303019742,KSBBL,21,50,169,246.00,"41,574.00"
2021-01-13,2021011303019741,KSBBL,21,44,400,246.00,"98,400.00"
2021-01-13,2021011303019740,KSBBL,21,41,323,246.00,"79,458.00"
2021-01-13,2021011303019739,KSBBL,21,34,100,245.00,"24,500.00"
2021-01-13,2021011303019738,KSBBL,21,32,500,245.00,"122,500.00"
2021-01-13,2021011303019737,KSBBL,21,57,200,245.00,"49,000.00"
2021-01-13,2021011303019917,KSBBL,34,14,40,246.00,"9,840.00"
2021-01-13,2021011303019916,KSBBL,34,1,"1,553",246.00,"382,038.00"
2021-01-13,2021011303019746,KSBBL,21,1,247,246.00,"60,762.00"
2021-01-13,2021011303019745,KSBBL,21,11,100,246.00,"24,600.00"
2021-01-13,2021011303019744,KSBBL,21,7,"1,000",246.00,"246,000.00"
2021-01-13,2021011303019743,KSBBL,21,52,100,246.00,"24,600.00"
2021-01-13,2021011303019966,LBBL,49,25,470,238.00,"111,860.00"
2021-01-13,2021011303019965,LBBL,49,45,73,238.00,"17,374.00"
2021-01-13,2021011303019964,LBBL,49,37,157,238.00,"37,366.00"
2021-01-13,2021011303019862,LBBL,38,37,143,238.00,"34,034.00"
2021-01-13,2021011303019504,LBBL,17,34,100,239.00,"23,900.00"
2021-01-13,2021011303019503,LBBL,17,35,50,239.00,"11,950.00"
2021-01-13,2021011303019701,LBBL,10,11,78,238.00,"18,564.00"
2021-01-13,2021011303019507,LBBL,17,58,550,239.00,"131,450.00"
2021-01-13,2021011303019506,LBBL,17,48,500,239.00,"119,500.00"
2021-01-13,2021011303019505,LBBL,17,21,"1,000",239.00,"239,000.00"
2021-01-13,2021011303019861,LBBL,38,11,357,238.00,"84,966.00"
2021-01-13,2021011303019702,LBBL,50,11,150,238.00,"35,700.00"
2021-01-13,2021011303019991,LICN,25,49,10,"2,200.00","22,000.00"
2021-01-13,2021011303019931,LICN,49,54,29,"2,182.00","63,278.00"
2021-01-13,2021011303019523,LICN,42,55,25,"2,199.00","54,975.00"
2021-01-13,2021011303019639,LICN,42,49,100,"2,200.00","220,000.00"
2021-01-13,2021011303019556,LICN,17,5,60,"2,180.00","130,800.00"
2021-01-13,2021011303019555,LICN,29,5,10,"2,182.00","21,820.00"
2021-01-13,2021011303019554,LICN,14,5,30,"2,183.00","65,490.00"
2021-01-13,2021011303019524,LICN,42,49,175,"2,200.00","385,000.00"
2021-01-13,2021011303019564,LLBS,49,52,370,"1,485.00","549,450.00"
2021-01-13,2021011303019651,LUK,40,58,100,9.66,966.00
2021-01-13,2021011303019762,MDB,59,37,150,344.00,"51,600.00"
2021-01-13,2021011303019960,MFIL,25,55,256,354.00,"90,624.00"
2021-01-13,2021011303019959,MFIL,25,6,100,354.00,"35,400.00"
2021-01-13,2021011303019958,MFIL,25,41,564,354.00,"199,656.00"
2021-01-13,2021011303019957,MFIL,25,19,200,354.00,"70,800.00"
2021-01-13,2021011303019956,MFIL,25,1,200,354.00,"70,800.00"
2021-01-13,2021011303019955,MFIL,25,55,"1,000",354.00,"354,000.00"
2021-01-13,2021011303019694,MFIL,55,45,50,350.00,"17,500.00"
2021-01-13,2021011303019693,MFIL,52,45,550,351.00,"193,050.00"
2021-01-13,2021011303019692,MFIL,19,45,50,351.00,"17,550.00"
2021-01-13,2021011303019691,MFIL,33,45,345,351.00,"121,095.00"
2021-01-13,2021011303019622,MFIL,48,55,"1,029",352.00,"362,208.00"
2021-01-13,2021011303019700,MFIL,58,45,307,349.00,"107,143.00"
2021-01-13,2021011303019699,MFIL,55,45,948,349.00,"330,852.00"
2021-01-13,2021011303019698,MFIL,19,45,50,350.00,"17,500.00"
2021-01-13,2021011303019697,MFIL,17,45,100,350.00,"35,000.00"
2021-01-13,2021011303019696,MFIL,49,45,100,350.00,"35,000.00"
2021-01-13,2021011303019695,MFIL,7,45,500,350.00,"175,000.00"
2021-01-13,2021011303019954,MFIL,25,32,350,354.00,"123,900.00"
2021-01-13,2021011303019953,MFIL,25,55,100,353.00,"35,300.00"
2021-01-13,2021011303019952,MFIL,25,47,150,353.00,"52,950.00"
2021-01-13,2021011303019951,MFIL,25,55,"1,980",353.00,"698,940.00"
2021-01-13,2021011303019950,MFIL,25,36,100,352.00,"35,200.00"
2021-01-13,2021011303019868,MFIL,55,55,20,353.00,"7,060.00"
2021-01-13,2021011303019904,MLBL,8,38,150,274.00,"41,100.00"
2021-01-13,2021011303019985,MMFDB,20,49,679,"1,474.00","1,000,846.00"
2021-01-13,2021011303019984,MMFDB,20,10,71,"1,463.00","103,873.00"
2021-01-13,2021011303019983,MMFDB,20,21,50,"1,459.00","72,950.00"
2021-01-13,2021011303019982,MMFDB,20,42,200,"1,450.00","290,000.00"
2021-01-13,2021011303019909,MMFDB,20,10,29,"1,463.00","42,427.00"
2021-01-13,2021011303019908,MMFDB,20,22,25,"1,463.00","36,575.00"
2021-01-13,2021011303019518,MMFDB,20,11,77,"1,435.00","110,495.00"
2021-01-13,2021011303019778,MMFDB,20,45,50,"1,435.00","71,750.00"
2021-01-13,2021011303019777,MMFDB,34,52,300,"1,420.00","426,000.00"
2021-01-13,2021011303019776,MMFDB,34,21,100,"1,420.00","142,000.00"
2021-01-13,2021011303019607,MMFDB,20,45,27,"1,448.00","39,096.00"
2021-01-13,2021011303019581,MMFDB,20,46,200,"1,463.00","292,600.00"
2021-01-13,2021011303019533,MMFDB,20,11,23,"1,435.00","33,005.00"
2021-01-13,2021011303019907,MMFDB,20,34,586,"1,463.00","857,318.00"
2021-01-13,2021011303019906,MMFDB,20,56,50,"1,460.00","73,000.00"
2021-01-13,2021011303019905,MMFDB,20,46,10,"1,435.00","14,350.00"
2021-01-13,2021011303019781,MMFDB,20,34,23,"1,463.00","33,649.00"
2021-01-13,2021011303019780,MMFDB,20,10,200,"1,460.00","292,000.00"
2021-01-13,2021011303019779,MMFDB,20,49,27,"1,448.00","39,096.00"
2021-01-13,2021011303019901,MNBBL,58,54,46,377.00,"17,342.00"
2021-01-13,2021011303019900,MNBBL,58,45,54,377.00,"20,358.00"
2021-01-13,2021011303019618,MNBBL,49,26,100,377.00,"37,700.00"
2021-01-13,2021011303019525,MNBBL,10,26,50,377.00,"18,850.00"
2021-01-13,2021011303019855,MNBBL,20,45,300,377.00,"113,100.00"
2021-01-13,2021011303019752,MNBBL,42,45,146,377.00,"55,042.00"
2021-01-13,2021011303019751,MNBBL,42,26,254,377.00,"95,758.00"
2021-01-13,2021011303019749,MNBBL,36,26,200,377.00,"75,400.00"
2021-01-13,2021011303019897,MPFL,37,4,200,162.00,"32,400.00"
2021-01-13,2021011303019829,MPFL,44,4,500,162.00,"81,000.00"
2021-01-13,2021011303019799,MPFL,41,4,100,162.00,"16,200.00"
2021-01-13,2021011303019625,MSLB,39,49,31,"1,686.00","52,266.00"
2021-01-13,2021011303019653,MSMBS,20,25,50,958.00,"47,900.00"
2021-01-13,2021011303019652,MSMBS,43,25,50,958.00,"47,900.00"
2021-01-13,2021011303019727,NIBLPF,48,17,"4,000",11.35,"45,400.00"
2021-01-13,2021011303019962,NICGF,13,19,120,11.07,"1,328.40"
2021-01-13,2021011303019961,NICGF,57,19,"4,880",11.07,"54,021.60"
2021-01-13,2021011303019844,NICGF,57,3,120,11.00,"1,320.00"
2021-01-13,2021011303019912,NLBBL,50,34,76,"1,230.00","93,480.00"
2021-01-13,2021011303019890,NLBBL,50,25,15,"1,230.00","18,450.00"
2021-01-13,2021011303019854,NLBBL,50,38,500,"1,230.00","615,000.00"
2021-01-13,2021011303019853,NLBBL,50,17,100,"1,230.00","123,000.00"
2021-01-13,2021011303019852,NLBBL,50,33,200,"1,230.00","246,000.00"
2021-01-13,2021011303019851,NLBBL,50,5,50,"1,230.00","61,500.00"
2021-01-13,2021011303019850,NLBBL,50,28,500,"1,230.00","615,000.00"
2021-01-13,2021011303019849,NLBBL,50,4,29,"1,230.00","35,670.00"
2021-01-13,2021011303019848,NLBBL,50,34,30,"1,229.00","36,870.00"
2021-01-13,2021011303019825,NLBBL,34,33,500,"1,225.00","612,500.00"
2021-01-13,2021011303019989,NLIC,7,25,32,"2,435.00","77,920.00"
2021-01-13,2021011303019988,NLIC,57,25,28,"2,435.00","68,180.00"
2021-01-13,2021011303019936,NLIC,57,57,50,"2,435.00","121,750.00"
2021-01-13,2021011303019915,NLIC,57,42,50,"2,435.00","121,750.00"
2021-01-13,2021011303019880,NLIC,57,55,100,"2,435.00","243,500.00"
2021-01-13,2021011303019879,NLIC,57,38,22,"2,435.00","53,570.00"
2021-01-13,2021011303019559,NLIC,59,44,50,"2,435.00","121,750.00"
2021-01-13,2021011303019558,NLIC,49,44,771,"2,435.00","1,877,385.00"
2021-01-13,2021011303019878,NLIC,25,44,28,"2,435.00","68,180.00"
2021-01-13,2021011303019845,NLIC,42,44,200,"2,435.00","487,000.00"
2021-01-13,2021011303019759,NLIC,26,44,100,"2,435.00","243,500.00"
2021-01-13,2021011303019707,NLIC,49,44,100,"2,435.00","243,500.00"
2021-01-13,2021011303019598,NLIC,50,6,100,"2,434.00","243,400.00"
2021-01-13,2021011303019583,NLIC,50,44,100,"2,435.00","243,500.00"
2021-01-13,2021011303019974,NLICL,38,54,50,"1,165.00","58,250.00"
2021-01-13,2021011303019944,NLICL,47,54,10,"1,165.00","11,650.00"
2021-01-13,2021011303019943,NLICL,46,54,10,"1,165.00","11,650.00"
2021-01-13,2021011303019930,NLICL,58,39,90,"1,165.00","104,850.00"
2021-01-13,2021011303019929,NLICL,58,44,310,"1,162.00","360,220.00"
2021-01-13,2021011303019928,NLICL,52,44,50,"1,162.00","58,100.00"
2021-01-13,2021011303019535,NLICL,59,58,600,"1,165.00","699,000.00"
2021-01-13,2021011303019532,NLICL,59,43,30,"1,165.00","34,950.00"
2021-01-13,2021011303019763,NLICL,6,45,180,"1,165.00","209,700.00"
2021-01-13,2021011303019641,NLICL,59,45,120,"1,165.00","139,800.00"
2021-01-13,2021011303019620,NLICL,59,56,20,"1,165.00","23,300.00"
2021-01-13,2021011303019613,NLICL,59,45,130,"1,165.00","151,450.00"
2021-01-13,2021011303019599,NLICL,47,58,11,"1,166.00","12,826.00"
2021-01-13,2021011303019582,NLICL,59,56,100,"1,165.00","116,500.00"
2021-01-13,2021011303019789,NLICL,41,54,100,"1,162.00","116,200.00"
2021-01-13,2021011303019788,NLICL,34,54,100,"1,162.00","116,200.00"
2021-01-13,2021011303019787,NLICL,28,54,245,"1,162.00","284,690.00"
2021-01-13,2021011303019786,NLICL,6,54,120,"1,165.00","139,800.00"
2021-01-13,2021011303019765,NLICL,6,1,150,"1,165.00","174,750.00"
2021-01-13,2021011303019764,NLICL,6,43,50,"1,165.00","58,250.00"
2021-01-13,2021011303019847,NLICL,40,4,50,"1,165.00","58,250.00"
2021-01-13,2021011303019839,NLICL,40,50,10,"1,165.00","11,650.00"
2021-01-13,2021011303019793,NLICL,39,54,85,"1,161.00","98,685.00"
2021-01-13,2021011303019792,NLICL,38,54,100,"1,161.00","116,100.00"
2021-01-13,2021011303019791,NLICL,48,54,50,"1,162.00","58,100.00"
2021-01-13,2021011303019790,NLICL,57,54,100,"1,162.00","116,200.00"
2021-01-13,2021011303019927,NLICL,34,44,100,"1,162.00","116,200.00"
2021-01-13,2021011303019926,NLICL,51,44,85,"1,163.00","98,855.00"
2021-01-13,2021011303019914,NLICL,58,39,20,"1,165.00","23,300.00"
2021-01-13,2021011303019913,NLICL,40,39,345,"1,165.00","401,925.00"
2021-01-13,2021011303019896,NLICL,40,44,45,"1,165.00","52,425.00"
2021-01-13,2021011303019895,NLICL,40,8,50,"1,165.00","58,250.00"
2021-01-13,2021011303019757,NMBMF,53,13,437,"1,125.00","491,625.00"
2021-01-13,2021011303019756,NMBMF,51,13,63,"1,132.00","71,316.00"
2021-01-13,2021011303019718,NMBMF,51,50,137,"1,132.00","155,084.00"
2021-01-13,2021011303019798,NMFBS,59,13,500,"2,412.00","1,206,000.00"
2021-01-13,2021011303019797,NMFBS,59,22,50,"2,410.00","120,500.00"
2021-01-13,2021011303019796,NMFBS,59,1,50,"2,410.00","120,500.00"
2021-01-13,2021011303019795,NMFBS,59,28,52,"2,410.00","125,320.00"
2021-01-13,2021011303019794,NMFBS,59,8,100,"2,410.00","241,000.00"
2021-01-13,2021011303019994,NRIC,41,57,10,"1,546.00","15,460.00"
2021-01-13,2021011303019993,NRIC,41,57,40,"1,547.00","61,880.00"
2021-01-13,2021011303019990,NRIC,38,38,20,"1,547.00","30,940.00"
2021-01-13,2021011303019938,NRIC,38,51,10,"1,547.00","15,470.00"
2021-01-13,2021011303019924,NRIC,38,47,50,"1,547.00","77,350.00"
2021-01-13,2021011303019910,NRIC,38,42,40,"1,547.00","61,880.00"
2021-01-13,2021011303019664,NRIC,25,52,20,"1,546.00","30,920.00"
2021-01-13,2021011303019594,NRIC,25,29,20,"1,546.00","30,920.00"
2021-01-13,2021011303019541,NRIC,25,28,105,"1,546.00","162,330.00"
2021-01-13,2021011303019539,NRIC,28,7,100,"1,545.00","154,500.00"
2021-01-13,2021011303019527,NRIC,28,10,40,"1,545.00","61,800.00"
2021-01-13,2021011303019517,NRIC,28,42,140,"1,545.00","216,300.00"
2021-01-13,2021011303019721,NRIC,22,16,500,"1,546.00","773,000.00"
2021-01-13,2021011303019720,NRIC,21,16,50,"1,546.00","77,300.00"
2021-01-13,2021011303019719,NRIC,25,16,55,"1,546.00","85,030.00"
2021-01-13,2021011303019667,NRIC,19,43,50,"1,547.00","77,350.00"
2021-01-13,2021011303019666,NRIC,19,6,100,"1,547.00","154,700.00"
2021-01-13,2021011303019665,NRIC,19,38,50,"1,547.00","77,350.00"
2021-01-13,2021011303019889,NRIC,21,42,40,"1,547.00","61,880.00"
2021-01-13,2021011303019888,NRIC,21,35,40,"1,547.00","61,880.00"
2021-01-13,2021011303019831,NRIC,41,52,50,"1,546.00","77,300.00"
2021-01-13,2021011303019724,NRIC,28,16,337,"1,545.00","520,665.00"
2021-01-13,2021011303019723,NRIC,57,16,38,"1,546.00","58,748.00"
2021-01-13,2021011303019722,NRIC,11,16,20,"1,546.00","30,920.00"
2021-01-13,2021011303019810,NRN,21,4,50,363.00,"18,150.00"
2021-01-13,2021011303019712,NRN,48,4,130,363.00,"47,190.00"
2021-01-13,2021011303019711,NRN,48,51,10,363.00,"3,630.00"
2021-01-13,2021011303019710,NRN,48,39,20,363.00,"7,260.00"
2021-01-13,2021011303019709,NRN,48,38,10,363.00,"3,630.00"
2021-01-13,2021011303019708,NRN,48,22,30,363.00,"10,890.00"
2021-01-13,2021011303019545,NRN,58,41,10,362.00,"3,620.00"
2021-01-13,2021011303019986,NTC,45,42,10,"1,255.00","12,550.00"
2021-01-13,2021011303019947,NTC,21,58,"1,500","1,255.00","1,882,500.00"
2021-01-13,2021011303019946,NTC,34,58,"1,695","1,255.00","2,127,225.00"
2021-01-13,2021011303019876,NTC,34,49,10,"1,255.00","12,550.00"
2021-01-13,2021011303019875,NTC,34,29,500,"1,255.00","627,500.00"
2021-01-13,2021011303019874,NTC,34,50,375,"1,255.00","470,625.00"
2021-01-13,2021011303019654,NTC,58,16,200,"1,251.00","250,200.00"
2021-01-13,2021011303019510,NTC,58,53,100,"1,251.00","125,100.00"
2021-01-13,2021011303019660,NTC,58,16,25,"1,251.00","31,275.00"
2021-01-13,2021011303019659,NTC,3,16,500,"1,251.00","625,500.00"
2021-01-13,2021011303019658,NTC,16,16,300,"1,251.00","375,300.00"
2021-01-13,2021011303019657,NTC,58,16,500,"1,251.00","625,500.00"
2021-01-13,2021011303019656,NTC,36,16,20,"1,251.00","25,020.00"
2021-01-13,2021011303019655,NTC,34,16,52,"1,251.00","65,052.00"
2021-01-13,2021011303019761,NTC,5,44,80,"1,254.00","100,320.00"
2021-01-13,2021011303019747,NTC,28,50,50,"1,251.00","62,550.00"
2021-01-13,2021011303019725,NTC,57,50,50,"1,251.00","62,550.00"
2021-01-13,2021011303019703,NTC,42,50,200,"1,251.00","250,200.00"
2021-01-13,2021011303019662,NTC,58,16,55,"1,250.00","68,750.00"
2021-01-13,2021011303019661,NTC,50,16,200,"1,251.00","250,200.00"
2021-01-13,2021011303019873,NTC,34,44,"2,000","1,254.00","2,508,000.00"
2021-01-13,2021011303019872,NTC,34,50,300,"1,254.00","376,200.00"
2021-01-13,2021011303019871,NTC,34,3,100,"1,254.00","125,400.00"
2021-01-13,2021011303019870,NTC,34,44,20,"1,254.00","25,080.00"
2021-01-13,2021011303019838,NTC,28,4,100,"1,251.00","125,100.00"
2021-01-13,2021011303019782,NTC,21,44,100,"1,254.00","125,400.00"
2021-01-13,2021011303019669,NUBL,39,42,100,"1,335.00","133,500.00"
2021-01-13,2021011303019621,NUBL,39,6,150,"1,335.00","200,250.00"
2021-01-13,2021011303019922,OHL,17,42,50,470.00,"23,500.00"
2021-01-13,2021011303019921,OHL,42,42,50,470.00,"23,500.00"
2021-01-13,2021011303019784,OHL,25,33,500,470.00,"235,000.00"
2021-01-13,2021011303019783,OHL,14,33,500,471.00,"235,500.00"
2021-01-13,2021011303019638,PLIC,39,57,10,817.00,"8,170.00"
2021-01-13,2021011303019637,PLIC,39,55,100,816.00,"81,600.00"
2021-01-13,2021011303019636,PLIC,39,20,100,816.00,"81,600.00"
2021-01-13,2021011303019635,PLIC,39,26,100,815.00,"81,500.00"
2021-01-13,2021011303019634,PLIC,39,21,50,815.00,"40,750.00"
2021-01-13,2021011303019633,PLIC,39,14,250,815.00,"203,750.00"
2021-01-13,2021011303019626,PLIC,39,20,170,813.00,"138,210.00"
2021-01-13,2021011303019632,PLIC,39,34,50,815.00,"40,750.00"
2021-01-13,2021011303019631,PLIC,39,49,100,814.00,"81,400.00"
2021-01-13,2021011303019630,PLIC,39,52,200,814.00,"162,800.00"
2021-01-13,2021011303019629,PLIC,39,51,70,814.00,"56,980.00"
2021-01-13,2021011303019628,PLIC,39,45,200,814.00,"162,800.00"
2021-01-13,2021011303019627,PLIC,39,34,100,813.00,"81,300.00"
2021-01-13,2021011303019750,PROFL,49,28,250,134.00,"33,500.00"
2021-01-13,2021011303019516,PROFL,55,28,50,134.00,"6,700.00"
2021-01-13,2021011303019992,RLFL,4,45,200,195.00,"39,000.00"
2021-01-13,2021011303019817,RLFL,58,45,100,195.00,"19,500.00"
2021-01-13,2021011303019624,RLFL,57,45,250,195.00,"48,750.00"
2021-01-13,2021011303019981,RLI,51,57,10,637.00,"6,370.00"
2021-01-13,2021011303019942,RLI,51,38,10,637.00,"6,370.00"
2021-01-13,2021011303019865,RLI,51,51,10,637.00,"6,370.00"
2021-01-13,2021011303019858,RLI,4,13,75,638.00,"47,850.00"
2021-01-13,2021011303019857,RLI,4,38,15,638.00,"9,570.00"
2021-01-13,2021011303019823,RLI,22,38,100,638.00,"63,800.00"
2021-01-13,2021011303019774,RLI,51,58,10,637.00,"6,370.00"
2021-01-13,2021011303019623,RLI,51,10,10,637.00,"6,370.00"
2021-01-13,2021011303019568,RLI,17,29,40,637.00,"25,480.00"
2021-01-13,2021011303019522,RLI,17,28,10,637.00,"6,370.00"
2021-01-13,2021011303019502,RMDC,53,6,50,"1,170.00","58,500.00"
2021-01-13,2021011303019501,RMDC,53,22,25,"1,170.00","29,250.00"
2021-01-13,2021011303019500,RMDC,53,11,20,"1,170.00","23,400.00"
2021-01-13,2021011303019499,RMDC,53,44,500,"1,170.00","585,000.00"
2021-01-13,2021011303019498,RMDC,53,22,100,"1,170.00","117,000.00"
2021-01-13,2021011303019497,RMDC,53,50,50,"1,168.00","58,400.00"
2021-01-13,2021011303019968,RSDC,50,37,200,702.00,"140,400.00"
2021-01-13,2021011303019886,RSDC,50,45,25,702.00,"17,550.00"
2021-01-13,2021011303019885,RSDC,49,45,50,702.00,"35,100.00"
2021-01-13,2021011303019884,RSDC,49,45,225,704.00,"158,400.00"
2021-01-13,2021011303019603,RSDC,50,56,125,704.00,"88,000.00"
2021-01-13,2021011303019602,RSDC,50,50,35,704.00,"24,640.00"
2021-01-13,2021011303019496,RSDC,38,50,90,704.00,"63,360.00"
2021-01-13,2021011303019646,RSDC,55,49,200,705.00,"141,000.00"
2021-01-13,2021011303019645,RSDC,55,39,100,705.00,"70,500.00"
2021-01-13,2021011303019644,RSDC,55,6,50,705.00,"35,250.00"
2021-01-13,2021011303019643,RSDC,55,58,64,705.00,"45,120.00"
2021-01-13,2021011303019642,RSDC,55,22,60,704.00,"42,240.00"
2021-01-13,2021011303019604,RSDC,50,22,40,704.00,"28,160.00"
2021-01-13,2021011303019860,RSDC,49,58,175,704.00,"123,200.00"
2021-01-13,2021011303019856,RSDC,28,58,200,704.00,"140,800.00"
2021-01-13,2021011303019840,RSDC,33,58,100,704.00,"70,400.00"
2021-01-13,2021011303019828,RSDC,21,58,25,704.00,"17,600.00"
2021-01-13,2021011303019647,RSDC,55,38,126,705.00,"88,830.00"
2021-01-13,2021011303019925,SABSL,58,54,10,"1,139.00","11,390.00"
2021-01-13,2021011303019538,SABSL,50,36,500,"1,120.00","560,000.00"
2021-01-13,2021011303019537,SABSL,14,36,67,"1,122.00","75,174.00"
2021-01-13,2021011303019536,SABSL,5,36,200,"1,123.00","224,600.00"
2021-01-13,2021011303019748,SAPDBL,51,36,"4,214",159.00,"670,026.00"
2021-01-13,2021011303019732,SDLBSL,6,10,10,"1,221.00","12,210.00"
2021-01-13,2021011303019540,SDLBSL,41,21,10,"1,238.00","12,380.00"
2021-01-13,2021011303019935,SFMF,22,58,500,10.61,"5,305.00"
2021-01-13,2021011303019934,SFMF,22,21,500,10.55,"5,275.00"
2021-01-13,2021011303019687,SHINE,57,45,300,255.00,"76,500.00"
2021-01-13,2021011303019531,SHL,59,49,135,197.00,"26,595.00"
2021-01-13,2021011303019802,SIFC,43,21,41,200.00,"8,200.00"
2021-01-13,2021011303019801,SIFC,46,21,59,200.00,"11,800.00"
2021-01-13,2021011303019775,SIFC,46,21,100,200.00,"20,000.00"
2021-01-13,2021011303019553,SIFC,45,28,100,201.00,"20,100.00"
2021-01-13,2021011303019552,SIFC,45,43,300,201.00,"60,300.00"
2021-01-13,2021011303019551,SIFC,45,4,820,201.00,"164,820.00"
2021-01-13,2021011303019866,SINDU,17,49,250,160.00,"40,000.00"
2021-01-13,2021011303019818,SINDU,44,49,30,160.00,"4,800.00"
2021-01-13,2021011303019867,SKBBL,50,17,30,"1,590.00","47,700.00"
2021-01-13,2021011303019728,SKBBL,45,33,300,"1,585.00","475,500.00"
2021-01-13,2021011303019548,SKBBL,42,54,51,"1,590.00","81,090.00"
2021-01-13,2021011303019547,SKBBL,42,49,100,"1,590.00","159,000.00"
2021-01-13,2021011303019546,SKBBL,42,38,40,"1,590.00","63,600.00"
2021-01-13,2021011303019690,SLBBL,54,51,25,"1,230.00","30,750.00"
2021-01-13,2021011303019979,SLBS,56,45,38,"1,380.00","52,440.00"
2021-01-13,2021011303019978,SLBS,56,58,20,"1,380.00","27,600.00"
2021-01-13,2021011303019977,SLBS,56,29,100,"1,380.00","138,000.00"
2021-01-13,2021011303019976,SLBS,56,38,50,"1,378.00","68,900.00"
2021-01-13,2021011303019975,SLBS,56,14,50,"1,377.00","68,850.00"
2021-01-13,2021011303019606,SLBS,56,43,100,"1,375.00","137,500.00"
2021-01-13,2021011303019605,SLBS,56,40,100,"1,374.00","137,400.00"
2021-01-13,2021011303019887,SLICL,4,41,15,749.00,"11,235.00"
2021-01-13,2021011303019869,SLICL,33,49,100,750.00,"75,000.00"
2021-01-13,2021011303019716,SLICL,4,58,25,749.00,"18,725.00"
2021-01-13,2021011303019715,SLICL,4,6,20,748.00,"14,960.00"
2021-01-13,2021011303019714,SLICL,4,52,200,747.00,"149,400.00"
2021-01-13,2021011303019963,SMB,34,48,10,"1,269.00","12,690.00"
2021-01-13,2021011303019933,SMB,34,48,10,"1,269.00","12,690.00"
2021-01-13,2021011303019726,SMFBS,47,42,70,"1,564.00","109,480.00"
2021-01-13,2021011303019713,SNLB,40,7,100,"1,120.00","112,000.00"
2021-01-13,2021011303019509,STC,41,35,10,"6,900.00","69,000.00"
2021-01-13,2021011303019508,STC,41,28,50,"6,900.00","345,000.00"
2021-01-13,2021011303019530,SWBBL,49,42,50,"1,724.00","86,200.00"
2021-01-13,2021011303019529,SWBBL,49,44,660,"1,724.00","1,137,840.00"
2021-01-13,2021011303019528,SWBBL,49,58,500,"1,723.00","861,500.00"
2021-01-13,2021011303019822,TRH,47,29,40,300.00,"12,000.00"
2021-01-13,2021011303019821,TRH,26,29,100,300.00,"30,000.00"
2021-01-13,2021011303019820,TRH,46,29,200,300.00,"60,000.00"
2021-01-13,2021011303019819,TRH,53,29,100,300.00,"30,000.00"
2021-01-13,2021011303019758,TRH,26,29,560,301.00,"168,560.00"
2021-01-13,2021011303019833,VLBS,26,47,64,"1,145.00","73,280.00"
2021-01-13,2021011303019832,VLBS,16,47,36,"1,146.00","41,256.00"
2021-01-13,2021011303019809,VLBS,38,1,10,"1,150.00","11,500.00"
2021-01-13,2021011303019808,VLBS,38,1,10,"1,150.00","11,500.00"
2021-01-13,2021011303019807,VLBS,38,17,200,"1,150.00","230,000.00"
2021-01-13,2021011303019806,VLBS,38,14,50,"1,149.00","57,450.00"
2021-01-13,2021011303019805,VLBS,38,28,85,"1,149.00","97,665.00"
2021-01-13,2021011303019444,ACLBSL,46,4,10,"1,079.00","10,790.00"
2021-01-13,2021011303019460,ALBSL,21,28,11,"1,285.00","14,135.00"
2021-01-13,2021011303019459,ALBSL,33,28,89,"1,286.00","114,454.00"
2021-01-13,2021011303019155,ALBSL,33,45,11,"1,286.00","14,146.00"
2021-01-13,2021011303019388,ALICL,4,42,185,"1,037.00","191,845.00"
2021-01-13,2021011303019378,ALICL,4,55,50,"1,037.00","51,850.00"
2021-01-13,2021011303019324,ALICL,4,45,100,"1,037.00","103,700.00"
2021-01-13,2021011303019323,ALICL,4,39,49,"1,036.00","50,764.00"
2021-01-13,2021011303019301,ALICL,4,45,100,"1,035.00","103,500.00"
2021-01-13,2021011303019300,ALICL,4,52,10,"1,035.00","10,350.00"
2021-01-13,2021011303019182,ALICL,28,20,200,"1,025.00","205,000.00"
2021-01-13,2021011303019154,ALICL,28,8,"1,490","1,025.00","1,527,250.00"
2021-01-13,2021011303019153,ALICL,7,8,10,"1,025.00","10,250.00"
2021-01-13,2021011303019299,ALICL,4,22,200,"1,034.00","206,800.00"
2021-01-13,2021011303019298,ALICL,4,8,200,"1,033.00","206,600.00"
2021-01-13,2021011303019297,ALICL,4,17,200,"1,032.00","206,400.00"
2021-01-13,2021011303019296,ALICL,4,52,100,"1,030.00","103,000.00"
2021-01-13,2021011303019295,ALICL,4,57,106,"1,030.00","109,180.00"
2021-01-13,2021011303019195,ALICL,58,57,200,"1,030.00","206,000.00"
2021-01-13,2021011303019481,CBBL,16,59,30,"1,272.00","38,160.00"
2021-01-13,2021011303019480,CBBL,3,59,14,"1,272.00","17,808.00"
2021-01-13,2021011303019339,CBBL,3,42,36,"1,272.00","45,792.00"
2021-01-13,2021011303019327,CBBL,21,43,50,"1,272.00","63,600.00"
2021-01-13,2021011303019189,CBBL,43,38,50,"1,270.00","63,500.00"
2021-01-13,2021011303019100,CBBL,37,50,37,"1,269.00","46,953.00"
2021-01-13,2021011303019099,CBBL,53,50,45,"1,269.00","57,105.00"
2021-01-13,2021011303019098,CBBL,47,50,18,"1,270.00","22,860.00"
2021-01-13,2021011303019060,CBBL,37,29,100,"1,270.00","127,000.00"
2021-01-13,2021011303019059,CBBL,49,29,100,"1,270.00","127,000.00"
2021-01-13,2021011303019487,CFCL,6,59,10,194.00,"1,940.00"
2021-01-13,2021011303019486,CFCL,6,59,90,194.00,"17,460.00"
2021-01-13,2021011303019121,CFCL,6,1,10,194.00,"1,940.00"
2021-01-13,2021011303019120,CFCL,53,1,300,195.00,"58,500.00"
2021-01-13,2021011303019119,CFCL,58,1,25,195.00,"4,875.00"
2021-01-13,2021011303019478,CIT,45,50,10,"3,443.00","34,430.00"
2021-01-13,2021011303019473,CIT,45,51,80,"3,443.00","275,440.00"
2021-01-13,2021011303019389,CIT,57,51,10,"3,443.00","34,430.00"
2021-01-13,2021011303019376,CIT,55,50,70,"3,440.00","240,800.00"
2021-01-13,2021011303019375,CIT,21,50,10,"3,441.00","34,410.00"
2021-01-13,2021011303019287,CIT,49,51,10,"3,443.00","34,430.00"
2021-01-13,2021011303019072,CIT,34,3,18,"3,443.00","61,974.00"
2021-01-13,2021011303019012,CIT,45,21,12,"3,444.00","41,328.00"
2021-01-13,2021011303019007,CIT,45,35,80,"3,444.00","275,520.00"
2021-01-13,2021011303019078,CIT,41,3,25,"3,440.00","86,000.00"
2021-01-13,2021011303019077,CIT,21,3,10,"3,440.00","34,400.00"
2021-01-13,2021011303019076,CIT,21,3,10,"3,441.00","34,410.00"
2021-01-13,2021011303019075,CIT,57,3,10,"3,441.00","34,410.00"
2021-01-13,2021011303019074,CIT,41,3,20,"3,441.00","68,820.00"
2021-01-13,2021011303019073,CIT,47,3,10,"3,441.00","34,410.00"
2021-01-13,2021011303019200,CIT,55,53,20,"3,440.00","68,800.00"
2021-01-13,2021011303019166,CIT,55,19,140,"3,440.00","481,600.00"
2021-01-13,2021011303019082,CIT,55,3,37,"3,440.00","127,280.00"
2021-01-13,2021011303019081,CIT,8,3,30,"3,440.00","103,200.00"
2021-01-13,2021011303019080,CIT,44,3,10,"3,440.00","34,400.00"
2021-01-13,2021011303019079,CIT,8,3,20,"3,440.00","68,800.00"
2021-01-13,2021011303019011,CMF1,35,28,200,10.00,"2,000.00"
2021-01-13,2021011303019397,DDBL,21,25,150,"1,479.00","221,850.00"
2021-01-13,2021011303019345,DDBL,58,48,23,"1,478.00","33,994.00"
2021-01-13,2021011303019026,DDBL,8,48,77,"1,478.00","113,806.00"
2021-01-13,2021011303019025,DDBL,8,40,23,"1,477.00","33,971.00"
2021-01-13,2021011303019051,FMDBL,57,35,300,695.00,"208,500.00"
2021-01-13,2021011303019451,FOWAD,49,44,20,"2,315.00","46,300.00"
2021-01-13,2021011303019450,FOWAD,49,49,400,"2,315.00","926,000.00"
2021-01-13,2021011303019449,FOWAD,49,33,80,"2,313.00","185,040.00"
2021-01-13,2021011303019163,GBBL,4,4,195,325.00,"63,375.00"
2021-01-13,2021011303019127,GBBL,6,4,500,325.00,"162,500.00"
2021-01-13,2021011303019096,GBBL,34,4,500,325.00,"162,500.00"
2021-01-13,2021011303019482,GBLBS,38,21,50,654.00,"32,700.00"
2021-01-13,2021011303019318,GBLBS,34,58,50,655.00,"32,750.00"
2021-01-13,2021011303019317,GBLBS,48,58,400,655.00,"262,000.00"
2021-01-13,2021011303019316,GBLBS,26,58,20,655.00,"13,100.00"
2021-01-13,2021011303019315,GBLBS,51,58,345,655.00,"225,975.00"
2021-01-13,2021011303019314,GBLBS,40,58,485,656.00,"318,160.00"
2021-01-13,2021011303019039,GBLBS,20,49,100,657.00,"65,700.00"
2021-01-13,2021011303019038,GBLBS,11,49,85,657.00,"55,845.00"
2021-01-13,2021011303019037,GBLBS,11,49,100,657.00,"65,700.00"
2021-01-13,2021011303019223,GBLBS,40,47,15,656.00,"9,840.00"
2021-01-13,2021011303019088,GBLBS,57,26,50,658.00,"32,900.00"
2021-01-13,2021011303019043,GBLBS,51,49,80,655.00,"52,400.00"
2021-01-13,2021011303019042,GBLBS,56,49,100,656.00,"65,600.00"
2021-01-13,2021011303019041,GBLBS,42,49,100,656.00,"65,600.00"
2021-01-13,2021011303019040,GBLBS,36,49,135,656.00,"88,560.00"
2021-01-13,2021011303019331,GFCL,42,11,40,216.00,"8,640.00"
2021-01-13,2021011303019330,GFCL,42,35,25,216.00,"5,400.00"
2021-01-13,2021011303019329,GFCL,42,11,26,216.00,"5,616.00"
2021-01-13,2021011303019335,GILB,49,45,10,"1,495.00","14,950.00"
2021-01-13,2021011303019334,GILB,49,21,20,"1,495.00","29,900.00"
2021-01-13,2021011303019333,GILB,49,58,49,"1,495.00","73,255.00"
2021-01-13,2021011303019332,GILB,49,34,128,"1,495.00","191,360.00"
2021-01-13,2021011303019091,GILB,21,34,30,"1,495.00","44,850.00"
2021-01-13,2021011303019090,GILB,21,21,20,"1,490.00","29,800.00"
2021-01-13,2021011303019446,GLBSL,35,13,10,932.00,"9,320.00"
2021-01-13,2021011303019280,GLBSL,35,46,10,932.00,"9,320.00"
2021-01-13,2021011303019361,GLICL,33,58,148,666.00,"98,568.00"
2021-01-13,2021011303019360,GLICL,33,19,500,666.00,"333,000.00"
2021-01-13,2021011303019359,GLICL,33,48,140,665.00,"93,100.00"
2021-01-13,2021011303019358,GLICL,33,38,50,665.00,"33,250.00"
2021-01-13,2021011303019357,GLICL,33,34,91,665.00,"60,515.00"
2021-01-13,2021011303019356,GLICL,33,34,71,665.00,"47,215.00"
2021-01-13,2021011303018998,GLICL,7,13,150,664.00,"99,600.00"
2021-01-13,2021011303019222,GLICL,56,49,"1,000",664.00,"664,000.00"
2021-01-13,2021011303019197,GLICL,56,34,50,665.00,"33,250.00"
2021-01-13,2021011303019196,GLICL,56,45,50,665.00,"33,250.00"
2021-01-13,2021011303019164,GLICL,56,57,500,664.00,"332,000.00"
2021-01-13,2021011303019000,GLICL,56,13,"1,350",664.00,"896,400.00"
2021-01-13,2021011303018999,GLICL,57,13,500,664.00,"332,000.00"
2021-01-13,2021011303019477,GMFBS,7,28,20,"1,299.00","25,980.00"
2021-01-13,2021011303019476,GMFBS,7,26,10,"1,298.00","12,980.00"
2021-01-13,2021011303019475,GMFBS,7,14,70,"1,298.00","90,860.00"
2021-01-13,2021011303019346,GMFBS,53,50,100,"1,297.00","129,700.00"
2021-01-13,2021011303019046,GMFIL,39,41,200,197.00,"39,400.00"
2021-01-13,2021011303019009,GMFIL,39,46,180,196.00,"35,280.00"
2021-01-13,2021011303019308,GRDBL,38,36,200,167.00,"33,400.00"
2021-01-13,2021011303019145,GRDBL,50,4,100,166.00,"16,600.00"
2021-01-13,2021011303019493,HIDCL,6,45,31,275.00,"8,525.00"
2021-01-13,2021011303019354,HIDCL,51,42,"1,000",276.00,"276,000.00"
2021-01-13,2021011303019353,HIDCL,58,42,35,276.00,"9,660.00"
2021-01-13,2021011303019167,HIDCL,6,59,200,275.00,"55,000.00"
2021-01-13,2021011303019118,HIDCL,6,25,100,275.00,"27,500.00"
2021-01-13,2021011303019097,HIDCL,6,59,300,275.00,"82,500.00"
2021-01-13,2021011303019066,HIDCL,6,48,10,275.00,"2,750.00"
2021-01-13,2021011303019126,ICFC,5,22,40,277.00,"11,080.00"
2021-01-13,2021011303019031,ILBS,14,16,1,"1,279.00","1,279.00"
2021-01-13,2021011303019367,JBBL,53,34,975,224.00,"218,400.00"
2021-01-13,2021011303019366,JBBL,53,43,25,224.00,"5,600.00"
2021-01-13,2021011303019220,JBBL,33,43,"1,000",224.00,"224,000.00"
2021-01-13,2021011303019132,JBBL,45,43,175,224.00,"39,200.00"
2021-01-13,2021011303019013,JBBL,16,43,100,224.00,"22,400.00"
2021-01-13,2021011303019488,JFL,6,32,10,259.00,"2,590.00"
2021-01-13,2021011303019474,JFL,46,55,150,258.00,"38,700.00"
2021-01-13,2021011303019320,JFL,46,33,100,258.00,"25,800.00"
2021-01-13,2021011303019307,KMCDB,53,56,200,"1,001.00","200,200.00"
2021-01-13,2021011303019199,KMCDB,44,45,300,"1,000.00","300,000.00"
2021-01-13,2021011303019117,KMCDB,44,47,80,"1,000.00","80,000.00"
2021-01-13,2021011303019093,KMCDB,44,33,10,"1,000.00","10,000.00"
2021-01-13,2021011303019015,KMCDB,46,25,200,"1,001.00","200,200.00"
2021-01-13,2021011303019352,KRBL,41,45,150,150.00,"22,500.00"
2021-01-13,2021011303019319,KRBL,39,45,26,150.00,"3,900.00"
2021-01-13,2021011303019278,KSBBL,5,21,100,243.00,"24,300.00"
2021-01-13,2021011303019198,KSBBL,34,41,500,244.00,"122,000.00"
2021-01-13,2021011303019071,KSBBL,5,25,240,243.00,"58,320.00"
2021-01-13,2021011303019045,KSBBL,40,41,"1,500",244.00,"366,000.00"
2021-01-13,2021011303019020,KSBBL,5,34,320,243.00,"77,760.00"
2021-01-13,2021011303019019,KSBBL,25,34,180,243.00,"43,740.00"
2021-01-13,2021011303019246,LBBL,10,52,772,238.00,"183,736.00"
2021-01-13,2021011303019165,LBBL,10,35,50,238.00,"11,900.00"
2021-01-13,2021011303019036,LBBL,10,58,100,238.00,"23,800.00"
2021-01-13,2021011303019434,LICN,42,55,25,"2,199.00","54,975.00"
2021-01-13,2021011303019283,LICN,42,54,50,"2,199.00","109,950.00"
2021-01-13,2021011303019282,LICN,42,49,100,"2,199.00","219,900.00"
2021-01-13,2021011303019281,LICN,42,54,25,"2,199.00","54,975.00"
2021-01-13,2021011303019161,MDB,43,37,896,344.00,"308,224.00"
2021-01-13,2021011303019134,MFIL,33,1,60,351.00,"21,060.00"
2021-01-13,2021011303019133,MFIL,55,1,20,351.00,"7,020.00"
2021-01-13,2021011303019010,MFIL,13,55,471,352.00,"165,792.00"
2021-01-13,2021011303019168,MLBBL,45,6,30,"1,378.00","41,340.00"
2021-01-13,2021011303019374,MLBL,25,28,399,275.00,"109,725.00"
2021-01-13,2021011303019373,MLBL,25,43,81,275.00,"22,275.00"
2021-01-13,2021011303019372,MLBL,25,16,500,274.00,"137,000.00"
2021-01-13,2021011303019371,MLBL,25,21,100,274.00,"27,400.00"
2021-01-13,2021011303019370,MLBL,25,45,500,274.00,"137,000.00"
2021-01-13,2021011303019369,MLBL,25,13,34,274.00,"9,316.00"
2021-01-13,2021011303019472,MMFDB,20,19,100,"1,420.00","142,000.00"
2021-01-13,2021011303019471,MMFDB,20,40,10,"1,420.00","14,200.00"
2021-01-13,2021011303019470,MMFDB,20,28,200,"1,419.00","283,800.00"
2021-01-13,2021011303019469,MMFDB,20,52,50,"1,419.00","70,950.00"
2021-01-13,2021011303019468,MMFDB,20,21,200,"1,417.00","283,400.00"
2021-01-13,2021011303019467,MMFDB,20,49,147,"1,415.00","208,005.00"
2021-01-13,2021011303019129,MMFDB,20,7,72,"1,369.00","98,568.00"
2021-01-13,2021011303019128,MMFDB,20,42,223,"1,365.00","304,395.00"
2021-01-13,2021011303019053,MMFDB,41,42,38,"1,369.00","52,022.00"
2021-01-13,2021011303019034,MMFDB,41,6,10,"1,369.00","13,690.00"
2021-01-13,2021011303019022,MMFDB,41,41,24,"1,365.00","32,760.00"
2021-01-13,2021011303019400,MMFDB,20,25,24,"1,380.00","33,120.00"
2021-01-13,2021011303019364,MMFDB,17,20,39,"1,356.00","52,884.00"
2021-01-13,2021011303019259,MMFDB,7,20,20,"1,356.00","27,120.00"
2021-01-13,2021011303019258,MMFDB,3,20,80,"1,356.00","108,480.00"
2021-01-13,2021011303019257,MMFDB,51,20,40,"1,358.00","54,320.00"
2021-01-13,2021011303019130,MMFDB,20,34,100,"1,375.00","137,500.00"
2021-01-13,2021011303019406,MMFDB,20,17,100,"1,385.00","138,500.00"
2021-01-13,2021011303019405,MMFDB,20,38,88,"1,384.00","121,792.00"
2021-01-13,2021011303019404,MMFDB,20,38,100,"1,382.00","138,200.00"
2021-01-13,2021011303019403,MMFDB,20,7,57,"1,380.00","78,660.00"
2021-01-13,2021011303019402,MMFDB,20,40,20,"1,380.00","27,600.00"
2021-01-13,2021011303019401,MMFDB,20,11,43,"1,380.00","59,340.00"
2021-01-13,2021011303019412,MMFDB,20,39,100,"1,392.00","139,200.00"
2021-01-13,2021011303019411,MMFDB,20,11,38,"1,390.00","52,820.00"
2021-01-13,2021011303019410,MMFDB,20,58,186,"1,390.00","258,540.00"
2021-01-13,2021011303019409,MMFDB,20,22,25,"1,387.00","34,675.00"
2021-01-13,2021011303019408,MMFDB,20,57,30,"1,387.00","41,610.00"
2021-01-13,2021011303019407,MMFDB,20,52,50,"1,386.00","69,300.00"
2021-01-13,2021011303019418,MMFDB,20,50,20,"1,398.00","27,960.00"
2021-01-13,2021011303019417,MMFDB,20,28,111,"1,397.00","155,067.00"
2021-01-13,2021011303019416,MMFDB,20,28,27,"1,397.00","37,719.00"
2021-01-13,2021011303019415,MMFDB,20,1,50,"1,397.00","69,850.00"
2021-01-13,2021011303019414,MMFDB,20,14,500,"1,397.00","698,500.00"
2021-01-13,2021011303019413,MMFDB,20,17,50,"1,394.00","69,700.00"
2021-01-13,2021011303019424,MMFDB,20,14,31,"1,407.00","43,617.00"
2021-01-13,2021011303019423,MMFDB,20,50,20,"1,407.00","28,140.00"
2021-01-13,2021011303019422,MMFDB,20,42,100,"1,407.00","140,700.00"
2021-01-13,2021011303019421,MMFDB,20,21,100,"1,407.00","140,700.00"
2021-01-13,2021011303019420,MMFDB,20,21,100,"1,407.00","140,700.00"
2021-01-13,2021011303019419,MMFDB,20,7,30,"1,400.00","42,000.00"
2021-01-13,2021011303019466,MMFDB,20,35,50,"1,413.00","70,650.00"
2021-01-13,2021011303019465,MMFDB,20,10,400,"1,410.00","564,000.00"
2021-01-13,2021011303019464,MMFDB,20,10,"1,283","1,407.00","1,805,181.00"
2021-01-13,2021011303019463,MMFDB,20,14,20,"1,407.00","28,140.00"
2021-01-13,2021011303019462,MMFDB,20,38,100,"1,407.00","140,700.00"
2021-01-13,2021011303019461,MMFDB,20,14,469,"1,407.00","659,883.00"
2021-01-13,2021011303019445,MNBBL,6,26,10,377.00,"3,770.00"
2021-01-13,2021011303019288,MNBBL,6,4,13,376.00,"4,888.00"
2021-01-13,2021011303019086,MNBBL,6,42,150,376.00,"56,400.00"
2021-01-13,2021011303019085,MNBBL,6,25,100,376.00,"37,600.00"
2021-01-13,2021011303019328,MPFL,41,4,200,162.00,"32,400.00"
2021-01-13,2021011303019250,MPFL,22,4,"1,000",162.00,"162,000.00"
2021-01-13,2021011303019249,MPFL,48,4,50,162.00,"8,100.00"
2021-01-13,2021011303019248,MPFL,41,4,100,162.00,"16,200.00"
2021-01-13,2021011303019221,MPFL,41,20,100,163.00,"16,300.00"
2021-01-13,2021011303019205,MPFL,49,4,500,165.00,"82,500.00"
2021-01-13,2021011303019186,MPFL,58,4,100,165.00,"16,500.00"
2021-01-13,2021011303019267,MSMBS,38,4,30,960.00,"28,800.00"
2021-01-13,2021011303019213,MSMBS,35,4,60,960.00,"57,600.00"
2021-01-13,2021011303019194,MSMBS,43,4,500,960.00,"480,000.00"
2021-01-13,2021011303019193,MSMBS,3,4,75,960.00,"72,000.00"
2021-01-13,2021011303019192,MSMBS,17,4,20,965.00,"19,300.00"
2021-01-13,2021011303019191,MSMBS,44,4,200,970.00,"194,000.00"
2021-01-13,2021011303019190,MSMBS,16,4,10,980.00,"9,800.00"
2021-01-13,2021011303019089,NFS,49,1,37,246.00,"9,102.00"
2021-01-13,2021011303019395,NIBLPF,51,17,"10,000",11.35,"113,500.00"
2021-01-13,2021011303019108,NIBLPF,59,17,"2,500",11.35,"28,375.00"
2021-01-13,2021011303019147,NLBBL,49,34,300,"1,220.00","366,000.00"
2021-01-13,2021011303019492,NLIC,49,58,450,"2,435.00","1,095,750.00"
2021-01-13,2021011303019491,NLIC,21,58,50,"2,437.00","121,850.00"
2021-01-13,2021011303019489,NLIC,21,16,200,"2,437.00","487,400.00"
2021-01-13,2021011303019485,NLIC,49,40,130,"2,435.00","316,550.00"
2021-01-13,2021011303019484,NLIC,16,16,50,"2,437.00","121,850.00"
2021-01-13,2021011303019427,NLIC,49,5,300,"2,435.00","730,500.00"
2021-01-13,2021011303019304,NLIC,19,51,55,"2,433.00","133,815.00"
2021-01-13,2021011303019157,NLIC,44,58,100,"2,434.00","243,400.00"
2021-01-13,2021011303019146,NLIC,58,42,50,"2,432.00","121,600.00"
2021-01-13,2021011303019382,NLIC,49,41,22,"2,435.00","53,570.00"
2021-01-13,2021011303019381,NLIC,49,44,50,"2,434.00","121,700.00"
2021-01-13,2021011303019380,NLIC,49,11,100,"2,434.00","243,400.00"
2021-01-13,2021011303019379,NLIC,49,58,30,"2,434.00","73,020.00"
2021-01-13,2021011303019351,NLIC,6,58,250,"2,434.00","608,500.00"
2021-01-13,2021011303019305,NLIC,19,17,30,"2,433.00","72,990.00"
2021-01-13,2021011303019392,NLIC,49,42,15,"2,435.00","36,525.00"
2021-01-13,2021011303019387,NLIC,49,17,200,"2,435.00","487,000.00"
2021-01-13,2021011303019386,NLIC,49,38,22,"2,435.00","53,570.00"
2021-01-13,2021011303019385,NLIC,49,44,50,"2,435.00","121,750.00"
2021-01-13,2021011303019384,NLIC,49,19,295,"2,435.00","718,325.00"
2021-01-13,2021011303019383,NLIC,49,57,200,"2,435.00","487,000.00"
2021-01-13,2021011303019457,NLICL,28,55,100,"1,162.00","116,200.00"
2021-01-13,2021011303019448,NLICL,28,13,100,"1,162.00","116,200.00"
2021-01-13,2021011303019447,NLICL,28,56,55,"1,162.00","63,910.00"
2021-01-13,2021011303019426,NLICL,39,44,102,"1,161.00","118,422.00"
2021-01-13,2021011303019390,NLICL,38,4,100,"1,161.00","116,100.00"
2021-01-13,2021011303019365,NLICL,38,21,100,"1,161.00","116,100.00"
2021-01-13,2021011303019047,NLICL,33,54,100,"1,164.00","116,400.00"
2021-01-13,2021011303019008,NLICL,22,22,50,"1,162.00","58,100.00"
2021-01-13,2021011303019144,NLICL,45,32,50,"1,165.00","58,250.00"
2021-01-13,2021011303019137,NLICL,22,55,50,"1,163.00","58,150.00"
2021-01-13,2021011303019113,NLICL,1,45,100,"1,164.00","116,400.00"
2021-01-13,2021011303019111,NLICL,33,58,207,"1,166.00","241,362.00"
2021-01-13,2021011303019110,NLICL,33,35,200,"1,165.00","233,000.00"
2021-01-13,2021011303019109,NLICL,33,58,93,"1,165.00","108,345.00"
2021-01-13,2021011303019211,NLICL,47,41,100,"1,162.00","116,200.00"
2021-01-13,2021011303019210,NLICL,48,41,200,"1,162.00","232,400.00"
2021-01-13,2021011303019209,NLICL,48,42,300,"1,162.00","348,600.00"
2021-01-13,2021011303019203,NLICL,17,32,10,"1,164.00","11,640.00"
2021-01-13,2021011303019162,NLICL,48,58,500,"1,162.00","581,000.00"
2021-01-13,2021011303019148,NLICL,17,32,10,"1,164.00","11,640.00"
2021-01-13,2021011303019255,NLICL,55,58,100,"1,161.00","116,100.00"
2021-01-13,2021011303019254,NLICL,26,58,60,"1,161.00","69,660.00"
2021-01-13,2021011303019253,NLICL,55,58,200,"1,161.00","232,200.00"
2021-01-13,2021011303019252,NLICL,20,58,545,"1,161.00","632,745.00"
2021-01-13,2021011303019251,NLICL,8,58,"1,810","1,162.00","2,103,220.00"
2021-01-13,2021011303019224,NLICL,8,41,190,"1,162.00","220,780.00"
2021-01-13,2021011303019272,NLICL,25,58,20,"1,161.00","23,220.00"
2021-01-13,2021011303019271,NLICL,50,58,215,"1,161.00","249,615.00"
2021-01-13,2021011303019268,NLICL,17,56,20,"1,162.00","23,240.00"
2021-01-13,2021011303019266,NLICL,34,56,20,"1,164.00","23,280.00"
2021-01-13,2021011303019265,NLICL,34,32,30,"1,164.00","34,920.00"
2021-01-13,2021011303019256,NLICL,50,58,285,"1,161.00","330,885.00"
2021-01-13,2021011303019279,NLICL,3,58,55,"1,160.00","63,800.00"
2021-01-13,2021011303019277,NLICL,42,58,170,"1,160.00","197,200.00"
2021-01-13,2021011303019276,NLICL,49,58,50,"1,160.00","58,000.00"
2021-01-13,2021011303019275,NLICL,58,58,10,"1,160.00","11,600.00"
2021-01-13,2021011303019274,NLICL,48,58,25,"1,160.00","29,000.00"
2021-01-13,2021011303019273,NLICL,34,58,100,"1,161.00","116,100.00"
2021-01-13,2021011303019350,NLICL,6,58,"1,095","1,160.00","1,270,200.00"
2021-01-13,2021011303019336,NLICL,52,58,100,"1,160.00","116,000.00"
2021-01-13,2021011303019322,NLICL,17,58,10,"1,160.00","11,600.00"
2021-01-13,2021011303019313,NLICL,42,58,20,"1,160.00","23,200.00"
2021-01-13,2021011303019309,NLICL,53,58,100,"1,160.00","116,000.00"
2021-01-13,2021011303019289,NLICL,50,58,30,"1,160.00","34,800.00"
2021-01-13,2021011303019184,NMBMF,40,50,100,"1,132.00","113,200.00"
2021-01-13,2021011303019055,NMBMF,45,50,433,"1,132.00","490,156.00"
2021-01-13,2021011303019483,NRIC,11,28,75,"1,546.00","115,950.00"
2021-01-13,2021011303019452,NRIC,4,28,10,"1,546.00","15,460.00"
2021-01-13,2021011303019425,NRIC,28,38,10,"1,545.00","15,450.00"
2021-01-13,2021011303019399,NRIC,28,44,50,"1,545.00","77,250.00"
2021-01-13,2021011303019393,NRIC,28,38,80,"1,545.00","123,600.00"
2021-01-13,2021011303019377,NRIC,56,28,100,"1,546.00","154,600.00"
2021-01-13,2021011303019027,NRIC,22,36,10,"1,546.00","15,460.00"
2021-01-13,2021011303019068,NRIC,54,38,50,"1,544.00","77,200.00"
2021-01-13,2021011303019067,NRIC,54,19,100,"1,544.00","154,400.00"
2021-01-13,2021011303019061,NRIC,21,38,50,"1,547.00","77,350.00"
2021-01-13,2021011303019057,NRIC,7,44,5,"1,545.00","7,725.00"
2021-01-13,2021011303019056,NRIC,7,1,10,"1,545.00","15,450.00"
2021-01-13,2021011303019030,NRIC,25,36,10,"1,545.00","15,450.00"
2021-01-13,2021011303019180,NRIC,43,22,40,"1,546.00","61,840.00"
2021-01-13,2021011303019179,NRIC,43,19,60,"1,546.00","92,760.00"
2021-01-13,2021011303019141,NRIC,42,19,50,"1,546.00","77,300.00"
2021-01-13,2021011303019106,NRIC,42,10,100,"1,545.00","154,500.00"
2021-01-13,2021011303019105,NRIC,42,45,50,"1,545.00","77,250.00"
2021-01-13,2021011303019104,NRIC,42,50,100,"1,545.00","154,500.00"
2021-01-13,2021011303019261,NRIC,33,28,65,"1,545.00","100,425.00"
2021-01-13,2021011303019260,NRIC,43,28,120,"1,546.00","185,520.00"
2021-01-13,2021011303019239,NRIC,43,25,200,"1,546.00","309,200.00"
2021-01-13,2021011303019225,NRIC,43,45,40,"1,546.00","61,840.00"
2021-01-13,2021011303019214,NRIC,43,41,30,"1,546.00","46,380.00"
2021-01-13,2021011303019181,NRIC,43,52,10,"1,546.00","15,460.00"
2021-01-13,2021011303019362,NRIC,28,38,40,"1,545.00","61,800.00"
2021-01-13,2021011303019347,NRIC,28,22,50,"1,545.00","77,250.00"
2021-01-13,2021011303019303,NRIC,28,22,40,"1,545.00","61,800.00"
2021-01-13,2021011303019293,NRIC,52,28,10,"1,546.00","15,460.00"
2021-01-13,2021011303019263,NRIC,28,28,95,"1,545.00","146,775.00"
2021-01-13,2021011303019262,NRIC,25,28,20,"1,545.00","30,900.00"
2021-01-13,2021011303019398,NRN,47,38,10,362.00,"3,620.00"
2021-01-13,2021011303019326,NRN,47,10,10,362.00,"3,620.00"
2021-01-13,2021011303019188,NRN,47,56,80,362.00,"28,960.00"
2021-01-13,2021011303019187,NRN,49,56,20,362.00,"7,240.00"
2021-01-13,2021011303019069,NRN,46,22,20,363.00,"7,260.00"
2021-01-13,2021011303019396,NTC,58,42,500,"1,251.00","625,500.00"
2021-01-13,2021011303019391,NTC,58,19,200,"1,251.00","250,200.00"
2021-01-13,2021011303019363,NTC,56,58,200,"1,251.00","250,200.00"
2021-01-13,2021011303019340,NTC,56,3,100,"1,251.00","125,100.00"
2021-01-13,2021011303019291,NTC,58,46,910,"1,250.00","1,137,500.00"
2021-01-13,2021011303019290,NTC,25,46,90,"1,251.00","112,590.00"
2021-01-13,2021011303019004,NTC,57,54,30,"1,250.00","37,500.00"
2021-01-13,2021011303019003,NTC,52,54,100,"1,250.00","125,000.00"
2021-01-13,2021011303019002,NTC,58,54,"2,000","1,250.00","2,500,000.00"
2021-01-13,2021011303019001,NTC,50,54,298,"1,250.00","372,500.00"
2021-01-13,2021011303019052,NTC,33,58,"2,000","1,251.00","2,502,000.00"
2021-01-13,2021011303019035,NTC,39,58,30,"1,251.00","37,530.00"
2021-01-13,2021011303019028,NTC,40,58,100,"1,251.00","125,100.00"
2021-01-13,2021011303019021,NTC,56,58,300,"1,251.00","375,300.00"
2021-01-13,2021011303019006,NTC,58,54,415,"1,250.00","518,750.00"
2021-01-13,2021011303019005,NTC,57,54,20,"1,250.00","25,000.00"
2021-01-13,2021011303019158,NTC,56,44,300,"1,254.00","376,200.00"
2021-01-13,2021011303019116,NTC,50,42,57,"1,251.00","71,307.00"
2021-01-13,2021011303019115,NTC,56,42,143,"1,251.00","178,893.00"
2021-01-13,2021011303019092,NTC,56,58,157,"1,251.00","196,407.00"
2021-01-13,2021011303019058,NTC,56,58,300,"1,251.00","375,300.00"
2021-01-13,2021011303019054,NTC,58,58,250,"1,251.00","312,750.00"
2021-01-13,2021011303019174,NTC,33,50,"6,000","1,251.00","7,506,000.00"
2021-01-13,2021011303019173,NTC,54,50,100,"1,251.00","125,100.00"
2021-01-13,2021011303019172,NTC,34,50,"3,500","1,251.00","4,378,500.00"
2021-01-13,2021011303019171,NTC,46,50,30,"1,251.00","37,530.00"
2021-01-13,2021011303019170,NTC,54,50,100,"1,251.00","125,100.00"
2021-01-13,2021011303019169,NTC,50,50,43,"1,251.00","53,793.00"
2021-01-13,2021011303019240,NTC,49,50,285,"1,253.00","357,105.00"
2021-01-13,2021011303019219,NTC,56,44,300,"1,254.00","376,200.00"
2021-01-13,2021011303019202,NTC,49,35,"4,715","1,253.00","5,907,895.00"
2021-01-13,2021011303019201,NTC,46,35,100,"1,253.00","125,300.00"
2021-01-13,2021011303019176,NTC,58,50,"3,645","1,250.00","4,556,250.00"
2021-01-13,2021011303019175,NTC,56,50,500,"1,251.00","625,500.00"
2021-01-13,2021011303019269,NTC,49,44,100,"1,254.00","125,400.00"
2021-01-13,2021011303019245,NTC,58,50,"3,575","1,250.00","4,468,750.00"
2021-01-13,2021011303019244,NTC,58,50,50,"1,250.00","62,500.00"
2021-01-13,2021011303019243,NTC,58,50,"15,940","1,250.00","19,925,000.00"
2021-01-13,2021011303019242,NTC,52,50,100,"1,251.00","125,100.00"
2021-01-13,2021011303019241,NTC,39,50,50,"1,251.00","62,550.00"
2021-01-13,2021011303019284,NUBL,45,6,100,"1,335.00","133,500.00"
2021-01-13,2021011303019138,OHL,19,49,50,472.00,"23,600.00"
2021-01-13,2021011303019044,OHL,54,49,50,472.00,"23,600.00"
2021-01-13,2021011303019018,PFL,51,14,127,208.00,"26,416.00"
2021-01-13,2021011303019017,PFL,13,14,73,208.00,"15,184.00"
2021-01-13,2021011303019456,PLIC,39,20,30,813.00,"24,390.00"
2021-01-13,2021011303019455,PLIC,39,21,20,812.00,"16,240.00"
2021-01-13,2021011303019454,PLIC,39,25,150,810.00,"121,500.00"
2021-01-13,2021011303019136,PLIC,45,20,30,810.00,"24,300.00"
2021-01-13,2021011303019032,PLIC,42,33,90,809.00,"72,810.00"
2021-01-13,2021011303019016,PLIC,42,20,100,809.00,"80,900.00"
2021-01-13,2021011303019294,PROFL,55,42,150,134.00,"20,100.00"
2021-01-13,2021011303019433,RLFL,10,45,100,195.00,"19,500.00"
2021-01-13,2021011303019432,RLFL,35,45,200,195.00,"39,000.00"
2021-01-13,2021011303019431,RLFL,49,45,"1,000",195.00,"195,000.00"
2021-01-13,2021011303019430,RLFL,58,45,363,195.00,"70,785.00"
2021-01-13,2021011303019443,RLI,21,38,25,638.00,"15,950.00"
2021-01-13,2021011303019442,RLI,39,38,300,638.00,"191,400.00"
2021-01-13,2021011303019441,RLI,25,38,50,638.00,"31,900.00"
2021-01-13,2021011303019440,RLI,52,38,20,638.00,"12,760.00"
2021-01-13,2021011303019439,RLI,11,38,490,638.00,"312,620.00"
2021-01-13,2021011303019436,RLI,11,33,10,638.00,"6,380.00"
2021-01-13,2021011303019070,RLI,21,58,20,639.00,"12,780.00"
2021-01-13,2021011303019033,RLI,11,36,10,638.00,"6,380.00"
2021-01-13,2021011303019024,RLI,11,7,500,638.00,"319,000.00"
2021-01-13,2021011303019023,RLI,11,36,10,638.00,"6,380.00"
2021-01-13,2021011303019394,RLI,11,38,10,638.00,"6,380.00"
2021-01-13,2021011303019348,RLI,11,37,300,638.00,"191,400.00"
2021-01-13,2021011303019302,RLI,11,45,10,638.00,"6,380.00"
2021-01-13,2021011303019185,RLI,6,58,50,639.00,"31,950.00"
2021-01-13,2021011303019156,RLI,11,1,10,638.00,"6,380.00"
2021-01-13,2021011303019112,RLI,11,38,10,638.00,"6,380.00"
2021-01-13,2021011303019429,RMDC,53,29,50,"1,168.00","58,400.00"
2021-01-13,2021011303019428,RMDC,53,54,10,"1,168.00","11,680.00"
2021-01-13,2021011303019325,RMDC,53,5,140,"1,167.00","163,380.00"
2021-01-13,2021011303019065,RMDC,33,39,20,"1,161.00","23,220.00"
2021-01-13,2021011303019064,RMDC,21,39,200,"1,161.00","232,200.00"
2021-01-13,2021011303019063,RMDC,32,39,80,"1,161.00","92,880.00"
2021-01-13,2021011303019062,RMDC,7,39,200,"1,162.00","232,400.00"
2021-01-13,2021011303019495,RSDC,42,50,150,704.00,"105,600.00"
2021-01-13,2021011303019494,RSDC,38,29,10,704.00,"7,040.00"
2021-01-13,2021011303019355,RSDC,29,29,299,704.00,"210,496.00"
2021-01-13,2021011303019312,RSDC,38,29,201,704.00,"141,504.00"
2021-01-13,2021011303019311,RSDC,38,44,50,704.00,"35,200.00"
2021-01-13,2021011303019310,RSDC,38,14,99,704.00,"69,696.00"
2021-01-13,2021011303019151,RSDC,36,26,50,703.00,"35,150.00"
2021-01-13,2021011303019150,RSDC,36,3,50,703.00,"35,150.00"
2021-01-13,2021011303019149,RSDC,36,58,10,703.00,"7,030.00"
2021-01-13,2021011303019135,RSDC,48,49,67,702.00,"47,034.00"
2021-01-13,2021011303019084,RSDC,48,29,339,702.00,"237,978.00"
2021-01-13,2021011303019083,RSDC,49,29,90,702.00,"63,180.00"
2021-01-13,2021011303019286,RSDC,40,25,77,703.00,"54,131.00"
2021-01-13,2021011303019285,RSDC,40,6,410,703.00,"288,230.00"
2021-01-13,2021011303019207,RSDC,1,6,90,703.00,"63,270.00"
2021-01-13,2021011303019206,RSDC,1,45,10,703.00,"7,030.00"
2021-01-13,2021011303019177,RSDC,48,59,94,702.00,"65,988.00"
2021-01-13,2021011303019152,RSDC,36,45,90,703.00,"63,270.00"
2021-01-13,2021011303019131,SABSL,14,38,11,"1,122.00","12,342.00"
2021-01-13,2021011303019453,SADBL,1,7,750,200.00,"150,000.00"
2021-01-13,2021011303019218,SADBL,1,39,89,200.00,"17,800.00"
2021-01-13,2021011303019217,SADBL,41,39,10,200.00,"2,000.00"
2021-01-13,2021011303019216,SADBL,1,39,409,200.00,"81,800.00"
2021-01-13,2021011303019140,SADBL,1,25,407,200.00,"81,400.00"
2021-01-13,2021011303019264,SAPDBL,51,55,500,159.00,"79,500.00"
2021-01-13,2021011303019204,SAPDBL,51,42,286,159.00,"45,474.00"
2021-01-13,2021011303019050,SAPDBL,56,58,15,159.00,"2,385.00"
2021-01-13,2021011303019049,SAPDBL,10,58,100,159.00,"15,900.00"
2021-01-13,2021011303019048,SAPDBL,45,58,18,159.00,"2,862.00"
2021-01-13,2021011303019368,SDLBSL,41,52,10,"1,230.00","12,300.00"
2021-01-13,2021011303019479,SHINE,41,28,30,256.00,"7,680.00"
2021-01-13,2021011303019215,SHINE,38,28,50,256.00,"12,800.00"
2021-01-13,2021011303019114,SHINE,57,58,121,255.00,"30,855.00"
2021-01-13,2021011303019014,SHL,21,5,120,198.00,"23,760.00"
2021-01-13,2021011303019321,SIFC,6,4,100,201.00,"20,100.00"
2021-01-13,2021011303019349,SKBBL,11,38,10,"1,590.00","15,900.00"
2021-01-13,2021011303019103,SKBBL,49,14,30,"1,591.00","47,730.00"
2021-01-13,2021011303019102,SKBBL,49,22,20,"1,591.00","31,820.00"
2021-01-13,2021011303019183,SLBS,17,10,43,"1,366.00","58,738.00"
2021-01-13,2021011303019160,SLBS,56,1,20,"1,370.00","27,400.00"
2021-01-13,2021011303019159,SLBS,56,29,38,"1,367.00","51,946.00"
2021-01-13,2021011303019344,SLBSL,50,7,45,"1,033.00","46,485.00"
2021-01-13,2021011303019343,SLBSL,50,45,13,"1,033.00","13,429.00"
2021-01-13,2021011303019342,SLBSL,50,41,13,"1,033.00","13,429.00"
2021-01-13,2021011303019341,SLBSL,50,22,129,"1,033.00","133,257.00"
2021-01-13,2021011303019247,SLICL,45,6,30,748.00,"22,440.00"
2021-01-13,2021011303019094,SLICL,49,20,300,747.00,"224,100.00"
2021-01-13,2021011303019029,SLICL,21,6,100,748.00,"74,800.00"
2021-01-13,2021011303019095,SMB,3,36,11,"1,256.00","13,816.00"
2021-01-13,2021011303019490,SMFBS,34,42,10,"1,564.00","15,640.00"
2021-01-13,2021011303019338,SMFBS,47,21,20,"1,565.00","31,300.00"
2021-01-13,2021011303019337,SMFBS,47,42,12,"1,565.00","18,780.00"
2021-01-13,2021011303019208,SMFBS,34,42,88,"1,565.00","137,720.00"
2021-01-13,2021011303019458,SMFDB,1,16,50,"1,028.00","51,400.00"
2021-01-13,2021011303019101,SMFDB,1,16,200,"1,028.00","205,600.00"
2021-01-13,2021011303019238,SNLB,49,35,12,"1,125.00","13,500.00"
2021-01-13,2021011303019237,SNLB,49,39,200,"1,124.00","224,800.00"
2021-01-13,2021011303019236,SNLB,49,13,20,"1,122.00","22,440.00"
2021-01-13,2021011303019235,SNLB,49,47,94,"1,122.00","105,468.00"
2021-01-13,2021011303019234,SNLB,49,14,80,"1,122.00","89,760.00"
2021-01-13,2021011303019233,SNLB,49,57,50,"1,120.00","56,000.00"
2021-01-13,2021011303019226,SNLB,49,58,64,"1,115.00","71,360.00"
2021-01-13,2021011303018997,SNLB,20,58,36,"1,115.00","40,140.00"
2021-01-13,2021011303018996,SNLB,20,16,50,"1,114.00","55,700.00"
2021-01-13,2021011303019232,SNLB,49,48,50,"1,120.00","56,000.00"
2021-01-13,2021011303019231,SNLB,49,42,110,"1,120.00","123,200.00"
2021-01-13,2021011303019230,SNLB,49,34,100,"1,118.00","111,800.00"
2021-01-13,2021011303019229,SNLB,49,36,100,"1,115.00","111,500.00"
2021-01-13,2021011303019228,SNLB,49,17,100,"1,115.00","111,500.00"
2021-01-13,2021011303019227,SNLB,49,25,20,"1,115.00","22,300.00"
2021-01-13,2021011303019306,STC,39,28,10,"6,900.00","69,000.00"
2021-01-13,2021011303019270,STC,47,19,10,"6,898.00","68,980.00"
2021-01-13,2021011303019143,STC,13,51,30,"6,855.00","205,650.00"
2021-01-13,2021011303019142,STC,25,51,10,"6,855.00","68,550.00"
2021-01-13,2021011303019438,SWBBL,49,5,60,"1,722.00","103,320.00"
2021-01-13,2021011303019437,SWBBL,49,34,20,"1,721.00","34,420.00"
2021-01-13,2021011303019292,SWBBL,44,45,50,"1,720.00","86,000.00"
2021-01-13,2021011303019125,TRH,26,46,250,301.00,"75,250.00"
2021-01-13,2021011303019124,TRH,47,46,500,301.00,"150,500.00"
2021-01-13,2021011303019123,TRH,46,46,10,301.00,"3,010.00"
2021-01-13,2021011303019122,TRH,19,46,240,301.00,"72,240.00"
2021-01-13,2021011303019087,TRH,41,43,50,302.00,"15,100.00"
2021-01-13,2021011303019107,UFL,28,11,400,354.00,"141,600.00"
2021-01-13,2021011303019435,USLB,32,45,22,"1,428.00","31,416.00"
2021-01-13,2021011303019212,USLB,32,58,15,"1,428.00","21,420.00"
2021-01-13,2021011303019139,USLB,5,36,19,"1,427.00","27,113.00"
2021-01-13,2021011303019178,VLBS,26,38,13,"1,145.00","14,885.00"
2021-01-13,2021011303018986,ACLBSL,46,20,10,"1,079.00","10,790.00"
2021-01-13,2021011303018856,ALICL,49,57,89,"1,030.00","91,670.00"
2021-01-13,2021011303018855,ALICL,49,47,142,"1,030.00","146,260.00"
2021-01-13,2021011303018854,ALICL,49,35,50,"1,029.00","51,450.00"
2021-01-13,2021011303018853,ALICL,49,10,59,"1,026.00","60,534.00"
2021-01-13,2021011303018852,ALICL,49,52,160,"1,026.00","164,160.00"
2021-01-13,2021011303018789,ALICL,45,52,40,"1,026.00","41,040.00"
2021-01-13,2021011303018571,ALICL,50,20,20,"1,027.00","20,540.00"
2021-01-13,2021011303018570,ALICL,1,20,20,"1,028.00","20,560.00"
2021-01-13,2021011303018569,ALICL,19,20,100,"1,028.00","102,800.00"
2021-01-13,2021011303018699,ALICL,6,10,20,"1,026.00","20,520.00"
2021-01-13,2021011303018698,ALICL,56,10,390,"1,026.00","400,140.00"
2021-01-13,2021011303018697,ALICL,33,10,90,"1,026.00","92,340.00"
2021-01-13,2021011303018574,ALICL,33,20,110,"1,026.00","112,860.00"
2021-01-13,2021011303018573,ALICL,28,20,150,"1,027.00","154,050.00"
2021-01-13,2021011303018572,ALICL,58,20,100,"1,027.00","102,700.00"
2021-01-13,2021011303018864,BFC,58,6,335,148.00,"49,580.00"
2021-01-13,2021011303018863,BFC,42,6,496,148.00,"73,408.00"
2021-01-13,2021011303018963,CBBL,49,50,121,"1,270.00","153,670.00"
2021-01-13,2021011303018960,CBBL,37,50,100,"1,270.00","127,000.00"
2021-01-13,2021011303018736,CBBL,49,50,259,"1,270.00","328,930.00"
2021-01-13,2021011303018735,CBBL,52,50,20,"1,271.00","25,420.00"
2021-01-13,2021011303018705,CBBL,17,59,200,"1,271.00","254,200.00"
2021-01-13,2021011303018652,CBBL,49,58,41,"1,270.00","52,070.00"
2021-01-13,2021011303018601,CBBL,14,58,200,"1,270.00","254,000.00"
2021-01-13,2021011303018600,CBBL,41,58,12,"1,270.00","15,240.00"
2021-01-13,2021011303018599,CBBL,39,58,93,"1,270.00","118,110.00"
2021-01-13,2021011303018598,CBBL,36,58,134,"1,271.00","170,314.00"
2021-01-13,2021011303018597,CBBL,34,58,20,"1,272.00","25,440.00"
2021-01-13,2021011303018956,CFCL,49,25,200,196.00,"39,200.00"
2021-01-13,2021011303018792,CFCL,6,14,900,194.00,"174,600.00"
2021-01-13,2021011303018791,CFCL,6,14,"1,000",194.00,"194,000.00"
2021-01-13,2021011303018790,CFCL,35,14,100,195.00,"19,500.00"
2021-01-13,2021011303018774,CFCL,54,39,"1,000",197.00,"197,000.00"
2021-01-13,2021011303018703,CFCL,35,53,100,195.00,"19,500.00"
2021-01-13,2021011303018661,CFCL,26,39,100,197.00,"19,700.00"
2021-01-13,2021011303018976,CIT,40,35,20,"3,444.00","68,880.00"
2021-01-13,2021011303018962,CIT,34,57,17,"3,443.00","58,531.00"
2021-01-13,2021011303018883,CIT,38,57,13,"3,443.00","44,759.00"
2021-01-13,2021011303018748,CIT,19,41,40,"3,444.00","137,760.00"
2021-01-13,2021011303018614,CIT,57,25,40,"3,444.00","137,760.00"
2021-01-13,2021011303018509,CIT,35,25,10,"3,444.00","34,440.00"
2021-01-13,2021011303018985,DDBL,44,40,18,"1,477.00","26,586.00"
2021-01-13,2021011303018882,DDBL,44,52,14,"1,477.00","20,678.00"
2021-01-13,2021011303018784,DDBL,44,49,168,"1,477.00","248,136.00"
2021-01-13,2021011303018783,DDBL,51,49,10,"1,477.00","14,770.00"
2021-01-13,2021011303018782,DDBL,57,49,50,"1,477.00","73,850.00"
2021-01-13,2021011303018781,DDBL,45,49,72,"1,478.00","106,416.00"
2021-01-13,2021011303018514,DDBL,34,26,120,"1,480.00","177,600.00"
2021-01-13,2021011303018677,DDBL,45,34,428,"1,478.00","632,584.00"
2021-01-13,2021011303018676,DDBL,44,34,100,"1,478.00","147,800.00"
2021-01-13,2021011303018675,DDBL,25,34,10,"1,478.00","14,780.00"
2021-01-13,2021011303018674,DDBL,49,34,79,"1,478.00","116,762.00"
2021-01-13,2021011303018609,DDBL,49,49,21,"1,478.00","31,038.00"
2021-01-13,2021011303018608,DDBL,26,49,179,"1,478.00","264,562.00"
2021-01-13,2021011303018952,FMDBL,57,57,34,695.00,"23,630.00"
2021-01-13,2021011303018951,FMDBL,34,57,266,695.00,"184,870.00"
2021-01-13,2021011303018891,FMDBL,34,58,40,695.00,"27,800.00"
2021-01-13,2021011303018890,FMDBL,21,58,60,695.00,"41,700.00"
