Date,Transact. No.,Symbol,Buyer,Seller,Quantity,Rate,Amount
2020-03-12,2020031201023076,ADBL,57,1,10,397.00,"3,970.00"
2020-03-12,2020031201022982,ADBL,57,58,"1,000",394.00,"394,000.00"
2020-03-12,2020031201022852,AKJCL,43,1,10,53.00,530.00
2020-03-12,2020031201022836,ALBSL,45,5,50,698.00,"34,900.00"
2020-03-12,2020031201022725,ALICL,40,38,100,557.00,"55,700.00"
2020-03-12,2020031201023183,API,36,22,150,127.00,"19,050.00"
2020-03-12,2020031201023171,API,59,46,30,125.00,"3,750.00"
2020-03-12,2020031201023165,API,44,47,620,124.00,"76,880.00"
2020-03-12,2020031201023098,API,55,46,500,125.00,"62,500.00"
2020-03-12,2020031201023097,API,25,46,300,125.00,"37,500.00"
2020-03-12,2020031201023096,API,25,46,50,125.00,"6,250.00"
2020-03-12,2020031201022726,API,32,47,50,127.00,"6,350.00"
2020-03-12,2020031201022911,API,58,49,"7,000",126.00,"882,000.00"
2020-03-12,2020031201022910,API,1,49,71,126.00,"8,946.00"
2020-03-12,2020031201022883,API,42,47,200,127.00,"25,400.00"
2020-03-12,2020031201022815,API,36,47,150,127.00,"19,050.00"
2020-03-12,2020031201022750,API,1,47,50,127.00,"6,350.00"
2020-03-12,2020031201023095,API,41,46,120,125.00,"15,000.00"
2020-03-12,2020031201023094,API,41,33,30,125.00,"3,750.00"
2020-03-12,2020031201023075,API,41,25,350,125.00,"43,750.00"
2020-03-12,2020031201022937,API,38,47,500,127.00,"63,500.00"
2020-03-12,2020031201022930,API,34,47,170,127.00,"21,590.00"
2020-03-12,2020031201022929,API,34,47,830,127.00,"105,410.00"
2020-03-12,2020031201022748,BBC,34,34,10,"1,799.00","17,990.00"
2020-03-12,2020031201023037,BOKL,32,59,20,239.00,"4,780.00"
2020-03-12,2020031201023036,BOKL,29,59,200,239.00,"47,800.00"
2020-03-12,2020031201022975,BPCL,16,46,100,350.00,"35,000.00"
2020-03-12,2020031201023061,CBBL,4,1,124,"1,014.00","125,736.00"
2020-03-12,2020031201023060,CBBL,11,1,30,"1,015.00","30,450.00"
2020-03-12,2020031201023059,CBBL,18,1,46,"1,015.00","46,690.00"
2020-03-12,2020031201023058,CBBL,45,1,50,"1,020.00","51,000.00"
2020-03-12,2020031201023057,CBBL,53,1,100,"1,020.00","102,000.00"
2020-03-12,2020031201023056,CBBL,16,1,50,"1,021.00","51,050.00"
2020-03-12,2020031201023039,CBL,45,32,395,144.00,"56,880.00"
2020-03-12,2020031201023038,CBL,46,32,105,144.00,"15,120.00"
2020-03-12,2020031201022799,CBL,43,44,10,145.00,"1,450.00"
2020-03-12,2020031201022717,CBL,46,13,895,144.00,"128,880.00"
2020-03-12,2020031201022716,CBL,6,13,105,144.00,"15,120.00"
2020-03-12,2020031201023191,CCBL,4,33,285,181.00,"51,585.00"
2020-03-12,2020031201023190,CCBL,13,33,300,181.00,"54,300.00"
2020-03-12,2020031201023189,CCBL,45,33,15,182.00,"2,730.00"
2020-03-12,2020031201023108,CCBL,37,54,53,182.00,"9,646.00"
2020-03-12,2020031201022956,CCBL,41,54,679,182.00,"123,578.00"
2020-03-12,2020031201022955,CCBL,41,43,100,182.00,"18,200.00"
2020-03-12,2020031201022954,CCBL,41,43,49,182.00,"8,918.00"
2020-03-12,2020031201022880,CCBL,47,43,19,182.00,"3,458.00"
2020-03-12,2020031201023018,CHCL,28,34,505,399.00,"201,495.00"
2020-03-12,2020031201022959,CHCL,36,34,20,399.00,"7,980.00"
2020-03-12,2020031201023147,CIT,36,28,10,"2,602.00","26,020.00"
2020-03-12,2020031201023146,CIT,4,28,50,"2,602.00","130,100.00"
2020-03-12,2020031201023145,CIT,14,28,20,"2,603.00","52,060.00"
2020-03-12,2020031201023106,CIT,42,28,20,"2,605.00","52,100.00"
2020-03-12,2020031201023067,CIT,10,51,120,"2,618.00","314,160.00"
2020-03-12,2020031201022735,CIT,17,14,10,"2,617.00","26,170.00"
2020-03-12,2020031201023187,CZBIL,48,6,10,195.00,"1,950.00"
2020-03-12,2020031201022789,CZBIL,44,46,103,194.00,"19,982.00"
2020-03-12,2020031201022743,DDBL,49,22,290,849.00,"246,210.00"
2020-03-12,2020031201022742,DDBL,49,6,100,849.00,"84,900.00"
2020-03-12,2020031201022741,DDBL,49,48,10,848.00,"8,480.00"
2020-03-12,2020031201023149,EBL,14,43,50,706.00,"35,300.00"
2020-03-12,2020031201023126,EBL,49,16,20,704.00,"14,080.00"
2020-03-12,2020031201023088,EBL,52,44,53,703.00,"37,259.00"
2020-03-12,2020031201023087,EBL,26,44,500,703.00,"351,500.00"
2020-03-12,2020031201023086,EBL,32,44,200,703.00,"140,600.00"
2020-03-12,2020031201023085,EBL,14,44,21,703.00,"14,763.00"
2020-03-12,2020031201022724,EBL,26,46,321,704.00,"225,984.00"
2020-03-12,2020031201022723,EBL,45,53,10,705.00,"7,050.00"
2020-03-12,2020031201022707,EBL,26,4,50,704.00,"35,200.00"
2020-03-12,2020031201022976,EBL,35,16,135,704.00,"95,040.00"
2020-03-12,2020031201022931,EBL,45,16,500,704.00,"352,000.00"
2020-03-12,2020031201022913,EBL,51,16,50,704.00,"35,200.00"
2020-03-12,2020031201022879,EBL,14,53,79,703.00,"55,537.00"
2020-03-12,2020031201022818,EBL,26,16,629,704.00,"442,816.00"
2020-03-12,2020031201022851,EDBL,41,4,169,394.00,"66,586.00"
2020-03-12,2020031201023144,EIC,57,16,"1,000",395.00,"395,000.00"
2020-03-12,2020031201023101,EIC,57,18,400,395.00,"158,000.00"
2020-03-12,2020031201023100,EIC,13,18,100,396.00,"39,600.00"
2020-03-12,2020031201022909,EIC,57,39,30,395.00,"11,850.00"
2020-03-12,2020031201022833,EIC,14,39,100,396.00,"39,600.00"
2020-03-12,2020031201022832,EIC,6,39,100,396.00,"39,600.00"
2020-03-12,2020031201022831,EIC,21,39,300,396.00,"118,800.00"
2020-03-12,2020031201022830,EIC,38,39,70,396.00,"27,720.00"
2020-03-12,2020031201023148,FMDBL,26,6,500,496.00,"248,000.00"
2020-03-12,2020031201023055,FMDBL,26,1,424,496.00,"210,304.00"
2020-03-12,2020031201023054,FMDBL,58,1,33,497.00,"16,401.00"
2020-03-12,2020031201023053,FMDBL,48,1,43,497.00,"21,371.00"
2020-03-12,2020031201023026,FMDBL,48,46,57,497.00,"28,329.00"
2020-03-12,2020031201023025,FMDBL,1,46,100,497.00,"49,700.00"
2020-03-12,2020031201023024,FMDBL,41,46,10,497.00,"4,970.00"
2020-03-12,2020031201022952,FMDBL,41,46,40,497.00,"19,880.00"
2020-03-12,2020031201022951,FMDBL,18,46,50,497.00,"24,850.00"
2020-03-12,2020031201022950,FMDBL,45,46,10,498.00,"4,980.00"
2020-03-12,2020031201022943,FMDBL,33,6,200,499.00,"99,800.00"
2020-03-12,2020031201023083,FOWAD,38,45,83,"1,458.00","121,014.00"
2020-03-12,2020031201023082,FOWAD,48,45,50,"1,459.00","72,950.00"
2020-03-12,2020031201023081,FOWAD,34,45,100,"1,460.00","146,000.00"
2020-03-12,2020031201023080,FOWAD,37,45,100,"1,460.00","146,000.00"
2020-03-12,2020031201023079,FOWAD,14,45,50,"1,461.00","73,050.00"
2020-03-12,2020031201023078,FOWAD,57,45,100,"1,462.00","146,200.00"
2020-03-12,2020031201022923,FOWAD,53,45,50,"1,467.00","73,350.00"
2020-03-12,2020031201022922,FOWAD,43,45,100,"1,468.00","146,800.00"
2020-03-12,2020031201022921,FOWAD,26,45,100,"1,470.00","147,000.00"
2020-03-12,2020031201022920,FOWAD,33,45,200,"1,470.00","294,000.00"
2020-03-12,2020031201023077,FOWAD,40,45,17,"1,462.00","24,854.00"
2020-03-12,2020031201022928,FOWAD,35,45,50,"1,465.00","73,250.00"
2020-03-12,2020031201022927,FOWAD,57,45,30,"1,465.00","43,950.00"
2020-03-12,2020031201022926,FOWAD,40,45,100,"1,466.00","146,600.00"
2020-03-12,2020031201022925,FOWAD,4,45,60,"1,466.00","87,960.00"
2020-03-12,2020031201022924,FOWAD,51,45,50,"1,467.00","73,350.00"
2020-03-12,2020031201022780,GBBL,8,54,579,240.00,"138,960.00"
2020-03-12,2020031201022779,GBBL,13,54,200,240.00,"48,000.00"
2020-03-12,2020031201022778,GBBL,4,54,221,240.00,"53,040.00"
2020-03-12,2020031201022749,GBBL,4,4,100,240.00,"24,000.00"
2020-03-12,2020031201023121,GBIME,41,58,100,274.00,"27,400.00"
2020-03-12,2020031201023071,GBIME,57,58,500,274.00,"137,000.00"
2020-03-12,2020031201022914,GBIME,59,58,137,274.00,"37,538.00"
2020-03-12,2020031201022835,GBIME,22,58,40,274.00,"10,960.00"
2020-03-12,2020031201022813,GBLBS,42,39,150,486.00,"72,900.00"
2020-03-12,2020031201023035,GILB,36,7,10,"1,295.00","12,950.00"
2020-03-12,2020031201022882,GILB,36,42,30,"1,274.00","38,220.00"
2020-03-12,2020031201022709,GILB,34,34,10,"1,254.00","12,540.00"
2020-03-12,2020031201022801,GLBSL,55,26,37,680.00,"25,160.00"
2020-03-12,2020031201022764,GLBSL,55,45,10,675.00,"6,750.00"
2020-03-12,2020031201022763,GLBSL,55,43,53,672.00,"35,616.00"
2020-03-12,2020031201022986,GLICL,6,51,10,460.00,"4,600.00"
2020-03-12,2020031201022738,GLICL,49,39,200,455.00,"91,000.00"
2020-03-12,2020031201023201,GMFBS,10,56,10,832.00,"8,320.00"
2020-03-12,2020031201022826,GMFIL,22,4,100,135.00,"13,500.00"
2020-03-12,2020031201023066,GUFL,36,43,10,129.00,"1,290.00"
2020-03-12,2020031201022733,HBL,50,44,700,584.00,"408,800.00"
2020-03-12,2020031201023182,HDL,48,58,200,"1,516.00","303,200.00"
2020-03-12,2020031201023143,HDL,54,25,260,"1,515.00","393,900.00"
2020-03-12,2020031201023142,HDL,57,25,100,"1,515.00","151,500.00"
2020-03-12,2020031201023141,HDL,51,25,10,"1,515.00","15,150.00"
2020-03-12,2020031201023140,HDL,45,25,10,"1,515.00","15,150.00"
2020-03-12,2020031201023139,HDL,51,25,50,"1,515.00","75,750.00"
2020-03-12,2020031201022918,HDL,53,35,100,"1,525.00","152,500.00"
2020-03-12,2020031201022761,HDL,19,53,60,"1,520.00","91,200.00"
2020-03-12,2020031201023015,HDL,45,58,10,"1,520.00","15,200.00"
2020-03-12,2020031201023014,HDL,37,58,100,"1,520.00","152,000.00"
2020-03-12,2020031201023013,HDL,45,58,10,"1,520.00","15,200.00"
2020-03-12,2020031201023012,HDL,25,58,20,"1,521.00","30,420.00"
2020-03-12,2020031201022983,HDL,22,16,50,"1,530.00","76,500.00"
2020-03-12,2020031201022958,HDL,25,22,30,"1,521.00","45,630.00"
2020-03-12,2020031201023132,HDL,34,25,30,"1,517.00","45,510.00"
2020-03-12,2020031201023131,HDL,57,25,100,"1,519.00","151,900.00"
2020-03-12,2020031201023130,HDL,53,25,10,"1,519.00","15,190.00"
2020-03-12,2020031201023129,HDL,49,25,10,"1,519.00","15,190.00"
2020-03-12,2020031201023128,HDL,51,25,50,"1,521.00","76,050.00"
2020-03-12,2020031201023016,HDL,49,58,60,"1,519.00","91,140.00"
2020-03-12,2020031201023138,HDL,55,25,10,"1,515.00","15,150.00"
2020-03-12,2020031201023137,HDL,45,25,10,"1,515.00","15,150.00"
2020-03-12,2020031201023136,HDL,55,25,100,"1,515.00","151,500.00"
2020-03-12,2020031201023135,HDL,48,25,100,"1,516.00","151,600.00"
2020-03-12,2020031201023134,HDL,32,25,50,"1,516.00","75,800.00"
2020-03-12,2020031201023133,HDL,10,25,100,"1,516.00","151,600.00"
2020-03-12,2020031201022901,HIDCL,56,28,35,135.00,"4,725.00"
2020-03-12,2020031201022900,HIDCL,52,28,"1,000",135.00,"135,000.00"
2020-03-12,2020031201022899,HIDCL,35,28,370,135.00,"49,950.00"
2020-03-12,2020031201022898,HIDCL,48,28,200,135.00,"27,000.00"
2020-03-12,2020031201022897,HIDCL,6,28,11,135.00,"1,485.00"
2020-03-12,2020031201022896,HIDCL,58,28,500,135.00,"67,500.00"
2020-03-12,2020031201022889,HIDCL,56,28,232,136.00,"31,552.00"
2020-03-12,2020031201022715,HIDCL,56,8,400,136.00,"54,400.00"
2020-03-12,2020031201022895,HIDCL,53,28,"1,000",135.00,"135,000.00"
2020-03-12,2020031201022894,HIDCL,35,28,880,135.00,"118,800.00"
2020-03-12,2020031201022893,HIDCL,42,28,139,135.00,"18,765.00"
2020-03-12,2020031201022892,HIDCL,11,28,50,135.00,"6,750.00"
2020-03-12,2020031201022891,HIDCL,41,28,"1,000",136.00,"136,000.00"
2020-03-12,2020031201022890,HIDCL,48,28,200,136.00,"27,200.00"
2020-03-12,2020031201022905,ICFC,53,43,800,182.00,"145,600.00"
2020-03-12,2020031201023032,ILBS,14,51,49,735.00,"36,015.00"
2020-03-12,2020031201023031,ILBS,13,51,200,735.00,"147,000.00"
2020-03-12,2020031201023030,ILBS,8,51,100,735.00,"73,500.00"
2020-03-12,2020031201023029,ILBS,34,51,100,735.00,"73,500.00"
2020-03-12,2020031201023028,ILBS,52,51,20,736.00,"14,720.00"
2020-03-12,2020031201023027,ILBS,51,51,31,737.00,"22,847.00"
2020-03-12,2020031201022885,ILBS,51,51,39,737.00,"28,743.00"
2020-03-12,2020031201022811,ILBS,51,51,20,738.00,"14,760.00"
2020-03-12,2020031201022810,ILBS,13,51,100,738.00,"73,800.00"
2020-03-12,2020031201022809,ILBS,8,51,21,739.00,"15,519.00"
2020-03-12,2020031201022808,ILBS,32,51,70,740.00,"51,800.00"
2020-03-12,2020031201022866,JFL,28,14,500,172.00,"86,000.00"
2020-03-12,2020031201022902,JOSHI,41,1,10,57.00,570.00
2020-03-12,2020031201022985,KBL,39,36,55,200.00,"11,000.00"
2020-03-12,2020031201022940,KBL,39,39,15,200.00,"3,000.00"
2020-03-12,2020031201022786,KBL,39,42,"1,129",200.00,"225,800.00"
2020-03-12,2020031201023161,KPCL,25,47,10,110.00,"1,100.00"
2020-03-12,2020031201023160,KPCL,25,41,10,110.00,"1,100.00"
2020-03-12,2020031201023159,KPCL,25,56,500,107.00,"53,500.00"
2020-03-12,2020031201023158,KPCL,25,58,10,106.00,"1,060.00"
2020-03-12,2020031201023157,KPCL,25,47,410,106.00,"43,460.00"
2020-03-12,2020031201023156,KPCL,25,35,10,106.00,"1,060.00"
2020-03-12,2020031201023155,KPCL,25,36,10,106.00,"1,060.00"
2020-03-12,2020031201023154,KPCL,25,1,10,105.00,"1,050.00"
2020-03-12,2020031201023153,KPCL,25,1,10,105.00,"1,050.00"
2020-03-12,2020031201023152,KPCL,25,57,10,105.00,"1,050.00"
2020-03-12,2020031201023151,KPCL,25,43,10,105.00,"1,050.00"
2020-03-12,2020031201023163,KSBBL,33,52,354,163.00,"57,702.00"
2020-03-12,2020031201022865,KSBBL,29,22,360,162.00,"58,320.00"
2020-03-12,2020031201022864,KSBBL,17,22,140,162.00,"22,680.00"
2020-03-12,2020031201022753,KSBBL,17,35,160,162.00,"25,920.00"
2020-03-12,2020031201022752,KSBBL,41,35,140,162.00,"22,680.00"
2020-03-12,2020031201022791,LBBL,13,38,100,189.00,"18,900.00"
2020-03-12,2020031201023041,LGIL,49,57,10,464.00,"4,640.00"
2020-03-12,2020031201022938,LGIL,43,35,200,462.00,"92,400.00"
2020-03-12,2020031201022792,LGIL,20,35,500,460.00,"230,000.00"
2020-03-12,2020031201022984,LICN,25,50,10,"1,400.00","14,000.00"
2020-03-12,2020031201022868,LICN,38,34,200,"1,380.00","276,000.00"
2020-03-12,2020031201022867,LICN,26,34,291,"1,380.00","401,580.00"
2020-03-12,2020031201023064,LVF1,11,7,"20,000",9.67,"193,400.00"
2020-03-12,2020031201023194,MBL,33,49,10,235.00,"2,350.00"
2020-03-12,2020031201023173,MBL,6,47,40,231.00,"9,240.00"
2020-03-12,2020031201023172,MBL,34,47,10,234.00,"2,340.00"
2020-03-12,2020031201023166,MBL,33,49,10,235.00,"2,350.00"
2020-03-12,2020031201022987,MBL,6,39,200,231.00,"46,200.00"
2020-03-12,2020031201022970,MBL,34,21,10,234.00,"2,340.00"
2020-03-12,2020031201022769,MBL,33,39,100,231.00,"23,100.00"
2020-03-12,2020031201022768,MBL,37,39,117,231.00,"27,027.00"
2020-03-12,2020031201022767,MBL,34,39,"1,000",232.00,"232,000.00"
2020-03-12,2020031201022775,MBL,6,39,10,230.00,"2,300.00"
2020-03-12,2020031201022774,MBL,21,39,"1,000",230.00,"230,000.00"
2020-03-12,2020031201022773,MBL,43,39,500,230.00,"115,000.00"
2020-03-12,2020031201022772,MBL,42,39,53,230.00,"12,190.00"
2020-03-12,2020031201022771,MBL,44,39,20,231.00,"4,620.00"
2020-03-12,2020031201022770,MBL,41,39,200,231.00,"46,200.00"
2020-03-12,2020031201023175,MEGA,43,50,10,223.00,"2,230.00"
2020-03-12,2020031201023174,MEGA,43,13,90,222.00,"19,980.00"
2020-03-12,2020031201022961,MEGA,17,53,"1,300",221.00,"287,300.00"
2020-03-12,2020031201022834,MEGA,43,13,10,222.00,"2,220.00"
2020-03-12,2020031201022711,MEGA,49,39,909,221.00,"200,889.00"
2020-03-12,2020031201022710,MEGA,33,39,623,222.00,"138,306.00"
2020-03-12,2020031201022790,MEGA,17,36,200,221.00,"44,200.00"
2020-03-12,2020031201022713,MEGA,17,39,168,221.00,"37,128.00"
2020-03-12,2020031201022712,MEGA,43,39,300,221.00,"66,300.00"
2020-03-12,2020031201023084,MERO,22,51,10,657.00,"6,570.00"
2020-03-12,2020031201022823,MERO,41,58,56,646.00,"36,176.00"
2020-03-12,2020031201023123,MFIL,4,38,59,287.00,"16,933.00"
2020-03-12,2020031201023122,MFIL,4,34,320,285.00,"91,200.00"
2020-03-12,2020031201023099,MLBL,21,34,10,213.00,"2,130.00"
2020-03-12,2020031201022907,MLBL,17,4,77,210.00,"16,170.00"
2020-03-12,2020031201023002,MNBBL,51,45,20,334.00,"6,680.00"
2020-03-12,2020031201022967,MNBBL,44,42,150,331.00,"49,650.00"
2020-03-12,2020031201022966,MNBBL,45,42,70,331.00,"23,170.00"
2020-03-12,2020031201022939,MNBBL,51,45,300,332.00,"99,600.00"
2020-03-12,2020031201022861,MNBBL,45,7,530,331.00,"175,430.00"
2020-03-12,2020031201022860,MNBBL,59,7,32,331.00,"10,592.00"
2020-03-12,2020031201022798,MNBBL,59,46,320,331.00,"105,920.00"
2020-03-12,2020031201022797,MNBBL,51,46,50,332.00,"16,600.00"
2020-03-12,2020031201022796,MNBBL,39,46,80,332.00,"26,560.00"
2020-03-12,2020031201022795,MNBBL,53,46,50,333.00,"16,650.00"
2020-03-12,2020031201023115,NABIL,4,6,91,790.00,"71,890.00"
2020-03-12,2020031201023102,NABIL,25,44,100,791.00,"79,100.00"
2020-03-12,2020031201023068,NABIL,4,45,125,790.00,"98,750.00"
2020-03-12,2020031201022917,NABIL,4,22,200,790.00,"158,000.00"
2020-03-12,2020031201022782,NABIL,4,58,299,790.00,"236,210.00"
2020-03-12,2020031201022906,NBB,56,36,200,215.00,"43,000.00"
2020-03-12,2020031201022980,NBL,53,58,50,273.00,"13,650.00"
2020-03-12,2020031201022971,NBL,16,58,"2,000",273.00,"546,000.00"
2020-03-12,2020031201022932,NBL,42,58,200,273.00,"54,600.00"
2020-03-12,2020031201023176,NCCB,56,35,10,191.00,"1,910.00"
2020-03-12,2020031201022817,NCCB,42,14,50,190.00,"9,500.00"
2020-03-12,2020031201022816,NCCB,51,14,250,190.00,"47,500.00"
2020-03-12,2020031201022714,NCCB,16,35,500,191.00,"95,500.00"
2020-03-12,2020031201022972,NIB,22,4,50,402.00,"20,100.00"
2020-03-12,2020031201022804,NIB,42,5,20,405.00,"8,100.00"
2020-03-12,2020031201022737,NIB,22,37,175,402.00,"70,350.00"
2020-03-12,2020031201023119,NIBPO,34,52,930,360.00,"334,800.00"
2020-03-12,2020031201023118,NIBPO,34,11,200,359.00,"71,800.00"
2020-03-12,2020031201023052,NICA,50,17,401,550.00,"220,550.00"
2020-03-12,2020031201023051,NICA,50,45,99,549.00,"54,351.00"
2020-03-12,2020031201023017,NICA,25,38,200,548.00,"109,600.00"
2020-03-12,2020031201022908,NICA,25,51,100,548.00,"54,800.00"
2020-03-12,2020031201022872,NICA,35,33,43,547.00,"23,521.00"
2020-03-12,2020031201022844,NICA,42,51,30,548.00,"16,440.00"
2020-03-12,2020031201022803,NICGF,51,29,"1,900",9.40,"17,860.00"
2020-03-12,2020031201023162,NICL,49,5,25,435.00,"10,875.00"
2020-03-12,2020031201023193,NIL,45,56,12,554.00,"6,648.00"
2020-03-12,2020031201022850,NIL,53,56,700,551.00,"385,700.00"
2020-03-12,2020031201022849,NIL,44,56,100,551.00,"55,100.00"
2020-03-12,2020031201022848,NIL,19,56,50,551.00,"27,550.00"
2020-03-12,2020031201022847,NIL,39,56,150,551.00,"82,650.00"
2020-03-12,2020031201022802,NIL,26,25,300,552.00,"165,600.00"
2020-03-12,2020031201023112,NLBBL,34,52,20,746.00,"14,920.00"
2020-03-12,2020031201023203,NLIC,6,58,35,"1,187.00","41,545.00"
2020-03-12,2020031201023202,NLIC,55,58,100,"1,187.00","118,700.00"
2020-03-12,2020031201023170,NLIC,48,50,302,"1,183.00","357,266.00"
2020-03-12,2020031201023169,NLIC,40,50,200,"1,185.00","237,000.00"
2020-03-12,2020031201023150,NLIC,40,34,175,"1,185.00","207,375.00"
2020-03-12,2020031201023104,NLIC,29,34,200,"1,185.00","237,000.00"
2020-03-12,2020031201022706,NLIC,1,6,30,"1,188.00","35,640.00"
2020-03-12,2020031201023074,NLIC,48,1,100,"1,183.00","118,300.00"
2020-03-12,2020031201023073,NLIC,35,1,100,"1,184.00","118,400.00"
2020-03-12,2020031201022981,NLIC,4,34,125,"1,185.00","148,125.00"
2020-03-12,2020031201022979,NLIC,49,34,500,"1,185.00","592,500.00"
2020-03-12,2020031201022935,NLIC,6,58,20,"1,187.00","23,740.00"
2020-03-12,2020031201022846,NLIC,40,58,50,"1,187.00","59,350.00"
2020-03-12,2020031201023125,NLICL,11,37,100,670.00,"67,000.00"
2020-03-12,2020031201023111,NLICL,17,4,36,666.00,"23,976.00"
2020-03-12,2020031201023019,NLICL,1,35,240,670.00,"160,800.00"
2020-03-12,2020031201022828,NLICL,38,35,900,670.00,"603,000.00"
2020-03-12,2020031201022747,NLICL,43,35,10,670.00,"6,700.00"
2020-03-12,2020031201023010,NMB,6,37,100,437.00,"43,700.00"
2020-03-12,2020031201022788,NMB,48,37,500,437.00,"218,500.00"
2020-03-12,2020031201023034,NMBMF,51,5,10,796.00,"7,960.00"
2020-03-12,2020031201022957,NMBMF,45,17,50,800.00,"40,000.00"
2020-03-12,2020031201023109,NUBL,35,47,30,953.00,"28,590.00"
2020-03-12,2020031201022878,NUBL,17,45,20,968.00,"19,360.00"
2020-03-12,2020031201022812,NUBL,8,45,100,968.00,"96,800.00"
2020-03-12,2020031201022766,NUBL,8,45,50,968.00,"48,400.00"
2020-03-12,2020031201022765,NUBL,8,28,50,968.00,"48,400.00"
2020-03-12,2020031201022996,OHL,43,42,80,401.00,"32,080.00"
2020-03-12,2020031201022757,OHL,43,28,20,401.00,"8,020.00"
2020-03-12,2020031201023186,PCBL,11,4,25,287.00,"7,175.00"
2020-03-12,2020031201023185,PCBL,56,4,25,287.00,"7,175.00"
2020-03-12,2020031201023181,PCBL,56,58,10,290.00,"2,900.00"
2020-03-12,2020031201022731,PCBL,14,4,160,285.00,"45,600.00"
2020-03-12,2020031201022730,PCBL,52,4,100,285.00,"28,500.00"
2020-03-12,2020031201022729,PCBL,53,4,50,285.00,"14,250.00"
2020-03-12,2020031201022728,PCBL,13,4,90,285.00,"25,650.00"
2020-03-12,2020031201022708,PCBL,13,47,110,285.00,"31,350.00"
2020-03-12,2020031201022953,PFL,13,59,942,159.00,"149,778.00"
2020-03-12,2020031201023091,PIC,11,39,100,560.00,"56,000.00"
2020-03-12,2020031201023090,PIC,48,39,25,560.00,"14,000.00"
2020-03-12,2020031201023089,PIC,51,39,20,562.00,"11,240.00"
2020-03-12,2020031201023009,PIC,52,49,100,563.00,"56,300.00"
2020-03-12,2020031201023008,PIC,51,49,20,563.00,"11,260.00"
2020-03-12,2020031201023007,PIC,43,49,50,563.00,"28,150.00"
2020-03-12,2020031201023006,PIC,39,49,45,563.00,"25,335.00"
2020-03-12,2020031201023005,PIC,53,49,20,564.00,"11,280.00"
2020-03-12,2020031201023004,PIC,11,49,50,564.00,"28,200.00"
2020-03-12,2020031201023003,PIC,10,49,200,565.00,"113,000.00"
2020-03-12,2020031201023040,PICL,33,26,200,455.00,"91,000.00"
2020-03-12,2020031201022821,PICL,44,16,50,454.00,"22,700.00"
2020-03-12,2020031201022820,PICL,45,16,100,455.00,"45,500.00"
2020-03-12,2020031201022740,PICL,49,21,20,455.00,"9,100.00"
2020-03-12,2020031201022739,PICL,36,21,75,455.00,"34,125.00"
2020-03-12,2020031201023192,PLIC,34,57,40,588.00,"23,520.00"
2020-03-12,2020031201023184,PLIC,22,57,10,588.00,"5,880.00"
2020-03-12,2020031201023107,PLIC,41,21,50,577.00,"28,850.00"
2020-03-12,2020031201022965,PLIC,33,52,"1,140",580.00,"661,200.00"
2020-03-12,2020031201022718,PLIC,33,25,260,580.00,"150,800.00"
2020-03-12,2020031201022973,PMHPL,59,1,10,79.00,790.00
2020-03-12,2020031201022762,PMHPL,59,1,10,79.00,790.00
2020-03-12,2020031201023001,PRIN,32,57,50,420.00,"21,000.00"
2020-03-12,2020031201023000,PRIN,32,57,50,420.00,"21,000.00"
2020-03-12,2020031201022999,PRIN,58,57,"1,000",420.00,"420,000.00"
2020-03-12,2020031201022998,PRIN,43,57,200,420.00,"84,000.00"
2020-03-12,2020031201022997,PRIN,57,57,105,420.00,"44,100.00"
2020-03-12,2020031201023069,PRVU,10,59,500,244.00,"122,000.00"
2020-03-12,2020031201022964,PRVU,41,43,100,243.00,"24,300.00"
2020-03-12,2020031201022936,PRVU,41,59,100,244.00,"24,400.00"
2020-03-12,2020031201023204,RBCL,41,18,10,"9,730.00","97,300.00"
2020-03-12,2020031201023127,RBCL,55,35,10,"9,750.00","97,500.00"
2020-03-12,2020031201022781,RHPC,42,53,50,83.00,"4,150.00"
2020-03-12,2020031201022777,RHPC,42,59,300,83.00,"24,900.00"
2020-03-12,2020031201023195,RHPL,14,58,40,156.00,"6,240.00"
2020-03-12,2020031201022977,RHPL,14,58,40,156.00,"6,240.00"
2020-03-12,2020031201022887,RHPL,19,42,60,157.00,"9,420.00"
2020-03-12,2020031201022886,RHPL,19,57,10,157.00,"1,570.00"
2020-03-12,2020031201022881,RHPL,48,58,30,155.00,"4,650.00"
2020-03-12,2020031201022732,RHPL,48,58,40,155.00,"6,200.00"
2020-03-12,2020031201023120,RLFL,44,16,10,133.00,"1,330.00"
2020-03-12,2020031201022884,RLFL,6,44,221,131.00,"28,951.00"
2020-03-12,2020031201023199,RMDC,51,42,10,688.00,"6,880.00"
2020-03-12,2020031201023198,RMDC,6,42,40,688.00,"27,520.00"
2020-03-12,2020031201023197,RMDC,34,42,50,691.00,"34,550.00"
2020-03-12,2020031201023196,RMDC,42,42,50,691.00,"34,550.00"
2020-03-12,2020031201023070,RMDC,44,44,110,700.00,"77,000.00"
2020-03-12,2020031201022873,RMDC,44,26,15,700.00,"10,500.00"
2020-03-12,2020031201022870,RMDC,44,52,300,700.00,"210,000.00"
2020-03-12,2020031201023033,RSDC,44,58,10,495.00,"4,950.00"
2020-03-12,2020031201023103,SABSL,51,6,10,785.00,"7,850.00"
2020-03-12,2020031201022995,SABSL,49,6,34,780.00,"26,520.00"
2020-03-12,2020031201022994,SABSL,42,6,50,780.00,"39,000.00"
2020-03-12,2020031201022993,SABSL,22,6,18,780.00,"14,040.00"
2020-03-12,2020031201022992,SABSL,57,6,100,781.00,"78,100.00"
2020-03-12,2020031201022991,SABSL,40,6,50,782.00,"39,100.00"
2020-03-12,2020031201022990,SABSL,1,6,10,782.00,"7,820.00"
2020-03-12,2020031201022989,SABSL,54,6,28,783.00,"21,924.00"
2020-03-12,2020031201022988,SABSL,51,6,10,785.00,"7,850.00"
2020-03-12,2020031201022800,SABSL,54,22,12,783.00,"9,396.00"
2020-03-12,2020031201022814,SADBL,40,4,500,160.00,"80,000.00"
2020-03-12,2020031201022794,SADBL,40,47,150,160.00,"24,000.00"
2020-03-12,2020031201023050,SANIMA,13,35,264,349.00,"92,136.00"
2020-03-12,2020031201023049,SANIMA,49,35,500,350.00,"175,000.00"
2020-03-12,2020031201023048,SANIMA,18,35,236,350.00,"82,600.00"
2020-03-12,2020031201022904,SANIMA,18,10,300,351.00,"105,300.00"
2020-03-12,2020031201022751,SANIMA,18,47,160,350.00,"56,000.00"
2020-03-12,2020031201023114,SBI,13,6,157,440.00,"69,080.00"
2020-03-12,2020031201023044,SBI,42,6,100,440.00,"44,000.00"
2020-03-12,2020031201023043,SBI,49,6,200,440.00,"88,000.00"
2020-03-12,2020031201023042,SBI,45,6,243,441.00,"107,163.00"
2020-03-12,2020031201022919,SBI,32,6,50,442.00,"22,100.00"
2020-03-12,2020031201022871,SBI,36,6,200,442.00,"88,400.00"
2020-03-12,2020031201022969,SBL,14,22,202,311.00,"62,822.00"
2020-03-12,2020031201022968,SBL,45,22,198,311.00,"61,578.00"
2020-03-12,2020031201022875,SBL,45,39,102,311.00,"31,722.00"
2020-03-12,2020031201022874,SBL,45,39,898,311.00,"279,278.00"
2020-03-12,2020031201022863,SBL,45,10,49,311.00,"15,239.00"
2020-03-12,2020031201022825,SBL,45,47,53,311.00,"16,483.00"
2020-03-12,2020031201022824,SBL,42,47,137,311.00,"42,607.00"
2020-03-12,2020031201023167,SCB,58,55,20,667.00,"13,340.00"
2020-03-12,2020031201022960,SCB,58,47,50,667.00,"33,350.00"
2020-03-12,2020031201022869,SCB,58,4,30,667.00,"20,010.00"
2020-03-12,2020031201022722,SHINE,26,45,197,293.00,"57,721.00"
2020-03-12,2020031201022721,SHINE,50,45,600,293.00,"175,800.00"
2020-03-12,2020031201022720,SHINE,35,45,203,293.00,"59,479.00"
2020-03-12,2020031201022822,SHINE,26,39,500,293.00,"146,500.00"
2020-03-12,2020031201023205,SHIVM,48,7,10,572.00,"5,720.00"
2020-03-12,2020031201023177,SHIVM,44,42,10,569.00,"5,690.00"
2020-03-12,2020031201023168,SHIVM,32,7,100,572.00,"57,200.00"
2020-03-12,2020031201023072,SHIVM,44,42,40,569.00,"22,760.00"
2020-03-12,2020031201023047,SHIVM,44,35,235,569.00,"133,715.00"
2020-03-12,2020031201023046,SHIVM,37,35,200,570.00,"114,000.00"
2020-03-12,2020031201022840,SHIVM,10,7,400,571.00,"228,400.00"
2020-03-12,2020031201022839,SHIVM,35,42,10,570.00,"5,700.00"
2020-03-12,2020031201022827,SHIVM,43,42,30,570.00,"17,100.00"
2020-03-12,2020031201022744,SHIVM,44,6,200,569.00,"113,800.00"
2020-03-12,2020031201022734,SHIVM,44,52,65,569.00,"36,985.00"
2020-03-12,2020031201023045,SHIVM,35,35,290,570.00,"165,300.00"
2020-03-12,2020031201022942,SHIVM,35,57,200,570.00,"114,000.00"
2020-03-12,2020031201022903,SHIVM,10,7,30,572.00,"17,160.00"
2020-03-12,2020031201022843,SHIVM,10,7,"1,000",572.00,"572,000.00"
2020-03-12,2020031201022842,SHIVM,10,58,400,572.00,"228,800.00"
2020-03-12,2020031201022841,SHIVM,10,52,170,572.00,"97,240.00"
2020-03-12,2020031201023124,SHPC,10,38,100,215.00,"21,500.00"
2020-03-12,2020031201023110,SHPC,6,13,605,212.00,"128,260.00"
2020-03-12,2020031201023011,SHPC,6,4,70,212.00,"14,840.00"
2020-03-12,2020031201022888,SHPC,33,38,300,215.00,"64,500.00"
2020-03-12,2020031201022806,SHPC,33,21,500,215.00,"107,500.00"
2020-03-12,2020031201022727,SHPC,33,25,200,215.00,"43,000.00"
2020-03-12,2020031201022793,SICL,53,58,20,950.00,"19,000.00"
2020-03-12,2020031201022756,SICL,49,58,105,945.00,"99,225.00"
2020-03-12,2020031201022755,SICL,37,58,250,945.00,"236,250.00"
2020-03-12,2020031201022754,SICL,33,58,25,946.00,"23,650.00"
2020-03-12,2020031201022962,SIL,34,6,20,542.00,"10,840.00"
2020-03-12,2020031201022853,SINDU,43,37,"1,726",130.00,"224,380.00"
2020-03-12,2020031201022719,SINDU,43,55,200,128.00,"25,600.00"
2020-03-12,2020031201023113,SJCL,43,58,20,148.00,"2,960.00"
2020-03-12,2020031201022829,SJCL,43,58,20,148.00,"2,960.00"
2020-03-12,2020031201022807,SJCL,43,58,20,148.00,"2,960.00"
2020-03-12,2020031201022758,SJCL,43,16,10,148.00,"1,480.00"
2020-03-12,2020031201022736,SJCL,43,58,20,148.00,"2,960.00"
2020-03-12,2020031201023065,SKBBL,38,43,800,"1,092.00","873,600.00"
2020-03-12,2020031201022963,SKBBL,32,13,100,"1,095.00","109,500.00"
2020-03-12,2020031201022838,SKBBL,32,46,40,"1,094.00","43,760.00"
2020-03-12,2020031201022837,SLBBL,34,34,10,852.00,"8,520.00"
2020-03-12,2020031201022974,SLBBL,58,21,100,855.00,"85,500.00"
2020-03-12,2020031201022845,SLBSL,56,49,10,870.00,"8,700.00"
2020-03-12,2020031201023178,SLICL,10,34,100,444.00,"44,400.00"
2020-03-12,2020031201023062,SLICL,47,34,50,444.00,"22,200.00"
2020-03-12,2020031201022978,SLICL,34,34,10,444.00,"4,440.00"
2020-03-12,2020031201022916,SLICL,28,4,30,441.00,"13,230.00"
2020-03-12,2020031201022915,SLICL,50,4,20,442.00,"8,840.00"
2020-03-12,2020031201022760,SLICL,28,4,27,441.00,"11,907.00"
2020-03-12,2020031201022759,SLICL,45,4,148,441.00,"65,268.00"
2020-03-12,2020031201022746,SLICL,45,58,27,441.00,"11,907.00"
2020-03-12,2020031201022745,SLICL,29,58,50,442.00,"22,100.00"
2020-03-12,2020031201022912,SMFBS,35,34,100,990.00,"99,000.00"
2020-03-12,2020031201023180,SRBL,17,56,891,255.00,"227,205.00"
2020-03-12,2020031201023179,SRBL,17,56,109,255.00,"27,795.00"
2020-03-12,2020031201022776,SRBL,17,56,500,255.00,"127,500.00"
2020-03-12,2020031201022805,STC,42,58,10,"2,610.00","26,100.00"
2020-03-12,2020031201023022,TMDBL,45,45,843,197.00,"166,071.00"
2020-03-12,2020031201023021,TMDBL,51,45,145,197.00,"28,565.00"
2020-03-12,2020031201023020,TMDBL,45,45,12,198.00,"2,376.00"
2020-03-12,2020031201022877,TMDBL,45,4,88,198.00,"17,424.00"
2020-03-12,2020031201022876,TMDBL,6,4,37,198.00,"7,326.00"
2020-03-12,2020031201023105,UIC,5,6,50,368.00,"18,400.00"
2020-03-12,2020031201022941,UIC,6,6,100,368.00,"36,800.00"
2020-03-12,2020031201022859,UIC,19,36,80,364.00,"29,120.00"
2020-03-12,2020031201022858,UIC,38,36,350,365.00,"127,750.00"
2020-03-12,2020031201022857,UIC,41,36,90,365.00,"32,850.00"
2020-03-12,2020031201022856,UIC,45,36,30,366.00,"10,980.00"
2020-03-12,2020031201022855,UIC,21,36,150,366.00,"54,900.00"
2020-03-12,2020031201022854,UIC,48,36,700,366.00,"256,200.00"
2020-03-12,2020031201022945,UPPER,38,4,50,233.00,"11,650.00"
2020-03-12,2020031201022944,UPPER,46,4,252,233.00,"58,716.00"
2020-03-12,2020031201022819,UPPER,46,33,148,233.00,"34,484.00"
2020-03-12,2020031201023116,UPPER,25,49,40,233.00,"9,320.00"
2020-03-12,2020031201022949,UPPER,58,4,28,232.00,"6,496.00"
2020-03-12,2020031201022948,UPPER,11,4,100,232.00,"23,200.00"
2020-03-12,2020031201022947,UPPER,4,4,60,232.00,"13,920.00"
2020-03-12,2020031201022946,UPPER,52,4,210,232.00,"48,720.00"
2020-03-12,2020031201023117,UPPER,25,33,10,234.00,"2,340.00"
2020-03-12,2020031201023200,WOMI,14,35,10,"1,070.00","10,700.00"
2020-03-12,2020031201023188,WOMI,54,35,10,"1,070.00","10,700.00"
2020-03-12,2020031201023164,WOMI,45,35,20,"1,070.00","21,400.00"
2020-03-12,2020031201023093,WOMI,28,35,80,"1,070.00","85,600.00"
2020-03-12,2020031201023092,WOMI,28,7,20,"1,070.00","21,400.00"
2020-03-12,2020031201023063,WOMI,13,7,10,"1,070.00","10,700.00"
2020-03-12,2020031201022784,WOMI,49,52,50,"1,080.00","54,000.00"
2020-03-12,2020031201022783,WOMI,49,35,90,"1,080.00","97,200.00"
2020-03-12,2020031201023023,WOMI,55,7,370,"1,070.00","395,900.00"
2020-03-12,2020031201022934,WOMI,55,42,130,"1,070.00","139,100.00"
2020-03-12,2020031201022933,WOMI,32,42,70,"1,078.00","75,460.00"
2020-03-12,2020031201022862,WOMI,32,39,30,"1,078.00","32,340.00"
2020-03-12,2020031201022787,WOMI,29,18,20,"1,080.00","21,600.00"
2020-03-12,2020031201022785,WOMI,49,18,160,"1,080.00","172,800.00"
2020-03-12,2020031201022504,ADBL,48,57,140,390.00,"54,600.00"
2020-03-12,2020031201022503,ADBL,52,57,50,390.00,"19,500.00"
2020-03-12,2020031201022502,ADBL,48,57,200,390.00,"78,000.00"
2020-03-12,2020031201022501,ADBL,48,57,100,390.00,"39,000.00"
2020-03-12,2020031201022500,ADBL,37,57,10,390.00,"3,900.00"
2020-03-12,2020031201022615,AKJCL,43,1,10,53.00,530.00
2020-03-12,2020031201022459,AKPL,25,25,50,121.00,"6,050.00"
2020-03-12,2020031201022281,AKPL,1,40,300,120.00,"36,000.00"
2020-03-12,2020031201022280,AKPL,25,40,90,120.00,"10,800.00"
2020-03-12,2020031201022456,ALBSL,34,3,50,695.00,"34,750.00"
2020-03-12,2020031201022600,ALICL,40,55,100,557.00,"55,700.00"
2020-03-12,2020031201022435,ALICL,5,28,100,564.00,"56,400.00"
2020-03-12,2020031201022666,API,1,17,29,126.00,"3,654.00"
2020-03-12,2020031201022665,API,5,47,500,127.00,"63,500.00"
2020-03-12,2020031201022613,API,5,47,200,127.00,"25,400.00"
2020-03-12,2020031201022552,API,45,47,20,127.00,"2,540.00"
2020-03-12,2020031201022434,API,44,47,"1,800",125.00,"225,000.00"
2020-03-12,2020031201022385,API,1,47,100,125.00,"12,500.00"
2020-03-12,2020031201022314,API,1,47,100,125.00,"12,500.00"
2020-03-12,2020031201022622,BOKL,13,39,327,238.00,"77,826.00"
2020-03-12,2020031201022621,BOKL,57,39,15,238.00,"3,570.00"
2020-03-12,2020031201022682,BPCL,25,34,37,351.00,"12,987.00"
2020-03-12,2020031201022681,BPCL,25,21,300,350.00,"105,000.00"
2020-03-12,2020031201022680,BPCL,25,42,100,350.00,"35,000.00"
2020-03-12,2020031201022679,BPCL,25,49,63,350.00,"22,050.00"
2020-03-12,2020031201022566,CBL,6,4,45,144.00,"6,480.00"
2020-03-12,2020031201022565,CBL,41,4,55,144.00,"7,920.00"
2020-03-12,2020031201022591,CCBL,41,4,172,181.00,"31,132.00"
2020-03-12,2020031201022590,CCBL,21,4,28,181.00,"5,068.00"
2020-03-12,2020031201022588,CCBL,21,25,222,181.00,"40,182.00"
2020-03-12,2020031201022573,CCBL,21,28,250,181.00,"45,250.00"
2020-03-12,2020031201022572,CCBL,5,28,50,181.00,"9,050.00"
2020-03-12,2020031201022528,CCBL,5,25,450,181.00,"81,450.00"
2020-03-12,2020031201022422,CCBL,5,47,500,181.00,"90,500.00"
2020-03-12,2020031201022417,CCBL,13,4,"1,000",181.00,"181,000.00"
2020-03-12,2020031201022457,CHCL,8,34,100,399.00,"39,900.00"
2020-03-12,2020031201022399,CHCL,39,34,100,399.00,"39,900.00"
2020-03-12,2020031201022375,CHCL,28,39,"1,509",396.00,"597,564.00"
2020-03-12,2020031201022374,CHCL,8,39,100,397.00,"39,700.00"
2020-03-12,2020031201022341,CHCL,34,34,500,399.00,"199,500.00"
2020-03-12,2020031201022421,CIT,34,37,86,"2,600.00","223,600.00"
2020-03-12,2020031201022420,CIT,21,37,50,"2,600.00","130,000.00"
2020-03-12,2020031201022419,CIT,11,37,100,"2,600.00","260,000.00"
2020-03-12,2020031201022418,CIT,8,37,14,"2,600.00","36,400.00"
2020-03-12,2020031201022655,CZBIL,41,58,200,195.00,"39,000.00"
2020-03-12,2020031201022547,CZBIL,48,58,53,195.00,"10,335.00"
2020-03-12,2020031201022386,CZBIL,49,58,500,195.00,"97,500.00"
2020-03-12,2020031201022460,DDBL,53,21,100,845.00,"84,500.00"
2020-03-12,2020031201022550,EBL,52,53,200,705.00,"141,000.00"
2020-03-12,2020031201022549,EBL,25,53,210,705.00,"148,050.00"
2020-03-12,2020031201022476,EBL,47,33,10,707.00,"7,070.00"
2020-03-12,2020031201022397,EBL,25,58,90,705.00,"63,450.00"
2020-03-12,2020031201022396,EBL,43,58,100,705.00,"70,500.00"
2020-03-12,2020031201022395,EBL,13,58,150,706.00,"105,900.00"
2020-03-12,2020031201022249,EBL,42,33,25,707.00,"17,675.00"
2020-03-12,2020031201022248,EBL,28,33,500,707.00,"353,500.00"
2020-03-12,2020031201022247,EBL,28,33,136,707.00,"96,152.00"
2020-03-12,2020031201022219,EBL,14,42,200,708.00,"141,600.00"
2020-03-12,2020031201022596,EDBL,56,4,11,394.00,"4,334.00"
2020-03-12,2020031201022485,EDBL,6,4,70,392.00,"27,440.00"
2020-03-12,2020031201022484,EDBL,46,4,30,392.00,"11,760.00"
2020-03-12,2020031201022340,EDBL,36,4,20,394.00,"7,880.00"
2020-03-12,2020031201022327,EDBL,43,4,100,394.00,"39,400.00"
2020-03-12,2020031201022487,EIC,35,39,400,401.00,"160,400.00"
2020-03-12,2020031201022486,EIC,35,26,100,400.00,"40,000.00"
2020-03-12,2020031201022467,EIC,38,26,80,396.00,"31,680.00"
2020-03-12,2020031201022466,EIC,34,26,50,397.00,"19,850.00"
2020-03-12,2020031201022674,FMDBL,18,57,150,497.00,"74,550.00"
2020-03-12,2020031201022578,FMDBL,42,57,50,497.00,"24,850.00"
2020-03-12,2020031201022429,FMDBL,38,1,175,495.00,"86,625.00"
2020-03-12,2020031201022672,GBBL,4,32,151,240.00,"36,240.00"
2020-03-12,2020031201022671,GBBL,56,32,150,241.00,"36,150.00"
2020-03-12,2020031201022540,GBBL,4,49,"2,690",240.00,"645,600.00"
2020-03-12,2020031201022539,GBBL,4,49,"4,310",241.00,"1,038,710.00"
2020-03-12,2020031201022531,GBBL,4,4,250,241.00,"60,250.00"
2020-03-12,2020031201022432,GBBL,4,34,"4,300",241.00,"1,036,300.00"
2020-03-12,2020031201022377,GBBL,4,19,268,241.00,"64,588.00"
2020-03-12,2020031201022673,GBIME,39,58,150,274.00,"41,100.00"
2020-03-12,2020031201022530,GBIME,38,58,53,274.00,"14,522.00"
2020-03-12,2020031201022463,GBIME,39,58,50,274.00,"13,700.00"
2020-03-12,2020031201022392,GBIME,28,57,78,273.00,"21,294.00"
2020-03-12,2020031201022267,GBIME,28,22,43,273.00,"11,739.00"
2020-03-12,2020031201022264,GBIME,17,58,400,274.00,"109,600.00"
2020-03-12,2020031201022255,GBIME,13,50,56,273.00,"15,288.00"
2020-03-12,2020031201022263,GBIME,17,1,100,274.00,"27,400.00"
2020-03-12,2020031201022260,GBIME,28,50,749,273.00,"204,477.00"
2020-03-12,2020031201022259,GBIME,48,50,350,273.00,"95,550.00"
2020-03-12,2020031201022258,GBIME,52,50,20,273.00,"5,460.00"
2020-03-12,2020031201022257,GBIME,21,50,300,273.00,"81,900.00"
2020-03-12,2020031201022256,GBIME,16,50,200,273.00,"54,600.00"
2020-03-12,2020031201022355,GBLBS,42,22,733,486.00,"356,238.00"
2020-03-12,2020031201022354,GBLBS,44,22,245,487.00,"119,315.00"
2020-03-12,2020031201022272,GBLBS,44,51,755,487.00,"367,685.00"
2020-03-12,2020031201022271,GBLBS,51,51,20,488.00,"9,760.00"
2020-03-12,2020031201022270,GBLBS,44,51,225,488.00,"109,800.00"
2020-03-12,2020031201022651,GILB,17,42,10,"1,274.00","12,740.00"
2020-03-12,2020031201022577,GILB,17,42,10,"1,274.00","12,740.00"
2020-03-12,2020031201022450,GLICL,33,51,30,460.00,"13,800.00"
2020-03-12,2020031201022253,GLICL,16,51,10,460.00,"4,600.00"
2020-03-12,2020031201022246,GLICL,25,52,20,451.00,"9,020.00"
2020-03-12,2020031201022245,GLICL,45,52,100,451.00,"45,100.00"
2020-03-12,2020031201022244,GLICL,38,52,200,451.00,"90,200.00"
2020-03-12,2020031201022243,GLICL,53,52,100,451.00,"45,100.00"
2020-03-12,2020031201022242,GLICL,32,52,50,455.00,"22,750.00"
2020-03-12,2020031201022241,GLICL,25,52,70,457.00,"31,990.00"
2020-03-12,2020031201022240,GLICL,38,52,100,458.00,"45,800.00"
2020-03-12,2020031201022339,HBL,50,33,250,584.00,"146,000.00"
2020-03-12,2020031201022338,HBL,22,33,500,584.00,"292,000.00"
2020-03-12,2020031201022337,HBL,41,33,50,585.00,"29,250.00"
2020-03-12,2020031201022336,HBL,14,33,100,585.00,"58,500.00"
2020-03-12,2020031201022335,HBL,4,33,300,586.00,"175,800.00"
2020-03-12,2020031201022620,HDL,45,53,20,"1,520.00","30,400.00"
2020-03-12,2020031201022617,HDL,35,53,50,"1,520.00","76,000.00"
2020-03-12,2020031201022571,HDL,45,53,20,"1,520.00","30,400.00"
2020-03-12,2020031201022570,HDL,35,53,50,"1,520.00","76,000.00"
2020-03-12,2020031201022465,HDL,48,41,100,"1,520.00","152,000.00"
2020-03-12,2020031201022437,HDL,42,41,100,"1,520.00","152,000.00"
2020-03-12,2020031201022215,HDL,32,14,40,"1,520.00","60,800.00"
2020-03-12,2020031201022428,HGI,19,33,10,400.00,"4,000.00"
2020-03-12,2020031201022351,HIDCL,56,8,211,136.00,"28,696.00"
2020-03-12,2020031201022425,HPPL,35,39,70,143.00,"10,010.00"
2020-03-12,2020031201022216,HPPL,35,10,10,143.00,"1,430.00"
2020-03-12,2020031201022614,ICFC,53,43,50,182.00,"9,100.00"
2020-03-12,2020031201022598,JBBL,49,47,10,184.00,"1,840.00"
2020-03-12,2020031201022597,JBBL,39,47,50,185.00,"9,250.00"
2020-03-12,2020031201022509,KBL,39,35,255,200.00,"51,000.00"
2020-03-12,2020031201022507,KBL,39,47,190,200.00,"38,000.00"
2020-03-12,2020031201022545,KSBBL,41,47,160,162.00,"25,920.00"
2020-03-12,2020031201022582,LBBL,8,57,900,187.00,"168,300.00"
2020-03-12,2020031201022553,LBL,32,59,140,221.00,"30,940.00"
2020-03-12,2020031201022514,LBL,19,59,100,221.00,"22,100.00"
2020-03-12,2020031201022513,LBL,46,59,100,221.00,"22,100.00"
2020-03-12,2020031201022512,LBL,19,59,100,221.00,"22,100.00"
2020-03-12,2020031201022511,LBL,19,28,400,221.00,"88,400.00"
2020-03-12,2020031201022510,LBL,51,28,300,221.00,"66,300.00"
2020-03-12,2020031201022462,LBL,32,34,"1,000",222.00,"222,000.00"
2020-03-12,2020031201022583,LICN,26,58,90,"1,380.00","124,200.00"
2020-03-12,2020031201022318,LICN,25,50,10,"1,400.00","14,000.00"
2020-03-12,2020031201022676,LLBS,28,34,221,"1,034.00","228,514.00"
2020-03-12,2020031201022675,LLBS,28,34,79,"1,034.00","81,686.00"
2020-03-12,2020031201022400,MBL,22,21,200,234.00,"46,800.00"
2020-03-12,2020031201022312,MBL,37,34,883,231.00,"203,973.00"
2020-03-12,2020031201022286,MBL,18,34,500,231.00,"115,500.00"
2020-03-12,2020031201022471,MDB,17,18,16,350.00,"5,600.00"
2020-03-12,2020031201022470,MDB,55,18,84,350.00,"29,400.00"
2020-03-12,2020031201022684,MEGA,6,50,100,223.00,"22,300.00"
2020-03-12,2020031201022657,MEGA,43,50,10,223.00,"2,230.00"
2020-03-12,2020031201022616,MEGA,33,22,377,222.00,"83,694.00"
2020-03-12,2020031201022576,MEGA,49,35,91,221.00,"20,111.00"
2020-03-12,2020031201022325,MEGA,35,22,200,222.00,"44,400.00"
2020-03-12,2020031201022575,MEGA,51,35,100,221.00,"22,100.00"
2020-03-12,2020031201022574,MEGA,26,35,370,221.00,"81,770.00"
2020-03-12,2020031201022703,MERO,34,51,10,657.00,"6,570.00"
2020-03-12,2020031201022683,MFIL,58,47,50,283.00,"14,150.00"
2020-03-12,2020031201022595,MFIL,58,47,98,283.00,"27,734.00"
2020-03-12,2020031201022278,MFIL,58,40,215,283.00,"60,845.00"
2020-03-12,2020031201022277,MFIL,29,40,30,283.00,"8,490.00"
2020-03-12,2020031201022276,MFIL,43,40,400,284.00,"113,600.00"
2020-03-12,2020031201022275,MFIL,36,40,177,284.00,"50,268.00"
2020-03-12,2020031201022274,MFIL,42,40,178,285.00,"50,730.00"
2020-03-12,2020031201022210,MFIL,22,38,30,287.00,"8,610.00"
2020-03-12,2020031201022332,MNBBL,39,47,120,332.00,"39,840.00"
2020-03-12,2020031201022380,MSMBS,25,6,10,779.00,"7,790.00"
2020-03-12,2020031201022663,NABIL,4,45,100,790.00,"79,000.00"
2020-03-12,2020031201022652,NABIL,4,46,100,790.00,"79,000.00"
2020-03-12,2020031201022585,NABIL,4,4,100,790.00,"79,000.00"
2020-03-12,2020031201022533,NABIL,57,44,164,791.00,"129,724.00"
2020-03-12,2020031201022532,NABIL,57,44,151,791.00,"119,441.00"
2020-03-12,2020031201022477,NABIL,49,50,100,792.00,"79,200.00"
2020-03-12,2020031201022251,NABIL,1,35,268,791.00,"211,988.00"
2020-03-12,2020031201022439,NABIL,21,45,100,791.00,"79,100.00"
2020-03-12,2020031201022438,NABIL,48,45,50,791.00,"39,550.00"
2020-03-12,2020031201022376,NABIL,41,50,50,792.00,"39,600.00"
2020-03-12,2020031201022323,NABIL,1,50,92,792.00,"72,864.00"
2020-03-12,2020031201022322,NABIL,1,47,140,792.00,"110,880.00"
2020-03-12,2020031201022309,NABIL,47,47,100,792.00,"79,200.00"
2020-03-12,2020031201022445,NABIL,32,45,200,790.00,"158,000.00"
2020-03-12,2020031201022444,NABIL,6,45,200,790.00,"158,000.00"
2020-03-12,2020031201022443,NABIL,37,45,50,790.00,"39,500.00"
2020-03-12,2020031201022442,NABIL,49,45,200,790.00,"158,000.00"
2020-03-12,2020031201022441,NABIL,50,45,100,791.00,"79,100.00"
2020-03-12,2020031201022440,NABIL,34,45,100,791.00,"79,100.00"
2020-03-12,2020031201022464,NBB,34,29,169,214.00,"36,166.00"
2020-03-12,2020031201022391,NBB,17,29,"2,000",214.00,"428,000.00"
2020-03-12,2020031201022349,NBB,6,35,250,213.00,"53,250.00"
2020-03-12,2020031201022329,NBB,53,29,30,214.00,"6,420.00"
2020-03-12,2020031201022315,NBB,34,34,38,214.00,"8,132.00"
2020-03-12,2020031201022273,NBB,26,34,200,214.00,"42,800.00"
2020-03-12,2020031201022209,NBB,32,34,12,214.00,"2,568.00"
2020-03-12,2020031201022586,NBL,41,13,999,273.00,"272,727.00"
2020-03-12,2020031201022544,NBL,51,28,600,272.00,"163,200.00"
2020-03-12,2020031201022543,NBL,45,28,400,272.00,"108,800.00"
2020-03-12,2020031201022519,NBL,39,5,50,274.00,"13,700.00"
2020-03-12,2020031201022436,NBL,16,58,835,273.00,"227,955.00"
2020-03-12,2020031201022424,NBL,43,58,300,273.00,"81,900.00"
2020-03-12,2020031201022360,NBL,57,58,100,273.00,"27,300.00"
2020-03-12,2020031201022359,NBL,49,58,500,273.00,"136,500.00"
2020-03-12,2020031201022358,NBL,48,58,"1,965",273.00,"536,445.00"
2020-03-12,2020031201022347,NBL,48,28,"1,000",273.00,"273,000.00"
2020-03-12,2020031201022254,NBL,34,5,20,274.00,"5,480.00"
2020-03-12,2020031201022250,NBL,48,47,450,273.00,"122,850.00"
2020-03-12,2020031201022366,NBL,45,58,140,273.00,"38,220.00"
2020-03-12,2020031201022365,NBL,40,58,500,273.00,"136,500.00"
2020-03-12,2020031201022364,NBL,39,58,10,273.00,"2,730.00"
2020-03-12,2020031201022363,NBL,57,58,100,273.00,"27,300.00"
2020-03-12,2020031201022362,NBL,6,58,200,273.00,"54,600.00"
2020-03-12,2020031201022361,NBL,46,58,500,273.00,"136,500.00"
2020-03-12,2020031201022372,NBL,45,58,500,273.00,"136,500.00"
2020-03-12,2020031201022371,NBL,10,58,200,273.00,"54,600.00"
2020-03-12,2020031201022370,NBL,58,58,"1,000",273.00,"273,000.00"
2020-03-12,2020031201022369,NBL,58,58,"1,000",273.00,"273,000.00"
2020-03-12,2020031201022368,NBL,47,58,150,273.00,"40,950.00"
2020-03-12,2020031201022367,NBL,42,58,"10,000",273.00,"2,730,000.00"
2020-03-12,2020031201022453,NCCB,25,35,140,191.00,"26,740.00"
2020-03-12,2020031201022452,NCCB,25,32,130,191.00,"24,830.00"
2020-03-12,2020031201022218,NCCB,34,32,70,191.00,"13,370.00"
2020-03-12,2020031201022208,NCCB,34,34,75,191.00,"14,325.00"
2020-03-12,2020031201022664,NHPC,10,55,880,58.00,"51,040.00"
2020-03-12,2020031201022479,NIB,13,58,187,401.00,"74,987.00"
2020-03-12,2020031201022478,NIB,49,58,163,401.00,"65,363.00"
2020-03-12,2020031201022346,NIB,17,37,275,402.00,"110,550.00"
2020-03-12,2020031201022345,NIB,17,1,225,402.00,"90,450.00"
2020-03-12,2020031201022317,NIB,48,1,106,402.00,"42,612.00"
2020-03-12,2020031201022316,NIB,48,51,394,401.00,"157,994.00"
2020-03-12,2020031201022207,NIB,44,44,100,401.00,"40,100.00"
2020-03-12,2020031201022654,NICA,35,4,40,547.00,"21,880.00"
2020-03-12,2020031201022653,NICA,17,4,60,547.00,"32,820.00"
2020-03-12,2020031201022449,NICA,36,59,"1,210",546.00,"660,660.00"
2020-03-12,2020031201022448,NICA,38,59,"1,000",546.00,"546,000.00"
2020-03-12,2020031201022447,NICA,39,59,790,546.00,"431,340.00"
2020-03-12,2020031201022430,NICA,39,47,110,546.00,"60,060.00"
2020-03-12,2020031201022398,NICA,59,59,309,547.00,"169,023.00"
2020-03-12,2020031201022356,NICA,59,55,191,547.00,"104,477.00"
2020-03-12,2020031201022352,NICA,37,51,100,548.00,"54,800.00"
2020-03-12,2020031201022320,NICA,39,43,100,546.00,"54,600.00"
2020-03-12,2020031201022206,NICA,52,59,20,547.00,"10,940.00"
2020-03-12,2020031201022458,NICGF,51,29,"10,000",9.40,"94,000.00"
2020-03-12,2020031201022404,NICGF,51,29,"10,000",9.40,"94,000.00"
2020-03-12,2020031201022384,NICL,5,33,100,439.00,"43,900.00"
2020-03-12,2020031201022268,NICL,58,36,30,433.00,"12,990.00"
2020-03-12,2020031201022612,NIL,39,21,50,551.00,"27,550.00"
2020-03-12,2020031201022423,NIL,48,57,200,555.00,"111,000.00"
2020-03-12,2020031201022662,NLIC,48,58,41,"1,182.00","48,462.00"
2020-03-12,2020031201022661,NLIC,45,58,100,"1,182.00","118,200.00"
2020-03-12,2020031201022660,NLIC,55,58,250,"1,182.00","295,500.00"
2020-03-12,2020031201022623,NLIC,59,3,200,"1,187.00","237,400.00"
2020-03-12,2020031201022599,NLIC,55,58,400,"1,182.00","472,800.00"
2020-03-12,2020031201022475,NLIC,55,48,10,"1,182.00","11,820.00"
2020-03-12,2020031201022353,NLIC,16,41,100,"1,185.00","118,500.00"
2020-03-12,2020031201022283,NLIC,57,34,85,"1,185.00","100,725.00"
2020-03-12,2020031201022261,NLIC,39,34,20,"1,185.00","23,700.00"
2020-03-12,2020031201022474,NLIC,36,48,20,"1,183.00","23,660.00"
2020-03-12,2020031201022473,NLIC,46,48,10,"1,184.00","11,840.00"
2020-03-12,2020031201022408,NLIC,55,38,340,"1,182.00","401,880.00"
2020-03-12,2020031201022407,NLIC,52,38,10,"1,183.00","11,830.00"
2020-03-12,2020031201022406,NLIC,5,38,30,"1,185.00","35,550.00"
2020-03-12,2020031201022405,NLIC,57,38,20,"1,185.00","23,700.00"
2020-03-12,2020031201022686,NLICL,21,35,180,665.00,"119,700.00"
2020-03-12,2020031201022685,NLICL,46,35,20,666.00,"13,320.00"
2020-03-12,2020031201022589,NLICL,22,35,100,670.00,"67,000.00"
2020-03-12,2020031201022279,NLICL,21,35,500,670.00,"335,000.00"
2020-03-12,2020031201022702,NMB,39,53,153,434.00,"66,402.00"
2020-03-12,2020031201022701,NMB,45,53,100,434.00,"43,400.00"
2020-03-12,2020031201022700,NMB,52,53,47,434.00,"20,398.00"
2020-03-12,2020031201022699,NMB,55,53,700,434.00,"303,800.00"
2020-03-12,2020031201022656,NMB,19,37,300,437.00,"131,100.00"
2020-03-12,2020031201022602,NMB,33,45,"1,000",435.00,"435,000.00"
2020-03-12,2020031201022569,NMB,39,54,43,436.00,"18,748.00"
2020-03-12,2020031201022390,NMB,55,28,300,434.00,"130,200.00"
2020-03-12,2020031201022389,NMB,55,28,100,434.00,"43,400.00"
2020-03-12,2020031201022388,NMB,17,28,100,435.00,"43,500.00"
2020-03-12,2020031201022527,NMBHF1,45,1,"4,161",9.20,"38,281.20"
2020-03-12,2020031201022634,NMBMF,52,28,100,797.00,"79,700.00"
2020-03-12,2020031201022633,NMBMF,54,28,50,797.00,"39,850.00"
2020-03-12,2020031201022632,NMBMF,56,28,500,798.00,"399,000.00"
2020-03-12,2020031201022631,NMBMF,14,28,200,799.00,"159,800.00"
2020-03-12,2020031201022630,NMBMF,21,28,100,800.00,"80,000.00"
2020-03-12,2020031201022629,NMBMF,51,28,10,800.00,"8,000.00"
2020-03-12,2020031201022628,NMBMF,44,28,10,800.00,"8,000.00"
2020-03-12,2020031201022627,NMBMF,42,28,30,800.00,"24,000.00"
2020-03-12,2020031201022626,NMBMF,42,28,50,800.00,"40,000.00"
2020-03-12,2020031201022625,NMBMF,11,28,100,800.00,"80,000.00"
2020-03-12,2020031201022624,NMBMF,44,28,30,801.00,"24,030.00"
2020-03-12,2020031201022387,NTC,49,57,10,633.00,"6,330.00"
2020-03-12,2020031201022378,NTC,58,57,100,633.00,"63,300.00"
2020-03-12,2020031201022690,PCBL,13,14,"3,300",286.00,"943,800.00"
2020-03-12,2020031201022611,PCBL,16,14,200,286.00,"57,200.00"
2020-03-12,2020031201022610,PCBL,1,14,100,286.00,"28,600.00"
2020-03-12,2020031201022609,PCBL,4,14,"1,000",286.00,"286,000.00"
2020-03-12,2020031201022608,PCBL,38,14,"1,000",286.00,"286,000.00"
2020-03-12,2020031201022607,PCBL,40,14,200,286.00,"57,200.00"
2020-03-12,2020031201022212,PCBL,11,36,47,290.00,"13,630.00"
2020-03-12,2020031201022211,PCBL,45,36,100,290.00,"29,000.00"
2020-03-12,2020031201022225,PCBL,32,14,500,289.00,"144,500.00"
2020-03-12,2020031201022224,PCBL,59,14,50,289.00,"14,450.00"
2020-03-12,2020031201022223,PCBL,49,14,"1,000",289.00,"289,000.00"
2020-03-12,2020031201022222,PCBL,7,14,300,289.00,"86,700.00"
2020-03-12,2020031201022221,PCBL,13,14,175,289.00,"50,575.00"
2020-03-12,2020031201022220,PCBL,11,14,53,290.00,"15,370.00"
2020-03-12,2020031201022231,PCBL,36,14,200,288.00,"57,600.00"
2020-03-12,2020031201022230,PCBL,6,14,500,288.00,"144,000.00"
2020-03-12,2020031201022229,PCBL,40,14,12,288.00,"3,456.00"
2020-03-12,2020031201022228,PCBL,41,14,300,288.00,"86,400.00"
2020-03-12,2020031201022227,PCBL,48,14,500,289.00,"144,500.00"
2020-03-12,2020031201022226,PCBL,25,14,200,289.00,"57,800.00"
2020-03-12,2020031201022237,PCBL,49,14,40,288.00,"11,520.00"
2020-03-12,2020031201022236,PCBL,13,14,100,288.00,"28,800.00"
2020-03-12,2020031201022235,PCBL,45,14,500,288.00,"144,000.00"
2020-03-12,2020031201022234,PCBL,38,14,100,288.00,"28,800.00"
2020-03-12,2020031201022233,PCBL,48,14,"2,000",288.00,"576,000.00"
2020-03-12,2020031201022232,PCBL,35,14,200,288.00,"57,600.00"
2020-03-12,2020031201022581,PCBL,59,55,900,287.00,"258,300.00"
2020-03-12,2020031201022580,PCBL,17,55,100,287.00,"28,700.00"
2020-03-12,2020031201022541,PCBL,13,14,"1,000",288.00,"288,000.00"
2020-03-12,2020031201022328,PCBL,33,14,10,288.00,"2,880.00"
2020-03-12,2020031201022262,PCBL,49,14,300,288.00,"86,400.00"
2020-03-12,2020031201022238,PCBL,48,14,100,288.00,"28,800.00"
2020-03-12,2020031201022606,PCBL,6,14,"1,000",287.00,"287,000.00"
2020-03-12,2020031201022605,PCBL,38,14,10,287.00,"2,870.00"
2020-03-12,2020031201022604,PCBL,16,14,50,287.00,"14,350.00"
2020-03-12,2020031201022594,PCBL,11,56,200,287.00,"57,400.00"
2020-03-12,2020031201022593,PCBL,45,56,200,287.00,"57,400.00"
2020-03-12,2020031201022592,PCBL,59,56,100,287.00,"28,700.00"
2020-03-12,2020031201022285,PICL,45,26,290,460.00,"133,400.00"
2020-03-12,2020031201022284,PICL,45,49,10,460.00,"4,600.00"
2020-03-12,2020031201022689,PLIC,34,21,100,581.00,"58,100.00"
2020-03-12,2020031201022393,PLIC,33,36,100,580.00,"58,000.00"
2020-03-12,2020031201022433,PMHPL,59,43,10,79.00,790.00
2020-03-12,2020031201022567,PPCL,14,56,20,112.00,"2,240.00"
2020-03-12,2020031201022705,PRIN,48,39,100,421.00,"42,100.00"
2020-03-12,2020031201022704,PRIN,13,39,"1,000",421.00,"421,000.00"
2020-03-12,2020031201022526,PRIN,17,21,100,421.00,"42,100.00"
2020-03-12,2020031201022331,PROFL,45,52,140,107.00,"14,980.00"
2020-03-12,2020031201022694,PRVU,56,58,471,242.00,"113,982.00"
2020-03-12,2020031201022693,PRVU,14,58,307,242.00,"74,294.00"
2020-03-12,2020031201022692,PRVU,4,58,500,242.00,"121,000.00"
2020-03-12,2020031201022691,PRVU,54,58,122,243.00,"29,646.00"
2020-03-12,2020031201022650,PRVU,54,44,"1,878",243.00,"456,354.00"
2020-03-12,2020031201022649,PRVU,57,44,250,243.00,"60,750.00"
2020-03-12,2020031201022481,PRVU,59,34,50,243.00,"12,150.00"
2020-03-12,2020031201022480,PRVU,34,34,452,243.00,"109,836.00"
2020-03-12,2020031201022461,PRVU,37,32,"1,000",244.00,"244,000.00"
2020-03-12,2020031201022636,PRVU,5,44,82,243.00,"19,926.00"
2020-03-12,2020031201022635,PRVU,5,53,"3,480",243.00,"845,640.00"
2020-03-12,2020031201022546,PRVU,55,58,100,244.00,"24,400.00"
2020-03-12,2020031201022529,PRVU,55,32,900,244.00,"219,600.00"
2020-03-12,2020031201022483,PRVU,5,34,"1,438",243.00,"349,434.00"
2020-03-12,2020031201022482,PRVU,17,34,50,243.00,"12,150.00"
2020-03-12,2020031201022642,PRVU,44,44,500,243.00,"121,500.00"
2020-03-12,2020031201022641,PRVU,5,44,"1,000",243.00,"243,000.00"
2020-03-12,2020031201022640,PRVU,8,44,"1,000",243.00,"243,000.00"
2020-03-12,2020031201022639,PRVU,53,44,100,243.00,"24,300.00"
2020-03-12,2020031201022638,PRVU,38,44,200,243.00,"48,600.00"
2020-03-12,2020031201022637,PRVU,57,44,"1,000",243.00,"243,000.00"
2020-03-12,2020031201022648,PRVU,28,44,40,243.00,"9,720.00"
2020-03-12,2020031201022647,PRVU,57,44,50,243.00,"12,150.00"
2020-03-12,2020031201022646,PRVU,44,44,100,243.00,"24,300.00"
2020-03-12,2020031201022645,PRVU,6,44,300,243.00,"72,900.00"
2020-03-12,2020031201022644,PRVU,48,44,500,243.00,"121,500.00"
2020-03-12,2020031201022643,PRVU,26,44,"1,000",243.00,"243,000.00"
2020-03-12,2020031201022688,RHPC,42,59,678,83.00,"56,274.00"
2020-03-12,2020031201022587,RHPC,42,59,"2,500",83.00,"207,500.00"
2020-03-12,2020031201022568,RHPL,48,58,30,155.00,"4,650.00"
2020-03-12,2020031201022520,RHPL,48,57,40,155.00,"6,200.00"
2020-03-12,2020031201022468,RHPL,35,43,30,154.00,"4,620.00"
2020-03-12,2020031201022252,RHPL,42,57,30,157.00,"4,710.00"
2020-03-12,2020031201022308,RSDC,52,45,24,490.00,"11,760.00"
2020-03-12,2020031201022307,RSDC,7,45,100,490.00,"49,000.00"
2020-03-12,2020031201022306,RSDC,1,45,100,490.00,"49,000.00"
2020-03-12,2020031201022305,RSDC,32,45,30,491.00,"14,730.00"
2020-03-12,2020031201022304,RSDC,35,45,50,491.00,"24,550.00"
2020-03-12,2020031201022303,RSDC,59,45,100,491.00,"49,100.00"
2020-03-12,2020031201022290,RSDC,35,45,20,495.00,"9,900.00"
2020-03-12,2020031201022289,RSDC,46,45,100,496.00,"49,600.00"
2020-03-12,2020031201022288,RSDC,40,45,90,496.00,"44,640.00"
2020-03-12,2020031201022287,RSDC,45,45,300,497.00,"149,100.00"
2020-03-12,2020031201022296,RSDC,17,45,11,492.00,"5,412.00"
2020-03-12,2020031201022295,RSDC,19,45,200,493.00,"98,600.00"
2020-03-12,2020031201022294,RSDC,17,45,50,494.00,"24,700.00"
2020-03-12,2020031201022293,RSDC,11,45,200,494.00,"98,800.00"
2020-03-12,2020031201022292,RSDC,44,45,100,495.00,"49,500.00"
2020-03-12,2020031201022291,RSDC,40,45,10,495.00,"4,950.00"
2020-03-12,2020031201022302,RSDC,49,45,500,491.00,"245,500.00"
2020-03-12,2020031201022301,RSDC,51,45,105,491.00,"51,555.00"
2020-03-12,2020031201022300,RSDC,11,45,100,491.00,"49,100.00"
2020-03-12,2020031201022299,RSDC,10,45,100,491.00,"49,100.00"
2020-03-12,2020031201022298,RSDC,45,45,100,491.00,"49,100.00"
2020-03-12,2020031201022297,RSDC,36,45,50,491.00,"24,550.00"
2020-03-12,2020031201022344,SABSL,52,10,11,785.00,"8,635.00"
2020-03-12,2020031201022311,SABSL,57,7,100,786.00,"78,600.00"
2020-03-12,2020031201022505,SADBL,40,16,33,160.00,"5,280.00"
2020-03-12,2020031201022416,SADBL,40,45,125,160.00,"20,000.00"
2020-03-12,2020031201022415,SADBL,48,45,400,160.00,"64,000.00"
2020-03-12,2020031201022414,SADBL,29,45,"3,000",160.00,"480,000.00"
2020-03-12,2020031201022413,SADBL,1,45,500,160.00,"80,000.00"
2020-03-12,2020031201022412,SADBL,6,45,"1,000",161.00,"161,000.00"
2020-03-12,2020031201022411,SADBL,1,45,500,161.00,"80,500.00"
2020-03-12,2020031201022410,SADBL,45,45,842,161.00,"135,562.00"
2020-03-12,2020031201022409,SADBL,13,45,471,162.00,"76,302.00"
2020-03-12,2020031201022266,SADBL,13,4,29,162.00,"4,698.00"
2020-03-12,2020031201022265,SADBL,21,4,71,162.00,"11,502.00"
2020-03-12,2020031201022659,SANIMA,18,22,90,350.00,"31,500.00"
2020-03-12,2020031201022548,SANIMA,18,36,14,350.00,"4,900.00"
2020-03-12,2020031201022403,SANIMA,56,36,96,350.00,"33,600.00"
2020-03-12,2020031201022282,SANIMA,49,13,100,352.00,"35,200.00"
2020-03-12,2020031201022382,SAPDBL,35,21,119,134.00,"15,946.00"
2020-03-12,2020031201022383,SBI,42,6,300,442.00,"132,600.00"
2020-03-12,2020031201022334,SBI,45,4,57,441.00,"25,137.00"
2020-03-12,2020031201022333,SBI,11,4,100,441.00,"44,100.00"
2020-03-12,2020031201022518,SBL,42,28,363,311.00,"112,893.00"
2020-03-12,2020031201022517,SBL,53,28,"1,000",311.00,"311,000.00"
2020-03-12,2020031201022516,SBL,57,28,137,311.00,"42,607.00"
2020-03-12,2020031201022515,SBL,17,28,500,314.00,"157,000.00"
2020-03-12,2020031201022394,SCB,22,4,10,667.00,"6,670.00"
2020-03-12,2020031201022313,SCB,22,43,30,667.00,"20,010.00"
2020-03-12,2020031201022698,SHIVM,52,52,370,569.00,"210,530.00"
2020-03-12,2020031201022697,SHIVM,34,52,50,569.00,"28,450.00"
2020-03-12,2020031201022696,SHIVM,49,52,50,570.00,"28,500.00"
2020-03-12,2020031201022695,SHIVM,42,52,100,571.00,"57,100.00"
2020-03-12,2020031201022542,SHIVM,58,52,30,572.00,"17,160.00"
2020-03-12,2020031201022342,SHIVM,10,52,350,570.00,"199,500.00"
2020-03-12,2020031201022499,SHL,29,17,"1,500",167.00,"250,500.00"
2020-03-12,2020031201022498,SHL,14,17,100,167.00,"16,700.00"
2020-03-12,2020031201022497,SHL,13,17,200,167.00,"33,400.00"
2020-03-12,2020031201022496,SHL,53,17,100,168.00,"16,800.00"
2020-03-12,2020031201022495,SHL,34,17,"1,000",168.00,"168,000.00"
2020-03-12,2020031201022494,SHL,21,17,500,168.00,"84,000.00"
2020-03-12,2020031201022493,SHL,25,17,200,168.00,"33,600.00"
2020-03-12,2020031201022492,SHL,14,17,200,168.00,"33,600.00"
2020-03-12,2020031201022491,SHL,7,17,500,168.00,"84,000.00"
2020-03-12,2020031201022490,SHL,7,17,300,168.00,"50,400.00"
2020-03-12,2020031201022489,SHL,10,17,300,168.00,"50,400.00"
2020-03-12,2020031201022488,SHL,45,17,100,168.00,"16,800.00"
2020-03-12,2020031201022455,SHPC,6,28,16,212.00,"3,392.00"
2020-03-12,2020031201022343,SHPC,6,39,55,212.00,"11,660.00"
2020-03-12,2020031201022239,SHPC,6,43,74,212.00,"15,688.00"
2020-03-12,2020031201022677,SICL,45,58,50,950.00,"47,500.00"
2020-03-12,2020031201022667,SIL,38,52,316,532.00,"168,112.00"
2020-03-12,2020031201022658,SIL,14,52,200,532.00,"106,400.00"
2020-03-12,2020031201022472,SIL,32,52,393,532.00,"209,076.00"
2020-03-12,2020031201022330,SIL,45,52,30,532.00,"15,960.00"
2020-03-12,2020031201022601,SJCL,43,58,20,148.00,"2,960.00"
2020-03-12,2020031201022579,SJCL,10,55,20,148.00,"2,960.00"
2020-03-12,2020031201022319,SJCL,10,55,20,148.00,"2,960.00"
2020-03-12,2020031201022217,SJCL,10,58,20,148.00,"2,960.00"
2020-03-12,2020031201022213,SJCL,10,55,20,148.00,"2,960.00"
2020-03-12,2020031201022431,SJCL,10,58,20,148.00,"2,960.00"
2020-03-12,2020031201022402,SJCL,10,55,20,148.00,"2,960.00"
2020-03-12,2020031201022381,SJCL,10,55,20,148.00,"2,960.00"
2020-03-12,2020031201022373,SJCL,10,57,10,148.00,"1,480.00"
2020-03-12,2020031201022350,SJCL,10,58,20,148.00,"2,960.00"
2020-03-12,2020031201022508,SJCL,10,43,10,148.00,"1,480.00"
2020-03-12,2020031201022506,SJCL,10,55,20,148.00,"2,960.00"
2020-03-12,2020031201022454,SJCL,10,39,20,148.00,"2,960.00"
2020-03-12,2020031201022451,SJCL,10,57,20,148.00,"2,960.00"
2020-03-12,2020031201022564,SLBBL,7,45,50,836.00,"41,800.00"
2020-03-12,2020031201022563,SLBBL,38,45,100,836.00,"83,600.00"
2020-03-12,2020031201022562,SLBBL,53,45,50,837.00,"41,850.00"
2020-03-12,2020031201022561,SLBBL,34,45,30,838.00,"25,140.00"
2020-03-12,2020031201022560,SLBBL,38,45,100,838.00,"83,800.00"
2020-03-12,2020031201022559,SLBBL,55,45,200,840.00,"168,000.00"
2020-03-12,2020031201022558,SLBBL,38,45,200,845.00,"169,000.00"
2020-03-12,2020031201022557,SLBBL,43,45,100,846.00,"84,600.00"
2020-03-12,2020031201022556,SLBBL,48,45,200,846.00,"169,200.00"
2020-03-12,2020031201022555,SLBBL,40,45,200,848.00,"169,600.00"
2020-03-12,2020031201022554,SLBBL,38,45,50,852.00,"42,600.00"
2020-03-12,2020031201022321,SLBSL,38,38,10,887.00,"8,870.00"
2020-03-12,2020031201022584,SLICL,28,10,500,443.00,"221,500.00"
2020-03-12,2020031201022310,SLICL,29,28,250,442.00,"110,500.00"
2020-03-12,2020031201022357,SMATA,34,58,10,725.00,"7,250.00"
2020-03-12,2020031201022269,SMATA,34,41,13,720.00,"9,360.00"
2020-03-12,2020031201022619,SMB,34,14,10,928.00,"9,280.00"
2020-03-12,2020031201022618,SMB,34,36,10,920.00,"9,200.00"
2020-03-12,2020031201022525,SPARS,48,58,10,788.00,"7,880.00"
2020-03-12,2020031201022524,SPARS,25,58,40,788.00,"31,520.00"
2020-03-12,2020031201022523,SPARS,7,58,20,790.00,"15,800.00"
2020-03-12,2020031201022522,SPARS,49,58,30,791.00,"23,730.00"
2020-03-12,2020031201022538,SPDL,47,29,500,98.00,"49,000.00"
2020-03-12,2020031201022537,SPDL,52,29,100,98.00,"9,800.00"
2020-03-12,2020031201022536,SPDL,34,29,50,98.00,"4,900.00"
2020-03-12,2020031201022535,SPDL,45,29,"4,180",98.00,"409,640.00"
2020-03-12,2020031201022534,SPDL,41,29,12,99.00,"1,188.00"
2020-03-12,2020031201022687,SRBL,56,49,150,256.00,"38,400.00"
2020-03-12,2020031201022678,SRBL,17,57,550,255.00,"140,250.00"
2020-03-12,2020031201022603,SRBL,17,35,"1,341",255.00,"341,955.00"
2020-03-12,2020031201022521,SRBL,34,56,204,255.00,"52,020.00"
2020-03-12,2020031201022348,SRBL,50,56,100,255.00,"25,500.00"
2020-03-12,2020031201022446,TMDBL,6,57,63,198.00,"12,474.00"
2020-03-12,2020031201022324,UPPER,46,57,100,233.00,"23,300.00"
2020-03-12,2020031201022214,UPPER,51,33,20,234.00,"4,680.00"
2020-03-12,2020031201022401,UPPER,25,33,50,234.00,"11,700.00"
2020-03-12,2020031201022670,WOMI,32,21,180,"1,079.00","194,220.00"
2020-03-12,2020031201022669,WOMI,32,45,72,"1,079.00","77,688.00"
2020-03-12,2020031201022668,WOMI,32,17,15,"1,079.00","16,185.00"
2020-03-12,2020031201022551,WOMI,10,55,100,"1,065.00","106,500.00"
2020-03-12,2020031201022469,WOMI,6,35,150,"1,065.00","159,750.00"
2020-03-12,2020031201022427,WOMI,6,55,150,"1,065.00","159,750.00"
2020-03-12,2020031201022426,WOMI,55,55,50,"1,066.00","53,300.00"
2020-03-12,2020031201022379,WOMI,35,48,27,"1,070.00","28,890.00"
2020-03-12,2020031201022326,WOMI,35,45,10,"1,070.00","10,700.00"
2020-03-12,2020031201022023,ADBL,37,34,190,390.00,"74,100.00"
2020-03-12,2020031201022022,ADBL,35,34,10,390.00,"3,900.00"
2020-03-12,2020031201022021,ADBL,51,34,50,391.00,"19,550.00"
2020-03-12,2020031201022020,ADBL,42,34,200,391.00,"78,200.00"
2020-03-12,2020031201022019,ADBL,25,34,300,391.00,"117,300.00"
2020-03-12,2020031201022018,ADBL,56,34,300,392.00,"117,600.00"
2020-03-12,2020031201022017,ADBL,37,34,70,392.00,"27,440.00"
2020-03-12,2020031201022151,AHPC,45,41,50,98.00,"4,900.00"
2020-03-12,2020031201021741,AHPC,52,8,187,97.00,"18,139.00"
2020-03-12,2020031201021740,AHPC,39,8,500,97.00,"48,500.00"
2020-03-12,2020031201021739,AHPC,35,8,100,97.00,"9,700.00"
2020-03-12,2020031201021738,AHPC,56,8,113,97.00,"10,961.00"
2020-03-12,2020031201022080,ALICL,13,36,305,556.00,"169,580.00"
2020-03-12,2020031201022079,ALICL,54,36,50,556.00,"27,800.00"
2020-03-12,2020031201022078,ALICL,32,36,500,557.00,"278,500.00"
2020-03-12,2020031201022077,ALICL,11,36,50,558.00,"27,900.00"
2020-03-12,2020031201022076,ALICL,51,36,95,558.00,"53,010.00"
2020-03-12,2020031201021967,ALICL,32,38,100,557.00,"55,700.00"
2020-03-12,2020031201021751,ALICL,32,26,300,558.00,"167,400.00"
2020-03-12,2020031201021718,ALICL,52,8,50,556.00,"27,800.00"
2020-03-12,2020031201021717,ALICL,53,8,50,556.00,"27,800.00"
2020-03-12,2020031201022191,API,8,13,100,123.00,"12,300.00"
2020-03-12,2020031201022190,API,42,13,100,124.00,"12,400.00"
2020-03-12,2020031201022189,API,25,10,18,125.00,"2,250.00"
2020-03-12,2020031201022147,API,1,19,85,124.00,"10,540.00"
2020-03-12,2020031201022146,API,8,50,200,123.00,"24,600.00"
2020-03-12,2020031201022093,API,45,19,50,124.00,"6,200.00"
2020-03-12,2020031201021819,API,14,18,355,123.00,"43,665.00"
2020-03-12,2020031201021774,API,39,18,10,124.00,"1,240.00"
2020-03-12,2020031201021770,API,39,18,40,124.00,"4,960.00"
2020-03-12,2020031201021769,API,10,18,200,124.00,"24,800.00"
2020-03-12,2020031201021768,API,42,18,500,124.00,"62,000.00"
2020-03-12,2020031201021965,API,38,19,"1,000",124.00,"124,000.00"
2020-03-12,2020031201021964,API,39,19,290,124.00,"35,960.00"
2020-03-12,2020031201021903,API,39,57,10,124.00,"1,240.00"
2020-03-12,2020031201021891,API,39,57,200,124.00,"24,800.00"
2020-03-12,2020031201021852,API,59,57,10,123.00,"1,230.00"
2020-03-12,2020031201021820,API,59,18,276,123.00,"33,948.00"
2020-03-12,2020031201022049,API,8,18,36,123.00,"4,428.00"
2020-03-12,2020031201022048,API,38,18,250,123.00,"30,750.00"
2020-03-12,2020031201022047,API,59,18,714,123.00,"87,822.00"
2020-03-12,2020031201022046,API,37,19,200,124.00,"24,800.00"
2020-03-12,2020031201022027,API,11,19,100,124.00,"12,400.00"
2020-03-12,2020031201021993,API,59,19,100,124.00,"12,400.00"
2020-03-12,2020031201022118,BOKL,57,34,455,238.00,"108,290.00"
2020-03-12,2020031201022117,BOKL,57,34,470,238.00,"111,860.00"
2020-03-12,2020031201022116,BOKL,44,34,75,239.00,"17,925.00"
2020-03-12,2020031201021746,BPCL,46,46,101,346.00,"34,946.00"
2020-03-12,2020031201021745,BPCL,41,46,45,346.00,"15,570.00"
2020-03-12,2020031201022050,CBL,57,44,100,145.00,"14,500.00"
2020-03-12,2020031201021973,CBL,41,48,51,144.00,"7,344.00"
2020-03-12,2020031201021812,CCBL,13,18,513,181.00,"92,853.00"
2020-03-12,2020031201021753,CCBL,13,36,50,181.00,"9,050.00"
2020-03-12,2020031201021723,CCBL,13,22,97,181.00,"17,557.00"
2020-03-12,2020031201022166,CIT,8,49,86,"2,600.00","223,600.00"
2020-03-12,2020031201022165,CIT,38,49,10,"2,600.00","26,000.00"
2020-03-12,2020031201022164,CIT,38,49,15,"2,600.00","39,000.00"
2020-03-12,2020031201022163,CIT,58,49,60,"2,600.00","156,000.00"
2020-03-12,2020031201022162,CIT,14,49,30,"2,601.00","78,030.00"
2020-03-12,2020031201022111,CIT,58,28,40,"2,600.00","104,000.00"
2020-03-12,2020031201021800,CIT,55,51,30,"2,618.00","78,540.00"
2020-03-12,2020031201022072,CIT,55,28,11,"2,606.00","28,666.00"
2020-03-12,2020031201022071,CIT,21,28,10,"2,607.00","26,070.00"
2020-03-12,2020031201022057,CIT,21,28,90,"2,607.00","234,630.00"
2020-03-12,2020031201022056,CIT,3,28,10,"2,610.00","26,100.00"
2020-03-12,2020031201021946,CIT,52,49,50,"2,610.00","130,500.00"
2020-03-12,2020031201021945,CIT,52,49,50,"2,615.00","130,750.00"
2020-03-12,2020031201022110,CIT,32,28,20,"2,600.00","52,000.00"
2020-03-12,2020031201022109,CIT,3,28,10,"2,600.00","26,000.00"
2020-03-12,2020031201022108,CIT,22,28,20,"2,601.00","52,020.00"
2020-03-12,2020031201022107,CIT,19,28,10,"2,601.00","26,010.00"
2020-03-12,2020031201022074,CIT,19,28,50,"2,601.00","130,050.00"
2020-03-12,2020031201022073,CIT,21,28,20,"2,605.00","52,100.00"
2020-03-12,2020031201021773,CLBSL,13,50,312,"1,063.00","331,656.00"
2020-03-12,2020031201021772,CLBSL,16,50,69,"1,065.00","73,485.00"
2020-03-12,2020031201021771,CLBSL,22,50,100,"1,066.00","106,600.00"
2020-03-12,2020031201021876,CMF1,57,57,100,9.95,995.00
2020-03-12,2020031201022170,DDBL,39,26,50,845.00,"42,250.00"
2020-03-12,2020031201022150,EBL,29,16,10,709.00,"7,090.00"
2020-03-12,2020031201022149,EBL,26,16,100,709.00,"70,900.00"
2020-03-12,2020031201022148,EBL,5,16,50,709.00,"35,450.00"
2020-03-12,2020031201021979,EBL,22,44,21,710.00,"14,910.00"
2020-03-12,2020031201021978,EBL,40,44,10,710.00,"7,100.00"
2020-03-12,2020031201021801,EBL,41,52,200,712.00,"142,400.00"
2020-03-12,2020031201021977,EBL,32,44,175,710.00,"124,250.00"
2020-03-12,2020031201021958,EBL,49,44,10,711.00,"7,110.00"
2020-03-12,2020031201021957,EBL,11,44,10,712.00,"7,120.00"
2020-03-12,2020031201021902,EBL,8,52,100,713.00,"71,300.00"
2020-03-12,2020031201021832,EBL,11,14,40,712.00,"28,480.00"
2020-03-12,2020031201021943,EDBL,43,4,100,394.00,"39,400.00"
2020-03-12,2020031201021942,EDBL,39,4,500,394.00,"197,000.00"
2020-03-12,2020031201021941,EDBL,19,4,50,394.00,"19,700.00"
2020-03-12,2020031201021780,EDBL,39,57,335,395.00,"132,325.00"
2020-03-12,2020031201022106,EIC,38,21,150,396.00,"59,400.00"
2020-03-12,2020031201021843,EIC,39,21,50,402.00,"20,100.00"
2020-03-12,2020031201022092,FMDBL,4,48,50,500.00,"25,000.00"
2020-03-12,2020031201021882,FMDBL,39,48,50,500.00,"25,000.00"
2020-03-12,2020031201022136,GBBL,4,48,535,241.00,"128,935.00"
2020-03-12,2020031201022167,GBIME,13,38,350,273.00,"95,550.00"
2020-03-12,2020031201022144,GBIME,13,6,594,273.00,"162,162.00"
2020-03-12,2020031201022143,GBIME,36,6,41,273.00,"11,193.00"
2020-03-12,2020031201022142,GBIME,11,6,273,273.00,"74,529.00"
2020-03-12,2020031201022115,GBIME,11,28,27,273.00,"7,371.00"
2020-03-12,2020031201022114,GBIME,29,28,50,273.00,"13,650.00"
2020-03-12,2020031201021970,GBIME,57,21,323,273.00,"88,179.00"
2020-03-12,2020031201021961,GBIME,8,50,100,274.00,"27,400.00"
2020-03-12,2020031201021880,GBIME,1,50,100,274.00,"27,400.00"
2020-03-12,2020031201021821,GBIME,56,50,300,274.00,"82,200.00"
2020-03-12,2020031201021816,GBIME,57,16,459,273.00,"125,307.00"
2020-03-12,2020031201022113,GBIME,17,28,100,273.00,"27,300.00"
2020-03-12,2020031201022112,GBIME,28,28,823,273.00,"224,679.00"
2020-03-12,2020031201022060,GBIME,28,28,177,273.00,"48,321.00"
2020-03-12,2020031201022059,GBIME,28,28,823,273.00,"224,679.00"
2020-03-12,2020031201021972,GBIME,28,21,177,273.00,"48,321.00"
2020-03-12,2020031201021971,GBIME,49,21,500,273.00,"136,500.00"
2020-03-12,2020031201021815,GBLBS,8,22,162,489.00,"79,218.00"
2020-03-12,2020031201021814,GBLBS,26,22,860,490.00,"421,400.00"
2020-03-12,2020031201021744,GBLBS,26,34,375,490.00,"183,750.00"
2020-03-12,2020031201021743,GBLBS,1,34,115,492.00,"56,580.00"
2020-03-12,2020031201021732,GBLBS,1,5,15,492.00,"7,380.00"
2020-03-12,2020031201021719,GBLBS,19,5,15,492.00,"7,380.00"
2020-03-12,2020031201022161,GLICL,35,51,50,460.00,"23,000.00"
2020-03-12,2020031201022160,GLICL,21,51,49,460.00,"22,540.00"
2020-03-12,2020031201022179,HDL,58,14,50,"1,520.00","76,000.00"
2020-03-12,2020031201022032,HDL,49,32,130,"1,519.00","197,470.00"
2020-03-12,2020031201022031,HDL,47,32,100,"1,519.00","151,900.00"
2020-03-12,2020031201022030,HDL,47,32,100,"1,519.00","151,900.00"
2020-03-12,2020031201022024,HDL,51,14,10,"1,520.00","15,200.00"
2020-03-12,2020031201021929,HDL,45,35,100,"1,525.00","152,500.00"
2020-03-12,2020031201021842,HDL,56,35,50,"1,520.00","76,000.00"
2020-03-12,2020031201021721,HDL,48,58,25,"1,520.00","38,000.00"
2020-03-12,2020031201021838,HGI,19,35,197,393.00,"77,421.00"
2020-03-12,2020031201021854,HIDCL,56,8,30,136.00,"4,080.00"
2020-03-12,2020031201021853,HIDCL,11,8,370,136.00,"50,320.00"
2020-03-12,2020031201021748,JFL,56,16,240,173.00,"41,520.00"
2020-03-12,2020031201021988,KBL,39,41,"1,110",200.00,"222,000.00"
2020-03-12,2020031201021940,KBL,58,22,510,201.00,"102,510.00"
2020-03-12,2020031201021877,KBL,58,8,334,201.00,"67,134.00"
2020-03-12,2020031201021867,KBL,20,8,94,201.00,"18,894.00"
2020-03-12,2020031201021866,KBL,20,1,500,201.00,"100,500.00"
2020-03-12,2020031201021749,KBL,39,8,500,200.00,"100,000.00"
2020-03-12,2020031201021733,KBL,19,8,100,201.00,"20,100.00"
2020-03-12,2020031201022070,KMCDB,38,41,100,879.00,"87,900.00"
2020-03-12,2020031201022105,KPCL,56,57,10,105.00,"1,050.00"
2020-03-12,2020031201022069,KPCL,56,57,10,105.00,"1,050.00"
2020-03-12,2020031201022068,KPCL,56,20,10,105.00,"1,050.00"
2020-03-12,2020031201022067,KPCL,56,57,10,105.00,"1,050.00"
2020-03-12,2020031201022066,KPCL,56,57,10,105.00,"1,050.00"
2020-03-12,2020031201022065,KPCL,56,1,10,105.00,"1,050.00"
2020-03-12,2020031201022064,KPCL,56,1,10,105.00,"1,050.00"
2020-03-12,2020031201022063,KPCL,56,1,10,105.00,"1,050.00"
2020-03-12,2020031201022062,KPCL,56,8,10,105.00,"1,050.00"
2020-03-12,2020031201022061,KPCL,56,1,10,105.00,"1,050.00"
2020-03-12,2020031201022028,KPCL,38,5,10,103.00,"1,030.00"
2020-03-12,2020031201021994,KPCL,38,5,10,103.00,"1,030.00"
2020-03-12,2020031201021955,LBBL,33,38,500,189.00,"94,500.00"
2020-03-12,2020031201022089,LGIL,16,35,500,460.00,"230,000.00"
2020-03-12,2020031201022088,LGIL,43,35,59,460.00,"27,140.00"
2020-03-12,2020031201022156,LICN,26,28,100,"1,380.00","138,000.00"
2020-03-12,2020031201022155,LICN,40,28,100,"1,381.00","138,100.00"
2020-03-12,2020031201022154,LICN,38,28,100,"1,381.00","138,100.00"
2020-03-12,2020031201022153,LICN,45,28,200,"1,385.00","277,000.00"
2020-03-12,2020031201022126,LICN,25,50,10,"1,400.00","14,000.00"
2020-03-12,2020031201022055,LVF1,49,47,500,9.66,"4,830.00"
2020-03-12,2020031201022184,MBL,42,48,147,230.00,"33,810.00"
2020-03-12,2020031201022183,MBL,51,48,200,230.00,"46,000.00"
2020-03-12,2020031201022182,MBL,28,48,100,230.00,"23,000.00"
2020-03-12,2020031201022181,MBL,44,48,353,230.00,"81,190.00"
2020-03-12,2020031201022052,MBL,45,34,"1,000",231.00,"231,000.00"
2020-03-12,2020031201022011,MBL,22,34,"1,000",231.00,"231,000.00"
2020-03-12,2020031201021806,MBL,43,34,50,231.00,"11,550.00"
2020-03-12,2020031201021805,MBL,57,34,100,231.00,"23,100.00"
2020-03-12,2020031201021804,MBL,33,34,"1,000",231.00,"231,000.00"
2020-03-12,2020031201021803,MBL,33,34,127,231.00,"29,337.00"
2020-03-12,2020031201021742,MBL,6,34,"3,000",232.00,"696,000.00"
2020-03-12,2020031201021830,MBL,50,34,100,231.00,"23,100.00"
2020-03-12,2020031201021829,MBL,48,34,40,231.00,"9,240.00"
2020-03-12,2020031201021810,MBL,21,34,400,231.00,"92,400.00"
2020-03-12,2020031201021809,MBL,21,34,500,231.00,"115,500.00"
2020-03-12,2020031201021808,MBL,11,34,300,231.00,"69,300.00"
2020-03-12,2020031201021807,MBL,57,34,"1,000",231.00,"231,000.00"
2020-03-12,2020031201021987,MDB,55,38,116,350.00,"40,600.00"
2020-03-12,2020031201021986,MDB,26,38,50,350.00,"17,500.00"
2020-03-12,2020031201021985,MDB,11,38,84,350.00,"29,400.00"
2020-03-12,2020031201021997,MEGA,1,22,500,222.00,"111,000.00"
2020-03-12,2020031201021982,MEGA,8,22,100,222.00,"22,200.00"
2020-03-12,2020031201021960,MERO,17,21,38,645.00,"24,510.00"
2020-03-12,2020031201021959,MERO,56,21,16,645.00,"10,320.00"
2020-03-12,2020031201022145,MFIL,22,38,30,287.00,"8,610.00"
2020-03-12,2020031201021995,MLBBL,45,58,10,741.00,"7,410.00"
2020-03-12,2020031201021879,MLBBL,45,35,10,734.00,"7,340.00"
2020-03-12,2020031201021878,MLBBL,45,1,100,733.00,"73,300.00"
2020-03-12,2020031201022177,NABIL,46,35,300,791.00,"237,300.00"
2020-03-12,2020031201022176,NABIL,17,35,200,791.00,"158,200.00"
2020-03-12,2020031201022175,NABIL,26,35,200,791.00,"158,200.00"
2020-03-12,2020031201022174,NABIL,50,35,100,791.00,"79,100.00"
2020-03-12,2020031201022173,NABIL,19,35,100,791.00,"79,100.00"
2020-03-12,2020031201022172,NABIL,49,35,52,791.00,"41,132.00"
2020-03-12,2020031201021711,NABIL,55,38,50,795.00,"39,750.00"
2020-03-12,2020031201021756,NABIL,29,58,25,795.00,"19,875.00"
2020-03-12,2020031201021755,NABIL,17,58,48,795.00,"38,160.00"
2020-03-12,2020031201021715,NABIL,17,14,52,795.00,"41,340.00"
2020-03-12,2020031201021714,NABIL,45,14,60,795.00,"47,700.00"
2020-03-12,2020031201021713,NABIL,45,38,40,795.00,"31,800.00"
2020-03-12,2020031201021712,NABIL,26,38,60,795.00,"47,700.00"
2020-03-12,2020031201022084,NABIL,35,6,100,793.00,"79,300.00"
2020-03-12,2020031201022083,NABIL,34,6,100,793.00,"79,300.00"
2020-03-12,2020031201022039,NABIL,13,6,50,794.00,"39,700.00"
2020-03-12,2020031201022038,NABIL,26,6,54,794.00,"42,876.00"
2020-03-12,2020031201021795,NABIL,26,39,946,794.00,"751,124.00"
2020-03-12,2020031201021757,NABIL,29,58,25,795.00,"19,875.00"
2020-03-12,2020031201022129,NABIL,26,33,52,792.00,"41,184.00"
2020-03-12,2020031201022128,NABIL,53,33,50,792.00,"39,600.00"
2020-03-12,2020031201022127,NABIL,39,33,80,792.00,"63,360.00"
2020-03-12,2020031201022087,NABIL,50,6,100,793.00,"79,300.00"
2020-03-12,2020031201022086,NABIL,42,6,50,793.00,"39,650.00"
2020-03-12,2020031201022085,NABIL,32,6,200,793.00,"158,600.00"
2020-03-12,2020031201022135,NABIL,49,33,48,791.00,"37,968.00"
2020-03-12,2020031201022134,NABIL,17,33,600,791.00,"474,600.00"
2020-03-12,2020031201022133,NABIL,10,33,500,791.00,"395,500.00"
2020-03-12,2020031201022132,NABIL,57,33,50,792.00,"39,600.00"
2020-03-12,2020031201022131,NABIL,57,33,100,792.00,"79,200.00"
2020-03-12,2020031201022130,NABIL,11,33,20,792.00,"15,840.00"
2020-03-12,2020031201022029,NADEP,57,37,113,640.00,"72,320.00"
2020-03-12,2020031201021722,NADEP,35,22,25,638.00,"15,950.00"
2020-03-12,2020031201022169,NBB,29,34,50,214.00,"10,700.00"
2020-03-12,2020031201021813,NBB,6,36,50,213.00,"10,650.00"
2020-03-12,2020031201022194,NBL,56,5,30,274.00,"8,220.00"
2020-03-12,2020031201022193,NBL,16,5,"2,000",274.00,"548,000.00"
2020-03-12,2020031201022192,NBL,16,16,"1,000",274.00,"274,000.00"
2020-03-12,2020031201022168,NBL,48,25,300,273.00,"81,900.00"
2020-03-12,2020031201022053,NBL,43,16,500,274.00,"137,000.00"
2020-03-12,2020031201022016,NBL,48,28,285,273.00,"77,805.00"
2020-03-12,2020031201021863,NBL,13,16,300,274.00,"82,200.00"
2020-03-12,2020031201021862,NBL,1,16,100,274.00,"27,400.00"
2020-03-12,2020031201022015,NBL,1,28,250,273.00,"68,250.00"
2020-03-12,2020031201022014,NBL,59,28,50,273.00,"13,650.00"
2020-03-12,2020031201022013,NBL,19,28,300,273.00,"81,900.00"
2020-03-12,2020031201022012,NBL,47,28,115,273.00,"31,395.00"
2020-03-12,2020031201021990,NBL,26,16,100,274.00,"27,400.00"
2020-03-12,2020031201021864,NBL,42,16,500,274.00,"137,000.00"
2020-03-12,2020031201022204,NCCB,39,33,50,192.00,"9,600.00"
2020-03-12,2020031201022188,NCCB,34,1,355,191.00,"67,805.00"
2020-03-12,2020031201022042,NCCB,56,33,10,192.00,"1,920.00"
2020-03-12,2020031201021710,NCCB,51,4,250,190.00,"47,500.00"
2020-03-12,2020031201021709,NCCB,51,4,500,191.00,"95,500.00"
2020-03-12,2020031201021708,NCCB,6,4,200,191.00,"38,200.00"
2020-03-12,2020031201021779,NEF,25,26,200,8.36,"1,672.00"
2020-03-12,2020031201022125,NIB,49,1,12,401.00,"4,812.00"
2020-03-12,2020031201022124,NIB,56,1,32,401.00,"12,832.00"
2020-03-12,2020031201022051,NIB,56,34,168,401.00,"67,368.00"
2020-03-12,2020031201021944,NIB,8,34,100,401.00,"40,100.00"
2020-03-12,2020031201021766,NIB,58,38,941,400.00,"376,400.00"
2020-03-12,2020031201021759,NIB,6,38,409,400.00,"163,600.00"
2020-03-12,2020031201021747,NIB,6,4,200,400.00,"80,000.00"
2020-03-12,2020031201021765,NIB,43,38,200,400.00,"80,000.00"
2020-03-12,2020031201021764,NIB,6,38,300,400.00,"120,000.00"
2020-03-12,2020031201021763,NIB,10,38,100,400.00,"40,000.00"
2020-03-12,2020031201021762,NIB,58,38,100,400.00,"40,000.00"
2020-03-12,2020031201021761,NIB,49,38,500,400.00,"200,000.00"
2020-03-12,2020031201021760,NIB,28,38,200,400.00,"80,000.00"
2020-03-12,2020031201022205,NICA,59,59,979,547.00,"535,513.00"
2020-03-12,2020031201022202,NICA,35,51,50,548.00,"27,400.00"
2020-03-12,2020031201022037,NICA,41,51,200,548.00,"109,600.00"
2020-03-12,2020031201022036,NICA,48,51,20,548.00,"10,960.00"
2020-03-12,2020031201021881,NICA,48,38,180,548.00,"98,640.00"
2020-03-12,2020031201021865,NICA,45,38,20,548.00,"10,960.00"
2020-03-12,2020031201021818,NICA,59,4,21,547.00,"11,487.00"
2020-03-12,2020031201021817,NICA,29,4,229,547.00,"125,263.00"
2020-03-12,2020031201021963,NICAD8283,14,47,15,980.00,"14,700.00"
2020-03-12,2020031201021962,NICAD8283,47,47,10,990.00,"9,900.00"
2020-03-12,2020031201022171,NICL,4,58,100,435.00,"43,500.00"
2020-03-12,2020031201021984,NICL,43,33,10,439.00,"4,390.00"
2020-03-12,2020031201021730,NICL,29,21,80,431.00,"34,480.00"
2020-03-12,2020031201021729,NICL,53,21,100,431.00,"43,100.00"
2020-03-12,2020031201021728,NICL,7,21,500,431.00,"215,500.00"
2020-03-12,2020031201021727,NICL,22,21,20,431.00,"8,620.00"
2020-03-12,2020031201021726,NICL,19,21,300,432.00,"129,600.00"
2020-03-12,2020031201022120,NIL,32,57,500,555.00,"277,500.00"
2020-03-12,2020031201022119,NIL,32,7,500,554.00,"277,000.00"
2020-03-12,2020031201022044,NIL,39,57,50,555.00,"27,750.00"
2020-03-12,2020031201021840,NIL,48,36,50,550.00,"27,500.00"
2020-03-12,2020031201021825,NIL,48,17,112,550.00,"61,600.00"
2020-03-12,2020031201021824,NIL,5,17,100,550.00,"55,000.00"
2020-03-12,2020031201021823,NIL,54,17,38,550.00,"20,900.00"
2020-03-12,2020031201021822,NIL,41,17,50,551.00,"27,550.00"
2020-03-12,2020031201021983,NLG,25,45,10,630.00,"6,300.00"
2020-03-12,2020031201021860,NLG,25,6,30,622.00,"18,660.00"
2020-03-12,2020031201022054,NLIC,10,4,30,"1,184.00","35,520.00"
2020-03-12,2020031201021889,NLIC,41,38,40,"1,181.00","47,240.00"
2020-03-12,2020031201021888,NLIC,32,38,20,"1,181.00","23,620.00"
2020-03-12,2020031201021887,NLIC,45,38,40,"1,181.00","47,240.00"
2020-03-12,2020031201021873,NLIC,45,52,155,"1,181.00","183,055.00"
2020-03-12,2020031201021872,NLIC,45,52,100,"1,182.00","118,200.00"
2020-03-12,2020031201021835,NLIC,45,34,100,"1,186.00","118,600.00"
2020-03-12,2020031201021834,NLIC,41,34,175,"1,186.00","207,550.00"
2020-03-12,2020031201021775,NLIC,58,6,30,"1,188.00","35,640.00"
2020-03-12,2020031201021707,NLIC,41,57,25,"1,186.00","29,650.00"
2020-03-12,2020031201021871,NLIC,19,52,100,"1,182.00","118,200.00"
2020-03-12,2020031201021870,NLIC,51,52,20,"1,183.00","23,660.00"
2020-03-12,2020031201021869,NLIC,53,52,100,"1,183.00","118,300.00"
2020-03-12,2020031201021868,NLIC,14,52,125,"1,184.00","148,000.00"
2020-03-12,2020031201021837,NLIC,48,34,20,"1,185.00","23,700.00"
2020-03-12,2020031201021836,NLIC,45,34,100,"1,185.00","118,500.00"
2020-03-12,2020031201022075,NLICL,14,1,441,665.00,"293,265.00"
2020-03-12,2020031201021758,NLICL,29,57,72,661.00,"47,592.00"
2020-03-12,2020031201021992,NMB,52,54,83,436.00,"36,188.00"
2020-03-12,2020031201021991,NMB,52,28,317,436.00,"138,212.00"
2020-03-12,2020031201021969,NMB,48,28,83,436.00,"36,188.00"
2020-03-12,2020031201021968,NMB,48,38,17,435.00,"7,395.00"
2020-03-12,2020031201021841,NMB,51,38,50,435.00,"21,750.00"
2020-03-12,2020031201021831,NMB,49,38,133,435.00,"57,855.00"
2020-03-12,2020031201021826,NMB,49,21,122,435.00,"53,070.00"
2020-03-12,2020031201021797,NMB,49,6,100,435.00,"43,500.00"
2020-03-12,2020031201021752,NMB,49,57,500,435.00,"217,500.00"
2020-03-12,2020031201021737,NMB,45,28,100,436.00,"43,600.00"
2020-03-12,2020031201021731,NMB,41,28,500,436.00,"218,000.00"
2020-03-12,2020031201021981,OHL,14,58,280,400.00,"112,000.00"
2020-03-12,2020031201022157,PCBL,57,36,240,290.00,"69,600.00"
2020-03-12,2020031201022122,PCBL,57,14,180,290.00,"52,200.00"
2020-03-12,2020031201022121,PCBL,57,14,340,290.00,"98,600.00"
2020-03-12,2020031201021767,PCBL,59,40,50,292.00,"14,600.00"
2020-03-12,2020031201022010,PIC,39,45,25,563.00,"14,075.00"
2020-03-12,2020031201022009,PIC,48,45,"1,000",564.00,"564,000.00"
2020-03-12,2020031201022008,PIC,49,45,21,564.00,"11,844.00"
2020-03-12,2020031201022007,PIC,38,45,100,565.00,"56,500.00"
2020-03-12,2020031201022006,PIC,11,45,200,565.00,"113,000.00"
2020-03-12,2020031201022005,PIC,48,45,25,565.00,"14,125.00"
2020-03-12,2020031201021998,PIC,57,45,129,569.00,"73,401.00"
2020-03-12,2020031201022004,PIC,28,45,500,565.00,"282,500.00"
2020-03-12,2020031201022003,PIC,11,45,100,565.00,"56,500.00"
2020-03-12,2020031201022002,PIC,6,45,250,568.00,"142,000.00"
2020-03-12,2020031201022001,PIC,45,45,50,568.00,"28,400.00"
2020-03-12,2020031201022000,PIC,51,45,200,569.00,"113,800.00"
2020-03-12,2020031201021999,PIC,19,45,100,569.00,"56,900.00"
2020-03-12,2020031201022180,PLIC,49,57,10,588.00,"5,880.00"
2020-03-12,2020031201022058,PLIC,34,29,50,588.00,"29,400.00"
2020-03-12,2020031201021802,PLIC,10,45,300,580.00,"174,000.00"
2020-03-12,2020031201021793,PLIC,16,45,30,572.00,"17,160.00"
2020-03-12,2020031201021792,PLIC,43,45,300,573.00,"171,900.00"
2020-03-12,2020031201021791,PLIC,59,45,100,574.00,"57,400.00"
2020-03-12,2020031201021784,PLIC,44,45,200,575.00,"115,000.00"
2020-03-12,2020031201021783,PLIC,53,45,500,576.00,"288,000.00"
2020-03-12,2020031201021782,PLIC,37,45,100,576.00,"57,600.00"
2020-03-12,2020031201021781,PLIC,1,45,150,576.00,"86,400.00"
2020-03-12,2020031201021790,PLIC,49,45,500,574.00,"287,000.00"
2020-03-12,2020031201021789,PLIC,11,45,50,575.00,"28,750.00"
2020-03-12,2020031201021788,PLIC,44,45,200,575.00,"115,000.00"
2020-03-12,2020031201021787,PLIC,50,45,20,575.00,"11,500.00"
2020-03-12,2020031201021786,PLIC,38,45,50,575.00,"28,750.00"
2020-03-12,2020031201021785,PLIC,34,45,500,575.00,"287,500.00"
2020-03-12,2020031201021966,PROFL,45,4,40,107.00,"4,280.00"
2020-03-12,2020031201022103,PRVU,34,45,48,243.00,"11,664.00"
2020-03-12,2020031201022102,PRVU,45,45,18,243.00,"4,374.00"
2020-03-12,2020031201022101,PRVU,52,45,200,244.00,"48,800.00"
2020-03-12,2020031201022100,PRVU,33,45,100,244.00,"24,400.00"
2020-03-12,2020031201022099,PRVU,54,45,150,244.00,"36,600.00"
2020-03-12,2020031201022098,PRVU,49,45,20,244.00,"4,880.00"
2020-03-12,2020031201021956,PRVU,52,52,34,245.00,"8,330.00"
2020-03-12,2020031201021904,PRVU,13,37,416,244.00,"101,504.00"
2020-03-12,2020031201021851,PRVU,4,52,"1,105",245.00,"270,725.00"
2020-03-12,2020031201021850,PRVU,4,10,34,245.00,"8,330.00"
2020-03-12,2020031201022097,PRVU,38,45,100,244.00,"24,400.00"
2020-03-12,2020031201022096,PRVU,42,45,500,244.00,"122,000.00"
2020-03-12,2020031201022095,PRVU,14,45,300,244.00,"73,200.00"
2020-03-12,2020031201022094,PRVU,13,45,144,244.00,"35,136.00"
2020-03-12,2020031201022025,PRVU,13,4,280,244.00,"68,320.00"
2020-03-12,2020031201022185,RADHI,51,4,11,171.00,"1,881.00"
2020-03-12,2020031201022045,RADHI,51,57,11,171.00,"1,881.00"
2020-03-12,2020031201021706,RADHI,51,25,12,174.00,"2,088.00"
2020-03-12,2020031201022195,RHPL,42,58,30,157.00,"4,710.00"
2020-03-12,2020031201021939,RHPL,42,32,10,157.00,"1,570.00"
2020-03-12,2020031201021938,RHPL,42,58,30,157.00,"4,710.00"
2020-03-12,2020031201021937,RHPL,42,26,40,157.00,"6,280.00"
2020-03-12,2020031201021936,RHPL,42,26,40,157.00,"6,280.00"
2020-03-12,2020031201021935,RHPL,42,58,30,157.00,"4,710.00"
2020-03-12,2020031201021827,RHPL,35,58,40,154.00,"6,160.00"
2020-03-12,2020031201021934,RHPL,42,58,30,157.00,"4,710.00"
2020-03-12,2020031201021933,RHPL,42,55,40,155.00,"6,200.00"
2020-03-12,2020031201021932,RHPL,42,57,20,155.00,"3,100.00"
2020-03-12,2020031201021931,RHPL,42,55,40,155.00,"6,200.00"
2020-03-12,2020031201021930,RHPL,42,22,"5,460",155.00,"846,300.00"
2020-03-12,2020031201021890,RHPL,35,57,40,154.00,"6,160.00"
2020-03-12,2020031201021794,SABSL,55,55,11,786.00,"8,646.00"
2020-03-12,2020031201021720,SADBL,21,4,100,162.00,"16,200.00"
2020-03-12,2020031201021996,SAND2085,11,43,25,935.00,"23,375.00"
2020-03-12,2020031201022091,SANIMA,13,41,463,351.00,"162,513.00"
2020-03-12,2020031201021980,SANIMA,56,10,104,350.00,"36,400.00"
2020-03-12,2020031201021950,SANIMA,47,16,96,349.00,"33,504.00"
2020-03-12,2020031201021949,SANIMA,1,16,100,349.00,"34,900.00"
2020-03-12,2020031201021777,SANIMA,25,10,100,350.00,"35,000.00"
2020-03-12,2020031201021776,SANIMA,45,10,57,350.00,"19,950.00"
2020-03-12,2020031201021750,SANIMA,45,4,100,350.00,"35,000.00"
2020-03-12,2020031201021716,SAPDBL,1,21,381,134.00,"51,054.00"
2020-03-12,2020031201021954,SBI,42,6,300,442.00,"132,600.00"
2020-03-12,2020031201021953,SBI,26,6,50,442.00,"22,100.00"
2020-03-12,2020031201021952,SBI,32,6,400,442.00,"176,800.00"
2020-03-12,2020031201021928,SBL,50,22,50,315.00,"15,750.00"
2020-03-12,2020031201021927,SBL,50,59,150,315.00,"47,250.00"
2020-03-12,2020031201021875,SBL,8,36,100,312.00,"31,200.00"
2020-03-12,2020031201022201,SCB,22,38,140,667.00,"93,380.00"
2020-03-12,2020031201021833,SCB,22,10,20,667.00,"13,340.00"
2020-03-12,2020031201021883,SDESI,16,10,50,893.00,"44,650.00"
2020-03-12,2020031201022041,SHINE,35,48,100,293.00,"29,300.00"
2020-03-12,2020031201021948,SHINE,50,41,500,294.00,"147,000.00"
2020-03-12,2020031201022159,SHIVM,10,37,150,570.00,"85,500.00"
2020-03-12,2020031201022158,SHIVM,48,37,100,571.00,"57,100.00"
2020-03-12,2020031201022123,SHIVM,19,35,500,575.00,"287,500.00"
2020-03-12,2020031201022082,SHIVM,45,37,100,574.00,"57,400.00"
2020-03-12,2020031201022033,SHIVM,45,38,100,569.00,"56,900.00"
2020-03-12,2020031201021926,SHIVM,52,35,400,569.00,"227,600.00"
2020-03-12,2020031201021844,SHIVM,39,25,205,578.00,"118,490.00"
2020-03-12,2020031201021796,SHIVM,4,37,100,573.00,"57,300.00"
2020-03-12,2020031201021724,SHIVM,10,37,100,577.00,"57,700.00"
2020-03-12,2020031201021913,SHIVM,39,35,100,570.00,"57,000.00"
2020-03-12,2020031201021912,SHIVM,4,35,200,570.00,"114,000.00"
2020-03-12,2020031201021911,SHIVM,51,35,20,571.00,"11,420.00"
2020-03-12,2020031201021910,SHIVM,21,35,290,571.00,"165,590.00"
2020-03-12,2020031201021909,SHIVM,35,35,50,572.00,"28,600.00"
2020-03-12,2020031201021908,SHIVM,41,35,500,573.00,"286,500.00"
2020-03-12,2020031201021919,SHIVM,14,35,100,570.00,"57,000.00"
2020-03-12,2020031201021918,SHIVM,51,35,20,570.00,"11,400.00"
2020-03-12,2020031201021917,SHIVM,35,35,50,570.00,"28,500.00"
2020-03-12,2020031201021916,SHIVM,42,35,50,570.00,"28,500.00"
2020-03-12,2020031201021915,SHIVM,32,35,100,570.00,"57,000.00"
2020-03-12,2020031201021914,SHIVM,51,35,100,570.00,"57,000.00"
2020-03-12,2020031201021925,SHIVM,33,35,100,569.00,"56,900.00"
2020-03-12,2020031201021924,SHIVM,26,35,100,569.00,"56,900.00"
2020-03-12,2020031201021923,SHIVM,14,35,500,569.00,"284,500.00"
2020-03-12,2020031201021922,SHIVM,48,35,400,569.00,"227,600.00"
2020-03-12,2020031201021921,SHIVM,25,35,50,569.00,"28,450.00"
2020-03-12,2020031201021920,SHIVM,37,35,300,570.00,"171,000.00"
2020-03-12,2020031201021885,SHL,45,55,100,168.00,"16,800.00"
2020-03-12,2020031201021884,SHL,25,55,100,168.00,"16,800.00"
2020-03-12,2020031201021811,SHL,51,4,100,169.00,"16,900.00"
2020-03-12,2020031201022178,SHPC,6,10,50,212.00,"10,600.00"
2020-03-12,2020031201022104,SHPC,53,10,50,213.00,"10,650.00"
2020-03-12,2020031201021976,SHPC,11,10,100,213.00,"21,300.00"
2020-03-12,2020031201021975,SHPC,40,10,20,213.00,"4,260.00"
2020-03-12,2020031201021974,SHPC,22,10,80,213.00,"17,040.00"
2020-03-12,2020031201022187,SIC,53,48,150,680.00,"102,000.00"
2020-03-12,2020031201022035,SIL,25,6,10,542.00,"5,420.00"
2020-03-12,2020031201022034,SIL,25,4,270,532.00,"143,640.00"
2020-03-12,2020031201021828,SIL,57,4,120,532.00,"63,840.00"
2020-03-12,2020031201021799,SIL,57,38,80,532.00,"42,560.00"
2020-03-12,2020031201021798,SIL,44,38,200,532.00,"106,400.00"
2020-03-12,2020031201021901,SINDU,58,37,30,128.00,"3,840.00"
2020-03-12,2020031201021900,SINDU,28,37,500,128.00,"64,000.00"
2020-03-12,2020031201021899,SINDU,52,37,50,128.00,"6,400.00"
2020-03-12,2020031201021898,SINDU,21,37,200,128.00,"25,600.00"
2020-03-12,2020031201021897,SINDU,34,37,500,128.00,"64,000.00"
2020-03-12,2020031201021896,SINDU,57,37,100,128.00,"12,800.00"
2020-03-12,2020031201021857,SINDU,21,40,600,131.00,"78,600.00"
2020-03-12,2020031201021895,SINDU,45,37,708,128.00,"90,624.00"
2020-03-12,2020031201021894,SINDU,51,37,130,129.00,"16,770.00"
2020-03-12,2020031201021893,SINDU,51,37,"1,000",130.00,"130,000.00"
2020-03-12,2020031201021892,SINDU,1,37,56,130.00,"7,280.00"
2020-03-12,2020031201021859,SINDU,1,40,444,130.00,"57,720.00"
2020-03-12,2020031201021858,SINDU,41,40,500,130.00,"65,000.00"
2020-03-12,2020031201022200,SJCL,14,6,420,149.00,"62,580.00"
2020-03-12,2020031201022199,SJCL,14,57,20,149.00,"2,980.00"
2020-03-12,2020031201022198,SJCL,14,58,20,149.00,"2,980.00"
2020-03-12,2020031201022197,SJCL,14,57,20,149.00,"2,980.00"
2020-03-12,2020031201022196,SJCL,14,58,20,149.00,"2,980.00"
2020-03-12,2020031201022040,SJCL,10,58,20,148.00,"2,960.00"
2020-03-12,2020031201021907,SJCL,10,55,20,148.00,"2,960.00"
2020-03-12,2020031201022026,SKBBL,32,10,31,"1,091.00","33,821.00"
2020-03-12,2020031201021735,SLBSL,38,34,10,858.00,"8,580.00"
2020-03-12,2020031201021734,SLBSL,38,52,10,855.00,"8,550.00"
2020-03-12,2020031201021736,SLBSL,38,41,10,870.00,"8,700.00"
2020-03-12,2020031201022203,SLICL,57,34,200,444.00,"88,800.00"
2020-03-12,2020031201021906,SLICL,45,36,40,441.00,"17,640.00"
2020-03-12,2020031201021905,SLICL,50,36,10,442.00,"4,420.00"
2020-03-12,2020031201021849,SLICL,45,4,125,441.00,"55,125.00"
2020-03-12,2020031201021848,SMATA,34,7,145,706.00,"102,370.00"
2020-03-12,2020031201021847,SMATA,46,7,100,707.00,"70,700.00"
2020-03-12,2020031201021846,SMATA,21,7,100,707.00,"70,700.00"
2020-03-12,2020031201021845,SMATA,57,7,20,707.00,"14,140.00"
2020-03-12,2020031201021839,SMATA,34,34,500,708.00,"354,000.00"
2020-03-12,2020031201021754,SMFBS,25,34,100,990.00,"99,000.00"
2020-03-12,2020031201021951,SRBL,17,56,696,255.00,"177,480.00"
2020-03-12,2020031201021947,SRBL,17,52,875,255.00,"223,125.00"
2020-03-12,2020031201021874,SRBL,17,55,105,255.00,"26,775.00"
2020-03-12,2020031201021856,SRBL,17,50,824,255.00,"210,120.00"
2020-03-12,2020031201021855,SRBL,42,50,50,255.00,"12,750.00"
2020-03-12,2020031201022186,TRH,3,3,730,252.00,"183,960.00"
2020-03-12,2020031201021861,UIC,39,52,80,370.00,"29,600.00"
2020-03-12,2020031201021778,UIC,39,42,20,370.00,"7,400.00"
2020-03-12,2020031201022081,UPCL,37,10,50,75.00,"3,750.00"
2020-03-12,2020031201021886,UPCL,37,34,500,75.00,"37,500.00"
2020-03-12,2020031201022152,WOMI,11,48,20,"1,069.00","21,380.00"
2020-03-12,2020031201022141,WOMI,45,11,30,"1,064.00","31,920.00"
2020-03-12,2020031201022140,WOMI,1,11,20,"1,065.00","21,300.00"
2020-03-12,2020031201022139,WOMI,11,11,20,"1,065.00","21,300.00"
2020-03-12,2020031201022138,WOMI,21,11,10,"1,065.00","10,650.00"
2020-03-12,2020031201022137,WOMI,21,11,20,"1,066.00","21,320.00"
2020-03-12,2020031201022090,WOMI,35,45,43,"1,070.00","46,010.00"
2020-03-12,2020031201022043,WOMI,42,45,25,"1,070.00","26,750.00"
2020-03-12,2020031201021989,WOMI,26,45,100,"1,070.00","107,000.00"
2020-03-12,2020031201021725,WOMI,45,47,91,"1,065.00","96,915.00"
2020-03-12,2020031201021698,ADBL,37,6,30,392.00,"11,760.00"
2020-03-12,2020031201021593,AKPL,25,26,10,120.00,"1,200.00"
2020-03-12,2020031201021665,ALICL,26,26,50,558.00,"27,900.00"
2020-03-12,2020031201021427,ALICL,57,21,200,557.00,"111,400.00"
2020-03-12,2020031201021349,API,14,32,145,123.00,"17,835.00"
2020-03-12,2020031201021348,API,11,32,800,123.00,"98,400.00"
2020-03-12,2020031201021347,API,41,32,"1,000",123.00,"123,000.00"
2020-03-12,2020031201021346,API,14,32,100,123.00,"12,300.00"
2020-03-12,2020031201021345,API,48,32,500,123.00,"61,500.00"
2020-03-12,2020031201021344,API,41,32,500,124.00,"62,000.00"
2020-03-12,2020031201021247,API,56,57,190,124.00,"23,560.00"
2020-03-12,2020031201021246,API,58,57,386,124.00,"47,864.00"
2020-03-12,2020031201021245,API,47,57,424,125.00,"53,000.00"
2020-03-12,2020031201021212,API,47,21,76,125.00,"9,500.00"
2020-03-12,2020031201021207,API,58,56,11,124.00,"1,364.00"
2020-03-12,2020031201021343,API,32,32,200,124.00,"24,800.00"
2020-03-12,2020031201021342,API,35,32,272,124.00,"33,728.00"
2020-03-12,2020031201021276,API,35,47,538,124.00,"66,712.00"
2020-03-12,2020031201021260,API,35,47,190,124.00,"23,560.00"
2020-03-12,2020031201021259,API,34,47,"1,000",124.00,"124,000.00"
2020-03-12,2020031201021258,API,56,47,810,124.00,"100,440.00"
2020-03-12,2020031201021668,BOKL,13,34,"1,000",239.00,"239,000.00"
2020-03-12,2020031201021251,BOKL,39,6,400,239.00,"95,600.00"
2020-03-12,2020031201021215,BOKL,25,6,50,240.00,"12,000.00"
2020-03-12,2020031201021661,BPCL,41,43,55,346.00,"19,030.00"
2020-03-12,2020031201021262,BPCL,41,21,400,346.00,"138,400.00"
2020-03-12,2020031201021261,BPCL,25,21,100,347.00,"34,700.00"
2020-03-12,2020031201021243,CBBL,26,1,51,"1,025.00","52,275.00"
2020-03-12,2020031201021226,CBBL,26,49,50,"1,025.00","51,250.00"
2020-03-12,2020031201021223,CBBL,26,35,199,"1,020.00","202,980.00"
2020-03-12,2020031201021216,CBBL,21,35,100,"1,020.00","102,000.00"
2020-03-12,2020031201021584,CBL,41,45,94,144.00,"13,536.00"
2020-03-12,2020031201021583,CBL,10,45,56,144.00,"8,064.00"
2020-03-12,2020031201021503,CBL,33,44,745,145.00,"108,025.00"
2020-03-12,2020031201021502,CBL,33,44,255,145.00,"36,975.00"
2020-03-12,2020031201021482,CBL,38,44,100,145.00,"14,500.00"
2020-03-12,2020031201021277,CBL,10,22,500,144.00,"72,000.00"
2020-03-12,2020031201021655,CCBL,34,45,547,180.00,"98,460.00"
2020-03-12,2020031201021654,CCBL,7,45,"2,000",180.00,"360,000.00"
2020-03-12,2020031201021653,CCBL,19,45,"1,000",180.00,"180,000.00"
2020-03-12,2020031201021652,CCBL,32,45,867,180.00,"156,060.00"
2020-03-12,2020031201021651,CCBL,51,45,500,181.00,"90,500.00"
2020-03-12,2020031201021614,CCBL,32,34,"1,133",180.00,"203,940.00"
2020-03-12,2020031201021264,CCBL,47,46,300,180.00,"54,000.00"
2020-03-12,2020031201021510,CCBL,7,43,506,181.00,"91,586.00"
2020-03-12,2020031201021509,CCBL,7,11,800,181.00,"144,800.00"
2020-03-12,2020031201021508,CCBL,7,58,"2,694",181.00,"487,614.00"
2020-03-12,2020031201021385,CCBL,51,58,"1,000",181.00,"181,000.00"
2020-03-12,2020031201021321,CCBL,44,52,578,180.00,"104,040.00"
2020-03-12,2020031201021265,CCBL,44,46,81,180.00,"14,580.00"
2020-03-12,2020031201021607,CCBL,39,34,85,180.00,"15,300.00"
2020-03-12,2020031201021606,CCBL,44,34,"2,051",180.00,"369,180.00"
2020-03-12,2020031201021587,CCBL,44,21,290,180.00,"52,200.00"
2020-03-12,2020031201021586,CCBL,19,21,57,181.00,"10,317.00"
2020-03-12,2020031201021564,CCBL,19,34,49,181.00,"8,869.00"
2020-03-12,2020031201021563,CCBL,19,43,194,181.00,"35,114.00"
2020-03-12,2020031201021613,CCBL,52,34,200,180.00,"36,000.00"
2020-03-12,2020031201021612,CCBL,40,34,"1,000",180.00,"180,000.00"
2020-03-12,2020031201021611,CCBL,48,34,500,180.00,"90,000.00"
2020-03-12,2020031201021610,CCBL,6,34,300,180.00,"54,000.00"
2020-03-12,2020031201021609,CCBL,52,34,100,180.00,"18,000.00"
2020-03-12,2020031201021608,CCBL,35,34,"1,000",180.00,"180,000.00"
2020-03-12,2020031201021650,CCBLPO,34,35,"76,136",103.00,"7,842,008.00"
2020-03-12,2020031201021551,CHCL,43,40,120,400.00,"48,000.00"
2020-03-12,2020031201021410,CIT,39,13,86,"2,620.00","225,320.00"
2020-03-12,2020031201021382,CIT,43,14,10,"2,659.00","26,590.00"
2020-03-12,2020031201021505,CZBIL,44,19,155,194.00,"30,070.00"
2020-03-12,2020031201021504,CZBIL,52,19,345,194.00,"66,930.00"
2020-03-12,2020031201021440,EIC,16,21,200,397.00,"79,400.00"
2020-03-12,2020031201021383,FMDBL,39,49,175,494.00,"86,450.00"
2020-03-12,2020031201021210,FMDBL,25,49,200,494.00,"98,800.00"
2020-03-12,2020031201021517,FOWAD,4,45,440,"1,466.00","645,040.00"
2020-03-12,2020031201021516,FOWAD,22,45,200,"1,467.00","293,400.00"
2020-03-12,2020031201021515,FOWAD,45,45,10,"1,470.00","14,700.00"
2020-03-12,2020031201021514,FOWAD,41,45,109,"1,470.00","160,230.00"
2020-03-12,2020031201021513,FOWAD,56,45,30,"1,473.00","44,190.00"
2020-03-12,2020031201021512,FOWAD,43,45,60,"1,475.00","88,500.00"
2020-03-12,2020031201021271,FOWAD,14,45,50,"1,486.00","74,300.00"
2020-03-12,2020031201021270,FOWAD,26,45,10,"1,487.00","14,870.00"
2020-03-12,2020031201021269,FOWAD,45,45,150,"1,488.00","223,200.00"
2020-03-12,2020031201021399,FOWAD,55,45,125,"1,477.00","184,625.00"
2020-03-12,2020031201021398,FOWAD,55,45,30,"1,478.00","44,340.00"
2020-03-12,2020031201021300,FOWAD,55,33,75,"1,477.00","110,775.00"
2020-03-12,2020031201021299,FOWAD,53,33,25,"1,481.00","37,025.00"
2020-03-12,2020031201021273,FOWAD,56,45,50,"1,482.00","74,100.00"
2020-03-12,2020031201021272,FOWAD,7,45,100,"1,485.00","148,500.00"
2020-03-12,2020031201021511,FOWAD,45,45,100,"1,475.00","147,500.00"
2020-03-12,2020031201021404,FOWAD,53,45,100,"1,475.00","147,500.00"
2020-03-12,2020031201021403,FOWAD,6,45,100,"1,475.00","147,500.00"
2020-03-12,2020031201021402,FOWAD,16,45,100,"1,475.00","147,500.00"
2020-03-12,2020031201021401,FOWAD,35,45,10,"1,476.00","14,760.00"
2020-03-12,2020031201021400,FOWAD,26,45,500,"1,476.00","738,000.00"
2020-03-12,2020031201021617,GBBL,4,41,337,241.00,"81,217.00"
2020-03-12,2020031201021616,GBBL,4,41,663,241.00,"159,783.00"
2020-03-12,2020031201021253,GBBL,4,17,500,241.00,"120,500.00"
2020-03-12,2020031201021228,GBBL,39,19,111,242.00,"26,862.00"
2020-03-12,2020031201021227,GBBL,39,56,89,242.00,"21,538.00"
2020-03-12,2020031201021686,GBIME,53,50,10,274.00,"2,740.00"
2020-03-12,2020031201021636,GBIME,17,50,40,274.00,"10,960.00"
2020-03-12,2020031201021582,GBIME,54,50,335,274.00,"91,790.00"
2020-03-12,2020031201021581,GBIME,54,57,100,274.00,"27,400.00"
2020-03-12,2020031201021580,GBIME,54,34,65,274.00,"17,810.00"
2020-03-12,2020031201021506,GBIME,11,34,100,274.00,"27,400.00"
2020-03-12,2020031201021494,GBIME,26,34,85,274.00,"23,290.00"
2020-03-12,2020031201021419,GBIME,33,34,100,274.00,"27,400.00"
2020-03-12,2020031201021414,GBIME,42,34,300,274.00,"82,200.00"
2020-03-12,2020031201021381,GBIME,53,34,100,274.00,"27,400.00"
