Date,Transact. No.,Symbol,Buyer,Seller,Quantity,Rate,Amount
2019-04-18,2019041801008933,ADBL,19,6,200,350.00,"70,000.00"
2019-04-18,2019041801008886,ADBL,4,6,"1,000",350.00,"350,000.00"
2019-04-18,2019041801008789,ADBL,14,6,100,350.00,"35,000.00"
2019-04-18,2019041801008737,ADBL,19,1,100,348.00,"34,800.00"
2019-04-18,2019041801008681,ADBL,4,39,100,349.00,"34,900.00"
2019-04-18,2019041801008680,ADBL,4,47,500,349.00,"174,500.00"
2019-04-18,2019041801008679,ADBL,4,51,250,349.00,"87,250.00"
2019-04-18,2019041801008859,ALBSL,57,19,10,464.00,"4,640.00"
2019-04-18,2019041801008858,ALBSL,57,19,20,464.00,"9,280.00"
2019-04-18,2019041801008857,ALBSL,47,19,10,465.00,"4,650.00"
2019-04-18,2019041801009019,ALICL,8,50,200,412.00,"82,400.00"
2019-04-18,2019041801008985,AMFI,34,47,10,630.00,"6,300.00"
2019-04-18,2019041801008610,AMFI,26,47,10,630.00,"6,300.00"
2019-04-18,2019041801008609,AMFI,26,47,10,630.00,"6,300.00"
2019-04-18,2019041801008608,AMFI,26,47,10,630.00,"6,300.00"
2019-04-18,2019041801008607,AMFI,26,47,10,630.00,"6,300.00"
2019-04-18,2019041801008606,AMFI,26,47,10,630.00,"6,300.00"
2019-04-18,2019041801008605,AMFI,26,47,10,630.00,"6,300.00"
2019-04-18,2019041801008604,AMFI,26,47,10,630.00,"6,300.00"
2019-04-18,2019041801008751,API,25,57,50,134.00,"6,700.00"
2019-04-18,2019041801008657,API,6,39,12,133.00,"1,596.00"
2019-04-18,2019041801009016,BOKL,51,50,484,270.00,"130,680.00"
2019-04-18,2019041801009015,BOKL,39,50,16,271.00,"4,336.00"
2019-04-18,2019041801008921,BOKL,39,35,500,271.00,"135,500.00"
2019-04-18,2019041801008862,BOKL,49,8,450,272.00,"122,400.00"
2019-04-18,2019041801008700,BOKL,49,44,500,272.00,"136,000.00"
2019-04-18,2019041801008699,BOKL,49,58,50,272.00,"13,600.00"
2019-04-18,2019041801008655,BOKL,39,19,484,271.00,"131,164.00"
2019-04-18,2019041801009041,BPCL,35,16,16,364.00,"5,824.00"
2019-04-18,2019041801009040,BPCL,1,16,34,364.00,"12,376.00"
2019-04-18,2019041801008750,BPCL,52,16,50,365.00,"18,250.00"
2019-04-18,2019041801009017,CBBL,7,58,74,"1,014.00","75,036.00"
2019-04-18,2019041801008986,CBBL,26,58,200,"1,014.00","202,800.00"
2019-04-18,2019041801008978,CBBL,14,58,150,"1,014.00","152,100.00"
2019-04-18,2019041801008966,CBBL,11,58,10,"1,014.00","10,140.00"
2019-04-18,2019041801008936,CBBL,14,33,195,"1,013.00","197,535.00"
2019-04-18,2019041801008841,CBBL,42,33,105,"1,013.00","106,365.00"
2019-04-18,2019041801008840,CBBL,42,48,50,"1,013.00","50,650.00"
2019-04-18,2019041801008839,CBBL,42,18,45,"1,013.00","45,585.00"
2019-04-18,2019041801009013,CBL,50,58,40,169.00,"6,760.00"
2019-04-18,2019041801009012,CBL,57,58,"2,000",169.00,"338,000.00"
2019-04-18,2019041801009011,CBL,32,58,200,169.00,"33,800.00"
2019-04-18,2019041801009010,CBL,21,58,110,169.00,"18,590.00"
2019-04-18,2019041801009009,CBL,38,58,150,169.00,"25,350.00"
2019-04-18,2019041801008947,CBL,52,37,253,170.00,"43,010.00"
2019-04-18,2019041801008946,CBL,52,47,747,170.00,"126,990.00"
2019-04-18,2019041801008656,CBL,7,7,9,166.00,"1,494.00"
2019-04-18,2019041801008935,CCBL,50,36,50,170.00,"8,500.00"
2019-04-18,2019041801008727,CCBL,50,39,539,170.00,"91,630.00"
2019-04-18,2019041801008726,CCBL,1,39,300,170.00,"51,000.00"
2019-04-18,2019041801008725,CCBL,40,39,880,170.00,"149,600.00"
2019-04-18,2019041801008594,CFCL,44,17,219,109.00,"23,871.00"
2019-04-18,2019041801008554,CHCL,56,28,"1,000",507.00,"507,000.00"
2019-04-18,2019041801008676,CHLBS,17,59,10,502.00,"5,020.00"
2019-04-18,2019041801008664,CHLBS,6,47,10,506.00,"5,060.00"
2019-04-18,2019041801008663,CHLBS,6,54,10,503.00,"5,030.00"
2019-04-18,2019041801008662,CHLBS,6,54,10,503.00,"5,030.00"
2019-04-18,2019041801008775,CIT,51,49,50,"2,550.00","127,500.00"
2019-04-18,2019041801008571,CIT,42,25,20,"2,559.00","51,180.00"
2019-04-18,2019041801008981,CZBIL,6,43,500,237.00,"118,500.00"
2019-04-18,2019041801008980,CZBIL,6,52,100,237.00,"23,700.00"
2019-04-18,2019041801008979,CZBIL,6,29,56,237.00,"13,272.00"
2019-04-18,2019041801008913,CZBIL,49,17,200,236.00,"47,200.00"
2019-04-18,2019041801008740,CZBIL,49,51,"1,000",235.00,"235,000.00"
2019-04-18,2019041801008739,CZBIL,45,51,500,235.00,"117,500.00"
2019-04-18,2019041801008738,CZBIL,58,51,209,235.00,"49,115.00"
2019-04-18,2019041801008684,CZBIL,58,50,91,235.00,"21,385.00"
2019-04-18,2019041801008683,CZBIL,13,50,409,235.00,"96,115.00"
2019-04-18,2019041801008599,CZBIL,13,51,191,235.00,"44,885.00"
2019-04-18,2019041801008598,CZBIL,40,51,"1,000",235.00,"235,000.00"
2019-04-18,2019041801008583,CZBIL,6,51,809,236.00,"190,924.00"
2019-04-18,2019041801008919,DDBL,49,58,384,678.00,"260,352.00"
2019-04-18,2019041801008918,DDBL,49,35,80,678.00,"54,240.00"
2019-04-18,2019041801008917,DDBL,49,6,36,675.00,"24,300.00"
2019-04-18,2019041801008876,DDBL,50,6,10,675.00,"6,750.00"
2019-04-18,2019041801008875,DDBL,50,39,10,674.00,"6,740.00"
2019-04-18,2019041801008715,DDBL,49,34,55,668.00,"36,740.00"
2019-04-18,2019041801008714,DDBL,29,34,245,669.00,"163,905.00"
2019-04-18,2019041801008973,EBL,16,50,300,631.00,"189,300.00"
2019-04-18,2019041801008893,EBL,16,50,100,631.00,"63,100.00"
2019-04-18,2019041801008780,EBL,41,6,400,632.00,"252,800.00"
2019-04-18,2019041801008779,EBL,41,4,100,632.00,"63,200.00"
2019-04-18,2019041801008746,EIC,45,37,50,"1,000.00","50,000.00"
2019-04-18,2019041801008650,EIC,37,55,100,990.00,"99,000.00"
2019-04-18,2019041801008649,EIC,41,55,20,990.00,"19,800.00"
2019-04-18,2019041801008648,EIC,41,55,50,990.00,"49,500.00"
2019-04-18,2019041801008647,EIC,5,55,16,991.00,"15,856.00"
2019-04-18,2019041801008626,EIC,5,29,84,991.00,"83,244.00"
2019-04-18,2019041801008625,EIC,46,29,200,992.00,"198,400.00"
2019-04-18,2019041801008624,EIC,38,29,50,992.00,"49,600.00"
2019-04-18,2019041801008623,EIC,13,29,15,992.00,"14,880.00"
2019-04-18,2019041801008622,EIC,54,29,68,995.00,"67,660.00"
2019-04-18,2019041801008612,EIC,14,37,10,"1,000.00","10,000.00"
2019-04-18,2019041801008555,EIC,58,49,8,999.00,"7,992.00"
2019-04-18,2019041801008758,FMDBL,57,49,10,390.00,"3,900.00"
2019-04-18,2019041801008757,FMDBL,57,33,19,389.00,"7,391.00"
2019-04-18,2019041801008603,FMDBL,4,45,79,384.00,"30,336.00"
2019-04-18,2019041801008602,FMDBL,39,45,21,385.00,"8,085.00"
2019-04-18,2019041801009003,GBIME,48,34,100,294.00,"29,400.00"
2019-04-18,2019041801008976,GBIME,53,58,700,295.00,"206,500.00"
2019-04-18,2019041801008975,GBIME,53,56,100,295.00,"29,500.00"
2019-04-18,2019041801008631,GBLBS,19,49,50,352.00,"17,600.00"
2019-04-18,2019041801008630,GBLBS,42,49,30,352.00,"10,560.00"
2019-04-18,2019041801008732,GLICL,56,22,251,525.00,"131,775.00"
2019-04-18,2019041801008731,GLICL,56,25,400,524.00,"209,600.00"
2019-04-18,2019041801008665,GLICL,17,48,100,521.00,"52,100.00"
2019-04-18,2019041801008963,GUFL,57,49,957,113.00,"108,141.00"
2019-04-18,2019041801009035,HBL,44,29,30,532.00,"15,960.00"
2019-04-18,2019041801009033,HBL,25,29,10,532.00,"5,320.00"
2019-04-18,2019041801008967,HBL,16,28,100,524.00,"52,400.00"
2019-04-18,2019041801008867,HGI,40,33,10,392.00,"3,920.00"
2019-04-18,2019041801008870,HIDCL,25,6,11,137.00,"1,507.00"
2019-04-18,2019041801008834,HIDCL,25,6,11,137.00,"1,507.00"
2019-04-18,2019041801008767,HPPL,28,58,10,181.00,"1,810.00"
2019-04-18,2019041801008962,IGI,6,26,520,409.00,"212,680.00"
2019-04-18,2019041801008850,IGI,46,38,300,404.00,"121,200.00"
2019-04-18,2019041801008615,IGI,49,22,100,402.00,"40,200.00"
2019-04-18,2019041801008614,IGI,38,22,200,403.00,"80,600.00"
2019-04-18,2019041801008613,IGI,58,22,200,403.00,"80,600.00"
2019-04-18,2019041801009032,JBNL,49,35,10,188.00,"1,880.00"
2019-04-18,2019041801008778,JBNL,38,18,200,187.00,"37,400.00"
2019-04-18,2019041801008777,JBNL,32,18,500,188.00,"94,000.00"
2019-04-18,2019041801008803,KBBL,32,34,20,218.00,"4,360.00"
2019-04-18,2019041801008802,KBBL,34,34,"1,000",218.00,"218,000.00"
2019-04-18,2019041801008801,KBBL,17,34,200,218.00,"43,600.00"
2019-04-18,2019041801008800,KBBL,56,34,80,218.00,"17,440.00"
2019-04-18,2019041801008799,KBBL,57,34,100,219.00,"21,900.00"
2019-04-18,2019041801009018,KBL,57,47,98,269.00,"26,362.00"
2019-04-18,2019041801008984,KBL,46,47,20,269.00,"5,380.00"
2019-04-18,2019041801008982,KBL,51,17,600,268.00,"160,800.00"
2019-04-18,2019041801008972,KBL,51,49,100,268.00,"26,800.00"
2019-04-18,2019041801008971,KBL,51,53,164,268.00,"43,952.00"
2019-04-18,2019041801008932,KBL,51,53,836,268.00,"224,048.00"
2019-04-18,2019041801008562,KBL,16,21,603,268.00,"161,604.00"
2019-04-18,2019041801008552,KBL,7,35,90,267.00,"24,030.00"
2019-04-18,2019041801008634,KBL,57,37,100,268.00,"26,800.00"
2019-04-18,2019041801008620,KBL,29,37,500,268.00,"134,000.00"
2019-04-18,2019041801008601,KBL,6,37,500,268.00,"134,000.00"
2019-04-18,2019041801008593,KBL,7,45,256,267.00,"68,352.00"
2019-04-18,2019041801008574,KBL,7,16,400,267.00,"106,800.00"
2019-04-18,2019041801008563,KBL,16,37,"1,897",268.00,"508,396.00"
2019-04-18,2019041801008691,KBL,29,48,100,268.00,"26,800.00"
2019-04-18,2019041801008690,KBL,29,37,"1,503",268.00,"402,804.00"
2019-04-18,2019041801008689,KBL,40,43,86,267.00,"22,962.00"
2019-04-18,2019041801008688,KBL,7,43,914,267.00,"244,038.00"
2019-04-18,2019041801008653,KBL,7,43,300,267.00,"80,100.00"
2019-04-18,2019041801008644,KBL,7,42,40,267.00,"10,680.00"
2019-04-18,2019041801008720,KBL,51,46,836,267.00,"223,212.00"
2019-04-18,2019041801008719,KBL,49,46,50,267.00,"13,350.00"
2019-04-18,2019041801008718,KBL,40,46,114,267.00,"30,438.00"
2019-04-18,2019041801008694,KBL,29,28,197,268.00,"52,796.00"
2019-04-18,2019041801008693,KBL,29,20,"1,000",268.00,"268,000.00"
2019-04-18,2019041801008692,KBL,29,17,200,268.00,"53,600.00"
2019-04-18,2019041801008759,KBL,48,44,149,268.00,"39,932.00"
2019-04-18,2019041801008752,KBL,51,6,500,267.00,"133,500.00"
2019-04-18,2019041801008747,KBL,6,44,"1,000",268.00,"268,000.00"
2019-04-18,2019041801008724,KBL,51,13,200,267.00,"53,400.00"
2019-04-18,2019041801008722,KBL,49,44,197,268.00,"52,796.00"
2019-04-18,2019041801008721,KBL,49,28,803,268.00,"215,204.00"
2019-04-18,2019041801008805,KBL,53,49,500,267.00,"133,500.00"
2019-04-18,2019041801008804,KBL,54,49,12,267.00,"3,204.00"
2019-04-18,2019041801008791,KBL,54,43,11,267.00,"2,937.00"
2019-04-18,2019041801008768,KBL,26,44,80,268.00,"21,440.00"
2019-04-18,2019041801008761,KBL,54,47,90,267.00,"24,030.00"
2019-04-18,2019041801008760,KBL,51,47,264,267.00,"70,488.00"
2019-04-18,2019041801008824,KBL,57,6,201,267.00,"53,667.00"
2019-04-18,2019041801008817,KBL,28,6,36,268.00,"9,648.00"
2019-04-18,2019041801008816,KBL,28,44,74,268.00,"19,832.00"
2019-04-18,2019041801008812,KBL,26,44,500,268.00,"134,000.00"
2019-04-18,2019041801008807,KBL,57,49,438,267.00,"116,946.00"
2019-04-18,2019041801008806,KBL,43,49,50,267.00,"13,350.00"
2019-04-18,2019041801008861,KBL,48,13,100,268.00,"26,800.00"
2019-04-18,2019041801008837,KBL,36,13,136,268.00,"36,448.00"
2019-04-18,2019041801008836,KBL,36,47,500,268.00,"134,000.00"
2019-04-18,2019041801008835,KBL,36,6,364,268.00,"97,552.00"
2019-04-18,2019041801008833,KBL,45,6,100,268.00,"26,800.00"
2019-04-18,2019041801008828,KBL,57,43,11,267.00,"2,937.00"
2019-04-18,2019041801008920,KBL,26,47,300,269.00,"80,700.00"
2019-04-18,2019041801008898,KBL,46,47,200,269.00,"53,800.00"
2019-04-18,2019041801008896,KBL,51,5,664,268.00,"177,952.00"
2019-04-18,2019041801008895,KBL,51,5,336,268.00,"90,048.00"
2019-04-18,2019041801008864,KBL,51,32,200,268.00,"53,600.00"
2019-04-18,2019041801008863,KBL,51,13,964,268.00,"258,352.00"
2019-04-18,2019041801009036,KMCDB,7,7,10,794.00,"7,940.00"
2019-04-18,2019041801008815,KMCDB,17,58,100,810.00,"81,000.00"
2019-04-18,2019041801008894,KMFL,42,41,14,831.00,"11,634.00"
2019-04-18,2019041801008544,KSBBL,32,45,400,146.00,"58,400.00"
2019-04-18,2019041801008597,LBBL,37,6,160,177.00,"28,320.00"
2019-04-18,2019041801009031,LBL,43,48,"1,500",229.00,"343,500.00"
2019-04-18,2019041801008995,LBL,43,48,"1,350",229.00,"309,150.00"
2019-04-18,2019041801008994,LBL,43,25,150,228.00,"34,200.00"
2019-04-18,2019041801008907,LBL,19,48,135,229.00,"30,915.00"
2019-04-18,2019041801008906,LBL,19,32,120,229.00,"27,480.00"
2019-04-18,2019041801008764,LBL,19,52,245,228.00,"55,860.00"
2019-04-18,2019041801008744,LBL,49,32,380,229.00,"87,020.00"
2019-04-18,2019041801008743,LBL,49,48,300,229.00,"68,700.00"
2019-04-18,2019041801008742,LBL,49,4,320,229.00,"73,280.00"
2019-04-18,2019041801008959,LGIL,16,49,10,515.00,"5,150.00"
2019-04-18,2019041801008958,LGIL,16,49,40,514.00,"20,560.00"
2019-04-18,2019041801008545,LGIL,50,54,75,512.00,"38,400.00"
2019-04-18,2019041801009014,LLBS,58,26,55,829.00,"45,595.00"
2019-04-18,2019041801008956,LLBS,58,55,20,828.00,"16,560.00"
2019-04-18,2019041801008945,LLBS,58,5,20,825.00,"16,500.00"
2019-04-18,2019041801008944,LLBS,58,5,30,825.00,"24,750.00"
2019-04-18,2019041801008943,LLBS,58,58,48,824.00,"39,552.00"
2019-04-18,2019041801008942,LLBS,58,6,20,824.00,"16,480.00"
2019-04-18,2019041801008941,LLBS,58,34,12,823.00,"9,876.00"
2019-04-18,2019041801008940,LLBS,58,43,22,822.00,"18,084.00"
2019-04-18,2019041801008939,LLBS,58,19,75,821.00,"61,575.00"
2019-04-18,2019041801008938,LLBS,58,34,10,821.00,"8,210.00"
2019-04-18,2019041801009039,MBL,38,42,100,262.00,"26,200.00"
2019-04-18,2019041801009038,MBL,38,6,30,262.00,"7,860.00"
2019-04-18,2019041801009037,MBL,38,43,459,262.00,"120,258.00"
2019-04-18,2019041801008902,MBL,38,28,300,261.00,"78,300.00"
2019-04-18,2019041801008798,MBL,46,28,200,261.00,"52,200.00"
2019-04-18,2019041801008736,MBL,57,28,500,261.00,"130,500.00"
2019-04-18,2019041801008675,MBL,34,43,200,262.00,"52,400.00"
2019-04-18,2019041801008570,MBL,34,43,20,262.00,"5,240.00"
2019-04-18,2019041801008547,MBL,46,43,321,262.00,"84,102.00"
2019-04-18,2019041801008546,MBL,46,41,179,262.00,"46,898.00"
2019-04-18,2019041801008977,MEGA,16,39,87,177.00,"15,399.00"
2019-04-18,2019041801008869,MEGA,45,39,600,178.00,"106,800.00"
2019-04-18,2019041801008823,MEGA,16,45,190,177.00,"33,630.00"
2019-04-18,2019041801008822,MEGA,57,45,500,177.00,"88,500.00"
2019-04-18,2019041801008821,MEGA,11,45,100,177.00,"17,700.00"
2019-04-18,2019041801008820,MEGA,17,45,500,177.00,"88,500.00"
2019-04-18,2019041801008819,MEGA,34,45,100,177.00,"17,700.00"
2019-04-18,2019041801008749,MEGA,45,39,700,178.00,"124,600.00"
2019-04-18,2019041801008635,MEGA,32,39,300,178.00,"53,400.00"
2019-04-18,2019041801008717,MERO,25,3,100,594.00,"59,400.00"
2019-04-18,2019041801008716,MERO,19,3,74,594.00,"43,956.00"
2019-04-18,2019041801008628,MERO,19,42,50,594.00,"29,700.00"
2019-04-18,2019041801008843,MHNL,40,55,30,95.00,"2,850.00"
2019-04-18,2019041801008842,MHNL,37,55,10,95.00,950.00
2019-04-18,2019041801008611,MHNL,37,51,30,95.00,"2,850.00"
2019-04-18,2019041801008658,MNBBL,43,53,300,380.00,"114,000.00"
2019-04-18,2019041801008637,MNBBL,43,35,125,380.00,"47,500.00"
2019-04-18,2019041801008636,MNBBL,43,58,100,380.00,"38,000.00"
2019-04-18,2019041801009001,MSLB,1,21,35,"1,235.00","43,225.00"
2019-04-18,2019041801008866,MSLB,1,41,15,"1,235.00","18,525.00"
2019-04-18,2019041801008586,MSLB,32,21,12,"1,250.00","15,000.00"
2019-04-18,2019041801008845,NABIL,56,52,100,810.00,"81,000.00"
2019-04-18,2019041801008844,NABIL,56,3,45,810.00,"36,450.00"
2019-04-18,2019041801008677,NABIL,45,57,10,810.00,"8,100.00"
2019-04-18,2019041801008685,NABILP,50,44,200,765.00,"153,000.00"
2019-04-18,2019041801008882,NADEP,17,47,10,615.00,"6,150.00"
2019-04-18,2019041801008881,NADEP,29,47,100,615.00,"61,500.00"
2019-04-18,2019041801008880,NADEP,32,47,80,616.00,"49,280.00"
2019-04-18,2019041801008879,NADEP,17,47,10,616.00,"6,160.00"
2019-04-18,2019041801008878,NADEP,38,47,10,616.00,"6,160.00"
2019-04-18,2019041801008797,NADEP,1,58,20,618.00,"12,360.00"
2019-04-18,2019041801008909,NBB,7,25,127,223.00,"28,321.00"
2019-04-18,2019041801008908,NBB,7,39,273,222.00,"60,606.00"
2019-04-18,2019041801008868,NBB,45,39,727,222.00,"161,394.00"
2019-04-18,2019041801008794,NBB,45,39,700,222.00,"155,400.00"
2019-04-18,2019041801008793,NBB,52,39,300,223.00,"66,900.00"
2019-04-18,2019041801008785,NBB,39,32,500,224.00,"112,000.00"
2019-04-18,2019041801008702,NBB,45,32,400,223.00,"89,200.00"
2019-04-18,2019041801008642,NBB,3,32,100,223.00,"22,300.00"
2019-04-18,2019041801008553,NBBL,58,40,36,610.00,"21,960.00"
2019-04-18,2019041801009000,NBL,33,25,100,302.00,"30,200.00"
2019-04-18,2019041801008931,NBL,16,25,"2,000",302.00,"604,000.00"
2019-04-18,2019041801008883,NBL,57,25,10,302.00,"3,020.00"
2019-04-18,2019041801008788,NBL,52,25,30,302.00,"9,060.00"
2019-04-18,2019041801008787,NBL,52,53,170,302.00,"51,340.00"
2019-04-18,2019041801008771,NBL,5,53,50,302.00,"15,100.00"
2019-04-18,2019041801009029,NCCB,34,38,126,230.00,"28,980.00"
2019-04-18,2019041801009028,NCCB,34,38,274,230.00,"63,020.00"
2019-04-18,2019041801008955,NCCB,58,38,10,230.00,"2,300.00"
2019-04-18,2019041801008925,NCCB,55,39,450,229.00,"103,050.00"
2019-04-18,2019041801008924,NCCB,37,39,500,229.00,"114,500.00"
2019-04-18,2019041801008923,NCCB,52,39,239,229.00,"54,731.00"
2019-04-18,2019041801008559,NCCB,34,4,"1,000",230.00,"230,000.00"
2019-04-18,2019041801008558,NCCB,34,36,500,230.00,"115,000.00"
2019-04-18,2019041801008557,NCCB,34,38,301,230.00,"69,230.00"
2019-04-18,2019041801008543,NCCB,58,42,400,229.00,"91,600.00"
2019-04-18,2019041801008728,NCCB,58,36,850,229.00,"194,650.00"
2019-04-18,2019041801008695,NCCB,58,42,300,229.00,"68,700.00"
2019-04-18,2019041801008651,NCCB,26,54,400,230.00,"92,000.00"
2019-04-18,2019041801008579,NCCB,34,54,"2,000",230.00,"460,000.00"
2019-04-18,2019041801008561,NCCB,34,54,99,230.00,"22,770.00"
2019-04-18,2019041801008560,NCCB,34,50,100,230.00,"23,000.00"
2019-04-18,2019041801008922,NCCB,58,39,311,229.00,"71,219.00"
2019-04-18,2019041801008847,NCCB,42,38,"1,716",230.00,"394,680.00"
2019-04-18,2019041801008846,NCCB,42,53,284,230.00,"65,320.00"
2019-04-18,2019041801008826,NCCB,18,54,500,230.00,"115,000.00"
2019-04-18,2019041801008825,NCCB,58,32,300,229.00,"68,700.00"
2019-04-18,2019041801008748,NCCB,58,38,600,229.00,"137,400.00"
2019-04-18,2019041801008796,NGPL,57,38,430,119.00,"51,170.00"
2019-04-18,2019041801009030,NIB,6,6,300,554.00,"166,200.00"
2019-04-18,2019041801008990,NIB,6,6,252,554.00,"139,608.00"
2019-04-18,2019041801008989,NIB,6,39,118,553.00,"65,254.00"
2019-04-18,2019041801008988,NIB,6,48,80,553.00,"44,240.00"
2019-04-18,2019041801008983,NIB,48,48,10,553.00,"5,530.00"
2019-04-18,2019041801008766,NIB,6,49,50,552.00,"27,600.00"
2019-04-18,2019041801008564,NIB,34,45,43,551.00,"23,693.00"
2019-04-18,2019041801008974,NIBPO,42,40,110,511.00,"56,210.00"
2019-04-18,2019041801008900,NIBPO,11,17,103,508.00,"52,324.00"
2019-04-18,2019041801008905,NICA,5,40,300,482.00,"144,600.00"
2019-04-18,2019041801008872,NICA,49,45,136,481.00,"65,416.00"
2019-04-18,2019041801008871,NICA,28,45,364,481.00,"175,084.00"
2019-04-18,2019041801008814,NICA,42,40,100,482.00,"48,200.00"
2019-04-18,2019041801008813,NICA,21,40,100,482.00,"48,200.00"
2019-04-18,2019041801008733,NICA,28,43,50,481.00,"24,050.00"
2019-04-18,2019041801008591,NICA,29,58,500,483.00,"241,500.00"
2019-04-18,2019041801008706,NICA,28,47,86,481.00,"41,366.00"
2019-04-18,2019041801008705,NICA,45,47,20,481.00,"9,620.00"
2019-04-18,2019041801008704,NICA,5,47,200,481.00,"96,200.00"
2019-04-18,2019041801008703,NICA,48,47,100,481.00,"48,100.00"
2019-04-18,2019041801008638,NICA,59,40,200,482.00,"96,400.00"
2019-04-18,2019041801008621,NICA,25,35,200,482.00,"96,400.00"
2019-04-18,2019041801008576,NICL,1,4,140,378.00,"52,920.00"
2019-04-18,2019041801008575,NICL,58,4,250,378.00,"94,500.00"
2019-04-18,2019041801008792,NICL,25,34,100,380.00,"38,000.00"
2019-04-18,2019041801008784,NICL,21,7,40,377.00,"15,080.00"
2019-04-18,2019041801008783,NICL,33,7,100,377.00,"37,700.00"
2019-04-18,2019041801008782,NICL,1,7,60,378.00,"22,680.00"
2019-04-18,2019041801008897,NIL,16,38,10,525.00,"5,250.00"
2019-04-18,2019041801008741,NIL,45,38,300,524.00,"157,200.00"
2019-04-18,2019041801008687,NIL,54,38,200,524.00,"104,800.00"
2019-04-18,2019041801008873,NLG,6,25,10,831.00,"8,310.00"
2019-04-18,2019041801008885,NLIC,54,38,100,"1,110.00","111,000.00"
2019-04-18,2019041801008884,NLIC,54,17,17,"1,110.00","18,870.00"
2019-04-18,2019041801008877,NLIC,33,38,100,"1,108.00","110,800.00"
2019-04-18,2019041801008849,NLIC,33,38,67,"1,108.00","74,236.00"
2019-04-18,2019041801008848,NLIC,5,38,33,"1,109.00","36,597.00"
2019-04-18,2019041801008795,NLIC,5,38,100,"1,109.00","110,900.00"
2019-04-18,2019041801008592,NLIC,5,45,30,"1,109.00","33,270.00"
2019-04-18,2019041801008619,NLICL,57,13,33,586.00,"19,338.00"
2019-04-18,2019041801009008,NMB,21,35,"1,000",385.00,"385,000.00"
2019-04-18,2019041801008937,NMB,16,57,500,384.00,"192,000.00"
2019-04-18,2019041801008904,NMB,16,6,250,384.00,"96,000.00"
2019-04-18,2019041801008903,NMB,39,6,200,384.00,"76,800.00"
2019-04-18,2019041801008874,NMB,41,35,15,385.00,"5,775.00"
2019-04-18,2019041801008745,NMB,7,35,655,385.00,"252,175.00"
2019-04-18,2019041801008551,NMB,10,50,365,385.00,"140,525.00"
2019-04-18,2019041801008550,NMB,10,52,50,385.00,"19,250.00"
2019-04-18,2019041801008549,NMB,10,17,"1,000",385.00,"385,000.00"
2019-04-18,2019041801008548,NMB,10,22,585,385.00,"225,225.00"
2019-04-18,2019041801008654,NMB,33,35,"1,500",385.00,"577,500.00"
2019-04-18,2019041801008645,NMB,45,35,300,385.00,"115,500.00"
2019-04-18,2019041801008640,NMB,19,35,100,385.00,"38,500.00"
2019-04-18,2019041801008582,NMB,3,35,65,385.00,"25,025.00"
2019-04-18,2019041801008581,NMB,3,48,100,385.00,"38,500.00"
2019-04-18,2019041801008580,NMB,3,50,135,385.00,"51,975.00"
2019-04-18,2019041801008934,NMFBS,45,55,10,"1,649.00","16,490.00"
2019-04-18,2019041801008854,NMFBS,45,26,60,"1,639.00","98,340.00"
2019-04-18,2019041801008853,NMFBS,45,33,100,"1,638.00","163,800.00"
2019-04-18,2019041801008852,NMFBS,45,36,15,"1,637.00","24,555.00"
2019-04-18,2019041801008851,NMFBS,45,36,15,"1,635.00","24,525.00"
2019-04-18,2019041801008827,NTC,44,28,50,682.00,"34,100.00"
2019-04-18,2019041801008629,NTC,44,25,50,681.00,"34,050.00"
2019-04-18,2019041801009002,PCBL,16,28,20,347.00,"6,940.00"
2019-04-18,2019041801008951,PCBL,11,16,80,346.00,"27,680.00"
2019-04-18,2019041801008950,PCBL,11,25,300,346.00,"103,800.00"
2019-04-18,2019041801008949,PCBL,11,19,518,346.00,"179,228.00"
2019-04-18,2019041801008948,PCBL,11,53,990,346.00,"342,540.00"
2019-04-18,2019041801008769,PCBL,16,53,10,346.00,"3,460.00"
2019-04-18,2019041801008633,PCBL,41,41,300,345.00,"103,500.00"
2019-04-18,2019041801008818,PIC,5,35,400,"1,015.00","406,000.00"
2019-04-18,2019041801008762,PRIN,48,6,360,423.00,"152,280.00"
2019-04-18,2019041801008713,PRIN,48,25,500,422.00,"211,000.00"
2019-04-18,2019041801009034,PRVU,34,29,100,278.00,"27,800.00"
2019-04-18,2019041801009027,PRVU,36,29,50,278.00,"13,900.00"
2019-04-18,2019041801008987,PRVU,50,17,373,275.00,"102,575.00"
2019-04-18,2019041801008899,PRVU,36,29,20,278.00,"5,560.00"
2019-04-18,2019041801008892,PRVU,50,29,500,275.00,"137,500.00"
2019-04-18,2019041801008891,PRVU,44,29,500,276.00,"138,000.00"
2019-04-18,2019041801008666,PRVU,14,29,600,277.00,"166,200.00"
2019-04-18,2019041801008661,PRVU,14,1,200,277.00,"55,400.00"
2019-04-18,2019041801008639,PRVU,14,1,200,277.00,"55,400.00"
2019-04-18,2019041801008595,PRVU,14,17,50,277.00,"13,850.00"
2019-04-18,2019041801008566,PRVU,14,50,500,277.00,"138,500.00"
2019-04-18,2019041801008672,PRVU,36,29,500,276.00,"138,000.00"
2019-04-18,2019041801008671,PRVU,13,29,300,276.00,"82,800.00"
2019-04-18,2019041801008670,PRVU,21,29,640,276.00,"176,640.00"
2019-04-18,2019041801008669,PRVU,5,29,"2,590",277.00,"717,430.00"
2019-04-18,2019041801008668,PRVU,26,29,"1,500",277.00,"415,500.00"
2019-04-18,2019041801008667,PRVU,26,29,"4,000",277.00,"1,108,000.00"
2019-04-18,2019041801008708,PRVU,58,29,200,276.00,"55,200.00"
2019-04-18,2019041801008707,PRVU,50,29,530,276.00,"146,280.00"
2019-04-18,2019041801008697,PRVU,25,1,200,278.00,"55,600.00"
2019-04-18,2019041801008696,PRVU,25,10,433,278.00,"120,374.00"
2019-04-18,2019041801008674,PRVU,50,29,"1,470",276.00,"405,720.00"
2019-04-18,2019041801008673,PRVU,33,29,400,276.00,"110,400.00"
2019-04-18,2019041801008809,PRVU,50,29,500,275.00,"137,500.00"
2019-04-18,2019041801008808,PRVU,36,29,107,275.00,"29,425.00"
2019-04-18,2019041801008774,PRVU,36,45,93,275.00,"25,575.00"
2019-04-18,2019041801008773,PRVU,46,45,300,275.00,"82,500.00"
2019-04-18,2019041801008772,PRVU,43,45,200,275.00,"55,000.00"
2019-04-18,2019041801008763,PRVU,26,29,26,276.00,"7,176.00"
2019-04-18,2019041801008832,PRVU,26,29,143,275.00,"39,325.00"
2019-04-18,2019041801008831,PRVU,26,29,"1,000",275.00,"275,000.00"
2019-04-18,2019041801008830,PRVU,25,29,100,275.00,"27,500.00"
2019-04-18,2019041801008829,PRVU,16,29,257,275.00,"70,675.00"
2019-04-18,2019041801008811,PRVU,16,29,743,275.00,"204,325.00"
2019-04-18,2019041801008810,PRVU,42,29,150,275.00,"41,250.00"
2019-04-18,2019041801008889,PRVU,28,29,20,278.00,"5,560.00"
2019-04-18,2019041801008888,PRVU,28,58,30,278.00,"8,340.00"
2019-04-18,2019041801008887,PRVU,28,26,200,278.00,"55,600.00"
2019-04-18,2019041801008860,PRVU,50,58,200,275.00,"55,000.00"
2019-04-18,2019041801008856,PRVU,50,29,143,275.00,"39,325.00"
2019-04-18,2019041801008855,PRVU,26,29,857,275.00,"235,675.00"
2019-04-18,2019041801009006,RBCLPO,56,52,10,"8,356.00","83,560.00"
2019-04-18,2019041801009005,RBCLPO,50,52,10,"8,358.00","83,580.00"
2019-04-18,2019041801009004,RBCLPO,59,52,10,"8,360.00","83,600.00"
2019-04-18,2019041801008915,RBCLPO,21,52,10,"8,500.00","85,000.00"
2019-04-18,2019041801008914,RBCLPO,21,14,10,"8,490.00","84,900.00"
2019-04-18,2019041801008952,RSDC,8,47,45,374.00,"16,830.00"
2019-04-18,2019041801008786,SADBL,54,37,35,146.00,"5,110.00"
2019-04-18,2019041801008569,SADBL,54,46,46,146.00,"6,716.00"
2019-04-18,2019041801008568,SADBL,13,46,175,146.00,"25,550.00"
2019-04-18,2019041801008567,SADBL,10,46,36,146.00,"5,256.00"
2019-04-18,2019041801008993,SANIMA,45,37,400,342.00,"136,800.00"
2019-04-18,2019041801008776,SANIMA,45,37,100,344.00,"34,400.00"
2019-04-18,2019041801008600,SANIMA,14,41,50,343.00,"17,150.00"
2019-04-18,2019041801009020,SBBLJ,17,43,100,195.00,"19,500.00"
2019-04-18,2019041801008997,SBI,58,17,200,465.00,"93,000.00"
2019-04-18,2019041801008996,SBI,58,1,100,465.00,"46,500.00"
2019-04-18,2019041801008954,SBI,34,41,100,464.00,"46,400.00"
2019-04-18,2019041801008953,SBI,34,4,133,464.00,"61,712.00"
2019-04-18,2019041801008765,SBI,58,57,200,460.00,"92,000.00"
2019-04-18,2019041801008652,SBI,48,4,30,464.00,"13,920.00"
2019-04-18,2019041801008632,SBI,48,4,36,464.00,"16,704.00"
2019-04-18,2019041801008590,SBI,39,4,64,464.00,"29,696.00"
2019-04-18,2019041801008589,SBI,39,25,300,463.00,"138,900.00"
2019-04-18,2019041801008588,SBI,39,45,100,463.00,"46,300.00"
2019-04-18,2019041801008587,SBI,39,57,36,462.00,"16,632.00"
2019-04-18,2019041801008578,SBI,48,57,35,462.00,"16,170.00"
2019-04-18,2019041801008992,SBL,4,6,311,353.00,"109,783.00"
2019-04-18,2019041801008991,SBL,46,6,189,353.00,"66,717.00"
2019-04-18,2019041801008957,SBL,46,28,311,353.00,"109,783.00"
2019-04-18,2019041801008770,SBL,16,36,500,352.00,"176,000.00"
2019-04-18,2019041801008712,SBL,40,28,689,353.00,"243,217.00"
2019-04-18,2019041801008711,SBL,40,22,315,353.00,"111,195.00"
2019-04-18,2019041801008710,SBL,40,14,296,353.00,"104,488.00"
2019-04-18,2019041801008709,SBL,46,44,"1,000",352.00,"352,000.00"
2019-04-18,2019041801009026,SCB,35,56,100,621.00,"62,100.00"
2019-04-18,2019041801008961,SCB,45,56,400,621.00,"248,400.00"
2019-04-18,2019041801008960,SCB,45,28,100,619.00,"61,900.00"
2019-04-18,2019041801008734,SCB,40,1,138,620.00,"85,560.00"
2019-04-18,2019041801008577,SCB,17,17,30,618.00,"18,540.00"
2019-04-18,2019041801008756,SCB,5,41,70,620.00,"43,400.00"
2019-04-18,2019041801008755,SCB,5,34,38,620.00,"23,560.00"
2019-04-18,2019041801008735,SCB,40,34,62,620.00,"38,440.00"
2019-04-18,2019041801008838,SDESI,37,6,20,568.00,"11,360.00"
2019-04-18,2019041801008572,SDESI,55,21,13,563.00,"7,319.00"
2019-04-18,2019041801008596,SHIVM,50,13,50,309.00,"15,450.00"
2019-04-18,2019041801008573,SHIVM,50,50,210,307.00,"64,470.00"
2019-04-18,2019041801008556,SHIVM,26,50,50,307.00,"15,350.00"
2019-04-18,2019041801008781,SHPC,26,49,"1,500",228.00,"342,000.00"
2019-04-18,2019041801008678,SIC,33,26,10,"1,324.00","13,240.00"
2019-04-18,2019041801008865,SICL,32,3,50,888.00,"44,400.00"
2019-04-18,2019041801008999,SIL,44,56,10,615.00,"6,150.00"
2019-04-18,2019041801008998,SIL,44,50,45,610.00,"27,450.00"
2019-04-18,2019041801008965,SIL,44,50,155,610.00,"94,550.00"
2019-04-18,2019041801008964,SIL,44,49,145,610.00,"88,450.00"
2019-04-18,2019041801009025,SKBBL,41,45,361,994.00,"358,834.00"
2019-04-18,2019041801009024,SKBBL,41,42,70,994.00,"69,580.00"
2019-04-18,2019041801009023,SKBBL,41,14,31,990.00,"30,690.00"
2019-04-18,2019041801009022,SKBBL,41,33,200,990.00,"198,000.00"
2019-04-18,2019041801009021,SKBBL,41,33,38,990.00,"37,620.00"
2019-04-18,2019041801008698,SKBBL,47,33,62,990.00,"61,380.00"
2019-04-18,2019041801008660,SKBBL,56,37,136,990.00,"134,640.00"
2019-04-18,2019041801008659,SKBBL,56,21,62,990.00,"61,380.00"
2019-04-18,2019041801008641,SKBBL,47,21,50,988.00,"49,400.00"
2019-04-18,2019041801008584,SKBBL,39,21,50,988.00,"49,400.00"
2019-04-18,2019041801008565,SKBBL,56,51,31,987.00,"30,597.00"
2019-04-18,2019041801008646,SLBBL,25,35,100,501.00,"50,100.00"
2019-04-18,2019041801008970,SLICL,34,22,20,550.00,"11,000.00"
2019-04-18,2019041801008969,SLICL,34,49,568,550.00,"312,400.00"
2019-04-18,2019041801008968,SLICL,34,44,101,549.00,"55,449.00"
2019-04-18,2019041801008901,SLICL,39,44,100,545.00,"54,500.00"
2019-04-18,2019041801008730,SLICL,39,33,200,544.00,"108,800.00"
2019-04-18,2019041801008729,SLICL,37,33,100,544.00,"54,400.00"
2019-04-18,2019041801008930,SRBL,4,35,20,256.00,"5,120.00"
2019-04-18,2019041801008929,SRBL,4,13,72,256.00,"18,432.00"
2019-04-18,2019041801008928,SRBL,4,43,12,256.00,"3,072.00"
2019-04-18,2019041801008927,SRBL,4,45,139,256.00,"35,584.00"
2019-04-18,2019041801008926,SRBL,4,44,"1,400",255.00,"357,000.00"
2019-04-18,2019041801008912,SRBL,50,45,482,254.00,"122,428.00"
2019-04-18,2019041801008911,SRBL,39,45,18,254.00,"4,572.00"
2019-04-18,2019041801008753,SRBL,19,44,200,255.00,"51,000.00"
2019-04-18,2019041801008542,SRBL,39,6,18,254.00,"4,572.00"
2019-04-18,2019041801009007,SWBBL,49,33,220,913.00,"200,860.00"
2019-04-18,2019041801008754,SWBBL,7,29,161,906.00,"145,866.00"
2019-04-18,2019041801008618,UIC,45,40,10,845.00,"8,450.00"
2019-04-18,2019041801008617,UIC,46,40,10,845.00,"8,450.00"
2019-04-18,2019041801008616,UIC,17,40,270,846.00,"228,420.00"
2019-04-18,2019041801008790,UPCL,5,55,80,91.00,"7,280.00"
2019-04-18,2019041801008723,UPCL,5,57,100,91.00,"9,100.00"
2019-04-18,2019041801008643,UPCL,5,57,100,91.00,"9,100.00"
2019-04-18,2019041801008585,UPCL,41,57,100,91.00,"9,100.00"
2019-04-18,2019041801008916,UPPER,16,57,100,229.00,"22,900.00"
2019-04-18,2019041801008910,UPPER,42,57,200,229.00,"45,800.00"
2019-04-18,2019041801008890,UPPER,11,14,146,228.00,"33,288.00"
2019-04-18,2019041801008686,UPPER,57,57,75,229.00,"17,175.00"
2019-04-18,2019041801008682,UPPER,11,19,100,228.00,"22,800.00"
2019-04-18,2019041801008627,UPPER,41,57,150,229.00,"34,350.00"
2019-04-18,2019041801008701,VLBS,51,13,100,590.00,"59,000.00"
2019-04-18,2019041801008186,ADBL,4,51,"1,000",348.00,"348,000.00"
2019-04-18,2019041801008185,ADBL,4,53,"1,000",348.00,"348,000.00"
2019-04-18,2019041801008184,ADBL,4,45,50,348.00,"17,400.00"
2019-04-18,2019041801008183,ADBL,4,36,12,348.00,"4,176.00"
2019-04-18,2019041801008145,ADBL,4,53,"1,000",347.00,"347,000.00"
2019-04-18,2019041801008144,ADBL,4,34,600,347.00,"208,200.00"
2019-04-18,2019041801008143,ADBL,4,34,130,346.00,"44,980.00"
2019-04-18,2019041801008260,API,25,57,29,134.00,"3,886.00"
2019-04-18,2019041801008238,API,6,56,18,133.00,"2,394.00"
2019-04-18,2019041801008207,API,6,56,18,133.00,"2,394.00"
2019-04-18,2019041801008076,API,6,25,"1,000",133.00,"133,000.00"
2019-04-18,2019041801008064,API,17,57,500,134.00,"67,000.00"
2019-04-18,2019041801008532,BOKL,38,17,50,270.00,"13,500.00"
2019-04-18,2019041801008471,BOKL,58,21,100,270.00,"27,000.00"
2019-04-18,2019041801008369,BOKL,25,19,16,271.00,"4,336.00"
2019-04-18,2019041801008330,BOKL,25,53,200,271.00,"54,200.00"
2019-04-18,2019041801008329,BOKL,25,54,94,271.00,"25,474.00"
2019-04-18,2019041801008230,BOKL,43,54,906,271.00,"245,526.00"
2019-04-18,2019041801008223,BOKL,43,25,296,270.00,"79,920.00"
2019-04-18,2019041801008222,BOKL,43,38,75,270.00,"20,250.00"
2019-04-18,2019041801008221,BOKL,43,39,300,270.00,"81,000.00"
2019-04-18,2019041801008220,BOKL,43,35,713,270.00,"192,510.00"
2019-04-18,2019041801008229,BOKL,43,14,200,271.00,"54,200.00"
2019-04-18,2019041801008228,BOKL,43,41,"1,050",271.00,"284,550.00"
2019-04-18,2019041801008227,BOKL,43,35,"1,000",271.00,"271,000.00"
2019-04-18,2019041801008226,BOKL,43,28,232,271.00,"62,872.00"
2019-04-18,2019041801008225,BOKL,43,28,78,271.00,"21,138.00"
2019-04-18,2019041801008224,BOKL,43,6,150,271.00,"40,650.00"
2019-04-18,2019041801008414,BPCL,46,34,50,365.00,"18,250.00"
2019-04-18,2019041801008404,BPCL,1,17,33,364.00,"12,012.00"
2019-04-18,2019041801008215,BPCL,14,34,20,365.00,"7,300.00"
2019-04-18,2019041801008214,BPCL,1,34,90,365.00,"32,850.00"
2019-04-18,2019041801008138,BPCL,1,39,33,365.00,"12,045.00"
2019-04-18,2019041801008530,CBBL,14,58,19,"1,014.00","19,266.00"
2019-04-18,2019041801008529,CBBL,14,49,20,"1,014.00","20,280.00"
2019-04-18,2019041801008528,CBBL,14,16,20,"1,014.00","20,280.00"
2019-04-18,2019041801008527,CBBL,14,16,141,"1,014.00","142,974.00"
2019-04-18,2019041801008496,CBBL,14,16,150,"1,014.00","152,100.00"
2019-04-18,2019041801008495,CBBL,14,43,50,"1,013.00","50,650.00"
2019-04-18,2019041801008085,CBBL,58,6,100,"1,010.00","101,000.00"
2019-04-18,2019041801008244,CBBL,19,51,150,"1,010.00","151,500.00"
2019-04-18,2019041801008240,CBBL,42,51,27,"1,010.00","27,270.00"
2019-04-18,2019041801008239,CBBL,42,6,23,"1,009.00","23,207.00"
2019-04-18,2019041801008153,CBBL,34,11,10,"1,005.00","10,050.00"
2019-04-18,2019041801008086,CBBL,58,41,100,"1,010.00","101,000.00"
2019-04-18,2019041801008487,CBBL,49,49,"2,200","1,005.00","2,211,000.00"
2019-04-18,2019041801008475,CBBL,56,41,100,"1,006.00","100,600.00"
2019-04-18,2019041801008472,CBBL,28,57,300,"1,010.00","303,000.00"
2019-04-18,2019041801008322,CBBL,6,42,20,"1,012.00","20,240.00"
2019-04-18,2019041801008321,CBBL,6,28,100,"1,012.00","101,200.00"
2019-04-18,2019041801008320,CBBL,6,51,123,"1,010.00","124,230.00"
2019-04-18,2019041801008480,CBL,51,43,122,169.00,"20,618.00"
2019-04-18,2019041801008277,CBL,7,43,"1,000",169.00,"169,000.00"
2019-04-18,2019041801008276,CBL,5,43,"2,500",169.00,"422,500.00"
2019-04-18,2019041801008275,CBL,5,43,715,169.00,"120,835.00"
2019-04-18,2019041801008233,CBL,5,29,"1,785",169.00,"301,665.00"
2019-04-18,2019041801008232,CBL,51,29,500,169.00,"84,500.00"
2019-04-18,2019041801008231,CBL,19,29,715,169.00,"120,835.00"
2019-04-18,2019041801008070,CBL,19,21,"2,000",169.00,"338,000.00"
2019-04-18,2019041801008046,CBL,19,16,14,169.00,"2,366.00"
2019-04-18,2019041801008411,CCBL,58,14,50,171.00,"8,550.00"
2019-04-18,2019041801008376,CCBL,22,14,50,171.00,"8,550.00"
2019-04-18,2019041801008323,CCBL,40,14,200,170.00,"34,000.00"
2019-04-18,2019041801008237,CCBL,40,49,106,170.00,"18,020.00"
2019-04-18,2019041801008151,CHLBS,38,54,10,503.00,"5,030.00"
2019-04-18,2019041801008387,CIT,56,35,50,"2,532.00","126,600.00"
2019-04-18,2019041801008386,CIT,50,35,20,"2,532.00","50,640.00"
2019-04-18,2019041801008385,CIT,25,35,30,"2,533.00","75,990.00"
2019-04-18,2019041801008379,CMF1,40,45,"4,900",9.50,"46,550.00"
2019-04-18,2019041801008378,CMF1,40,55,"1,350",9.50,"12,825.00"
2019-04-18,2019041801008416,CZBIL,6,17,10,236.00,"2,360.00"
2019-04-18,2019041801008282,CZBIL,6,29,"2,496",236.00,"589,056.00"
2019-04-18,2019041801008124,CZBIL,42,29,50,237.00,"11,850.00"
2019-04-18,2019041801008113,CZBIL,6,28,400,236.00,"94,400.00"
2019-04-18,2019041801008204,DDBL,49,11,10,668.00,"6,680.00"
2019-04-18,2019041801008444,EBL,28,4,50,632.00,"31,600.00"
2019-04-18,2019041801008443,EBL,28,29,100,632.00,"63,200.00"
2019-04-18,2019041801008148,EBL,36,13,200,631.00,"126,200.00"
2019-04-18,2019041801008375,EBL,45,45,55,630.00,"34,650.00"
2019-04-18,2019041801008366,EBL,14,45,145,631.00,"91,495.00"
2019-04-18,2019041801008149,EBL,36,51,564,631.00,"355,884.00"
2019-04-18,2019041801008410,EIC,41,37,12,"1,000.00","12,000.00"
2019-04-18,2019041801008409,EIC,41,58,18,"1,000.00","18,000.00"
2019-04-18,2019041801008126,EIC,51,29,45,998.00,"44,910.00"
2019-04-18,2019041801008212,FMDBL,39,47,79,385.00,"30,415.00"
2019-04-18,2019041801008515,GBBL,25,10,264,202.00,"53,328.00"
2019-04-18,2019041801008457,GBBL,25,34,16,202.00,"3,232.00"
2019-04-18,2019041801008279,GBBL,25,28,376,202.00,"75,952.00"
2019-04-18,2019041801008278,GBBL,41,28,"1,000",202.00,"202,000.00"
2019-04-18,2019041801008455,GBIME,41,43,"1,500",293.00,"439,500.00"
2019-04-18,2019041801008454,GBIME,18,43,200,294.00,"58,800.00"
2019-04-18,2019041801008453,GBIME,59,43,100,294.00,"29,400.00"
2019-04-18,2019041801008426,GBIME,52,56,200,295.00,"59,000.00"
2019-04-18,2019041801008425,GBIME,52,54,200,295.00,"59,000.00"
2019-04-18,2019041801008200,GBIME,52,58,"1,000",294.00,"294,000.00"
2019-04-18,2019041801008199,GBIME,41,58,"1,000",294.00,"294,000.00"
2019-04-18,2019041801008198,GBIME,50,58,"1,789",294.00,"525,966.00"
2019-04-18,2019041801008236,GDBL,48,33,267,195.00,"52,065.00"
2019-04-18,2019041801008235,GDBL,51,33,12,195.00,"2,340.00"
2019-04-18,2019041801008482,GILB,19,45,11,"1,068.00","11,748.00"
2019-04-18,2019041801008308,GIMES1,13,22,100,8.70,870.00
2019-04-18,2019041801008157,GIMES1,13,22,800,8.60,"6,880.00"
2019-04-18,2019041801008107,GIMES1,13,52,"1,100",8.60,"9,460.00"
2019-04-18,2019041801008460,GLICL,17,53,200,523.00,"104,600.00"
2019-04-18,2019041801008284,GLICL,4,25,200,522.00,"104,400.00"
2019-04-18,2019041801008473,HBL,25,3,10,534.00,"5,340.00"
2019-04-18,2019041801008434,HBL,44,56,200,525.00,"105,000.00"
2019-04-18,2019041801008161,HBL,25,3,100,524.00,"52,400.00"
2019-04-18,2019041801008160,HBL,25,3,100,523.00,"52,300.00"
2019-04-18,2019041801008129,HBL,58,16,162,520.00,"84,240.00"
2019-04-18,2019041801008122,HBL,39,16,638,520.00,"331,760.00"
2019-04-18,2019041801008073,HBL,5,28,50,518.00,"25,900.00"
2019-04-18,2019041801008121,HBL,39,37,"1,000",520.00,"520,000.00"
2019-04-18,2019041801008120,HBL,39,3,100,520.00,"52,000.00"
2019-04-18,2019041801008119,HBL,39,58,50,520.00,"26,000.00"
2019-04-18,2019041801008118,HBL,39,51,926,519.00,"480,594.00"
2019-04-18,2019041801008117,HBL,39,6,86,519.00,"44,634.00"
2019-04-18,2019041801008116,HBL,39,48,200,519.00,"103,800.00"
2019-04-18,2019041801008283,HGI,40,58,190,392.00,"74,480.00"
2019-04-18,2019041801008159,HIDCL,25,13,200,137.00,"27,400.00"
2019-04-18,2019041801008147,HIDCL,25,57,157,137.00,"21,509.00"
2019-04-18,2019041801008146,HIDCL,25,57,61,137.00,"8,357.00"
2019-04-18,2019041801008392,JBNL,38,58,"1,000",189.00,"189,000.00"
2019-04-18,2019041801008391,JBNL,38,58,300,189.00,"56,700.00"
2019-04-18,2019041801008352,JBNL,38,38,700,189.00,"132,300.00"
2019-04-18,2019041801008346,JBNL,38,38,300,189.00,"56,700.00"
2019-04-18,2019041801008343,JBNL,38,58,194,187.00,"36,278.00"
2019-04-18,2019041801008342,JBNL,43,58,200,187.00,"37,400.00"
2019-04-18,2019041801008341,JBNL,49,58,"5,000",187.00,"935,000.00"
2019-04-18,2019041801008340,JBNL,34,58,200,187.00,"37,400.00"
2019-04-18,2019041801008339,JBNL,49,58,"2,106",187.00,"393,822.00"
2019-04-18,2019041801008338,JBNL,40,58,300,188.00,"56,400.00"
2019-04-18,2019041801008418,JBNLPO,57,49,"8,182",100.00,"818,200.00"
2019-04-18,2019041801008177,KBBL,29,16,"1,000",220.00,"220,000.00"
2019-04-18,2019041801008538,KBL,44,49,180,266.00,"47,880.00"
2019-04-18,2019041801008536,KBL,29,35,200,267.00,"53,400.00"
2019-04-18,2019041801008531,KBL,48,35,80,267.00,"21,360.00"
2019-04-18,2019041801008526,KBL,51,35,500,267.00,"133,500.00"
2019-04-18,2019041801008517,KBL,40,35,200,267.00,"53,400.00"
2019-04-18,2019041801008513,KBL,5,35,500,267.00,"133,500.00"
2019-04-18,2019041801008078,KBL,39,5,"1,900",266.00,"505,400.00"
2019-04-18,2019041801008077,KBL,39,32,192,266.00,"51,072.00"
2019-04-18,2019041801008065,KBL,32,40,412,265.00,"109,180.00"
2019-04-18,2019041801008047,KBL,26,32,211,266.00,"56,126.00"
2019-04-18,2019041801008084,KBL,39,33,591,266.00,"157,206.00"
2019-04-18,2019041801008083,KBL,39,21,300,266.00,"79,800.00"
2019-04-18,2019041801008082,KBL,39,54,302,266.00,"80,332.00"
2019-04-18,2019041801008081,KBL,39,21,"1,355",266.00,"360,430.00"
2019-04-18,2019041801008080,KBL,39,54,60,266.00,"15,960.00"
2019-04-18,2019041801008079,KBL,39,39,300,266.00,"79,800.00"
2019-04-18,2019041801008189,KBL,16,19,209,266.00,"55,594.00"
2019-04-18,2019041801008188,KBL,8,19,291,266.00,"77,406.00"
2019-04-18,2019041801008187,KBL,8,33,709,266.00,"188,594.00"
2019-04-18,2019041801008128,KBL,32,11,200,265.00,"53,000.00"
2019-04-18,2019041801008097,KBL,35,33,"1,000",266.00,"266,000.00"
2019-04-18,2019041801008095,KBL,37,33,100,266.00,"26,600.00"
2019-04-18,2019041801008213,KBL,35,4,300,266.00,"79,800.00"
2019-04-18,2019041801008194,KBL,16,4,113,266.00,"30,058.00"
2019-04-18,2019041801008193,KBL,16,4,500,266.00,"133,000.00"
2019-04-18,2019041801008192,KBL,16,58,300,266.00,"79,800.00"
2019-04-18,2019041801008191,KBL,16,48,600,266.00,"159,600.00"
2019-04-18,2019041801008190,KBL,16,25,278,266.00,"73,948.00"
2019-04-18,2019041801008293,KBL,59,50,"1,000",267.00,"267,000.00"
2019-04-18,2019041801008289,KBL,40,50,10,266.00,"2,660.00"
2019-04-18,2019041801008288,KBL,34,50,190,266.00,"50,540.00"
2019-04-18,2019041801008253,KBL,34,22,223,266.00,"59,318.00"
2019-04-18,2019041801008242,KBL,34,25,500,266.00,"133,000.00"
2019-04-18,2019041801008219,KBL,34,4,87,266.00,"23,142.00"
2019-04-18,2019041801008312,KBL,48,29,850,267.00,"226,950.00"
2019-04-18,2019041801008298,KBL,59,29,350,267.00,"93,450.00"
2019-04-18,2019041801008297,KBL,59,59,36,267.00,"9,612.00"
2019-04-18,2019041801008296,KBL,59,41,100,267.00,"26,700.00"
2019-04-18,2019041801008295,KBL,59,55,265,267.00,"70,755.00"
2019-04-18,2019041801008294,KBL,59,55,249,267.00,"66,483.00"
2019-04-18,2019041801008319,KBL,14,34,150,267.00,"40,050.00"
2019-04-18,2019041801008318,KBL,14,46,50,267.00,"13,350.00"
2019-04-18,2019041801008316,KBL,48,46,150,267.00,"40,050.00"
2019-04-18,2019041801008315,KBL,48,42,"1,000",267.00,"267,000.00"
2019-04-18,2019041801008314,KBL,48,33,500,267.00,"133,500.00"
2019-04-18,2019041801008313,KBL,48,43,"1,000",267.00,"267,000.00"
2019-04-18,2019041801008362,KBL,45,5,410,266.00,"109,060.00"
2019-04-18,2019041801008361,KBL,35,5,"1,000",266.00,"266,000.00"
2019-04-18,2019041801008360,KBL,40,5,490,266.00,"130,340.00"
2019-04-18,2019041801008351,KBL,42,34,200,267.00,"53,400.00"
2019-04-18,2019041801008344,KBL,26,34,500,267.00,"133,500.00"
2019-04-18,2019041801008325,KBL,40,10,500,266.00,"133,000.00"
2019-04-18,2019041801008400,KBL,40,46,350,267.00,"93,450.00"
2019-04-18,2019041801008399,KBL,40,34,150,267.00,"40,050.00"
2019-04-18,2019041801008395,KBL,48,17,77,266.00,"20,482.00"
2019-04-18,2019041801008394,KBL,45,34,500,267.00,"133,500.00"
2019-04-18,2019041801008364,KBL,48,48,116,266.00,"30,856.00"
2019-04-18,2019041801008363,KBL,45,48,90,266.00,"23,940.00"
2019-04-18,2019041801008421,KBL,51,34,500,267.00,"133,500.00"
2019-04-18,2019041801008417,KBL,47,34,150,267.00,"40,050.00"
2019-04-18,2019041801008413,KBL,22,34,500,267.00,"133,500.00"
2019-04-18,2019041801008403,KBL,44,13,114,266.00,"30,324.00"
2019-04-18,2019041801008402,KBL,51,34,150,267.00,"40,050.00"
2019-04-18,2019041801008401,KBL,51,46,"1,650",267.00,"440,550.00"
2019-04-18,2019041801008483,KBL,16,35,980,267.00,"261,660.00"
2019-04-18,2019041801008476,KBL,35,35,"1,000",267.00,"267,000.00"
2019-04-18,2019041801008449,KBL,41,35,220,267.00,"58,740.00"
2019-04-18,2019041801008440,KBL,35,35,800,267.00,"213,600.00"
2019-04-18,2019041801008436,KBL,19,21,100,268.00,"26,800.00"
2019-04-18,2019041801008422,KBL,35,34,200,267.00,"53,400.00"
2019-04-18,2019041801008507,KBL,57,35,"1,430",267.00,"381,810.00"
2019-04-18,2019041801008506,KBL,57,50,570,267.00,"152,190.00"
2019-04-18,2019041801008494,KBL,44,45,200,266.00,"53,200.00"
2019-04-18,2019041801008489,KBL,54,50,110,267.00,"29,370.00"
2019-04-18,2019041801008488,KBL,58,50,300,267.00,"80,100.00"
2019-04-18,2019041801008484,KBL,16,50,20,267.00,"5,340.00"
2019-04-18,2019041801008155,KKHC,42,28,40,79.00,"3,160.00"
2019-04-18,2019041801008154,KKHC,42,26,16,78.00,"1,248.00"
2019-04-18,2019041801008074,KPCL,16,16,10,90.00,900.00
2019-04-18,2019041801008478,KSBBL,32,34,28,146.00,"4,088.00"
2019-04-18,2019041801008345,KSBBL,1,32,27,147.00,"3,969.00"
2019-04-18,2019041801008245,KSBBL,32,59,800,146.00,"116,800.00"
2019-04-18,2019041801008285,LBBL,37,6,10,177.00,"1,770.00"
2019-04-18,2019041801008257,LBBL,37,39,100,177.00,"17,700.00"
2019-04-18,2019041801008256,LBBL,37,25,200,177.00,"35,400.00"
2019-04-18,2019041801008255,LBBL,37,14,130,177.00,"23,010.00"
2019-04-18,2019041801008518,LBL,40,4,500,228.00,"114,000.00"
2019-04-18,2019041801008477,LBL,40,4,500,228.00,"114,000.00"
2019-04-18,2019041801008431,LBL,40,43,"1,000",228.00,"228,000.00"
2019-04-18,2019041801008396,LBL,34,4,480,229.00,"109,920.00"
2019-04-18,2019041801008292,LBL,36,32,500,228.00,"114,000.00"
2019-04-18,2019041801008291,LBL,36,55,500,228.00,"114,000.00"
2019-04-18,2019041801008063,LBL,34,32,20,227.00,"4,540.00"
2019-04-18,2019041801008062,LBL,49,32,500,227.00,"113,500.00"
2019-04-18,2019041801008511,LGIL,13,49,60,514.00,"30,840.00"
2019-04-18,2019041801008435,LGIL,21,34,50,512.00,"25,600.00"
2019-04-18,2019041801008398,LLBS,37,7,88,817.00,"71,896.00"
2019-04-18,2019041801008286,LLBS,49,7,283,817.00,"231,211.00"
2019-04-18,2019041801008541,MBL,38,41,195,262.00,"51,090.00"
2019-04-18,2019041801008540,MBL,38,17,287,262.00,"75,194.00"
2019-04-18,2019041801008539,MBL,38,19,18,261.00,"4,698.00"
2019-04-18,2019041801008510,MBL,38,17,13,262.00,"3,406.00"
2019-04-18,2019041801008509,MBL,38,32,327,262.00,"85,674.00"
2019-04-18,2019041801008491,MBL,38,32,173,262.00,"45,326.00"
2019-04-18,2019041801008490,MBL,38,25,327,262.00,"85,674.00"
2019-04-18,2019041801008365,MEGA,56,39,30,178.00,"5,340.00"
2019-04-18,2019041801008304,MEGA,17,39,303,178.00,"53,934.00"
2019-04-18,2019041801008303,MEGA,17,57,197,178.00,"35,066.00"
2019-04-18,2019041801008249,MEGA,55,57,50,178.00,"8,900.00"
2019-04-18,2019041801008248,MEGA,55,28,10,178.00,"1,780.00"
2019-04-18,2019041801008243,MEGA,32,28,50,178.00,"8,900.00"
2019-04-18,2019041801008043,MEGA,19,56,100,178.00,"17,800.00"
2019-04-18,2019041801008042,MEGA,56,56,500,178.00,"89,000.00"
2019-04-18,2019041801008534,MERO,19,52,32,594.00,"19,008.00"
2019-04-18,2019041801008533,MERO,19,42,44,593.00,"26,092.00"
2019-04-18,2019041801008181,MLBL,33,37,343,175.00,"60,025.00"
2019-04-18,2019041801008180,MLBL,42,37,257,175.00,"44,975.00"
2019-04-18,2019041801008140,MMFDB,18,10,26,922.00,"23,972.00"
2019-04-18,2019041801008384,NABIL,56,3,145,806.00,"116,870.00"
2019-04-18,2019041801008359,NABIL,56,35,54,805.00,"43,470.00"
2019-04-18,2019041801008358,NABIL,56,50,160,805.00,"128,800.00"
2019-04-18,2019041801008357,NABIL,56,5,50,805.00,"40,250.00"
2019-04-18,2019041801008356,NABIL,56,50,100,805.00,"80,500.00"
2019-04-18,2019041801008355,NABIL,56,50,50,804.00,"40,200.00"
2019-04-18,2019041801008114,NABILP,59,6,"1,000",765.00,"765,000.00"
2019-04-18,2019041801008156,NABILP,58,48,60,766.00,"45,960.00"
2019-04-18,2019041801008508,NADEP,45,59,20,619.00,"12,380.00"
2019-04-18,2019041801008158,NADEP,38,48,10,616.00,"6,160.00"
2019-04-18,2019041801008512,NBB,5,21,99,223.00,"22,077.00"
2019-04-18,2019041801008408,NBB,45,14,"1,000",223.00,"223,000.00"
2019-04-18,2019041801008407,NBB,45,58,10,223.00,"2,230.00"
2019-04-18,2019041801008406,NBB,45,38,"1,000",223.00,"223,000.00"
2019-04-18,2019041801008405,NBB,45,53,300,223.00,"66,900.00"
2019-04-18,2019041801008302,NBB,21,53,200,223.00,"44,600.00"
2019-04-18,2019041801008287,NBB,5,53,100,223.00,"22,300.00"
2019-04-18,2019041801008269,NBB,45,6,400,222.00,"88,800.00"
2019-04-18,2019041801008176,NBB,45,52,173,222.00,"38,406.00"
2019-04-18,2019041801008470,NBL,34,39,"1,500",301.00,"451,500.00"
2019-04-18,2019041801008439,NBL,33,39,500,301.00,"150,500.00"
2019-04-18,2019041801008390,NBL,5,53,40,302.00,"12,080.00"
2019-04-18,2019041801008389,NBL,5,45,60,301.00,"18,060.00"
2019-04-18,2019041801008218,NBL,45,45,940,301.00,"282,940.00"
2019-04-18,2019041801008217,NBL,45,35,60,301.00,"18,060.00"
2019-04-18,2019041801008142,NBL,52,35,140,301.00,"42,140.00"
2019-04-18,2019041801008141,NBL,52,44,360,301.00,"108,360.00"
2019-04-18,2019041801008127,NBL,5,44,140,301.00,"42,140.00"
2019-04-18,2019041801008075,NBL,10,53,40,302.00,"12,080.00"
2019-04-18,2019041801008059,NBL,5,8,860,301.00,"258,860.00"
2019-04-18,2019041801008058,NBL,5,8,140,301.00,"42,140.00"
2019-04-18,2019041801008469,NCCB,26,38,699,230.00,"160,770.00"
2019-04-18,2019041801008468,NCCB,26,11,400,230.00,"92,000.00"
2019-04-18,2019041801008467,NCCB,26,28,11,230.00,"2,530.00"
2019-04-18,2019041801008466,NCCB,26,44,500,230.00,"115,000.00"
2019-04-18,2019041801008465,NCCB,26,34,200,230.00,"46,000.00"
2019-04-18,2019041801008464,NCCB,26,14,190,230.00,"43,700.00"
2019-04-18,2019041801008045,NCCB,59,4,30,229.00,"6,870.00"
2019-04-18,2019041801008441,NCCB,58,4,"2,000",229.00,"458,000.00"
2019-04-18,2019041801008252,NCCB,58,14,10,230.00,"2,300.00"
2019-04-18,2019041801008152,NCCB,58,42,239,229.00,"54,731.00"
2019-04-18,2019041801008068,NCCB,45,42,761,229.00,"174,269.00"
2019-04-18,2019041801008067,NCCB,45,5,500,229.00,"114,500.00"
2019-04-18,2019041801008066,NCCB,45,4,739,229.00,"169,231.00"
2019-04-18,2019041801008448,NCDBPO,57,49,"2,000",104.00,"208,000.00"
2019-04-18,2019041801008415,NGPL,1,48,11,118.00,"1,298.00"
2019-04-18,2019041801008459,NIB,48,25,500,552.00,"276,000.00"
2019-04-18,2019041801008263,NIB,58,50,72,551.00,"39,672.00"
2019-04-18,2019041801008262,NIB,58,39,11,551.00,"6,061.00"
2019-04-18,2019041801008474,NIBPO,59,17,50,508.00,"25,400.00"
2019-04-18,2019041801008268,NIBPO,17,17,50,508.00,"25,400.00"
2019-04-18,2019041801008516,NICA,36,6,575,483.00,"277,725.00"
2019-04-18,2019041801008412,NICA,14,45,92,482.00,"44,344.00"
2019-04-18,2019041801008377,NICA,50,45,100,482.00,"48,200.00"
2019-04-18,2019041801008368,NICA,22,45,260,482.00,"125,320.00"
2019-04-18,2019041801008251,NICA,18,45,300,482.00,"144,600.00"
2019-04-18,2019041801008250,NICA,11,45,200,482.00,"96,400.00"
2019-04-18,2019041801008178,NICA,25,45,48,483.00,"23,184.00"
2019-04-18,2019041801008109,NICA,25,45,152,483.00,"73,416.00"
2019-04-18,2019041801008108,NICA,42,45,48,483.00,"23,184.00"
2019-04-18,2019041801008096,NICA,42,17,202,483.00,"97,566.00"
2019-04-18,2019041801008069,NICGF,26,38,"5,000",9.18,"45,900.00"
2019-04-18,2019041801008093,NICL,46,52,100,382.00,"38,200.00"
2019-04-18,2019041801008234,NIL,22,49,120,524.00,"62,880.00"
2019-04-18,2019041801008130,NIL,21,6,300,523.00,"156,900.00"
2019-04-18,2019041801008134,NLG,41,59,10,815.00,"8,150.00"
2019-04-18,2019041801008092,NLG,44,59,50,815.00,"40,750.00"
2019-04-18,2019041801008091,NLG,39,59,555,816.00,"452,880.00"
2019-04-18,2019041801008456,NLIC,5,29,20,"1,109.00","22,180.00"
2019-04-18,2019041801008432,NLIC,5,17,17,"1,109.00","18,853.00"
2019-04-18,2019041801008428,NLIC,45,45,4,"1,110.00","4,440.00"
2019-04-18,2019041801008427,NLIC,45,40,16,"1,110.00","17,760.00"
2019-04-18,2019041801008274,NLIC,50,22,21,"1,107.00","23,247.00"
2019-04-18,2019041801008273,NLIC,45,22,10,"1,108.00","11,080.00"
2019-04-18,2019041801008524,NMB,7,52,25,384.00,"9,600.00"
2019-04-18,2019041801008462,NMB,7,4,"2,320",384.00,"890,880.00"
2019-04-18,2019041801008397,NMB,16,4,680,384.00,"261,120.00"
2019-04-18,2019041801008335,NMB,16,43,320,384.00,"122,880.00"
2019-04-18,2019041801008334,NMB,42,43,30,384.00,"11,520.00"
2019-04-18,2019041801008333,NMB,21,43,100,384.00,"38,400.00"
2019-04-18,2019041801008332,NMB,56,43,500,384.00,"192,000.00"
2019-04-18,2019041801008331,NMB,38,43,50,384.00,"19,200.00"
2019-04-18,2019041801008317,NMB,58,22,100,385.00,"38,500.00"
2019-04-18,2019041801008267,NMB,59,22,315,385.00,"121,275.00"
2019-04-18,2019041801008266,NMB,59,35,100,385.00,"38,500.00"
2019-04-18,2019041801008265,NMB,59,41,85,385.00,"32,725.00"
2019-04-18,2019041801008133,NMBMF,34,58,86,"1,010.00","86,860.00"
2019-04-18,2019041801008132,NMBMF,48,58,10,"1,010.00","10,100.00"
2019-04-18,2019041801008125,NMFBS,45,41,15,"1,615.00","24,225.00"
2019-04-18,2019041801008537,NSEWA,39,52,10,495.00,"4,950.00"
2019-04-18,2019041801008420,NTC,22,28,190,682.00,"129,580.00"
2019-04-18,2019041801008419,NTC,22,33,110,682.00,"75,020.00"
2019-04-18,2019041801008272,NTC,42,33,10,682.00,"6,820.00"
2019-04-18,2019041801008241,NUBL,5,11,40,810.00,"32,400.00"
2019-04-18,2019041801008206,OHL,16,46,100,458.00,"45,800.00"
2019-04-18,2019041801008205,OHL,16,10,30,457.00,"13,710.00"
2019-04-18,2019041801008290,OHL,16,57,500,460.00,"230,000.00"
2019-04-18,2019041801008216,OHL,16,55,15,458.00,"6,870.00"
2019-04-18,2019041801008175,PCBL,43,50,50,345.00,"17,250.00"
2019-04-18,2019041801008174,PCBL,43,43,520,345.00,"179,400.00"
2019-04-18,2019041801008173,PCBL,43,49,309,345.00,"106,605.00"
2019-04-18,2019041801008172,PCBL,43,44,"2,500",345.00,"862,500.00"
2019-04-18,2019041801008171,PCBL,43,41,50,345.00,"17,250.00"
2019-04-18,2019041801008170,PCBL,43,41,"1,000",345.00,"345,000.00"
2019-04-18,2019041801008163,PCBL,43,42,27,345.00,"9,315.00"
2019-04-18,2019041801008162,PCBL,43,50,132,345.00,"45,540.00"
2019-04-18,2019041801008169,PCBL,43,44,500,345.00,"172,500.00"
2019-04-18,2019041801008168,PCBL,43,16,50,345.00,"17,250.00"
2019-04-18,2019041801008167,PCBL,43,6,500,345.00,"172,500.00"
2019-04-18,2019041801008166,PCBL,43,13,11,345.00,"3,795.00"
2019-04-18,2019041801008165,PCBL,43,20,200,345.00,"69,000.00"
2019-04-18,2019041801008164,PCBL,43,25,101,345.00,"34,845.00"
2019-04-18,2019041801008131,PIC,6,49,52,"1,014.00","52,728.00"
2019-04-18,2019041801008182,PLIC,5,28,89,463.00,"41,207.00"
2019-04-18,2019041801008445,PMHPL,56,17,10,110.00,"1,100.00"
2019-04-18,2019041801008115,PMHPL,56,16,10,110.00,"1,100.00"
2019-04-18,2019041801008446,PRIN,16,16,300,421.00,"126,300.00"
2019-04-18,2019041801008246,PRIN,16,48,34,421.00,"14,314.00"
2019-04-18,2019041801008072,PRIN,16,26,200,421.00,"84,200.00"
2019-04-18,2019041801008481,PRVU,29,58,"3,000",278.00,"834,000.00"
2019-04-18,2019041801008452,PRVU,14,50,450,277.00,"124,650.00"
2019-04-18,2019041801008451,PRVU,28,50,500,277.00,"138,500.00"
2019-04-18,2019041801008450,PRVU,26,50,50,278.00,"13,900.00"
2019-04-18,2019041801008442,PRVU,26,43,950,278.00,"264,100.00"
2019-04-18,2019041801008150,PRVU,59,39,"1,000",279.00,"279,000.00"
2019-04-18,2019041801008123,PRVU,29,58,50,278.00,"13,900.00"
2019-04-18,2019041801008088,PRVU,48,39,200,279.00,"55,800.00"
2019-04-18,2019041801008087,PRVU,49,39,800,279.00,"223,200.00"
2019-04-18,2019041801008044,PRVU,49,47,200,279.00,"55,800.00"
2019-04-18,2019041801008197,PRVU,50,58,"2,000",278.00,"556,000.00"
2019-04-18,2019041801008196,PRVU,7,58,300,278.00,"83,400.00"
2019-04-18,2019041801008195,PRVU,29,58,"2,485",278.00,"690,830.00"
2019-04-18,2019041801008179,PRVU,59,39,500,279.00,"139,500.00"
2019-04-18,2019041801008281,PRVU,29,13,500,278.00,"139,000.00"
2019-04-18,2019041801008280,PRVU,29,58,215,278.00,"59,770.00"
2019-04-18,2019041801008433,PRVU,52,43,50,278.00,"13,900.00"
2019-04-18,2019041801008374,PRVU,5,43,"1,000",277.00,"277,000.00"
2019-04-18,2019041801008373,PRVU,28,43,"1,500",277.00,"415,500.00"
2019-04-18,2019041801008372,PRVU,40,43,500,277.00,"138,500.00"
2019-04-18,2019041801008371,PRVU,40,43,500,277.00,"138,500.00"
2019-04-18,2019041801008370,PRVU,40,43,300,277.00,"83,100.00"
2019-04-18,2019041801008211,RADHI,22,28,600,160.00,"96,000.00"
2019-04-18,2019041801008210,RADHI,29,28,10,160.00,"1,600.00"
2019-04-18,2019041801008209,RADHI,41,28,200,162.00,"32,400.00"
2019-04-18,2019041801008208,RADHI,11,28,260,162.00,"42,120.00"
2019-04-18,2019041801008535,RBCL,57,52,10,"9,100.00","91,000.00"
2019-04-18,2019041801008393,RBCL,45,52,10,"9,100.00","91,000.00"
2019-04-18,2019041801008328,RHPC,1,19,13,90.00,"1,170.00"
2019-04-18,2019041801008327,RHPC,6,19,100,90.00,"9,000.00"
2019-04-18,2019041801008326,RHPC,17,19,482,90.00,"43,380.00"
2019-04-18,2019041801008311,RHPC,54,19,14,91.00,"1,274.00"
2019-04-18,2019041801008309,RHPC,19,19,10,92.00,920.00
2019-04-18,2019041801008458,RRHP,25,17,10,91.00,910.00
2019-04-18,2019041801008310,RRHP,22,55,180,92.00,"16,560.00"
2019-04-18,2019041801008094,RRHP,25,16,10,91.00,910.00
2019-04-18,2019041801008259,SANIMA,46,5,10,345.00,"3,450.00"
2019-04-18,2019041801008258,SANIMA,46,26,48,344.00,"16,512.00"
2019-04-18,2019041801008112,SANIMA,45,21,350,342.00,"119,700.00"
2019-04-18,2019041801008111,SANIMA,19,25,232,344.00,"79,808.00"
2019-04-18,2019041801008110,SANIMA,19,29,238,344.00,"81,872.00"
2019-04-18,2019041801008505,SBI,29,16,95,458.00,"43,510.00"
2019-04-18,2019041801008504,SBI,29,16,300,458.00,"137,400.00"
2019-04-18,2019041801008503,SBI,44,16,100,458.00,"45,800.00"
2019-04-18,2019041801008502,SBI,13,16,200,458.00,"91,600.00"
2019-04-18,2019041801008501,SBI,40,16,300,458.00,"137,400.00"
2019-04-18,2019041801008500,SBI,34,16,200,459.00,"91,800.00"
2019-04-18,2019041801008299,SBI,59,25,100,462.00,"46,200.00"
2019-04-18,2019041801008270,SBI,34,25,200,462.00,"92,400.00"
2019-04-18,2019041801008137,SBI,59,59,21,461.00,"9,681.00"
2019-04-18,2019041801008106,SBI,59,13,150,461.00,"69,150.00"
2019-04-18,2019041801008105,SBI,59,43,100,461.00,"46,100.00"
2019-04-18,2019041801008499,SBI,34,16,45,459.00,"20,655.00"
2019-04-18,2019041801008498,SBI,1,16,150,460.00,"69,000.00"
2019-04-18,2019041801008486,SBI,1,17,50,460.00,"23,000.00"
2019-04-18,2019041801008324,SBI,6,57,300,462.00,"138,600.00"
2019-04-18,2019041801008301,SBI,59,57,29,462.00,"13,398.00"
2019-04-18,2019041801008300,SBI,59,51,100,462.00,"46,200.00"
2019-04-18,2019041801008388,SBL,36,14,200,353.00,"70,600.00"
2019-04-18,2019041801008353,SBL,44,46,32,351.00,"11,232.00"
2019-04-18,2019041801008254,SBL,44,11,50,351.00,"17,550.00"
2019-04-18,2019041801008104,SBL,4,41,599,352.00,"210,848.00"
2019-04-18,2019041801008103,SBL,4,46,400,352.00,"140,800.00"
2019-04-18,2019041801008102,SBL,4,22,85,352.00,"29,920.00"
2019-04-18,2019041801008101,SBL,4,32,411,351.00,"144,261.00"
2019-04-18,2019041801008090,SBL,44,17,170,351.00,"59,670.00"
2019-04-18,2019041801008089,SBL,44,57,339,351.00,"118,989.00"
2019-04-18,2019041801008061,SBL,52,57,161,351.00,"56,511.00"
2019-04-18,2019041801008060,SBL,52,36,139,351.00,"48,789.00"
2019-04-18,2019041801008264,SCB,45,47,19,617.00,"11,723.00"
2019-04-18,2019041801008247,SEF,36,52,100,9.50,950.00
2019-04-18,2019041801008479,SEOS,41,22,500,10.04,"5,020.00"
2019-04-18,2019041801008383,SHINE,8,28,500,232.00,"116,000.00"
2019-04-18,2019041801008382,SHINE,55,28,200,233.00,"46,600.00"
2019-04-18,2019041801008381,SHINE,57,28,50,233.00,"11,650.00"
2019-04-18,2019041801008380,SHINE,33,28,100,233.00,"23,300.00"
2019-04-18,2019041801008337,SHINE,25,28,200,234.00,"46,800.00"
2019-04-18,2019041801008336,SHINE,33,28,500,234.00,"117,000.00"
2019-04-18,2019041801008349,SHIVM,34,50,40,309.00,"12,360.00"
2019-04-18,2019041801008051,SHIVM,58,56,10,308.00,"3,080.00"
2019-04-18,2019041801008050,SHIVM,58,28,"1,080",308.00,"332,640.00"
2019-04-18,2019041801008049,SHIVM,58,58,50,308.00,"15,400.00"
2019-04-18,2019041801008048,SHIVM,58,6,180,308.00,"55,440.00"
2019-04-18,2019041801008098,SHIVM,58,7,70,310.00,"21,700.00"
2019-04-18,2019041801008056,SHIVM,58,38,100,310.00,"31,000.00"
2019-04-18,2019041801008055,SHIVM,58,54,50,310.00,"15,500.00"
2019-04-18,2019041801008054,SHIVM,58,6,20,310.00,"6,200.00"
2019-04-18,2019041801008053,SHIVM,58,58,50,310.00,"15,500.00"
2019-04-18,2019041801008052,SHIVM,58,1,90,310.00,"27,900.00"
2019-04-18,2019041801008424,SHPC,22,7,50,229.00,"11,450.00"
2019-04-18,2019041801008203,SHPC,17,7,420,229.00,"96,180.00"
2019-04-18,2019041801008202,SHPC,17,56,100,229.00,"22,900.00"
2019-04-18,2019041801008100,SHPC,17,32,220,228.00,"50,160.00"
2019-04-18,2019041801008099,SHPC,17,52,260,228.00,"59,280.00"
2019-04-18,2019041801008430,SLBSL,37,59,10,655.00,"6,550.00"
2019-04-18,2019041801008429,SLBSL,37,41,10,650.00,"6,500.00"
2019-04-18,2019041801008367,SLBSL,17,47,10,643.00,"6,430.00"
2019-04-18,2019041801008438,SLICL,22,42,44,545.00,"23,980.00"
2019-04-18,2019041801008307,SLICL,22,25,56,545.00,"30,520.00"
2019-04-18,2019041801008306,SLICL,39,25,95,546.00,"51,870.00"
2019-04-18,2019041801008305,SLICL,32,25,49,547.00,"26,803.00"
2019-04-18,2019041801008271,SLICL,39,46,40,549.00,"21,960.00"
2019-04-18,2019041801008493,SRBL,39,48,90,254.00,"22,860.00"
2019-04-18,2019041801008492,SRBL,39,34,274,254.00,"69,596.00"
2019-04-18,2019041801008354,SRBL,52,34,67,253.00,"16,951.00"
2019-04-18,2019041801008348,SRBL,40,34,83,253.00,"20,999.00"
2019-04-18,2019041801008347,SRBL,40,4,917,253.00,"232,001.00"
2019-04-18,2019041801008261,SRBL,19,4,"1,000",253.00,"253,000.00"
2019-04-18,2019041801008139,SRBL,4,16,30,252.00,"7,560.00"
2019-04-18,2019041801008071,SRBL,4,49,95,252.00,"23,940.00"
2019-04-18,2019041801008525,UIC,34,7,80,850.00,"68,000.00"
2019-04-18,2019041801008447,UIC,34,7,30,850.00,"25,500.00"
2019-04-18,2019041801008437,UIC,34,29,20,850.00,"17,000.00"
2019-04-18,2019041801008423,UIC,41,29,30,850.00,"25,500.00"
2019-04-18,2019041801008350,UIC,58,29,50,850.00,"42,500.00"
2019-04-18,2019041801008136,UIC,17,52,230,846.00,"194,580.00"
2019-04-18,2019041801008135,UIC,32,52,70,847.00,"59,290.00"
2019-04-18,2019041801008463,UMHL,58,17,10,112.00,"1,120.00"
2019-04-18,2019041801008514,UPCL,41,54,50,91.00,"4,550.00"
2019-04-18,2019041801008485,UPCL,41,17,50,91.00,"4,550.00"
2019-04-18,2019041801008497,UPPER,11,17,50,228.00,"11,400.00"
2019-04-18,2019041801008461,UPPER,39,57,293,229.00,"67,097.00"
2019-04-18,2019041801008201,UPPER,11,39,50,228.00,"11,400.00"
2019-04-18,2019041801008057,UPPER,11,41,80,228.00,"18,240.00"
2019-04-18,2019041801008523,VLBS,45,41,500,590.00,"295,000.00"
2019-04-18,2019041801008522,VLBS,1,41,100,591.00,"59,100.00"
2019-04-18,2019041801008521,VLBS,37,41,50,592.00,"29,600.00"
2019-04-18,2019041801008520,VLBS,51,41,50,592.00,"29,600.00"
2019-04-18,2019041801008519,VLBS,57,41,42,593.00,"24,906.00"
2019-04-18,2019041801007994,ADBL,14,43,39,345.00,"13,455.00"
2019-04-18,2019041801007966,ADBL,19,43,100,344.00,"34,400.00"
2019-04-18,2019041801007965,ADBL,4,43,500,344.00,"172,000.00"
2019-04-18,2019041801007964,ADBL,19,43,700,344.00,"240,800.00"
2019-04-18,2019041801007963,ADBL,58,43,409,344.00,"140,696.00"
2019-04-18,2019041801007940,ADBL,14,43,461,345.00,"159,045.00"
2019-04-18,2019041801007934,ADBL,14,59,20,345.00,"6,900.00"
2019-04-18,2019041801007841,ADBL,14,17,419,345.00,"144,555.00"
2019-04-18,2019041801007751,ADBL,14,40,100,345.00,"34,500.00"
2019-04-18,2019041801007662,ADBL,58,56,91,344.00,"31,304.00"
2019-04-18,2019041801007619,ADBL,52,40,100,345.00,"34,500.00"
2019-04-18,2019041801007618,ADBL,14,40,800,345.00,"276,000.00"
2019-04-18,2019041801008002,AHPC,21,57,70,100.00,"7,000.00"
2019-04-18,2019041801007600,ALBSL,29,55,80,464.00,"37,120.00"
2019-04-18,2019041801007570,ALBSL,29,13,80,464.00,"37,120.00"
2019-04-18,2019041801007569,ALBSL,29,13,10,464.00,"4,640.00"
2019-04-18,2019041801007568,ALBSL,41,13,50,464.00,"23,200.00"
2019-04-18,2019041801007567,ALBSL,14,13,40,466.00,"18,640.00"
2019-04-18,2019041801007566,ALBSL,25,13,10,466.00,"4,660.00"
2019-04-18,2019041801007565,ALBSL,52,13,100,467.00,"46,700.00"
2019-04-18,2019041801007564,ALBSL,33,13,60,467.00,"28,020.00"
2019-04-18,2019041801007563,ALBSL,41,13,50,468.00,"23,400.00"
2019-04-18,2019041801007562,ALBSL,42,13,40,469.00,"18,760.00"
2019-04-18,2019041801008014,API,6,58,500,133.00,"66,500.00"
2019-04-18,2019041801007823,API,40,57,500,134.00,"67,000.00"
2019-04-18,2019041801007668,API,40,34,14,134.00,"1,876.00"
2019-04-18,2019041801007667,API,40,41,16,134.00,"2,144.00"
2019-04-18,2019041801007666,API,40,4,329,134.00,"44,086.00"
2019-04-18,2019041801007909,BARUN,39,55,700,93.00,"65,100.00"
2019-04-18,2019041801007858,BOKL,29,35,50,270.00,"13,500.00"
2019-04-18,2019041801007759,BOKL,59,43,251,269.00,"67,519.00"
2019-04-18,2019041801007727,BOKL,42,43,149,269.00,"40,081.00"
2019-04-18,2019041801007580,BOKL,49,35,500,270.00,"135,000.00"
2019-04-18,2019041801008016,CBBL,49,49,919,"1,005.00","923,595.00"
2019-04-18,2019041801007969,CBBL,34,17,19,"1,005.00","19,095.00"
2019-04-18,2019041801007941,CBBL,34,17,33,"1,008.00","33,264.00"
2019-04-18,2019041801007783,CBBL,10,52,150,"1,007.00","151,050.00"
2019-04-18,2019041801007782,CBBL,10,42,150,"1,006.00","150,900.00"
2019-04-18,2019041801007755,CBBL,56,17,50,"1,005.00","50,250.00"
2019-04-18,2019041801007925,CBBL,44,13,100,"1,009.00","100,900.00"
2019-04-18,2019041801007924,CBBL,44,55,20,"1,009.00","20,180.00"
2019-04-18,2019041801007896,CBBL,34,47,500,"1,008.00","504,000.00"
2019-04-18,2019041801007895,CBBL,34,57,250,"1,008.00","252,000.00"
2019-04-18,2019041801007845,CBBL,7,58,426,"1,004.00","427,704.00"
2019-04-18,2019041801007844,CBBL,56,58,50,"1,005.00","50,250.00"
2019-04-18,2019041801008034,CBL,19,44,"1,000",169.00,"169,000.00"
2019-04-18,2019041801007981,CBL,19,22,278,169.00,"46,982.00"
2019-04-18,2019041801007859,CBL,19,6,538,169.00,"90,922.00"
2019-04-18,2019041801007699,CBL,19,58,50,169.00,"8,450.00"
2019-04-18,2019041801007697,CBL,41,47,30,170.00,"5,100.00"
2019-04-18,2019041801007676,CBL,19,34,405,169.00,"68,445.00"
2019-04-18,2019041801007590,CBL,57,52,126,170.00,"21,420.00"
2019-04-18,2019041801007589,CBL,57,56,50,170.00,"8,500.00"
2019-04-18,2019041801007588,CBL,57,48,500,170.00,"85,000.00"
2019-04-18,2019041801007675,CBL,26,34,"1,700",169.00,"287,300.00"
2019-04-18,2019041801007674,CBL,26,34,943,169.00,"159,367.00"
2019-04-18,2019041801007594,CBL,57,47,223,170.00,"37,910.00"
2019-04-18,2019041801007593,CBL,57,56,101,170.00,"17,170.00"
2019-04-18,2019041801007592,CBL,57,33,500,170.00,"85,000.00"
2019-04-18,2019041801007591,CBL,57,6,500,170.00,"85,000.00"
2019-04-18,2019041801007748,CHCL,56,10,151,505.00,"76,255.00"
2019-04-18,2019041801007747,CHCL,49,10,30,505.00,"15,150.00"
2019-04-18,2019041801007746,CHCL,46,10,200,505.00,"101,000.00"
2019-04-18,2019041801007745,CHCL,51,10,100,505.00,"50,500.00"
2019-04-18,2019041801007744,CHCL,56,10,119,505.00,"60,095.00"
2019-04-18,2019041801007967,CZBIL,45,29,39,237.00,"9,243.00"
2019-04-18,2019041801007726,CZBIL,40,29,385,237.00,"91,245.00"
2019-04-18,2019041801007725,CZBIL,40,33,115,237.00,"27,255.00"
2019-04-18,2019041801007715,CZBIL,40,33,106,237.00,"25,122.00"
2019-04-18,2019041801007714,CZBIL,40,51,144,237.00,"34,128.00"
2019-04-18,2019041801007713,CZBIL,40,28,250,237.00,"59,250.00"
2019-04-18,2019041801007672,CZBIL,46,28,250,237.00,"59,250.00"
2019-04-18,2019041801007671,CZBIL,46,43,250,237.00,"59,250.00"
2019-04-18,2019041801007657,CZBIL,6,19,90,236.00,"21,240.00"
2019-04-18,2019041801008010,DBBL,51,22,100,129.00,"12,900.00"
2019-04-18,2019041801007605,DBBL,42,37,50,130.00,"6,500.00"
2019-04-18,2019041801007604,DBBL,42,54,250,130.00,"32,500.00"
2019-04-18,2019041801007601,DBBL,1,54,50,130.00,"6,500.00"
2019-04-18,2019041801007968,DDBL,49,19,48,668.00,"32,064.00"
2019-04-18,2019041801007873,DDBL,49,17,117,668.00,"78,156.00"
2019-04-18,2019041801007872,DDBL,17,17,10,668.00,"6,680.00"
2019-04-18,2019041801008007,EBL,45,36,40,630.00,"25,200.00"
2019-04-18,2019041801007543,EBL,58,35,300,628.00,"188,400.00"
2019-04-18,2019041801007797,EBL,49,5,200,628.00,"125,600.00"
2019-04-18,2019041801007690,EBL,49,35,700,628.00,"439,600.00"
2019-04-18,2019041801007678,EBL,36,35,"1,000",628.00,"628,000.00"
2019-04-18,2019041801007582,EBL,14,17,50,627.00,"31,350.00"
2019-04-18,2019041801007798,EBL,14,36,15,629.00,"9,435.00"
2019-04-18,2019041801007982,EIC,19,29,35,998.00,"34,930.00"
2019-04-18,2019041801007826,EIC,42,29,100,998.00,"99,800.00"
2019-04-18,2019041801007743,EIC,54,10,32,995.00,"31,840.00"
2019-04-18,2019041801007742,EIC,19,10,100,997.00,"99,700.00"
2019-04-18,2019041801007673,EIC,22,29,120,998.00,"119,760.00"
2019-04-18,2019041801007542,EIC,43,38,10,999.00,"9,990.00"
2019-04-18,2019041801007758,GBBL,22,10,736,203.00,"149,408.00"
2019-04-18,2019041801007757,GBBL,22,32,264,203.00,"53,592.00"
2019-04-18,2019041801007644,GBBL,43,32,236,203.00,"47,908.00"
2019-04-18,2019041801008038,GBIME,50,40,211,294.00,"62,034.00"
2019-04-18,2019041801008015,GBIME,59,58,200,295.00,"59,000.00"
2019-04-18,2019041801007919,GBIME,19,58,90,295.00,"26,550.00"
2019-04-18,2019041801007850,GBIME,19,21,10,295.00,"2,950.00"
2019-04-18,2019041801007849,GBIME,18,21,100,295.00,"29,500.00"
2019-04-18,2019041801007848,GBIME,19,21,40,295.00,"11,800.00"
2019-04-18,2019041801007847,GBIME,39,21,50,295.00,"14,750.00"
2019-04-18,2019041801007827,GBIME,39,49,100,295.00,"29,500.00"
2019-04-18,2019041801007607,GBLBS,42,10,130,352.00,"45,760.00"
2019-04-18,2019041801007698,GDBL,45,7,231,196.00,"45,276.00"
2019-04-18,2019041801007799,GDBL,45,4,"1,000",196.00,"196,000.00"
2019-04-18,2019041801007724,GDBL,26,33,10,197.00,"1,970.00"
2019-04-18,2019041801007723,GDBL,45,35,70,196.00,"13,720.00"
2019-04-18,2019041801007851,GDBL,45,32,135,196.00,"26,460.00"
2019-04-18,2019041801007991,GLICL,56,57,100,525.00,"52,500.00"
2019-04-18,2019041801007960,GUFL,58,49,10,114.00,"1,140.00"
2019-04-18,2019041801007706,HBL,58,58,500,517.00,"258,500.00"
2019-04-18,2019041801007705,HBL,58,29,100,517.00,"51,700.00"
2019-04-18,2019041801007704,HBL,58,16,900,516.00,"464,400.00"
2019-04-18,2019041801007703,HBL,58,3,100,516.00,"51,600.00"
2019-04-18,2019041801007702,HBL,58,58,500,515.00,"257,500.00"
2019-04-18,2019041801007693,HBL,58,10,133,510.00,"67,830.00"
2019-04-18,2019041801007692,HBL,58,36,126,510.00,"64,260.00"
2019-04-18,2019041801007990,HIDCL,25,22,124,137.00,"16,988.00"
2019-04-18,2019041801008037,JBBL,1,32,436,139.00,"60,604.00"
2019-04-18,2019041801008036,JBBL,8,32,388,139.00,"53,932.00"
2019-04-18,2019041801007802,JBBL,8,55,112,139.00,"15,568.00"
2019-04-18,2019041801007801,JBBL,34,55,411,139.00,"57,129.00"
2019-04-18,2019041801008001,JBNL,56,28,200,189.00,"37,800.00"
2019-04-18,2019041801008000,JBNL,56,38,"1,000",189.00,"189,000.00"
2019-04-18,2019041801007999,JBNL,56,32,300,189.00,"56,700.00"
2019-04-18,2019041801007787,KADBL,33,13,500,164.00,"82,000.00"
2019-04-18,2019041801007997,KBL,49,32,50,266.00,"13,300.00"
2019-04-18,2019041801007992,KBL,44,32,250,266.00,"66,500.00"
2019-04-18,2019041801007980,KBL,32,18,100,265.00,"26,500.00"
2019-04-18,2019041801007971,KBL,32,50,683,265.00,"180,995.00"
2019-04-18,2019041801007932,KBL,14,32,297,266.00,"79,002.00"
2019-04-18,2019041801007931,KBL,14,4,703,266.00,"186,998.00"
2019-04-18,2019041801007575,KBL,19,39,100,266.00,"26,600.00"
2019-04-18,2019041801007571,KBL,26,39,500,266.00,"133,000.00"
2019-04-18,2019041801007557,KBL,10,10,200,265.00,"53,000.00"
2019-04-18,2019041801007546,KBL,10,55,50,265.00,"13,250.00"
2019-04-18,2019041801007544,KBL,45,39,50,266.00,"13,300.00"
2019-04-18,2019041801007647,KBL,10,29,40,265.00,"10,600.00"
2019-04-18,2019041801007639,KBL,41,4,30,266.00,"7,980.00"
2019-04-18,2019041801007603,KBL,14,4,687,266.00,"182,742.00"
2019-04-18,2019041801007602,KBL,14,39,63,266.00,"16,758.00"
2019-04-18,2019041801007587,KBL,6,39,50,266.00,"13,300.00"
2019-04-18,2019041801007586,KBL,10,52,200,265.00,"53,000.00"
2019-04-18,2019041801007754,KBL,21,4,140,266.00,"37,240.00"
2019-04-18,2019041801007753,KBL,41,4,100,266.00,"26,600.00"
2019-04-18,2019041801007710,KBL,34,40,136,265.00,"36,040.00"
2019-04-18,2019041801007709,KBL,48,40,100,265.00,"26,500.00"
2019-04-18,2019041801007708,KBL,10,40,64,265.00,"16,960.00"
2019-04-18,2019041801007650,KBL,10,34,241,265.00,"63,865.00"
2019-04-18,2019041801007794,KBL,58,38,244,265.00,"64,660.00"
2019-04-18,2019041801007788,KBL,58,20,20,265.00,"5,300.00"
2019-04-18,2019041801007773,KBL,58,20,736,265.00,"195,040.00"
2019-04-18,2019041801007772,KBL,19,20,100,265.00,"26,500.00"
2019-04-18,2019041801007771,KBL,34,20,400,265.00,"106,000.00"
2019-04-18,2019041801007770,KBL,34,20,364,265.00,"96,460.00"
2019-04-18,2019041801007878,KBL,42,4,100,266.00,"26,600.00"
2019-04-18,2019041801007860,KBL,26,4,30,266.00,"7,980.00"
2019-04-18,2019041801007820,KBL,26,53,956,265.00,"253,340.00"
2019-04-18,2019041801007819,KBL,3,53,44,265.00,"11,660.00"
2019-04-18,2019041801007796,KBL,3,38,56,265.00,"14,840.00"
2019-04-18,2019041801007795,KBL,35,38,200,265.00,"53,000.00"
2019-04-18,2019041801007920,KBL,48,4,100,266.00,"26,600.00"
2019-04-18,2019041801007908,KBL,17,4,110,266.00,"29,260.00"
2019-04-18,2019041801007882,KBL,32,57,406,265.00,"107,590.00"
2019-04-18,2019041801007881,KBL,58,57,500,265.00,"132,500.00"
2019-04-18,2019041801007880,KBL,45,57,50,265.00,"13,250.00"
2019-04-18,2019041801007879,KBL,26,57,44,265.00,"11,660.00"
2019-04-18,2019041801007899,KNBL,34,32,312,126.00,"39,312.00"
2019-04-18,2019041801007898,KNBL,52,32,100,126.00,"12,600.00"
2019-04-18,2019041801007545,KPCL,16,26,10,90.00,900.00
2019-04-18,2019041801007556,KRBL,59,26,56,100.00,"5,600.00"
2019-04-18,2019041801007837,KSBBL,32,14,200,146.00,"29,200.00"
2019-04-18,2019041801007573,KSBBL,21,26,35,145.00,"5,075.00"
2019-04-18,2019041801007927,LBBL,21,54,100,176.00,"17,600.00"
2019-04-18,2019041801007951,LBL,49,49,"8,797",227.00,"1,996,919.00"
2019-04-18,2019041801007620,LBL,49,26,"1,000",228.00,"228,000.00"
2019-04-18,2019041801007584,LGIL,34,49,100,515.00,"51,500.00"
2019-04-18,2019041801007583,LGIL,44,49,50,515.00,"25,750.00"
2019-04-18,2019041801007669,LLBS,49,28,17,817.00,"13,889.00"
2019-04-18,2019041801008030,MBL,38,1,160,261.00,"41,760.00"
2019-04-18,2019041801008021,MBL,13,1,140,261.00,"36,540.00"
2019-04-18,2019041801007949,MBL,13,26,230,261.00,"60,030.00"
2019-04-18,2019041801007948,MBL,57,26,200,261.00,"52,200.00"
2019-04-18,2019041801007947,MBL,25,26,370,261.00,"96,570.00"
2019-04-18,2019041801007839,MBL,40,25,73,262.00,"19,126.00"
2019-04-18,2019041801007572,MBL,25,21,500,261.00,"130,500.00"
2019-04-18,2019041801008041,MEGA,28,56,424,178.00,"75,472.00"
2019-04-18,2019041801008040,MEGA,47,28,"1,000",179.00,"179,000.00"
2019-04-18,2019041801007640,MEGA,28,35,11,178.00,"1,958.00"
2019-04-18,2019041801007623,MEGA,28,58,565,178.00,"100,570.00"
2019-04-18,2019041801007622,MEGA,58,58,980,178.00,"174,440.00"
2019-04-18,2019041801007621,MEGA,48,55,"1,000",179.00,"179,000.00"
2019-04-18,2019041801007805,MERO,10,6,16,590.00,"9,440.00"
2019-04-18,2019041801007681,MERO,10,34,25,590.00,"14,750.00"
2019-04-18,2019041801007680,MERO,50,34,25,591.00,"14,775.00"
2019-04-18,2019041801007585,MFIL,47,26,366,113.00,"41,358.00"
2019-04-18,2019041801008019,MHNL,37,58,40,95.00,"3,800.00"
2019-04-18,2019041801007988,MLBBL,28,51,50,481.00,"24,050.00"
2019-04-18,2019041801007987,MLBBL,47,51,50,486.00,"24,300.00"
2019-04-18,2019041801007599,MLBL,42,26,43,175.00,"7,525.00"
2019-04-18,2019041801007740,MMFDB,17,51,38,918.00,"34,884.00"
2019-04-18,2019041801007739,MMFDB,41,51,100,918.00,"91,800.00"
2019-04-18,2019041801007554,MNBBL,49,36,527,378.00,"199,206.00"
2019-04-18,2019041801007553,MNBBL,51,36,100,378.00,"37,800.00"
2019-04-18,2019041801007552,MNBBL,45,36,150,378.00,"56,700.00"
2019-04-18,2019041801007551,MNBBL,53,36,150,379.00,"56,850.00"
2019-04-18,2019041801007550,MNBBL,32,36,30,379.00,"11,370.00"
2019-04-18,2019041801007549,MNBBL,16,36,250,380.00,"95,000.00"
2019-04-18,2019041801007548,MNBBL,48,36,57,380.00,"21,660.00"
2019-04-18,2019041801007547,MNBBL,45,36,109,381.00,"41,529.00"
2019-04-18,2019041801008029,NABIL,36,50,100,805.00,"80,500.00"
2019-04-18,2019041801008018,NABIL,47,25,15,804.00,"12,060.00"
2019-04-18,2019041801008017,NABIL,47,3,35,804.00,"28,140.00"
2019-04-18,2019041801007970,NABIL,49,14,50,800.00,"40,000.00"
2019-04-18,2019041801007885,NABIL,49,17,154,800.00,"123,200.00"
2019-04-18,2019041801007884,NABIL,42,17,100,801.00,"80,100.00"
2019-04-18,2019041801007749,NABIL,59,17,100,803.00,"80,300.00"
2019-04-18,2019041801007731,NABIL,36,14,30,802.00,"24,060.00"
2019-04-18,2019041801007730,NABIL,36,48,50,801.00,"40,050.00"
2019-04-18,2019041801007729,NABIL,36,17,75,801.00,"60,075.00"
2019-04-18,2019041801007711,NABIL,49,17,70,800.00,"56,000.00"
2019-04-18,2019041801007670,NABIL,17,17,30,800.00,"24,000.00"
2019-04-18,2019041801007883,NABIL,34,3,50,804.00,"40,200.00"
2019-04-18,2019041801007791,NABIL,59,3,15,804.00,"12,060.00"
2019-04-18,2019041801007790,NABIL,59,42,85,804.00,"68,340.00"
2019-04-18,2019041801007781,NABIL,49,29,100,800.00,"80,000.00"
2019-04-18,2019041801007762,NABIL,36,42,15,804.00,"12,060.00"
2019-04-18,2019041801007750,NABIL,59,3,300,803.00,"240,900.00"
2019-04-18,2019041801007954,NABILP,59,45,50,760.00,"38,000.00"
2019-04-18,2019041801007953,NABILP,59,6,150,760.00,"114,000.00"
2019-04-18,2019041801007952,NABILP,59,14,50,760.00,"38,000.00"
2019-04-18,2019041801007939,NABILP,58,17,54,758.00,"40,932.00"
2019-04-18,2019041801007776,NABILP,59,8,920,755.00,"694,600.00"
2019-04-18,2019041801007649,NABILP,26,8,80,755.00,"60,400.00"
2019-04-18,2019041801007923,NABILP,42,17,200,758.00,"151,600.00"
2019-04-18,2019041801007877,NABILP,4,45,"2,000",759.00,"1,518,000.00"
2019-04-18,2019041801007876,NABILP,4,11,100,758.00,"75,800.00"
2019-04-18,2019041801007875,NABILP,4,6,"1,000",758.00,"758,000.00"
2019-04-18,2019041801007874,NABILP,4,44,"1,000",757.00,"757,000.00"
2019-04-18,2019041801007763,NADEP,38,32,10,616.00,"6,160.00"
2019-04-18,2019041801007689,NADEP,38,49,10,616.00,"6,160.00"
2019-04-18,2019041801007555,NADEP,37,21,10,615.00,"6,150.00"
2019-04-18,2019041801007914,NBB,46,11,650,221.00,"143,650.00"
2019-04-18,2019041801007913,NBB,45,11,200,221.00,"44,200.00"
2019-04-18,2019041801007912,NBB,41,11,150,221.00,"33,150.00"
2019-04-18,2019041801007893,NBB,25,55,100,222.00,"22,200.00"
2019-04-18,2019041801007892,NBB,50,55,200,222.00,"44,400.00"
2019-04-18,2019041801007891,NBB,7,55,500,222.00,"111,000.00"
2019-04-18,2019041801007598,NBB,34,49,160,223.00,"35,680.00"
2019-04-18,2019041801007597,NBB,39,49,33,224.00,"7,392.00"
2019-04-18,2019041801007596,NBB,39,32,500,224.00,"112,000.00"
2019-04-18,2019041801007595,NBB,39,52,167,224.00,"37,408.00"
2019-04-18,2019041801007890,NBB,49,55,150,222.00,"33,300.00"
2019-04-18,2019041801007889,NBB,45,55,988,222.00,"219,336.00"
2019-04-18,2019041801007888,NBB,36,55,100,223.00,"22,300.00"
2019-04-18,2019041801007887,NBB,34,55,38,223.00,"8,474.00"
2019-04-18,2019041801007736,NBB,34,32,100,223.00,"22,300.00"
2019-04-18,2019041801008008,NBBL,58,51,101,610.00,"61,610.00"
2019-04-18,2019041801008013,NBL,5,14,860,301.00,"258,860.00"
2019-04-18,2019041801008012,NBL,5,14,"1,000",301.00,"301,000.00"
2019-04-18,2019041801008011,NBL,5,14,140,301.00,"42,140.00"
2019-04-18,2019041801007962,NBL,55,53,100,302.00,"30,200.00"
2019-04-18,2019041801007950,NBL,33,53,100,302.00,"30,200.00"
2019-04-18,2019041801007717,NBL,5,45,50,301.00,"15,050.00"
2019-04-18,2019041801007645,NBL,5,35,300,301.00,"90,300.00"
2019-04-18,2019041801007626,NBL,25,58,623,300.00,"186,900.00"
2019-04-18,2019041801007625,NBL,33,58,377,300.00,"113,100.00"
2019-04-18,2019041801007716,NBL,5,4,810,301.00,"243,810.00"
2019-04-18,2019041801007688,NBL,5,4,840,301.00,"252,840.00"
2019-04-18,2019041801007687,NBL,5,48,10,301.00,"3,010.00"
2019-04-18,2019041801007686,NBL,5,17,150,301.00,"45,150.00"
2019-04-18,2019041801007658,NBL,5,17,"1,000",301.00,"301,000.00"
2019-04-18,2019041801007646,NBL,5,17,700,301.00,"210,700.00"
2019-04-18,2019041801007930,NCCB,58,4,"1,231",229.00,"281,899.00"
2019-04-18,2019041801007918,NCCB,58,50,708,229.00,"162,132.00"
2019-04-18,2019041801007843,NCCB,58,58,"1,061",229.00,"242,969.00"
2019-04-18,2019041801007838,NCCB,45,58,"1,000",229.00,"229,000.00"
2019-04-18,2019041801007817,NCCB,45,58,939,229.00,"215,031.00"
2019-04-18,2019041801007803,NCCB,45,49,"1,000",229.00,"229,000.00"
2019-04-18,2019041801007774,NCCB,38,14,300,230.00,"69,000.00"
2019-04-18,2019041801007661,NCCB,45,37,61,229.00,"13,969.00"
2019-04-18,2019041801007660,NCCB,33,37,500,229.00,"114,500.00"
2019-04-18,2019041801007659,NCCB,58,37,176,229.00,"40,304.00"
2019-04-18,2019041801007978,NGPL,57,38,100,119.00,"11,900.00"
2019-04-18,2019041801007574,NGPL,1,38,31,118.00,"3,658.00"
2019-04-18,2019041801007785,NIB,14,58,475,550.00,"261,250.00"
2019-04-18,2019041801007784,NIB,14,45,655,550.00,"360,250.00"
2019-04-18,2019041801007761,NIB,49,58,17,549.00,"9,333.00"
2019-04-18,2019041801007760,NIB,49,45,23,549.00,"12,627.00"
2019-04-18,2019041801007741,NIB,42,45,20,549.00,"10,980.00"
2019-04-18,2019041801007700,NIB,42,44,180,549.00,"98,820.00"
2019-04-18,2019041801007683,NIB,19,44,100,549.00,"54,900.00"
2019-04-18,2019041801007682,NIB,16,44,"1,220",549.00,"669,780.00"
2019-04-18,2019041801007648,NIB,18,45,100,550.00,"55,000.00"
2019-04-18,2019041801007846,NIBPO,48,17,10,508.00,"5,080.00"
2019-04-18,2019041801007956,NICA,18,33,200,482.00,"96,400.00"
2019-04-18,2019041801007929,NICA,22,48,40,481.00,"19,240.00"
2019-04-18,2019041801007928,NICA,52,48,60,481.00,"28,860.00"
2019-04-18,2019041801007897,NICA,52,34,40,481.00,"19,240.00"
2019-04-18,2019041801007894,NICA,40,34,200,481.00,"96,200.00"
2019-04-18,2019041801007871,NICA,41,34,100,481.00,"48,100.00"
2019-04-18,2019041801007577,NICA,1,38,100,481.00,"48,100.00"
2019-04-18,2019041801007576,NICA,25,38,100,481.00,"48,100.00"
2019-04-18,2019041801007789,NICA,48,28,658,482.00,"317,156.00"
2019-04-18,2019041801007677,NICA,48,58,100,482.00,"48,200.00"
2019-04-18,2019041801007664,NICA,48,32,342,482.00,"164,844.00"
2019-04-18,2019041801007663,NICA,48,57,400,482.00,"192,800.00"
2019-04-18,2019041801007579,NICA,1,38,600,481.00,"288,600.00"
2019-04-18,2019041801007578,NICA,39,38,200,481.00,"96,200.00"
2019-04-18,2019041801007870,NICA,34,34,300,481.00,"144,300.00"
2019-04-18,2019041801007869,NICA,28,34,200,481.00,"96,200.00"
2019-04-18,2019041801007829,NICA,28,28,500,481.00,"240,500.00"
2019-04-18,2019041801007810,NICA,28,28,300,481.00,"144,300.00"
2019-04-18,2019041801007809,NICA,29,28,100,481.00,"48,100.00"
2019-04-18,2019041801007808,NICA,1,28,400,481.00,"192,400.00"
2019-04-18,2019041801008005,NICL,58,59,50,378.00,"18,900.00"
2019-04-18,2019041801008004,NICL,28,59,200,378.00,"75,600.00"
2019-04-18,2019041801008003,NICL,21,59,240,378.00,"90,720.00"
2019-04-18,2019041801008020,NIL,14,14,100,523.00,"52,300.00"
2019-04-18,2019041801008006,NIL,51,14,200,523.00,"104,600.00"
2019-04-18,2019041801007822,NIL,53,14,200,523.00,"104,600.00"
2019-04-18,2019041801007861,NLBBL,41,57,120,466.00,"55,920.00"
2019-04-18,2019041801007835,NLBBL,47,57,100,467.00,"46,700.00"
2019-04-18,2019041801007834,NLBBL,43,57,200,468.00,"93,600.00"
2019-04-18,2019041801007833,NLBBL,26,57,200,468.00,"93,600.00"
2019-04-18,2019041801007832,NLBBL,41,57,197,469.00,"92,393.00"
2019-04-18,2019041801007831,NLBBL,40,57,100,470.00,"47,000.00"
2019-04-18,2019041801007777,NLIC,50,48,79,"1,105.00","87,295.00"
2019-04-18,2019041801007752,NLIC,16,29,100,"1,104.00","110,400.00"
2019-04-18,2019041801007721,NLIC,38,48,350,"1,105.00","386,750.00"
2019-04-18,2019041801007720,NLIC,45,48,100,"1,105.00","110,500.00"
2019-04-18,2019041801007719,NLIC,1,48,30,"1,105.00","33,150.00"
2019-04-18,2019041801007718,NLIC,5,48,38,"1,106.00","42,028.00"
2019-04-18,2019041801007938,NLICL,14,13,50,587.00,"29,350.00"
2019-04-18,2019041801007937,NLICL,47,13,100,588.00,"58,800.00"
2019-04-18,2019041801007936,NLICL,41,13,100,588.00,"58,800.00"
2019-04-18,2019041801007935,NLICL,26,13,50,590.00,"29,500.00"
2019-04-18,2019041801007996,NMB,21,55,100,385.00,"38,500.00"
2019-04-18,2019041801007707,NMB,7,45,16,384.00,"6,144.00"
2019-04-18,2019041801007685,NMB,47,45,500,384.00,"192,000.00"
2019-04-18,2019041801007684,NMB,14,45,116,384.00,"44,544.00"
2019-04-18,2019041801007643,NMB,39,55,200,385.00,"77,000.00"
2019-04-18,2019041801007642,NMB,39,58,50,385.00,"19,250.00"
2019-04-18,2019041801007641,NMB,39,35,"1,750",385.00,"673,750.00"
2019-04-18,2019041801007558,NMB,45,35,50,385.00,"19,250.00"
2019-04-18,2019041801007756,NMFBS,17,39,10,"1,617.00","16,170.00"
2019-04-18,2019041801007824,NSEWA,55,55,10,486.00,"4,860.00"
2019-04-18,2019041801007630,NTC,38,28,70,680.00,"47,600.00"
2019-04-18,2019041801007631,NTC,38,28,"1,200",680.00,"816,000.00"
2019-04-18,2019041801007656,NUBL,5,26,18,810.00,"14,580.00"
2019-04-18,2019041801007655,NUBL,49,26,48,816.00,"39,168.00"
2019-04-18,2019041801007654,NUBL,49,26,200,820.00,"164,000.00"
2019-04-18,2019041801007653,NUBL,26,26,30,821.00,"24,630.00"
2019-04-18,2019041801007800,OHL,41,45,76,457.00,"34,732.00"
2019-04-18,2019041801007679,PCBL,6,35,"2,000",344.00,"688,000.00"
2019-04-18,2019041801007975,PIC,6,59,138,"1,014.00","139,932.00"
2019-04-18,2019041801007974,PIC,17,59,10,"1,015.00","10,150.00"
2019-04-18,2019041801007973,PIC,13,59,22,"1,015.00","22,330.00"
2019-04-18,2019041801007972,PIC,49,59,30,"1,016.00","30,480.00"
2019-04-18,2019041801008023,PICL,6,59,203,703.00,"142,709.00"
2019-04-18,2019041801008022,PICL,45,59,50,705.00,"35,250.00"
2019-04-18,2019041801007624,PICL,45,26,50,705.00,"35,250.00"
2019-04-18,2019041801007983,PLIC,14,34,50,461.00,"23,050.00"
2019-04-18,2019041801007807,PLIC,1,28,100,462.00,"46,200.00"
2019-04-18,2019041801007806,PLIC,7,28,100,462.00,"46,200.00"
2019-04-18,2019041801007769,PLIC,35,28,200,463.00,"92,600.00"
2019-04-18,2019041801007768,PLIC,52,28,500,464.00,"232,000.00"
2019-04-18,2019041801007767,PLIC,35,28,100,465.00,"46,500.00"
2019-04-18,2019041801007766,PLIC,1,28,111,466.00,"51,726.00"
2019-04-18,2019041801007961,PRIN,16,56,200,421.00,"84,200.00"
2019-04-18,2019041801007917,PRIN,16,28,125,421.00,"52,625.00"
2019-04-18,2019041801007916,PRIN,32,28,200,422.00,"84,400.00"
2019-04-18,2019041801007915,PRIN,14,28,300,422.00,"126,600.00"
2019-04-18,2019041801007728,PRIN,14,26,200,422.00,"84,400.00"
2019-04-18,2019041801008032,PRVU,57,47,200,279.00,"55,800.00"
2019-04-18,2019041801007995,PRVU,28,1,30,280.00,"8,400.00"
2019-04-18,2019041801007933,PRVU,40,58,"3,000",279.00,"837,000.00"
2019-04-18,2019041801007906,PRVU,29,39,500,279.00,"139,500.00"
2019-04-18,2019041801007905,PRVU,29,22,205,279.00,"57,195.00"
2019-04-18,2019041801007904,PRVU,29,8,100,279.00,"27,900.00"
2019-04-18,2019041801007634,PRVU,42,58,100,277.00,"27,700.00"
2019-04-18,2019041801007633,PRVU,14,58,"1,000",277.00,"277,000.00"
2019-04-18,2019041801007632,PRVU,46,58,500,277.00,"138,500.00"
2019-04-18,2019041801007652,PRVU,50,58,"1,700",277.00,"470,900.00"
2019-04-18,2019041801007638,PRVU,51,58,500,277.00,"138,500.00"
2019-04-18,2019041801007637,PRVU,40,58,500,277.00,"138,500.00"
2019-04-18,2019041801007636,PRVU,57,58,500,277.00,"138,500.00"
2019-04-18,2019041801007635,PRVU,50,58,200,277.00,"55,400.00"
2019-04-18,2019041801007775,PRVU,36,49,90,278.00,"25,020.00"
2019-04-18,2019041801007765,PRVU,42,49,200,278.00,"55,600.00"
2019-04-18,2019041801007722,PRVU,21,45,360,276.00,"99,360.00"
2019-04-18,2019041801007903,PRVU,29,50,"1,000",278.00,"278,000.00"
2019-04-18,2019041801007902,PRVU,29,42,50,278.00,"13,900.00"
2019-04-18,2019041801007901,PRVU,29,45,500,278.00,"139,000.00"
2019-04-18,2019041801007900,PRVU,29,49,110,278.00,"30,580.00"
2019-04-18,2019041801007712,RADHI,22,49,11,163.00,"1,793.00"
2019-04-18,2019041801007696,RBCL,28,37,15,"9,100.00","136,500.00"
2019-04-18,2019041801007695,RBCL,53,37,10,"9,125.00","91,250.00"
2019-04-18,2019041801007694,RBCL,28,37,10,"9,130.00","91,300.00"
2019-04-18,2019041801007561,RHPC,58,14,62,93.00,"5,766.00"
2019-04-18,2019041801007560,RHPC,58,51,19,93.00,"1,767.00"
2019-04-18,2019041801007559,RHPC,58,51,19,93.00,"1,767.00"
2019-04-18,2019041801007793,RLFL,1,26,291,117.00,"34,047.00"
2019-04-18,2019041801007792,RLFL,49,26,210,118.00,"24,780.00"
2019-04-18,2019041801008024,RMDC,58,58,10,595.00,"5,950.00"
2019-04-18,2019041801007926,RMDC,21,5,63,584.00,"36,792.00"
2019-04-18,2019041801007651,RMDC,49,5,34,584.00,"19,856.00"
2019-04-18,2019041801007959,RRHP,45,55,20,92.00,"1,840.00"
2019-04-18,2019041801007958,RRHP,45,49,10,92.00,920.00
2019-04-18,2019041801007816,RSDC,48,26,100,373.00,"37,300.00"
2019-04-18,2019041801007815,RSDC,57,26,100,373.00,"37,300.00"
2019-04-18,2019041801007814,RSDC,53,26,400,374.00,"149,600.00"
2019-04-18,2019041801007813,RSDC,29,26,50,377.00,"18,850.00"
2019-04-18,2019041801007812,RSDC,41,26,200,377.00,"75,400.00"
2019-04-18,2019041801007811,RSDC,58,26,20,380.00,"7,600.00"
2019-04-18,2019041801007957,SANIMA,46,29,12,344.00,"4,128.00"
2019-04-18,2019041801007911,SANIMA,45,54,50,342.00,"17,100.00"
2019-04-18,2019041801007868,SANIMA,44,11,"1,000",342.00,"342,000.00"
2019-04-18,2019041801007779,SANIMA,42,5,126,345.00,"43,470.00"
2019-04-18,2019041801007778,SANIMA,42,19,74,345.00,"25,530.00"
2019-04-18,2019041801007617,SANIMA,45,19,326,345.00,"112,470.00"
2019-04-18,2019041801007610,SANIMA,45,19,120,343.00,"41,160.00"
2019-04-18,2019041801007581,SANIMA,45,35,600,342.00,"205,200.00"
2019-04-18,2019041801007616,SANIMA,45,59,30,345.00,"10,350.00"
2019-04-18,2019041801007615,SANIMA,45,51,25,345.00,"8,625.00"
2019-04-18,2019041801007614,SANIMA,45,58,10,345.00,"3,450.00"
2019-04-18,2019041801007613,SANIMA,45,58,"1,502",345.00,"518,190.00"
2019-04-18,2019041801007612,SANIMA,45,25,100,344.00,"34,400.00"
2019-04-18,2019041801007611,SANIMA,45,29,87,344.00,"29,928.00"
2019-04-18,2019041801007840,SBBLJ,17,26,"1,000",195.00,"195,000.00"
2019-04-18,2019041801007989,SBI,34,28,119,459.00,"54,621.00"
2019-04-18,2019041801007984,SBI,1,58,16,460.00,"7,360.00"
2019-04-18,2019041801007732,SBI,34,58,30,459.00,"13,770.00"
2019-04-18,2019041801007665,SBI,34,28,306,459.00,"140,454.00"
2019-04-18,2019041801008033,SBL,21,36,100,351.00,"35,100.00"
2019-04-18,2019041801007998,SBL,44,49,325,350.00,"113,750.00"
2019-04-18,2019041801007977,SBL,44,37,30,350.00,"10,500.00"
2019-04-18,2019041801007943,SBL,44,55,30,350.00,"10,500.00"
2019-04-18,2019041801007818,SBL,44,11,988,350.00,"345,800.00"
2019-04-18,2019041801007609,SBL,44,28,806,350.00,"282,100.00"
2019-04-18,2019041801008028,SCB,26,17,100,618.00,"61,800.00"
2019-04-18,2019041801007691,SCB,45,17,50,617.00,"30,850.00"
2019-04-18,2019041801007608,SCB,50,28,100,619.00,"61,900.00"
2019-04-18,2019041801007979,SHINE,55,57,100,237.00,"23,700.00"
2019-04-18,2019041801007907,SHIVM,50,10,100,307.00,"30,700.00"
2019-04-18,2019041801007842,SHIVM,29,29,50,305.00,"15,250.00"
2019-04-18,2019041801008027,SHPC,11,52,130,228.00,"29,640.00"
2019-04-18,2019041801008026,SHPC,11,50,110,228.00,"25,080.00"
2019-04-18,2019041801008025,SHPC,11,7,260,228.00,"59,280.00"
2019-04-18,2019041801007944,SIC,16,6,28,"1,302.00","36,456.00"
2019-04-18,2019041801007786,SIC,33,19,100,"1,300.00","130,000.00"
2019-04-18,2019041801007764,SIC,20,29,100,"1,291.00","129,100.00"
2019-04-18,2019041801008035,SICL,54,10,500,886.00,"443,000.00"
2019-04-18,2019041801007946,SIL,29,21,234,608.00,"142,272.00"
2019-04-18,2019041801007945,SIL,40,21,100,609.00,"60,900.00"
2019-04-18,2019041801007828,SIL,40,21,100,609.00,"60,900.00"
2019-04-18,2019041801007780,SIL,5,49,200,610.00,"122,000.00"
2019-04-18,2019041801007606,SIL,5,49,40,610.00,"24,400.00"
2019-04-18,2019041801008031,SLICL,28,46,60,549.00,"32,940.00"
2019-04-18,2019041801008039,SRBL,41,4,75,253.00,"18,975.00"
2019-04-18,2019041801007865,SRBL,4,7,500,252.00,"126,000.00"
2019-04-18,2019041801007864,SRBL,17,7,100,252.00,"25,200.00"
2019-04-18,2019041801007863,SRBL,40,7,500,252.00,"126,000.00"
2019-04-18,2019041801007862,SRBL,40,7,400,252.00,"100,800.00"
2019-04-18,2019041801007629,SRBL,40,57,100,252.00,"25,200.00"
2019-04-18,2019041801007628,SRBL,46,57,150,252.00,"37,800.00"
2019-04-18,2019041801007627,SRBL,59,57,200,252.00,"50,400.00"
2019-04-18,2019041801007830,SWBBL,42,34,78,913.00,"71,214.00"
2019-04-18,2019041801007738,SWBBL,42,5,15,913.00,"13,695.00"
2019-04-18,2019041801007737,SWBBL,39,5,103,913.00,"94,039.00"
2019-04-18,2019041801007733,SWBBL,39,42,100,913.00,"91,300.00"
2019-04-18,2019041801007853,UIC,32,17,20,847.00,"16,940.00"
2019-04-18,2019041801007852,UIC,56,17,80,848.00,"67,840.00"
2019-04-18,2019041801007701,UPCL,53,45,20,91.00,"1,820.00"
2019-04-18,2019041801008009,UPPER,58,1,50,227.00,"11,350.00"
2019-04-18,2019041801007993,UPPER,58,1,50,227.00,"11,350.00"
2019-04-18,2019041801007986,UPPER,29,41,60,228.00,"13,680.00"
2019-04-18,2019041801007985,UPPER,29,45,40,228.00,"9,120.00"
2019-04-18,2019041801007976,UPPER,58,1,50,227.00,"11,350.00"
2019-04-18,2019041801007955,UPPER,58,1,50,227.00,"11,350.00"
2019-04-18,2019041801007825,UPPER,28,1,50,228.00,"11,400.00"
2019-04-18,2019041801007821,UPPER,36,57,100,229.00,"22,900.00"
2019-04-18,2019041801007804,UPPER,28,1,50,228.00,"11,400.00"
2019-04-18,2019041801007735,UPPER,28,22,400,228.00,"91,200.00"
2019-04-18,2019041801007734,UPPER,28,42,150,228.00,"34,200.00"
2019-04-18,2019041801007866,UPPER,13,10,40,227.00,"9,080.00"
2019-04-18,2019041801007857,UPPER,13,59,600,227.00,"136,200.00"
2019-04-18,2019041801007856,UPPER,22,59,50,227.00,"11,350.00"
2019-04-18,2019041801007855,UPPER,22,59,300,227.00,"68,100.00"
2019-04-18,2019041801007854,UPPER,59,59,50,227.00,"11,350.00"
2019-04-18,2019041801007836,UPPER,28,41,350,228.00,"79,800.00"
2019-04-18,2019041801007942,UPPER,58,1,50,227.00,"11,350.00"
2019-04-18,2019041801007922,UPPER,58,1,30,227.00,"6,810.00"
2019-04-18,2019041801007921,UPPER,13,1,10,227.00,"2,270.00"
2019-04-18,2019041801007910,UPPER,13,1,50,227.00,"11,350.00"
2019-04-18,2019041801007886,UPPER,13,1,50,227.00,"11,350.00"
2019-04-18,2019041801007867,UPPER,13,1,50,227.00,"11,350.00"
2019-04-18,2019041801007226,ADBL,14,46,200,345.00,"69,000.00"
2019-04-18,2019041801007081,ADBL,14,43,"1,000",345.00,"345,000.00"
2019-04-18,2019041801007292,AHPC,21,19,238,100.00,"23,800.00"
2019-04-18,2019041801007086,AKJCL,42,7,10,82.00,820.00
2019-04-18,2019041801007051,AKJCL,42,6,20,81.00,"1,620.00"
2019-04-18,2019041801007415,ALBSL,42,21,10,469.00,"4,690.00"
2019-04-18,2019041801007407,ALBSL,42,55,10,469.00,"4,690.00"
2019-04-18,2019041801007397,ALBSL,42,21,10,469.00,"4,690.00"
2019-04-18,2019041801007377,ALBSL,42,21,10,469.00,"4,690.00"
2019-04-18,2019041801007353,ALBSL,42,21,10,469.00,"4,690.00"
2019-04-18,2019041801007338,ALBSL,21,21,10,470.00,"4,700.00"
2019-04-18,2019041801007322,ALBSL,21,21,10,470.00,"4,700.00"
2019-04-18,2019041801007298,ALBSL,21,21,10,470.00,"4,700.00"
2019-04-18,2019041801007268,ALBSL,21,21,10,470.00,"4,700.00"
2019-04-18,2019041801007315,ALICL,1,50,200,409.00,"81,800.00"
2019-04-18,2019041801007321,API,6,13,"1,464",133.00,"194,712.00"
2019-04-18,2019041801007320,API,6,13,100,133.00,"13,300.00"
2019-04-18,2019041801007204,API,58,17,18,133.00,"2,394.00"
2019-04-18,2019041801007148,API,46,4,71,134.00,"9,514.00"
2019-04-18,2019041801007147,API,46,47,29,134.00,"3,886.00"
2019-04-18,2019041801007279,BARUN,39,45,10,94.00,940.00
2019-04-18,2019041801007278,BARUN,39,10,10,94.00,940.00
2019-04-18,2019041801007277,BARUN,39,10,10,94.00,940.00
2019-04-18,2019041801007276,BARUN,39,10,10,94.00,940.00
2019-04-18,2019041801007511,BOKL,45,35,100,270.00,"27,000.00"
2019-04-18,2019041801007510,BOKL,49,35,637,270.00,"171,990.00"
2019-04-18,2019041801007473,BOKL,48,38,100,271.00,"27,100.00"
2019-04-18,2019041801007448,BOKL,49,58,346,270.00,"93,420.00"
2019-04-18,2019041801007439,BOKL,49,25,500,270.00,"135,000.00"
2019-04-18,2019041801007438,BOKL,49,58,200,270.00,"54,000.00"
2019-04-18,2019041801007360,BOKL,42,38,351,269.00,"94,419.00"
2019-04-18,2019041801007359,BOKL,1,38,36,269.00,"9,684.00"
2019-04-18,2019041801007082,BOKL,45,59,100,270.00,"27,000.00"
2019-04-18,2019041801007437,BOKL,49,29,100,270.00,"27,000.00"
2019-04-18,2019041801007436,BOKL,49,42,100,270.00,"27,000.00"
2019-04-18,2019041801007435,BOKL,49,51,100,270.00,"27,000.00"
2019-04-18,2019041801007434,BOKL,49,10,680,270.00,"183,600.00"
2019-04-18,2019041801007433,BOKL,49,59,37,270.00,"9,990.00"
2019-04-18,2019041801007432,BOKL,49,59,300,270.00,"81,000.00"
2019-04-18,2019041801007120,BPCL,58,50,277,368.00,"101,936.00"
2019-04-18,2019041801007119,BPCL,58,58,223,368.00,"82,064.00"
2019-04-18,2019041801007445,CBBL,36,4,200,"1,004.00","200,800.00"
2019-04-18,2019041801007296,CBBL,48,52,50,"1,007.00","50,350.00"
2019-04-18,2019041801007295,CBBL,48,18,50,"1,006.00","50,300.00"
2019-04-18,2019041801007160,CBBL,44,16,480,"1,004.00","481,920.00"
2019-04-18,2019041801007159,CBBL,50,16,100,"1,004.00","100,400.00"
2019-04-18,2019041801007158,CBBL,39,16,20,"1,006.00","20,120.00"
2019-04-18,2019041801007090,CBBL,26,55,80,"1,009.00","80,720.00"
2019-04-18,2019041801007516,CBL,26,25,57,169.00,"9,633.00"
2019-04-18,2019041801007515,CBL,26,25,945,169.00,"159,705.00"
2019-04-18,2019041801007450,CBL,26,50,500,169.00,"84,500.00"
2019-04-18,2019041801007424,CBL,26,58,255,169.00,"43,095.00"
2019-04-18,2019041801007423,CBL,40,58,245,169.00,"41,405.00"
2019-04-18,2019041801007406,CBL,40,28,244,169.00,"41,236.00"
2019-04-18,2019041801007370,CBL,40,49,11,169.00,"1,859.00"
2019-04-18,2019041801007369,CBL,57,49,989,169.00,"167,141.00"
2019-04-18,2019041801007141,CBL,57,56,500,169.00,"84,500.00"
2019-04-18,2019041801007060,CBL,57,49,10,169.00,"1,690.00"
2019-04-18,2019041801007455,CCBL,40,26,814,170.00,"138,380.00"
2019-04-18,2019041801007454,CCBL,13,26,100,170.00,"17,000.00"
2019-04-18,2019041801007453,CCBL,35,26,50,170.00,"8,500.00"
2019-04-18,2019041801007452,CCBL,52,26,83,170.00,"14,110.00"
2019-04-18,2019041801007241,CHCL,56,38,42,505.00,"21,210.00"
2019-04-18,2019041801007481,CZBIL,45,43,100,237.00,"23,700.00"
2019-04-18,2019041801007480,CZBIL,6,1,88,236.00,"20,768.00"
2019-04-18,2019041801007251,CZBIL,6,10,518,236.00,"122,248.00"
2019-04-18,2019041801007150,CZBIL,6,39,70,236.00,"16,520.00"
2019-04-18,2019041801007294,DBBL,6,54,100,130.00,"13,000.00"
2019-04-18,2019041801007183,DBBL,45,54,100,130.00,"13,000.00"
2019-04-18,2019041801007181,DBBL,51,56,618,129.00,"79,722.00"
2019-04-18,2019041801007180,DBBL,34,56,400,129.00,"51,600.00"
2019-04-18,2019041801007179,DBBL,26,56,200,129.00,"25,800.00"
2019-04-18,2019041801007366,DDBL,53,26,135,669.00,"90,315.00"
2019-04-18,2019041801007365,DDBL,39,26,15,669.00,"10,035.00"
2019-04-18,2019041801007364,DDBL,53,26,50,670.00,"33,500.00"
2019-04-18,2019041801007408,EBL,58,19,200,628.00,"125,600.00"
2019-04-18,2019041801007484,EDBL,47,45,99,285.00,"28,215.00"
2019-04-18,2019041801007346,EDBL,36,45,300,285.00,"85,500.00"
2019-04-18,2019041801007345,EDBL,36,45,30,285.00,"8,550.00"
2019-04-18,2019041801007323,EDBL,16,45,500,288.00,"144,000.00"
2019-04-18,2019041801007281,EDBL,49,45,500,289.00,"144,500.00"
2019-04-18,2019041801007280,EDBL,56,45,20,289.00,"5,780.00"
2019-04-18,2019041801007185,EDBL,56,45,315,290.00,"91,350.00"
2019-04-18,2019041801007541,EIC,45,38,100,999.00,"99,900.00"
2019-04-18,2019041801007540,EIC,52,38,50,999.00,"49,950.00"
2019-04-18,2019041801007539,EIC,58,38,130,"1,000.00","130,000.00"
2019-04-18,2019041801007538,EIC,54,38,30,"1,000.00","30,000.00"
2019-04-18,2019041801007537,EIC,38,38,55,"1,000.00","55,000.00"
2019-04-18,2019041801007536,EIC,49,38,50,"1,001.00","50,050.00"
2019-04-18,2019041801007526,EIC,49,16,50,"1,001.00","50,050.00"
2019-04-18,2019041801007446,EIC,52,45,30,"1,001.00","30,030.00"
2019-04-18,2019041801007234,EIC,45,43,50,"1,004.00","50,200.00"
2019-04-18,2019041801007482,FOWAD,56,26,39,"1,517.00","59,163.00"
2019-04-18,2019041801007211,GBBL,43,29,100,203.00,"20,300.00"
2019-04-18,2019041801007502,GBIME,39,51,50,295.00,"14,750.00"
2019-04-18,2019041801007384,GBIME,41,40,89,296.00,"26,344.00"
2019-04-18,2019041801007374,GBIME,29,29,1,291.00,291.00
2019-04-18,2019041801007302,GBIME,41,17,500,296.00,"148,000.00"
2019-04-18,2019041801007264,GBIME,41,34,100,296.00,"29,600.00"
2019-04-18,2019041801007237,GBIME,41,32,500,296.00,"148,000.00"
2019-04-18,2019041801007152,GBIME,41,44,311,296.00,"92,056.00"
2019-04-18,2019041801007151,GBIME,49,44,289,296.00,"85,544.00"
2019-04-18,2019041801007104,GBIME,38,44,80,297.00,"23,760.00"
2019-04-18,2019041801007101,GBIME,28,44,71,297.00,"21,087.00"
2019-04-18,2019041801007100,GBIME,49,44,"1,000",296.00,"296,000.00"
2019-04-18,2019041801007087,GBIME,49,28,71,296.00,"21,016.00"
2019-04-18,2019041801007496,GBLBS,42,21,100,352.00,"35,200.00"
2019-04-18,2019041801007223,GBLBS,42,17,10,352.00,"3,520.00"
2019-04-18,2019041801007487,GDBL,45,26,64,196.00,"12,544.00"
2019-04-18,2019041801007202,GFCL,11,10,100,120.00,"12,000.00"
2019-04-18,2019041801007375,HBL,34,36,300,510.00,"153,000.00"
2019-04-18,2019041801007059,HBL,41,36,67,510.00,"34,170.00"
2019-04-18,2019041801007400,HIDCL,21,34,300,138.00,"41,400.00"
2019-04-18,2019041801007399,HIDCL,19,34,250,138.00,"34,500.00"
