Date,Transact. No.,Symbol,Buyer,Seller,Quantity,Rate,Amount
2019-12-22,2019122201005948,ADBL,25,7,125,412.00,"51,500.00"
2019-12-22,2019122201005936,ADBL,42,7,10,412.00,"4,120.00"
2019-12-22,2019122201005865,ADBL,22,3,80,411.00,"32,880.00"
2019-12-22,2019122201005864,ADBL,35,3,20,411.00,"8,220.00"
2019-12-22,2019122201005863,ADBL,21,3,300,411.00,"123,300.00"
2019-12-22,2019122201005862,ADBL,19,3,100,411.00,"41,100.00"
2019-12-22,2019122201005857,ADBL,45,42,110,411.00,"45,210.00"
2019-12-22,2019122201005847,ADBL,45,57,90,411.00,"36,990.00"
2019-12-22,2019122201005846,ADBL,3,57,40,411.00,"16,440.00"
2019-12-22,2019122201005845,ADBL,45,57,17,411.00,"6,987.00"
2019-12-22,2019122201005975,AHPC,28,47,20,98.00,"1,960.00"
2019-12-22,2019122201005777,AHPC,14,58,500,97.00,"48,500.00"
2019-12-22,2019122201005926,AKPL,58,40,"1,000",112.00,"112,000.00"
2019-12-22,2019122201005875,ALICL,14,56,100,345.00,"34,500.00"
2019-12-22,2019122201005874,ALICL,49,56,500,345.00,"172,500.00"
2019-12-22,2019122201005873,ALICL,29,56,50,346.00,"17,300.00"
2019-12-22,2019122201005872,ALICL,25,56,150,346.00,"51,900.00"
2019-12-22,2019122201005740,ALICL,58,38,200,347.00,"69,400.00"
2019-12-22,2019122201005739,ALICL,40,38,100,348.00,"34,800.00"
2019-12-22,2019122201005802,API,25,25,20,108.00,"2,160.00"
2019-12-22,2019122201005801,API,25,22,500,107.00,"53,500.00"
2019-12-22,2019122201005764,API,25,22,90,107.00,"9,630.00"
2019-12-22,2019122201005748,API,38,25,355,105.00,"37,275.00"
2019-12-22,2019122201005747,API,34,25,145,105.00,"15,225.00"
2019-12-22,2019122201005624,API,47,22,"1,200",107.00,"128,400.00"
2019-12-22,2019122201005623,API,47,40,800,106.00,"84,800.00"
2019-12-22,2019122201006060,BBC,39,55,10,"1,590.00","15,900.00"
2019-12-22,2019122201006061,BFC,28,13,89,84.00,"7,476.00"
2019-12-22,2019122201006049,BOKL,32,11,89,216.00,"19,224.00"
2019-12-22,2019122201006048,BOKL,14,11,45,216.00,"9,720.00"
2019-12-22,2019122201005960,BOKL,14,29,92,216.00,"19,872.00"
2019-12-22,2019122201005909,BOKL,42,3,10,217.00,"2,170.00"
2019-12-22,2019122201005589,BOKL,32,17,106,216.00,"22,896.00"
2019-12-22,2019122201005588,BOKL,32,38,900,216.00,"194,400.00"
2019-12-22,2019122201005908,BPCL,33,57,10,356.00,"3,560.00"
2019-12-22,2019122201005884,BPCL,11,34,325,353.00,"114,725.00"
2019-12-22,2019122201005883,BPCL,45,34,298,353.00,"105,194.00"
2019-12-22,2019122201005819,BPCL,45,21,22,353.00,"7,766.00"
2019-12-22,2019122201005817,BPCL,33,34,10,355.00,"3,550.00"
2019-12-22,2019122201005609,BPCL,45,21,22,353.00,"7,766.00"
2019-12-22,2019122201005608,BPCL,7,21,900,354.00,"318,600.00"
2019-12-22,2019122201005599,BPCL,45,21,22,353.00,"7,766.00"
2019-12-22,2019122201005593,BPCL,45,21,22,353.00,"7,766.00"
2019-12-22,2019122201005724,BPCL,45,21,22,353.00,"7,766.00"
2019-12-22,2019122201005704,BPCL,45,21,22,353.00,"7,766.00"
2019-12-22,2019122201005692,BPCL,45,21,22,353.00,"7,766.00"
2019-12-22,2019122201005685,BPCL,45,21,22,353.00,"7,766.00"
2019-12-22,2019122201005644,BPCL,45,21,22,353.00,"7,766.00"
2019-12-22,2019122201005632,BPCL,45,21,22,353.00,"7,766.00"
2019-12-22,2019122201005791,BPCL,45,21,22,353.00,"7,766.00"
2019-12-22,2019122201005782,BPCL,43,46,22,354.00,"7,788.00"
2019-12-22,2019122201005780,BPCL,45,21,22,353.00,"7,766.00"
2019-12-22,2019122201005774,BPCL,45,21,22,353.00,"7,766.00"
2019-12-22,2019122201005763,BPCL,45,21,22,353.00,"7,766.00"
2019-12-22,2019122201005749,BPCL,45,21,22,353.00,"7,766.00"
2019-12-22,2019122201005982,CBL,49,11,165,134.00,"22,110.00"
2019-12-22,2019122201005778,CBL,43,4,10,135.00,"1,350.00"
2019-12-22,2019122201005655,CBL,49,48,457,134.00,"61,238.00"
2019-12-22,2019122201005654,CBL,45,48,200,134.00,"26,800.00"
2019-12-22,2019122201005653,CBL,26,48,269,134.00,"36,046.00"
2019-12-22,2019122201005618,CBL,56,4,100,135.00,"13,500.00"
2019-12-22,2019122201005822,CCBL,42,35,205,165.00,"33,825.00"
2019-12-22,2019122201005703,CCBL,42,49,281,165.00,"46,365.00"
2019-12-22,2019122201005702,CCBL,42,47,14,165.00,"2,310.00"
2019-12-22,2019122201005693,CCBL,4,45,"1,500",164.00,"246,000.00"
2019-12-22,2019122201005729,CFCL,1,7,"2,600",115.00,"299,000.00"
2019-12-22,2019122201005762,CHCL,17,56,10,360.00,"3,600.00"
2019-12-22,2019122201005734,CHCL,17,18,78,360.00,"28,080.00"
2019-12-22,2019122201005733,CHCL,17,21,50,360.00,"18,000.00"
2019-12-22,2019122201005732,CHCL,17,22,25,360.00,"9,000.00"
2019-12-22,2019122201005731,CHCL,17,6,39,359.00,"14,001.00"
2019-12-22,2019122201005726,CHCL,45,18,360,357.00,"128,520.00"
2019-12-22,2019122201005725,CHCL,20,18,120,358.00,"42,960.00"
2019-12-22,2019122201005645,CHL,37,16,20,80.00,"1,600.00"
2019-12-22,2019122201005880,CLBSL,25,7,50,560.00,"28,000.00"
2019-12-22,2019122201005934,CZBIL,34,11,234,183.00,"42,822.00"
2019-12-22,2019122201005626,CZBIL,34,32,175,183.00,"32,025.00"
2019-12-22,2019122201005625,CZBIL,22,32,698,183.00,"127,734.00"
2019-12-22,2019122201006075,DBBL,40,25,100,134.00,"13,400.00"
2019-12-22,2019122201006036,DBBL,3,33,250,135.00,"33,750.00"
2019-12-22,2019122201006033,DBBL,32,33,200,135.00,"27,000.00"
2019-12-22,2019122201005922,DBBL,40,44,400,134.00,"53,600.00"
2019-12-22,2019122201005700,DBBL,40,29,150,134.00,"20,100.00"
2019-12-22,2019122201005969,DDBL,38,4,15,855.00,"12,825.00"
2019-12-22,2019122201005887,DDBL,41,6,100,858.00,"85,800.00"
2019-12-22,2019122201005706,DDBL,6,1,50,856.00,"42,800.00"
2019-12-22,2019122201005705,DDBL,20,1,200,856.00,"171,200.00"
2019-12-22,2019122201006021,EBL,28,6,526,526.00,"276,676.00"
2019-12-22,2019122201005968,EBL,28,10,380,526.00,"199,880.00"
2019-12-22,2019122201005967,EBL,35,10,100,526.00,"52,600.00"
2019-12-22,2019122201005966,EBL,10,10,20,526.00,"10,520.00"
2019-12-22,2019122201005947,EBL,48,6,15,527.00,"7,905.00"
2019-12-22,2019122201005946,EBL,55,6,98,527.00,"51,646.00"
2019-12-22,2019122201005667,EBL,35,48,63,527.00,"33,201.00"
2019-12-22,2019122201005666,EBL,21,48,100,527.00,"52,700.00"
2019-12-22,2019122201005945,EBL,56,6,50,527.00,"26,350.00"
2019-12-22,2019122201005944,EBL,39,6,200,527.00,"105,400.00"
2019-12-22,2019122201005943,EBL,25,6,15,527.00,"7,905.00"
2019-12-22,2019122201005942,EBL,35,6,354,527.00,"186,558.00"
2019-12-22,2019122201006002,EIC,26,54,100,260.00,"26,000.00"
2019-12-22,2019122201005669,FMDBL,49,47,85,313.00,"26,605.00"
2019-12-22,2019122201005866,FOWAD,34,45,10,"1,385.00","13,850.00"
2019-12-22,2019122201005876,GBLBS,56,26,20,311.00,"6,220.00"
2019-12-22,2019122201005825,GBLBS,18,59,50,310.00,"15,500.00"
2019-12-22,2019122201005815,GBLBS,34,52,430,309.00,"132,870.00"
2019-12-22,2019122201005814,GBLBS,14,52,40,309.00,"12,360.00"
2019-12-22,2019122201005813,GBLBS,56,52,100,309.00,"30,900.00"
2019-12-22,2019122201005812,GBLBS,8,52,270,309.00,"83,430.00"
2019-12-22,2019122201005811,GBLBS,56,52,100,310.00,"31,000.00"
2019-12-22,2019122201006059,GGBSL,22,6,10,595.00,"5,950.00"
2019-12-22,2019122201005902,GGBSL,11,44,10,600.00,"6,000.00"
2019-12-22,2019122201005901,GGBSL,11,57,10,600.00,"6,000.00"
2019-12-22,2019122201005900,GGBSL,11,34,10,600.00,"6,000.00"
2019-12-22,2019122201005899,GGBSL,11,38,10,599.00,"5,990.00"
2019-12-22,2019122201005898,GGBSL,11,54,10,599.00,"5,990.00"
2019-12-22,2019122201005695,GGBSL,22,48,10,595.00,"5,950.00"
2019-12-22,2019122201005852,GILB,34,47,50,825.00,"41,250.00"
2019-12-22,2019122201005789,GILB,44,51,20,814.00,"16,280.00"
2019-12-22,2019122201005723,GILB,11,57,40,820.00,"32,800.00"
2019-12-22,2019122201005611,GLBSL,48,48,10,427.00,"4,270.00"
2019-12-22,2019122201005932,HBL,16,43,245,499.00,"122,255.00"
2019-12-22,2019122201005931,HBL,16,43,162,499.00,"80,838.00"
2019-12-22,2019122201005930,HBL,16,39,300,499.00,"149,700.00"
2019-12-22,2019122201005929,HBL,16,40,52,498.00,"25,896.00"
2019-12-22,2019122201005928,HBL,16,43,117,498.00,"58,266.00"
2019-12-22,2019122201005927,HBL,16,53,63,497.00,"31,311.00"
2019-12-22,2019122201006068,HDL,7,44,500,"1,240.00","620,000.00"
2019-12-22,2019122201006022,HGI,55,19,150,283.00,"42,450.00"
2019-12-22,2019122201005824,HGI,55,20,400,283.00,"113,200.00"
2019-12-22,2019122201005687,HGI,55,41,170,283.00,"48,110.00"
2019-12-22,2019122201005963,JBBL,51,42,422,169.00,"71,318.00"
2019-12-22,2019122201005962,JBBL,49,42,228,169.00,"38,532.00"
2019-12-22,2019122201005754,JBBL,29,41,30,170.00,"5,100.00"
2019-12-22,2019122201005753,JBBL,29,51,170,170.00,"28,900.00"
2019-12-22,2019122201005639,JFL,34,50,450,198.00,"89,100.00"
2019-12-22,2019122201006062,JOSHI,57,6,100,60.00,"6,000.00"
2019-12-22,2019122201005890,JOSHI,57,17,330,60.00,"19,800.00"
2019-12-22,2019122201006026,JSLBB,47,38,50,"1,200.00","60,000.00"
2019-12-22,2019122201005998,JSLBB,37,38,10,"1,200.00","12,000.00"
2019-12-22,2019122201005610,KBL,46,1,27,178.00,"4,806.00"
2019-12-22,2019122201005605,KRBL,52,46,500,102.00,"51,000.00"
2019-12-22,2019122201005994,LBBL,33,51,750,190.00,"142,500.00"
2019-12-22,2019122201005993,LBBL,33,29,300,190.00,"57,000.00"
2019-12-22,2019122201005992,LBBL,33,38,"1,000",190.00,"190,000.00"
2019-12-22,2019122201005991,LBBL,33,7,292,190.00,"55,480.00"
2019-12-22,2019122201005974,LBBL,33,14,"1,515",189.00,"286,335.00"
2019-12-22,2019122201005860,LBBL,50,36,23,189.00,"4,347.00"
2019-12-22,2019122201005851,LBBL,50,14,198,189.00,"37,422.00"
2019-12-22,2019122201005850,LBBL,25,14,172,189.00,"32,508.00"
2019-12-22,2019122201005973,LBBL,1,14,66,189.00,"12,474.00"
2019-12-22,2019122201005972,LBBL,14,14,140,189.00,"26,460.00"
2019-12-22,2019122201005971,LBBL,50,14,279,189.00,"52,731.00"
2019-12-22,2019122201005955,LBBL,45,38,500,190.00,"95,000.00"
2019-12-22,2019122201006009,LBL,40,49,100,193.00,"19,300.00"
2019-12-22,2019122201005636,LICN,29,25,181,989.00,"179,009.00"
2019-12-22,2019122201005635,LICN,29,25,100,989.00,"98,900.00"
2019-12-22,2019122201005634,LICN,34,25,200,990.00,"198,000.00"
2019-12-22,2019122201005633,LICN,50,25,19,990.00,"18,810.00"
2019-12-22,2019122201006087,MBL,40,39,100,218.00,"21,800.00"
2019-12-22,2019122201005886,MBL,50,11,64,217.00,"13,888.00"
2019-12-22,2019122201005648,MBL,50,32,142,217.00,"30,814.00"
2019-12-22,2019122201005647,MBL,55,32,26,217.00,"5,642.00"
2019-12-22,2019122201005606,MBL,55,37,200,217.00,"43,400.00"
2019-12-22,2019122201005879,MEGA,28,11,268,183.00,"49,044.00"
2019-12-22,2019122201005804,MEGA,51,1,10,184.00,"1,840.00"
2019-12-22,2019122201005742,MEGA,38,1,20,184.00,"3,680.00"
2019-12-22,2019122201005912,MERO,6,47,200,449.00,"89,800.00"
2019-12-22,2019122201005997,MFIL,49,39,200,139.00,"27,800.00"
2019-12-22,2019122201005697,MFIL,32,42,21,137.00,"2,877.00"
2019-12-22,2019122201005959,MHNL,11,6,60,83.00,"4,980.00"
2019-12-22,2019122201005642,MLBBL,56,16,10,545.00,"5,450.00"
2019-12-22,2019122201006077,MLBL,35,55,50,174.00,"8,700.00"
2019-12-22,2019122201006076,MLBL,35,11,50,173.00,"8,650.00"
2019-12-22,2019122201006072,MLBL,26,11,70,172.00,"12,040.00"
2019-12-22,2019122201005983,MNBBL,22,33,200,273.00,"54,600.00"
2019-12-22,2019122201005954,MNBBL,28,38,12,275.00,"3,300.00"
2019-12-22,2019122201005877,MNBBL,22,39,90,273.00,"24,570.00"
2019-12-22,2019122201006047,MSLB,39,50,50,882.00,"44,100.00"
2019-12-22,2019122201006046,MSLB,17,50,10,882.00,"8,820.00"
2019-12-22,2019122201006045,MSLB,45,50,20,883.00,"17,660.00"
2019-12-22,2019122201006044,MSLB,17,50,10,884.00,"8,840.00"
2019-12-22,2019122201006043,MSLB,42,50,100,885.00,"88,500.00"
2019-12-22,2019122201006067,NABIL,34,49,64,756.00,"48,384.00"
2019-12-22,2019122201006066,NABIL,1,49,36,756.00,"27,216.00"
2019-12-22,2019122201006050,NABIL,1,11,34,756.00,"25,704.00"
2019-12-22,2019122201006008,NABIL,1,11,200,757.00,"151,400.00"
2019-12-22,2019122201006007,NABIL,6,11,200,757.00,"151,400.00"
2019-12-22,2019122201006006,NABIL,40,11,46,757.00,"34,822.00"
2019-12-22,2019122201005627,NABIL,25,48,300,758.00,"227,400.00"
2019-12-22,2019122201006005,NABIL,19,11,50,757.00,"37,850.00"
2019-12-22,2019122201006004,NABIL,33,11,100,757.00,"75,700.00"
2019-12-22,2019122201006003,NABIL,50,11,20,758.00,"15,160.00"
2019-12-22,2019122201005837,NABIL,45,49,980,759.00,"743,820.00"
2019-12-22,2019122201005836,NABIL,45,25,220,759.00,"166,980.00"
2019-12-22,2019122201005646,NABIL,45,25,80,759.00,"60,720.00"
2019-12-22,2019122201006083,NADEP,36,21,130,448.00,"58,240.00"
2019-12-22,2019122201006082,NADEP,43,21,20,449.00,"8,980.00"
2019-12-22,2019122201006035,NBB,33,39,10,187.00,"1,870.00"
2019-12-22,2019122201006034,NBB,33,6,50,186.00,"9,300.00"
2019-12-22,2019122201006001,NBB,19,29,202,185.00,"37,370.00"
2019-12-22,2019122201005989,NBB,35,6,30,186.00,"5,580.00"
2019-12-22,2019122201005984,NBB,33,6,10,186.00,"1,860.00"
2019-12-22,2019122201005596,NBB,45,33,100,185.00,"18,500.00"
2019-12-22,2019122201005772,NBB,19,57,30,185.00,"5,550.00"
2019-12-22,2019122201005728,NBB,45,33,806,185.00,"149,110.00"
2019-12-22,2019122201005698,NBB,25,33,100,185.00,"18,500.00"
2019-12-22,2019122201006024,NBL,14,33,"3,095",315.00,"974,925.00"
2019-12-22,2019122201006023,NBL,14,17,"2,905",315.00,"915,075.00"
2019-12-22,2019122201006020,NBL,40,17,100,315.00,"31,500.00"
2019-12-22,2019122201005766,NBL,10,17,500,315.00,"157,500.00"
2019-12-22,2019122201005755,NBL,10,17,500,315.00,"157,500.00"
2019-12-22,2019122201006058,NCCB,45,58,33,206.00,"6,798.00"
2019-12-22,2019122201006057,NCCB,45,38,817,205.00,"167,485.00"
2019-12-22,2019122201005977,NCCB,34,32,100,205.00,"20,500.00"
2019-12-22,2019122201005976,NCCB,7,32,700,205.00,"143,500.00"
2019-12-22,2019122201005882,NCCB,7,32,300,205.00,"61,500.00"
2019-12-22,2019122201005761,NCCB,7,32,200,205.00,"41,000.00"
2019-12-22,2019122201005678,NCCB,33,44,"2,500",205.00,"512,500.00"
2019-12-22,2019122201005598,NCCB,42,32,100,205.00,"20,500.00"
2019-12-22,2019122201005743,NCCB,39,32,500,205.00,"102,500.00"
2019-12-22,2019122201005716,NCCB,33,32,378,205.00,"77,490.00"
2019-12-22,2019122201005715,NCCB,33,58,"1,000",205.00,"205,000.00"
2019-12-22,2019122201005691,NCCB,42,58,410,206.00,"84,460.00"
2019-12-22,2019122201005690,NCCB,42,48,90,206.00,"18,540.00"
2019-12-22,2019122201005679,NCCB,33,51,122,205.00,"25,010.00"
2019-12-22,2019122201005957,NFS,22,32,40,147.00,"5,880.00"
2019-12-22,2019122201005956,NFS,50,32,500,147.00,"73,500.00"
2019-12-22,2019122201005760,NFS,22,32,500,147.00,"73,500.00"
2019-12-22,2019122201005759,NFS,41,32,200,148.00,"29,600.00"
2019-12-22,2019122201005758,NFS,22,32,10,148.00,"1,480.00"
2019-12-22,2019122201005757,NFS,22,32,500,148.00,"74,000.00"
2019-12-22,2019122201005738,NFS,44,32,40,149.00,"5,960.00"
2019-12-22,2019122201005737,NFS,48,32,100,149.00,"14,900.00"
2019-12-22,2019122201005736,NFS,50,32,459,149.00,"68,391.00"
2019-12-22,2019122201005713,NFS,50,5,41,149.00,"6,109.00"
2019-12-22,2019122201006029,NIB,52,17,19,425.00,"8,075.00"
2019-12-22,2019122201005869,NIB,19,34,100,424.00,"42,400.00"
2019-12-22,2019122201005805,NIB,6,17,100,425.00,"42,500.00"
2019-12-22,2019122201005744,NIB,19,8,100,424.00,"42,400.00"
2019-12-22,2019122201005741,NIB,19,17,22,425.00,"9,350.00"
2019-12-22,2019122201005980,NICA,21,48,18,415.00,"7,470.00"
2019-12-22,2019122201005979,NICA,21,8,200,415.00,"83,000.00"
2019-12-22,2019122201005978,NICA,21,8,281,415.00,"116,615.00"
2019-12-22,2019122201005889,NICA,34,8,100,415.00,"41,500.00"
2019-12-22,2019122201005821,NICA,28,8,119,415.00,"49,385.00"
2019-12-22,2019122201005820,NICA,28,4,381,415.00,"158,115.00"
2019-12-22,2019122201005795,NICA,28,4,619,415.00,"256,885.00"
2019-12-22,2019122201005794,NICA,28,21,30,415.00,"12,450.00"
2019-12-22,2019122201005793,NICA,28,5,351,415.00,"145,665.00"
2019-12-22,2019122201005735,NICA,52,41,500,414.00,"207,000.00"
2019-12-22,2019122201005670,NICA,52,37,200,414.00,"82,800.00"
2019-12-22,2019122201005985,NICL,6,19,200,285.00,"57,000.00"
2019-12-22,2019122201005941,NICL,6,40,449,285.00,"127,965.00"
2019-12-22,2019122201005940,NICL,34,40,841,285.00,"239,685.00"
2019-12-22,2019122201005939,NICL,43,40,10,290.00,"2,900.00"
2019-12-22,2019122201005881,NIL,51,36,90,409.00,"36,810.00"
2019-12-22,2019122201005786,NIL,39,36,10,409.00,"4,090.00"
2019-12-22,2019122201005770,NIL,50,36,80,405.00,"32,400.00"
2019-12-22,2019122201005595,NLBBL,6,19,106,554.00,"58,724.00"
2019-12-22,2019122201005816,NLG,52,17,21,596.00,"12,516.00"
2019-12-22,2019122201005750,NLIC,34,16,275,875.00,"240,625.00"
2019-12-22,2019122201005730,NLIC,35,16,100,875.00,"87,500.00"
2019-12-22,2019122201005709,NLIC,44,39,130,874.00,"113,620.00"
2019-12-22,2019122201005686,NLIC,44,16,75,875.00,"65,625.00"
2019-12-22,2019122201005684,NLIC,53,29,10,873.00,"8,730.00"
2019-12-22,2019122201005683,NLIC,10,29,50,873.00,"43,650.00"
2019-12-22,2019122201005682,NLIC,35,29,200,874.00,"174,800.00"
2019-12-22,2019122201005681,NLIC,59,29,140,874.00,"122,360.00"
2019-12-22,2019122201005604,NLIC,34,16,50,875.00,"43,750.00"
2019-12-22,2019122201005768,NLICL,43,50,10,469.00,"4,690.00"
2019-12-22,2019122201006081,NMB,16,6,110,326.00,"35,860.00"
2019-12-22,2019122201006080,NMB,8,6,966,326.00,"314,916.00"
2019-12-22,2019122201006037,NMB,8,14,160,327.00,"52,320.00"
2019-12-22,2019122201006013,NMB,48,14,30,327.00,"9,810.00"
2019-12-22,2019122201005970,NMB,8,40,80,326.00,"26,080.00"
2019-12-22,2019122201005961,NMB,26,14,500,327.00,"163,500.00"
2019-12-22,2019122201005677,NMB,49,14,"3,517",327.00,"1,150,059.00"
2019-12-22,2019122201005676,NMB,49,50,383,327.00,"125,241.00"
2019-12-22,2019122201005675,NMB,49,43,100,327.00,"32,700.00"
2019-12-22,2019122201005668,NMB,42,43,100,327.00,"32,700.00"
2019-12-22,2019122201005953,NMB,8,35,954,326.00,"311,004.00"
2019-12-22,2019122201005952,NMB,38,35,200,326.00,"65,200.00"
2019-12-22,2019122201005951,NMB,14,35,200,326.00,"65,200.00"
2019-12-22,2019122201005950,NMB,25,35,146,326.00,"47,596.00"
2019-12-22,2019122201005906,NMB,32,14,15,327.00,"4,905.00"
2019-12-22,2019122201005888,NMB,25,42,100,326.00,"32,600.00"
2019-12-22,2019122201005858,NMFBS,41,45,80,"1,210.00","96,800.00"
2019-12-22,2019122201005938,NNLB,33,33,10,515.00,"5,150.00"
2019-12-22,2019122201005937,NNLB,33,6,25,507.00,"12,675.00"
2019-12-22,2019122201005878,NNLB,55,44,60,505.00,"30,300.00"
2019-12-22,2019122201005699,NSEWA,55,39,10,445.00,"4,450.00"
2019-12-22,2019122201005803,NTC,6,43,50,641.00,"32,050.00"
2019-12-22,2019122201005661,NTC,52,43,150,640.00,"96,000.00"
2019-12-22,2019122201005660,NTC,11,43,20,640.00,"12,800.00"
2019-12-22,2019122201005781,NTC,14,55,50,640.00,"32,000.00"
2019-12-22,2019122201005663,NTC,38,43,200,639.00,"127,800.00"
2019-12-22,2019122201005662,NTC,7,43,300,639.00,"191,700.00"
2019-12-22,2019122201006056,PCBL,25,6,163,280.00,"45,640.00"
2019-12-22,2019122201006055,PCBL,58,6,100,280.00,"28,000.00"
2019-12-22,2019122201006054,PCBL,14,6,200,280.00,"56,000.00"
2019-12-22,2019122201006053,PCBL,41,6,25,280.00,"7,000.00"
2019-12-22,2019122201006052,PCBL,41,6,40,280.00,"11,200.00"
2019-12-22,2019122201006051,PCBL,45,6,328,280.00,"91,840.00"
2019-12-22,2019122201005689,PCBL,56,58,17,281.00,"4,777.00"
2019-12-22,2019122201006031,PCBL,45,52,172,280.00,"48,160.00"
2019-12-22,2019122201006030,PCBL,28,52,18,280.00,"5,040.00"
2019-12-22,2019122201005925,PCBL,34,46,17,281.00,"4,777.00"
2019-12-22,2019122201005924,PCBL,34,38,108,281.00,"30,348.00"
2019-12-22,2019122201005923,PCBL,34,58,75,281.00,"21,075.00"
2019-12-22,2019122201005838,PCBL,28,43,57,280.00,"15,960.00"
2019-12-22,2019122201006086,PLIC,13,38,206,342.00,"70,452.00"
2019-12-22,2019122201006085,PLIC,13,38,550,342.00,"188,100.00"
2019-12-22,2019122201006084,PLIC,14,38,44,342.00,"15,048.00"
2019-12-22,2019122201005694,PLIC,40,19,100,343.00,"34,300.00"
2019-12-22,2019122201005897,PRIN,6,43,100,325.00,"32,500.00"
2019-12-22,2019122201005949,PRVU,17,6,437,224.00,"97,888.00"
2019-12-22,2019122201005935,PRVU,52,6,100,225.00,"22,500.00"
2019-12-22,2019122201005904,PRVU,32,6,734,225.00,"165,150.00"
2019-12-22,2019122201005903,PRVU,32,26,"1,266",225.00,"284,850.00"
2019-12-22,2019122201005896,PRVU,53,26,200,225.00,"45,000.00"
2019-12-22,2019122201005868,PRVU,17,29,135,224.00,"30,240.00"
2019-12-22,2019122201005867,PRVU,32,29,297,224.00,"66,528.00"
2019-12-22,2019122201005835,PRVU,32,45,"1,000",224.00,"224,000.00"
2019-12-22,2019122201005767,PRVU,32,50,500,224.00,"112,000.00"
2019-12-22,2019122201005665,PRVU,32,19,500,224.00,"112,000.00"
2019-12-22,2019122201005688,RADHI,47,39,11,140.00,"1,540.00"
2019-12-22,2019122201005680,RBCL,34,56,14,"8,310.00","116,340.00"
2019-12-22,2019122201006014,RHPC,1,26,10,73.00,730.00
2019-12-22,2019122201005907,RHPC,1,54,10,72.00,720.00
2019-12-22,2019122201005807,RHPC,1,54,20,71.00,"1,420.00"
2019-12-22,2019122201006073,RHPL,38,10,30,172.00,"5,160.00"
2019-12-22,2019122201006038,RHPL,38,10,50,172.00,"8,600.00"
2019-12-22,2019122201005911,RHPL,52,46,50,171.00,"8,550.00"
2019-12-22,2019122201005841,RHPL,33,10,10,170.00,"1,700.00"
2019-12-22,2019122201005827,RHPL,33,10,10,170.00,"1,700.00"
2019-12-22,2019122201005810,RHPL,33,10,10,170.00,"1,700.00"
2019-12-22,2019122201005656,RHPL,57,7,50,171.00,"8,550.00"
2019-12-22,2019122201005643,RHPL,57,10,10,171.00,"1,710.00"
2019-12-22,2019122201005621,RHPL,57,48,40,171.00,"6,840.00"
2019-12-22,2019122201005620,RHPL,50,10,10,171.00,"1,710.00"
2019-12-22,2019122201005607,RHPL,50,7,40,171.00,"6,840.00"
2019-12-22,2019122201005600,RHPL,50,10,10,171.00,"1,710.00"
2019-12-22,2019122201005792,RHPL,33,10,10,170.00,"1,700.00"
2019-12-22,2019122201005701,RHPL,33,48,40,170.00,"6,800.00"
2019-12-22,2019122201005696,RHPL,33,7,50,170.00,"8,500.00"
2019-12-22,2019122201005659,RHPL,54,46,"1,000",171.00,"171,000.00"
2019-12-22,2019122201005658,RHPL,57,46,400,171.00,"68,400.00"
2019-12-22,2019122201005657,RHPL,40,46,500,171.00,"85,500.00"
2019-12-22,2019122201005617,RMDC,33,51,278,610.00,"169,580.00"
2019-12-22,2019122201005616,RMDC,33,4,500,610.00,"305,000.00"
2019-12-22,2019122201005615,RMDC,33,45,214,606.00,"129,684.00"
2019-12-22,2019122201005614,RMDC,33,19,290,605.00,"175,450.00"
2019-12-22,2019122201005613,RMDC,33,40,176,604.00,"106,304.00"
2019-12-22,2019122201005622,RRHP,42,21,10,96.00,960.00
2019-12-22,2019122201005861,SABSL,21,45,10,536.00,"5,360.00"
2019-12-22,2019122201005722,SABSL,22,48,10,535.00,"5,350.00"
2019-12-22,2019122201005640,SABSL,22,48,10,535.00,"5,350.00"
2019-12-22,2019122201006071,SADBL,48,38,10,143.00,"1,430.00"
2019-12-22,2019122201006028,SANIMA,48,6,317,311.00,"98,587.00"
2019-12-22,2019122201006027,SANIMA,6,6,55,311.00,"17,105.00"
2019-12-22,2019122201005775,SANIMA,25,26,134,312.00,"41,808.00"
2019-12-22,2019122201005746,SANIMA,25,26,100,312.00,"31,200.00"
2019-12-22,2019122201005745,SANIMA,50,26,114,312.00,"35,568.00"
2019-12-22,2019122201005674,SANIMA,50,5,655,312.00,"204,360.00"
2019-12-22,2019122201005673,SANIMA,50,41,16,312.00,"4,992.00"
2019-12-22,2019122201005672,SANIMA,50,25,200,312.00,"62,400.00"
2019-12-22,2019122201005671,SANIMA,50,11,15,312.00,"4,680.00"
2019-12-22,2019122201005631,SANIMA,55,11,135,312.00,"42,120.00"
2019-12-22,2019122201005630,SANIMA,55,18,198,312.00,"61,776.00"
2019-12-22,2019122201005629,SANIMA,55,42,167,312.00,"52,104.00"
2019-12-22,2019122201005917,SAPDBL,20,29,56,122.00,"6,832.00"
2019-12-22,2019122201005916,SAPDBL,44,29,25,123.00,"3,075.00"
2019-12-22,2019122201005915,SAPDBL,34,29,100,123.00,"12,300.00"
2019-12-22,2019122201005914,SAPDBL,34,29,50,124.00,"6,200.00"
2019-12-22,2019122201005913,SAPDBL,34,29,10,124.00,"1,240.00"
2019-12-22,2019122201005788,SBI,20,57,97,350.00,"33,950.00"
2019-12-22,2019122201005986,SBL,16,6,351,285.00,"100,035.00"
2019-12-22,2019122201005964,SBL,6,6,"1,000",286.00,"286,000.00"
2019-12-22,2019122201005958,SBL,51,6,200,287.00,"57,400.00"
2019-12-22,2019122201005921,SCB,56,6,271,528.00,"143,088.00"
2019-12-22,2019122201005920,SCB,29,6,180,528.00,"95,040.00"
2019-12-22,2019122201005919,SCB,44,6,15,529.00,"7,935.00"
2019-12-22,2019122201005752,SCB,44,4,85,529.00,"44,965.00"
2019-12-22,2019122201005751,SCB,37,4,170,529.00,"89,930.00"
2019-12-22,2019122201005711,SHINE,49,1,100,231.00,"23,100.00"
2019-12-22,2019122201005710,SHINE,45,1,200,231.00,"46,200.00"
2019-12-22,2019122201005885,SHINE,48,44,100,232.00,"23,200.00"
2019-12-22,2019122201005712,SHINE,55,1,500,231.00,"115,500.00"
2019-12-22,2019122201005981,SHIVM,35,39,660,416.00,"274,560.00"
2019-12-22,2019122201005826,SHIVM,35,33,500,416.00,"208,000.00"
2019-12-22,2019122201005641,SHL,34,48,100,185.00,"18,500.00"
2019-12-22,2019122201005612,SHL,45,43,400,184.00,"73,600.00"
2019-12-22,2019122201006074,SHPC,49,1,50,183.00,"9,150.00"
2019-12-22,2019122201006069,SHPC,45,50,55,182.00,"10,010.00"
2019-12-22,2019122201005756,SHPC,26,43,800,183.00,"146,400.00"
2019-12-22,2019122201005719,SHPC,26,53,730,183.00,"133,590.00"
2019-12-22,2019122201005718,SHPC,16,53,50,183.00,"9,150.00"
2019-12-22,2019122201005717,SHPC,13,53,60,183.00,"10,980.00"
2019-12-22,2019122201005829,SHPC,57,37,200,182.00,"36,400.00"
2019-12-22,2019122201005828,SHPC,20,37,500,182.00,"91,000.00"
2019-12-22,2019122201005790,SHPC,53,17,300,183.00,"54,900.00"
2019-12-22,2019122201005785,SHPC,36,17,100,183.00,"18,300.00"
2019-12-22,2019122201005765,SHPC,26,17,170,183.00,"31,110.00"
2019-12-22,2019122201005856,SHPC,28,43,500,183.00,"91,500.00"
2019-12-22,2019122201005855,SHPC,28,17,180,183.00,"32,940.00"
2019-12-22,2019122201005849,SHPC,45,17,27,182.00,"4,914.00"
2019-12-22,2019122201005831,SHPC,45,37,150,182.00,"27,300.00"
2019-12-22,2019122201005830,SHPC,54,37,150,182.00,"27,300.00"
2019-12-22,2019122201005965,SHPC,45,43,250,182.00,"45,500.00"
2019-12-22,2019122201005918,SHPC,33,43,100,183.00,"18,300.00"
2019-12-22,2019122201005905,SHPC,56,43,100,183.00,"18,300.00"
2019-12-22,2019122201005893,SHPC,49,43,50,183.00,"9,150.00"
2019-12-22,2019122201005871,SHPC,45,17,515,182.00,"93,730.00"
2019-12-22,2019122201005870,SHPC,28,17,820,183.00,"150,060.00"
2019-12-22,2019122201005854,SICL,58,58,40,869.00,"34,760.00"
2019-12-22,2019122201005853,SICL,58,21,10,865.00,"8,650.00"
2019-12-22,2019122201005848,SICL,58,34,50,865.00,"43,250.00"
2019-12-22,2019122201005839,SICL,58,56,90,860.00,"77,400.00"
2019-12-22,2019122201005832,SICL,57,56,10,860.00,"8,600.00"
2019-12-22,2019122201005597,SICL,58,42,50,870.00,"43,500.00"
2019-12-22,2019122201005592,SICL,58,49,50,860.00,"43,000.00"
2019-12-22,2019122201005591,SICL,58,56,200,860.00,"172,000.00"
2019-12-22,2019122201005809,SINDU,34,38,236,133.00,"31,388.00"
2019-12-22,2019122201005808,SINDU,45,38,114,133.00,"15,162.00"
2019-12-22,2019122201005776,SJCL,6,48,20,157.00,"3,140.00"
2019-12-22,2019122201005727,SJCL,6,48,20,157.00,"3,140.00"
2019-12-22,2019122201005721,SJCL,6,7,20,157.00,"3,140.00"
2019-12-22,2019122201005714,SJCL,6,17,10,157.00,"1,570.00"
2019-12-22,2019122201005664,SJCL,6,7,20,157.00,"3,140.00"
2019-12-22,2019122201005628,SJCL,6,48,20,157.00,"3,140.00"
2019-12-22,2019122201005619,SJCL,6,7,10,157.00,"1,570.00"
2019-12-22,2019122201005990,SKBBL,34,45,10,988.00,"9,880.00"
2019-12-22,2019122201006079,SLICL,4,4,840,279.00,"234,360.00"
2019-12-22,2019122201006078,SLICL,4,26,40,279.00,"11,160.00"
2019-12-22,2019122201005840,SLICL,37,52,700,280.00,"196,000.00"
2019-12-22,2019122201005799,SLICL,26,4,730,278.00,"202,940.00"
2019-12-22,2019122201005798,SLICL,55,4,100,278.00,"27,800.00"
2019-12-22,2019122201005797,SLICL,34,4,100,279.00,"27,900.00"
2019-12-22,2019122201005590,SLICL,4,17,350,278.00,"97,300.00"
2019-12-22,2019122201005796,SLICL,16,4,500,279.00,"139,500.00"
2019-12-22,2019122201005720,SLICL,45,52,50,280.00,"14,000.00"
2019-12-22,2019122201005652,SLICL,25,52,69,280.00,"19,320.00"
2019-12-22,2019122201005651,SLICL,25,28,500,279.00,"139,500.00"
2019-12-22,2019122201005650,SLICL,25,34,500,279.00,"139,500.00"
2019-12-22,2019122201005649,SLICL,25,44,131,279.00,"36,549.00"
2019-12-22,2019122201006070,SMFBS,34,34,10,903.00,"9,030.00"
2019-12-22,2019122201005818,SMFBS,48,48,10,893.00,"8,930.00"
2019-12-22,2019122201005806,SMFBS,57,6,30,904.00,"27,120.00"
2019-12-22,2019122201006019,SPARS,34,13,10,614.00,"6,140.00"
2019-12-22,2019122201006018,SPARS,34,20,20,611.00,"12,220.00"
2019-12-22,2019122201006017,SPARS,34,1,10,610.00,"6,100.00"
2019-12-22,2019122201006016,SPARS,34,44,10,610.00,"6,100.00"
2019-12-22,2019122201006015,SPARS,34,38,10,607.00,"6,070.00"
2019-12-22,2019122201005894,SPARS,48,56,10,605.00,"6,050.00"
2019-12-22,2019122201005800,SPARS,48,48,10,605.00,"6,050.00"
2019-12-22,2019122201005784,SPARS,14,48,10,606.00,"6,060.00"
2019-12-22,2019122201005779,SPARS,14,38,10,606.00,"6,060.00"
2019-12-22,2019122201005769,SPARS,1,48,10,607.00,"6,070.00"
2019-12-22,2019122201006012,SRBL,14,6,71,215.00,"15,265.00"
2019-12-22,2019122201006011,SRBL,40,6,100,216.00,"21,600.00"
2019-12-22,2019122201006010,SRBL,17,6,233,216.00,"50,328.00"
2019-12-22,2019122201006000,STC,25,22,10,"1,591.00","15,910.00"
2019-12-22,2019122201005996,STC,6,42,54,"1,562.00","84,348.00"
2019-12-22,2019122201005995,STC,5,42,50,"1,565.00","78,250.00"
2019-12-22,2019122201005988,SWBBL,46,47,11,816.00,"8,976.00"
2019-12-22,2019122201005987,SWBBL,46,21,10,815.00,"8,150.00"
2019-12-22,2019122201005933,SWBBL,25,21,10,803.00,"8,030.00"
2019-12-22,2019122201005910,SWBBL,25,21,10,803.00,"8,030.00"
2019-12-22,2019122201005771,TMDBL,1,59,150,155.00,"23,250.00"
2019-12-22,2019122201005594,TMDBL,50,22,173,152.00,"26,296.00"
2019-12-22,2019122201005844,UIC,21,42,23,270.00,"6,210.00"
2019-12-22,2019122201005843,UIC,21,42,100,270.00,"27,000.00"
2019-12-22,2019122201005842,UIC,21,21,121,270.00,"32,670.00"
2019-12-22,2019122201005637,UIC,46,34,100,268.00,"26,800.00"
2019-12-22,2019122201006042,UMHL,59,45,18,112.00,"2,016.00"
2019-12-22,2019122201006041,UMHL,59,7,14,111.00,"1,554.00"
2019-12-22,2019122201006040,UMHL,59,7,14,111.00,"1,554.00"
2019-12-22,2019122201006039,UMHL,59,7,14,111.00,"1,554.00"
2019-12-22,2019122201005783,UMHL,59,49,431,111.00,"47,841.00"
2019-12-22,2019122201005859,UMHL,59,7,14,111.00,"1,554.00"
2019-12-22,2019122201006032,UNHPL,19,17,30,57.00,"1,710.00"
2019-12-22,2019122201005999,UNHPL,17,17,400,58.00,"23,200.00"
2019-12-22,2019122201005834,UPPER,33,45,10,232.00,"2,320.00"
2019-12-22,2019122201005833,UPPER,33,58,40,231.00,"9,240.00"
2019-12-22,2019122201005708,UPPER,52,17,40,231.00,"9,240.00"
2019-12-22,2019122201005707,UPPER,52,49,85,231.00,"19,635.00"
2019-12-22,2019122201005638,UPPER,13,49,160,231.00,"36,960.00"
2019-12-22,2019122201006065,VLBS,33,32,200,717.00,"143,400.00"
2019-12-22,2019122201006064,VLBS,33,33,129,717.00,"92,493.00"
2019-12-22,2019122201006063,VLBS,33,36,13,714.00,"9,282.00"
2019-12-22,2019122201006025,VLBS,33,33,300,713.00,"213,900.00"
2019-12-22,2019122201005895,VLBS,33,34,50,713.00,"35,650.00"
2019-12-22,2019122201005603,VLBS,46,18,100,710.00,"71,000.00"
2019-12-22,2019122201005602,VLBS,17,18,100,711.00,"71,100.00"
2019-12-22,2019122201005601,VLBS,41,18,100,711.00,"71,100.00"
2019-12-22,2019122201005892,VLBS,49,18,13,710.00,"9,230.00"
2019-12-22,2019122201005891,VLBS,17,18,31,710.00,"22,010.00"
2019-12-22,2019122201005823,VLBS,17,57,69,710.00,"48,990.00"
2019-12-22,2019122201005787,VLBS,29,18,20,714.00,"14,280.00"
2019-12-22,2019122201005773,VLBS,17,17,100,712.00,"71,200.00"
2019-12-22,2019122201005541,ADBL,45,17,83,411.00,"34,113.00"
2019-12-22,2019122201005540,ADBL,19,17,37,411.00,"15,207.00"
2019-12-22,2019122201005529,ADBL,46,7,52,412.00,"21,424.00"
2019-12-22,2019122201005526,ADBL,46,5,529,412.00,"217,948.00"
2019-12-22,2019122201005522,ADBL,49,5,100,412.00,"41,200.00"
2019-12-22,2019122201005469,ADBL,25,5,111,412.00,"45,732.00"
2019-12-22,2019122201005468,ADBL,25,42,39,412.00,"16,068.00"
2019-12-22,2019122201005359,ADBL,22,42,100,412.00,"41,200.00"
2019-12-22,2019122201005530,AHPC,28,47,17,98.00,"1,666.00"
2019-12-22,2019122201005520,AHPC,32,28,"1,500",97.00,"145,500.00"
2019-12-22,2019122201005527,AKPL,36,29,513,113.00,"57,969.00"
2019-12-22,2019122201005477,AKPL,36,29,700,113.00,"79,100.00"
2019-12-22,2019122201005476,AKPL,42,29,287,113.00,"32,431.00"
2019-12-22,2019122201005448,AKPL,42,25,13,113.00,"1,469.00"
2019-12-22,2019122201005132,AKPL,58,19,730,112.00,"81,760.00"
2019-12-22,2019122201005107,AKPL,1,19,500,113.00,"56,500.00"
2019-12-22,2019122201005106,AKPL,41,19,989,113.00,"111,757.00"
2019-12-22,2019122201005508,API,25,40,41,106.00,"4,346.00"
2019-12-22,2019122201005503,API,34,25,355,105.00,"37,275.00"
2019-12-22,2019122201005502,API,38,25,100,105.00,"10,500.00"
2019-12-22,2019122201005501,API,25,25,345,105.00,"36,225.00"
2019-12-22,2019122201005437,API,25,40,59,106.00,"6,254.00"
2019-12-22,2019122201005281,API,25,22,16,107.00,"1,712.00"
2019-12-22,2019122201005280,API,25,7,344,106.00,"36,464.00"
2019-12-22,2019122201005246,API,25,41,19,106.00,"2,014.00"
2019-12-22,2019122201005585,BARUN,48,45,10,78.00,780.00
2019-12-22,2019122201005566,BOKL,25,38,100,216.00,"21,600.00"
2019-12-22,2019122201005358,BOKL,36,41,10,216.00,"2,160.00"
2019-12-22,2019122201005357,BOKL,36,3,"2,689",216.00,"580,824.00"
2019-12-22,2019122201005322,BOKL,32,13,112,215.00,"24,080.00"
2019-12-22,2019122201005272,BOKL,40,3,100,216.00,"21,600.00"
2019-12-22,2019122201005271,BOKL,8,3,86,216.00,"18,576.00"
2019-12-22,2019122201005270,BOKL,33,3,125,216.00,"27,000.00"
2019-12-22,2019122201005583,BPCL,45,21,22,353.00,"7,766.00"
2019-12-22,2019122201005577,BPCL,57,21,100,354.00,"35,400.00"
2019-12-22,2019122201005572,BPCL,45,21,22,353.00,"7,766.00"
2019-12-22,2019122201005553,BPCL,45,21,22,353.00,"7,766.00"
2019-12-22,2019122201005537,BPCL,45,21,22,353.00,"7,766.00"
2019-12-22,2019122201005521,BPCL,45,21,22,353.00,"7,766.00"
2019-12-22,2019122201005365,BPCL,45,21,22,353.00,"7,766.00"
2019-12-22,2019122201005335,BPCL,35,22,306,354.00,"108,324.00"
2019-12-22,2019122201005294,BPCL,35,37,22,354.00,"7,788.00"
2019-12-22,2019122201005273,BPCL,35,44,11,354.00,"3,894.00"
2019-12-22,2019122201005412,BPCL,40,22,175,354.00,"61,950.00"
2019-12-22,2019122201005400,BPCL,38,22,500,354.00,"177,000.00"
2019-12-22,2019122201005396,BPCL,45,21,22,353.00,"7,766.00"
2019-12-22,2019122201005387,BPCL,45,21,22,353.00,"7,766.00"
2019-12-22,2019122201005381,BPCL,45,21,22,353.00,"7,766.00"
2019-12-22,2019122201005376,BPCL,45,21,22,353.00,"7,766.00"
2019-12-22,2019122201005495,BPCL,45,21,22,353.00,"7,766.00"
2019-12-22,2019122201005487,BPCL,45,21,22,353.00,"7,766.00"
2019-12-22,2019122201005473,BPCL,45,21,22,353.00,"7,766.00"
2019-12-22,2019122201005452,BPCL,45,21,22,353.00,"7,766.00"
2019-12-22,2019122201005446,BPCL,45,21,22,353.00,"7,766.00"
2019-12-22,2019122201005416,BPCL,45,21,22,353.00,"7,766.00"
2019-12-22,2019122201005261,CBBL,42,21,10,785.00,"7,850.00"
2019-12-22,2019122201005260,CBBL,56,21,50,785.00,"39,250.00"
2019-12-22,2019122201005245,CBBL,49,21,40,786.00,"31,440.00"
2019-12-22,2019122201005563,CBL,26,17,100,134.00,"13,400.00"
2019-12-22,2019122201005356,CBL,26,13,16,134.00,"2,144.00"
2019-12-22,2019122201005355,CBL,26,41,10,134.00,"1,340.00"
2019-12-22,2019122201005160,CBL,37,48,200,135.00,"27,000.00"
2019-12-22,2019122201005153,CCBL,40,47,100,165.00,"16,500.00"
2019-12-22,2019122201005562,CHCL,40,45,151,358.00,"54,058.00"
2019-12-22,2019122201005151,CHCL,40,6,349,358.00,"124,942.00"
2019-12-22,2019122201005150,CHCL,42,6,351,358.00,"125,658.00"
2019-12-22,2019122201005093,CHCL,55,6,400,359.00,"143,600.00"
2019-12-22,2019122201005514,CZBIL,22,22,272,183.00,"49,776.00"
2019-12-22,2019122201005505,CZBIL,22,57,10,183.00,"1,830.00"
2019-12-22,2019122201005386,CZBIL,13,6,411,184.00,"75,624.00"
2019-12-22,2019122201005385,CZBIL,13,53,154,184.00,"28,336.00"
2019-12-22,2019122201005199,CZBIL,22,22,20,183.00,"3,660.00"
2019-12-22,2019122201005161,CZBIL,40,53,100,184.00,"18,400.00"
2019-12-22,2019122201005492,DBBL,40,45,474,134.00,"63,516.00"
2019-12-22,2019122201005395,DBBL,40,41,10,134.00,"1,340.00"
2019-12-22,2019122201005377,DBBL,40,26,171,134.00,"22,914.00"
2019-12-22,2019122201005347,DBBL,40,29,400,134.00,"53,600.00"
2019-12-22,2019122201005310,DBBL,40,39,"1,057",134.00,"141,638.00"
2019-12-22,2019122201005309,DBBL,43,39,500,134.00,"67,000.00"
2019-12-22,2019122201005139,DBBL,58,55,"1,000",134.00,"134,000.00"
2019-12-22,2019122201005308,DBBL,46,39,508,134.00,"68,072.00"
2019-12-22,2019122201005300,DBBL,46,55,"1,000",134.00,"134,000.00"
2019-12-22,2019122201005242,DBBL,46,55,492,134.00,"65,928.00"
2019-12-22,2019122201005241,DBBL,33,55,600,134.00,"80,400.00"
2019-12-22,2019122201005162,DBBL,33,55,"1,200",134.00,"160,800.00"
2019-12-22,2019122201005140,DBBL,33,55,200,134.00,"26,800.00"
2019-12-22,2019122201005450,EBL,21,41,10,527.00,"5,270.00"
2019-12-22,2019122201005279,EBL,21,51,30,527.00,"15,810.00"
2019-12-22,2019122201005559,EIC,18,55,548,261.00,"143,028.00"
2019-12-22,2019122201005558,EIC,18,39,50,261.00,"13,050.00"
2019-12-22,2019122201005292,EIC,45,33,690,261.00,"180,090.00"
2019-12-22,2019122201005184,EIC,7,33,10,261.00,"2,610.00"
2019-12-22,2019122201005129,EIC,19,33,200,261.00,"52,200.00"
2019-12-22,2019122201005172,FMDBL,17,6,50,314.00,"15,700.00"
2019-12-22,2019122201005171,FMDBL,44,6,490,314.00,"153,860.00"
2019-12-22,2019122201005187,FOWAD,19,7,15,"1,364.00","20,460.00"
2019-12-22,2019122201005182,FOWAD,25,7,20,"1,365.00","27,300.00"
2019-12-22,2019122201005472,GBLBS,44,39,50,310.00,"15,500.00"
2019-12-22,2019122201005297,GBLBS,8,44,15,309.00,"4,635.00"
2019-12-22,2019122201005128,GBLBS,8,21,15,309.00,"4,635.00"
2019-12-22,2019122201005504,GFCL,51,41,10,135.00,"1,350.00"
2019-12-22,2019122201005496,GGBSL,22,37,10,595.00,"5,950.00"
2019-12-22,2019122201005485,GGBSL,22,55,10,595.00,"5,950.00"
2019-12-22,2019122201005484,GGBSL,22,55,10,595.00,"5,950.00"
2019-12-22,2019122201005483,GGBSL,22,55,10,595.00,"5,950.00"
2019-12-22,2019122201005445,GGBSL,14,54,20,593.00,"11,860.00"
2019-12-22,2019122201005432,GGBSL,19,10,38,592.00,"22,496.00"
2019-12-22,2019122201005380,GGBSL,1,54,30,593.00,"17,790.00"
2019-12-22,2019122201005334,GGBSL,1,10,20,593.00,"11,860.00"
2019-12-22,2019122201005333,GGBSL,3,10,80,593.00,"47,440.00"
2019-12-22,2019122201005243,GGBSL,11,43,10,599.00,"5,990.00"
2019-12-22,2019122201005539,GILB,11,41,10,820.00,"8,200.00"
2019-12-22,2019122201005478,GLICL,38,1,150,444.00,"66,600.00"
2019-12-22,2019122201005470,GLICL,39,25,200,443.00,"88,600.00"
2019-12-22,2019122201005457,GLICL,59,1,200,444.00,"88,800.00"
2019-12-22,2019122201005512,GMFBS,28,34,30,575.00,"17,250.00"
2019-12-22,2019122201005479,GMFBS,32,10,80,573.00,"45,840.00"
2019-12-22,2019122201005436,GMFBS,32,48,10,573.00,"5,730.00"
2019-12-22,2019122201005393,GMFBS,32,40,10,573.00,"5,730.00"
2019-12-22,2019122201005582,GRDBL,52,41,20,102.00,"2,040.00"
2019-12-22,2019122201005482,GRDBL,52,14,455,102.00,"46,410.00"
2019-12-22,2019122201005561,HDL,57,44,200,"1,234.00","246,800.00"
2019-12-22,2019122201005493,HDL,58,44,950,"1,230.00","1,168,500.00"
2019-12-22,2019122201005443,HDL,58,53,250,"1,230.00","307,500.00"
2019-12-22,2019122201005442,HDL,39,53,50,"1,230.00","61,500.00"
2019-12-22,2019122201005441,HDL,58,53,200,"1,231.00","246,200.00"
2019-12-22,2019122201005440,HDL,58,53,100,"1,231.00","123,100.00"
2019-12-22,2019122201005439,HDL,58,53,300,"1,232.00","369,600.00"
2019-12-22,2019122201005438,HDL,7,53,100,"1,240.00","124,000.00"
2019-12-22,2019122201005519,HGI,26,58,90,285.00,"25,650.00"
2019-12-22,2019122201005498,HGI,55,10,272,283.00,"76,976.00"
2019-12-22,2019122201005497,HGI,32,10,278,283.00,"78,674.00"
2019-12-22,2019122201005571,HIDCL,36,34,267,131.00,"34,977.00"
2019-12-22,2019122201005570,HIDCL,22,34,20,131.00,"2,620.00"
2019-12-22,2019122201005323,HIDCL,52,22,61,132.00,"8,052.00"
2019-12-22,2019122201005303,HIDCL,52,22,34,132.00,"4,488.00"
2019-12-22,2019122201005302,HIDCL,8,22,27,132.00,"3,564.00"
2019-12-22,2019122201005277,HIDCL,37,6,39,133.00,"5,187.00"
2019-12-22,2019122201005276,HIDCL,37,6,61,133.00,"8,113.00"
2019-12-22,2019122201005259,HIDCL,8,22,44,132.00,"5,808.00"
2019-12-22,2019122201005258,HIDCL,14,22,177,132.00,"23,364.00"
2019-12-22,2019122201005249,HPPL,52,44,10,135.00,"1,350.00"
2019-12-22,2019122201005580,JBBL,49,57,33,169.00,"5,577.00"
2019-12-22,2019122201005545,JBBL,49,43,110,169.00,"18,590.00"
2019-12-22,2019122201005402,JBBL,49,41,500,169.00,"84,500.00"
2019-12-22,2019122201005354,JBBL,49,47,200,169.00,"33,800.00"
2019-12-22,2019122201005225,JBBL,49,5,517,169.00,"87,373.00"
2019-12-22,2019122201005146,JBBL,49,42,50,169.00,"8,450.00"
2019-12-22,2019122201005507,JOSHI,57,42,560,60.00,"33,600.00"
2019-12-22,2019122201005506,JOSHI,11,42,330,60.00,"19,800.00"
2019-12-22,2019122201005475,JOSHI,11,6,50,60.00,"3,000.00"
2019-12-22,2019122201005466,JOSHI,11,29,470,59.00,"27,730.00"
2019-12-22,2019122201005311,KBL,32,51,425,179.00,"76,075.00"
2019-12-22,2019122201005170,KBL,40,51,100,179.00,"17,900.00"
2019-12-22,2019122201005367,KPCL,19,55,10,86.00,860.00
2019-12-22,2019122201005293,LBL,32,52,141,193.00,"27,213.00"
2019-12-22,2019122201005338,LVF1,8,53,"1,000",9.00,"9,000.00"
2019-12-22,2019122201005528,MBL,55,18,274,217.00,"59,458.00"
2019-12-22,2019122201005350,MEGA,11,16,100,184.00,"18,400.00"
2019-12-22,2019122201005349,MEGA,11,50,500,184.00,"92,000.00"
2019-12-22,2019122201005348,MEGA,11,39,610,184.00,"112,240.00"
2019-12-22,2019122201005283,MEGA,40,39,100,184.00,"18,400.00"
2019-12-22,2019122201005454,MEGA,29,1,200,184.00,"36,800.00"
2019-12-22,2019122201005453,MEGA,11,1,140,184.00,"25,760.00"
2019-12-22,2019122201005353,MEGA,11,36,100,184.00,"18,400.00"
2019-12-22,2019122201005352,MEGA,11,54,250,184.00,"46,000.00"
2019-12-22,2019122201005351,MEGA,11,42,100,184.00,"18,400.00"
2019-12-22,2019122201005435,MEGAPO,11,44,"21,935",101.00,"2,215,435.00"
2019-12-22,2019122201005278,MFIL,32,21,15,137.00,"2,055.00"
2019-12-22,2019122201005101,MFIL,49,1,"1,000",139.00,"139,000.00"
2019-12-22,2019122201005100,MFIL,49,45,475,139.00,"66,025.00"
2019-12-22,2019122201005099,MFIL,49,41,150,139.00,"20,850.00"
2019-12-22,2019122201005098,MFIL,49,47,"2,000",139.00,"278,000.00"
2019-12-22,2019122201005097,MFIL,49,13,"1,000",138.00,"138,000.00"
2019-12-22,2019122201005096,MFIL,49,39,200,138.00,"27,600.00"
2019-12-22,2019122201005095,MFIL,49,40,500,138.00,"69,000.00"
2019-12-22,2019122201005094,MFIL,49,41,805,138.00,"111,090.00"
2019-12-22,2019122201005500,MNBBL,6,39,10,274.00,"2,740.00"
2019-12-22,2019122201005138,MNBBL,22,48,99,273.00,"27,027.00"
2019-12-22,2019122201005137,MNBBL,14,48,285,273.00,"77,805.00"
2019-12-22,2019122201005136,MNBBL,53,48,202,274.00,"55,348.00"
2019-12-22,2019122201005364,NABIL,19,38,10,757.00,"7,570.00"
2019-12-22,2019122201005363,NABIL,50,38,30,758.00,"22,740.00"
2019-12-22,2019122201005362,NABIL,36,38,60,758.00,"45,480.00"
2019-12-22,2019122201005318,NABIL,45,56,90,760.00,"68,400.00"
2019-12-22,2019122201005317,NABIL,45,7,10,760.00,"7,600.00"
2019-12-22,2019122201005316,NABIL,45,58,112,760.00,"85,120.00"
2019-12-22,2019122201005247,NABIL,11,22,40,758.00,"30,320.00"
2019-12-22,2019122201005133,NABIL,11,28,90,758.00,"68,220.00"
2019-12-22,2019122201005315,NABIL,45,26,202,760.00,"153,520.00"
2019-12-22,2019122201005314,NABIL,45,40,242,760.00,"183,920.00"
2019-12-22,2019122201005288,NABIL,32,40,50,760.00,"38,000.00"
2019-12-22,2019122201005254,NABIL,45,45,19,759.00,"14,421.00"
2019-12-22,2019122201005253,NABIL,45,58,530,759.00,"402,270.00"
2019-12-22,2019122201005248,NABIL,36,22,40,758.00,"30,320.00"
2019-12-22,2019122201005360,NADEP,36,11,20,448.00,"8,960.00"
2019-12-22,2019122201005557,NBB,48,33,300,185.00,"55,500.00"
2019-12-22,2019122201005538,NBB,32,33,500,185.00,"92,500.00"
2019-12-22,2019122201005456,NBB,25,33,200,185.00,"37,000.00"
2019-12-22,2019122201005394,NBB,40,33,100,185.00,"18,500.00"
2019-12-22,2019122201005375,NBB,28,33,100,185.00,"18,500.00"
2019-12-22,2019122201005264,NBB,58,33,100,185.00,"18,500.00"
2019-12-22,2019122201005263,NBB,22,33,100,185.00,"18,500.00"
2019-12-22,2019122201005262,NBB,49,33,500,185.00,"92,500.00"
2019-12-22,2019122201005584,NBL,1,17,200,315.00,"63,000.00"
2019-12-22,2019122201005474,NBL,1,17,200,315.00,"63,000.00"
2019-12-22,2019122201005447,NBL,1,17,100,315.00,"31,500.00"
2019-12-22,2019122201005371,NBL,14,43,229,314.00,"71,906.00"
2019-12-22,2019122201005370,NBL,17,43,771,314.00,"242,094.00"
2019-12-22,2019122201005368,NBL,17,5,200,314.00,"62,800.00"
2019-12-22,2019122201005320,NBL,17,4,529,314.00,"166,106.00"
2019-12-22,2019122201005319,NBL,29,4,260,314.00,"81,640.00"
2019-12-22,2019122201005304,NBL,1,17,10,315.00,"3,150.00"
2019-12-22,2019122201005534,NCCB,45,45,200,205.00,"41,000.00"
2019-12-22,2019122201005533,NCCB,45,32,800,205.00,"164,000.00"
2019-12-22,2019122201005486,NCCB,34,32,200,205.00,"41,000.00"
2019-12-22,2019122201005451,NCCB,45,14,100,204.00,"20,400.00"
2019-12-22,2019122201005428,NCCB,7,34,"1,000",205.00,"205,000.00"
2019-12-22,2019122201005382,NCCB,45,34,"1,000",205.00,"205,000.00"
2019-12-22,2019122201005145,NCCB,45,34,48,204.00,"9,792.00"
2019-12-22,2019122201005135,NCCB,52,38,"1,000",204.00,"204,000.00"
2019-12-22,2019122201005134,NCCB,52,42,131,204.00,"26,724.00"
2019-12-22,2019122201005131,NCCB,28,34,131,203.00,"26,593.00"
2019-12-22,2019122201005104,NCCB,28,34,48,203.00,"9,744.00"
2019-12-22,2019122201005299,NCCB,38,32,"1,200",205.00,"246,000.00"
2019-12-22,2019122201005290,NCCB,38,38,822,205.00,"168,510.00"
2019-12-22,2019122201005289,NCCB,38,34,"1,000",205.00,"205,000.00"
2019-12-22,2019122201005286,NCCB,57,38,"1,000",205.00,"205,000.00"
2019-12-22,2019122201005285,NCCB,57,1,200,205.00,"41,000.00"
2019-12-22,2019122201005152,NCCB,45,34,82,204.00,"16,728.00"
2019-12-22,2019122201005532,NFS,52,5,20,150.00,"3,000.00"
2019-12-22,2019122201005531,NFS,29,5,100,150.00,"15,000.00"
2019-12-22,2019122201005465,NGPL,47,45,30,111.00,"3,330.00"
2019-12-22,2019122201005144,NGPL,47,7,970,111.00,"107,670.00"
2019-12-22,2019122201005143,NGPL,22,7,100,111.00,"11,100.00"
2019-12-22,2019122201005142,NGPL,43,7,100,111.00,"11,100.00"
2019-12-22,2019122201005141,NGPL,47,7,330,111.00,"36,630.00"
2019-12-22,2019122201005346,NHPC,48,11,100,51.00,"5,100.00"
2019-12-22,2019122201005327,NIB,19,11,28,424.00,"11,872.00"
2019-12-22,2019122201005552,NICA,52,57,120,414.00,"49,680.00"
2019-12-22,2019122201005551,NICA,28,57,10,414.00,"4,140.00"
2019-12-22,2019122201005550,NICA,28,57,870,414.00,"360,180.00"
2019-12-22,2019122201005388,NICA,28,13,30,414.00,"12,420.00"
2019-12-22,2019122201005255,NICA,28,51,100,414.00,"41,400.00"
2019-12-22,2019122201005240,NICA,28,52,50,414.00,"20,700.00"
2019-12-22,2019122201005239,NICA,28,56,442,414.00,"182,988.00"
2019-12-22,2019122201005110,NICA,47,56,58,414.00,"24,012.00"
2019-12-22,2019122201005109,NICA,47,25,33,414.00,"13,662.00"
2019-12-22,2019122201005108,NICA,47,32,409,414.00,"169,326.00"
2019-12-22,2019122201005337,NICL,34,25,159,285.00,"45,315.00"
2019-12-22,2019122201005336,NICL,6,25,41,287.00,"11,767.00"
2019-12-22,2019122201005307,NICL,6,11,159,287.00,"45,633.00"
2019-12-22,2019122201005306,NICL,34,11,10,287.00,"2,870.00"
2019-12-22,2019122201005179,NIL,52,41,500,407.00,"203,500.00"
2019-12-22,2019122201005287,NLG,41,11,25,585.00,"14,625.00"
2019-12-22,2019122201005587,NLIC,35,29,40,874.00,"34,960.00"
2019-12-22,2019122201005575,NLIC,35,29,41,874.00,"35,834.00"
2019-12-22,2019122201005574,NLIC,22,29,19,874.00,"16,606.00"
2019-12-22,2019122201005554,NLIC,22,29,40,874.00,"34,960.00"
2019-12-22,2019122201005467,NLIC,22,49,41,874.00,"35,834.00"
2019-12-22,2019122201005409,NLIC,58,49,100,874.00,"87,400.00"
2019-12-22,2019122201005408,NLIC,41,49,84,875.00,"73,500.00"
2019-12-22,2019122201005379,NLIC,41,16,16,875.00,"14,000.00"
2019-12-22,2019122201005301,NLIC,22,16,23,875.00,"20,125.00"
2019-12-22,2019122201005251,NLIC,17,29,60,876.00,"52,560.00"
2019-12-22,2019122201005581,NMB,25,16,94,326.00,"30,644.00"
2019-12-22,2019122201005549,NMB,26,43,500,327.00,"163,500.00"
2019-12-22,2019122201005481,NMB,5,43,100,327.00,"32,700.00"
2019-12-22,2019122201005342,NMB,55,43,200,327.00,"65,400.00"
2019-12-22,2019122201005284,NMB,56,50,23,327.00,"7,521.00"
2019-12-22,2019122201005269,NMB,25,11,25,326.00,"8,150.00"
2019-12-22,2019122201005123,NMB,4,57,100,327.00,"32,700.00"
2019-12-22,2019122201005122,NMB,4,14,"3,000",327.00,"981,000.00"
2019-12-22,2019122201005121,NMB,4,16,500,327.00,"163,500.00"
2019-12-22,2019122201005120,NMB,4,50,864,327.00,"282,528.00"
2019-12-22,2019122201005119,NMB,4,35,500,327.00,"163,500.00"
2019-12-22,2019122201005268,NMB,14,50,500,327.00,"163,500.00"
2019-12-22,2019122201005147,NMB,25,50,200,326.00,"65,200.00"
2019-12-22,2019122201005127,NMB,4,4,500,327.00,"163,500.00"
2019-12-22,2019122201005126,NMB,4,4,"2,000",327.00,"654,000.00"
2019-12-22,2019122201005125,NMB,4,4,"1,000",327.00,"327,000.00"
2019-12-22,2019122201005124,NMB,4,19,100,327.00,"32,700.00"
2019-12-22,2019122201005305,NMFBS,16,21,34,"1,206.00","41,004.00"
2019-12-22,2019122201005569,OHL,14,19,50,423.00,"21,150.00"
2019-12-22,2019122201005431,OHL,29,26,114,424.00,"48,336.00"
2019-12-22,2019122201005430,OHL,57,26,10,425.00,"4,250.00"
2019-12-22,2019122201005429,OHL,16,49,50,429.00,"21,450.00"
2019-12-22,2019122201005426,PCBL,28,13,125,280.00,"35,000.00"
2019-12-22,2019122201005425,PCBL,45,13,31,280.00,"8,680.00"
2019-12-22,2019122201005325,PCBL,38,58,84,281.00,"23,604.00"
2019-12-22,2019122201005313,PCBL,40,58,56,281.00,"15,736.00"
2019-12-22,2019122201005312,PCBL,40,19,44,281.00,"12,364.00"
2019-12-22,2019122201005256,PMHPL,53,11,10,85.00,850.00
2019-12-22,2019122201005494,PPCL,6,22,10,114.00,"1,140.00"
2019-12-22,2019122201005491,PPCL,6,49,20,114.00,"2,280.00"
2019-12-22,2019122201005480,PPCL,6,49,20,114.00,"2,280.00"
2019-12-22,2019122201005399,PPCL,6,29,20,112.00,"2,240.00"
2019-12-22,2019122201005398,PPCL,6,57,100,112.00,"11,200.00"
2019-12-22,2019122201005392,PPCL,6,42,30,110.00,"3,300.00"
2019-12-22,2019122201005391,PPCL,6,22,40,110.00,"4,400.00"
2019-12-22,2019122201005390,PPCL,6,36,300,110.00,"33,000.00"
2019-12-22,2019122201005389,PPCL,6,41,170,110.00,"18,700.00"
2019-12-22,2019122201005384,PPCL,44,28,30,108.00,"3,240.00"
2019-12-22,2019122201005321,PPCL,44,44,10,108.00,"1,080.00"
2019-12-22,2019122201005373,PROFL,16,5,50,98.00,"4,900.00"
2019-12-22,2019122201005369,PROFL,6,45,100,97.00,"9,700.00"
2019-12-22,2019122201005298,PRVU,40,26,100,225.00,"22,500.00"
2019-12-22,2019122201005275,PRVU,32,29,350,224.00,"78,400.00"
2019-12-22,2019122201005092,PRVU,32,11,23,224.00,"5,152.00"
2019-12-22,2019122201005411,RHPC,38,6,100,70.00,"7,000.00"
2019-12-22,2019122201005578,RHPL,50,10,10,171.00,"1,710.00"
2019-12-22,2019122201005560,RHPL,50,48,40,171.00,"6,840.00"
2019-12-22,2019122201005536,RHPL,50,7,40,171.00,"6,840.00"
2019-12-22,2019122201005513,RHPL,50,7,40,171.00,"6,840.00"
2019-12-22,2019122201005509,RHPL,50,48,40,171.00,"6,840.00"
2019-12-22,2019122201005490,RHPL,50,7,40,171.00,"6,840.00"
2019-12-22,2019122201005455,RHPL,50,7,40,171.00,"6,840.00"
2019-12-22,2019122201005397,RHPL,50,7,50,171.00,"8,550.00"
2019-12-22,2019122201005326,RHPL,50,7,40,171.00,"6,840.00"
2019-12-22,2019122201005291,RHPL,50,38,10,171.00,"1,710.00"
2019-12-22,2019122201005449,RRHP,42,21,10,96.00,960.00
2019-12-22,2019122201005361,RRHP,42,21,10,96.00,960.00
2019-12-22,2019122201005525,SABSL,22,48,10,535.00,"5,350.00"
2019-12-22,2019122201005331,SABSL,22,34,60,535.00,"32,100.00"
2019-12-22,2019122201005330,SABSL,55,34,50,535.00,"26,750.00"
2019-12-22,2019122201005274,SABSL,32,21,10,535.00,"5,350.00"
2019-12-22,2019122201005345,SADBL,13,57,500,141.00,"70,500.00"
2019-12-22,2019122201005459,SANIMA,40,42,100,312.00,"31,200.00"
2019-12-22,2019122201005565,SAPDBL,20,22,122,122.00,"14,884.00"
2019-12-22,2019122201005564,SAPDBL,43,22,25,123.00,"3,075.00"
2019-12-22,2019122201005406,SAPDBL,34,22,25,124.00,"3,100.00"
2019-12-22,2019122201005524,SBI,20,45,50,350.00,"17,500.00"
2019-12-22,2019122201005523,SBI,40,45,100,351.00,"35,100.00"
2019-12-22,2019122201005267,SBI,20,17,204,350.00,"71,400.00"
2019-12-22,2019122201005266,SBI,57,17,10,351.00,"3,510.00"
2019-12-22,2019122201005535,SBL,6,52,390,286.00,"111,540.00"
2019-12-22,2019122201005471,SBL,40,52,100,286.00,"28,600.00"
2019-12-22,2019122201005401,SBL,20,52,10,286.00,"2,860.00"
2019-12-22,2019122201005576,SCB,37,49,200,529.00,"105,800.00"
2019-12-22,2019122201005341,SCB,42,4,20,530.00,"10,600.00"
2019-12-22,2019122201005511,SHINE,4,4,"1,500",231.00,"346,500.00"
2019-12-22,2019122201005510,SHINE,34,1,238,231.00,"54,978.00"
2019-12-22,2019122201005405,SHINE,34,4,762,231.00,"176,022.00"
2019-12-22,2019122201005404,SHINE,45,4,200,231.00,"46,200.00"
2019-12-22,2019122201005403,SHINE,40,4,48,231.00,"11,088.00"
2019-12-22,2019122201005444,SHIVM,35,28,500,416.00,"208,000.00"
2019-12-22,2019122201005427,SHIVM,35,19,50,416.00,"20,800.00"
2019-12-22,2019122201005372,SHIVM,35,43,100,416.00,"41,600.00"
2019-12-22,2019122201005091,SHIVM,25,5,40,415.00,"16,600.00"
2019-12-22,2019122201005090,SHIVM,25,47,200,414.00,"82,800.00"
2019-12-22,2019122201005089,SHIVM,25,7,500,414.00,"207,000.00"
2019-12-22,2019122201005157,SHIVM,25,16,50,415.00,"20,750.00"
2019-12-22,2019122201005156,SHIVM,25,45,40,415.00,"16,600.00"
2019-12-22,2019122201005155,SHIVM,25,6,50,415.00,"20,750.00"
2019-12-22,2019122201005154,SHIVM,25,5,160,415.00,"66,400.00"
2019-12-22,2019122201005102,SHIVM,7,22,100,414.00,"41,400.00"
2019-12-22,2019122201005167,SHIVM,57,21,"1,000",415.00,"415,000.00"
2019-12-22,2019122201005166,SHIVM,57,22,500,415.00,"207,500.00"
2019-12-22,2019122201005165,SHIVM,57,25,200,415.00,"83,000.00"
2019-12-22,2019122201005164,SHIVM,57,46,50,415.00,"20,750.00"
2019-12-22,2019122201005159,SHIVM,25,46,50,415.00,"20,750.00"
2019-12-22,2019122201005158,SHIVM,25,35,100,415.00,"41,500.00"
2019-12-22,2019122201005177,SHIVM,43,5,100,415.00,"41,500.00"
2019-12-22,2019122201005176,SHIVM,43,42,300,415.00,"124,500.00"
2019-12-22,2019122201005175,SHIVM,43,8,160,415.00,"66,400.00"
2019-12-22,2019122201005174,SHIVM,43,21,290,415.00,"120,350.00"
2019-12-22,2019122201005169,SHIVM,57,21,210,415.00,"87,150.00"
2019-12-22,2019122201005168,SHIVM,57,45,40,415.00,"16,600.00"
2019-12-22,2019122201005188,SHIVM,16,50,10,416.00,"4,160.00"
2019-12-22,2019122201005186,SHIVM,29,50,490,416.00,"203,840.00"
2019-12-22,2019122201005185,SHIVM,29,47,10,416.00,"4,160.00"
2019-12-22,2019122201005181,SHIVM,58,16,50,415.00,"20,750.00"
2019-12-22,2019122201005180,SHIVM,58,4,850,415.00,"352,750.00"
2019-12-22,2019122201005178,SHIVM,43,4,150,415.00,"62,250.00"
2019-12-22,2019122201005194,SHIVM,16,14,50,416.00,"20,800.00"
2019-12-22,2019122201005193,SHIVM,16,55,50,416.00,"20,800.00"
2019-12-22,2019122201005192,SHIVM,16,26,100,416.00,"41,600.00"
2019-12-22,2019122201005191,SHIVM,16,45,100,416.00,"41,600.00"
2019-12-22,2019122201005190,SHIVM,16,53,100,416.00,"41,600.00"
2019-12-22,2019122201005189,SHIVM,16,58,100,416.00,"41,600.00"
2019-12-22,2019122201005201,SHIVM,58,42,240,416.00,"99,840.00"
2019-12-22,2019122201005200,SHIVM,58,21,360,416.00,"149,760.00"
2019-12-22,2019122201005198,SHIVM,16,21,140,416.00,"58,240.00"
2019-12-22,2019122201005197,SHIVM,16,3,100,416.00,"41,600.00"
2019-12-22,2019122201005196,SHIVM,16,55,50,416.00,"20,800.00"
2019-12-22,2019122201005195,SHIVM,16,53,200,416.00,"83,200.00"
2019-12-22,2019122201005208,SHIVM,40,26,65,416.00,"27,040.00"
2019-12-22,2019122201005207,SHIVM,40,47,45,416.00,"18,720.00"
2019-12-22,2019122201005206,SHIVM,40,14,50,416.00,"20,800.00"
2019-12-22,2019122201005205,SHIVM,40,20,100,416.00,"41,600.00"
2019-12-22,2019122201005204,SHIVM,40,34,30,416.00,"12,480.00"
2019-12-22,2019122201005203,SHIVM,40,42,210,416.00,"87,360.00"
2019-12-22,2019122201005214,SHIVM,49,47,50,416.00,"20,800.00"
2019-12-22,2019122201005213,SHIVM,49,45,100,416.00,"41,600.00"
2019-12-22,2019122201005212,SHIVM,49,47,50,416.00,"20,800.00"
2019-12-22,2019122201005211,SHIVM,49,1,50,416.00,"20,800.00"
2019-12-22,2019122201005210,SHIVM,49,57,10,416.00,"4,160.00"
2019-12-22,2019122201005209,SHIVM,49,26,235,416.00,"97,760.00"
2019-12-22,2019122201005220,SHIVM,38,39,400,416.00,"166,400.00"
2019-12-22,2019122201005219,SHIVM,49,45,25,416.00,"10,400.00"
2019-12-22,2019122201005218,SHIVM,49,43,200,416.00,"83,200.00"
2019-12-22,2019122201005217,SHIVM,49,45,60,416.00,"24,960.00"
2019-12-22,2019122201005216,SHIVM,49,16,200,416.00,"83,200.00"
2019-12-22,2019122201005215,SHIVM,49,57,20,416.00,"8,320.00"
2019-12-22,2019122201005227,SHIVM,29,42,100,416.00,"41,600.00"
2019-12-22,2019122201005226,SHIVM,29,10,75,416.00,"31,200.00"
2019-12-22,2019122201005224,SHIVM,38,10,125,416.00,"52,000.00"
2019-12-22,2019122201005223,SHIVM,38,54,100,416.00,"41,600.00"
2019-12-22,2019122201005222,SHIVM,38,45,200,416.00,"83,200.00"
2019-12-22,2019122201005221,SHIVM,38,45,175,416.00,"72,800.00"
2019-12-22,2019122201005233,SHIVM,35,32,300,416.00,"124,800.00"
2019-12-22,2019122201005232,SHIVM,35,5,100,416.00,"41,600.00"
2019-12-22,2019122201005231,SHIVM,35,14,280,416.00,"116,480.00"
2019-12-22,2019122201005230,SHIVM,29,14,180,416.00,"74,880.00"
2019-12-22,2019122201005229,SHIVM,29,56,45,416.00,"18,720.00"
2019-12-22,2019122201005228,SHIVM,29,37,100,416.00,"41,600.00"
2019-12-22,2019122201005250,SHIVM,35,28,470,416.00,"195,520.00"
2019-12-22,2019122201005238,SHIVM,35,28,100,416.00,"41,600.00"
2019-12-22,2019122201005237,SHIVM,35,4,"1,000",416.00,"416,000.00"
2019-12-22,2019122201005236,SHIVM,35,3,150,416.00,"62,400.00"
2019-12-22,2019122201005235,SHIVM,35,28,200,416.00,"83,200.00"
2019-12-22,2019122201005234,SHIVM,35,42,30,416.00,"12,480.00"
2019-12-22,2019122201005489,SHL,45,58,200,184.00,"36,800.00"
2019-12-22,2019122201005488,SHL,45,34,100,184.00,"18,400.00"
2019-12-22,2019122201005546,SHPC,13,52,440,183.00,"80,520.00"
2019-12-22,2019122201005544,SHPC,49,52,50,183.00,"9,150.00"
2019-12-22,2019122201005543,SHPC,49,52,50,183.00,"9,150.00"
2019-12-22,2019122201005542,SHPC,34,52,152,183.00,"27,816.00"
2019-12-22,2019122201005424,SHPC,34,43,48,183.00,"8,784.00"
2019-12-22,2019122201005423,SHPC,16,43,200,183.00,"36,600.00"
2019-12-22,2019122201005116,SHPC,38,17,500,184.00,"92,000.00"
2019-12-22,2019122201005115,SHPC,33,17,39,184.00,"7,176.00"
2019-12-22,2019122201005114,SHPC,7,17,100,184.00,"18,400.00"
2019-12-22,2019122201005113,SHPC,7,17,100,184.00,"18,400.00"
2019-12-22,2019122201005112,SHPC,32,17,"1,000",184.00,"184,000.00"
2019-12-22,2019122201005111,SHPC,14,17,84,184.00,"15,456.00"
2019-12-22,2019122201005282,SHPC,52,48,318,183.00,"58,194.00"
2019-12-22,2019122201005265,SHPC,6,17,50,184.00,"9,200.00"
2019-12-22,2019122201005173,SHPC,41,17,100,184.00,"18,400.00"
2019-12-22,2019122201005422,SHPC,25,43,50,183.00,"9,150.00"
2019-12-22,2019122201005421,SHPC,49,43,100,183.00,"18,300.00"
2019-12-22,2019122201005420,SHPC,55,43,500,183.00,"91,500.00"
2019-12-22,2019122201005419,SHPC,7,43,10,183.00,"1,830.00"
2019-12-22,2019122201005418,SHPC,52,43,500,183.00,"91,500.00"
2019-12-22,2019122201005417,SHPC,52,43,182,183.00,"33,306.00"
2019-12-22,2019122201005568,SICL,58,28,100,854.00,"85,400.00"
2019-12-22,2019122201005567,SICL,58,17,100,854.00,"85,400.00"
2019-12-22,2019122201005547,SICL,58,17,330,854.00,"281,820.00"
2019-12-22,2019122201005383,SICL,58,17,50,854.00,"42,700.00"
2019-12-22,2019122201005257,SICL,58,17,20,854.00,"17,080.00"
2019-12-22,2019122201005163,SICL,58,58,200,853.00,"170,600.00"
2019-12-22,2019122201005118,SICL,58,11,100,850.00,"85,000.00"
2019-12-22,2019122201005117,SICL,58,58,200,850.00,"170,000.00"
2019-12-22,2019122201005103,SICL,58,40,300,848.00,"254,400.00"
2019-12-22,2019122201005088,SICL,58,17,299,845.00,"252,655.00"
2019-12-22,2019122201005556,SINDU,45,22,16,133.00,"2,128.00"
2019-12-22,2019122201005555,SINDU,33,22,40,133.00,"5,320.00"
2019-12-22,2019122201005573,SJCL,6,48,10,157.00,"1,570.00"
2019-12-22,2019122201005548,SJCL,6,7,20,157.00,"3,140.00"
2019-12-22,2019122201005518,SJCL,6,7,20,157.00,"3,140.00"
2019-12-22,2019122201005517,SJCL,6,48,20,157.00,"3,140.00"
2019-12-22,2019122201005499,SJCL,6,7,20,157.00,"3,140.00"
2019-12-22,2019122201005464,SJCL,6,7,20,157.00,"3,140.00"
2019-12-22,2019122201005340,SJCL,6,7,20,157.00,"3,140.00"
2019-12-22,2019122201005410,SJCL,6,7,20,157.00,"3,140.00"
2019-12-22,2019122201005458,SKBBL,57,6,73,985.00,"71,905.00"
2019-12-22,2019122201005463,SLBBL,25,57,100,544.00,"54,400.00"
2019-12-22,2019122201005462,SLBBL,25,57,50,544.00,"27,200.00"
2019-12-22,2019122201005461,SLBBL,42,57,300,544.00,"163,200.00"
2019-12-22,2019122201005460,SLBBL,25,57,66,545.00,"35,970.00"
2019-12-22,2019122201005434,SLBBL,7,57,200,546.00,"109,200.00"
2019-12-22,2019122201005433,SLBBL,33,57,200,548.00,"109,600.00"
2019-12-22,2019122201005149,SLICL,40,44,"1,000",279.00,"279,000.00"
2019-12-22,2019122201005148,SLICL,4,42,120,278.00,"33,360.00"
2019-12-22,2019122201005130,SLICL,40,44,100,279.00,"27,900.00"
2019-12-22,2019122201005378,SPARS,48,49,10,605.00,"6,050.00"
2019-12-22,2019122201005332,SPARS,48,47,10,605.00,"6,050.00"
2019-12-22,2019122201005579,SRBL,17,37,200,216.00,"43,200.00"
2019-12-22,2019122201005415,TMDBL,1,41,15,155.00,"2,325.00"
2019-12-22,2019122201005414,TMDBL,1,51,"1,232",155.00,"190,960.00"
2019-12-22,2019122201005413,TMDBL,1,57,"1,500",155.00,"232,500.00"
2019-12-22,2019122201005407,TMDBL,1,52,100,154.00,"15,400.00"
2019-12-22,2019122201005344,TMDBL,34,55,90,151.00,"13,590.00"
2019-12-22,2019122201005343,TMDBL,54,55,100,153.00,"15,300.00"
2019-12-22,2019122201005252,UMHL,59,22,14,109.00,"1,526.00"
2019-12-22,2019122201005244,UMHL,59,22,14,109.00,"1,526.00"
2019-12-22,2019122201005202,UMHL,59,22,14,109.00,"1,526.00"
2019-12-22,2019122201005339,UPCL,42,51,470,73.00,"34,310.00"
2019-12-22,2019122201005183,UPCL,42,44,30,73.00,"2,190.00"
2019-12-22,2019122201005586,UPPER,34,45,20,232.00,"4,640.00"
2019-12-22,2019122201005516,UPPER,13,21,500,231.00,"115,500.00"
2019-12-22,2019122201005515,UPPER,13,39,340,231.00,"78,540.00"
2019-12-22,2019122201005329,UPPER,43,39,120,231.00,"27,720.00"
2019-12-22,2019122201005328,UPPER,43,25,80,231.00,"18,480.00"
2019-12-22,2019122201005374,UPPER,19,39,40,231.00,"9,240.00"
2019-12-22,2019122201005366,UPPER,6,47,40,230.00,"9,200.00"
2019-12-22,2019122201005324,VLBS,34,18,36,712.00,"25,632.00"
2019-12-22,2019122201005296,VLBS,34,28,32,712.00,"22,784.00"
2019-12-22,2019122201005295,VLBS,34,28,32,712.00,"22,784.00"
2019-12-22,2019122201005105,VLBS,34,28,32,712.00,"22,784.00"
2019-12-22,2019122201005055,ADBL,22,42,100,412.00,"41,200.00"
2019-12-22,2019122201005054,ADBL,37,42,10,412.00,"4,120.00"
2019-12-22,2019122201004874,ADBL,37,14,80,412.00,"32,960.00"
2019-12-22,2019122201004853,ADBL,37,45,11,412.00,"4,532.00"
2019-12-22,2019122201004751,ADBL,51,45,68,412.00,"28,016.00"
2019-12-22,2019122201004627,ADBL,51,25,32,412.00,"13,184.00"
2019-12-22,2019122201004601,ADBL,22,25,168,412.00,"69,216.00"
2019-12-22,2019122201004592,ADBL,16,40,110,412.00,"45,320.00"
2019-12-22,2019122201004976,AHPC,28,47,50,98.00,"4,900.00"
2019-12-22,2019122201004966,AHPC,19,28,110,97.00,"10,670.00"
2019-12-22,2019122201004965,AHPC,55,28,20,97.00,"1,940.00"
2019-12-22,2019122201004964,AHPC,42,28,"1,630",97.00,"158,110.00"
2019-12-22,2019122201005024,AKPL,29,40,150,114.00,"17,100.00"
2019-12-22,2019122201004637,ALICL,58,56,200,351.00,"70,200.00"
2019-12-22,2019122201005013,API,25,22,44,107.00,"4,708.00"
2019-12-22,2019122201004953,API,25,59,122,106.00,"12,932.00"
2019-12-22,2019122201004947,API,25,25,655,105.00,"68,775.00"
2019-12-22,2019122201004946,API,48,25,"1,000",105.00,"105,000.00"
2019-12-22,2019122201004945,API,25,25,200,105.00,"21,000.00"
2019-12-22,2019122201004944,API,55,25,645,105.00,"67,725.00"
2019-12-22,2019122201004589,API,25,59,50,107.00,"5,350.00"
2019-12-22,2019122201004588,API,55,40,29,105.00,"3,045.00"
2019-12-22,2019122201004599,BARUN,48,40,10,78.00,780.00
2019-12-22,2019122201004962,BPCL,35,37,22,354.00,"7,788.00"
2019-12-22,2019122201004956,BPCL,35,1,139,354.00,"49,206.00"
2019-12-22,2019122201004950,BPCL,47,37,22,354.00,"7,788.00"
2019-12-22,2019122201004909,BPCL,47,1,72,354.00,"25,488.00"
2019-12-22,2019122201004971,CBBL,49,28,460,786.00,"361,560.00"
2019-12-22,2019122201004970,CBBL,54,28,40,788.00,"31,520.00"
2019-12-22,2019122201004934,CBBL,49,35,50,788.00,"39,400.00"
2019-12-22,2019122201004933,CBBL,17,35,50,788.00,"39,400.00"
2019-12-22,2019122201004819,CBBL,42,44,20,789.00,"15,780.00"
2019-12-22,2019122201004658,CBL,5,48,100,135.00,"13,500.00"
2019-12-22,2019122201004608,CBL,26,11,111,134.00,"14,874.00"
2019-12-22,2019122201004605,CBL,26,40,244,134.00,"32,696.00"
2019-12-22,2019122201004974,CCBL,4,6,11,164.00,"1,804.00"
2019-12-22,2019122201004973,CCBL,48,6,74,164.00,"12,136.00"
2019-12-22,2019122201004886,CCBL,48,38,50,164.00,"8,200.00"
2019-12-22,2019122201004839,CCBL,48,29,22,164.00,"3,608.00"
2019-12-22,2019122201004692,CCBL,28,47,175,165.00,"28,875.00"
2019-12-22,2019122201004667,CCBL,38,35,50,166.00,"8,300.00"
2019-12-22,2019122201005017,CHCL,42,33,20,358.00,"7,160.00"
2019-12-22,2019122201004955,CHCL,59,6,111,359.00,"39,849.00"
2019-12-22,2019122201004885,CZBIL,6,11,68,183.00,"12,444.00"
2019-12-22,2019122201004665,CZBIL,6,11,387,183.00,"70,821.00"
2019-12-22,2019122201005052,DBBL,57,39,50,135.00,"6,750.00"
2019-12-22,2019122201004910,DBBL,57,39,200,135.00,"27,000.00"
2019-12-22,2019122201005086,DDBL,14,6,300,855.00,"256,500.00"
2019-12-22,2019122201004984,DDBL,35,43,20,855.00,"17,100.00"
2019-12-22,2019122201004983,DDBL,43,43,100,855.00,"85,500.00"
2019-12-22,2019122201004982,DDBL,51,43,200,855.00,"171,000.00"
2019-12-22,2019122201004981,DDBL,1,43,50,855.00,"42,750.00"
2019-12-22,2019122201004699,DDBL,1,43,100,857.00,"85,700.00"
2019-12-22,2019122201004698,DDBL,14,43,200,857.00,"171,400.00"
2019-12-22,2019122201004697,DDBL,25,43,50,857.00,"42,850.00"
2019-12-22,2019122201004691,DDBL,17,43,300,858.00,"257,400.00"
2019-12-22,2019122201004690,DDBL,25,43,50,858.00,"42,900.00"
2019-12-22,2019122201004689,DDBL,54,43,50,858.00,"42,900.00"
2019-12-22,2019122201004688,DDBL,1,43,50,858.00,"42,900.00"
2019-12-22,2019122201004988,EBL,25,45,557,528.00,"294,096.00"
2019-12-22,2019122201004889,EBL,21,40,60,527.00,"31,620.00"
2019-12-22,2019122201004610,EBL,43,10,100,526.00,"52,600.00"
2019-12-22,2019122201004609,EBL,43,17,443,526.00,"233,018.00"
2019-12-22,2019122201004943,EIC,19,55,200,262.00,"52,400.00"
2019-12-22,2019122201004941,EIC,19,56,40,261.00,"10,440.00"
2019-12-22,2019122201004940,EIC,19,21,25,261.00,"6,525.00"
2019-12-22,2019122201004939,EIC,19,25,30,261.00,"7,830.00"
2019-12-22,2019122201004938,EIC,19,57,15,261.00,"3,915.00"
2019-12-22,2019122201004989,GBLBS,8,21,15,309.00,"4,635.00"
2019-12-22,2019122201004901,GBLBS,8,21,15,309.00,"4,635.00"
2019-12-22,2019122201004843,GBLBS,8,21,15,309.00,"4,635.00"
2019-12-22,2019122201004780,GBLBS,8,21,15,309.00,"4,635.00"
2019-12-22,2019122201004668,GBLBS,8,21,15,309.00,"4,635.00"
2019-12-22,2019122201004625,GBLBS,56,52,10,311.00,"3,110.00"
2019-12-22,2019122201004624,GBLBS,56,19,20,310.00,"6,200.00"
2019-12-22,2019122201004606,GBLBS,56,19,150,310.00,"46,500.00"
2019-12-22,2019122201004959,GLBSL,48,43,180,434.00,"78,120.00"
2019-12-22,2019122201004958,GLBSL,54,43,20,435.00,"8,700.00"
2019-12-22,2019122201004957,GLBSL,34,43,15,435.00,"6,525.00"
2019-12-22,2019122201004766,GLBSL,54,44,10,435.00,"4,350.00"
2019-12-22,2019122201004598,GMFBS,58,57,70,570.00,"39,900.00"
2019-12-22,2019122201005000,HDL,38,44,289,"1,240.00","358,360.00"
2019-12-22,2019122201004898,HDL,52,44,200,"1,240.00","248,000.00"
2019-12-22,2019122201004905,HGI,32,20,22,283.00,"6,226.00"
2019-12-22,2019122201004869,HGI,25,58,500,285.00,"142,500.00"
2019-12-22,2019122201004644,HGI,49,20,50,283.00,"14,150.00"
2019-12-22,2019122201004626,HIDCL,14,40,61,132.00,"8,052.00"
2019-12-22,2019122201004828,HURJA,7,4,20,101.00,"2,020.00"
2019-12-22,2019122201004708,ICFC,44,28,200,158.00,"31,600.00"
2019-12-22,2019122201004882,ILBS,39,10,10,534.00,"5,340.00"
2019-12-22,2019122201004881,ILBS,39,41,10,529.00,"5,290.00"
2019-12-22,2019122201004880,ILBS,39,57,100,529.00,"52,900.00"
2019-12-22,2019122201004879,ILBS,39,35,300,525.00,"157,500.00"
2019-12-22,2019122201004878,ILBS,39,34,30,525.00,"15,750.00"
2019-12-22,2019122201004877,ILBS,39,35,50,525.00,"26,250.00"
2019-12-22,2019122201004594,ILBS,58,17,10,525.00,"5,250.00"
2019-12-22,2019122201004593,ILBS,58,17,10,525.00,"5,250.00"
2019-12-22,2019122201004591,ILBS,58,21,20,524.00,"10,480.00"
2019-12-22,2019122201004590,ILBS,58,43,10,524.00,"5,240.00"
2019-12-22,2019122201005053,JBBL,39,51,55,170.00,"9,350.00"
2019-12-22,2019122201004952,JBBL,49,35,100,169.00,"16,900.00"
2019-12-22,2019122201004659,JBBL,49,11,267,169.00,"45,123.00"
2019-12-22,2019122201004619,JBBL,49,49,349,169.00,"58,981.00"
2019-12-22,2019122201004931,JSLBB,21,38,97,"1,185.00","114,945.00"
2019-12-22,2019122201004930,JSLBB,21,38,10,"1,185.00","11,850.00"
2019-12-22,2019122201004929,JSLBB,48,38,10,"1,191.00","11,910.00"
2019-12-22,2019122201004928,JSLBB,10,38,100,"1,193.00","119,300.00"
2019-12-22,2019122201004927,JSLBB,34,38,50,"1,194.00","59,700.00"
2019-12-22,2019122201004926,JSLBB,47,38,13,"1,195.00","15,535.00"
2019-12-22,2019122201004825,KBL,8,29,100,179.00,"17,900.00"
2019-12-22,2019122201004687,KBL,5,51,100,180.00,"18,000.00"
2019-12-22,2019122201004663,KPCL,55,38,10,85.00,850.00
2019-12-22,2019122201004662,KPCL,55,52,170,85.00,"14,450.00"
2019-12-22,2019122201004768,KSBBL,50,41,90,136.00,"12,240.00"
2019-12-22,2019122201004767,KSBBL,50,41,500,136.00,"68,000.00"
2019-12-22,2019122201004996,LBBL,4,38,400,190.00,"76,000.00"
2019-12-22,2019122201004628,LBBL,42,59,185,190.00,"35,150.00"
2019-12-22,2019122201004908,LBBL,46,38,100,190.00,"19,000.00"
2019-12-22,2019122201004784,LBBL,32,38,404,190.00,"76,760.00"
2019-12-22,2019122201004744,LBBL,50,14,"1,066",190.00,"202,540.00"
2019-12-22,2019122201004743,LBBL,45,14,450,190.00,"85,500.00"
2019-12-22,2019122201004742,LBBL,42,14,114,190.00,"21,660.00"
2019-12-22,2019122201004640,LBBL,42,33,201,190.00,"38,190.00"
2019-12-22,2019122201004761,LBL,5,26,90,194.00,"17,460.00"
2019-12-22,2019122201004760,LBL,5,21,10,194.00,"1,940.00"
2019-12-22,2019122201004884,LICN,50,25,181,990.00,"179,190.00"
2019-12-22,2019122201004883,LICN,28,25,50,991.00,"49,550.00"
2019-12-22,2019122201004655,LICN,7,25,100,994.00,"99,400.00"
2019-12-22,2019122201005023,MEGA,59,39,10,184.00,"1,840.00"
2019-12-22,2019122201004731,MERO,25,22,59,450.00,"26,550.00"
2019-12-22,2019122201004622,MERO,22,22,100,445.00,"44,500.00"
2019-12-22,2019122201004793,MFIL,6,40,500,138.00,"69,000.00"
2019-12-22,2019122201004650,MHNL,40,46,60,82.00,"4,920.00"
2019-12-22,2019122201005058,MNBBL,53,43,117,274.00,"32,058.00"
2019-12-22,2019122201005028,MNBBL,53,28,181,274.00,"49,594.00"
2019-12-22,2019122201005022,MNBBL,14,43,215,273.00,"58,695.00"
2019-12-22,2019122201004987,MNBBL,28,28,19,274.00,"5,206.00"
2019-12-22,2019122201004986,MNBBL,56,28,50,274.00,"13,700.00"
2019-12-22,2019122201004597,MNBBL,52,48,70,274.00,"19,180.00"
2019-12-22,2019122201004596,MNBBL,14,48,500,274.00,"137,000.00"
2019-12-22,2019122201004595,MNBBL,44,48,10,274.00,"2,740.00"
2019-12-22,2019122201005087,NABIL,11,51,30,758.00,"22,740.00"
2019-12-22,2019122201005084,NABIL,35,51,20,758.00,"15,160.00"
2019-12-22,2019122201004923,NABIL,45,41,90,758.00,"68,220.00"
2019-12-22,2019122201004922,NABIL,45,40,555,758.00,"420,690.00"
2019-12-22,2019122201004921,NABIL,45,48,150,758.00,"113,700.00"
2019-12-22,2019122201004747,NABIL,11,7,20,757.00,"15,140.00"
2019-12-22,2019122201004700,NABIL,11,19,260,757.00,"196,820.00"
2019-12-22,2019122201004677,NADEP,43,41,50,451.00,"22,550.00"
2019-12-22,2019122201004676,NADEP,39,41,20,451.00,"9,020.00"
2019-12-22,2019122201005077,NBB,59,6,10,186.00,"1,860.00"
2019-12-22,2019122201005033,NBB,35,33,100,185.00,"18,500.00"
2019-12-22,2019122201005032,NBB,28,33,"1,000",185.00,"185,000.00"
2019-12-22,2019122201004730,NBB,19,33,500,185.00,"92,500.00"
2019-12-22,2019122201004729,NBB,58,33,300,185.00,"55,500.00"
2019-12-22,2019122201004728,NBB,17,33,"1,000",185.00,"185,000.00"
2019-12-22,2019122201004727,NBB,25,33,40,185.00,"7,400.00"
2019-12-22,2019122201004704,NBB,5,6,100,186.00,"18,600.00"
2019-12-22,2019122201005026,NBL,29,4,40,314.00,"12,560.00"
2019-12-22,2019122201004920,NBL,35,4,30,314.00,"9,420.00"
2019-12-22,2019122201004919,NBL,28,4,910,314.00,"285,740.00"
2019-12-22,2019122201004897,NBL,28,42,40,314.00,"12,560.00"
2019-12-22,2019122201004824,NBL,28,16,50,314.00,"15,700.00"
2019-12-22,2019122201004820,NBL,17,16,450,314.00,"141,300.00"
2019-12-22,2019122201004711,NBL,20,52,"1,000",314.00,"314,000.00"
2019-12-22,2019122201004710,NBL,56,52,100,314.00,"31,400.00"
2019-12-22,2019122201004709,NBL,21,52,300,314.00,"94,200.00"
2019-12-22,2019122201004809,NBL,17,46,"1,050",314.00,"329,700.00"
2019-12-22,2019122201004763,NBL,49,46,50,314.00,"15,700.00"
2019-12-22,2019122201004745,NBL,17,46,"1,500",314.00,"471,000.00"
2019-12-22,2019122201004714,NBL,21,52,"1,000",314.00,"314,000.00"
2019-12-22,2019122201004713,NBL,42,52,30,314.00,"9,420.00"
2019-12-22,2019122201004712,NBL,45,52,200,314.00,"62,800.00"
2019-12-22,2019122201005044,NCCB,33,34,"3,000",203.00,"609,000.00"
2019-12-22,2019122201005043,NCCB,32,34,"2,000",203.00,"406,000.00"
2019-12-22,2019122201005042,NCCB,34,34,500,203.00,"101,500.00"
2019-12-22,2019122201005041,NCCB,7,34,"1,000",203.00,"203,000.00"
2019-12-22,2019122201005040,NCCB,32,34,100,203.00,"20,300.00"
2019-12-22,2019122201005039,NCCB,7,34,"1,000",203.00,"203,000.00"
2019-12-22,2019122201004753,NCCB,33,34,500,204.00,"102,000.00"
2019-12-22,2019122201004752,NCCB,33,34,912,204.00,"186,048.00"
2019-12-22,2019122201004746,NCCB,7,38,"1,000",205.00,"205,000.00"
2019-12-22,2019122201004649,NCCB,45,34,"1,000",205.00,"205,000.00"
2019-12-22,2019122201004612,NCCB,7,34,800,205.00,"164,000.00"
2019-12-22,2019122201004759,NCCB,52,34,53,204.00,"10,812.00"
2019-12-22,2019122201004758,NCCB,32,34,"1,000",204.00,"204,000.00"
2019-12-22,2019122201004757,NCCB,33,34,100,204.00,"20,400.00"
2019-12-22,2019122201004756,NCCB,38,34,200,204.00,"40,800.00"
2019-12-22,2019122201004755,NCCB,7,34,"2,000",204.00,"408,000.00"
2019-12-22,2019122201004754,NCCB,33,34,"3,000",204.00,"612,000.00"
2019-12-22,2019122201005038,NCCB,33,34,100,203.00,"20,300.00"
2019-12-22,2019122201005037,NCCB,48,34,100,204.00,"20,400.00"
2019-12-22,2019122201005036,NCCB,7,34,"1,000",204.00,"204,000.00"
2019-12-22,2019122201005035,NCCB,3,34,200,204.00,"40,800.00"
2019-12-22,2019122201004788,NCCB,33,34,"1,000",205.00,"205,000.00"
2019-12-22,2019122201004772,NCCB,7,34,235,204.00,"47,940.00"
2019-12-22,2019122201004682,NGPL,47,11,159,111.00,"17,649.00"
2019-12-22,2019122201004681,NGPL,44,11,48,112.00,"5,376.00"
2019-12-22,2019122201004638,NGPL,44,40,11,112.00,"1,232.00"
2019-12-22,2019122201005071,NIB,10,17,139,425.00,"59,075.00"
2019-12-22,2019122201004916,NIB,10,17,61,425.00,"25,925.00"
2019-12-22,2019122201004888,NIB,6,17,21,425.00,"8,925.00"
2019-12-22,2019122201004695,NIB,6,11,29,425.00,"12,325.00"
2019-12-22,2019122201004694,NIB,33,11,107,425.00,"45,475.00"
2019-12-22,2019122201004693,NIB,49,11,64,425.00,"27,200.00"
2019-12-22,2019122201004643,NIB,33,40,13,425.00,"5,525.00"
2019-12-22,2019122201004642,NIB,45,40,31,425.00,"13,175.00"
2019-12-22,2019122201004893,NICA,52,25,17,414.00,"7,038.00"
2019-12-22,2019122201004849,NICA,52,19,13,414.00,"5,382.00"
2019-12-22,2019122201004848,NICA,45,19,200,414.00,"82,800.00"
2019-12-22,2019122201004847,NICA,49,19,37,414.00,"15,318.00"
2019-12-22,2019122201004706,NICA,49,11,63,414.00,"26,082.00"
2019-12-22,2019122201004705,NICA,49,11,237,414.00,"98,118.00"
2019-12-22,2019122201004654,NICA,49,39,263,414.00,"108,882.00"
2019-12-22,2019122201004653,NICA,17,39,52,414.00,"21,528.00"
2019-12-22,2019122201004652,NICA,33,39,11,414.00,"4,554.00"
2019-12-22,2019122201005012,NIL,17,38,142,406.00,"57,652.00"
2019-12-22,2019122201004948,NIL,37,38,20,406.00,"8,120.00"
2019-12-22,2019122201004875,NIL,36,38,78,407.00,"31,746.00"
2019-12-22,2019122201004623,NLBBL,21,25,50,553.00,"27,650.00"
2019-12-22,2019122201005034,NLG,46,45,10,595.00,"5,950.00"
2019-12-22,2019122201005005,NLIC,40,29,60,876.00,"52,560.00"
2019-12-22,2019122201004992,NLIC,57,29,40,876.00,"35,040.00"
2019-12-22,2019122201004823,NLIC,57,45,10,876.00,"8,760.00"
2019-12-22,2019122201004776,NLIC,6,45,40,876.00,"35,040.00"
2019-12-22,2019122201004775,NLIC,6,11,40,876.00,"35,040.00"
2019-12-22,2019122201004750,NLIC,22,11,177,875.00,"154,875.00"
2019-12-22,2019122201004600,NLIC,38,11,50,876.00,"43,800.00"
2019-12-22,2019122201004660,NLIC,38,11,10,876.00,"8,760.00"
2019-12-22,2019122201004617,NLIC,49,16,50,875.00,"43,750.00"
2019-12-22,2019122201004616,NLIC,14,16,100,875.00,"87,500.00"
2019-12-22,2019122201004615,NLIC,17,16,17,875.00,"14,875.00"
2019-12-22,2019122201004614,NLIC,45,16,100,875.00,"87,500.00"
2019-12-22,2019122201004613,NLIC,44,16,35,875.00,"30,625.00"
2019-12-22,2019122201004871,NLICL,38,45,150,467.00,"70,050.00"
2019-12-22,2019122201005006,NMB,25,35,12,326.00,"3,912.00"
2019-12-22,2019122201004936,NMB,22,50,223,327.00,"72,921.00"
2019-12-22,2019122201004935,NMB,22,35,277,327.00,"90,579.00"
2019-12-22,2019122201004904,NMB,25,33,"1,000",326.00,"326,000.00"
2019-12-22,2019122201004902,NMB,25,35,"2,000",326.00,"652,000.00"
2019-12-22,2019122201004896,NMB,8,50,20,327.00,"6,540.00"
2019-12-22,2019122201004857,NMB,1,52,303,326.00,"98,778.00"
2019-12-22,2019122201004822,NMB,1,52,500,326.00,"163,000.00"
2019-12-22,2019122201004651,NMB,1,51,16,326.00,"5,216.00"
2019-12-22,2019122201004618,NMB,39,50,50,327.00,"16,350.00"
2019-12-22,2019122201004863,NMB,6,52,30,326.00,"9,780.00"
2019-12-22,2019122201004862,NMB,11,52,300,326.00,"97,800.00"
2019-12-22,2019122201004861,NMB,22,52,500,326.00,"163,000.00"
2019-12-22,2019122201004860,NMB,21,52,300,326.00,"97,800.00"
2019-12-22,2019122201004859,NMB,41,52,100,326.00,"32,600.00"
2019-12-22,2019122201004858,NMB,44,52,38,326.00,"12,388.00"
2019-12-22,2019122201004872,NMB,28,50,150,327.00,"49,050.00"
2019-12-22,2019122201004868,NMB,25,52,"1,423",326.00,"463,898.00"
2019-12-22,2019122201004867,NMB,1,52,306,326.00,"99,756.00"
2019-12-22,2019122201004866,NMB,32,52,500,326.00,"163,000.00"
2019-12-22,2019122201004865,NMB,32,52,100,326.00,"32,600.00"
2019-12-22,2019122201004864,NMB,45,52,100,326.00,"32,600.00"
2019-12-22,2019122201004736,NMBMF,45,41,15,554.00,"8,310.00"
2019-12-22,2019122201004735,NMBMF,51,41,10,555.00,"5,550.00"
2019-12-22,2019122201004734,NMBMF,43,41,10,556.00,"5,560.00"
2019-12-22,2019122201004991,NNLB,19,55,11,499.00,"5,489.00"
2019-12-22,2019122201004942,NNLB,55,55,10,505.00,"5,050.00"
2019-12-22,2019122201004892,NNLB,33,33,10,515.00,"5,150.00"
2019-12-22,2019122201004887,NNLB,33,34,30,507.00,"15,210.00"
2019-12-22,2019122201004718,NNLB,19,55,100,499.00,"49,900.00"
2019-12-22,2019122201004717,NNLB,47,55,100,500.00,"50,000.00"
2019-12-22,2019122201004814,NTC,56,43,12,643.00,"7,716.00"
2019-12-22,2019122201004787,NTC,11,43,30,640.00,"19,200.00"
2019-12-22,2019122201004786,NTC,7,43,70,640.00,"44,800.00"
2019-12-22,2019122201004671,OHL,29,46,186,424.00,"78,864.00"
2019-12-22,2019122201004670,OHL,51,46,14,425.00,"5,950.00"
2019-12-22,2019122201004899,PCBL,45,47,357,280.00,"99,960.00"
2019-12-22,2019122201004636,PIC,49,41,153,398.00,"60,894.00"
2019-12-22,2019122201004702,PICL,48,10,80,410.00,"32,800.00"
2019-12-22,2019122201004701,PICL,42,10,10,410.00,"4,100.00"
2019-12-22,2019122201005075,PLIC,14,52,56,342.00,"19,152.00"
2019-12-22,2019122201005074,PLIC,45,52,300,343.00,"102,900.00"
2019-12-22,2019122201005073,PLIC,57,52,144,343.00,"49,392.00"
2019-12-22,2019122201004969,PLIC,57,38,56,343.00,"19,208.00"
2019-12-22,2019122201004968,PLIC,49,38,500,343.00,"171,500.00"
2019-12-22,2019122201004967,PLIC,44,38,44,343.00,"15,092.00"
2019-12-22,2019122201004954,PLIC,44,57,100,343.00,"34,300.00"
2019-12-22,2019122201004678,PLIC,44,38,300,343.00,"102,900.00"
2019-12-22,2019122201004993,PMHPL,53,17,10,85.00,850.00
2019-12-22,2019122201004915,PPCL,6,41,70,110.00,"7,700.00"
2019-12-22,2019122201004914,PPCL,6,49,30,110.00,"3,300.00"
2019-12-22,2019122201004913,PPCL,6,42,30,110.00,"3,300.00"
2019-12-22,2019122201004912,PPCL,6,6,10,109.00,"1,090.00"
2019-12-22,2019122201004911,PPCL,6,11,10,109.00,"1,090.00"
2019-12-22,2019122201004990,PRIN,45,52,167,322.00,"53,774.00"
2019-12-22,2019122201004611,PRIN,45,52,200,322.00,"64,400.00"
2019-12-22,2019122201004604,PRIN,43,32,190,323.00,"61,370.00"
2019-12-22,2019122201005031,PRVU,52,26,434,225.00,"97,650.00"
2019-12-22,2019122201005030,PRVU,52,34,250,225.00,"56,250.00"
2019-12-22,2019122201005029,PRVU,52,26,160,225.00,"36,000.00"
2019-12-22,2019122201004816,PRVU,32,29,139,224.00,"31,136.00"
2019-12-22,2019122201004683,RHPC,1,40,18,69.00,"1,242.00"
2019-12-22,2019122201004675,RHPC,44,28,300,70.00,"21,000.00"
2019-12-22,2019122201004674,RHPC,44,57,870,70.00,"60,900.00"
2019-12-22,2019122201004673,RHPC,44,41,915,70.00,"64,050.00"
2019-12-22,2019122201004661,RHPC,57,41,"1,000",70.00,"70,000.00"
2019-12-22,2019122201005072,RHPL,50,7,10,171.00,"1,710.00"
2019-12-22,2019122201005056,RHPL,50,10,10,171.00,"1,710.00"
2019-12-22,2019122201004972,RHPL,50,7,50,171.00,"8,550.00"
2019-12-22,2019122201004891,RHPL,50,7,40,171.00,"6,840.00"
2019-12-22,2019122201004854,RHPL,50,7,40,171.00,"6,840.00"
2019-12-22,2019122201004810,RHPL,50,39,40,171.00,"6,840.00"
2019-12-22,2019122201004633,RHPL,50,7,40,171.00,"6,840.00"
2019-12-22,2019122201004632,RHPL,50,7,50,171.00,"8,550.00"
2019-12-22,2019122201004631,RHPL,50,7,40,171.00,"6,840.00"
2019-12-22,2019122201004630,RHPL,50,7,40,171.00,"6,840.00"
2019-12-22,2019122201004707,RHPL,50,7,40,171.00,"6,840.00"
2019-12-22,2019122201004680,RHPL,50,7,40,171.00,"6,840.00"
2019-12-22,2019122201004657,RHPL,50,7,40,171.00,"6,840.00"
2019-12-22,2019122201004639,RHPL,50,7,40,171.00,"6,840.00"
2019-12-22,2019122201004635,RHPL,50,10,10,171.00,"1,710.00"
2019-12-22,2019122201004634,RHPL,50,10,10,171.00,"1,710.00"
2019-12-22,2019122201004796,RHPL,59,1,40,172.00,"6,880.00"
2019-12-22,2019122201004795,RHPL,59,1,40,172.00,"6,880.00"
2019-12-22,2019122201004794,RHPL,59,52,180,172.00,"30,960.00"
2019-12-22,2019122201004785,RHPL,50,1,30,171.00,"5,130.00"
2019-12-22,2019122201004781,RHPL,50,10,10,171.00,"1,710.00"
2019-12-22,2019122201004765,RHPL,50,10,10,171.00,"1,710.00"
2019-12-22,2019122201004802,RHPL,59,10,10,172.00,"1,720.00"
2019-12-22,2019122201004801,RHPL,59,10,10,172.00,"1,720.00"
2019-12-22,2019122201004800,RHPL,59,1,40,172.00,"6,880.00"
2019-12-22,2019122201004799,RHPL,59,7,100,172.00,"17,200.00"
2019-12-22,2019122201004798,RHPL,59,1,40,172.00,"6,880.00"
2019-12-22,2019122201004797,RHPL,59,1,40,172.00,"6,880.00"
2019-12-22,2019122201004808,RHPL,59,19,40,172.00,"6,880.00"
2019-12-22,2019122201004807,RHPL,59,11,20,172.00,"3,440.00"
2019-12-22,2019122201004806,RHPL,59,10,10,172.00,"1,720.00"
2019-12-22,2019122201004805,RHPL,59,10,10,172.00,"1,720.00"
2019-12-22,2019122201004804,RHPL,59,10,10,172.00,"1,720.00"
2019-12-22,2019122201004803,RHPL,59,10,10,172.00,"1,720.00"
2019-12-22,2019122201005025,RRHP,42,21,10,96.00,960.00
2019-12-22,2019122201004774,RSDC,52,36,90,312.00,"28,080.00"
2019-12-22,2019122201004773,RSDC,52,36,90,312.00,"28,080.00"
2019-12-22,2019122201005076,SABSL,17,11,30,536.00,"16,080.00"
2019-12-22,2019122201005027,SABSL,17,35,10,536.00,"5,360.00"
2019-12-22,2019122201004852,SABSL,29,57,80,536.00,"42,880.00"
2019-12-22,2019122201004846,SABSL,29,36,10,536.00,"5,360.00"
2019-12-22,2019122201004837,SABSL,29,36,10,536.00,"5,360.00"
2019-12-22,2019122201004827,SABSL,19,42,10,536.00,"5,360.00"
2019-12-22,2019122201004726,SABSL,19,32,10,536.00,"5,360.00"
2019-12-22,2019122201004679,SABSL,19,21,10,536.00,"5,360.00"
2019-12-22,2019122201004961,SADBL,14,38,395,143.00,"56,485.00"
2019-12-22,2019122201004960,SADBL,14,17,605,143.00,"86,515.00"
2019-12-22,2019122201004951,SADBL,59,52,196,142.00,"27,832.00"
2019-12-22,2019122201004629,SADBL,19,26,256,142.00,"36,352.00"
2019-12-22,2019122201004812,SAEF,16,7,"1,000",8.46,"8,460.00"
2019-12-22,2019122201004811,SAPDBL,34,41,10,125.00,"1,250.00"
2019-12-22,2019122201004778,SAPDBL,34,7,20,124.00,"2,480.00"
2019-12-22,2019122201004777,SAPDBL,34,19,135,124.00,"16,740.00"
2019-12-22,2019122201004994,SBL,59,59,363,286.00,"103,818.00"
2019-12-22,2019122201004975,SBL,59,18,296,286.00,"84,656.00"
2019-12-22,2019122201004685,SBL,58,18,116,286.00,"33,176.00"
2019-12-22,2019122201004684,SBL,58,13,59,286.00,"16,874.00"
2019-12-22,2019122201004817,SCB,11,4,295,530.00,"156,350.00"
2019-12-22,2019122201004696,SCB,11,40,20,530.00,"10,600.00"
2019-12-22,2019122201004664,SCB,11,57,305,530.00,"161,650.00"
2019-12-22,2019122201004851,SEF,16,25,500,8.70,"4,350.00"
2019-12-22,2019122201004850,SEF,16,25,500,8.70,"4,350.00"
2019-12-22,2019122201004856,SFFIL,20,4,19,175.00,"3,325.00"
2019-12-22,2019122201004855,SFFIL,34,4,10,175.00,"1,750.00"
2019-12-22,2019122201004900,SHINE,40,51,52,231.00,"12,012.00"
2019-12-22,2019122201004770,SHINE,40,1,400,231.00,"92,400.00"
2019-12-22,2019122201004769,SHINE,40,1,100,231.00,"23,100.00"
2019-12-22,2019122201004607,SHINE,40,44,100,232.00,"23,200.00"
2019-12-22,2019122201004602,SHINE,40,44,500,232.00,"116,000.00"
2019-12-22,2019122201005082,SHIVM,50,47,100,414.00,"41,400.00"
2019-12-22,2019122201005081,SHIVM,34,47,200,414.00,"82,800.00"
2019-12-22,2019122201005067,SHIVM,57,45,100,414.00,"41,400.00"
2019-12-22,2019122201005066,SHIVM,57,57,100,414.00,"41,400.00"
2019-12-22,2019122201005065,SHIVM,57,48,20,414.00,"8,280.00"
2019-12-22,2019122201005064,SHIVM,57,25,100,414.00,"41,400.00"
2019-12-22,2019122201004771,SHIVM,50,48,85,410.00,"34,850.00"
2019-12-22,2019122201004741,SHIVM,6,48,25,410.00,"10,250.00"
2019-12-22,2019122201004740,SHIVM,41,48,200,410.00,"82,000.00"
2019-12-22,2019122201004703,SHIVM,25,10,25,411.00,"10,275.00"
2019-12-22,2019122201004669,SHIVM,29,48,245,410.00,"100,450.00"
2019-12-22,2019122201004621,SHIVM,36,48,255,410.00,"104,550.00"
2019-12-22,2019122201004792,SHIVM,58,56,22,410.00,"9,020.00"
2019-12-22,2019122201004791,SHIVM,58,40,275,410.00,"112,750.00"
2019-12-22,2019122201004790,SHIVM,50,40,15,410.00,"6,150.00"
2019-12-22,2019122201005002,SHIVM,58,52,425,411.00,"174,675.00"
2019-12-22,2019122201004999,SHIVM,16,52,200,411.00,"82,200.00"
2019-12-22,2019122201004998,SHIVM,34,52,85,411.00,"34,935.00"
2019-12-22,2019122201004997,SHIVM,34,10,115,411.00,"47,265.00"
2019-12-22,2019122201004977,SHIVM,42,10,300,411.00,"123,300.00"
2019-12-22,2019122201005014,SHIVM,49,58,250,412.00,"103,000.00"
2019-12-22,2019122201005011,SHIVM,58,42,100,412.00,"41,200.00"
2019-12-22,2019122201005010,SHIVM,58,42,50,412.00,"20,600.00"
2019-12-22,2019122201005009,SHIVM,58,45,15,412.00,"6,180.00"
2019-12-22,2019122201005004,SHIVM,58,4,500,411.00,"205,500.00"
2019-12-22,2019122201005003,SHIVM,58,6,25,411.00,"10,275.00"
2019-12-22,2019122201005021,SHIVM,58,35,30,413.00,"12,390.00"
2019-12-22,2019122201005020,SHIVM,58,57,10,413.00,"4,130.00"
2019-12-22,2019122201005019,SHIVM,58,48,60,413.00,"24,780.00"
2019-12-22,2019122201005018,SHIVM,58,28,100,412.00,"41,200.00"
2019-12-22,2019122201005016,SHIVM,49,28,400,412.00,"164,800.00"
2019-12-22,2019122201005015,SHIVM,49,42,350,412.00,"144,200.00"
2019-12-22,2019122201005050,SHIVM,57,49,750,413.00,"309,750.00"
2019-12-22,2019122201005049,SHIVM,57,34,20,413.00,"8,260.00"
2019-12-22,2019122201005048,SHIVM,57,58,100,413.00,"41,300.00"
2019-12-22,2019122201005047,SHIVM,57,39,50,413.00,"20,650.00"
2019-12-22,2019122201005046,SHIVM,57,36,200,413.00,"82,600.00"
2019-12-22,2019122201005045,SHIVM,57,35,70,413.00,"28,910.00"
2019-12-22,2019122201005063,SHIVM,57,55,120,414.00,"49,680.00"
2019-12-22,2019122201005062,SHIVM,57,48,60,414.00,"24,840.00"
2019-12-22,2019122201005061,SHIVM,25,48,140,414.00,"57,960.00"
2019-12-22,2019122201005060,SHIVM,25,11,50,414.00,"20,700.00"
2019-12-22,2019122201005059,SHIVM,25,52,100,414.00,"41,400.00"
2019-12-22,2019122201005051,SHIVM,57,37,100,413.00,"41,300.00"
2019-12-22,2019122201004980,SHPC,14,56,416,184.00,"76,544.00"
2019-12-22,2019122201004979,SHPC,11,56,100,184.00,"18,400.00"
2019-12-22,2019122201004978,SHPC,14,56,60,184.00,"11,040.00"
2019-12-22,2019122201004918,SHPC,14,11,40,184.00,"7,360.00"
2019-12-22,2019122201004917,SHPC,36,11,210,184.00,"38,640.00"
2019-12-22,2019122201004733,SHPC,36,11,290,184.00,"53,360.00"
2019-12-22,2019122201004732,SHPC,7,11,10,184.00,"1,840.00"
2019-12-22,2019122201004620,SHPC,14,17,100,185.00,"18,500.00"
2019-12-22,2019122201004841,SICL,41,17,50,843.00,"42,150.00"
2019-12-22,2019122201004840,SICL,51,17,20,843.00,"16,860.00"
2019-12-22,2019122201005083,SJCL,6,7,20,157.00,"3,140.00"
2019-12-22,2019122201004985,SJCL,6,7,20,157.00,"3,140.00"
2019-12-22,2019122201004895,SJCL,6,7,20,157.00,"3,140.00"
2019-12-22,2019122201004873,SJCL,6,7,10,157.00,"1,570.00"
2019-12-22,2019122201004870,SJCL,6,10,131,157.00,"20,567.00"
2019-12-22,2019122201004641,SJCL,6,7,20,157.00,"3,140.00"
2019-12-22,2019122201004603,SJCL,6,7,20,157.00,"3,140.00"
2019-12-22,2019122201004842,SJCL,6,17,20,157.00,"3,140.00"
2019-12-22,2019122201004815,SJCL,6,39,10,157.00,"1,570.00"
2019-12-22,2019122201004789,SJCL,6,1,20,157.00,"3,140.00"
2019-12-22,2019122201004719,SJCL,6,7,20,157.00,"3,140.00"
2019-12-22,2019122201004686,SJCL,6,7,20,157.00,"3,140.00"
2019-12-22,2019122201004666,SJCL,6,7,10,157.00,"1,570.00"
2019-12-22,2019122201004834,SKBBL,45,6,10,985.00,"9,850.00"
2019-12-22,2019122201004833,SKBBL,42,6,65,985.00,"64,025.00"
2019-12-22,2019122201004832,SKBBL,22,6,10,985.00,"9,850.00"
2019-12-22,2019122201004831,SKBBL,40,6,20,986.00,"19,720.00"
2019-12-22,2019122201004830,SKBBL,43,6,10,986.00,"9,860.00"
2019-12-22,2019122201004829,SKBBL,22,6,64,987.00,"63,168.00"
2019-12-22,2019122201005001,SLBBL,49,11,70,550.00,"38,500.00"
2019-12-22,2019122201004995,SLBBL,29,41,243,552.00,"134,136.00"
2019-12-22,2019122201005080,SLICL,33,44,50,279.00,"13,950.00"
2019-12-22,2019122201005079,SLICL,40,44,500,279.00,"139,500.00"
2019-12-22,2019122201005008,SLICL,33,48,150,279.00,"41,850.00"
2019-12-22,2019122201005007,SLICL,4,48,50,279.00,"13,950.00"
2019-12-22,2019122201004783,SLICL,57,44,200,281.00,"56,200.00"
2019-12-22,2019122201004716,SLICL,4,4,"3,000",280.00,"840,000.00"
2019-12-22,2019122201004672,SLICL,4,4,"2,700",281.00,"758,700.00"
2019-12-22,2019122201004821,SMB,48,39,10,497.00,"4,970.00"
2019-12-22,2019122201004949,SMFBS,33,49,10,905.00,"9,050.00"
2019-12-22,2019122201004932,SMFBS,33,51,10,904.00,"9,040.00"
2019-12-22,2019122201004818,SMFDB,10,57,100,620.00,"62,000.00"
2019-12-22,2019122201004903,SPARS,32,56,10,603.00,"6,030.00"
2019-12-22,2019122201004715,SPDL,44,40,15,85.00,"1,275.00"
2019-12-22,2019122201005078,SRBL,17,11,157,216.00,"33,912.00"
2019-12-22,2019122201004937,STC,50,51,34,"1,565.00","53,210.00"
2019-12-22,2019122201004925,STC,5,51,216,"1,565.00","338,040.00"
2019-12-22,2019122201004924,STC,5,51,84,"1,565.00","131,460.00"
2019-12-22,2019122201004907,STC,59,51,141,"1,565.00","220,665.00"
2019-12-22,2019122201004906,STC,59,51,59,"1,565.00","92,335.00"
2019-12-22,2019122201004845,STC,52,51,33,"1,565.00","51,645.00"
2019-12-22,2019122201004722,STC,46,51,10,"1,565.00","15,650.00"
2019-12-22,2019122201004721,STC,58,51,50,"1,566.00","78,300.00"
2019-12-22,2019122201004720,STC,1,51,50,"1,570.00","78,500.00"
2019-12-22,2019122201004762,STC,52,51,10,"1,565.00","15,650.00"
2019-12-22,2019122201004749,STC,50,51,13,"1,565.00","20,345.00"
2019-12-22,2019122201004748,STC,50,51,37,"1,565.00","57,905.00"
2019-12-22,2019122201004725,STC,47,51,50,"1,565.00","78,250.00"
2019-12-22,2019122201004724,STC,47,51,50,"1,565.00","78,250.00"
2019-12-22,2019122201004723,STC,1,51,20,"1,565.00","31,300.00"
2019-12-22,2019122201004844,STC,52,7,27,"1,563.00","42,201.00"
2019-12-22,2019122201004838,STC,43,7,30,"1,563.00","46,890.00"
2019-12-22,2019122201004813,STC,50,51,50,"1,565.00","78,250.00"
2019-12-22,2019122201004782,STC,52,19,50,"1,564.00","78,200.00"
2019-12-22,2019122201004779,STC,6,51,10,"1,565.00","15,650.00"
2019-12-22,2019122201004764,STC,50,51,50,"1,565.00","78,250.00"
2019-12-22,2019122201004656,UIC,19,34,100,267.00,"26,700.00"
2019-12-22,2019122201004648,UIC,29,21,79,270.00,"21,330.00"
2019-12-22,2019122201004647,UIC,29,21,21,269.00,"5,649.00"
2019-12-22,2019122201004646,UIC,29,6,50,269.00,"13,450.00"
2019-12-22,2019122201004645,UIC,29,22,150,268.00,"40,200.00"
2019-12-22,2019122201004739,UMHL,36,39,510,110.00,"56,100.00"
2019-12-22,2019122201004738,UMHL,36,34,200,110.00,"22,000.00"
2019-12-22,2019122201004737,UMHL,36,58,94,110.00,"10,340.00"
2019-12-22,2019122201005085,UPPER,6,16,50,230.00,"11,500.00"
2019-12-22,2019122201005070,UPPER,6,16,20,230.00,"4,600.00"
2019-12-22,2019122201005069,UPPER,52,16,250,230.00,"57,500.00"
2019-12-22,2019122201005068,UPPER,6,16,30,230.00,"6,900.00"
2019-12-22,2019122201005057,UPPER,6,11,50,230.00,"11,500.00"
2019-12-22,2019122201004836,UPPER,6,39,20,230.00,"4,600.00"
2019-12-22,2019122201004835,UPPER,59,39,30,230.00,"6,900.00"
2019-12-22,2019122201004826,UPPER,32,25,270,231.00,"62,370.00"
2019-12-22,2019122201004894,VLBS,57,16,40,708.00,"28,320.00"
2019-12-22,2019122201004890,VLBS,32,16,50,708.00,"35,400.00"
2019-12-22,2019122201004876,VLBS,51,16,10,708.00,"7,080.00"
2019-12-22,2019122201004963,VLBS,34,37,18,712.00,"12,816.00"
2019-12-22,2019122201004572,ADBL,48,43,100,412.00,"41,200.00"
2019-12-22,2019122201004521,ADBL,19,29,13,411.00,"5,343.00"
2019-12-22,2019122201004520,ADBL,19,29,19,411.00,"7,809.00"
2019-12-22,2019122201004462,ADBL,19,29,81,411.00,"33,291.00"
2019-12-22,2019122201004461,ADBL,20,29,10,411.00,"4,110.00"
2019-12-22,2019122201004361,ADBL,22,48,100,412.00,"41,200.00"
2019-12-22,2019122201004275,ADBL,19,14,122,413.00,"50,386.00"
2019-12-22,2019122201004205,ADBL,22,25,300,413.00,"123,900.00"
2019-12-22,2019122201004528,AKJCL,45,40,20,57.00,"1,140.00"
2019-12-22,2019122201004470,AKJCL,45,40,20,57.00,"1,140.00"
2019-12-22,2019122201004555,AKPL,55,7,"2,590",116.00,"300,440.00"
2019-12-22,2019122201004418,AKPL,14,7,10,116.00,"1,160.00"
2019-12-22,2019122201004224,AKPL,58,54,100,114.00,"11,400.00"
2019-12-22,2019122201004223,AKPL,58,28,"8,250",114.00,"940,500.00"
2019-12-22,2019122201004218,AKPL,16,28,"1,000",114.00,"114,000.00"
2019-12-22,2019122201004192,AKPL,41,48,260,113.00,"29,380.00"
2019-12-22,2019122201004141,AKPL,41,48,40,113.00,"4,520.00"
2019-12-22,2019122201004107,AKPL,58,48,200,113.00,"22,600.00"
2019-12-22,2019122201004420,ALBSL,16,11,60,468.00,"28,080.00"
2019-12-22,2019122201004419,ALBSL,16,57,100,467.00,"46,700.00"
2019-12-22,2019122201004122,ALBSL,16,44,10,468.00,"4,680.00"
2019-12-22,2019122201004390,ALICL,25,56,250,352.00,"88,000.00"
2019-12-22,2019122201004372,ALICL,25,56,100,352.00,"35,200.00"
2019-12-22,2019122201004255,ALICL,25,7,300,351.00,"105,300.00"
2019-12-22,2019122201004254,ALICL,25,47,50,351.00,"17,550.00"
2019-12-22,2019122201004468,API,25,59,28,107.00,"2,996.00"
2019-12-22,2019122201004213,API,1,39,200,106.00,"21,200.00"
2019-12-22,2019122201004200,API,55,25,"1,326",105.00,"139,230.00"
2019-12-22,2019122201004199,API,36,25,300,105.00,"31,500.00"
2019-12-22,2019122201004198,API,42,25,"1,500",105.00,"157,500.00"
2019-12-22,2019122201004197,API,39,25,205,105.00,"21,525.00"
2019-12-22,2019122201004196,API,42,25,"3,000",105.00,"315,000.00"
2019-12-22,2019122201004195,API,25,25,300,105.00,"31,500.00"
2019-12-22,2019122201004194,API,37,25,246,105.00,"25,830.00"
2019-12-22,2019122201004477,BOKL,41,41,"1,101",216.00,"237,816.00"
2019-12-22,2019122201004467,BOKL,32,57,10,215.00,"2,150.00"
2019-12-22,2019122201004425,BOKL,32,25,10,216.00,"2,160.00"
2019-12-22,2019122201004424,BOKL,32,16,97,216.00,"20,952.00"
2019-12-22,2019122201004204,BOKL,32,48,62,215.00,"13,330.00"
2019-12-22,2019122201004584,BPCL,20,34,200,354.00,"70,800.00"
2019-12-22,2019122201004583,BPCL,19,34,746,354.00,"264,084.00"
2019-12-22,2019122201004582,BPCL,43,34,150,354.00,"53,100.00"
2019-12-22,2019122201004581,BPCL,38,34,500,354.00,"177,000.00"
2019-12-22,2019122201004580,BPCL,42,34,300,354.00,"106,200.00"
2019-12-22,2019122201004579,BPCL,47,34,200,354.00,"70,800.00"
2019-12-22,2019122201004398,BPCL,32,10,42,355.00,"14,910.00"
2019-12-22,2019122201004222,BPCL,32,44,158,355.00,"56,090.00"
2019-12-22,2019122201004221,BPCL,35,44,200,355.00,"71,000.00"
2019-12-22,2019122201004220,BPCL,35,44,500,355.00,"177,500.00"
2019-12-22,2019122201004176,BPCL,35,25,11,355.00,"3,905.00"
2019-12-22,2019122201004578,BPCL,49,34,296,355.00,"105,080.00"
2019-12-22,2019122201004531,BPCL,49,40,22,355.00,"7,810.00"
2019-12-22,2019122201004505,BPCL,49,44,33,355.00,"11,715.00"
2019-12-22,2019122201004405,BPCL,55,10,50,354.00,"17,700.00"
2019-12-22,2019122201004400,BPCL,59,10,10,355.00,"3,550.00"
2019-12-22,2019122201004399,BPCL,19,10,100,355.00,"35,500.00"
2019-12-22,2019122201004538,CCBL,28,21,110,165.00,"18,150.00"
2019-12-22,2019122201004537,CCBL,28,45,215,165.00,"35,475.00"
2019-12-22,2019122201004536,CCBL,28,41,50,165.00,"8,250.00"
2019-12-22,2019122201004535,CCBL,28,56,200,165.00,"33,000.00"
2019-12-22,2019122201004534,CCBL,28,16,250,165.00,"41,250.00"
2019-12-22,2019122201004175,CCBL,45,18,291,164.00,"47,724.00"
2019-12-22,2019122201004169,CCBL,32,32,2,164.00,328.00
2019-12-22,2019122201004156,CCBL,45,19,241,164.00,"39,524.00"
2019-12-22,2019122201004127,CCBL,17,1,150,163.00,"24,450.00"
2019-12-22,2019122201004476,CIT,7,11,20,"1,790.00","35,800.00"
2019-12-22,2019122201004475,CIT,7,53,100,"1,785.00","178,500.00"
2019-12-22,2019122201004474,CIT,7,49,50,"1,784.00","89,200.00"
2019-12-22,2019122201004422,CIT,5,42,17,"1,775.00","30,175.00"
2019-12-22,2019122201004276,CIT,29,56,10,"1,774.00","17,740.00"
2019-12-22,2019122201004270,CIT,29,43,22,"1,773.00","39,006.00"
2019-12-22,2019122201004269,CIT,29,25,20,"1,766.00","35,320.00"
2019-12-22,2019122201004268,CIT,29,35,70,"1,766.00","123,620.00"
2019-12-22,2019122201004267,CIT,29,14,57,"1,765.00","100,605.00"
2019-12-22,2019122201004266,CIT,29,46,30,"1,764.00","52,920.00"
2019-12-22,2019122201004265,CIT,29,58,20,"1,760.00","35,200.00"
2019-12-22,2019122201004585,CZBIL,6,39,100,183.00,"18,300.00"
2019-12-22,2019122201004483,CZBIL,37,6,100,183.00,"18,300.00"
2019-12-22,2019122201004524,DBBL,57,56,504,135.00,"68,040.00"
2019-12-22,2019122201004388,DBBL,46,55,"1,000",135.00,"135,000.00"
2019-12-22,2019122201004387,DBBL,43,55,500,135.00,"67,500.00"
2019-12-22,2019122201004386,DBBL,43,55,500,135.00,"67,500.00"
2019-12-22,2019122201004385,DBBL,35,55,"1,300",135.00,"175,500.00"
2019-12-22,2019122201004384,DBBL,40,55,689,135.00,"93,015.00"
2019-12-22,2019122201004171,DBBL,40,34,200,135.00,"27,000.00"
2019-12-22,2019122201004245,DDBL,49,4,"2,436",858.00,"2,090,088.00"
2019-12-22,2019122201004201,DDBL,34,35,100,860.00,"86,000.00"
2019-12-22,2019122201004393,EBL,33,54,20,526.00,"10,520.00"
2019-12-22,2019122201004313,EBL,58,6,55,525.00,"28,875.00"
2019-12-22,2019122201004312,EBL,45,6,50,525.00,"26,250.00"
2019-12-22,2019122201004311,EBL,45,6,10,525.00,"5,250.00"
2019-12-22,2019122201004310,EBL,39,6,65,525.00,"34,125.00"
2019-12-22,2019122201004308,EBL,39,6,35,525.00,"18,375.00"
2019-12-22,2019122201004307,EBL,44,6,100,525.00,"52,500.00"
2019-12-22,2019122201004306,EBL,19,6,15,525.00,"7,875.00"
2019-12-22,2019122201004279,EBL,28,6,200,526.00,"105,200.00"
2019-12-22,2019122201004203,EBL,41,6,100,526.00,"52,600.00"
2019-12-22,2019122201004202,EBL,33,6,20,526.00,"10,520.00"
2019-12-22,2019122201004295,EIC,26,21,50,260.00,"13,000.00"
2019-12-22,2019122201004278,EIC,41,57,100,261.00,"26,100.00"
2019-12-22,2019122201004217,EIC,13,57,100,261.00,"26,100.00"
2019-12-22,2019122201004121,EIC,26,59,120,260.00,"31,200.00"
2019-12-22,2019122201004482,FMDBL,44,57,10,314.00,"3,140.00"
2019-12-22,2019122201004237,FOWAD,45,45,10,"1,364.00","13,640.00"
2019-12-22,2019122201004417,GBLBS,8,17,100,309.00,"30,900.00"
2019-12-22,2019122201004229,GBLBS,8,21,15,309.00,"4,635.00"
2019-12-22,2019122201004152,GBLBS,8,21,15,309.00,"4,635.00"
2019-12-22,2019122201004103,GBLBS,56,21,15,309.00,"4,635.00"
2019-12-22,2019122201004359,GFCL,22,57,293,137.00,"40,141.00"
2019-12-22,2019122201004358,GFCL,13,57,207,137.00,"28,359.00"
2019-12-22,2019122201004287,GFCL,13,1,293,137.00,"40,141.00"
2019-12-22,2019122201004543,GGBSL,3,40,10,593.00,"5,930.00"
2019-12-22,2019122201004480,GGBSL,3,40,10,593.00,"5,930.00"
2019-12-22,2019122201004373,GGBSL,42,7,10,591.00,"5,910.00"
2019-12-22,2019122201004409,GILB,46,47,113,820.00,"92,660.00"
2019-12-22,2019122201004408,GILB,46,57,100,819.00,"81,900.00"
2019-12-22,2019122201004394,GLICL,38,52,750,444.00,"333,000.00"
2019-12-22,2019122201004244,GLICL,43,52,100,444.00,"44,400.00"
2019-12-22,2019122201004243,GLICL,7,52,50,444.00,"22,200.00"
2019-12-22,2019122201004242,GLICL,7,52,100,445.00,"44,500.00"
2019-12-22,2019122201004214,GLICL,56,42,100,450.00,"45,000.00"
2019-12-22,2019122201004545,GMFBS,58,22,10,570.00,"5,700.00"
2019-12-22,2019122201004115,GMFBS,58,44,10,570.00,"5,700.00"
2019-12-22,2019122201004529,HDL,45,44,11,"1,240.00","13,640.00"
2019-12-22,2019122201004501,HDL,13,44,200,"1,230.00","246,000.00"
