Date,Transact. No.,Symbol,Buyer,Seller,Quantity,Rate,Amount
2020-11-10,2020111004001211,BBC,46,3,10,"2,275.00","22,750.00"
2020-11-10,2020111004001142,BBC,55,3,20,"2,275.00","45,500.00"
2020-11-10,2020111004001141,BBC,37,3,20,"2,275.00","45,500.00"
2020-11-10,2020111004001092,BBC,34,38,50,"2,270.00","113,500.00"
2020-11-10,2020111004001091,BBC,34,26,35,"2,265.00","79,275.00"
2020-11-10,2020111004001040,BBC,45,3,10,"2,259.00","22,590.00"
2020-11-10,2020111004000786,BBC,34,40,10,"2,305.00","23,050.00"
2020-11-10,2020111004000785,BBC,42,40,10,"2,305.00","23,050.00"
2020-11-10,2020111004000784,BBC,34,3,10,"2,305.00","23,050.00"
2020-11-10,2020111004000781,BBC,1,3,10,"2,305.00","23,050.00"
2020-11-10,2020111004000743,BBC,1,45,10,"2,305.00","23,050.00"
2020-11-10,2020111004000873,BBC,1,3,85,"2,294.00","194,990.00"
2020-11-10,2020111004000872,BBC,48,3,10,"2,295.00","22,950.00"
2020-11-10,2020111004000802,BBC,34,3,40,"2,305.00","92,200.00"
2020-11-10,2020111004000792,BBC,34,3,10,"2,305.00","23,050.00"
2020-11-10,2020111004000788,BBC,37,40,10,"2,305.00","23,050.00"
2020-11-10,2020111004000787,BBC,37,40,10,"2,305.00","23,050.00"
2020-11-10,2020111004001023,BBC,40,3,50,"2,260.00","113,000.00"
2020-11-10,2020111004001022,BBC,34,3,50,"2,261.00","113,050.00"
2020-11-10,2020111004001016,BBC,28,3,10,"2,266.00","22,660.00"
2020-11-10,2020111004001014,BBC,45,3,10,"2,271.00","22,710.00"
2020-11-10,2020111004000994,BBC,52,14,10,"2,271.00","22,710.00"
2020-11-10,2020111004000973,BBC,50,45,10,"2,271.00","22,710.00"
2020-11-10,2020111004001036,BBC,45,3,10,"2,259.00","22,590.00"
2020-11-10,2020111004001031,BBC,34,3,10,"2,259.00","22,590.00"
2020-11-10,2020111004001030,BBC,37,3,30,"2,259.00","67,770.00"
2020-11-10,2020111004001029,BBC,37,3,16,"2,259.00","36,144.00"
2020-11-10,2020111004001028,BBC,37,18,14,"2,259.00","31,626.00"
2020-11-10,2020111004001027,BBC,50,18,10,"2,259.00","22,590.00"
2020-11-10,2020111004001072,CMF1,58,10,"5,000",9.98,"49,900.00"
2020-11-10,2020111004000789,CMF1,52,43,"10,000",10.00,"100,000.00"
2020-11-10,2020111004000755,GBD80/81,6,46,25,"1,050.00","26,250.00"
2020-11-10,2020111004000754,GBD80/81,6,32,25,"1,050.00","26,250.00"
2020-11-10,2020111004001217,GIC,58,59,50,540.00,"27,000.00"
2020-11-10,2020111004001215,GIC,45,59,30,540.00,"16,200.00"
2020-11-10,2020111004001214,GIC,45,45,50,540.00,"27,000.00"
2020-11-10,2020111004001213,GIC,45,41,10,540.00,"5,400.00"
2020-11-10,2020111004001212,GIC,45,58,10,540.00,"5,400.00"
2020-11-10,2020111004001208,GIC,53,35,10,540.00,"5,400.00"
2020-11-10,2020111004000720,GIC,58,21,10,533.00,"5,330.00"
2020-11-10,2020111004000736,GIC,19,38,100,534.00,"53,400.00"
2020-11-10,2020111004000731,GIC,51,38,50,534.00,"26,700.00"
2020-11-10,2020111004000730,GIC,11,38,50,534.00,"26,700.00"
2020-11-10,2020111004000727,GIC,33,38,200,534.00,"106,800.00"
2020-11-10,2020111004000725,GIC,19,38,100,534.00,"53,400.00"
2020-11-10,2020111004000722,GIC,32,38,50,534.00,"26,700.00"
2020-11-10,2020111004000758,GIC,35,53,10,534.00,"5,340.00"
2020-11-10,2020111004000757,GIC,35,48,10,534.00,"5,340.00"
2020-11-10,2020111004000756,GIC,35,38,230,534.00,"122,820.00"
2020-11-10,2020111004000753,GIC,6,21,10,533.00,"5,330.00"
2020-11-10,2020111004000751,GIC,6,17,10,533.00,"5,330.00"
2020-11-10,2020111004000740,GIC,6,21,10,533.00,"5,330.00"
2020-11-10,2020111004000774,GIC,59,38,130,534.00,"69,420.00"
2020-11-10,2020111004000763,GIC,35,38,210,534.00,"112,140.00"
2020-11-10,2020111004000762,GIC,35,41,10,534.00,"5,340.00"
2020-11-10,2020111004000761,GIC,35,48,10,534.00,"5,340.00"
2020-11-10,2020111004000760,GIC,35,56,10,534.00,"5,340.00"
2020-11-10,2020111004000759,GIC,35,54,10,534.00,"5,340.00"
2020-11-10,2020111004000790,GIC,44,6,10,533.00,"5,330.00"
2020-11-10,2020111004000782,GIC,44,49,10,533.00,"5,330.00"
2020-11-10,2020111004000779,GIC,44,21,10,533.00,"5,330.00"
2020-11-10,2020111004000777,GIC,44,56,10,533.00,"5,330.00"
2020-11-10,2020111004000776,GIC,6,21,10,533.00,"5,330.00"
2020-11-10,2020111004000775,GIC,6,16,10,533.00,"5,330.00"
2020-11-10,2020111004000806,GIC,44,58,10,533.00,"5,330.00"
2020-11-10,2020111004000800,GIC,44,21,10,533.00,"5,330.00"
2020-11-10,2020111004000798,GIC,44,25,10,533.00,"5,330.00"
2020-11-10,2020111004000797,GIC,44,6,10,533.00,"5,330.00"
2020-11-10,2020111004000796,GIC,44,21,10,533.00,"5,330.00"
2020-11-10,2020111004000794,GIC,44,6,10,533.00,"5,330.00"
2020-11-10,2020111004000822,GIC,21,21,10,533.00,"5,330.00"
2020-11-10,2020111004000820,GIC,21,34,10,533.00,"5,330.00"
2020-11-10,2020111004000819,GIC,21,25,10,533.00,"5,330.00"
2020-11-10,2020111004000818,GIC,25,11,10,533.00,"5,330.00"
2020-11-10,2020111004000814,GIC,25,41,10,533.00,"5,330.00"
2020-11-10,2020111004000809,GIC,25,21,10,533.00,"5,330.00"
2020-11-10,2020111004000833,GIC,6,49,50,533.00,"26,650.00"
2020-11-10,2020111004000832,GIC,39,49,50,533.00,"26,650.00"
2020-11-10,2020111004000831,GIC,58,49,20,533.00,"10,660.00"
2020-11-10,2020111004000830,GIC,21,49,150,533.00,"79,950.00"
2020-11-10,2020111004000829,GIC,21,58,10,533.00,"5,330.00"
2020-11-10,2020111004000828,GIC,21,3,10,533.00,"5,330.00"
2020-11-10,2020111004000844,GIC,28,21,10,533.00,"5,330.00"
2020-11-10,2020111004000843,GIC,28,52,20,533.00,"10,660.00"
2020-11-10,2020111004000842,GIC,52,52,10,533.00,"5,330.00"
2020-11-10,2020111004000841,GIC,58,14,10,533.00,"5,330.00"
2020-11-10,2020111004000836,GIC,58,58,10,533.00,"5,330.00"
2020-11-10,2020111004000834,GIC,58,49,30,533.00,"15,990.00"
2020-11-10,2020111004000856,GIC,28,54,10,533.00,"5,330.00"
2020-11-10,2020111004000855,GIC,28,21,10,533.00,"5,330.00"
2020-11-10,2020111004000853,GIC,28,42,10,533.00,"5,330.00"
2020-11-10,2020111004000851,GIC,28,52,10,533.00,"5,330.00"
2020-11-10,2020111004000850,GIC,28,44,10,533.00,"5,330.00"
2020-11-10,2020111004000845,GIC,49,38,20,534.00,"10,680.00"
2020-11-10,2020111004000862,GIC,59,26,10,533.00,"5,330.00"
2020-11-10,2020111004000861,GIC,59,48,10,533.00,"5,330.00"
2020-11-10,2020111004000860,GIC,59,3,15,533.00,"7,995.00"
2020-11-10,2020111004000859,GIC,10,3,15,533.00,"7,995.00"
2020-11-10,2020111004000858,GIC,28,3,110,533.00,"58,630.00"
2020-11-10,2020111004000857,GIC,28,43,10,533.00,"5,330.00"
2020-11-10,2020111004000870,GIC,58,43,10,533.00,"5,330.00"
2020-11-10,2020111004000868,GIC,58,39,10,533.00,"5,330.00"
2020-11-10,2020111004000866,GIC,58,42,10,533.00,"5,330.00"
2020-11-10,2020111004000865,GIC,58,21,10,533.00,"5,330.00"
2020-11-10,2020111004000864,GIC,58,49,75,533.00,"39,975.00"
2020-11-10,2020111004000863,GIC,59,49,25,533.00,"13,325.00"
2020-11-10,2020111004000880,GIC,58,44,10,533.00,"5,330.00"
2020-11-10,2020111004000879,GIC,58,18,10,533.00,"5,330.00"
2020-11-10,2020111004000878,GIC,58,19,10,533.00,"5,330.00"
2020-11-10,2020111004000877,GIC,58,1,10,533.00,"5,330.00"
2020-11-10,2020111004000875,GIC,58,42,10,533.00,"5,330.00"
2020-11-10,2020111004000871,GIC,58,54,10,533.00,"5,330.00"
2020-11-10,2020111004000893,GIC,34,33,10,533.00,"5,330.00"
2020-11-10,2020111004000892,GIC,34,38,10,533.00,"5,330.00"
2020-11-10,2020111004000891,GIC,39,38,600,534.00,"320,400.00"
2020-11-10,2020111004000890,GIC,34,38,140,534.00,"74,760.00"
2020-11-10,2020111004000883,GIC,58,45,10,533.00,"5,330.00"
2020-11-10,2020111004000881,GIC,58,18,10,533.00,"5,330.00"
2020-11-10,2020111004000904,GIC,53,32,10,533.00,"5,330.00"
2020-11-10,2020111004000903,GIC,53,3,10,533.00,"5,330.00"
2020-11-10,2020111004000902,GIC,53,42,10,533.00,"5,330.00"
2020-11-10,2020111004000897,GIC,34,56,10,533.00,"5,330.00"
2020-11-10,2020111004000896,GIC,34,3,10,533.00,"5,330.00"
2020-11-10,2020111004000894,GIC,34,13,10,533.00,"5,330.00"
2020-11-10,2020111004000910,GIC,53,58,10,533.00,"5,330.00"
2020-11-10,2020111004000909,GIC,53,39,10,533.00,"5,330.00"
2020-11-10,2020111004000908,GIC,53,39,10,533.00,"5,330.00"
2020-11-10,2020111004000907,GIC,53,39,10,533.00,"5,330.00"
2020-11-10,2020111004000906,GIC,53,21,10,533.00,"5,330.00"
2020-11-10,2020111004000905,GIC,53,34,10,533.00,"5,330.00"
2020-11-10,2020111004000921,GIC,53,58,10,534.00,"5,340.00"
2020-11-10,2020111004000920,GIC,53,29,10,534.00,"5,340.00"
2020-11-10,2020111004000919,GIC,53,58,10,534.00,"5,340.00"
2020-11-10,2020111004000918,GIC,53,8,10,534.00,"5,340.00"
2020-11-10,2020111004000917,GIC,53,38,80,534.00,"42,720.00"
2020-11-10,2020111004000911,GIC,53,39,10,533.00,"5,330.00"
2020-11-10,2020111004000927,GIC,53,55,10,534.00,"5,340.00"
2020-11-10,2020111004000926,GIC,53,58,10,534.00,"5,340.00"
2020-11-10,2020111004000925,GIC,53,1,10,534.00,"5,340.00"
2020-11-10,2020111004000924,GIC,53,49,10,534.00,"5,340.00"
2020-11-10,2020111004000923,GIC,53,54,10,534.00,"5,340.00"
2020-11-10,2020111004000922,GIC,53,17,10,534.00,"5,340.00"
2020-11-10,2020111004000933,GIC,53,49,10,534.00,"5,340.00"
2020-11-10,2020111004000932,GIC,53,35,10,534.00,"5,340.00"
2020-11-10,2020111004000931,GIC,53,39,10,534.00,"5,340.00"
2020-11-10,2020111004000930,GIC,53,45,10,534.00,"5,340.00"
2020-11-10,2020111004000929,GIC,53,17,10,534.00,"5,340.00"
2020-11-10,2020111004000928,GIC,53,39,10,534.00,"5,340.00"
2020-11-10,2020111004000939,GIC,53,42,10,534.00,"5,340.00"
2020-11-10,2020111004000938,GIC,53,58,10,534.00,"5,340.00"
2020-11-10,2020111004000937,GIC,53,58,10,534.00,"5,340.00"
2020-11-10,2020111004000936,GIC,53,58,10,534.00,"5,340.00"
2020-11-10,2020111004000935,GIC,53,22,10,534.00,"5,340.00"
2020-11-10,2020111004000934,GIC,53,49,10,534.00,"5,340.00"
2020-11-10,2020111004000946,GIC,53,52,10,535.00,"5,350.00"
2020-11-10,2020111004000945,GIC,53,52,10,535.00,"5,350.00"
2020-11-10,2020111004000943,GIC,17,10,10,534.00,"5,340.00"
2020-11-10,2020111004000942,GIC,52,52,10,534.00,"5,340.00"
2020-11-10,2020111004000941,GIC,53,22,10,534.00,"5,340.00"
2020-11-10,2020111004000940,GIC,53,42,10,534.00,"5,340.00"
2020-11-10,2020111004000952,GIC,53,22,10,535.00,"5,350.00"
2020-11-10,2020111004000951,GIC,53,44,"1,700",535.00,"909,500.00"
2020-11-10,2020111004000950,GIC,53,32,10,535.00,"5,350.00"
2020-11-10,2020111004000949,GIC,53,7,10,535.00,"5,350.00"
2020-11-10,2020111004000948,GIC,53,35,100,535.00,"53,500.00"
2020-11-10,2020111004000947,GIC,53,17,10,535.00,"5,350.00"
2020-11-10,2020111004000958,GIC,53,45,10,535.00,"5,350.00"
2020-11-10,2020111004000957,GIC,53,57,100,535.00,"53,500.00"
2020-11-10,2020111004000956,GIC,53,58,10,535.00,"5,350.00"
2020-11-10,2020111004000955,GIC,53,45,10,535.00,"5,350.00"
2020-11-10,2020111004000954,GIC,53,21,10,535.00,"5,350.00"
2020-11-10,2020111004000953,GIC,53,13,10,535.00,"5,350.00"
2020-11-10,2020111004000964,GIC,53,8,10,536.00,"5,360.00"
2020-11-10,2020111004000963,GIC,53,52,10,535.00,"5,350.00"
2020-11-10,2020111004000962,GIC,53,42,10,535.00,"5,350.00"
2020-11-10,2020111004000961,GIC,53,21,10,535.00,"5,350.00"
2020-11-10,2020111004000960,GIC,53,58,10,535.00,"5,350.00"
2020-11-10,2020111004000959,GIC,53,49,10,535.00,"5,350.00"
2020-11-10,2020111004000972,GIC,53,58,10,535.00,"5,350.00"
2020-11-10,2020111004000970,GIC,53,1,10,535.00,"5,350.00"
2020-11-10,2020111004000969,GIC,53,58,10,535.00,"5,350.00"
2020-11-10,2020111004000967,GIC,58,4,10,536.00,"5,360.00"
2020-11-10,2020111004000966,GIC,53,57,10,535.00,"5,350.00"
2020-11-10,2020111004000965,GIC,53,4,240,536.00,"128,640.00"
2020-11-10,2020111004000983,GIC,53,17,10,535.00,"5,350.00"
2020-11-10,2020111004000982,GIC,52,4,10,536.00,"5,360.00"
2020-11-10,2020111004000981,GIC,53,52,10,535.00,"5,350.00"
2020-11-10,2020111004000980,GIC,58,4,20,536.00,"10,720.00"
2020-11-10,2020111004000976,GIC,52,4,10,536.00,"5,360.00"
2020-11-10,2020111004000975,GIC,53,52,10,535.00,"5,350.00"
2020-11-10,2020111004000992,GIC,53,58,10,535.00,"5,350.00"
2020-11-10,2020111004000991,GIC,52,4,10,536.00,"5,360.00"
2020-11-10,2020111004000990,GIC,53,37,10,535.00,"5,350.00"
2020-11-10,2020111004000988,GIC,53,52,10,535.00,"5,350.00"
2020-11-10,2020111004000986,GIC,53,6,10,535.00,"5,350.00"
2020-11-10,2020111004000984,GIC,53,45,10,535.00,"5,350.00"
2020-11-10,2020111004001013,GIC,17,4,20,536.00,"10,720.00"
2020-11-10,2020111004001007,GIC,53,21,10,535.00,"5,350.00"
2020-11-10,2020111004001006,GIC,53,14,10,535.00,"5,350.00"
2020-11-10,2020111004001005,GIC,53,42,10,535.00,"5,350.00"
2020-11-10,2020111004000997,GIC,53,34,10,535.00,"5,350.00"
2020-11-10,2020111004000993,GIC,53,11,70,535.00,"37,450.00"
2020-11-10,2020111004001034,GIC,53,48,10,535.00,"5,350.00"
2020-11-10,2020111004001033,GIC,52,4,10,536.00,"5,360.00"
2020-11-10,2020111004001032,GIC,53,6,10,535.00,"5,350.00"
2020-11-10,2020111004001026,GIC,53,58,10,535.00,"5,350.00"
2020-11-10,2020111004001021,GIC,53,6,10,535.00,"5,350.00"
2020-11-10,2020111004001015,GIC,53,28,200,535.00,"107,000.00"
2020-11-10,2020111004001044,GIC,53,51,10,535.00,"5,350.00"
2020-11-10,2020111004001042,GIC,52,4,10,536.00,"5,360.00"
2020-11-10,2020111004001041,GIC,53,51,10,535.00,"5,350.00"
2020-11-10,2020111004001039,GIC,53,52,10,535.00,"5,350.00"
2020-11-10,2020111004001037,GIC,53,1,10,535.00,"5,350.00"
2020-11-10,2020111004001035,GIC,13,4,100,536.00,"53,600.00"
2020-11-10,2020111004001054,GIC,53,36,10,535.00,"5,350.00"
2020-11-10,2020111004001052,GIC,52,4,10,536.00,"5,360.00"
2020-11-10,2020111004001051,GIC,53,4,"1,000",535.00,"535,000.00"
2020-11-10,2020111004001048,GIC,53,52,10,535.00,"5,350.00"
2020-11-10,2020111004001047,GIC,53,49,10,535.00,"5,350.00"
2020-11-10,2020111004001046,GIC,53,51,10,535.00,"5,350.00"
2020-11-10,2020111004001060,GIC,53,20,10,535.00,"5,350.00"
2020-11-10,2020111004001059,GIC,52,4,10,536.00,"5,360.00"
2020-11-10,2020111004001058,GIC,53,4,"1,000",535.00,"535,000.00"
2020-11-10,2020111004001057,GIC,29,4,80,536.00,"42,880.00"
2020-11-10,2020111004001056,GIC,53,52,10,535.00,"5,350.00"
2020-11-10,2020111004001055,GIC,17,4,385,536.00,"206,360.00"
2020-11-10,2020111004001067,GIC,53,38,230,535.00,"123,050.00"
2020-11-10,2020111004001066,GIC,53,22,10,535.00,"5,350.00"
2020-11-10,2020111004001065,GIC,52,4,10,536.00,"5,360.00"
2020-11-10,2020111004001064,GIC,53,26,10,535.00,"5,350.00"
2020-11-10,2020111004001063,GIC,53,52,10,535.00,"5,350.00"
2020-11-10,2020111004001062,GIC,53,20,10,535.00,"5,350.00"
2020-11-10,2020111004001076,GIC,17,13,10,534.00,"5,340.00"
2020-11-10,2020111004001075,GIC,45,49,10,535.00,"5,350.00"
2020-11-10,2020111004001074,GIC,45,38,10,535.00,"5,350.00"
2020-11-10,2020111004001073,GIC,17,13,10,534.00,"5,340.00"
2020-11-10,2020111004001069,GIC,51,38,50,535.00,"26,750.00"
2020-11-10,2020111004001068,GIC,52,38,30,535.00,"16,050.00"
2020-11-10,2020111004001085,GIC,17,58,10,534.00,"5,340.00"
2020-11-10,2020111004001083,GIC,17,19,10,534.00,"5,340.00"
2020-11-10,2020111004001082,GIC,17,17,10,534.00,"5,340.00"
2020-11-10,2020111004001081,GIC,17,17,10,534.00,"5,340.00"
2020-11-10,2020111004001080,GIC,17,33,10,534.00,"5,340.00"
2020-11-10,2020111004001078,GIC,17,13,10,534.00,"5,340.00"
2020-11-10,2020111004001098,GIC,17,55,10,534.00,"5,340.00"
2020-11-10,2020111004001097,GIC,17,55,10,534.00,"5,340.00"
2020-11-10,2020111004001096,GIC,17,20,10,534.00,"5,340.00"
2020-11-10,2020111004001093,GIC,34,49,100,535.00,"53,500.00"
2020-11-10,2020111004001090,GIC,17,51,10,534.00,"5,340.00"
2020-11-10,2020111004001086,GIC,17,39,10,534.00,"5,340.00"
2020-11-10,2020111004001106,GIC,53,21,10,535.00,"5,350.00"
2020-11-10,2020111004001105,GIC,53,42,10,535.00,"5,350.00"
2020-11-10,2020111004001104,GIC,53,49,800,535.00,"428,000.00"
2020-11-10,2020111004001103,GIC,17,58,10,534.00,"5,340.00"
2020-11-10,2020111004001101,GIC,17,45,10,534.00,"5,340.00"
2020-11-10,2020111004001100,GIC,17,49,10,534.00,"5,340.00"
2020-11-10,2020111004001118,GIC,53,47,10,535.00,"5,350.00"
2020-11-10,2020111004001117,GIC,17,4,330,536.00,"176,880.00"
2020-11-10,2020111004001115,GIC,53,21,10,535.00,"5,350.00"
2020-11-10,2020111004001114,GIC,53,51,10,535.00,"5,350.00"
2020-11-10,2020111004001110,GIC,53,20,10,535.00,"5,350.00"
2020-11-10,2020111004001108,GIC,53,17,10,535.00,"5,350.00"
2020-11-10,2020111004001125,GIC,53,38,"1,000",536.00,"536,000.00"
2020-11-10,2020111004001124,GIC,53,55,10,536.00,"5,360.00"
2020-11-10,2020111004001123,GIC,53,5,10,536.00,"5,360.00"
2020-11-10,2020111004001122,GIC,53,34,10,536.00,"5,360.00"
2020-11-10,2020111004001121,GIC,53,4,"2,000",536.00,"1,072,000.00"
2020-11-10,2020111004001120,GIC,53,4,735,536.00,"393,960.00"
2020-11-10,2020111004001131,GIC,53,19,10,536.00,"5,360.00"
2020-11-10,2020111004001130,GIC,53,54,10,536.00,"5,360.00"
2020-11-10,2020111004001129,GIC,53,45,10,536.00,"5,360.00"
2020-11-10,2020111004001128,GIC,53,22,10,536.00,"5,360.00"
2020-11-10,2020111004001127,GIC,53,43,10,536.00,"5,360.00"
2020-11-10,2020111004001126,GIC,53,56,10,536.00,"5,360.00"
2020-11-10,2020111004001143,GIC,53,21,10,536.00,"5,360.00"
2020-11-10,2020111004001139,GIC,53,41,10,536.00,"5,360.00"
2020-11-10,2020111004001135,GIC,53,40,10,536.00,"5,360.00"
2020-11-10,2020111004001134,GIC,53,1,10,536.00,"5,360.00"
2020-11-10,2020111004001133,GIC,53,42,70,536.00,"37,520.00"
2020-11-10,2020111004001132,GIC,53,22,10,536.00,"5,360.00"
2020-11-10,2020111004001149,GIC,44,14,10,537.00,"5,370.00"
2020-11-10,2020111004001148,GIC,44,52,10,537.00,"5,370.00"
2020-11-10,2020111004001147,GIC,44,56,10,537.00,"5,370.00"
2020-11-10,2020111004001146,GIC,44,48,10,537.00,"5,370.00"
2020-11-10,2020111004001145,GIC,53,58,10,536.00,"5,360.00"
2020-11-10,2020111004001144,GIC,53,32,10,536.00,"5,360.00"
2020-11-10,2020111004001155,GIC,44,13,10,537.00,"5,370.00"
2020-11-10,2020111004001154,GIC,44,13,10,537.00,"5,370.00"
2020-11-10,2020111004001153,GIC,44,43,10,537.00,"5,370.00"
2020-11-10,2020111004001152,GIC,44,57,10,537.00,"5,370.00"
2020-11-10,2020111004001151,GIC,44,20,10,537.00,"5,370.00"
2020-11-10,2020111004001150,GIC,44,57,10,537.00,"5,370.00"
2020-11-10,2020111004001161,GIC,44,42,10,537.00,"5,370.00"
2020-11-10,2020111004001160,GIC,44,41,10,537.00,"5,370.00"
2020-11-10,2020111004001159,GIC,44,13,10,537.00,"5,370.00"
2020-11-10,2020111004001158,GIC,44,13,10,537.00,"5,370.00"
2020-11-10,2020111004001157,GIC,44,13,10,537.00,"5,370.00"
2020-11-10,2020111004001156,GIC,44,13,10,537.00,"5,370.00"
2020-11-10,2020111004001167,GIC,44,48,10,538.00,"5,380.00"
2020-11-10,2020111004001166,GIC,44,42,10,538.00,"5,380.00"
2020-11-10,2020111004001165,GIC,44,51,10,538.00,"5,380.00"
2020-11-10,2020111004001164,GIC,44,6,10,538.00,"5,380.00"
2020-11-10,2020111004001163,GIC,44,51,10,537.00,"5,370.00"
2020-11-10,2020111004001162,GIC,44,5,10,537.00,"5,370.00"
2020-11-10,2020111004001173,GIC,44,49,10,538.00,"5,380.00"
2020-11-10,2020111004001172,GIC,44,32,10,538.00,"5,380.00"
2020-11-10,2020111004001171,GIC,44,58,10,538.00,"5,380.00"
2020-11-10,2020111004001170,GIC,44,4,10,538.00,"5,380.00"
2020-11-10,2020111004001169,GIC,44,3,10,538.00,"5,380.00"
2020-11-10,2020111004001168,GIC,44,29,10,538.00,"5,380.00"
2020-11-10,2020111004001179,GIC,44,3,10,539.00,"5,390.00"
2020-11-10,2020111004001178,GIC,44,34,10,539.00,"5,390.00"
2020-11-10,2020111004001177,GIC,44,6,10,539.00,"5,390.00"
2020-11-10,2020111004001176,GIC,44,53,100,539.00,"53,900.00"
2020-11-10,2020111004001175,GIC,44,21,10,538.00,"5,380.00"
2020-11-10,2020111004001174,GIC,44,34,10,538.00,"5,380.00"
2020-11-10,2020111004001185,GIC,44,54,10,539.00,"5,390.00"
2020-11-10,2020111004001184,GIC,44,54,10,539.00,"5,390.00"
2020-11-10,2020111004001183,GIC,44,42,10,539.00,"5,390.00"
2020-11-10,2020111004001182,GIC,44,58,10,539.00,"5,390.00"
2020-11-10,2020111004001181,GIC,44,42,10,539.00,"5,390.00"
2020-11-10,2020111004001180,GIC,44,58,10,539.00,"5,390.00"
2020-11-10,2020111004001201,GIC,53,32,10,540.00,"5,400.00"
2020-11-10,2020111004001200,GIC,53,51,10,540.00,"5,400.00"
2020-11-10,2020111004001199,GIC,53,38,10,540.00,"5,400.00"
2020-11-10,2020111004001198,GIC,53,56,10,540.00,"5,400.00"
2020-11-10,2020111004001195,GIC,53,47,10,536.00,"5,360.00"
2020-11-10,2020111004001186,GIC,44,29,10,540.00,"5,400.00"
2020-11-10,2020111004001207,GIC,53,21,50,540.00,"27,000.00"
2020-11-10,2020111004001206,GIC,53,57,10,540.00,"5,400.00"
2020-11-10,2020111004001205,GIC,53,19,10,540.00,"5,400.00"
2020-11-10,2020111004001204,GIC,53,4,10,540.00,"5,400.00"
2020-11-10,2020111004001203,GIC,53,51,10,540.00,"5,400.00"
2020-11-10,2020111004001202,GIC,53,46,10,540.00,"5,400.00"
2020-11-10,2020111004001020,GIMES1,50,1,"7,461",9.95,"74,236.95"
2020-11-10,2020111004001019,GIMES1,38,1,"10,000",9.96,"99,600.00"
2020-11-10,2020111004001018,GIMES1,56,1,"5,000",9.97,"49,850.00"
2020-11-10,2020111004001017,GIMES1,49,1,100,9.99,999.00
2020-11-10,2020111004001012,GIMES1,5,1,"2,500",10.00,"25,000.00"
2020-11-10,2020111004001011,GIMES1,34,1,"5,000",10.05,"50,250.00"
2020-11-10,2020111004000876,GIMES1,38,52,"5,000",10.15,"50,750.00"
2020-11-10,2020111004000849,GIMES1,56,19,"1,000",10.11,"10,110.00"
2020-11-10,2020111004001010,GIMES1,6,1,"8,900",10.10,"89,890.00"
2020-11-10,2020111004001009,GIMES1,56,1,"3,500",10.11,"35,385.00"
2020-11-10,2020111004001008,GIMES1,6,1,"5,000",10.15,"50,750.00"
2020-11-10,2020111004000895,GIMES1,56,17,500,10.11,"5,055.00"
2020-11-10,2020111004000885,GIMES1,38,41,100,10.30,"1,030.00"
2020-11-10,2020111004000882,GIMES1,38,25,500,10.25,"5,125.00"
2020-11-10,2020111004001209,LUK,5,8,100,9.50,950.00
2020-11-10,2020111004001116,LUK,53,6,220,9.57,"2,105.40"
2020-11-10,2020111004001099,LUK,5,14,100,9.50,950.00
2020-11-10,2020111004001038,LUK,5,6,500,9.50,"4,750.00"
2020-11-10,2020111004000916,LUK,22,43,200,9.50,"1,900.00"
2020-11-10,2020111004000915,LUK,22,54,100,9.50,950.00
2020-11-10,2020111004000914,LUK,22,20,200,9.50,"1,900.00"
2020-11-10,2020111004000913,LUK,22,13,100,9.50,950.00
2020-11-10,2020111004000912,LUK,22,41,"1,000",9.50,"9,500.00"
2020-11-10,2020111004000801,LUK,28,57,100,9.40,940.00
2020-11-10,2020111004000719,LUK,28,58,100,9.40,940.00
2020-11-10,2020111004001071,MEGAPO,11,35,"3,000",126.00,"378,000.00"
2020-11-10,2020111004001113,NBF2,6,32,"2,240",9.45,"21,168.00"
2020-11-10,2020111004001112,NBF2,22,32,100,9.47,947.00
2020-11-10,2020111004001107,NBF2,22,57,300,9.47,"2,841.00"
2020-11-10,2020111004001070,NBF2,51,39,"1,000",9.50,"9,500.00"
2020-11-10,2020111004001045,NBF2,22,14,100,9.46,946.00
2020-11-10,2020111004000974,NBF2,46,39,"2,000",9.50,"19,000.00"
2020-11-10,2020111004000899,NBF2,6,39,"9,900",9.50,"94,050.00"
2020-11-10,2020111004000898,NBF2,6,49,100,9.43,943.00
2020-11-10,2020111004000741,NBF2,22,39,500,9.50,"4,750.00"
2020-11-10,2020111004001043,NEF,50,54,"1,127",9.41,"10,605.07"
2020-11-10,2020111004000889,NEF,38,42,118,9.50,"1,121.00"
2020-11-10,2020111004000813,NEF,8,42,"2,295",9.50,"21,802.50"
2020-11-10,2020111004000812,NEF,8,37,789,9.50,"7,495.50"
2020-11-10,2020111004000811,NEF,8,37,789,9.50,"7,495.50"
2020-11-10,2020111004000795,NEF,8,25,"1,127",9.49,"10,695.23"
2020-11-10,2020111004000742,NEF,25,56,"1,127",9.45,"10,650.15"
2020-11-10,2020111004000729,NEF,50,39,483,9.41,"4,545.03"
2020-11-10,2020111004000723,NEF,11,57,"1,239",9.45,"11,708.55"
2020-11-10,2020111004001102,NIBLPF,6,28,550,9.75,"5,362.50"
2020-11-10,2020111004001089,NIBLPF,6,52,400,9.75,"3,900.00"
2020-11-10,2020111004001088,NIBLPF,6,57,"2,525",9.75,"24,618.75"
2020-11-10,2020111004001087,NIBLPF,6,5,525,9.72,"5,103.00"
2020-11-10,2020111004001053,NIBLPF,6,36,"2,525",9.70,"24,492.50"
2020-11-10,2020111004000888,NIBLPF,33,5,"2,000",9.72,"19,440.00"
2020-11-10,2020111004000848,NIBLPF,6,19,"1,000",9.60,"9,600.00"
2020-11-10,2020111004000728,NIBLPF,6,45,"2,525",9.60,"24,240.00"
2020-11-10,2020111004001004,NIBPO,32,57,131,370.00,"48,470.00"
2020-11-10,2020111004001003,NIBPO,16,57,"1,000",370.00,"370,000.00"
2020-11-10,2020111004001002,NIBPO,22,57,300,371.00,"111,300.00"
2020-11-10,2020111004001001,NIBPO,47,57,40,372.00,"14,880.00"
2020-11-10,2020111004001000,NIBPO,47,57,20,372.00,"7,440.00"
2020-11-10,2020111004000999,NIBPO,6,57,250,372.00,"93,000.00"
2020-11-10,2020111004000750,NIBPO,32,58,"1,000",373.00,"373,000.00"
2020-11-10,2020111004000748,NIBPO,19,58,"2,000",373.00,"746,000.00"
2020-11-10,2020111004000747,NIBPO,11,58,260,373.00,"96,980.00"
2020-11-10,2020111004000746,NIBPO,52,58,200,373.00,"74,600.00"
2020-11-10,2020111004000745,NIBPO,19,58,400,373.00,"149,200.00"
2020-11-10,2020111004000998,NIBPO,8,57,359,372.00,"133,548.00"
2020-11-10,2020111004000827,NIBPO,8,28,"1,641",372.00,"610,452.00"
2020-11-10,2020111004000826,NIBPO,32,28,100,372.00,"37,200.00"
2020-11-10,2020111004000825,NIBPO,47,28,200,372.00,"74,400.00"
2020-11-10,2020111004000824,NIBPO,52,28,200,372.00,"74,400.00"
2020-11-10,2020111004000823,NIBPO,8,28,"1,004",372.00,"373,488.00"
2020-11-10,2020111004001210,NIBSF1,17,4,"5,000",10.25,"51,250.00"
2020-11-10,2020111004000884,NIBSF1,11,50,500,10.15,"5,075.00"
2020-11-10,2020111004001119,NICAD8283,13,5,50,"1,152.00","57,600.00"
2020-11-10,2020111004001218,NICBF,22,4,200,9.56,"1,912.00"
2020-11-10,2020111004001197,NICBF,22,6,500,9.56,"4,780.00"
2020-11-10,2020111004001024,NICBF,54,45,500,9.59,"4,795.00"
2020-11-10,2020111004000901,NICBF,28,22,100,9.54,954.00
2020-11-10,2020111004000887,NICBF,33,57,100,9.65,965.00
2020-11-10,2020111004000886,NICBF,33,28,"1,900",9.65,"18,335.00"
2020-11-10,2020111004000803,NICBF,46,57,100,9.53,953.00
2020-11-10,2020111004000733,NICBF,46,1,500,9.53,"4,765.00"
2020-11-10,2020111004000732,NICBF,52,1,"1,000",9.60,"9,600.00"
2020-11-10,2020111004000989,NICGF,6,44,"1,000",10.10,"10,100.00"
2020-11-10,2020111004000987,NICGF,6,44,500,10.10,"5,050.00"
2020-11-10,2020111004000985,NICGF,6,44,500,10.10,"5,050.00"
2020-11-10,2020111004000971,NMB50,57,45,500,9.62,"4,810.00"
2020-11-10,2020111004001140,NMBHF1,37,25,"4,732",9.76,"46,184.32"
2020-11-10,2020111004001061,NMBHF1,37,34,"4,392",9.76,"42,865.92"
2020-11-10,2020111004001050,NMBHF1,40,34,"2,265",9.76,"22,106.40"
2020-11-10,2020111004001049,NMBHF1,40,57,"1,735",9.76,"16,933.60"
2020-11-10,2020111004001194,RBCLPO,59,6,10,"12,680.00","126,800.00"
2020-11-10,2020111004001193,RBCLPO,59,33,20,"12,678.00","253,560.00"
2020-11-10,2020111004001192,RBCLPO,59,33,10,"12,678.00","126,780.00"
2020-11-10,2020111004001191,RBCLPO,59,39,50,"12,650.00","632,500.00"
2020-11-10,2020111004001190,RBCLPO,59,39,50,"12,620.00","631,000.00"
2020-11-10,2020111004001189,RBCLPO,59,39,20,"12,610.00","252,200.00"
2020-11-10,2020111004001188,RBCLPO,59,33,30,"12,600.00","378,000.00"
2020-11-10,2020111004001187,RBCLPO,17,19,10,"12,600.00","126,000.00"
2020-11-10,2020111004001094,RBCLPO,17,39,10,"12,610.00","126,100.00"
2020-11-10,2020111004001079,RBCLPO,45,55,10,"12,600.00","126,000.00"
2020-11-10,2020111004000840,RBCLPO,35,33,41,"12,500.00","512,500.00"
2020-11-10,2020111004000791,RBCLPO,28,40,10,"12,602.00","126,020.00"
2020-11-10,2020111004001216,SAEF,38,44,500,10.46,"5,230.00"
2020-11-10,2020111004001196,SAEF,38,44,500,10.46,"5,230.00"
2020-11-10,2020111004001111,SAEF,38,44,500,10.46,"5,230.00"
2020-11-10,2020111004001095,SAEF,38,50,100,10.46,"1,046.00"
2020-11-10,2020111004001084,SAEF,52,51,300,10.57,"3,171.00"
2020-11-10,2020111004001077,SAEF,21,51,"1,000",10.57,"10,570.00"
2020-11-10,2020111004000979,SAEF,5,57,"5,000",10.50,"52,500.00"
2020-11-10,2020111004000978,SAEF,6,57,"5,000",10.50,"52,500.00"
2020-11-10,2020111004000749,SAEF,7,22,500,10.50,"5,250.00"
2020-11-10,2020111004000724,SAEF,7,7,500,10.50,"5,250.00"
2020-11-10,2020111004000900,SAND2085,13,46,25,"1,055.00","26,375.00"
2020-11-10,2020111004000783,SAND2085,6,1,50,"1,050.00","52,500.00"
2020-11-10,2020111004001138,SEF,17,49,"9,100",10.00,"91,000.00"
2020-11-10,2020111004001137,SEF,17,49,"10,000",10.00,"100,000.00"
2020-11-10,2020111004001136,SEF,34,49,900,10.00,"9,000.00"
2020-11-10,2020111004001109,SEF,40,58,"2,200",10.05,"22,110.00"
2020-11-10,2020111004000995,SEF,6,25,"5,000",10.05,"50,250.00"
2020-11-10,2020111004000874,SEF,17,39,600,10.01,"6,006.00"
2020-11-10,2020111004000805,SEF,34,39,"2,400",10.01,"24,024.00"
2020-11-10,2020111004000804,SEF,5,39,"2,000",10.01,"20,020.00"
2020-11-10,2020111004000765,SEF,5,39,"3,000",10.01,"30,030.00"
2020-11-10,2020111004000764,SEF,5,39,"2,000",10.02,"20,040.00"
2020-11-10,2020111004000977,SFMF,7,57,"1,000",9.90,"9,900.00"
2020-11-10,2020111004000839,SFMF,46,22,500,10.00,"5,000.00"
2020-11-10,2020111004000838,SFMF,46,22,300,10.00,"3,000.00"
2020-11-10,2020111004000837,SFMF,46,17,300,10.00,"3,000.00"
2020-11-10,2020111004001025,SGI,34,37,10,499.00,"4,990.00"
2020-11-10,2020111004000996,SGI,34,56,10,499.00,"4,990.00"
2020-11-10,2020111004000944,SGI,34,41,10,499.00,"4,990.00"
2020-11-10,2020111004000869,SGI,34,21,10,499.00,"4,990.00"
2020-11-10,2020111004000867,SGI,34,58,10,499.00,"4,990.00"
2020-11-10,2020111004000854,SGI,34,54,10,499.00,"4,990.00"
2020-11-10,2020111004000737,SGI,34,8,10,499.00,"4,990.00"
2020-11-10,2020111004000735,SGI,34,8,10,499.00,"4,990.00"
2020-11-10,2020111004000734,SGI,34,8,10,499.00,"4,990.00"
2020-11-10,2020111004000726,SGI,34,36,10,499.00,"4,990.00"
2020-11-10,2020111004000721,SGI,34,17,10,499.00,"4,990.00"
2020-11-10,2020111004000821,SGI,34,58,10,499.00,"4,990.00"
2020-11-10,2020111004000778,SGI,34,49,10,499.00,"4,990.00"
2020-11-10,2020111004000752,SGI,34,56,10,499.00,"4,990.00"
2020-11-10,2020111004000744,SGI,34,56,10,499.00,"4,990.00"
2020-11-10,2020111004000739,SGI,34,8,10,499.00,"4,990.00"
2020-11-10,2020111004000738,SGI,34,8,10,499.00,"4,990.00"
2020-11-10,2020111004000968,STC,38,57,50,"4,950.00","247,500.00"
2020-11-10,2020111004000852,STC,38,59,50,"4,950.00","247,500.00"
2020-11-10,2020111004000847,STC,59,55,10,"4,950.00","49,500.00"
2020-11-10,2020111004000846,STC,59,44,27,"4,950.00","133,650.00"
2020-11-10,2020111004000835,STC,44,22,20,"4,900.00","98,000.00"
2020-11-10,2020111004000817,STC,40,5,27,"4,845.00","130,815.00"
2020-11-10,2020111004000769,STC,59,26,20,"4,798.00","95,960.00"
2020-11-10,2020111004000768,STC,59,8,10,"4,780.00","47,800.00"
2020-11-10,2020111004000767,STC,59,8,44,"4,780.00","210,320.00"
2020-11-10,2020111004000766,STC,59,16,50,"4,765.00","238,250.00"
2020-11-10,2020111004000793,STC,28,56,50,"4,804.00","240,200.00"
2020-11-10,2020111004000780,STC,59,56,21,"4,804.00","100,884.00"
2020-11-10,2020111004000773,STC,59,45,10,"4,800.00","48,000.00"
2020-11-10,2020111004000772,STC,59,16,150,"4,800.00","720,000.00"
2020-11-10,2020111004000771,STC,59,56,50,"4,799.00","239,950.00"
2020-11-10,2020111004000770,STC,59,14,145,"4,799.00","695,855.00"
2020-11-10,2020111004000816,STC,40,19,50,"4,845.00","242,250.00"
2020-11-10,2020111004000815,STC,28,34,80,"4,832.00","386,560.00"
2020-11-10,2020111004000810,STC,45,34,20,"4,832.00","96,640.00"
2020-11-10,2020111004000808,STC,28,56,20,"4,826.00","96,520.00"
2020-11-10,2020111004000807,STC,28,56,29,"4,825.00","139,925.00"
2020-11-10,2020111004000799,STC,41,26,20,"4,824.00","96,480.00"
2020-11-10,2020111004000718,BBC,37,45,10,"2,305.00","23,050.00"
2020-11-10,2020111004000693,BBC,37,45,10,"2,305.00","23,050.00"
2020-11-10,2020111004000682,BBC,56,45,10,"2,305.00","23,050.00"
2020-11-10,2020111004000545,BBC,42,50,10,"2,340.00","23,400.00"
2020-11-10,2020111004000359,BBC,42,48,10,"2,352.00","23,520.00"
2020-11-10,2020111004000341,BBC,42,48,10,"2,352.00","23,520.00"
2020-11-10,2020111004000284,BBC,54,48,20,"2,354.00","47,080.00"
2020-11-10,2020111004000333,BBC,42,48,10,"2,352.00","23,520.00"
2020-11-10,2020111004000310,BBC,29,46,10,"2,338.00","23,380.00"
2020-11-10,2020111004000309,BBC,25,46,10,"2,339.00","23,390.00"
2020-11-10,2020111004000308,BBC,59,46,200,"2,351.00","470,200.00"
2020-11-10,2020111004000286,BBC,36,48,20,"2,352.00","47,040.00"
2020-11-10,2020111004000285,BBC,44,48,20,"2,353.00","47,060.00"
2020-11-10,2020111004000655,CBBLPO,17,53,"10,000",570.00,"5,700,000.00"
2020-11-10,2020111004000459,CMF1,58,6,"4,890",9.97,"48,753.30"
2020-11-10,2020111004000332,CMF1,57,22,350,9.84,"3,444.00"
2020-11-10,2020111004000311,CMF1,57,22,800,9.84,"7,872.00"
2020-11-10,2020111004000230,CMF1,57,58,200,9.84,"1,968.00"
2020-11-10,2020111004000717,GIC,11,38,20,534.00,"10,680.00"
2020-11-10,2020111004000716,GIC,58,21,10,533.00,"5,330.00"
2020-11-10,2020111004000711,GIC,37,21,10,533.00,"5,330.00"
2020-11-10,2020111004000710,GIC,55,38,20,534.00,"10,680.00"
2020-11-10,2020111004000709,GIC,55,38,20,534.00,"10,680.00"
2020-11-10,2020111004000708,GIC,56,21,10,533.00,"5,330.00"
2020-11-10,2020111004000224,GIC,14,53,10,532.00,"5,320.00"
2020-11-10,2020111004000222,GIC,14,13,10,532.00,"5,320.00"
2020-11-10,2020111004000221,GIC,14,17,10,532.00,"5,320.00"
2020-11-10,2020111004000220,GIC,14,58,10,532.00,"5,320.00"
2020-11-10,2020111004000219,GIC,14,21,10,532.00,"5,320.00"
2020-11-10,2020111004000247,GIC,25,42,10,532.00,"5,320.00"
2020-11-10,2020111004000241,GIC,25,51,10,532.00,"5,320.00"
2020-11-10,2020111004000234,GIC,25,21,10,532.00,"5,320.00"
2020-11-10,2020111004000229,GIC,25,42,10,532.00,"5,320.00"
2020-11-10,2020111004000228,GIC,25,35,10,532.00,"5,320.00"
2020-11-10,2020111004000225,GIC,25,4,10,532.00,"5,320.00"
2020-11-10,2020111004000258,GIC,25,40,10,532.00,"5,320.00"
2020-11-10,2020111004000257,GIC,25,51,10,532.00,"5,320.00"
2020-11-10,2020111004000252,GIC,25,49,10,532.00,"5,320.00"
2020-11-10,2020111004000251,GIC,25,58,10,532.00,"5,320.00"
2020-11-10,2020111004000250,GIC,25,7,10,532.00,"5,320.00"
2020-11-10,2020111004000248,GIC,25,26,10,532.00,"5,320.00"
2020-11-10,2020111004000264,GIC,16,58,10,533.00,"5,330.00"
2020-11-10,2020111004000263,GIC,16,42,10,533.00,"5,330.00"
2020-11-10,2020111004000262,GIC,16,36,50,533.00,"26,650.00"
2020-11-10,2020111004000261,GIC,16,36,50,533.00,"26,650.00"
2020-11-10,2020111004000260,GIC,16,36,10,533.00,"5,330.00"
2020-11-10,2020111004000259,GIC,25,57,10,532.00,"5,320.00"
2020-11-10,2020111004000270,GIC,25,6,10,532.00,"5,320.00"
2020-11-10,2020111004000269,GIC,25,40,10,532.00,"5,320.00"
2020-11-10,2020111004000268,GIC,16,55,140,534.00,"74,760.00"
2020-11-10,2020111004000267,GIC,16,6,10,534.00,"5,340.00"
2020-11-10,2020111004000266,GIC,16,29,10,534.00,"5,340.00"
2020-11-10,2020111004000265,GIC,16,29,10,534.00,"5,340.00"
2020-11-10,2020111004000280,GIC,25,55,10,534.00,"5,340.00"
2020-11-10,2020111004000279,GIC,25,22,10,532.00,"5,320.00"
2020-11-10,2020111004000278,GIC,25,43,10,532.00,"5,320.00"
2020-11-10,2020111004000277,GIC,25,6,10,532.00,"5,320.00"
2020-11-10,2020111004000274,GIC,25,43,10,532.00,"5,320.00"
2020-11-10,2020111004000273,GIC,25,40,10,532.00,"5,320.00"
2020-11-10,2020111004000292,GIC,25,42,10,532.00,"5,320.00"
2020-11-10,2020111004000291,GIC,25,37,10,532.00,"5,320.00"
2020-11-10,2020111004000289,GIC,25,42,10,532.00,"5,320.00"
2020-11-10,2020111004000288,GIC,25,40,10,532.00,"5,320.00"
2020-11-10,2020111004000287,GIC,25,42,10,532.00,"5,320.00"
2020-11-10,2020111004000281,GIC,25,47,10,532.00,"5,320.00"
2020-11-10,2020111004000303,GIC,6,55,50,534.00,"26,700.00"
2020-11-10,2020111004000299,GIC,25,41,10,532.00,"5,320.00"
2020-11-10,2020111004000298,GIC,25,40,10,532.00,"5,320.00"
2020-11-10,2020111004000297,GIC,25,42,10,532.00,"5,320.00"
2020-11-10,2020111004000296,GIC,25,8,10,532.00,"5,320.00"
2020-11-10,2020111004000294,GIC,25,42,10,532.00,"5,320.00"
2020-11-10,2020111004000324,GIC,1,55,10,534.00,"5,340.00"
2020-11-10,2020111004000323,GIC,25,53,10,532.00,"5,320.00"
2020-11-10,2020111004000322,GIC,26,55,25,534.00,"13,350.00"
2020-11-10,2020111004000316,GIC,25,1,10,532.00,"5,320.00"
2020-11-10,2020111004000313,GIC,34,55,10,534.00,"5,340.00"
2020-11-10,2020111004000307,GIC,25,38,10,532.00,"5,320.00"
2020-11-10,2020111004000338,GIC,25,57,10,532.00,"5,320.00"
2020-11-10,2020111004000337,GIC,25,59,10,532.00,"5,320.00"
2020-11-10,2020111004000334,GIC,25,1,10,532.00,"5,320.00"
2020-11-10,2020111004000328,GIC,25,41,10,532.00,"5,320.00"
2020-11-10,2020111004000326,GIC,25,8,10,532.00,"5,320.00"
2020-11-10,2020111004000325,GIC,25,43,10,532.00,"5,320.00"
2020-11-10,2020111004000351,GIC,25,29,10,532.00,"5,320.00"
2020-11-10,2020111004000344,GIC,6,46,10,534.00,"5,340.00"
2020-11-10,2020111004000343,GIC,6,55,55,534.00,"29,370.00"
2020-11-10,2020111004000342,GIC,25,36,10,532.00,"5,320.00"
2020-11-10,2020111004000340,GIC,25,42,10,532.00,"5,320.00"
2020-11-10,2020111004000339,GIC,25,41,10,532.00,"5,320.00"
2020-11-10,2020111004000358,GIC,56,56,10,533.00,"5,330.00"
2020-11-10,2020111004000357,GIC,56,57,10,533.00,"5,330.00"
2020-11-10,2020111004000356,GIC,25,51,10,532.00,"5,320.00"
2020-11-10,2020111004000354,GIC,25,40,10,532.00,"5,320.00"
2020-11-10,2020111004000353,GIC,25,56,10,532.00,"5,320.00"
2020-11-10,2020111004000352,GIC,25,57,10,532.00,"5,320.00"
2020-11-10,2020111004000370,GIC,56,34,10,533.00,"5,330.00"
2020-11-10,2020111004000369,GIC,56,36,10,533.00,"5,330.00"
2020-11-10,2020111004000367,GIC,56,5,10,533.00,"5,330.00"
2020-11-10,2020111004000366,GIC,56,47,10,533.00,"5,330.00"
2020-11-10,2020111004000364,GIC,56,38,10,533.00,"5,330.00"
2020-11-10,2020111004000363,GIC,56,45,10,533.00,"5,330.00"
2020-11-10,2020111004000385,GIC,56,58,10,533.00,"5,330.00"
2020-11-10,2020111004000384,GIC,56,41,10,533.00,"5,330.00"
2020-11-10,2020111004000382,GIC,56,48,10,533.00,"5,330.00"
2020-11-10,2020111004000379,GIC,56,1,10,533.00,"5,330.00"
2020-11-10,2020111004000378,GIC,56,58,10,533.00,"5,330.00"
2020-11-10,2020111004000373,GIC,56,42,10,533.00,"5,330.00"
2020-11-10,2020111004000391,GIC,56,58,10,533.00,"5,330.00"
2020-11-10,2020111004000390,GIC,56,49,10,533.00,"5,330.00"
2020-11-10,2020111004000389,GIC,56,49,10,533.00,"5,330.00"
2020-11-10,2020111004000388,GIC,56,57,10,533.00,"5,330.00"
2020-11-10,2020111004000387,GIC,56,33,10,533.00,"5,330.00"
2020-11-10,2020111004000386,GIC,56,1,10,533.00,"5,330.00"
2020-11-10,2020111004000416,GIC,56,55,10,533.00,"5,330.00"
2020-11-10,2020111004000415,GIC,56,59,10,533.00,"5,330.00"
2020-11-10,2020111004000412,GIC,56,14,10,533.00,"5,330.00"
2020-11-10,2020111004000409,GIC,56,57,10,533.00,"5,330.00"
2020-11-10,2020111004000401,GIC,56,44,70,533.00,"37,310.00"
2020-11-10,2020111004000393,GIC,56,49,10,533.00,"5,330.00"
2020-11-10,2020111004000425,GIC,25,57,10,534.00,"5,340.00"
2020-11-10,2020111004000424,GIC,25,34,10,534.00,"5,340.00"
2020-11-10,2020111004000423,GIC,25,22,10,534.00,"5,340.00"
2020-11-10,2020111004000422,GIC,56,14,10,533.00,"5,330.00"
2020-11-10,2020111004000419,GIC,56,43,10,533.00,"5,330.00"
2020-11-10,2020111004000418,GIC,56,17,10,533.00,"5,330.00"
2020-11-10,2020111004000431,GIC,25,59,10,534.00,"5,340.00"
2020-11-10,2020111004000430,GIC,25,6,10,534.00,"5,340.00"
2020-11-10,2020111004000429,GIC,25,59,10,534.00,"5,340.00"
2020-11-10,2020111004000428,GIC,25,4,10,534.00,"5,340.00"
2020-11-10,2020111004000427,GIC,25,4,10,534.00,"5,340.00"
2020-11-10,2020111004000426,GIC,25,17,10,534.00,"5,340.00"
2020-11-10,2020111004000437,GIC,25,44,10,534.00,"5,340.00"
2020-11-10,2020111004000436,GIC,25,51,10,534.00,"5,340.00"
2020-11-10,2020111004000435,GIC,25,44,10,534.00,"5,340.00"
2020-11-10,2020111004000434,GIC,25,59,10,534.00,"5,340.00"
2020-11-10,2020111004000433,GIC,25,44,10,534.00,"5,340.00"
2020-11-10,2020111004000432,GIC,25,44,10,534.00,"5,340.00"
2020-11-10,2020111004000443,GIC,25,40,10,534.00,"5,340.00"
2020-11-10,2020111004000442,GIC,25,11,10,534.00,"5,340.00"
2020-11-10,2020111004000441,GIC,25,40,10,534.00,"5,340.00"
2020-11-10,2020111004000440,GIC,25,17,10,534.00,"5,340.00"
2020-11-10,2020111004000439,GIC,25,43,10,534.00,"5,340.00"
2020-11-10,2020111004000438,GIC,25,52,10,534.00,"5,340.00"
2020-11-10,2020111004000449,GIC,25,10,10,534.00,"5,340.00"
2020-11-10,2020111004000448,GIC,25,58,10,534.00,"5,340.00"
2020-11-10,2020111004000447,GIC,25,47,10,534.00,"5,340.00"
2020-11-10,2020111004000446,GIC,25,51,10,534.00,"5,340.00"
2020-11-10,2020111004000445,GIC,25,45,50,534.00,"26,700.00"
2020-11-10,2020111004000444,GIC,25,45,50,534.00,"26,700.00"
2020-11-10,2020111004000458,GIC,25,38,10,534.00,"5,340.00"
2020-11-10,2020111004000457,GIC,25,36,10,534.00,"5,340.00"
2020-11-10,2020111004000456,GIC,25,38,10,534.00,"5,340.00"
2020-11-10,2020111004000453,GIC,25,38,10,534.00,"5,340.00"
2020-11-10,2020111004000451,GIC,25,3,10,534.00,"5,340.00"
2020-11-10,2020111004000450,GIC,25,45,10,534.00,"5,340.00"
2020-11-10,2020111004000467,GIC,25,34,10,534.00,"5,340.00"
2020-11-10,2020111004000464,GIC,25,50,10,534.00,"5,340.00"
2020-11-10,2020111004000463,GIC,25,52,10,534.00,"5,340.00"
2020-11-10,2020111004000462,GIC,25,46,10,534.00,"5,340.00"
2020-11-10,2020111004000461,GIC,25,57,10,534.00,"5,340.00"
2020-11-10,2020111004000460,GIC,25,44,10,534.00,"5,340.00"
2020-11-10,2020111004000473,GIC,45,41,10,535.00,"5,350.00"
2020-11-10,2020111004000472,GIC,45,29,10,535.00,"5,350.00"
2020-11-10,2020111004000471,GIC,45,6,10,535.00,"5,350.00"
2020-11-10,2020111004000470,GIC,45,52,10,535.00,"5,350.00"
2020-11-10,2020111004000469,GIC,45,52,10,535.00,"5,350.00"
2020-11-10,2020111004000468,GIC,45,25,10,535.00,"5,350.00"
2020-11-10,2020111004000485,GIC,25,34,10,534.00,"5,340.00"
2020-11-10,2020111004000483,GIC,25,39,10,534.00,"5,340.00"
2020-11-10,2020111004000477,GIC,45,14,10,535.00,"5,350.00"
2020-11-10,2020111004000476,GIC,45,40,10,535.00,"5,350.00"
2020-11-10,2020111004000475,GIC,45,51,10,535.00,"5,350.00"
2020-11-10,2020111004000474,GIC,45,29,10,535.00,"5,350.00"
2020-11-10,2020111004000493,GIC,25,16,10,534.00,"5,340.00"
2020-11-10,2020111004000492,GIC,25,16,10,534.00,"5,340.00"
2020-11-10,2020111004000491,GIC,25,47,10,534.00,"5,340.00"
2020-11-10,2020111004000489,GIC,25,16,10,534.00,"5,340.00"
2020-11-10,2020111004000488,GIC,25,21,10,534.00,"5,340.00"
2020-11-10,2020111004000486,GIC,25,7,10,534.00,"5,340.00"
2020-11-10,2020111004000505,GIC,25,34,10,534.00,"5,340.00"
2020-11-10,2020111004000502,GIC,25,16,10,534.00,"5,340.00"
2020-11-10,2020111004000501,GIC,25,58,10,534.00,"5,340.00"
2020-11-10,2020111004000496,GIC,25,19,10,534.00,"5,340.00"
2020-11-10,2020111004000495,GIC,25,44,10,534.00,"5,340.00"
2020-11-10,2020111004000494,GIC,25,34,10,534.00,"5,340.00"
2020-11-10,2020111004000511,GIC,25,56,10,534.00,"5,340.00"
2020-11-10,2020111004000510,GIC,25,34,10,534.00,"5,340.00"
2020-11-10,2020111004000509,GIC,25,34,10,534.00,"5,340.00"
2020-11-10,2020111004000508,GIC,25,19,10,534.00,"5,340.00"
2020-11-10,2020111004000507,GIC,25,34,10,534.00,"5,340.00"
2020-11-10,2020111004000506,GIC,25,34,10,534.00,"5,340.00"
2020-11-10,2020111004000517,GIC,25,10,10,534.00,"5,340.00"
2020-11-10,2020111004000516,GIC,25,34,10,534.00,"5,340.00"
2020-11-10,2020111004000515,GIC,25,51,10,534.00,"5,340.00"
2020-11-10,2020111004000514,GIC,25,34,10,534.00,"5,340.00"
2020-11-10,2020111004000513,GIC,25,34,10,534.00,"5,340.00"
2020-11-10,2020111004000512,GIC,25,18,10,534.00,"5,340.00"
2020-11-10,2020111004000524,GIC,25,26,10,534.00,"5,340.00"
2020-11-10,2020111004000523,GIC,25,49,10,534.00,"5,340.00"
2020-11-10,2020111004000522,GIC,25,6,10,534.00,"5,340.00"
2020-11-10,2020111004000521,GIC,25,34,10,534.00,"5,340.00"
2020-11-10,2020111004000519,GIC,25,42,10,534.00,"5,340.00"
2020-11-10,2020111004000518,GIC,25,51,10,534.00,"5,340.00"
2020-11-10,2020111004000533,GIC,25,22,10,534.00,"5,340.00"
2020-11-10,2020111004000531,GIC,25,56,10,534.00,"5,340.00"
2020-11-10,2020111004000530,GIC,25,51,60,534.00,"32,040.00"
2020-11-10,2020111004000529,GIC,25,51,90,534.00,"48,060.00"
2020-11-10,2020111004000528,GIC,25,38,10,534.00,"5,340.00"
2020-11-10,2020111004000525,GIC,25,58,10,534.00,"5,340.00"
2020-11-10,2020111004000541,GIC,25,6,10,534.00,"5,340.00"
2020-11-10,2020111004000540,GIC,25,39,10,534.00,"5,340.00"
2020-11-10,2020111004000538,GIC,25,50,10,534.00,"5,340.00"
2020-11-10,2020111004000537,GIC,25,48,10,534.00,"5,340.00"
2020-11-10,2020111004000536,GIC,25,22,10,534.00,"5,340.00"
2020-11-10,2020111004000534,GIC,25,17,10,534.00,"5,340.00"
2020-11-10,2020111004000549,GIC,25,22,10,534.00,"5,340.00"
2020-11-10,2020111004000547,GIC,25,40,10,534.00,"5,340.00"
2020-11-10,2020111004000546,GIC,25,57,10,534.00,"5,340.00"
2020-11-10,2020111004000544,GIC,25,38,10,534.00,"5,340.00"
2020-11-10,2020111004000543,GIC,25,11,10,534.00,"5,340.00"
2020-11-10,2020111004000542,GIC,25,16,10,534.00,"5,340.00"
2020-11-10,2020111004000562,GIC,25,37,10,534.00,"5,340.00"
2020-11-10,2020111004000558,GIC,25,21,10,534.00,"5,340.00"
2020-11-10,2020111004000557,GIC,25,22,10,534.00,"5,340.00"
2020-11-10,2020111004000553,GIC,25,52,10,534.00,"5,340.00"
2020-11-10,2020111004000552,GIC,25,32,10,534.00,"5,340.00"
2020-11-10,2020111004000551,GIC,25,10,10,534.00,"5,340.00"
2020-11-10,2020111004000572,GIC,25,34,10,534.00,"5,340.00"
2020-11-10,2020111004000568,GIC,25,22,10,534.00,"5,340.00"
2020-11-10,2020111004000567,GIC,25,17,10,534.00,"5,340.00"
2020-11-10,2020111004000566,GIC,25,38,10,534.00,"5,340.00"
2020-11-10,2020111004000565,GIC,25,17,10,534.00,"5,340.00"
2020-11-10,2020111004000564,GIC,25,38,10,534.00,"5,340.00"
2020-11-10,2020111004000578,GIC,36,50,10,535.00,"5,350.00"
2020-11-10,2020111004000577,GIC,36,1,10,535.00,"5,350.00"
2020-11-10,2020111004000576,GIC,25,44,10,534.00,"5,340.00"
2020-11-10,2020111004000575,GIC,25,42,10,534.00,"5,340.00"
2020-11-10,2020111004000574,GIC,25,48,10,534.00,"5,340.00"
2020-11-10,2020111004000573,GIC,25,29,10,534.00,"5,340.00"
2020-11-10,2020111004000584,GIC,36,32,10,535.00,"5,350.00"
2020-11-10,2020111004000583,GIC,36,13,10,535.00,"5,350.00"
2020-11-10,2020111004000582,GIC,36,25,10,535.00,"5,350.00"
2020-11-10,2020111004000581,GIC,36,57,10,535.00,"5,350.00"
2020-11-10,2020111004000580,GIC,36,41,10,535.00,"5,350.00"
2020-11-10,2020111004000579,GIC,36,21,10,535.00,"5,350.00"
2020-11-10,2020111004000590,GIC,36,22,10,535.00,"5,350.00"
2020-11-10,2020111004000589,GIC,36,45,10,535.00,"5,350.00"
2020-11-10,2020111004000588,GIC,36,21,10,535.00,"5,350.00"
2020-11-10,2020111004000587,GIC,36,52,10,535.00,"5,350.00"
2020-11-10,2020111004000586,GIC,36,58,10,535.00,"5,350.00"
2020-11-10,2020111004000585,GIC,36,25,10,535.00,"5,350.00"
2020-11-10,2020111004000596,GIC,36,56,10,535.00,"5,350.00"
2020-11-10,2020111004000595,GIC,36,13,10,535.00,"5,350.00"
2020-11-10,2020111004000594,GIC,36,56,10,535.00,"5,350.00"
2020-11-10,2020111004000593,GIC,36,49,10,535.00,"5,350.00"
2020-11-10,2020111004000592,GIC,36,25,10,535.00,"5,350.00"
2020-11-10,2020111004000591,GIC,36,42,10,535.00,"5,350.00"
2020-11-10,2020111004000602,GIC,36,21,10,535.00,"5,350.00"
2020-11-10,2020111004000601,GIC,36,58,10,535.00,"5,350.00"
2020-11-10,2020111004000600,GIC,36,7,10,535.00,"5,350.00"
2020-11-10,2020111004000599,GIC,36,52,10,535.00,"5,350.00"
2020-11-10,2020111004000598,GIC,36,47,10,535.00,"5,350.00"
2020-11-10,2020111004000597,GIC,36,5,10,535.00,"5,350.00"
2020-11-10,2020111004000614,GIC,25,29,10,534.00,"5,340.00"
2020-11-10,2020111004000611,GIC,25,22,10,534.00,"5,340.00"
2020-11-10,2020111004000610,GIC,25,26,10,534.00,"5,340.00"
2020-11-10,2020111004000605,GIC,36,46,10,535.00,"5,350.00"
2020-11-10,2020111004000604,GIC,36,48,10,535.00,"5,350.00"
2020-11-10,2020111004000603,GIC,36,21,10,535.00,"5,350.00"
2020-11-10,2020111004000633,GIC,29,59,10,534.00,"5,340.00"
2020-11-10,2020111004000632,GIC,38,47,100,535.00,"53,500.00"
2020-11-10,2020111004000630,GIC,29,35,10,534.00,"5,340.00"
2020-11-10,2020111004000625,GIC,29,21,10,534.00,"5,340.00"
2020-11-10,2020111004000623,GIC,25,22,10,534.00,"5,340.00"
2020-11-10,2020111004000615,GIC,25,21,10,534.00,"5,340.00"
2020-11-10,2020111004000643,GIC,29,48,10,534.00,"5,340.00"
2020-11-10,2020111004000642,GIC,29,59,10,534.00,"5,340.00"
2020-11-10,2020111004000640,GIC,29,21,10,534.00,"5,340.00"
2020-11-10,2020111004000638,GIC,29,57,10,534.00,"5,340.00"
2020-11-10,2020111004000635,GIC,29,21,10,534.00,"5,340.00"
2020-11-10,2020111004000634,GIC,29,35,10,534.00,"5,340.00"
2020-11-10,2020111004000654,GIC,29,17,10,534.00,"5,340.00"
2020-11-10,2020111004000651,GIC,29,22,10,534.00,"5,340.00"
2020-11-10,2020111004000649,GIC,38,47,60,535.00,"32,100.00"
2020-11-10,2020111004000648,GIC,38,47,10,535.00,"5,350.00"
2020-11-10,2020111004000647,GIC,38,47,30,535.00,"16,050.00"
2020-11-10,2020111004000645,GIC,29,36,10,534.00,"5,340.00"
2020-11-10,2020111004000661,GIC,28,21,10,535.00,"5,350.00"
2020-11-10,2020111004000660,GIC,28,55,10,535.00,"5,350.00"
2020-11-10,2020111004000659,GIC,28,41,10,535.00,"5,350.00"
2020-11-10,2020111004000658,GIC,28,55,10,535.00,"5,350.00"
2020-11-10,2020111004000657,GIC,28,47,200,535.00,"107,000.00"
2020-11-10,2020111004000656,GIC,28,47,70,535.00,"37,450.00"
2020-11-10,2020111004000670,GIC,28,21,10,535.00,"5,350.00"
2020-11-10,2020111004000669,GIC,28,4,10,535.00,"5,350.00"
2020-11-10,2020111004000668,GIC,28,17,10,535.00,"5,350.00"
2020-11-10,2020111004000664,GIC,28,42,10,535.00,"5,350.00"
2020-11-10,2020111004000663,GIC,28,34,10,535.00,"5,350.00"
2020-11-10,2020111004000662,GIC,28,34,10,535.00,"5,350.00"
2020-11-10,2020111004000679,GIC,28,42,10,535.00,"5,350.00"
2020-11-10,2020111004000678,GIC,28,32,10,535.00,"5,350.00"
2020-11-10,2020111004000677,GIC,28,52,10,535.00,"5,350.00"
2020-11-10,2020111004000676,GIC,28,32,10,535.00,"5,350.00"
2020-11-10,2020111004000672,GIC,28,5,10,535.00,"5,350.00"
2020-11-10,2020111004000671,GIC,28,41,10,535.00,"5,350.00"
2020-11-10,2020111004000688,GIC,28,16,10,535.00,"5,350.00"
2020-11-10,2020111004000687,GIC,28,21,10,535.00,"5,350.00"
2020-11-10,2020111004000686,GIC,28,52,10,535.00,"5,350.00"
2020-11-10,2020111004000685,GIC,28,28,10,535.00,"5,350.00"
2020-11-10,2020111004000684,GIC,28,16,10,535.00,"5,350.00"
2020-11-10,2020111004000683,GIC,28,35,10,535.00,"5,350.00"
2020-11-10,2020111004000699,GIC,28,11,10,534.00,"5,340.00"
2020-11-10,2020111004000694,GIC,28,38,10,534.00,"5,340.00"
2020-11-10,2020111004000692,GIC,38,51,10,534.00,"5,340.00"
2020-11-10,2020111004000691,GIC,21,38,10,534.00,"5,340.00"
2020-11-10,2020111004000690,GIC,29,38,120,534.00,"64,080.00"
2020-11-10,2020111004000689,GIC,28,7,10,535.00,"5,350.00"
2020-11-10,2020111004000707,GIC,34,38,100,534.00,"53,400.00"
2020-11-10,2020111004000706,GIC,28,38,170,534.00,"90,780.00"
2020-11-10,2020111004000705,GIC,29,38,100,534.00,"53,400.00"
2020-11-10,2020111004000704,GIC,28,51,10,534.00,"5,340.00"
2020-11-10,2020111004000702,GIC,28,53,10,534.00,"5,340.00"
2020-11-10,2020111004000700,GIC,28,25,10,534.00,"5,340.00"
2020-11-10,2020111004000714,GIMES1,6,3,500,10.10,"5,050.00"
2020-11-10,2020111004000713,GIMES1,6,32,600,10.07,"6,042.00"
2020-11-10,2020111004000554,GIMES1,57,32,300,10.07,"3,021.00"
2020-11-10,2020111004000302,GIMES1,34,7,"4,000",10.05,"40,200.00"
2020-11-10,2020111004000301,GIMES1,21,7,"1,000",10.05,"10,050.00"
2020-11-10,2020111004000300,GIMES1,54,7,"2,000",10.06,"20,120.00"
2020-11-10,2020111004000715,LEMF,33,17,200,9.31,"1,862.00"
2020-11-10,2020111004000272,LEMF,19,36,500,9.30,"4,650.00"
2020-11-10,2020111004000271,LEMF,6,36,"2,000",9.35,"18,700.00"
2020-11-10,2020111004000499,LEMF,47,25,"5,000",9.43,"47,150.00"
2020-11-10,2020111004000498,LEMF,47,45,"3,000",9.43,"28,290.00"
2020-11-10,2020111004000497,LEMF,47,33,"1,500",9.40,"14,100.00"
2020-11-10,2020111004000681,LUK,28,52,600,9.40,"5,640.00"
2020-11-10,2020111004000569,LUK,28,36,100,9.40,940.00
2020-11-10,2020111004000484,LUK,28,22,100,9.40,940.00
2020-11-10,2020111004000368,LUK,47,42,500,9.36,"4,680.00"
2020-11-10,2020111004000636,NBF2,6,41,"1,000",9.42,"9,420.00"
2020-11-10,2020111004000609,NBF2,32,39,"5,000",9.50,"47,500.00"
2020-11-10,2020111004000608,NBF2,11,39,"20,100",9.50,"190,950.00"
2020-11-10,2020111004000607,NBF2,50,39,100,9.50,950.00
2020-11-10,2020111004000606,NBF2,11,39,"12,000",9.50,"114,000.00"
2020-11-10,2020111004000243,NBF2,50,22,100,9.50,950.00
2020-11-10,2020111004000404,NBF2,11,28,"6,600",9.50,"62,700.00"
2020-11-10,2020111004000335,NBF2,11,22,100,9.50,950.00
2020-11-10,2020111004000255,NBF2,11,53,150,9.50,"1,425.00"
2020-11-10,2020111004000244,NBF2,11,22,300,9.50,"2,850.00"
2020-11-10,2020111004000550,NBF2,11,36,300,9.50,"2,850.00"
2020-11-10,2020111004000482,NBF2,11,49,150,9.50,"1,425.00"
2020-11-10,2020111004000454,NBF2,11,20,500,9.50,"4,750.00"
2020-11-10,2020111004000627,NEF,52,56,"1,127",9.40,"10,593.80"
2020-11-10,2020111004000556,NEF,52,56,"1,127",9.40,"10,593.80"
2020-11-10,2020111004000398,NEF,52,19,"1,000",9.40,"9,400.00"
2020-11-10,2020111004000395,NEF,52,32,"2,414",9.40,"22,691.60"
2020-11-10,2020111004000375,NEF,52,25,"1,127",9.40,"10,593.80"
2020-11-10,2020111004000374,NEF,52,45,"2,414",9.40,"22,691.60"
2020-11-10,2020111004000275,NEF,50,36,"1,127",9.35,"10,537.45"
2020-11-10,2020111004000235,NEF,19,33,"2,414",9.34,"22,546.76"
2020-11-10,2020111004000312,NIBLPF,34,38,253,9.58,"2,423.74"
2020-11-10,2020111004000653,NIBPO,19,28,600,373.00,"223,800.00"
2020-11-10,2020111004000532,NIBPO,19,28,"1,000",373.00,"373,000.00"
2020-11-10,2020111004000527,NIBPO,32,28,"1,000",373.00,"373,000.00"
2020-11-10,2020111004000526,NIBPO,32,28,"1,000",373.00,"373,000.00"
2020-11-10,2020111004000500,NIBPO,34,28,"2,000",374.00,"748,000.00"
2020-11-10,2020111004000400,NIBPO,34,47,740,374.00,"276,760.00"
2020-11-10,2020111004000306,NIBPO,8,39,558,372.00,"207,576.00"
2020-11-10,2020111004000240,NIBPO,8,44,438,372.00,"162,936.00"
2020-11-10,2020111004000239,NIBPO,19,44,100,373.00,"37,300.00"
2020-11-10,2020111004000238,NIBPO,19,44,100,373.00,"37,300.00"
2020-11-10,2020111004000237,NIBPO,42,44,40,373.00,"14,920.00"
2020-11-10,2020111004000236,NIBPO,42,44,500,373.00,"186,500.00"
2020-11-10,2020111004000372,NIBPO,16,41,952,378.00,"359,856.00"
2020-11-10,2020111004000371,NIBPO,16,47,358,377.00,"134,966.00"
2020-11-10,2020111004000362,NIBPO,16,47,142,377.00,"53,534.00"
2020-11-10,2020111004000361,NIBPO,16,51,658,377.00,"248,066.00"
2020-11-10,2020111004000360,NIBPO,16,6,200,377.00,"75,400.00"
2020-11-10,2020111004000355,NIBPO,16,6,"1,000",377.00,"377,000.00"
2020-11-10,2020111004000403,NIBSF1,17,19,"1,000",10.12,"10,120.00"
2020-11-10,2020111004000480,NICBF,54,28,100,9.65,965.00
2020-11-10,2020111004000455,NICBF,54,48,100,9.65,965.00
2020-11-10,2020111004000701,NICGF,21,21,"2,500",10.15,"25,375.00"
2020-11-10,2020111004000675,NICGF,21,25,500,10.15,"5,075.00"
2020-11-10,2020111004000674,NICGF,21,25,"1,000",10.15,"10,150.00"
2020-11-10,2020111004000641,NICGF,21,37,"2,000",10.15,"20,300.00"
2020-11-10,2020111004000626,NICGF,34,17,"2,500",10.15,"25,375.00"
2020-11-10,2020111004000405,NICGF,34,19,500,10.15,"5,075.00"
2020-11-10,2020111004000350,NICGF,35,51,100,10.35,"1,035.00"
2020-11-10,2020111004000348,NICGF,35,51,100,10.35,"1,035.00"
2020-11-10,2020111004000411,NMB50,38,28,"1,900",9.51,"18,069.00"
2020-11-10,2020111004000410,NMB50,50,28,100,9.60,960.00
2020-11-10,2020111004000402,NMB50,50,1,100,9.60,960.00
2020-11-10,2020111004000397,NMB50,50,1,100,9.60,960.00
2020-11-10,2020111004000396,NMB50,50,48,100,9.55,955.00
2020-11-10,2020111004000365,NMB50,38,43,200,9.51,"1,902.00"
2020-11-10,2020111004000246,NMBHF1,19,33,"3,161",9.57,"30,250.77"
2020-11-10,2020111004000245,NMBHF1,21,33,"1,000",9.75,"9,750.00"
2020-11-10,2020111004000639,RBCLPO,35,28,20,"12,700.00","254,000.00"
2020-11-10,2020111004000637,RBCLPO,35,4,10,"12,700.00","127,000.00"
2020-11-10,2020111004000631,RBCLPO,35,26,10,"12,700.00","127,000.00"
2020-11-10,2020111004000624,RBCLPO,35,46,12,"12,700.00","152,400.00"
2020-11-10,2020111004000622,RBCLPO,35,37,10,"12,700.00","127,000.00"
2020-11-10,2020111004000621,RBCLPO,35,37,10,"12,700.00","127,000.00"
2020-11-10,2020111004000249,RBCLPO,33,33,50,"12,600.00","630,000.00"
2020-11-10,2020111004000242,RBCLPO,33,18,30,"12,449.00","373,470.00"
2020-11-10,2020111004000377,RBCLPO,33,48,10,"12,600.00","126,000.00"
2020-11-10,2020111004000347,RBCLPO,33,18,30,"12,600.00","378,000.00"
2020-11-10,2020111004000346,RBCLPO,33,48,10,"12,600.00","126,000.00"
2020-11-10,2020111004000327,RBCLPO,33,1,20,"12,600.00","252,000.00"
2020-11-10,2020111004000319,RBCLPO,33,42,25,"12,600.00","315,000.00"
2020-11-10,2020111004000293,RBCLPO,33,37,10,"12,600.00","126,000.00"
2020-11-10,2020111004000520,RBCLPO,3,56,29,"12,699.00","368,271.00"
2020-11-10,2020111004000504,RBCLPO,56,6,10,"12,690.00","126,900.00"
2020-11-10,2020111004000503,RBCLPO,56,33,10,"12,650.00","126,500.00"
2020-11-10,2020111004000421,RBCLPO,33,33,10,"12,600.00","126,000.00"
2020-11-10,2020111004000406,RBCLPO,50,17,19,"12,699.00","241,281.00"
2020-11-10,2020111004000394,RBCLPO,33,48,10,"12,600.00","126,000.00"
2020-11-10,2020111004000620,RBCLPO,35,33,10,"12,700.00","127,000.00"
2020-11-10,2020111004000619,RBCLPO,35,4,10,"12,699.00","126,990.00"
2020-11-10,2020111004000618,RBCLPO,35,50,10,"12,698.00","126,980.00"
2020-11-10,2020111004000617,RBCLPO,35,56,71,"12,690.00","900,990.00"
2020-11-10,2020111004000616,RBCLPO,35,14,25,"12,650.00","316,250.00"
2020-11-10,2020111004000539,RBCLPO,56,48,10,"12,600.00","126,000.00"
2020-11-10,2020111004000652,SAEF,7,17,"2,000",10.50,"21,000.00"
2020-11-10,2020111004000414,SAEF,47,17,200,10.45,"2,090.00"
2020-11-10,2020111004000413,SAEF,47,17,"2,300",10.45,"24,035.00"
2020-11-10,2020111004000408,SAEF,47,19,400,10.45,"4,180.00"
2020-11-10,2020111004000407,SAEF,55,19,600,10.50,"6,300.00"
2020-11-10,2020111004000392,SAEF,47,45,100,10.45,"1,045.00"
2020-11-10,2020111004000226,SAEF,47,48,500,10.45,"5,225.00"
2020-11-10,2020111004000381,SAEF,25,51,200,10.63,"2,126.00"
2020-11-10,2020111004000380,SAEF,25,51,800,10.63,"8,504.00"
2020-11-10,2020111004000321,SAEF,25,51,100,10.63,"1,063.00"
2020-11-10,2020111004000305,SAEF,25,51,100,10.63,"1,063.00"
2020-11-10,2020111004000276,SAEF,25,36,"5,000",10.50,"52,500.00"
2020-11-10,2020111004000256,SAEF,47,22,200,10.45,"2,090.00"
2020-11-10,2020111004000703,SAND2085,19,34,25,"1,040.00","26,000.00"
2020-11-10,2020111004000304,SAND2085,19,35,25,"1,035.00","25,875.00"
2020-11-10,2020111004000644,SEF,34,56,"1,500",10.00,"15,000.00"
2020-11-10,2020111004000629,SEF,34,57,"7,600",10.00,"76,000.00"
2020-11-10,2020111004000628,SEF,10,57,"2,400",10.00,"24,000.00"
2020-11-10,2020111004000612,SEF,10,56,"1,500",10.00,"15,000.00"
2020-11-10,2020111004000570,SEF,10,42,"1,000",10.00,"10,000.00"
2020-11-10,2020111004000561,SEF,10,56,100,10.00,"1,000.00"
2020-11-10,2020111004000231,SEF,25,36,580,10.00,"5,800.00"
2020-11-10,2020111004000227,SEF,25,36,"2,920",10.00,"29,200.00"
2020-11-10,2020111004000317,SEF,25,52,100,10.10,"1,010.00"
2020-11-10,2020111004000282,SEF,25,52,100,10.10,"1,010.00"
2020-11-10,2020111004000254,SEF,25,52,920,10.10,"9,292.00"
2020-11-10,2020111004000253,SEF,25,25,"2,000",10.00,"20,000.00"
2020-11-10,2020111004000233,SEF,25,52,"1,340",10.10,"13,534.00"
2020-11-10,2020111004000232,SEF,25,49,"1,000",10.09,"10,090.00"
2020-11-10,2020111004000560,SEF,10,56,"1,400",10.00,"14,000.00"
2020-11-10,2020111004000481,SEF,10,37,"3,000",10.00,"30,000.00"
2020-11-10,2020111004000466,SEF,10,17,"3,500",10.00,"35,000.00"
2020-11-10,2020111004000465,SEF,10,25,"2,000",10.00,"20,000.00"
2020-11-10,2020111004000420,SEF,10,39,"10,000",10.00,"100,000.00"
2020-11-10,2020111004000399,SEF,34,59,500,9.95,"4,975.00"
2020-11-10,2020111004000712,SGI,34,48,10,499.00,"4,990.00"
2020-11-10,2020111004000680,SGI,34,39,10,499.00,"4,990.00"
2020-11-10,2020111004000673,SGI,34,41,10,499.00,"4,990.00"
2020-11-10,2020111004000650,SGI,34,48,10,499.00,"4,990.00"
2020-11-10,2020111004000646,SGI,34,39,10,499.00,"4,990.00"
2020-11-10,2020111004000613,SGI,34,48,10,499.00,"4,990.00"
2020-11-10,2020111004000314,SGI,34,52,10,499.00,"4,990.00"
2020-11-10,2020111004000295,SGI,34,41,10,499.00,"4,990.00"
2020-11-10,2020111004000290,SGI,34,4,10,499.00,"4,990.00"
2020-11-10,2020111004000283,SGI,34,49,10,499.00,"4,990.00"
2020-11-10,2020111004000223,SGI,34,17,10,499.00,"4,990.00"
2020-11-10,2020111004000452,SGI,34,17,10,499.00,"4,990.00"
2020-11-10,2020111004000383,SGI,34,59,10,499.00,"4,990.00"
2020-11-10,2020111004000336,SGI,34,45,10,499.00,"4,990.00"
2020-11-10,2020111004000320,SGI,34,1,10,499.00,"4,990.00"
2020-11-10,2020111004000318,SGI,34,28,10,499.00,"4,990.00"
2020-11-10,2020111004000315,SGI,34,38,10,499.00,"4,990.00"
2020-11-10,2020111004000571,SGI,34,42,10,499.00,"4,990.00"
2020-11-10,2020111004000555,SGI,34,1,10,499.00,"4,990.00"
2020-11-10,2020111004000548,SGI,34,48,10,499.00,"4,990.00"
2020-11-10,2020111004000535,SGI,34,48,10,499.00,"4,990.00"
2020-11-10,2020111004000490,SGI,34,47,10,499.00,"4,990.00"
2020-11-10,2020111004000487,SGI,34,46,10,499.00,"4,990.00"
2020-11-10,2020111004000698,STC,38,56,10,"4,751.00","47,510.00"
2020-11-10,2020111004000697,STC,38,56,20,"4,751.00","95,020.00"
2020-11-10,2020111004000696,STC,5,56,50,"4,751.00","237,550.00"
2020-11-10,2020111004000695,STC,59,56,20,"4,767.00","95,340.00"
2020-11-10,2020111004000667,STC,5,8,13,"4,780.00","62,140.00"
2020-11-10,2020111004000666,STC,5,8,57,"4,780.00","272,460.00"
2020-11-10,2020111004000376,STC,34,58,10,"4,738.00","47,380.00"
2020-11-10,2020111004000349,STC,45,58,10,"4,738.00","47,380.00"
2020-11-10,2020111004000345,STC,53,58,20,"4,738.00","94,760.00"
2020-11-10,2020111004000331,STC,59,3,10,"4,732.00","47,320.00"
2020-11-10,2020111004000330,STC,10,3,10,"4,732.00","47,320.00"
2020-11-10,2020111004000329,STC,59,3,30,"4,732.00","141,960.00"
2020-11-10,2020111004000665,STC,5,21,10,"4,780.00","47,800.00"
2020-11-10,2020111004000563,STC,59,21,10,"4,750.00","47,500.00"
2020-11-10,2020111004000559,STC,59,34,60,"4,750.00","285,000.00"
2020-11-10,2020111004000479,STC,59,59,50,"4,750.00","237,500.00"
2020-11-10,2020111004000478,STC,59,49,50,"4,750.00","237,500.00"
2020-11-10,2020111004000417,STC,49,51,10,"4,741.00","47,410.00"
2020-11-10,2020111003018888,ALBSL,49,58,71,857.00,"60,847.00"
2020-11-10,2020111003018703,ALBSL,49,32,45,857.00,"38,565.00"
2020-11-10,2020111003018931,ALICL,58,54,10,800.00,"8,000.00"
2020-11-10,2020111003018817,ALICL,49,28,100,798.00,"79,800.00"
2020-11-10,2020111003018788,ALICL,35,17,293,798.00,"233,814.00"
2020-11-10,2020111003018760,ALICL,45,54,"3,900",795.00,"3,100,500.00"
2020-11-10,2020111003018759,ALICL,49,54,100,796.00,"79,600.00"
2020-11-10,2020111003018687,ALICL,42,17,207,798.00,"165,186.00"
2020-11-10,2020111004000213,BBC,46,45,15,"2,399.00","35,985.00"
2020-11-10,2020111004000168,BBC,56,19,15,"2,399.00","35,985.00"
2020-11-10,2020111004000107,BBC,1,50,10,"2,400.00","24,000.00"
2020-11-10,2020111004000104,BBC,1,14,20,"2,395.00","47,900.00"
2020-11-10,2020111003018878,BFC,6,42,"1,000",144.00,"144,000.00"
2020-11-10,2020111003018877,BFC,6,42,"1,000",144.00,"144,000.00"
2020-11-10,2020111003018876,BFC,6,42,246,144.00,"35,424.00"
2020-11-10,2020111003018819,BFC,33,42,202,145.00,"29,290.00"
2020-11-10,2020111003018818,BFC,33,42,298,145.00,"43,210.00"
2020-11-10,2020111003018799,BFC,6,51,54,144.00,"7,776.00"
2020-11-10,2020111003018798,BFC,59,51,500,144.00,"72,000.00"
2020-11-10,2020111003018797,BFC,50,51,300,144.00,"43,200.00"
2020-11-10,2020111003018796,BFC,42,51,250,146.00,"36,500.00"
2020-11-10,2020111003018901,CBBL,18,32,25,"1,198.00","29,950.00"
2020-11-10,2020111003018900,CBBL,22,32,42,"1,198.00","50,316.00"
2020-11-10,2020111003018892,CBBL,22,53,58,"1,198.00","69,484.00"
2020-11-10,2020111003018891,CBBL,1,53,125,"1,198.00","149,750.00"
2020-11-10,2020111003018890,CBBL,57,53,20,"1,198.00","23,960.00"
2020-11-10,2020111003018873,CBBL,18,34,200,"1,199.00","239,800.00"
2020-11-10,2020111003018668,CBBL,1,45,25,"1,197.00","29,925.00"
2020-11-10,2020111003018926,CIT,22,49,18,"4,109.00","73,962.00"
2020-11-10,2020111003018879,CIT,22,40,10,"4,100.00","41,000.00"
2020-11-10,2020111003018771,CIT,22,17,10,"4,100.00","41,000.00"
2020-11-10,2020111003018770,CIT,22,13,20,"4,100.00","82,000.00"
2020-11-10,2020111003018769,CIT,22,56,50,"4,100.00","205,000.00"
2020-11-10,2020111003018768,CIT,22,19,50,"4,100.00","205,000.00"
2020-11-10,2020111003018714,CIT,29,4,10,"4,100.00","41,000.00"
2020-11-10,2020111003018713,CIT,3,4,25,"4,100.00","102,500.00"
2020-11-10,2020111003018712,CIT,3,5,20,"4,100.00","82,000.00"
2020-11-10,2020111003018711,CIT,3,14,10,"4,100.00","41,000.00"
2020-11-10,2020111003018710,CIT,22,44,10,"4,100.00","41,000.00"
2020-11-10,2020111003018707,CIT,47,44,10,"4,100.00","41,000.00"
2020-11-10,2020111003018753,CIT,22,34,27,"4,100.00","110,700.00"
2020-11-10,2020111003018752,CIT,22,11,10,"4,100.00","41,000.00"
2020-11-10,2020111003018751,CIT,22,40,66,"4,100.00","270,600.00"
2020-11-10,2020111003018750,CIT,22,4,25,"4,100.00","102,500.00"
2020-11-10,2020111003018749,CIT,22,47,31,"4,099.00","127,069.00"
2020-11-10,2020111003018742,CIT,22,47,10,"4,099.00","40,990.00"
2020-11-10,2020111003018767,CIT,22,6,50,"4,099.00","204,950.00"
2020-11-10,2020111003018758,CIT,22,53,19,"4,100.00","77,900.00"
2020-11-10,2020111003018757,CIT,22,7,10,"4,100.00","41,000.00"
2020-11-10,2020111003018756,CIT,22,48,70,"4,100.00","287,000.00"
2020-11-10,2020111003018755,CIT,22,40,122,"4,100.00","500,200.00"
2020-11-10,2020111003018754,CIT,22,5,20,"4,100.00","82,000.00"
2020-11-10,2020111003018662,CLBSL,3,58,20,727.00,"14,540.00"
2020-11-10,2020111004000216,CMF1,57,58,100,9.84,984.00
2020-11-10,2020111004000210,CMF1,57,58,100,9.84,984.00
2020-11-10,2020111004000209,CMF1,57,38,100,9.84,984.00
2020-11-10,2020111004000201,CMF1,57,25,"1,000",9.84,"9,840.00"
2020-11-10,2020111004000055,CMF1,58,52,"1,500",9.65,"14,475.00"
2020-11-10,2020111003018893,DDBL,33,38,45,"1,024.00","46,080.00"
2020-11-10,2020111003018881,DDBL,33,19,38,"1,024.00","38,912.00"
2020-11-10,2020111003018840,FMDBL,32,34,139,612.00,"85,068.00"
2020-11-10,2020111003018837,FMDBL,52,52,144,611.00,"87,984.00"
2020-11-10,2020111003018836,FMDBL,52,52,60,611.00,"36,660.00"
2020-11-10,2020111003018801,GBBL,45,29,50,263.00,"13,150.00"
2020-11-10,2020111003018875,GFCL,3,14,100,200.00,"20,000.00"
2020-11-10,2020111004000217,GIC,14,58,10,532.00,"5,320.00"
2020-11-10,2020111004000215,GIC,14,6,10,532.00,"5,320.00"
2020-11-10,2020111004000214,GIC,14,56,10,532.00,"5,320.00"
2020-11-10,2020111004000212,GIC,49,36,10,533.00,"5,330.00"
2020-11-10,2020111004000211,GIC,14,58,10,532.00,"5,320.00"
2020-11-10,2020111004000208,GIC,14,40,10,532.00,"5,320.00"
2020-11-10,2020111004000005,GIC,11,41,10,540.00,"5,400.00"
2020-11-10,2020111004000004,GIC,11,34,10,540.00,"5,400.00"
2020-11-10,2020111004000002,GIC,1,42,10,540.00,"5,400.00"
2020-11-10,2020111004000001,GIC,1,21,10,540.00,"5,400.00"
2020-11-10,2020111004000012,GIC,44,19,10,530.00,"5,300.00"
2020-11-10,2020111004000010,GIC,11,10,10,535.00,"5,350.00"
2020-11-10,2020111004000009,GIC,45,46,10,539.00,"5,390.00"
2020-11-10,2020111004000008,GIC,17,39,10,535.00,"5,350.00"
2020-11-10,2020111004000007,GIC,11,16,170,541.00,"91,970.00"
2020-11-10,2020111004000006,GIC,11,10,10,541.00,"5,410.00"
2020-11-10,2020111004000019,GIC,5,57,10,530.00,"5,300.00"
2020-11-10,2020111004000018,GIC,5,38,10,530.00,"5,300.00"
2020-11-10,2020111004000017,GIC,5,3,10,530.00,"5,300.00"
2020-11-10,2020111004000015,GIC,43,38,10,529.00,"5,290.00"
2020-11-10,2020111004000014,GIC,44,16,30,530.00,"15,900.00"
2020-11-10,2020111004000013,GIC,44,58,10,530.00,"5,300.00"
2020-11-10,2020111004000027,GIC,5,22,10,530.00,"5,300.00"
2020-11-10,2020111004000024,GIC,5,26,10,530.00,"5,300.00"
2020-11-10,2020111004000023,GIC,5,22,10,530.00,"5,300.00"
2020-11-10,2020111004000022,GIC,5,26,10,530.00,"5,300.00"
2020-11-10,2020111004000021,GIC,5,1,10,530.00,"5,300.00"
2020-11-10,2020111004000020,GIC,5,43,10,530.00,"5,300.00"
2020-11-10,2020111004000033,GIC,33,32,10,531.00,"5,310.00"
2020-11-10,2020111004000032,GIC,5,32,10,530.00,"5,300.00"
2020-11-10,2020111004000031,GIC,5,59,10,530.00,"5,300.00"
2020-11-10,2020111004000030,GIC,5,43,10,530.00,"5,300.00"
2020-11-10,2020111004000029,GIC,5,49,10,530.00,"5,300.00"
2020-11-10,2020111004000028,GIC,5,45,10,530.00,"5,300.00"
2020-11-10,2020111004000049,GIC,17,43,10,531.00,"5,310.00"
2020-11-10,2020111004000042,GIC,17,59,10,531.00,"5,310.00"
2020-11-10,2020111004000039,GIC,50,43,10,532.00,"5,320.00"
2020-11-10,2020111004000038,GIC,33,17,10,532.00,"5,320.00"
2020-11-10,2020111004000036,GIC,33,38,10,532.00,"5,320.00"
2020-11-10,2020111004000034,GIC,33,35,10,532.00,"5,320.00"
2020-11-10,2020111004000056,GIC,17,58,10,531.00,"5,310.00"
2020-11-10,2020111004000054,GIC,17,35,10,531.00,"5,310.00"
2020-11-10,2020111004000053,GIC,17,1,10,531.00,"5,310.00"
2020-11-10,2020111004000052,GIC,17,45,10,531.00,"5,310.00"
2020-11-10,2020111004000051,GIC,17,1,10,531.00,"5,310.00"
2020-11-10,2020111004000050,GIC,17,19,10,531.00,"5,310.00"
2020-11-10,2020111004000063,GIC,38,40,10,535.00,"5,350.00"
2020-11-10,2020111004000062,GIC,38,42,10,534.00,"5,340.00"
2020-11-10,2020111004000061,GIC,38,32,10,532.00,"5,320.00"
2020-11-10,2020111004000060,GIC,5,29,10,530.00,"5,300.00"
2020-11-10,2020111004000058,GIC,17,17,10,531.00,"5,310.00"
2020-11-10,2020111004000057,GIC,17,43,10,531.00,"5,310.00"
2020-11-10,2020111004000070,GIC,5,38,10,530.00,"5,300.00"
2020-11-10,2020111004000069,GIC,5,40,10,530.00,"5,300.00"
2020-11-10,2020111004000067,GIC,5,45,10,530.00,"5,300.00"
2020-11-10,2020111004000066,GIC,38,58,10,535.00,"5,350.00"
2020-11-10,2020111004000065,GIC,38,43,10,535.00,"5,350.00"
2020-11-10,2020111004000064,GIC,38,56,10,535.00,"5,350.00"
2020-11-10,2020111004000076,GIC,5,39,10,530.00,"5,300.00"
2020-11-10,2020111004000075,GIC,5,41,10,530.00,"5,300.00"
2020-11-10,2020111004000074,GIC,5,56,10,530.00,"5,300.00"
2020-11-10,2020111004000073,GIC,5,38,10,530.00,"5,300.00"
2020-11-10,2020111004000072,GIC,5,59,10,530.00,"5,300.00"
2020-11-10,2020111004000071,GIC,5,7,10,530.00,"5,300.00"
2020-11-10,2020111004000082,GIC,38,45,10,531.00,"5,310.00"
2020-11-10,2020111004000081,GIC,5,47,10,530.00,"5,300.00"
2020-11-10,2020111004000080,GIC,5,49,10,530.00,"5,300.00"
2020-11-10,2020111004000079,GIC,5,57,10,530.00,"5,300.00"
2020-11-10,2020111004000078,GIC,5,49,10,530.00,"5,300.00"
2020-11-10,2020111004000077,GIC,5,42,10,530.00,"5,300.00"
2020-11-10,2020111004000090,GIC,5,45,10,530.00,"5,300.00"
2020-11-10,2020111004000088,GIC,5,45,10,530.00,"5,300.00"
2020-11-10,2020111004000087,GIC,5,11,10,530.00,"5,300.00"
2020-11-10,2020111004000085,GIC,5,35,10,530.00,"5,300.00"
2020-11-10,2020111004000084,GIC,38,46,10,531.00,"5,310.00"
2020-11-10,2020111004000083,GIC,38,52,10,531.00,"5,310.00"
2020-11-10,2020111004000098,GIC,5,40,10,530.00,"5,300.00"
2020-11-10,2020111004000096,GIC,5,45,10,530.00,"5,300.00"
2020-11-10,2020111004000095,GIC,5,36,10,530.00,"5,300.00"
2020-11-10,2020111004000094,GIC,5,45,10,530.00,"5,300.00"
2020-11-10,2020111004000093,GIC,5,55,10,530.00,"5,300.00"
2020-11-10,2020111004000091,GIC,5,11,10,530.00,"5,300.00"
2020-11-10,2020111004000112,GIC,44,17,10,531.00,"5,310.00"
2020-11-10,2020111004000109,GIC,5,37,10,530.00,"5,300.00"
2020-11-10,2020111004000106,GIC,5,17,50,530.00,"26,500.00"
2020-11-10,2020111004000105,GIC,53,6,10,531.00,"5,310.00"
2020-11-10,2020111004000103,GIC,53,17,10,531.00,"5,310.00"
2020-11-10,2020111004000102,GIC,58,46,10,534.00,"5,340.00"
2020-11-10,2020111004000123,GIC,5,34,10,530.00,"5,300.00"
2020-11-10,2020111004000117,GIC,5,48,10,530.00,"5,300.00"
2020-11-10,2020111004000116,GIC,5,37,10,530.00,"5,300.00"
2020-11-10,2020111004000115,GIC,44,46,70,534.00,"37,380.00"
2020-11-10,2020111004000114,GIC,44,26,10,532.00,"5,320.00"
2020-11-10,2020111004000113,GIC,44,41,10,532.00,"5,320.00"
2020-11-10,2020111004000132,GIC,50,22,10,531.00,"5,310.00"
2020-11-10,2020111004000131,GIC,50,29,10,531.00,"5,310.00"
2020-11-10,2020111004000130,GIC,50,40,10,531.00,"5,310.00"
2020-11-10,2020111004000128,GIC,19,47,10,530.00,"5,300.00"
2020-11-10,2020111004000127,GIC,5,47,10,530.00,"5,300.00"
2020-11-10,2020111004000125,GIC,5,48,10,530.00,"5,300.00"
2020-11-10,2020111004000141,GIC,59,46,10,534.00,"5,340.00"
2020-11-10,2020111004000140,GIC,52,42,10,530.00,"5,300.00"
2020-11-10,2020111004000136,GIC,52,33,10,530.00,"5,300.00"
2020-11-10,2020111004000135,GIC,19,20,10,530.00,"5,300.00"
2020-11-10,2020111004000134,GIC,50,46,10,534.00,"5,340.00"
2020-11-10,2020111004000133,GIC,50,52,10,533.00,"5,330.00"
2020-11-10,2020111004000147,GIC,59,29,10,535.00,"5,350.00"
2020-11-10,2020111004000146,GIC,59,58,10,535.00,"5,350.00"
2020-11-10,2020111004000145,GIC,59,52,10,535.00,"5,350.00"
2020-11-10,2020111004000144,GIC,59,37,10,534.00,"5,340.00"
2020-11-10,2020111004000143,GIC,59,26,10,534.00,"5,340.00"
2020-11-10,2020111004000142,GIC,59,26,10,534.00,"5,340.00"
2020-11-10,2020111004000153,GIC,40,32,10,531.00,"5,310.00"
2020-11-10,2020111004000152,GIC,52,16,10,530.00,"5,300.00"
2020-11-10,2020111004000151,GIC,52,7,10,530.00,"5,300.00"
2020-11-10,2020111004000150,GIC,59,57,10,535.00,"5,350.00"
2020-11-10,2020111004000149,GIC,59,7,10,535.00,"5,350.00"
2020-11-10,2020111004000148,GIC,59,21,10,535.00,"5,350.00"
2020-11-10,2020111004000162,GIC,40,6,10,531.00,"5,310.00"
2020-11-10,2020111004000161,GIC,40,26,10,531.00,"5,310.00"
2020-11-10,2020111004000159,GIC,40,59,10,531.00,"5,310.00"
2020-11-10,2020111004000158,GIC,40,47,10,531.00,"5,310.00"
2020-11-10,2020111004000157,GIC,40,1,10,531.00,"5,310.00"
2020-11-10,2020111004000156,GIC,40,38,10,531.00,"5,310.00"
2020-11-10,2020111004000170,GIC,40,17,10,531.00,"5,310.00"
2020-11-10,2020111004000169,GIC,40,1,10,531.00,"5,310.00"
2020-11-10,2020111004000167,GIC,40,47,10,531.00,"5,310.00"
2020-11-10,2020111004000165,GIC,40,16,10,531.00,"5,310.00"
2020-11-10,2020111004000164,GIC,43,7,10,534.00,"5,340.00"
2020-11-10,2020111004000163,GIC,43,6,10,534.00,"5,340.00"
2020-11-10,2020111004000184,GIC,32,36,10,533.00,"5,330.00"
2020-11-10,2020111004000183,GIC,42,36,10,533.00,"5,330.00"
2020-11-10,2020111004000181,GIC,40,43,10,531.00,"5,310.00"
2020-11-10,2020111004000180,GIC,40,45,10,531.00,"5,310.00"
2020-11-10,2020111004000177,GIC,40,42,10,531.00,"5,310.00"
2020-11-10,2020111004000176,GIC,40,45,10,531.00,"5,310.00"
2020-11-10,2020111004000197,GIC,22,17,10,532.00,"5,320.00"
2020-11-10,2020111004000196,GIC,22,58,10,532.00,"5,320.00"
2020-11-10,2020111004000193,GIC,22,13,10,532.00,"5,320.00"
2020-11-10,2020111004000192,GIC,42,36,10,533.00,"5,330.00"
2020-11-10,2020111004000191,GIC,22,38,10,532.00,"5,320.00"
2020-11-10,2020111004000190,GIC,22,3,10,532.00,"5,320.00"
2020-11-10,2020111004000207,GIC,14,35,10,532.00,"5,320.00"
2020-11-10,2020111004000206,GIC,22,35,10,532.00,"5,320.00"
2020-11-10,2020111004000205,GIC,22,35,10,532.00,"5,320.00"
2020-11-10,2020111004000204,GIC,22,32,10,532.00,"5,320.00"
2020-11-10,2020111004000203,GIC,22,49,10,532.00,"5,320.00"
2020-11-10,2020111004000198,GIC,22,32,10,532.00,"5,320.00"
2020-11-10,2020111003018685,GLICL,47,25,15,608.00,"9,120.00"
2020-11-10,2020111003018684,GLICL,47,46,300,608.00,"182,400.00"
2020-11-10,2020111003018683,GLICL,47,7,100,608.00,"60,800.00"
2020-11-10,2020111003018682,GLICL,47,44,351,608.00,"213,408.00"
2020-11-10,2020111003018681,GLICL,47,34,234,608.00,"142,272.00"
2020-11-10,2020111003018679,GLICL,33,19,20,607.00,"12,140.00"
2020-11-10,2020111003018854,GMFBS,25,17,10,889.00,"8,890.00"
2020-11-10,2020111003018853,GMFBS,25,11,10,888.00,"8,880.00"
2020-11-10,2020111003018852,GMFBS,25,50,10,887.00,"8,870.00"
2020-11-10,2020111003018851,GMFBS,25,49,10,885.00,"8,850.00"
2020-11-10,2020111003018850,GMFBS,25,52,253,880.00,"222,640.00"
2020-11-10,2020111003018839,GMFIL,16,38,140,184.00,"25,760.00"
2020-11-10,2020111003018656,GMFIL,16,58,35,184.00,"6,440.00"
2020-11-10,2020111003018925,HIDCL,32,49,480,239.00,"114,720.00"
2020-11-10,2020111003018924,HIDCL,59,49,20,239.00,"4,780.00"
2020-11-10,2020111003018823,HIDCL,59,49,80,239.00,"19,120.00"
2020-11-10,2020111003018787,HIDCL,35,49,10,239.00,"2,390.00"
2020-11-10,2020111003018689,HIDCL,11,49,10,239.00,"2,390.00"
2020-11-10,2020111003018655,HIDCL,11,25,190,239.00,"45,410.00"
2020-11-10,2020111003018922,ICFC,52,49,"1,000",314.00,"314,000.00"
2020-11-10,2020111003018911,ICFC,59,49,272,314.00,"85,408.00"
2020-11-10,2020111003018910,ICFC,59,45,168,314.00,"52,752.00"
2020-11-10,2020111003018844,ICFC,14,45,12,314.00,"3,768.00"
2020-11-10,2020111003018779,ILBS,21,52,40,869.00,"34,760.00"
2020-11-10,2020111003018654,ILBS,41,57,11,868.00,"9,548.00"
2020-11-10,2020111003018927,JBBL,13,57,50,209.00,"10,450.00"
2020-11-10,2020111003018795,JBBL,45,57,200,209.00,"41,800.00"
2020-11-10,2020111003018794,JBBL,59,57,300,209.00,"62,700.00"
2020-11-10,2020111003018741,JBBL,25,57,200,209.00,"41,800.00"
2020-11-10,2020111003018894,JFL,4,1,900,226.00,"203,400.00"
2020-11-10,2020111003018928,KSBBL,57,58,300,233.00,"69,900.00"
2020-11-10,2020111003018907,KSBBL,8,58,300,233.00,"69,900.00"
2020-11-10,2020111003018849,KSBBL,53,58,500,233.00,"116,500.00"
2020-11-10,2020111003018848,KSBBL,43,58,200,233.00,"46,600.00"
2020-11-10,2020111003018847,KSBBL,1,58,100,233.00,"23,300.00"
2020-11-10,2020111003018846,KSBBL,8,58,"1,166",233.00,"271,678.00"
2020-11-10,2020111003018674,KSBBL,58,35,60,235.00,"14,100.00"
2020-11-10,2020111003018653,KSBBL,26,56,100,236.00,"23,600.00"
2020-11-10,2020111003018789,KSBBL,51,58,366,234.00,"85,644.00"
2020-11-10,2020111003018735,KSBBL,37,13,100,235.00,"23,500.00"
2020-11-10,2020111003018734,KSBBL,52,13,500,235.00,"117,500.00"
2020-11-10,2020111003018733,KSBBL,33,13,33,235.00,"7,755.00"
2020-11-10,2020111003018718,KSBBL,33,32,200,235.00,"47,000.00"
2020-11-10,2020111003018675,KSBBL,33,35,267,235.00,"62,745.00"
2020-11-10,2020111003018845,KSBBL,45,58,983,235.00,"231,005.00"
2020-11-10,2020111003018824,KSBBL,45,13,17,235.00,"3,995.00"
2020-11-10,2020111003018793,KSBBL,8,58,"3,834",233.00,"893,322.00"
2020-11-10,2020111003018792,KSBBL,32,58,500,234.00,"117,000.00"
2020-11-10,2020111003018791,KSBBL,1,58,200,234.00,"46,800.00"
2020-11-10,2020111003018790,KSBBL,1,58,100,234.00,"23,400.00"
2020-11-10,2020111003018919,LBBL,1,56,182,217.00,"39,494.00"
2020-11-10,2020111003018918,LBBL,28,56,36,217.00,"7,812.00"
2020-11-10,2020111003018902,LLBS,6,41,10,"1,218.00","12,180.00"
2020-11-10,2020111003018716,MFIL,55,57,450,334.00,"150,300.00"
2020-11-10,2020111003018715,MFIL,55,7,174,331.00,"57,594.00"
2020-11-10,2020111003018700,MFIL,26,7,200,331.00,"66,200.00"
2020-11-10,2020111003018699,MFIL,8,7,100,331.00,"33,100.00"
2020-11-10,2020111003018698,MFIL,17,7,150,331.00,"49,650.00"
2020-11-10,2020111003018686,MFIL,55,6,513,333.00,"170,829.00"
2020-11-10,2020111003018930,MLBBL,25,43,80,954.00,"76,320.00"
2020-11-10,2020111003018929,MLBBL,58,43,20,955.00,"19,100.00"
2020-11-10,2020111003018822,MLBBL,25,47,10,954.00,"9,540.00"
2020-11-10,2020111003018868,MNBBL,32,46,140,362.00,"50,680.00"
2020-11-10,2020111003018803,MNBBL,25,46,10,362.00,"3,620.00"
2020-11-10,2020111003018731,MNBBL,58,17,50,361.00,"18,050.00"
2020-11-10,2020111003018730,MNBBL,58,56,117,361.00,"42,237.00"
2020-11-10,2020111003018729,MNBBL,58,49,200,361.00,"72,200.00"
2020-11-10,2020111003018728,MNBBL,58,48,42,361.00,"15,162.00"
2020-11-10,2020111003018669,MNBBL,41,53,10,360.00,"3,600.00"
2020-11-10,2020111004000178,NBF2,50,48,100,9.50,950.00
2020-11-10,2020111004000041,NBF2,25,37,200,9.40,"1,880.00"
2020-11-10,2020111004000040,NEF,26,14,724,9.32,"6,747.68"
2020-11-10,2020111004000182,NICGF,57,41,450,10.35,"4,657.50"
2020-11-10,2020111004000111,NICGF,57,6,"4,450",10.35,"46,057.50"
2020-11-10,2020111004000110,NICGF,57,21,100,10.34,"1,034.00"
2020-11-10,2020111003018820,NLBBL,33,40,88,817.00,"71,896.00"
2020-11-10,2020111003018904,NLIC,41,56,100,"1,496.00","149,600.00"
2020-11-10,2020111003018903,NLIC,43,56,500,"1,496.00","748,000.00"
2020-11-10,2020111003018887,NLIC,51,28,100,"1,495.00","149,500.00"
2020-11-10,2020111003018886,NLIC,46,28,100,"1,495.00","149,500.00"
2020-11-10,2020111003018885,NLIC,38,28,300,"1,495.00","448,500.00"
2020-11-10,2020111003018884,NLIC,41,28,100,"1,495.00","149,500.00"
2020-11-10,2020111003018690,NLIC,17,32,22,"1,494.00","32,868.00"
2020-11-10,2020111003018680,NLIC,40,56,50,"1,495.00","74,750.00"
2020-11-10,2020111003018661,NLIC,57,8,78,"1,496.00","116,688.00"
2020-11-10,2020111003018660,NLIC,57,46,22,"1,496.00","32,912.00"
2020-11-10,2020111003018809,NLIC,19,34,50,"1,497.00","74,850.00"
2020-11-10,2020111003018808,NLIC,19,8,42,"1,496.00","62,832.00"
2020-11-10,2020111003018708,NLIC,55,6,275,"1,495.00","411,125.00"
2020-11-10,2020111003018706,NLIC,57,8,80,"1,496.00","119,680.00"
2020-11-10,2020111003018705,NLIC,57,58,20,"1,495.00","29,900.00"
2020-11-10,2020111003018691,NLIC,49,32,78,"1,494.00","116,532.00"
2020-11-10,2020111003018883,NLIC,10,28,50,"1,495.00","74,750.00"
2020-11-10,2020111003018882,NLIC,55,28,250,"1,495.00","373,750.00"
2020-11-10,2020111003018813,NLIC,19,56,143,"1,497.00","214,071.00"
2020-11-10,2020111003018812,NLIC,19,13,43,"1,497.00","64,371.00"
2020-11-10,2020111003018811,NLIC,19,28,100,"1,497.00","149,700.00"
2020-11-10,2020111003018810,NLIC,19,44,22,"1,497.00","32,934.00"
2020-11-10,2020111003018909,NLICL,58,48,50,816.00,"40,800.00"
2020-11-10,2020111003018867,NLICL,37,48,50,816.00,"40,800.00"
2020-11-10,2020111003018732,NLICL,44,44,30,817.00,"24,510.00"
2020-11-10,2020111003018678,NLICL,41,16,300,816.00,"244,800.00"
2020-11-10,2020111003018677,NLICL,57,16,100,816.00,"81,600.00"
2020-11-10,2020111003018676,NLICL,57,16,80,816.00,"65,280.00"
2020-11-10,2020111003018908,NMBMF,47,49,10,869.00,"8,690.00"
2020-11-10,2020111003018766,NMBMF,46,39,14,867.00,"12,138.00"
2020-11-10,2020111003018701,NMBMF,46,57,100,867.00,"86,700.00"
2020-11-10,2020111003018856,NMFBS,33,22,10,"1,640.00","16,400.00"
2020-11-10,2020111003018702,NMFBS,3,48,26,"1,631.00","42,406.00"
2020-11-10,2020111003018916,NRIC,21,52,50,961.00,"48,050.00"
2020-11-10,2020111003018915,NRIC,21,14,40,961.00,"38,440.00"
2020-11-10,2020111003018914,NRIC,21,50,325,961.00,"312,325.00"
2020-11-10,2020111003018913,NRIC,36,45,10,959.00,"9,590.00"
2020-11-10,2020111003018912,NRIC,36,45,40,960.00,"38,400.00"
2020-11-10,2020111003018905,NRIC,36,5,40,960.00,"38,400.00"
2020-11-10,2020111003018671,NRIC,36,54,50,959.00,"47,950.00"
2020-11-10,2020111003018670,NRIC,36,53,355,959.00,"340,445.00"
2020-11-10,2020111003018723,NRIC,25,36,150,960.00,"144,000.00"
2020-11-10,2020111003018722,NRIC,25,42,50,960.00,"48,000.00"
2020-11-10,2020111003018721,NRIC,25,41,40,960.00,"38,400.00"
2020-11-10,2020111003018720,NRIC,25,46,30,960.00,"28,800.00"
2020-11-10,2020111003018719,NRIC,25,52,55,960.00,"52,800.00"
2020-11-10,2020111003018672,NRIC,36,47,40,959.00,"38,360.00"
2020-11-10,2020111003018864,NRIC,1,43,100,960.00,"96,000.00"
2020-11-10,2020111003018843,NRIC,43,43,100,960.00,"96,000.00"
2020-11-10,2020111003018762,NRIC,21,43,225,960.00,"216,000.00"
2020-11-10,2020111003018761,NRIC,21,57,100,960.00,"96,000.00"
2020-11-10,2020111003018725,NRIC,25,50,625,961.00,"600,625.00"
2020-11-10,2020111003018724,NRIC,25,41,50,960.00,"48,000.00"
2020-11-10,2020111003018899,NRIC,36,52,120,960.00,"115,200.00"
2020-11-10,2020111003018898,NRIC,21,52,30,960.00,"28,800.00"
2020-11-10,2020111003018897,NRIC,21,10,120,960.00,"115,200.00"
2020-11-10,2020111003018872,NRIC,21,41,50,960.00,"48,000.00"
2020-11-10,2020111003018871,NRIC,21,47,500,960.00,"480,000.00"
2020-11-10,2020111003018870,NRIC,21,43,75,960.00,"72,000.00"
2020-11-10,2020111003018855,NRN,45,39,450,353.00,"158,850.00"
2020-11-10,2020111003018838,NRN,21,42,10,352.00,"3,520.00"
2020-11-10,2020111003018667,NRN,21,6,120,352.00,"42,240.00"
2020-11-10,2020111003018666,NRN,42,6,60,352.00,"21,120.00"
2020-11-10,2020111003018665,NRN,35,6,20,352.00,"7,040.00"
2020-11-10,2020111003018923,NTC,7,29,190,865.00,"164,350.00"
2020-11-10,2020111003018821,NTC,46,29,10,865.00,"8,650.00"
2020-11-10,2020111003018815,NTC,38,7,100,867.00,"86,700.00"
2020-11-10,2020111003018736,NTC,58,49,45,868.00,"39,060.00"
2020-11-10,2020111003018692,NTC,50,49,10,869.00,"8,690.00"
2020-11-10,2020111003018688,NTC,28,49,200,869.00,"173,800.00"
2020-11-10,2020111003018906,OHL,58,7,40,409.00,"16,360.00"
2020-11-10,2020111003018880,OHL,42,7,50,409.00,"20,450.00"
2020-11-10,2020111003018782,OHL,39,13,230,408.00,"93,840.00"
2020-11-10,2020111003018781,OHL,19,13,370,408.00,"150,960.00"
2020-11-10,2020111003018764,OHL,19,45,10,408.00,"4,080.00"
2020-11-10,2020111003018763,OHL,19,57,120,408.00,"48,960.00"
2020-11-10,2020111003018717,OHL,29,49,80,407.00,"32,560.00"
2020-11-10,2020111003018895,PLIC,47,49,661,714.00,"471,954.00"
2020-11-10,2020111003018814,PLIC,56,49,500,714.00,"357,000.00"
2020-11-10,2020111003018664,PLIC,16,49,500,714.00,"357,000.00"
2020-11-10,2020111003018663,PLIC,49,49,339,714.00,"242,046.00"
2020-11-10,2020111003018863,PROFL,17,51,500,142.00,"71,000.00"
2020-11-10,2020111003018862,PROFL,45,51,200,142.00,"28,400.00"
2020-11-10,2020111003018861,PROFL,6,51,"1,000",142.00,"142,000.00"
2020-11-10,2020111003018860,PROFL,22,51,100,142.00,"14,200.00"
2020-11-10,2020111003018859,PROFL,6,51,"1,000",142.00,"142,000.00"
2020-11-10,2020111003018858,PROFL,6,51,"1,000",142.00,"142,000.00"
2020-11-10,2020111003018857,PROFL,6,51,512,142.00,"72,704.00"
2020-11-10,2020111004000189,RBCLPO,54,32,200,"12,600.00","2,520,000.00"
2020-11-10,2020111004000188,RBCLPO,54,51,10,"12,546.00","125,460.00"
2020-11-10,2020111004000187,RBCLPO,54,19,10,"12,500.00","125,000.00"
2020-11-10,2020111004000186,RBCLPO,54,33,30,"12,500.00","375,000.00"
2020-11-10,2020111004000185,RBCLPO,54,33,30,"12,450.00","373,500.00"
2020-11-10,2020111004000086,RBCLPO,45,33,20,"12,450.00","249,000.00"
2020-11-10,2020111003018835,RLFL,34,50,"1,000",179.00,"179,000.00"
2020-11-10,2020111003018834,RLFL,40,50,"1,000",179.00,"179,000.00"
2020-11-10,2020111003018833,RLFL,52,50,300,180.00,"54,000.00"
2020-11-10,2020111003018832,RLFL,52,50,500,180.00,"90,000.00"
2020-11-10,2020111003018831,RLFL,34,50,"2,000",180.00,"360,000.00"
2020-11-10,2020111003018830,RLFL,14,50,100,180.00,"18,000.00"
2020-11-10,2020111003018829,RLFL,45,50,500,180.00,"90,000.00"
2020-11-10,2020111003018828,RLFL,28,50,"1,677",181.00,"303,537.00"
2020-11-10,2020111003018827,RLFL,49,50,323,181.00,"58,463.00"
2020-11-10,2020111003018826,RLFL,37,50,"8,000",181.00,"1,448,000.00"
2020-11-10,2020111003018934,RLI,5,44,30,613.00,"18,390.00"
2020-11-10,2020111003018933,RLI,5,49,20,613.00,"12,260.00"
2020-11-10,2020111003018932,RLI,5,38,50,613.00,"30,650.00"
2020-11-10,2020111003018825,RLI,6,58,10,612.00,"6,120.00"
2020-11-10,2020111003018800,RLI,6,21,10,612.00,"6,120.00"
2020-11-10,2020111003018780,RLI,6,33,10,612.00,"6,120.00"
2020-11-10,2020111003018738,RLI,57,33,40,612.00,"24,480.00"
2020-11-10,2020111003018737,RLI,57,53,160,612.00,"97,920.00"
2020-11-10,2020111003018696,RLI,26,21,10,611.00,"6,110.00"
2020-11-10,2020111003018816,RMDC,47,56,15,887.00,"13,305.00"
2020-11-10,2020111003018773,RSDC,16,29,50,584.00,"29,200.00"
2020-11-10,2020111003018772,RSDC,16,33,50,582.00,"29,100.00"
2020-11-10,2020111003018659,RSDC,16,33,150,582.00,"87,300.00"
2020-11-10,2020111003018658,RSDC,16,34,300,582.00,"174,600.00"
2020-11-10,2020111003018657,RSDC,16,47,50,581.00,"29,050.00"
2020-11-10,2020111003018921,SADBL,14,41,76,186.00,"14,136.00"
2020-11-10,2020111003018920,SADBL,55,41,100,186.00,"18,600.00"
2020-11-10,2020111004000202,SAEF,47,36,"1,500",10.45,"15,675.00"
2020-11-10,2020111004000092,SAEF,34,32,"5,000",10.65,"53,250.00"
2020-11-10,2020111004000026,SAEF,7,32,800,10.65,"8,520.00"
2020-11-10,2020111004000025,SAEF,7,47,"2,200",10.65,"23,430.00"
2020-11-10,2020111004000016,SAEF,7,47,300,10.65,"3,195.00"
2020-11-10,2020111003018775,SAPDBL,25,1,10,167.00,"1,670.00"
2020-11-10,2020111003018774,SAPDBL,25,28,150,166.00,"24,900.00"
2020-11-10,2020111003018778,SDLBSL,36,17,90,903.00,"81,270.00"
2020-11-10,2020111003018777,SDLBSL,36,21,10,902.00,"9,020.00"
2020-11-10,2020111003018776,SDLBSL,36,41,100,900.00,"90,000.00"
2020-11-10,2020111004000089,SEF,34,45,"5,000",10.00,"50,000.00"
2020-11-10,2020111004000048,SEF,40,37,"1,000",9.92,"9,920.00"
2020-11-10,2020111004000218,SGI,34,11,10,499.00,"4,990.00"
2020-11-10,2020111004000179,SGI,34,57,10,499.00,"4,990.00"
2020-11-10,2020111004000139,SGI,34,33,10,499.00,"4,990.00"
2020-11-10,2020111004000129,SGI,14,42,10,490.00,"4,900.00"
2020-11-10,2020111004000126,SGI,58,21,10,481.00,"4,810.00"
2020-11-10,2020111004000108,SGI,34,59,10,472.00,"4,720.00"
2020-11-10,2020111004000011,SGI,32,28,10,463.00,"4,630.00"
2020-11-10,2020111003018841,SHL,43,25,100,199.00,"19,900.00"
2020-11-10,2020111003018765,SHL,33,59,100,201.00,"20,100.00"
2020-11-10,2020111003018744,SHL,28,58,100,201.00,"20,100.00"
2020-11-10,2020111003018739,SHL,53,41,"1,000",200.00,"200,000.00"
2020-11-10,2020111003018709,SHL,1,17,250,201.00,"50,250.00"
2020-11-10,2020111003018889,SKBBL,47,39,10,"1,446.00","14,460.00"
2020-11-10,2020111003018807,SKBBL,29,45,50,"1,445.00","72,250.00"
2020-11-10,2020111003018786,SKBBL,42,39,25,"1,446.00","36,150.00"
2020-11-10,2020111003018695,SLBBL,38,43,14,888.00,"12,432.00"
2020-11-10,2020111003018694,SLBBL,57,43,20,888.00,"17,760.00"
2020-11-10,2020111003018693,SLBBL,44,43,16,888.00,"14,208.00"
2020-11-10,2020111003018802,SLBS,51,57,10,959.00,"9,590.00"
2020-11-10,2020111003018917,SLICL,51,39,100,662.00,"66,200.00"
2020-11-10,2020111003018874,SLICL,21,21,70,660.00,"46,200.00"
2020-11-10,2020111003018869,SLICL,51,21,30,661.00,"19,830.00"
2020-11-10,2020111003018806,SLICL,52,39,455,662.00,"301,210.00"
2020-11-10,2020111003018805,SLICL,52,52,15,661.00,"9,915.00"
2020-11-10,2020111003018804,SLICL,52,51,30,661.00,"19,830.00"
2020-11-10,2020111003018673,SLICL,33,5,200,660.00,"132,000.00"
2020-11-10,2020111003018748,SLICL,7,39,242,659.00,"159,478.00"
2020-11-10,2020111003018747,SLICL,39,39,200,660.00,"132,000.00"
2020-11-10,2020111003018746,SLICL,33,39,58,660.00,"38,280.00"
2020-11-10,2020111003018727,SLICL,33,38,157,660.00,"103,620.00"
2020-11-10,2020111003018726,SLICL,58,38,300,660.00,"198,000.00"
2020-11-10,2020111003018697,SLICL,33,39,85,660.00,"56,100.00"
2020-11-10,2020111003018785,SMFDB,4,34,47,895.00,"42,065.00"
2020-11-10,2020111003018784,SMFDB,4,28,100,894.00,"89,400.00"
2020-11-10,2020111003018783,SMFDB,4,34,130,894.00,"116,220.00"
2020-11-10,2020111003018866,SNLB,25,57,50,927.00,"46,350.00"
2020-11-10,2020111003018865,SNLB,17,57,80,927.00,"74,160.00"
2020-11-10,2020111003018842,SNLB,17,10,70,927.00,"64,890.00"
2020-11-10,2020111003018704,SNLB,6,57,100,928.00,"92,800.00"
2020-11-10,2020111004000200,STC,5,59,10,"4,710.00","47,100.00"
2020-11-10,2020111004000199,STC,43,59,40,"4,730.00","189,200.00"
2020-11-10,2020111004000195,STC,14,56,40,"4,730.00","189,200.00"
2020-11-10,2020111004000194,STC,10,56,10,"4,730.00","47,300.00"
2020-11-10,2020111004000175,STC,38,49,10,"4,700.00","47,000.00"
2020-11-10,2020111004000174,STC,59,49,10,"4,705.00","47,050.00"
2020-11-10,2020111004000044,STC,48,56,25,"4,589.00","114,725.00"
2020-11-10,2020111004000043,STC,48,56,10,"4,570.00","45,700.00"
2020-11-10,2020111004000037,STC,28,56,30,"4,550.00","136,500.00"
2020-11-10,2020111004000035,STC,28,56,20,"4,550.00","91,000.00"
2020-11-10,2020111004000003,STC,8,56,10,"4,500.00","45,000.00"
2020-11-10,2020111004000097,STC,42,56,10,"4,650.00","46,500.00"
2020-11-10,2020111004000068,STC,59,56,10,"4,650.00","46,500.00"
2020-11-10,2020111004000059,STC,32,56,10,"4,650.00","46,500.00"
2020-11-10,2020111004000047,STC,48,19,50,"4,641.00","232,050.00"
2020-11-10,2020111004000046,STC,48,56,25,"4,600.00","115,000.00"
2020-11-10,2020111004000045,STC,48,56,10,"4,590.00","45,900.00"
2020-11-10,2020111004000120,STC,59,21,100,"4,670.00","467,000.00"
2020-11-10,2020111004000119,STC,59,56,75,"4,669.00","350,175.00"
2020-11-10,2020111004000118,STC,59,49,100,"4,650.00","465,000.00"
2020-11-10,2020111004000101,STC,44,17,30,"4,650.00","139,500.00"
2020-11-10,2020111004000100,STC,26,17,70,"4,650.00","325,500.00"
2020-11-10,2020111004000099,STC,26,56,30,"4,650.00","139,500.00"
2020-11-10,2020111004000154,STC,38,46,30,"4,729.00","141,870.00"
2020-11-10,2020111004000138,STC,26,49,10,"4,730.00","47,300.00"
2020-11-10,2020111004000137,STC,26,10,10,"4,729.00","47,290.00"
2020-11-10,2020111004000124,STC,20,49,50,"4,700.00","235,000.00"
2020-11-10,2020111004000122,STC,20,49,50,"4,700.00","235,000.00"
2020-11-10,2020111004000121,STC,59,49,50,"4,675.00","233,750.00"
2020-11-10,2020111004000173,STC,59,49,40,"4,730.00","189,200.00"
2020-11-10,2020111004000172,STC,59,49,10,"4,730.00","47,300.00"
2020-11-10,2020111004000171,STC,14,49,40,"4,732.00","189,280.00"
2020-11-10,2020111004000166,STC,14,22,10,"4,732.00","47,320.00"
2020-11-10,2020111004000160,STC,59,49,30,"4,730.00","141,900.00"
2020-11-10,2020111004000155,STC,38,49,10,"4,730.00","47,300.00"
2020-11-10,2020111003018745,SWBBL,47,5,10,"1,367.00","13,670.00"
2020-11-10,2020111003018896,TRH,46,10,400,268.00,"107,200.00"
2020-11-10,2020111003018740,TRH,49,10,100,268.00,"26,800.00"
2020-11-10,2020111003018539,ALBSL,49,39,19,857.00,"16,283.00"
2020-11-10,2020111003018606,ALICL,42,50,93,798.00,"74,214.00"
2020-11-10,2020111003018560,ALICL,4,54,30,800.00,"24,000.00"
2020-11-10,2020111003018559,ALICL,4,50,70,798.00,"55,860.00"
2020-11-10,2020111003018550,ALICL,4,50,30,799.00,"23,970.00"
2020-11-10,2020111003018490,ALICL,4,1,50,798.00,"39,900.00"
2020-11-10,2020111003018489,ALICL,4,11,20,798.00,"15,960.00"
2020-11-10,2020111003018319,ALICL,45,16,20,797.00,"15,940.00"
2020-11-10,2020111003018255,ALICL,46,16,480,797.00,"382,560.00"
2020-11-10,2020111003018254,ALICL,46,41,20,797.00,"15,940.00"
2020-11-10,2020111003018245,ALICL,45,50,381,795.00,"302,895.00"
2020-11-10,2020111003018325,ALICL,45,52,20,799.00,"15,980.00"
2020-11-10,2020111003018324,ALICL,45,29,50,798.00,"39,900.00"
2020-11-10,2020111003018323,ALICL,45,6,30,798.00,"23,940.00"
2020-11-10,2020111003018322,ALICL,45,5,200,798.00,"159,600.00"
2020-11-10,2020111003018321,ALICL,45,44,310,798.00,"247,380.00"
2020-11-10,2020111003018320,ALICL,45,50,40,797.00,"31,880.00"
2020-11-10,2020111003018404,ALICL,51,4,"1,000",797.00,"797,000.00"
2020-11-10,2020111003018370,ALICL,6,54,305,800.00,"244,000.00"
2020-11-10,2020111003018369,ALICL,6,8,20,800.00,"16,000.00"
2020-11-10,2020111003018328,ALICL,45,8,130,800.00,"104,000.00"
2020-11-10,2020111003018327,ALICL,45,14,200,799.00,"159,800.00"
2020-11-10,2020111003018326,ALICL,45,53,"1,000",799.00,"799,000.00"
2020-11-10,2020111003018573,BFC,4,42,202,145.00,"29,290.00"
2020-11-10,2020111003018454,BFC,4,55,100,144.00,"14,400.00"
2020-11-10,2020111003018270,BFC,51,42,500,145.00,"72,500.00"
2020-11-10,2020111003018170,BFC,41,42,500,145.00,"72,500.00"
2020-11-10,2020111003018458,CBBL,18,14,100,"1,198.00","119,800.00"
2020-11-10,2020111003018333,CBBL,18,45,50,"1,198.00","59,900.00"
2020-11-10,2020111003018332,CBBL,18,44,200,"1,198.00","239,600.00"
2020-11-10,2020111003018506,CFCL,6,45,10,173.00,"1,730.00"
2020-11-10,2020111003018441,CFCL,6,21,200,172.00,"34,400.00"
2020-11-10,2020111003018172,CFCL,6,45,19,173.00,"3,287.00"
2020-11-10,2020111003018642,CIT,56,49,50,"4,100.00","205,000.00"
2020-11-10,2020111003018641,CIT,56,13,36,"4,099.00","147,564.00"
2020-11-10,2020111003018640,CIT,56,16,10,"4,099.00","40,990.00"
2020-11-10,2020111003018639,CIT,56,26,50,"4,099.00","204,950.00"
2020-11-10,2020111003018627,CIT,46,6,20,"4,097.00","81,940.00"
2020-11-10,2020111003018622,CIT,42,42,20,"4,098.00","81,960.00"
2020-11-10,2020111003018195,CIT,42,45,10,"4,085.00","40,850.00"
2020-11-10,2020111003018286,CIT,21,48,10,"4,090.00","40,900.00"
2020-11-10,2020111003018285,CIT,21,47,50,"4,090.00","204,500.00"
2020-11-10,2020111003018256,CIT,21,22,50,"4,089.00","204,450.00"
2020-11-10,2020111003018222,CIT,21,42,80,"4,089.00","327,120.00"
2020-11-10,2020111003018202,CIT,7,17,40,"4,080.00","163,200.00"
2020-11-10,2020111003018197,CIT,49,17,10,"4,080.00","40,800.00"
2020-11-10,2020111003018505,CIT,3,45,10,"4,095.00","40,950.00"
2020-11-10,2020111003018403,CIT,21,13,10,"4,095.00","40,950.00"
2020-11-10,2020111003018402,CIT,21,43,100,"4,095.00","409,500.00"
2020-11-10,2020111003018401,CIT,21,33,50,"4,095.00","204,750.00"
2020-11-10,2020111003018385,CIT,21,14,10,"4,090.00","40,900.00"
2020-11-10,2020111003018315,CIT,21,34,10,"4,090.00","40,900.00"
2020-11-10,2020111003018588,DDBL,45,38,55,"1,026.00","56,430.00"
2020-11-10,2020111003018356,DDBL,14,1,100,"1,024.00","102,400.00"
2020-11-10,2020111003018345,DDBL,29,35,100,"1,025.00","102,500.00"
2020-11-10,2020111003018344,DDBL,29,44,906,"1,025.00","928,650.00"
2020-11-10,2020111003018253,DDBL,14,14,75,"1,024.00","76,800.00"
2020-11-10,2020111003018199,DDBL,41,14,115,"1,024.00","117,760.00"
2020-11-10,2020111003018501,FMDBL,52,47,40,611.00,"24,440.00"
2020-11-10,2020111003018471,FMDBL,38,47,10,611.00,"6,110.00"
2020-11-10,2020111003018400,FMDBL,52,47,500,611.00,"305,500.00"
2020-11-10,2020111003018314,FMDBL,44,35,100,610.00,"61,000.00"
2020-11-10,2020111003018303,FMDBL,38,47,10,611.00,"6,110.00"
2020-11-10,2020111003018218,FMDBL,16,47,40,611.00,"24,440.00"
2020-11-10,2020111003018280,FOWAD,6,39,300,"1,635.00","490,500.00"
2020-11-10,2020111003018281,GBBL,13,34,262,262.00,"68,644.00"
2020-11-10,2020111003018605,GBLBS,11,39,200,550.00,"110,000.00"
2020-11-10,2020111003018604,GBLBS,55,39,50,550.00,"27,500.00"
2020-11-10,2020111003018603,GBLBS,16,39,200,550.00,"110,000.00"
2020-11-10,2020111003018602,GBLBS,40,39,500,550.00,"275,000.00"
2020-11-10,2020111003018601,GBLBS,14,39,750,550.00,"412,500.00"
2020-11-10,2020111003018600,GBLBS,33,39,"1,991",550.00,"1,095,050.00"
2020-11-10,2020111003018599,GBLBS,21,39,200,551.00,"110,200.00"
2020-11-10,2020111003018598,GBLBS,11,39,475,552.00,"262,200.00"
2020-11-10,2020111003018301,GBLBS,33,42,200,552.00,"110,400.00"
2020-11-10,2020111003018502,GFCL,45,14,10,200.00,"2,000.00"
2020-11-10,2020111003018470,GFCL,5,47,400,197.00,"78,800.00"
2020-11-10,2020111003018632,GLBSL,6,34,40,766.00,"30,640.00"
2020-11-10,2020111003018631,GLBSL,6,38,10,765.00,"7,650.00"
2020-11-10,2020111003018630,GLBSL,6,14,10,765.00,"7,650.00"
2020-11-10,2020111003018629,GLBSL,6,54,10,765.00,"7,650.00"
2020-11-10,2020111003018628,GLBSL,6,34,10,758.00,"7,580.00"
2020-11-10,2020111003018626,GLICL,7,19,380,607.00,"230,660.00"
2020-11-10,2020111003018593,GLICL,7,59,50,607.00,"30,350.00"
2020-11-10,2020111003018541,GLICL,35,34,466,608.00,"283,328.00"
2020-11-10,2020111003018540,GLICL,35,50,34,608.00,"20,672.00"
2020-11-10,2020111003018513,GLICL,43,50,76,608.00,"46,208.00"
2020-11-10,2020111003018512,GLICL,43,4,50,608.00,"30,400.00"
2020-11-10,2020111003018276,GLICL,50,34,100,607.00,"60,700.00"
2020-11-10,2020111003018212,GLICL,7,29,590,606.00,"357,540.00"
2020-11-10,2020111003018175,GLICL,33,29,100,606.00,"60,600.00"
2020-11-10,2020111003018174,GLICL,39,29,30,606.00,"18,180.00"
2020-11-10,2020111003018366,GLICL,43,29,100,607.00,"60,700.00"
2020-11-10,2020111003018365,GLICL,43,46,100,607.00,"60,700.00"
2020-11-10,2020111003018364,GLICL,43,45,50,607.00,"30,350.00"
2020-11-10,2020111003018363,GLICL,43,34,80,607.00,"48,560.00"
2020-11-10,2020111003018287,GLICL,47,13,100,606.00,"60,600.00"
2020-11-10,2020111003018279,GLICL,47,40,200,606.00,"121,200.00"
2020-11-10,2020111003018511,GLICL,43,59,200,608.00,"121,600.00"
2020-11-10,2020111003018510,GLICL,43,25,80,608.00,"48,640.00"
2020-11-10,2020111003018440,GLICL,43,22,14,607.00,"8,498.00"
2020-11-10,2020111003018393,GLICL,43,17,50,607.00,"30,350.00"
2020-11-10,2020111003018368,GLICL,43,52,100,607.00,"60,700.00"
2020-11-10,2020111003018367,GLICL,43,38,100,607.00,"60,700.00"
2020-11-10,2020111003018500,GMFBS,25,47,30,872.00,"26,160.00"
2020-11-10,2020111003018499,GMFBS,47,47,100,873.00,"87,300.00"
2020-11-10,2020111003018498,GMFBS,14,47,100,874.00,"87,400.00"
2020-11-10,2020111003018497,GMFBS,25,47,40,875.00,"35,000.00"
2020-11-10,2020111003018496,GMFBS,41,47,20,875.00,"17,500.00"
2020-11-10,2020111003018495,GMFBS,7,47,10,876.00,"8,760.00"
2020-11-10,2020111003018494,GMFBS,47,47,90,876.00,"78,840.00"
2020-11-10,2020111003018493,GMFBS,3,47,10,877.00,"8,770.00"
2020-11-10,2020111003018637,GMFIL,57,51,270,183.00,"49,410.00"
2020-11-10,2020111003018572,GMFIL,19,58,10,184.00,"1,840.00"
2020-11-10,2020111003018198,GMFIL,3,58,500,184.00,"92,000.00"
2020-11-10,2020111003018650,GRDBL,16,44,10,158.00,"1,580.00"
2020-11-10,2020111003018649,GRDBL,16,41,100,157.00,"15,700.00"
2020-11-10,2020111003018634,HIDCL,35,25,10,239.00,"2,390.00"
2020-11-10,2020111003018318,HIDCL,51,38,50,238.00,"11,900.00"
2020-11-10,2020111003018317,HIDCL,50,38,200,238.00,"47,600.00"
2020-11-10,2020111003018582,ICFC,6,45,10,314.00,"3,140.00"
2020-11-10,2020111003018169,ICFC,14,57,134,312.00,"41,808.00"
2020-11-10,2020111003018163,ILBS,41,28,100,868.00,"86,800.00"
2020-11-10,2020111003018398,JBBL,26,52,100,208.00,"20,800.00"
2020-11-10,2020111003018282,JBBL,26,58,30,208.00,"6,240.00"
2020-11-10,2020111003018179,JBBL,26,50,39,208.00,"8,112.00"
2020-11-10,2020111003018178,JBBL,17,50,200,208.00,"41,600.00"
2020-11-10,2020111003018177,JBBL,50,50,200,208.00,"41,600.00"
2020-11-10,2020111003018176,JBBL,49,50,78,208.00,"16,224.00"
2020-11-10,2020111003018648,JFL,41,32,300,225.00,"67,500.00"
2020-11-10,2020111003018618,JFL,49,1,10,226.00,"2,260.00"
2020-11-10,2020111003018503,JFL,41,57,200,225.00,"45,000.00"
2020-11-10,2020111003018379,KMCDB,25,45,10,780.00,"7,800.00"
2020-11-10,2020111003018378,KMCDB,25,22,90,778.00,"70,020.00"
2020-11-10,2020111003018377,KMCDB,25,26,100,775.00,"77,500.00"
2020-11-10,2020111003018154,KMCDB,25,6,270,770.00,"207,900.00"
2020-11-10,2020111003018153,KMCDB,22,6,20,770.00,"15,400.00"
2020-11-10,2020111003018652,KSBBL,1,56,100,236.00,"23,600.00"
