Date,Transact. No.,Symbol,Buyer,Seller,Quantity,Rate,Amount
2021-01-27,2021012705001036,PLI,57,46,10,632.00,"6,320.00"
2021-01-27,2021012705001035,PLI,14,44,1,632.00,632.00
2021-01-27,2021012705001034,PLI,57,46,10,632.00,"6,320.00"
2021-01-27,2021012705001033,PLI,57,46,10,632.00,"6,320.00"
2021-01-27,2021012705001032,PLI,57,29,10,632.00,"6,320.00"
2021-01-27,2021012705001031,PLI,57,21,10,632.00,"6,320.00"
2021-01-27,2021012705000538,PLI,59,59,10,632.00,"6,320.00"
2021-01-27,2021012705000537,PLI,59,8,10,632.00,"6,320.00"
2021-01-27,2021012705000544,PLI,59,8,10,632.00,"6,320.00"
2021-01-27,2021012705000543,PLI,59,35,10,632.00,"6,320.00"
2021-01-27,2021012705000542,PLI,59,34,10,632.00,"6,320.00"
2021-01-27,2021012705000541,PLI,59,8,10,632.00,"6,320.00"
2021-01-27,2021012705000540,PLI,59,21,10,632.00,"6,320.00"
2021-01-27,2021012705000539,PLI,59,6,10,632.00,"6,320.00"
2021-01-27,2021012705000550,PLI,59,8,10,632.00,"6,320.00"
2021-01-27,2021012705000549,PLI,59,57,10,632.00,"6,320.00"
2021-01-27,2021012705000548,PLI,59,6,10,632.00,"6,320.00"
2021-01-27,2021012705000547,PLI,59,34,10,632.00,"6,320.00"
2021-01-27,2021012705000546,PLI,59,57,10,632.00,"6,320.00"
2021-01-27,2021012705000545,PLI,59,58,10,632.00,"6,320.00"
2021-01-27,2021012705000556,PLI,59,13,10,632.00,"6,320.00"
2021-01-27,2021012705000555,PLI,59,58,10,632.00,"6,320.00"
2021-01-27,2021012705000554,PLI,59,6,10,632.00,"6,320.00"
2021-01-27,2021012705000553,PLI,59,41,10,632.00,"6,320.00"
2021-01-27,2021012705000552,PLI,59,8,10,632.00,"6,320.00"
2021-01-27,2021012705000551,PLI,59,34,10,632.00,"6,320.00"
2021-01-27,2021012705000562,PLI,45,57,10,632.00,"6,320.00"
2021-01-27,2021012705000561,PLI,45,8,10,632.00,"6,320.00"
2021-01-27,2021012705000560,PLI,45,58,10,632.00,"6,320.00"
2021-01-27,2021012705000559,PLI,59,38,10,632.00,"6,320.00"
2021-01-27,2021012705000558,PLI,59,34,10,632.00,"6,320.00"
2021-01-27,2021012705000557,PLI,59,6,10,632.00,"6,320.00"
2021-01-27,2021012705000568,PLI,45,10,10,632.00,"6,320.00"
2021-01-27,2021012705000567,PLI,45,10,10,632.00,"6,320.00"
2021-01-27,2021012705000566,PLI,45,56,10,632.00,"6,320.00"
2021-01-27,2021012705000565,PLI,45,10,10,632.00,"6,320.00"
2021-01-27,2021012705000564,PLI,45,58,10,632.00,"6,320.00"
2021-01-27,2021012705000563,PLI,45,6,10,632.00,"6,320.00"
2021-01-27,2021012705000574,PLI,45,57,10,632.00,"6,320.00"
2021-01-27,2021012705000573,PLI,45,8,10,632.00,"6,320.00"
2021-01-27,2021012705000572,PLI,45,10,10,632.00,"6,320.00"
2021-01-27,2021012705000571,PLI,45,8,10,632.00,"6,320.00"
2021-01-27,2021012705000570,PLI,45,1,10,632.00,"6,320.00"
2021-01-27,2021012705000569,PLI,45,56,10,632.00,"6,320.00"
2021-01-27,2021012705000580,PLI,45,8,10,632.00,"6,320.00"
2021-01-27,2021012705000579,PLI,45,56,10,632.00,"6,320.00"
2021-01-27,2021012705000578,PLI,45,10,10,632.00,"6,320.00"
2021-01-27,2021012705000577,PLI,45,8,10,632.00,"6,320.00"
2021-01-27,2021012705000576,PLI,45,56,10,632.00,"6,320.00"
2021-01-27,2021012705000575,PLI,45,10,10,632.00,"6,320.00"
2021-01-27,2021012705000586,PLI,45,8,10,632.00,"6,320.00"
2021-01-27,2021012705000585,PLI,45,8,10,632.00,"6,320.00"
2021-01-27,2021012705000584,PLI,45,52,10,632.00,"6,320.00"
2021-01-27,2021012705000583,PLI,45,8,10,632.00,"6,320.00"
2021-01-27,2021012705000582,PLI,45,54,10,632.00,"6,320.00"
2021-01-27,2021012705000581,PLI,45,8,10,632.00,"6,320.00"
2021-01-27,2021012705000592,PLI,45,36,10,632.00,"6,320.00"
2021-01-27,2021012705000591,PLI,45,4,10,632.00,"6,320.00"
2021-01-27,2021012705000590,PLI,45,52,10,632.00,"6,320.00"
2021-01-27,2021012705000589,PLI,45,8,10,632.00,"6,320.00"
2021-01-27,2021012705000588,PLI,45,8,10,632.00,"6,320.00"
2021-01-27,2021012705000587,PLI,45,39,10,632.00,"6,320.00"
2021-01-27,2021012705000598,PLI,45,39,10,632.00,"6,320.00"
2021-01-27,2021012705000597,PLI,45,8,10,632.00,"6,320.00"
2021-01-27,2021012705000596,PLI,45,42,10,632.00,"6,320.00"
2021-01-27,2021012705000595,PLI,45,8,10,632.00,"6,320.00"
2021-01-27,2021012705000594,PLI,45,58,10,632.00,"6,320.00"
2021-01-27,2021012705000593,PLI,45,35,10,632.00,"6,320.00"
2021-01-27,2021012705000604,PLI,45,38,10,632.00,"6,320.00"
2021-01-27,2021012705000603,PLI,45,34,10,632.00,"6,320.00"
2021-01-27,2021012705000602,PLI,45,56,10,632.00,"6,320.00"
2021-01-27,2021012705000601,PLI,45,11,10,632.00,"6,320.00"
2021-01-27,2021012705000600,PLI,45,41,10,632.00,"6,320.00"
2021-01-27,2021012705000599,PLI,45,6,10,632.00,"6,320.00"
2021-01-27,2021012705000610,PLI,45,34,10,632.00,"6,320.00"
2021-01-27,2021012705000609,PLI,45,11,10,632.00,"6,320.00"
2021-01-27,2021012705000608,PLI,45,11,10,632.00,"6,320.00"
2021-01-27,2021012705000607,PLI,45,45,10,632.00,"6,320.00"
2021-01-27,2021012705000606,PLI,45,34,10,632.00,"6,320.00"
2021-01-27,2021012705000605,PLI,45,11,10,632.00,"6,320.00"
2021-01-27,2021012705000616,PLI,45,11,10,632.00,"6,320.00"
2021-01-27,2021012705000615,PLI,45,34,10,632.00,"6,320.00"
2021-01-27,2021012705000614,PLI,45,11,10,632.00,"6,320.00"
2021-01-27,2021012705000613,PLI,45,11,10,632.00,"6,320.00"
2021-01-27,2021012705000612,PLI,45,11,10,632.00,"6,320.00"
2021-01-27,2021012705000611,PLI,45,11,10,632.00,"6,320.00"
2021-01-27,2021012705000622,PLI,45,58,10,632.00,"6,320.00"
2021-01-27,2021012705000621,PLI,45,11,10,632.00,"6,320.00"
2021-01-27,2021012705000620,PLI,45,11,10,632.00,"6,320.00"
2021-01-27,2021012705000619,PLI,45,11,10,632.00,"6,320.00"
2021-01-27,2021012705000618,PLI,45,11,10,632.00,"6,320.00"
2021-01-27,2021012705000617,PLI,45,42,10,632.00,"6,320.00"
2021-01-27,2021012705000628,PLI,45,58,10,632.00,"6,320.00"
2021-01-27,2021012705000627,PLI,45,19,10,632.00,"6,320.00"
2021-01-27,2021012705000626,PLI,45,14,10,632.00,"6,320.00"
2021-01-27,2021012705000625,PLI,45,58,10,632.00,"6,320.00"
2021-01-27,2021012705000624,PLI,45,58,10,632.00,"6,320.00"
2021-01-27,2021012705000623,PLI,45,45,10,632.00,"6,320.00"
2021-01-27,2021012705000634,PLI,45,43,10,632.00,"6,320.00"
2021-01-27,2021012705000633,PLI,45,43,10,632.00,"6,320.00"
2021-01-27,2021012705000632,PLI,45,43,10,632.00,"6,320.00"
2021-01-27,2021012705000631,PLI,45,58,10,632.00,"6,320.00"
2021-01-27,2021012705000630,PLI,45,48,10,632.00,"6,320.00"
2021-01-27,2021012705000629,PLI,45,34,10,632.00,"6,320.00"
2021-01-27,2021012705000640,PLI,45,49,10,632.00,"6,320.00"
2021-01-27,2021012705000639,PLI,45,43,10,632.00,"6,320.00"
2021-01-27,2021012705000638,PLI,45,14,10,632.00,"6,320.00"
2021-01-27,2021012705000637,PLI,45,58,10,632.00,"6,320.00"
2021-01-27,2021012705000636,PLI,45,49,10,632.00,"6,320.00"
2021-01-27,2021012705000635,PLI,45,55,10,632.00,"6,320.00"
2021-01-27,2021012705000646,PLI,45,6,10,632.00,"6,320.00"
2021-01-27,2021012705000645,PLI,45,58,10,632.00,"6,320.00"
2021-01-27,2021012705000644,PLI,45,57,10,632.00,"6,320.00"
2021-01-27,2021012705000643,PLI,45,8,10,632.00,"6,320.00"
2021-01-27,2021012705000642,PLI,45,58,10,632.00,"6,320.00"
2021-01-27,2021012705000641,PLI,45,25,10,632.00,"6,320.00"
2021-01-27,2021012705000652,PLI,45,22,10,632.00,"6,320.00"
2021-01-27,2021012705000651,PLI,45,58,10,632.00,"6,320.00"
2021-01-27,2021012705000650,PLI,45,58,10,632.00,"6,320.00"
2021-01-27,2021012705000649,PLI,45,58,10,632.00,"6,320.00"
2021-01-27,2021012705000648,PLI,45,58,10,632.00,"6,320.00"
2021-01-27,2021012705000647,PLI,45,49,10,632.00,"6,320.00"
2021-01-27,2021012705000658,PLI,45,38,10,632.00,"6,320.00"
2021-01-27,2021012705000657,PLI,45,58,10,632.00,"6,320.00"
2021-01-27,2021012705000656,PLI,45,22,10,632.00,"6,320.00"
2021-01-27,2021012705000655,PLI,45,22,10,632.00,"6,320.00"
2021-01-27,2021012705000654,PLI,45,58,10,632.00,"6,320.00"
2021-01-27,2021012705000653,PLI,45,22,10,632.00,"6,320.00"
2021-01-27,2021012705000664,PLI,45,25,10,632.00,"6,320.00"
2021-01-27,2021012705000663,PLI,45,13,10,632.00,"6,320.00"
2021-01-27,2021012705000662,PLI,45,41,10,632.00,"6,320.00"
2021-01-27,2021012705000661,PLI,45,58,10,632.00,"6,320.00"
2021-01-27,2021012705000660,PLI,45,55,10,632.00,"6,320.00"
2021-01-27,2021012705000659,PLI,45,13,10,632.00,"6,320.00"
2021-01-27,2021012705000670,PLI,45,11,10,632.00,"6,320.00"
2021-01-27,2021012705000669,PLI,45,58,10,632.00,"6,320.00"
2021-01-27,2021012705000668,PLI,45,11,10,632.00,"6,320.00"
2021-01-27,2021012705000667,PLI,45,21,10,632.00,"6,320.00"
2021-01-27,2021012705000666,PLI,45,13,10,632.00,"6,320.00"
2021-01-27,2021012705000665,PLI,45,58,10,632.00,"6,320.00"
2021-01-27,2021012705000676,PLI,45,58,10,632.00,"6,320.00"
2021-01-27,2021012705000675,PLI,45,11,10,632.00,"6,320.00"
2021-01-27,2021012705000674,PLI,45,58,10,632.00,"6,320.00"
2021-01-27,2021012705000673,PLI,45,11,10,632.00,"6,320.00"
2021-01-27,2021012705000672,PLI,45,11,10,632.00,"6,320.00"
2021-01-27,2021012705000671,PLI,45,58,10,632.00,"6,320.00"
2021-01-27,2021012705000682,PLI,45,46,10,632.00,"6,320.00"
2021-01-27,2021012705000681,PLI,45,57,10,632.00,"6,320.00"
2021-01-27,2021012705000680,PLI,45,54,10,632.00,"6,320.00"
2021-01-27,2021012705000679,PLI,45,52,10,632.00,"6,320.00"
2021-01-27,2021012705000678,PLI,45,11,10,632.00,"6,320.00"
2021-01-27,2021012705000677,PLI,45,1,10,632.00,"6,320.00"
2021-01-27,2021012705000688,PLI,45,47,10,632.00,"6,320.00"
2021-01-27,2021012705000687,PLI,45,54,10,632.00,"6,320.00"
2021-01-27,2021012705000686,PLI,45,52,10,632.00,"6,320.00"
2021-01-27,2021012705000685,PLI,45,54,10,632.00,"6,320.00"
2021-01-27,2021012705000684,PLI,45,54,10,632.00,"6,320.00"
2021-01-27,2021012705000683,PLI,45,54,10,632.00,"6,320.00"
2021-01-27,2021012705000694,PLI,45,56,10,632.00,"6,320.00"
2021-01-27,2021012705000693,PLI,45,47,10,632.00,"6,320.00"
2021-01-27,2021012705000692,PLI,45,56,10,632.00,"6,320.00"
2021-01-27,2021012705000691,PLI,45,56,10,632.00,"6,320.00"
2021-01-27,2021012705000690,PLI,45,47,10,632.00,"6,320.00"
2021-01-27,2021012705000689,PLI,45,7,10,632.00,"6,320.00"
2021-01-27,2021012705000700,PLI,45,38,10,632.00,"6,320.00"
2021-01-27,2021012705000699,PLI,45,45,10,632.00,"6,320.00"
2021-01-27,2021012705000698,PLI,45,47,10,632.00,"6,320.00"
2021-01-27,2021012705000697,PLI,45,38,10,632.00,"6,320.00"
2021-01-27,2021012705000696,PLI,45,34,10,632.00,"6,320.00"
2021-01-27,2021012705000695,PLI,45,47,10,632.00,"6,320.00"
2021-01-27,2021012705000706,PLI,45,1,10,632.00,"6,320.00"
2021-01-27,2021012705000705,PLI,45,58,10,632.00,"6,320.00"
2021-01-27,2021012705000704,PLI,45,58,10,632.00,"6,320.00"
2021-01-27,2021012705000703,PLI,45,58,10,632.00,"6,320.00"
2021-01-27,2021012705000702,PLI,45,58,10,632.00,"6,320.00"
2021-01-27,2021012705000701,PLI,45,45,10,632.00,"6,320.00"
2021-01-27,2021012705000712,PLI,45,54,10,632.00,"6,320.00"
2021-01-27,2021012705000711,PLI,45,58,10,632.00,"6,320.00"
2021-01-27,2021012705000710,PLI,45,52,10,632.00,"6,320.00"
2021-01-27,2021012705000709,PLI,45,49,10,632.00,"6,320.00"
2021-01-27,2021012705000708,PLI,45,54,10,632.00,"6,320.00"
2021-01-27,2021012705000707,PLI,45,58,10,632.00,"6,320.00"
2021-01-27,2021012705000718,PLI,45,56,10,632.00,"6,320.00"
2021-01-27,2021012705000717,PLI,45,58,10,632.00,"6,320.00"
2021-01-27,2021012705000716,PLI,45,56,10,632.00,"6,320.00"
2021-01-27,2021012705000715,PLI,45,17,10,632.00,"6,320.00"
2021-01-27,2021012705000714,PLI,45,56,10,632.00,"6,320.00"
2021-01-27,2021012705000713,PLI,45,58,10,632.00,"6,320.00"
2021-01-27,2021012705000724,PLI,11,58,10,632.00,"6,320.00"
2021-01-27,2021012705000723,PLI,11,56,10,632.00,"6,320.00"
2021-01-27,2021012705000722,PLI,11,56,10,632.00,"6,320.00"
2021-01-27,2021012705000721,PLI,11,58,10,632.00,"6,320.00"
2021-01-27,2021012705000720,PLI,11,56,10,632.00,"6,320.00"
2021-01-27,2021012705000719,PLI,45,52,10,632.00,"6,320.00"
2021-01-27,2021012705000730,PLI,11,4,10,632.00,"6,320.00"
2021-01-27,2021012705000729,PLI,11,58,10,632.00,"6,320.00"
2021-01-27,2021012705000728,PLI,11,56,10,632.00,"6,320.00"
2021-01-27,2021012705000727,PLI,11,58,10,632.00,"6,320.00"
2021-01-27,2021012705000726,PLI,11,56,10,632.00,"6,320.00"
2021-01-27,2021012705000725,PLI,11,58,10,632.00,"6,320.00"
2021-01-27,2021012705000736,PLI,11,58,10,632.00,"6,320.00"
2021-01-27,2021012705000735,PLI,11,58,10,632.00,"6,320.00"
2021-01-27,2021012705000734,PLI,11,55,10,632.00,"6,320.00"
2021-01-27,2021012705000733,PLI,11,49,10,632.00,"6,320.00"
2021-01-27,2021012705000732,PLI,11,13,10,632.00,"6,320.00"
2021-01-27,2021012705000731,PLI,11,58,10,632.00,"6,320.00"
2021-01-27,2021012705000742,PLI,11,45,10,632.00,"6,320.00"
2021-01-27,2021012705000741,PLI,11,4,10,632.00,"6,320.00"
2021-01-27,2021012705000740,PLI,11,45,10,632.00,"6,320.00"
2021-01-27,2021012705000739,PLI,11,58,10,632.00,"6,320.00"
2021-01-27,2021012705000738,PLI,11,58,10,632.00,"6,320.00"
2021-01-27,2021012705000737,PLI,11,45,10,632.00,"6,320.00"
2021-01-27,2021012705000748,PLI,11,45,10,632.00,"6,320.00"
2021-01-27,2021012705000747,PLI,11,21,10,632.00,"6,320.00"
2021-01-27,2021012705000746,PLI,11,58,10,632.00,"6,320.00"
2021-01-27,2021012705000745,PLI,11,45,10,632.00,"6,320.00"
2021-01-27,2021012705000744,PLI,11,34,10,632.00,"6,320.00"
2021-01-27,2021012705000743,PLI,11,42,10,632.00,"6,320.00"
2021-01-27,2021012705000754,PLI,11,36,10,632.00,"6,320.00"
2021-01-27,2021012705000753,PLI,11,36,10,632.00,"6,320.00"
2021-01-27,2021012705000752,PLI,11,33,10,632.00,"6,320.00"
2021-01-27,2021012705000751,PLI,11,38,10,632.00,"6,320.00"
2021-01-27,2021012705000750,PLI,11,48,10,632.00,"6,320.00"
2021-01-27,2021012705000749,PLI,11,45,10,632.00,"6,320.00"
2021-01-27,2021012705000760,PLI,11,18,10,632.00,"6,320.00"
2021-01-27,2021012705000759,PLI,11,8,10,632.00,"6,320.00"
2021-01-27,2021012705000758,PLI,11,56,10,632.00,"6,320.00"
2021-01-27,2021012705000757,PLI,11,45,10,632.00,"6,320.00"
2021-01-27,2021012705000756,PLI,11,45,10,632.00,"6,320.00"
2021-01-27,2021012705000755,PLI,11,55,10,632.00,"6,320.00"
2021-01-27,2021012705000766,PLI,11,21,10,632.00,"6,320.00"
2021-01-27,2021012705000765,PLI,11,56,10,632.00,"6,320.00"
2021-01-27,2021012705000764,PLI,11,8,10,632.00,"6,320.00"
2021-01-27,2021012705000763,PLI,11,21,10,632.00,"6,320.00"
2021-01-27,2021012705000762,PLI,11,8,10,632.00,"6,320.00"
2021-01-27,2021012705000761,PLI,11,8,10,632.00,"6,320.00"
2021-01-27,2021012705000772,PLI,11,43,10,632.00,"6,320.00"
2021-01-27,2021012705000771,PLI,11,3,10,632.00,"6,320.00"
2021-01-27,2021012705000770,PLI,11,21,10,632.00,"6,320.00"
2021-01-27,2021012705000769,PLI,11,21,10,632.00,"6,320.00"
2021-01-27,2021012705000768,PLI,11,21,10,632.00,"6,320.00"
2021-01-27,2021012705000767,PLI,11,45,10,632.00,"6,320.00"
2021-01-27,2021012705000778,PLI,11,56,10,632.00,"6,320.00"
2021-01-27,2021012705000777,PLI,11,36,10,632.00,"6,320.00"
2021-01-27,2021012705000776,PLI,11,51,10,632.00,"6,320.00"
2021-01-27,2021012705000775,PLI,11,56,10,632.00,"6,320.00"
2021-01-27,2021012705000774,PLI,11,56,10,632.00,"6,320.00"
2021-01-27,2021012705000773,PLI,11,36,10,632.00,"6,320.00"
2021-01-27,2021012705000784,PLI,47,47,1,631.00,631.00
2021-01-27,2021012705000783,PLI,47,47,9,631.00,"5,679.00"
2021-01-27,2021012705000782,PLI,11,41,10,632.00,"6,320.00"
2021-01-27,2021012705000781,PLI,11,6,10,632.00,"6,320.00"
2021-01-27,2021012705000780,PLI,11,41,10,632.00,"6,320.00"
2021-01-27,2021012705000779,PLI,11,38,10,632.00,"6,320.00"
2021-01-27,2021012705000790,PLI,11,40,10,632.00,"6,320.00"
2021-01-27,2021012705000789,PLI,11,40,10,632.00,"6,320.00"
2021-01-27,2021012705000788,PLI,11,8,10,632.00,"6,320.00"
2021-01-27,2021012705000787,PLI,11,8,10,632.00,"6,320.00"
2021-01-27,2021012705000786,PLI,11,51,10,632.00,"6,320.00"
2021-01-27,2021012705000785,PLI,11,58,10,632.00,"6,320.00"
2021-01-27,2021012705000796,PLI,11,56,10,632.00,"6,320.00"
2021-01-27,2021012705000795,PLI,11,40,10,632.00,"6,320.00"
2021-01-27,2021012705000794,PLI,11,40,10,632.00,"6,320.00"
2021-01-27,2021012705000793,PLI,11,40,10,632.00,"6,320.00"
2021-01-27,2021012705000792,PLI,11,40,10,632.00,"6,320.00"
2021-01-27,2021012705000791,PLI,11,51,10,632.00,"6,320.00"
2021-01-27,2021012705000802,PLI,11,1,10,632.00,"6,320.00"
2021-01-27,2021012705000801,PLI,11,40,10,632.00,"6,320.00"
2021-01-27,2021012705000800,PLI,11,40,10,632.00,"6,320.00"
2021-01-27,2021012705000799,PLI,11,58,10,632.00,"6,320.00"
2021-01-27,2021012705000798,PLI,11,40,10,632.00,"6,320.00"
2021-01-27,2021012705000797,PLI,11,6,10,632.00,"6,320.00"
2021-01-27,2021012705000808,PLI,11,40,10,632.00,"6,320.00"
2021-01-27,2021012705000807,PLI,11,40,10,632.00,"6,320.00"
2021-01-27,2021012705000806,PLI,11,35,10,632.00,"6,320.00"
2021-01-27,2021012705000805,PLI,11,51,10,632.00,"6,320.00"
2021-01-27,2021012705000804,PLI,11,40,10,632.00,"6,320.00"
2021-01-27,2021012705000803,PLI,11,40,10,632.00,"6,320.00"
2021-01-27,2021012705000814,PLI,11,39,10,632.00,"6,320.00"
2021-01-27,2021012705000813,PLI,11,40,10,632.00,"6,320.00"
2021-01-27,2021012705000812,PLI,11,29,10,632.00,"6,320.00"
2021-01-27,2021012705000811,PLI,11,35,10,632.00,"6,320.00"
2021-01-27,2021012705000810,PLI,11,29,10,632.00,"6,320.00"
2021-01-27,2021012705000809,PLI,11,35,10,632.00,"6,320.00"
2021-01-27,2021012705000820,PLI,11,45,10,632.00,"6,320.00"
2021-01-27,2021012705000819,PLI,11,3,10,632.00,"6,320.00"
2021-01-27,2021012705000818,PLI,11,41,10,632.00,"6,320.00"
2021-01-27,2021012705000817,PLI,11,38,10,632.00,"6,320.00"
2021-01-27,2021012705000816,PLI,11,11,10,632.00,"6,320.00"
2021-01-27,2021012705000815,PLI,11,28,10,632.00,"6,320.00"
2021-01-27,2021012705000826,PLI,11,41,10,632.00,"6,320.00"
2021-01-27,2021012705000825,PLI,11,42,10,632.00,"6,320.00"
2021-01-27,2021012705000824,PLI,11,57,10,632.00,"6,320.00"
2021-01-27,2021012705000823,PLI,11,6,10,632.00,"6,320.00"
2021-01-27,2021012705000822,PLI,11,42,10,632.00,"6,320.00"
2021-01-27,2021012705000821,PLI,11,42,10,632.00,"6,320.00"
2021-01-27,2021012705000832,PLI,11,58,10,632.00,"6,320.00"
2021-01-27,2021012705000831,PLI,11,45,10,632.00,"6,320.00"
2021-01-27,2021012705000830,PLI,11,45,10,632.00,"6,320.00"
2021-01-27,2021012705000829,PLI,11,42,10,632.00,"6,320.00"
2021-01-27,2021012705000828,PLI,11,34,10,632.00,"6,320.00"
2021-01-27,2021012705000827,PLI,11,45,10,632.00,"6,320.00"
2021-01-27,2021012705000838,PLI,11,7,10,632.00,"6,320.00"
2021-01-27,2021012705000837,PLI,11,38,10,632.00,"6,320.00"
2021-01-27,2021012705000836,PLI,11,38,10,632.00,"6,320.00"
2021-01-27,2021012705000835,PLI,11,45,10,632.00,"6,320.00"
2021-01-27,2021012705000834,PLI,11,45,10,632.00,"6,320.00"
2021-01-27,2021012705000833,PLI,11,59,10,632.00,"6,320.00"
2021-01-27,2021012705000844,PLI,57,32,10,632.00,"6,320.00"
2021-01-27,2021012705000843,PLI,57,38,10,632.00,"6,320.00"
2021-01-27,2021012705000842,PLI,57,58,10,632.00,"6,320.00"
2021-01-27,2021012705000841,PLI,11,42,10,632.00,"6,320.00"
2021-01-27,2021012705000840,PLI,11,42,10,632.00,"6,320.00"
2021-01-27,2021012705000839,PLI,11,45,10,632.00,"6,320.00"
2021-01-27,2021012705000850,PLI,57,45,10,632.00,"6,320.00"
2021-01-27,2021012705000849,PLI,57,58,10,632.00,"6,320.00"
2021-01-27,2021012705000848,PLI,57,45,10,632.00,"6,320.00"
2021-01-27,2021012705000847,PLI,57,45,10,632.00,"6,320.00"
2021-01-27,2021012705000846,PLI,57,58,10,632.00,"6,320.00"
2021-01-27,2021012705000845,PLI,57,6,10,632.00,"6,320.00"
2021-01-27,2021012705000856,PLI,57,19,10,632.00,"6,320.00"
2021-01-27,2021012705000855,PLI,57,42,10,632.00,"6,320.00"
2021-01-27,2021012705000854,PLI,57,17,10,632.00,"6,320.00"
2021-01-27,2021012705000853,PLI,57,45,10,632.00,"6,320.00"
2021-01-27,2021012705000852,PLI,57,45,10,632.00,"6,320.00"
2021-01-27,2021012705000851,PLI,57,45,10,632.00,"6,320.00"
2021-01-27,2021012705000862,PLI,57,58,10,632.00,"6,320.00"
2021-01-27,2021012705000861,PLI,57,58,10,632.00,"6,320.00"
2021-01-27,2021012705000860,PLI,57,45,10,632.00,"6,320.00"
2021-01-27,2021012705000859,PLI,57,42,10,632.00,"6,320.00"
2021-01-27,2021012705000858,PLI,57,58,10,632.00,"6,320.00"
2021-01-27,2021012705000857,PLI,57,45,10,632.00,"6,320.00"
2021-01-27,2021012705000868,PLI,57,32,10,632.00,"6,320.00"
2021-01-27,2021012705000867,PLI,57,29,10,632.00,"6,320.00"
2021-01-27,2021012705000866,PLI,57,45,10,632.00,"6,320.00"
2021-01-27,2021012705000865,PLI,57,42,10,632.00,"6,320.00"
2021-01-27,2021012705000864,PLI,57,35,10,632.00,"6,320.00"
2021-01-27,2021012705000863,PLI,57,45,10,632.00,"6,320.00"
2021-01-27,2021012705000874,PLI,57,45,10,632.00,"6,320.00"
2021-01-27,2021012705000873,PLI,57,32,10,632.00,"6,320.00"
2021-01-27,2021012705000872,PLI,57,42,10,632.00,"6,320.00"
2021-01-27,2021012705000871,PLI,57,45,10,632.00,"6,320.00"
2021-01-27,2021012705000870,PLI,57,42,10,632.00,"6,320.00"
2021-01-27,2021012705000869,PLI,57,42,10,632.00,"6,320.00"
2021-01-27,2021012705000880,PLI,57,52,10,632.00,"6,320.00"
2021-01-27,2021012705000879,PLI,57,42,10,632.00,"6,320.00"
2021-01-27,2021012705000878,PLI,57,45,10,632.00,"6,320.00"
2021-01-27,2021012705000877,PLI,57,44,10,632.00,"6,320.00"
2021-01-27,2021012705000876,PLI,57,44,10,632.00,"6,320.00"
2021-01-27,2021012705000875,PLI,57,57,10,632.00,"6,320.00"
2021-01-27,2021012705000886,PLI,57,57,10,632.00,"6,320.00"
2021-01-27,2021012705000885,PLI,57,42,10,632.00,"6,320.00"
2021-01-27,2021012705000884,PLI,57,8,10,632.00,"6,320.00"
2021-01-27,2021012705000883,PLI,57,32,10,632.00,"6,320.00"
2021-01-27,2021012705000882,PLI,57,52,10,632.00,"6,320.00"
2021-01-27,2021012705000881,PLI,57,44,10,632.00,"6,320.00"
2021-01-27,2021012705000892,PLI,57,32,10,632.00,"6,320.00"
2021-01-27,2021012705000891,PLI,57,46,10,632.00,"6,320.00"
2021-01-27,2021012705000890,PLI,57,14,10,632.00,"6,320.00"
2021-01-27,2021012705000889,PLI,57,58,10,632.00,"6,320.00"
2021-01-27,2021012705000888,PLI,57,42,10,632.00,"6,320.00"
2021-01-27,2021012705000887,PLI,57,47,10,632.00,"6,320.00"
2021-01-27,2021012705000898,PLI,57,58,10,632.00,"6,320.00"
2021-01-27,2021012705000897,PLI,57,35,10,632.00,"6,320.00"
2021-01-27,2021012705000896,PLI,57,34,10,632.00,"6,320.00"
2021-01-27,2021012705000895,PLI,57,45,10,632.00,"6,320.00"
2021-01-27,2021012705000894,PLI,57,35,10,632.00,"6,320.00"
2021-01-27,2021012705000893,PLI,57,58,10,632.00,"6,320.00"
2021-01-27,2021012705000904,PLI,57,58,10,632.00,"6,320.00"
2021-01-27,2021012705000903,PLI,57,58,10,632.00,"6,320.00"
2021-01-27,2021012705000902,PLI,57,57,10,632.00,"6,320.00"
2021-01-27,2021012705000901,PLI,57,4,10,632.00,"6,320.00"
2021-01-27,2021012705000900,PLI,57,35,10,632.00,"6,320.00"
2021-01-27,2021012705000899,PLI,57,32,10,632.00,"6,320.00"
2021-01-27,2021012705000910,PLI,57,35,10,632.00,"6,320.00"
2021-01-27,2021012705000909,PLI,57,35,10,632.00,"6,320.00"
2021-01-27,2021012705000908,PLI,57,38,10,632.00,"6,320.00"
2021-01-27,2021012705000907,PLI,57,35,10,632.00,"6,320.00"
2021-01-27,2021012705000906,PLI,57,35,10,632.00,"6,320.00"
2021-01-27,2021012705000905,PLI,57,58,10,632.00,"6,320.00"
2021-01-27,2021012705000916,PLI,57,42,10,632.00,"6,320.00"
2021-01-27,2021012705000915,PLI,57,41,10,632.00,"6,320.00"
2021-01-27,2021012705000914,PLI,57,34,10,632.00,"6,320.00"
2021-01-27,2021012705000913,PLI,57,35,10,632.00,"6,320.00"
2021-01-27,2021012705000912,PLI,57,57,10,632.00,"6,320.00"
2021-01-27,2021012705000911,PLI,57,5,10,632.00,"6,320.00"
2021-01-27,2021012705000922,PLI,57,17,10,632.00,"6,320.00"
2021-01-27,2021012705000921,PLI,57,8,10,632.00,"6,320.00"
2021-01-27,2021012705000920,PLI,57,35,10,632.00,"6,320.00"
2021-01-27,2021012705000919,PLI,57,32,10,632.00,"6,320.00"
2021-01-27,2021012705000918,PLI,57,45,10,632.00,"6,320.00"
2021-01-27,2021012705000917,PLI,57,58,10,632.00,"6,320.00"
2021-01-27,2021012705000928,PLI,57,8,10,632.00,"6,320.00"
2021-01-27,2021012705000927,PLI,57,35,10,632.00,"6,320.00"
2021-01-27,2021012705000926,PLI,57,17,10,632.00,"6,320.00"
2021-01-27,2021012705000925,PLI,57,8,10,632.00,"6,320.00"
2021-01-27,2021012705000924,PLI,57,8,10,632.00,"6,320.00"
2021-01-27,2021012705000923,PLI,57,58,10,632.00,"6,320.00"
2021-01-27,2021012705000934,PLI,57,8,10,632.00,"6,320.00"
2021-01-27,2021012705000933,PLI,57,46,10,632.00,"6,320.00"
2021-01-27,2021012705000932,PLI,57,8,10,632.00,"6,320.00"
2021-01-27,2021012705000931,PLI,57,58,10,632.00,"6,320.00"
2021-01-27,2021012705000930,PLI,57,8,10,632.00,"6,320.00"
2021-01-27,2021012705000929,PLI,57,8,10,632.00,"6,320.00"
2021-01-27,2021012705000940,PLI,57,57,10,632.00,"6,320.00"
2021-01-27,2021012705000939,PLI,57,46,10,632.00,"6,320.00"
2021-01-27,2021012705000938,PLI,57,22,10,632.00,"6,320.00"
2021-01-27,2021012705000937,PLI,57,57,10,632.00,"6,320.00"
2021-01-27,2021012705000936,PLI,57,8,10,632.00,"6,320.00"
2021-01-27,2021012705000935,PLI,57,57,10,632.00,"6,320.00"
2021-01-27,2021012705000946,PLI,57,52,10,632.00,"6,320.00"
2021-01-27,2021012705000945,PLI,57,34,10,632.00,"6,320.00"
2021-01-27,2021012705000944,PLI,57,38,10,632.00,"6,320.00"
2021-01-27,2021012705000943,PLI,57,57,10,632.00,"6,320.00"
2021-01-27,2021012705000942,PLI,57,38,10,632.00,"6,320.00"
2021-01-27,2021012705000941,PLI,57,17,10,632.00,"6,320.00"
2021-01-27,2021012705000952,PLI,57,35,10,632.00,"6,320.00"
2021-01-27,2021012705000951,PLI,57,35,10,632.00,"6,320.00"
2021-01-27,2021012705000950,PLI,57,57,10,632.00,"6,320.00"
2021-01-27,2021012705000949,PLI,57,50,10,632.00,"6,320.00"
2021-01-27,2021012705000948,PLI,57,22,10,632.00,"6,320.00"
2021-01-27,2021012705000947,PLI,57,38,10,632.00,"6,320.00"
2021-01-27,2021012705000958,PLI,57,46,10,632.00,"6,320.00"
2021-01-27,2021012705000957,PLI,57,46,10,632.00,"6,320.00"
2021-01-27,2021012705000956,PLI,57,46,10,632.00,"6,320.00"
2021-01-27,2021012705000955,PLI,57,46,10,632.00,"6,320.00"
2021-01-27,2021012705000954,PLI,57,22,10,632.00,"6,320.00"
2021-01-27,2021012705000953,PLI,57,22,10,632.00,"6,320.00"
2021-01-27,2021012705000964,PLI,57,59,10,632.00,"6,320.00"
2021-01-27,2021012705000963,PLI,57,59,10,632.00,"6,320.00"
2021-01-27,2021012705000962,PLI,57,59,10,632.00,"6,320.00"
2021-01-27,2021012705000961,PLI,57,59,10,632.00,"6,320.00"
2021-01-27,2021012705000960,PLI,57,35,10,632.00,"6,320.00"
2021-01-27,2021012705000959,PLI,57,57,10,632.00,"6,320.00"
2021-01-27,2021012705000970,PLI,57,32,10,632.00,"6,320.00"
2021-01-27,2021012705000969,PLI,57,17,10,632.00,"6,320.00"
2021-01-27,2021012705000968,PLI,57,41,10,632.00,"6,320.00"
2021-01-27,2021012705000967,PLI,57,32,10,632.00,"6,320.00"
2021-01-27,2021012705000966,PLI,57,38,10,632.00,"6,320.00"
2021-01-27,2021012705000965,PLI,57,58,10,632.00,"6,320.00"
2021-01-27,2021012705000976,PLI,57,43,10,632.00,"6,320.00"
2021-01-27,2021012705000975,PLI,57,43,10,632.00,"6,320.00"
2021-01-27,2021012705000974,PLI,57,45,10,632.00,"6,320.00"
2021-01-27,2021012705000973,PLI,57,45,10,632.00,"6,320.00"
2021-01-27,2021012705000972,PLI,57,21,10,632.00,"6,320.00"
2021-01-27,2021012705000971,PLI,57,22,10,632.00,"6,320.00"
2021-01-27,2021012705000982,PLI,57,51,10,632.00,"6,320.00"
2021-01-27,2021012705000981,PLI,57,36,10,632.00,"6,320.00"
2021-01-27,2021012705000980,PLI,57,59,10,632.00,"6,320.00"
2021-01-27,2021012705000979,PLI,57,34,10,632.00,"6,320.00"
2021-01-27,2021012705000978,PLI,57,11,10,632.00,"6,320.00"
2021-01-27,2021012705000977,PLI,57,19,10,632.00,"6,320.00"
2021-01-27,2021012705000988,PLI,57,32,10,632.00,"6,320.00"
2021-01-27,2021012705000987,PLI,57,14,10,632.00,"6,320.00"
2021-01-27,2021012705000986,PLI,57,14,10,632.00,"6,320.00"
2021-01-27,2021012705000985,PLI,57,45,10,632.00,"6,320.00"
2021-01-27,2021012705000984,PLI,57,14,10,632.00,"6,320.00"
2021-01-27,2021012705000983,PLI,57,51,10,632.00,"6,320.00"
2021-01-27,2021012705000994,PLI,57,44,10,632.00,"6,320.00"
2021-01-27,2021012705000993,PLI,57,44,10,632.00,"6,320.00"
2021-01-27,2021012705000992,PLI,57,43,10,632.00,"6,320.00"
2021-01-27,2021012705000991,PLI,57,52,10,632.00,"6,320.00"
2021-01-27,2021012705000990,PLI,57,14,10,632.00,"6,320.00"
2021-01-27,2021012705000989,PLI,57,41,10,632.00,"6,320.00"
2021-01-27,2021012705001000,PLI,57,57,10,632.00,"6,320.00"
2021-01-27,2021012705000999,PLI,57,21,10,632.00,"6,320.00"
2021-01-27,2021012705000998,PLI,57,51,10,632.00,"6,320.00"
2021-01-27,2021012705000997,PLI,57,44,10,632.00,"6,320.00"
2021-01-27,2021012705000996,PLI,57,36,10,632.00,"6,320.00"
2021-01-27,2021012705000995,PLI,57,44,10,632.00,"6,320.00"
2021-01-27,2021012705001006,PLI,57,28,10,632.00,"6,320.00"
2021-01-27,2021012705001005,PLI,57,35,10,632.00,"6,320.00"
2021-01-27,2021012705001004,PLI,57,58,10,632.00,"6,320.00"
2021-01-27,2021012705001003,PLI,57,37,10,632.00,"6,320.00"
2021-01-27,2021012705001002,PLI,57,29,10,632.00,"6,320.00"
2021-01-27,2021012705001001,PLI,57,33,10,632.00,"6,320.00"
2021-01-27,2021012705001012,PLI,57,48,10,632.00,"6,320.00"
2021-01-27,2021012705001011,PLI,57,59,10,632.00,"6,320.00"
2021-01-27,2021012705001010,PLI,57,44,10,632.00,"6,320.00"
2021-01-27,2021012705001009,PLI,57,44,10,632.00,"6,320.00"
2021-01-27,2021012705001008,PLI,57,44,10,632.00,"6,320.00"
2021-01-27,2021012705001007,PLI,57,36,10,632.00,"6,320.00"
2021-01-27,2021012705001018,PLI,57,36,10,632.00,"6,320.00"
2021-01-27,2021012705001017,PLI,57,48,10,632.00,"6,320.00"
2021-01-27,2021012705001016,PLI,57,36,10,632.00,"6,320.00"
2021-01-27,2021012705001015,PLI,57,48,10,632.00,"6,320.00"
2021-01-27,2021012705001014,PLI,57,7,10,632.00,"6,320.00"
2021-01-27,2021012705001013,PLI,57,48,10,632.00,"6,320.00"
2021-01-27,2021012705001024,PLI,57,48,10,632.00,"6,320.00"
2021-01-27,2021012705001023,PLI,57,32,10,632.00,"6,320.00"
2021-01-27,2021012705001022,PLI,57,29,10,632.00,"6,320.00"
2021-01-27,2021012705001021,PLI,57,48,10,632.00,"6,320.00"
2021-01-27,2021012705001020,PLI,57,48,10,632.00,"6,320.00"
2021-01-27,2021012705001019,PLI,57,36,10,632.00,"6,320.00"
2021-01-27,2021012705001030,PLI,57,59,10,632.00,"6,320.00"
2021-01-27,2021012705001029,PLI,57,42,10,632.00,"6,320.00"
2021-01-27,2021012705001028,PLI,57,6,10,632.00,"6,320.00"
2021-01-27,2021012705001027,PLI,57,36,10,632.00,"6,320.00"
2021-01-27,2021012705001026,PLI,57,32,10,632.00,"6,320.00"
2021-01-27,2021012705001025,PLI,57,42,10,632.00,"6,320.00"
2021-01-27,2021012705000536,PLI,59,34,10,632.00,"6,320.00"
2021-01-27,2021012705000535,PLI,59,8,10,632.00,"6,320.00"
2021-01-27,2021012705000534,PLI,59,8,10,632.00,"6,320.00"
2021-01-27,2021012705000533,PLI,59,45,10,632.00,"6,320.00"
2021-01-27,2021012705000532,PLI,59,45,10,632.00,"6,320.00"
2021-01-27,2021012705000531,PLI,59,34,10,632.00,"6,320.00"
2021-01-27,2021012705000038,PLI,59,32,10,632.00,"6,320.00"
2021-01-27,2021012705000037,PLI,59,58,10,632.00,"6,320.00"
2021-01-27,2021012705000044,PLI,59,58,10,632.00,"6,320.00"
2021-01-27,2021012705000043,PLI,59,56,10,632.00,"6,320.00"
2021-01-27,2021012705000042,PLI,59,10,10,632.00,"6,320.00"
2021-01-27,2021012705000041,PLI,59,21,10,632.00,"6,320.00"
2021-01-27,2021012705000040,PLI,59,57,10,632.00,"6,320.00"
2021-01-27,2021012705000039,PLI,59,10,10,632.00,"6,320.00"
2021-01-27,2021012705000050,PLI,59,21,10,632.00,"6,320.00"
2021-01-27,2021012705000049,PLI,59,21,10,632.00,"6,320.00"
2021-01-27,2021012705000048,PLI,59,52,10,632.00,"6,320.00"
2021-01-27,2021012705000047,PLI,59,48,10,632.00,"6,320.00"
2021-01-27,2021012705000046,PLI,59,38,10,632.00,"6,320.00"
2021-01-27,2021012705000045,PLI,59,34,10,632.00,"6,320.00"
2021-01-27,2021012705000056,PLI,59,49,10,632.00,"6,320.00"
2021-01-27,2021012705000055,PLI,59,50,10,632.00,"6,320.00"
2021-01-27,2021012705000054,PLI,59,58,10,632.00,"6,320.00"
2021-01-27,2021012705000053,PLI,59,58,10,632.00,"6,320.00"
2021-01-27,2021012705000052,PLI,59,34,10,632.00,"6,320.00"
2021-01-27,2021012705000051,PLI,59,49,10,632.00,"6,320.00"
2021-01-27,2021012705000062,PLI,59,14,10,632.00,"6,320.00"
2021-01-27,2021012705000061,PLI,59,51,10,632.00,"6,320.00"
2021-01-27,2021012705000060,PLI,59,32,10,632.00,"6,320.00"
2021-01-27,2021012705000059,PLI,59,42,10,632.00,"6,320.00"
2021-01-27,2021012705000058,PLI,59,52,10,632.00,"6,320.00"
2021-01-27,2021012705000057,PLI,59,34,10,632.00,"6,320.00"
2021-01-27,2021012705000068,PLI,59,10,10,632.00,"6,320.00"
2021-01-27,2021012705000067,PLI,59,34,10,632.00,"6,320.00"
2021-01-27,2021012705000066,PLI,59,16,10,632.00,"6,320.00"
2021-01-27,2021012705000065,PLI,59,14,10,632.00,"6,320.00"
2021-01-27,2021012705000064,PLI,59,58,10,632.00,"6,320.00"
2021-01-27,2021012705000063,PLI,59,10,10,632.00,"6,320.00"
2021-01-27,2021012705000074,PLI,59,41,10,632.00,"6,320.00"
2021-01-27,2021012705000073,PLI,59,58,10,632.00,"6,320.00"
2021-01-27,2021012705000072,PLI,59,48,10,632.00,"6,320.00"
2021-01-27,2021012705000071,PLI,59,10,10,632.00,"6,320.00"
2021-01-27,2021012705000070,PLI,59,29,10,632.00,"6,320.00"
2021-01-27,2021012705000069,PLI,59,58,10,632.00,"6,320.00"
2021-01-27,2021012705000080,PLI,59,32,10,632.00,"6,320.00"
2021-01-27,2021012705000079,PLI,59,10,10,632.00,"6,320.00"
2021-01-27,2021012705000078,PLI,59,42,10,632.00,"6,320.00"
2021-01-27,2021012705000077,PLI,59,51,10,632.00,"6,320.00"
2021-01-27,2021012705000076,PLI,59,1,10,632.00,"6,320.00"
2021-01-27,2021012705000075,PLI,59,58,10,632.00,"6,320.00"
2021-01-27,2021012705000086,PLI,59,10,10,632.00,"6,320.00"
2021-01-27,2021012705000085,PLI,59,45,10,632.00,"6,320.00"
2021-01-27,2021012705000084,PLI,59,38,10,632.00,"6,320.00"
2021-01-27,2021012705000083,PLI,59,58,10,632.00,"6,320.00"
2021-01-27,2021012705000082,PLI,59,48,10,632.00,"6,320.00"
2021-01-27,2021012705000081,PLI,59,32,10,632.00,"6,320.00"
2021-01-27,2021012705000092,PLI,59,29,10,632.00,"6,320.00"
2021-01-27,2021012705000091,PLI,59,57,10,632.00,"6,320.00"
2021-01-27,2021012705000090,PLI,59,55,10,632.00,"6,320.00"
2021-01-27,2021012705000089,PLI,59,29,10,632.00,"6,320.00"
2021-01-27,2021012705000088,PLI,59,22,10,632.00,"6,320.00"
2021-01-27,2021012705000087,PLI,59,45,10,632.00,"6,320.00"
2021-01-27,2021012705000098,PLI,59,55,10,632.00,"6,320.00"
2021-01-27,2021012705000097,PLI,59,1,10,632.00,"6,320.00"
2021-01-27,2021012705000096,PLI,59,55,10,632.00,"6,320.00"
2021-01-27,2021012705000095,PLI,59,51,10,632.00,"6,320.00"
2021-01-27,2021012705000094,PLI,59,46,10,632.00,"6,320.00"
2021-01-27,2021012705000093,PLI,59,32,10,632.00,"6,320.00"
2021-01-27,2021012705000104,PLI,59,58,10,632.00,"6,320.00"
2021-01-27,2021012705000103,PLI,59,22,10,632.00,"6,320.00"
2021-01-27,2021012705000102,PLI,59,41,10,632.00,"6,320.00"
2021-01-27,2021012705000101,PLI,59,20,10,632.00,"6,320.00"
2021-01-27,2021012705000100,PLI,59,45,10,632.00,"6,320.00"
2021-01-27,2021012705000099,PLI,59,48,10,632.00,"6,320.00"
2021-01-27,2021012705000110,PLI,59,52,10,632.00,"6,320.00"
2021-01-27,2021012705000109,PLI,59,45,10,632.00,"6,320.00"
2021-01-27,2021012705000108,PLI,59,45,10,632.00,"6,320.00"
2021-01-27,2021012705000107,PLI,59,34,10,632.00,"6,320.00"
2021-01-27,2021012705000106,PLI,59,45,10,632.00,"6,320.00"
2021-01-27,2021012705000105,PLI,59,56,10,632.00,"6,320.00"
2021-01-27,2021012705000116,PLI,59,45,10,632.00,"6,320.00"
2021-01-27,2021012705000115,PLI,59,45,10,632.00,"6,320.00"
2021-01-27,2021012705000114,PLI,59,57,10,632.00,"6,320.00"
2021-01-27,2021012705000113,PLI,59,58,10,632.00,"6,320.00"
2021-01-27,2021012705000112,PLI,59,55,10,632.00,"6,320.00"
2021-01-27,2021012705000111,PLI,59,54,10,632.00,"6,320.00"
2021-01-27,2021012705000122,PLI,59,16,10,632.00,"6,320.00"
2021-01-27,2021012705000121,PLI,59,20,10,632.00,"6,320.00"
2021-01-27,2021012705000120,PLI,59,58,10,632.00,"6,320.00"
2021-01-27,2021012705000119,PLI,59,22,10,632.00,"6,320.00"
2021-01-27,2021012705000118,PLI,59,56,10,632.00,"6,320.00"
2021-01-27,2021012705000117,PLI,59,51,10,632.00,"6,320.00"
2021-01-27,2021012705000128,PLI,59,34,10,632.00,"6,320.00"
2021-01-27,2021012705000127,PLI,59,45,10,632.00,"6,320.00"
2021-01-27,2021012705000126,PLI,59,58,10,632.00,"6,320.00"
2021-01-27,2021012705000125,PLI,59,55,10,632.00,"6,320.00"
2021-01-27,2021012705000124,PLI,59,34,10,632.00,"6,320.00"
2021-01-27,2021012705000123,PLI,59,45,10,632.00,"6,320.00"
2021-01-27,2021012705000134,PLI,59,55,10,632.00,"6,320.00"
2021-01-27,2021012705000133,PLI,59,55,10,632.00,"6,320.00"
2021-01-27,2021012705000132,PLI,59,45,10,632.00,"6,320.00"
2021-01-27,2021012705000131,PLI,59,6,10,632.00,"6,320.00"
2021-01-27,2021012705000130,PLI,59,51,10,632.00,"6,320.00"
2021-01-27,2021012705000129,PLI,59,32,10,632.00,"6,320.00"
2021-01-27,2021012705000140,PLI,59,20,10,632.00,"6,320.00"
2021-01-27,2021012705000139,PLI,59,57,10,632.00,"6,320.00"
2021-01-27,2021012705000138,PLI,59,57,10,632.00,"6,320.00"
2021-01-27,2021012705000137,PLI,59,6,10,632.00,"6,320.00"
2021-01-27,2021012705000136,PLI,59,45,10,632.00,"6,320.00"
2021-01-27,2021012705000135,PLI,59,45,10,632.00,"6,320.00"
2021-01-27,2021012705000146,PLI,59,55,10,632.00,"6,320.00"
2021-01-27,2021012705000145,PLI,59,20,10,632.00,"6,320.00"
2021-01-27,2021012705000144,PLI,59,55,10,632.00,"6,320.00"
2021-01-27,2021012705000143,PLI,59,20,10,632.00,"6,320.00"
2021-01-27,2021012705000142,PLI,59,45,10,632.00,"6,320.00"
2021-01-27,2021012705000141,PLI,59,6,10,632.00,"6,320.00"
2021-01-27,2021012705000152,PLI,59,20,10,632.00,"6,320.00"
2021-01-27,2021012705000151,PLI,59,32,10,632.00,"6,320.00"
2021-01-27,2021012705000150,PLI,59,55,10,632.00,"6,320.00"
2021-01-27,2021012705000149,PLI,59,34,10,632.00,"6,320.00"
2021-01-27,2021012705000148,PLI,59,25,10,632.00,"6,320.00"
2021-01-27,2021012705000147,PLI,59,45,10,632.00,"6,320.00"
2021-01-27,2021012705000158,PLI,59,38,10,632.00,"6,320.00"
2021-01-27,2021012705000157,PLI,59,58,10,632.00,"6,320.00"
2021-01-27,2021012705000156,PLI,59,45,10,632.00,"6,320.00"
2021-01-27,2021012705000155,PLI,59,55,10,632.00,"6,320.00"
2021-01-27,2021012705000154,PLI,59,51,10,632.00,"6,320.00"
2021-01-27,2021012705000153,PLI,59,59,10,632.00,"6,320.00"
2021-01-27,2021012705000164,PLI,59,29,10,632.00,"6,320.00"
2021-01-27,2021012705000163,PLI,59,42,10,632.00,"6,320.00"
2021-01-27,2021012705000162,PLI,59,55,10,632.00,"6,320.00"
2021-01-27,2021012705000161,PLI,59,19,10,632.00,"6,320.00"
2021-01-27,2021012705000160,PLI,59,55,10,632.00,"6,320.00"
2021-01-27,2021012705000159,PLI,59,43,10,632.00,"6,320.00"
2021-01-27,2021012705000170,PLI,59,21,10,632.00,"6,320.00"
2021-01-27,2021012705000169,PLI,59,55,10,632.00,"6,320.00"
2021-01-27,2021012705000168,PLI,59,45,10,632.00,"6,320.00"
2021-01-27,2021012705000167,PLI,59,35,10,632.00,"6,320.00"
2021-01-27,2021012705000166,PLI,59,6,10,632.00,"6,320.00"
2021-01-27,2021012705000165,PLI,59,55,10,632.00,"6,320.00"
2021-01-27,2021012705000176,PLI,59,45,10,632.00,"6,320.00"
2021-01-27,2021012705000175,PLI,59,6,10,632.00,"6,320.00"
2021-01-27,2021012705000174,PLI,59,20,10,632.00,"6,320.00"
2021-01-27,2021012705000173,PLI,59,55,10,632.00,"6,320.00"
2021-01-27,2021012705000172,PLI,59,45,10,632.00,"6,320.00"
2021-01-27,2021012705000171,PLI,59,35,10,632.00,"6,320.00"
2021-01-27,2021012705000182,PLI,59,32,10,632.00,"6,320.00"
2021-01-27,2021012705000181,PLI,59,8,10,632.00,"6,320.00"
2021-01-27,2021012705000180,PLI,59,55,10,632.00,"6,320.00"
2021-01-27,2021012705000179,PLI,59,55,10,632.00,"6,320.00"
2021-01-27,2021012705000178,PLI,59,48,10,632.00,"6,320.00"
2021-01-27,2021012705000177,PLI,59,34,10,632.00,"6,320.00"
2021-01-27,2021012705000188,PLI,59,55,10,632.00,"6,320.00"
2021-01-27,2021012705000187,PLI,59,38,10,632.00,"6,320.00"
2021-01-27,2021012705000186,PLI,59,51,10,632.00,"6,320.00"
2021-01-27,2021012705000185,PLI,59,29,10,632.00,"6,320.00"
2021-01-27,2021012705000184,PLI,59,51,10,632.00,"6,320.00"
2021-01-27,2021012705000183,PLI,59,29,10,632.00,"6,320.00"
2021-01-27,2021012705000194,PLI,59,55,10,632.00,"6,320.00"
2021-01-27,2021012705000193,PLI,59,56,10,632.00,"6,320.00"
2021-01-27,2021012705000192,PLI,59,42,10,632.00,"6,320.00"
2021-01-27,2021012705000191,PLI,59,55,10,632.00,"6,320.00"
2021-01-27,2021012705000190,PLI,59,58,10,632.00,"6,320.00"
2021-01-27,2021012705000189,PLI,59,21,10,632.00,"6,320.00"
2021-01-27,2021012705000200,PLI,59,29,10,632.00,"6,320.00"
2021-01-27,2021012705000199,PLI,59,36,10,632.00,"6,320.00"
2021-01-27,2021012705000198,PLI,59,32,10,632.00,"6,320.00"
2021-01-27,2021012705000197,PLI,59,45,10,632.00,"6,320.00"
2021-01-27,2021012705000196,PLI,59,29,10,632.00,"6,320.00"
2021-01-27,2021012705000195,PLI,59,41,10,632.00,"6,320.00"
2021-01-27,2021012705000206,PLI,59,38,10,632.00,"6,320.00"
2021-01-27,2021012705000205,PLI,59,40,10,632.00,"6,320.00"
2021-01-27,2021012705000204,PLI,59,51,10,632.00,"6,320.00"
2021-01-27,2021012705000203,PLI,59,58,10,632.00,"6,320.00"
2021-01-27,2021012705000202,PLI,59,19,10,632.00,"6,320.00"
2021-01-27,2021012705000201,PLI,59,6,10,632.00,"6,320.00"
2021-01-27,2021012705000212,PLI,59,8,10,632.00,"6,320.00"
2021-01-27,2021012705000211,PLI,59,45,10,632.00,"6,320.00"
2021-01-27,2021012705000210,PLI,59,34,10,632.00,"6,320.00"
2021-01-27,2021012705000209,PLI,59,58,10,632.00,"6,320.00"
2021-01-27,2021012705000208,PLI,59,51,10,632.00,"6,320.00"
2021-01-27,2021012705000207,PLI,59,55,10,632.00,"6,320.00"
2021-01-27,2021012705000218,PLI,59,56,10,632.00,"6,320.00"
2021-01-27,2021012705000217,PLI,59,26,10,632.00,"6,320.00"
2021-01-27,2021012705000216,PLI,59,6,10,632.00,"6,320.00"
2021-01-27,2021012705000215,PLI,59,55,10,632.00,"6,320.00"
2021-01-27,2021012705000214,PLI,59,29,10,632.00,"6,320.00"
2021-01-27,2021012705000213,PLI,59,55,10,632.00,"6,320.00"
2021-01-27,2021012705000224,PLI,59,26,10,632.00,"6,320.00"
2021-01-27,2021012705000223,PLI,59,47,10,632.00,"6,320.00"
2021-01-27,2021012705000222,PLI,59,44,10,632.00,"6,320.00"
2021-01-27,2021012705000221,PLI,59,32,10,632.00,"6,320.00"
2021-01-27,2021012705000220,PLI,59,55,10,632.00,"6,320.00"
2021-01-27,2021012705000219,PLI,59,35,10,632.00,"6,320.00"
2021-01-27,2021012705000230,PLI,59,38,10,632.00,"6,320.00"
2021-01-27,2021012705000229,PLI,59,26,10,632.00,"6,320.00"
2021-01-27,2021012705000228,PLI,59,20,10,632.00,"6,320.00"
2021-01-27,2021012705000227,PLI,59,47,10,632.00,"6,320.00"
2021-01-27,2021012705000226,PLI,59,55,10,632.00,"6,320.00"
2021-01-27,2021012705000225,PLI,59,21,10,632.00,"6,320.00"
2021-01-27,2021012705000236,PLI,59,20,10,632.00,"6,320.00"
2021-01-27,2021012705000235,PLI,59,38,10,632.00,"6,320.00"
2021-01-27,2021012705000234,PLI,59,45,10,632.00,"6,320.00"
2021-01-27,2021012705000233,PLI,59,20,10,632.00,"6,320.00"
2021-01-27,2021012705000232,PLI,59,45,10,632.00,"6,320.00"
2021-01-27,2021012705000231,PLI,59,51,10,632.00,"6,320.00"
2021-01-27,2021012705000242,PLI,59,55,10,632.00,"6,320.00"
2021-01-27,2021012705000241,PLI,59,51,10,632.00,"6,320.00"
2021-01-27,2021012705000240,PLI,59,45,10,632.00,"6,320.00"
2021-01-27,2021012705000239,PLI,59,5,10,632.00,"6,320.00"
2021-01-27,2021012705000238,PLI,59,58,10,632.00,"6,320.00"
2021-01-27,2021012705000237,PLI,59,40,10,632.00,"6,320.00"
2021-01-27,2021012705000248,PLI,59,55,10,632.00,"6,320.00"
2021-01-27,2021012705000247,PLI,59,51,10,632.00,"6,320.00"
2021-01-27,2021012705000246,PLI,59,59,10,632.00,"6,320.00"
2021-01-27,2021012705000245,PLI,59,45,10,632.00,"6,320.00"
2021-01-27,2021012705000244,PLI,59,20,10,632.00,"6,320.00"
2021-01-27,2021012705000243,PLI,59,38,10,632.00,"6,320.00"
2021-01-27,2021012705000254,PLI,59,55,10,632.00,"6,320.00"
2021-01-27,2021012705000253,PLI,59,55,10,632.00,"6,320.00"
2021-01-27,2021012705000252,PLI,59,42,10,632.00,"6,320.00"
2021-01-27,2021012705000251,PLI,59,20,10,632.00,"6,320.00"
2021-01-27,2021012705000250,PLI,59,38,10,632.00,"6,320.00"
2021-01-27,2021012705000249,PLI,59,51,10,632.00,"6,320.00"
2021-01-27,2021012705000260,PLI,59,45,10,632.00,"6,320.00"
2021-01-27,2021012705000259,PLI,59,57,10,632.00,"6,320.00"
2021-01-27,2021012705000258,PLI,59,56,10,632.00,"6,320.00"
2021-01-27,2021012705000257,PLI,59,20,10,632.00,"6,320.00"
2021-01-27,2021012705000256,PLI,59,57,10,632.00,"6,320.00"
2021-01-27,2021012705000255,PLI,59,43,10,632.00,"6,320.00"
2021-01-27,2021012705000266,PLI,59,34,10,632.00,"6,320.00"
2021-01-27,2021012705000265,PLI,59,20,10,632.00,"6,320.00"
2021-01-27,2021012705000264,PLI,59,58,10,632.00,"6,320.00"
2021-01-27,2021012705000263,PLI,59,45,10,632.00,"6,320.00"
2021-01-27,2021012705000262,PLI,59,56,10,632.00,"6,320.00"
2021-01-27,2021012705000261,PLI,59,20,10,632.00,"6,320.00"
2021-01-27,2021012705000272,PLI,59,47,10,632.00,"6,320.00"
2021-01-27,2021012705000271,PLI,59,6,10,632.00,"6,320.00"
2021-01-27,2021012705000270,PLI,59,59,10,632.00,"6,320.00"
2021-01-27,2021012705000269,PLI,59,20,10,632.00,"6,320.00"
2021-01-27,2021012705000268,PLI,59,29,10,632.00,"6,320.00"
2021-01-27,2021012705000267,PLI,59,45,10,632.00,"6,320.00"
2021-01-27,2021012705000278,PLI,59,42,10,632.00,"6,320.00"
2021-01-27,2021012705000277,PLI,59,20,10,632.00,"6,320.00"
2021-01-27,2021012705000276,PLI,59,59,10,632.00,"6,320.00"
2021-01-27,2021012705000275,PLI,59,34,10,632.00,"6,320.00"
2021-01-27,2021012705000274,PLI,59,32,10,632.00,"6,320.00"
2021-01-27,2021012705000273,PLI,59,45,10,632.00,"6,320.00"
2021-01-27,2021012705000284,PLI,59,43,10,632.00,"6,320.00"
2021-01-27,2021012705000283,PLI,59,20,10,632.00,"6,320.00"
2021-01-27,2021012705000282,PLI,59,45,10,632.00,"6,320.00"
2021-01-27,2021012705000281,PLI,59,42,10,632.00,"6,320.00"
2021-01-27,2021012705000280,PLI,59,25,10,632.00,"6,320.00"
2021-01-27,2021012705000279,PLI,59,47,10,632.00,"6,320.00"
2021-01-27,2021012705000290,PLI,59,59,10,632.00,"6,320.00"
2021-01-27,2021012705000289,PLI,59,34,10,632.00,"6,320.00"
2021-01-27,2021012705000288,PLI,59,58,10,632.00,"6,320.00"
2021-01-27,2021012705000287,PLI,59,34,10,632.00,"6,320.00"
2021-01-27,2021012705000286,PLI,59,26,10,632.00,"6,320.00"
2021-01-27,2021012705000285,PLI,59,47,10,632.00,"6,320.00"
2021-01-27,2021012705000296,PLI,59,34,10,632.00,"6,320.00"
2021-01-27,2021012705000295,PLI,59,20,10,632.00,"6,320.00"
2021-01-27,2021012705000294,PLI,59,56,10,632.00,"6,320.00"
2021-01-27,2021012705000293,PLI,59,58,10,632.00,"6,320.00"
2021-01-27,2021012705000292,PLI,59,58,10,632.00,"6,320.00"
2021-01-27,2021012705000291,PLI,59,26,10,632.00,"6,320.00"
2021-01-27,2021012705000302,PLI,59,58,10,632.00,"6,320.00"
2021-01-27,2021012705000301,PLI,59,25,10,632.00,"6,320.00"
2021-01-27,2021012705000300,PLI,59,26,10,632.00,"6,320.00"
2021-01-27,2021012705000299,PLI,59,56,10,632.00,"6,320.00"
2021-01-27,2021012705000298,PLI,59,55,10,632.00,"6,320.00"
2021-01-27,2021012705000297,PLI,59,42,10,632.00,"6,320.00"
2021-01-27,2021012705000308,PLI,59,13,10,632.00,"6,320.00"
2021-01-27,2021012705000307,PLI,59,50,10,632.00,"6,320.00"
2021-01-27,2021012705000306,PLI,59,26,10,632.00,"6,320.00"
2021-01-27,2021012705000305,PLI,59,58,10,632.00,"6,320.00"
2021-01-27,2021012705000304,PLI,59,51,10,632.00,"6,320.00"
2021-01-27,2021012705000303,PLI,59,57,10,632.00,"6,320.00"
2021-01-27,2021012705000314,PLI,59,6,10,632.00,"6,320.00"
2021-01-27,2021012705000313,PLI,59,50,10,632.00,"6,320.00"
2021-01-27,2021012705000312,PLI,59,58,10,632.00,"6,320.00"
2021-01-27,2021012705000311,PLI,59,58,10,632.00,"6,320.00"
2021-01-27,2021012705000310,PLI,59,1,10,632.00,"6,320.00"
2021-01-27,2021012705000309,PLI,59,26,10,632.00,"6,320.00"
2021-01-27,2021012705000320,PLI,59,58,10,632.00,"6,320.00"
2021-01-27,2021012705000319,PLI,59,45,10,632.00,"6,320.00"
2021-01-27,2021012705000318,PLI,59,26,10,632.00,"6,320.00"
2021-01-27,2021012705000317,PLI,59,34,10,632.00,"6,320.00"
2021-01-27,2021012705000316,PLI,59,58,10,632.00,"6,320.00"
2021-01-27,2021012705000315,PLI,59,13,10,632.00,"6,320.00"
2021-01-27,2021012705000326,PLI,59,51,10,632.00,"6,320.00"
2021-01-27,2021012705000325,PLI,59,57,10,632.00,"6,320.00"
2021-01-27,2021012705000324,PLI,59,44,10,632.00,"6,320.00"
2021-01-27,2021012705000323,PLI,59,34,10,632.00,"6,320.00"
2021-01-27,2021012705000322,PLI,59,26,10,632.00,"6,320.00"
2021-01-27,2021012705000321,PLI,59,41,10,632.00,"6,320.00"
2021-01-27,2021012705000332,PLI,59,32,10,632.00,"6,320.00"
2021-01-27,2021012705000331,PLI,59,55,10,632.00,"6,320.00"
2021-01-27,2021012705000330,PLI,59,22,10,632.00,"6,320.00"
2021-01-27,2021012705000329,PLI,59,34,10,632.00,"6,320.00"
2021-01-27,2021012705000328,PLI,59,50,10,632.00,"6,320.00"
2021-01-27,2021012705000327,PLI,59,56,10,632.00,"6,320.00"
2021-01-27,2021012705000338,PLI,59,13,10,632.00,"6,320.00"
2021-01-27,2021012705000337,PLI,59,58,10,632.00,"6,320.00"
2021-01-27,2021012705000336,PLI,59,58,10,632.00,"6,320.00"
2021-01-27,2021012705000335,PLI,59,29,10,632.00,"6,320.00"
2021-01-27,2021012705000334,PLI,59,56,10,632.00,"6,320.00"
2021-01-27,2021012705000333,PLI,59,6,10,632.00,"6,320.00"
2021-01-27,2021012705000344,PLI,59,56,10,632.00,"6,320.00"
2021-01-27,2021012705000343,PLI,59,41,10,632.00,"6,320.00"
2021-01-27,2021012705000342,PLI,59,50,10,632.00,"6,320.00"
2021-01-27,2021012705000341,PLI,59,56,10,632.00,"6,320.00"
2021-01-27,2021012705000340,PLI,59,57,10,632.00,"6,320.00"
2021-01-27,2021012705000339,PLI,59,22,10,632.00,"6,320.00"
2021-01-27,2021012705000350,PLI,59,56,10,632.00,"6,320.00"
2021-01-27,2021012705000349,PLI,59,57,10,632.00,"6,320.00"
2021-01-27,2021012705000348,PLI,59,50,10,632.00,"6,320.00"
2021-01-27,2021012705000347,PLI,59,56,10,632.00,"6,320.00"
2021-01-27,2021012705000346,PLI,59,50,10,632.00,"6,320.00"
2021-01-27,2021012705000345,PLI,59,59,10,632.00,"6,320.00"
2021-01-27,2021012705000356,PLI,59,26,10,632.00,"6,320.00"
2021-01-27,2021012705000355,PLI,59,22,10,632.00,"6,320.00"
2021-01-27,2021012705000354,PLI,59,34,10,632.00,"6,320.00"
2021-01-27,2021012705000353,PLI,59,44,10,632.00,"6,320.00"
2021-01-27,2021012705000352,PLI,59,44,10,632.00,"6,320.00"
2021-01-27,2021012705000351,PLI,59,25,10,632.00,"6,320.00"
2021-01-27,2021012705000362,PLI,59,42,10,632.00,"6,320.00"
2021-01-27,2021012705000361,PLI,59,56,10,632.00,"6,320.00"
2021-01-27,2021012705000360,PLI,59,36,10,632.00,"6,320.00"
2021-01-27,2021012705000359,PLI,59,59,10,632.00,"6,320.00"
2021-01-27,2021012705000358,PLI,59,6,10,632.00,"6,320.00"
2021-01-27,2021012705000357,PLI,59,57,10,632.00,"6,320.00"
2021-01-27,2021012705000368,PLI,59,59,10,632.00,"6,320.00"
2021-01-27,2021012705000367,PLI,59,44,10,632.00,"6,320.00"
2021-01-27,2021012705000366,PLI,59,58,10,632.00,"6,320.00"
2021-01-27,2021012705000365,PLI,59,56,10,632.00,"6,320.00"
2021-01-27,2021012705000364,PLI,59,58,10,632.00,"6,320.00"
2021-01-27,2021012705000363,PLI,59,59,10,632.00,"6,320.00"
2021-01-27,2021012705000374,PLI,59,32,10,632.00,"6,320.00"
2021-01-27,2021012705000373,PLI,59,59,10,632.00,"6,320.00"
2021-01-27,2021012705000372,PLI,59,43,10,632.00,"6,320.00"
2021-01-27,2021012705000371,PLI,59,56,10,632.00,"6,320.00"
2021-01-27,2021012705000370,PLI,59,20,10,632.00,"6,320.00"
2021-01-27,2021012705000369,PLI,59,34,10,632.00,"6,320.00"
2021-01-27,2021012705000380,PLI,59,20,10,632.00,"6,320.00"
2021-01-27,2021012705000379,PLI,59,1,10,632.00,"6,320.00"
2021-01-27,2021012705000378,PLI,59,20,10,632.00,"6,320.00"
2021-01-27,2021012705000377,PLI,59,34,10,632.00,"6,320.00"
2021-01-27,2021012705000376,PLI,59,1,10,632.00,"6,320.00"
2021-01-27,2021012705000375,PLI,59,52,10,632.00,"6,320.00"
2021-01-27,2021012705000386,PLI,59,38,10,632.00,"6,320.00"
2021-01-27,2021012705000385,PLI,59,20,10,632.00,"6,320.00"
2021-01-27,2021012705000384,PLI,59,47,10,632.00,"6,320.00"
2021-01-27,2021012705000383,PLI,59,1,10,632.00,"6,320.00"
2021-01-27,2021012705000382,PLI,59,38,10,632.00,"6,320.00"
2021-01-27,2021012705000381,PLI,59,47,10,632.00,"6,320.00"
2021-01-27,2021012705000392,PLI,59,38,10,632.00,"6,320.00"
2021-01-27,2021012705000391,PLI,59,34,10,632.00,"6,320.00"
2021-01-27,2021012705000390,PLI,59,20,10,632.00,"6,320.00"
2021-01-27,2021012705000389,PLI,59,49,10,632.00,"6,320.00"
2021-01-27,2021012705000388,PLI,59,47,10,632.00,"6,320.00"
2021-01-27,2021012705000387,PLI,59,51,10,632.00,"6,320.00"
2021-01-27,2021012705000398,PLI,59,13,10,632.00,"6,320.00"
2021-01-27,2021012705000397,PLI,59,56,10,632.00,"6,320.00"
2021-01-27,2021012705000396,PLI,59,47,10,632.00,"6,320.00"
2021-01-27,2021012705000395,PLI,59,59,10,632.00,"6,320.00"
2021-01-27,2021012705000394,PLI,59,58,10,632.00,"6,320.00"
2021-01-27,2021012705000393,PLI,59,16,10,632.00,"6,320.00"
2021-01-27,2021012705000404,PLI,59,38,10,632.00,"6,320.00"
2021-01-27,2021012705000403,PLI,59,51,10,632.00,"6,320.00"
2021-01-27,2021012705000402,PLI,59,35,10,632.00,"6,320.00"
2021-01-27,2021012705000401,PLI,59,34,10,632.00,"6,320.00"
2021-01-27,2021012705000400,PLI,59,20,10,632.00,"6,320.00"
2021-01-27,2021012705000399,PLI,59,47,10,632.00,"6,320.00"
2021-01-27,2021012705000410,PLI,59,20,10,632.00,"6,320.00"
2021-01-27,2021012705000409,PLI,59,59,10,632.00,"6,320.00"
2021-01-27,2021012705000408,PLI,59,50,10,632.00,"6,320.00"
2021-01-27,2021012705000407,PLI,59,20,10,632.00,"6,320.00"
2021-01-27,2021012705000406,PLI,59,7,10,632.00,"6,320.00"
2021-01-27,2021012705000405,PLI,59,20,10,632.00,"6,320.00"
2021-01-27,2021012705000416,PLI,59,44,10,632.00,"6,320.00"
2021-01-27,2021012705000415,PLI,59,20,10,632.00,"6,320.00"
2021-01-27,2021012705000414,PLI,59,38,10,632.00,"6,320.00"
2021-01-27,2021012705000413,PLI,59,1,10,632.00,"6,320.00"
2021-01-27,2021012705000412,PLI,59,41,10,632.00,"6,320.00"
2021-01-27,2021012705000411,PLI,59,20,10,632.00,"6,320.00"
2021-01-27,2021012705000422,PLI,59,41,10,632.00,"6,320.00"
2021-01-27,2021012705000421,PLI,59,38,10,632.00,"6,320.00"
2021-01-27,2021012705000420,PLI,59,20,10,632.00,"6,320.00"
2021-01-27,2021012705000419,PLI,59,58,10,632.00,"6,320.00"
2021-01-27,2021012705000418,PLI,59,58,10,632.00,"6,320.00"
2021-01-27,2021012705000417,PLI,59,34,10,632.00,"6,320.00"
2021-01-27,2021012705000428,PLI,59,22,10,632.00,"6,320.00"
2021-01-27,2021012705000427,PLI,59,41,10,632.00,"6,320.00"
2021-01-27,2021012705000426,PLI,59,20,10,632.00,"6,320.00"
2021-01-27,2021012705000425,PLI,59,17,10,632.00,"6,320.00"
2021-01-27,2021012705000424,PLI,59,52,10,632.00,"6,320.00"
2021-01-27,2021012705000423,PLI,59,58,10,632.00,"6,320.00"
2021-01-27,2021012705000434,PLI,59,42,10,632.00,"6,320.00"
2021-01-27,2021012705000433,PLI,59,56,10,632.00,"6,320.00"
2021-01-27,2021012705000432,PLI,59,38,10,632.00,"6,320.00"
2021-01-27,2021012705000431,PLI,59,41,10,632.00,"6,320.00"
2021-01-27,2021012705000430,PLI,59,56,10,632.00,"6,320.00"
2021-01-27,2021012705000429,PLI,59,41,10,632.00,"6,320.00"
2021-01-27,2021012705000440,PLI,59,58,10,632.00,"6,320.00"
2021-01-27,2021012705000439,PLI,59,56,10,632.00,"6,320.00"
2021-01-27,2021012705000438,PLI,59,59,10,632.00,"6,320.00"
2021-01-27,2021012705000437,PLI,59,38,10,632.00,"6,320.00"
2021-01-27,2021012705000436,PLI,59,38,10,632.00,"6,320.00"
2021-01-27,2021012705000435,PLI,59,56,10,632.00,"6,320.00"
2021-01-27,2021012705000446,PLI,59,33,10,632.00,"6,320.00"
2021-01-27,2021012705000445,PLI,59,22,10,632.00,"6,320.00"
2021-01-27,2021012705000444,PLI,59,33,10,632.00,"6,320.00"
2021-01-27,2021012705000443,PLI,59,57,10,632.00,"6,320.00"
2021-01-27,2021012705000442,PLI,59,33,10,632.00,"6,320.00"
2021-01-27,2021012705000441,PLI,59,38,10,632.00,"6,320.00"
2021-01-27,2021012705000452,PLI,59,1,10,632.00,"6,320.00"
2021-01-27,2021012705000451,PLI,59,44,10,632.00,"6,320.00"
2021-01-27,2021012705000450,PLI,59,38,10,632.00,"6,320.00"
2021-01-27,2021012705000449,PLI,59,49,10,632.00,"6,320.00"
2021-01-27,2021012705000448,PLI,59,33,10,632.00,"6,320.00"
2021-01-27,2021012705000447,PLI,59,26,10,632.00,"6,320.00"
2021-01-27,2021012705000458,PLI,59,44,10,632.00,"6,320.00"
2021-01-27,2021012705000457,PLI,59,6,10,632.00,"6,320.00"
2021-01-27,2021012705000456,PLI,59,26,10,632.00,"6,320.00"
2021-01-27,2021012705000455,PLI,59,26,10,632.00,"6,320.00"
2021-01-27,2021012705000454,PLI,59,38,10,632.00,"6,320.00"
2021-01-27,2021012705000453,PLI,59,38,10,632.00,"6,320.00"
2021-01-27,2021012705000464,PLI,59,42,10,632.00,"6,320.00"
2021-01-27,2021012705000463,PLI,59,34,10,632.00,"6,320.00"
2021-01-27,2021012705000462,PLI,59,44,10,632.00,"6,320.00"
2021-01-27,2021012705000461,PLI,59,42,10,632.00,"6,320.00"
2021-01-27,2021012705000460,PLI,59,44,10,632.00,"6,320.00"
2021-01-27,2021012705000459,PLI,59,6,10,632.00,"6,320.00"
2021-01-27,2021012705000470,PLI,59,35,10,632.00,"6,320.00"
2021-01-27,2021012705000469,PLI,59,59,10,632.00,"6,320.00"
2021-01-27,2021012705000468,PLI,59,33,10,632.00,"6,320.00"
2021-01-27,2021012705000467,PLI,59,43,10,632.00,"6,320.00"
2021-01-27,2021012705000466,PLI,59,44,10,632.00,"6,320.00"
2021-01-27,2021012705000465,PLI,59,33,10,632.00,"6,320.00"
2021-01-27,2021012705000476,PLI,59,13,10,632.00,"6,320.00"
2021-01-27,2021012705000475,PLI,59,6,10,632.00,"6,320.00"
2021-01-27,2021012705000474,PLI,59,54,10,632.00,"6,320.00"
2021-01-27,2021012705000473,PLI,59,35,10,632.00,"6,320.00"
2021-01-27,2021012705000472,PLI,59,36,10,632.00,"6,320.00"
2021-01-27,2021012705000471,PLI,59,33,10,632.00,"6,320.00"
2021-01-27,2021012705000482,PLI,59,47,10,632.00,"6,320.00"
2021-01-27,2021012705000481,PLI,59,38,10,632.00,"6,320.00"
2021-01-27,2021012705000480,PLI,59,38,10,632.00,"6,320.00"
2021-01-27,2021012705000479,PLI,59,59,10,632.00,"6,320.00"
2021-01-27,2021012705000478,PLI,59,6,10,632.00,"6,320.00"
2021-01-27,2021012705000477,PLI,59,42,10,632.00,"6,320.00"
2021-01-27,2021012705000488,PLI,59,6,10,632.00,"6,320.00"
2021-01-27,2021012705000487,PLI,59,38,10,632.00,"6,320.00"
2021-01-27,2021012705000486,PLI,59,58,10,632.00,"6,320.00"
2021-01-27,2021012705000485,PLI,59,34,10,632.00,"6,320.00"
2021-01-27,2021012705000484,PLI,59,56,10,632.00,"6,320.00"
2021-01-27,2021012705000483,PLI,59,38,10,632.00,"6,320.00"
2021-01-27,2021012705000494,PLI,59,38,10,632.00,"6,320.00"
2021-01-27,2021012705000493,PLI,59,51,10,632.00,"6,320.00"
2021-01-27,2021012705000492,PLI,59,38,10,632.00,"6,320.00"
2021-01-27,2021012705000491,PLI,59,38,10,632.00,"6,320.00"
2021-01-27,2021012705000490,PLI,59,51,10,632.00,"6,320.00"
2021-01-27,2021012705000489,PLI,59,38,10,632.00,"6,320.00"
2021-01-27,2021012705000500,PLI,59,34,10,632.00,"6,320.00"
2021-01-27,2021012705000499,PLI,59,22,10,632.00,"6,320.00"
2021-01-27,2021012705000498,PLI,59,6,10,632.00,"6,320.00"
2021-01-27,2021012705000497,PLI,59,38,10,632.00,"6,320.00"
2021-01-27,2021012705000496,PLI,59,38,10,632.00,"6,320.00"
2021-01-27,2021012705000495,PLI,59,6,10,632.00,"6,320.00"
2021-01-27,2021012705000506,PLI,59,45,10,632.00,"6,320.00"
2021-01-27,2021012705000505,PLI,59,41,10,632.00,"6,320.00"
2021-01-27,2021012705000504,PLI,59,6,10,632.00,"6,320.00"
2021-01-27,2021012705000503,PLI,59,58,10,632.00,"6,320.00"
2021-01-27,2021012705000502,PLI,59,6,10,632.00,"6,320.00"
2021-01-27,2021012705000501,PLI,59,6,10,632.00,"6,320.00"
2021-01-27,2021012705000512,PLI,59,58,10,632.00,"6,320.00"
2021-01-27,2021012705000511,PLI,59,20,10,632.00,"6,320.00"
2021-01-27,2021012705000510,PLI,59,29,10,632.00,"6,320.00"
2021-01-27,2021012705000509,PLI,59,20,10,632.00,"6,320.00"
2021-01-27,2021012705000508,PLI,59,22,10,632.00,"6,320.00"
2021-01-27,2021012705000507,PLI,59,34,10,632.00,"6,320.00"
2021-01-27,2021012705000518,PLI,59,57,10,632.00,"6,320.00"
2021-01-27,2021012705000517,PLI,59,33,10,632.00,"6,320.00"
2021-01-27,2021012705000516,PLI,59,34,10,632.00,"6,320.00"
2021-01-27,2021012705000515,PLI,59,25,10,632.00,"6,320.00"
2021-01-27,2021012705000514,PLI,59,49,10,632.00,"6,320.00"
2021-01-27,2021012705000513,PLI,59,42,10,632.00,"6,320.00"
2021-01-27,2021012705000524,PLI,59,16,10,632.00,"6,320.00"
2021-01-27,2021012705000523,PLI,59,22,10,632.00,"6,320.00"
2021-01-27,2021012705000522,PLI,59,34,10,632.00,"6,320.00"
2021-01-27,2021012705000521,PLI,59,45,10,632.00,"6,320.00"
2021-01-27,2021012705000520,PLI,59,34,10,632.00,"6,320.00"
2021-01-27,2021012705000519,PLI,59,34,10,632.00,"6,320.00"
2021-01-27,2021012705000530,PLI,59,47,10,632.00,"6,320.00"
2021-01-27,2021012705000529,PLI,59,42,10,632.00,"6,320.00"
2021-01-27,2021012705000528,PLI,59,57,10,632.00,"6,320.00"
2021-01-27,2021012705000527,PLI,59,34,10,632.00,"6,320.00"
2021-01-27,2021012705000526,PLI,59,57,10,632.00,"6,320.00"
2021-01-27,2021012705000525,PLI,59,34,10,632.00,"6,320.00"
2021-01-27,2021012704018997,AHPC,4,54,108,248.00,"26,784.00"
2021-01-27,2021012704018914,AHPC,4,54,150,248.00,"37,200.00"
2021-01-27,2021012704019088,AIL,35,58,50,702.00,"35,100.00"
2021-01-27,2021012704019087,AIL,35,57,10,702.00,"7,020.00"
2021-01-27,2021012704018907,AIL,14,41,10,702.00,"7,020.00"
2021-01-27,2021012704018906,AIL,14,47,35,701.00,"24,535.00"
2021-01-27,2021012704018765,AIL,50,47,10,700.00,"7,000.00"
2021-01-27,2021012704018702,AKJCL,57,53,130,139.00,"18,070.00"
2021-01-27,2021012704018932,AKPL,32,45,"1,500",301.00,"451,500.00"
2021-01-27,2021012704018931,AKPL,36,45,90,301.00,"27,090.00"
2021-01-27,2021012704018771,AKPL,58,58,751,302.00,"226,802.00"
2021-01-27,2021012704018770,AKPL,58,22,13,302.00,"3,926.00"
2021-01-27,2021012704018769,AKPL,58,14,250,302.00,"75,500.00"
2021-01-27,2021012704018768,AKPL,58,57,10,301.00,"3,010.00"
2021-01-27,2021012704018767,AKPL,58,1,700,301.00,"210,700.00"
2021-01-27,2021012704019138,API,5,28,50,286.00,"14,300.00"
2021-01-27,2021012704019083,API,42,59,200,285.00,"57,000.00"
2021-01-27,2021012704018925,API,42,54,328,285.00,"93,480.00"
2021-01-27,2021012704018880,API,50,28,100,286.00,"28,600.00"
2021-01-27,2021012704018840,API,42,46,419,285.00,"119,415.00"
2021-01-27,2021012704018839,API,19,46,180,285.00,"51,300.00"
2021-01-27,2021012704018838,API,49,46,401,285.00,"114,285.00"
2021-01-27,2021012704018813,BARUN,8,46,10,236.00,"2,360.00"
2021-01-27,2021012704019056,BBC,26,25,10,"2,980.00","29,800.00"
2021-01-27,2021012704018865,BBC,45,57,10,"2,990.00","29,900.00"
2021-01-27,2021012704019078,BPCL,11,17,54,405.00,"21,870.00"
2021-01-27,2021012704019077,BPCL,52,17,40,405.00,"16,200.00"
2021-01-27,2021012704019076,BPCL,59,17,100,405.00,"40,500.00"
2021-01-27,2021012704019075,BPCL,49,17,125,405.00,"50,625.00"
2021-01-27,2021012704019074,BPCL,28,17,81,405.00,"32,805.00"
2021-01-27,2021012704018893,BPCL,28,59,19,405.00,"7,695.00"
2021-01-27,2021012704018693,BPCL,51,42,100,406.00,"40,600.00"
2021-01-27,2021012704018886,BPCL,50,59,542,405.00,"219,510.00"
2021-01-27,2021012704018885,BPCL,47,59,500,405.00,"202,500.00"
2021-01-27,2021012704018877,BPCL,41,42,80,406.00,"32,480.00"
2021-01-27,2021012704018843,BPCL,35,42,200,406.00,"81,200.00"
2021-01-27,2021012704018892,BPCL,45,59,50,405.00,"20,250.00"
2021-01-27,2021012704018891,BPCL,45,59,50,405.00,"20,250.00"
2021-01-27,2021012704018890,BPCL,54,59,19,405.00,"7,695.00"
2021-01-27,2021012704018889,BPCL,25,59,100,405.00,"40,500.00"
2021-01-27,2021012704018888,BPCL,1,59,20,405.00,"8,100.00"
2021-01-27,2021012704018887,BPCL,51,59,100,405.00,"40,500.00"
2021-01-27,2021012704019140,CHCL,45,46,450,587.00,"264,150.00"
2021-01-27,2021012704019067,CHCL,49,47,200,588.00,"117,600.00"
2021-01-27,2021012704019032,CHCL,58,47,50,588.00,"29,400.00"
2021-01-27,2021012704018991,CHCL,45,59,302,587.00,"177,274.00"
2021-01-27,2021012704018990,CHCL,45,59,500,587.00,"293,500.00"
2021-01-27,2021012704018989,CHCL,48,59,50,587.00,"29,350.00"
2021-01-27,2021012704018755,CHCL,25,47,500,588.00,"294,000.00"
2021-01-27,2021012704018720,CHCL,49,46,100,588.00,"58,800.00"
2021-01-27,2021012704018719,CHCL,28,46,100,588.00,"58,800.00"
2021-01-27,2021012704018988,CHCL,51,59,500,587.00,"293,500.00"
2021-01-27,2021012704018987,CHCL,56,59,503,587.00,"295,261.00"
2021-01-27,2021012704018957,CHCL,56,33,97,587.00,"56,939.00"
2021-01-27,2021012704018956,CHCL,7,33,10,587.00,"5,870.00"
2021-01-27,2021012704018913,CHCL,45,47,10,588.00,"5,880.00"
2021-01-27,2021012704018811,CHCL,11,47,100,588.00,"58,800.00"
2021-01-27,2021012704018788,CHL,34,58,920,172.00,"158,240.00"
2021-01-27,2021012704018787,CHL,49,58,270,175.00,"47,250.00"
2021-01-27,2021012704018823,CMF1,28,45,500,10.10,"5,050.00"
2021-01-27,2021012704019057,DHPL,14,19,"4,746",117.00,"555,282.00"
2021-01-27,2021012704018791,DHPL,11,19,389,117.00,"45,513.00"
2021-01-27,2021012704019065,EIC,22,34,100,677.00,"67,700.00"
2021-01-27,2021012704018766,EIC,57,52,80,675.00,"54,000.00"
2021-01-27,2021012704018699,EIC,14,52,20,677.00,"13,540.00"
2021-01-27,2021012704019130,GIC,26,6,10,632.00,"6,320.00"
2021-01-27,2021012704019034,GIC,29,6,10,632.00,"6,320.00"
2021-01-27,2021012704018862,GIC,21,21,10,631.00,"6,310.00"
2021-01-27,2021012704018817,GIC,21,36,10,631.00,"6,310.00"
2021-01-27,2021012704018739,GIC,21,39,840,632.00,"530,880.00"
2021-01-27,2021012704018732,GIC,21,36,10,631.00,"6,310.00"
2021-01-27,2021012704018697,GIC,21,42,10,631.00,"6,310.00"
2021-01-27,2021012704018745,GIC,21,4,10,632.00,"6,320.00"
2021-01-27,2021012704018744,GIC,21,45,10,632.00,"6,320.00"
2021-01-27,2021012704018743,GIC,21,51,10,632.00,"6,320.00"
2021-01-27,2021012704018742,GIC,21,42,10,632.00,"6,320.00"
2021-01-27,2021012704018741,GIC,21,22,100,632.00,"63,200.00"
2021-01-27,2021012704018740,GIC,21,7,400,632.00,"252,800.00"
2021-01-27,2021012704018696,GIMES1,7,58,"3,000",13.50,"40,500.00"
2021-01-27,2021012704018695,GIMES1,7,42,"1,000",13.50,"13,500.00"
2021-01-27,2021012704019084,HDHPC,44,58,300,141.00,"42,300.00"
2021-01-27,2021012704018910,HDHPC,44,57,200,141.00,"28,200.00"
2021-01-27,2021012704018909,HDHPC,57,57,500,141.00,"70,500.00"
2021-01-27,2021012704018908,HDHPC,16,57,300,141.00,"42,300.00"
2021-01-27,2021012704018884,HDHPC,16,57,500,141.00,"70,500.00"
2021-01-27,2021012704018818,HDHPC,16,35,"1,200",141.00,"169,200.00"
2021-01-27,2021012704019100,HGI,45,18,100,689.00,"68,900.00"
2021-01-27,2021012704019095,HGI,54,18,100,689.00,"68,900.00"
2021-01-27,2021012704019094,HGI,54,50,100,689.00,"68,900.00"
2021-01-27,2021012704019016,HGI,42,58,323,685.00,"221,255.00"
2021-01-27,2021012704019015,HGI,50,58,200,685.00,"137,000.00"
2021-01-27,2021012704019014,HGI,35,58,100,685.00,"68,500.00"
2021-01-27,2021012704018757,HGI,41,33,50,690.00,"34,500.00"
2021-01-27,2021012704018709,HGI,41,52,30,690.00,"20,700.00"
2021-01-27,2021012704018708,HGI,41,58,80,690.00,"55,200.00"
2021-01-27,2021012704018808,HGI,14,39,160,688.00,"110,080.00"
2021-01-27,2021012704018807,HGI,58,39,50,689.00,"34,450.00"
2021-01-27,2021012704018806,HGI,19,39,24,689.00,"16,536.00"
2021-01-27,2021012704018805,HGI,54,39,105,690.00,"72,450.00"
2021-01-27,2021012704018762,HGI,54,33,145,690.00,"100,050.00"
2021-01-27,2021012704018758,HGI,14,33,300,690.00,"207,000.00"
2021-01-27,2021012704019001,HGI,1,58,59,688.00,"40,592.00"
2021-01-27,2021012704019000,HGI,14,58,500,689.00,"344,500.00"
2021-01-27,2021012704018858,HGI,52,47,100,690.00,"69,000.00"
2021-01-27,2021012704018814,HGI,34,14,10,691.00,"6,910.00"
2021-01-27,2021012704018810,HGI,1,39,641,688.00,"441,008.00"
2021-01-27,2021012704018809,HGI,46,39,20,688.00,"13,760.00"
2021-01-27,2021012704019007,HGI,58,58,100,686.00,"68,600.00"
2021-01-27,2021012704019006,HGI,34,58,100,686.00,"68,600.00"
2021-01-27,2021012704019005,HGI,32,58,310,686.00,"212,660.00"
2021-01-27,2021012704019004,HGI,5,58,92,686.00,"63,112.00"
2021-01-27,2021012704019003,HGI,49,58,135,687.00,"92,745.00"
2021-01-27,2021012704019002,HGI,5,58,200,687.00,"137,400.00"
2021-01-27,2021012704019013,HGI,19,58,100,685.00,"68,500.00"
2021-01-27,2021012704019012,HGI,42,58,50,685.00,"34,250.00"
2021-01-27,2021012704019011,HGI,26,58,30,685.00,"20,550.00"
2021-01-27,2021012704019010,HGI,25,58,20,685.00,"13,700.00"
2021-01-27,2021012704019009,HGI,49,58,500,685.00,"342,500.00"
2021-01-27,2021012704019008,HGI,42,58,181,685.00,"123,985.00"
2021-01-27,2021012704019133,HPPL,19,40,89,286.00,"25,454.00"
2021-01-27,2021012704018777,IGI,42,59,50,"1,099.00","54,950.00"
2021-01-27,2021012704018776,IGI,42,42,"1,000","1,095.00","1,095,000.00"
2021-01-27,2021012704018775,IGI,42,6,500,"1,095.00","547,500.00"
2021-01-27,2021012704018774,IGI,42,34,500,"1,095.00","547,500.00"
2021-01-27,2021012704018773,IGI,42,42,179,"1,095.00","196,005.00"
2021-01-27,2021012704018772,IGI,42,45,445,"1,095.00","487,275.00"
2021-01-27,2021012704018783,IGI,42,54,65,"1,100.00","71,500.00"
2021-01-27,2021012704018782,IGI,42,32,"1,000","1,100.00","1,100,000.00"
2021-01-27,2021012704018781,IGI,42,42,920,"1,100.00","1,012,000.00"
2021-01-27,2021012704018780,IGI,42,42,30,"1,099.00","32,970.00"
2021-01-27,2021012704018779,IGI,42,22,111,"1,099.00","121,989.00"
2021-01-27,2021012704018778,IGI,42,45,200,"1,099.00","219,800.00"
2021-01-27,2021012704018846,IGI,42,49,200,"1,099.00","219,800.00"
2021-01-27,2021012704018845,IGI,42,35,25,"1,096.00","27,400.00"
2021-01-27,2021012704018844,IGI,42,35,84,"1,094.00","91,896.00"
2021-01-27,2021012704018852,IGI,42,21,100,"1,100.00","110,000.00"
2021-01-27,2021012704018851,IGI,42,17,200,"1,100.00","220,000.00"
2021-01-27,2021012704018850,IGI,42,42,500,"1,100.00","550,000.00"
2021-01-27,2021012704018849,IGI,42,17,500,"1,100.00","550,000.00"
2021-01-27,2021012704018848,IGI,42,55,150,"1,100.00","165,000.00"
2021-01-27,2021012704018847,IGI,42,54,435,"1,100.00","478,500.00"
2021-01-27,2021012704018857,IGI,42,49,"1,186","1,108.00","1,314,088.00"
2021-01-27,2021012704018856,IGI,42,29,500,"1,100.00","550,000.00"
2021-01-27,2021012704018855,IGI,42,45,350,"1,100.00","385,000.00"
2021-01-27,2021012704018854,IGI,42,42,500,"1,100.00","550,000.00"
2021-01-27,2021012704018853,IGI,42,45,270,"1,100.00","297,000.00"
2021-01-27,2021012704018945,IGI,35,54,20,"1,093.00","21,860.00"
2021-01-27,2021012704018944,IGI,35,43,10,"1,090.00","10,900.00"
2021-01-27,2021012704019049,IGI,42,49,814,"1,108.00","901,912.00"
2021-01-27,2021012704019048,IGI,42,17,100,"1,107.00","110,700.00"
2021-01-27,2021012704019047,IGI,42,55,100,"1,100.00","110,000.00"
2021-01-27,2021012704019046,IGI,42,54,10,"1,093.00","10,930.00"
2021-01-27,2021012704019055,IGI,42,13,76,"1,110.00","84,360.00"
2021-01-27,2021012704019054,IGI,42,45,50,"1,110.00","55,500.00"
2021-01-27,2021012704019053,IGI,42,36,100,"1,110.00","111,000.00"
2021-01-27,2021012704019052,IGI,42,37,200,"1,109.00","221,800.00"
2021-01-27,2021012704019051,IGI,42,29,500,"1,108.00","554,000.00"
2021-01-27,2021012704019050,IGI,42,13,50,"1,108.00","55,400.00"
2021-01-27,2021012704019139,JOSHI,18,54,450,125.00,"56,250.00"
2021-01-27,2021012704019136,KKHC,5,22,10,120.00,"1,200.00"
2021-01-27,2021012704019121,KKHC,19,55,16,119.00,"1,904.00"
2021-01-27,2021012704019036,KKHC,19,45,73,119.00,"8,687.00"
2021-01-27,2021012704019035,KKHC,38,45,127,119.00,"15,113.00"
2021-01-27,2021012704018711,KKHC,38,41,300,119.00,"35,700.00"
2021-01-27,2021012704018701,KKHC,18,22,16,120.00,"1,920.00"
2021-01-27,2021012704019064,LEC,14,48,990,230.00,"227,700.00"
2021-01-27,2021012704019063,LEC,43,48,10,231.00,"2,310.00"
2021-01-27,2021012704018761,LEC,43,38,40,231.00,"9,240.00"
2021-01-27,2021012704018760,LEC,18,38,10,232.00,"2,320.00"
2021-01-27,2021012704018746,LEC,18,11,30,232.00,"6,960.00"
2021-01-27,2021012704019085,LGIL,3,34,200,720.00,"144,000.00"
2021-01-27,2021012704019031,LGIL,34,11,33,718.00,"23,694.00"
2021-01-27,2021012704019030,LGIL,45,11,120,719.00,"86,280.00"
2021-01-27,2021012704019029,LGIL,48,11,33,719.00,"23,727.00"
2021-01-27,2021012704019028,LGIL,43,11,14,719.00,"10,066.00"
2021-01-27,2021012704018999,LGIL,28,34,40,720.00,"28,800.00"
2021-01-27,2021012704018804,LGIL,18,49,29,720.00,"20,880.00"
2021-01-27,2021012704018689,LGIL,43,25,20,719.00,"14,380.00"
2021-01-27,2021012704018998,LGIL,28,49,60,720.00,"43,200.00"
2021-01-27,2021012704018978,LGIL,55,49,100,720.00,"72,000.00"
2021-01-27,2021012704018829,LGIL,52,49,840,720.00,"604,800.00"
2021-01-27,2021012704018828,LGIL,52,36,100,720.00,"72,000.00"
2021-01-27,2021012704018827,LGIL,52,45,20,720.00,"14,400.00"
2021-01-27,2021012704018826,LGIL,52,49,40,720.00,"28,800.00"
2021-01-27,2021012704018738,LUK,28,14,200,9.87,"1,974.00"
2021-01-27,2021012704019109,MEN,6,40,10,537.00,"5,370.00"
2021-01-27,2021012704019108,MEN,6,44,10,537.00,"5,370.00"
2021-01-27,2021012704019107,MEN,6,8,10,537.00,"5,370.00"
2021-01-27,2021012704019106,MEN,6,38,10,537.00,"5,370.00"
2021-01-27,2021012704019105,MEN,6,49,10,537.00,"5,370.00"
2021-01-27,2021012704019104,MEN,6,10,10,537.00,"5,370.00"
2021-01-27,2021012704018703,MEN,59,58,10,534.00,"5,340.00"
2021-01-27,2021012704018917,MEN,46,41,10,534.00,"5,340.00"
2021-01-27,2021012704018876,MEN,35,47,10,529.00,"5,290.00"
2021-01-27,2021012704018875,MEN,35,58,10,529.00,"5,290.00"
2021-01-27,2021012704018812,MEN,35,58,10,529.00,"5,290.00"
2021-01-27,2021012704018759,MEN,59,41,150,534.00,"80,100.00"
2021-01-27,2021012704018749,MEN,59,58,10,534.00,"5,340.00"
2021-01-27,2021012704019103,MEN,6,32,100,535.00,"53,500.00"
2021-01-27,2021012704019102,MEN,6,38,140,534.00,"74,760.00"
2021-01-27,2021012704019066,MEN,48,34,10,530.00,"5,300.00"
2021-01-27,2021012704018965,MEN,46,38,20,534.00,"10,680.00"
2021-01-27,2021012704018919,MEN,48,58,10,530.00,"5,300.00"
2021-01-27,2021012704018918,MEN,46,34,10,535.00,"5,350.00"
2021-01-27,2021012704018707,MHNL,19,35,41,216.00,"8,856.00"
2021-01-27,2021012704018706,MHNL,29,35,389,216.00,"84,024.00"
2021-01-27,2021012704018934,NBF2,17,5,500,10.40,"5,200.00"
2021-01-27,2021012704019073,NEF,42,48,100,11.24,"1,124.00"
2021-01-27,2021012704019033,NEF,17,32,"3,380",11.20,"37,856.00"
2021-01-27,2021012704018996,NEF,17,11,"5,000",11.20,"56,000.00"
2021-01-27,2021012704018995,NEF,17,10,724,11.20,"8,108.80"
2021-01-27,2021012704018994,NEF,17,53,"2,414",11.19,"27,012.66"
2021-01-27,2021012704018993,NEF,17,6,"10,329",11.19,"115,581.51"
2021-01-27,2021012704018992,NEF,17,22,"2,253",11.19,"25,211.07"
2021-01-27,2021012704018737,NGPL,45,22,100,236.00,"23,600.00"
2021-01-27,2021012704018901,NIBLPF,6,28,505,11.12,"5,615.60"
2021-01-27,2021012704018955,NICBF,37,59,"2,000",10.47,"20,940.00"
2021-01-27,2021012704019126,NICL,4,33,403,750.00,"302,250.00"
2021-01-27,2021012704019125,NICL,4,13,100,750.00,"75,000.00"
2021-01-27,2021012704019124,NICL,4,41,970,750.00,"727,500.00"
2021-01-27,2021012704019123,NICL,4,26,27,748.00,"20,196.00"
2021-01-27,2021012704019079,NICL,14,26,10,748.00,"7,480.00"
2021-01-27,2021012704019038,NICL,49,26,163,749.00,"122,087.00"
2021-01-27,2021012704018710,NICL,16,10,100,746.00,"74,600.00"
2021-01-27,2021012704018964,NICL,49,51,50,749.00,"37,450.00"
2021-01-27,2021012704018963,NICL,49,48,37,749.00,"27,713.00"
2021-01-27,2021012704018936,NICL,42,48,50,749.00,"37,450.00"
2021-01-27,2021012704018820,NICL,14,48,13,749.00,"9,737.00"
2021-01-27,2021012704018819,NICL,14,10,17,748.00,"12,716.00"
2021-01-27,2021012704018715,NICL,17,45,10,747.00,"7,470.00"
2021-01-27,2021012704019082,NIL,33,57,70,"1,442.00","100,940.00"
2021-01-27,2021012704019081,NIL,25,57,30,"1,443.00","43,290.00"
2021-01-27,2021012704019070,NIL,25,13,74,"1,443.00","106,782.00"
2021-01-27,2021012704019069,NIL,18,13,30,"1,443.00","43,290.00"
2021-01-27,2021012704018947,NIL,54,16,50,"1,444.00","72,200.00"
2021-01-27,2021012704018939,NIL,4,16,300,"1,444.00","433,200.00"
2021-01-27,2021012704018927,NIL,54,16,200,"1,444.00","288,800.00"
2021-01-27,2021012704018905,NIL,34,16,50,"1,444.00","72,200.00"
2021-01-27,2021012704018705,NLG,25,38,20,949.00,"18,980.00"
2021-01-27,2021012704018704,NLG,25,47,50,945.00,"47,250.00"
2021-01-27,2021012704018822,NLG,49,38,880,949.00,"835,120.00"
2021-01-27,2021012704018821,NLG,49,49,120,948.00,"113,760.00"
2021-01-27,2021012704019043,NMB50,5,47,100,11.30,"1,130.00"
2021-01-27,2021012704019042,NMB50,5,58,300,11.25,"3,375.00"
2021-01-27,2021012704019128,OHL,34,50,100,522.00,"52,200.00"
2021-01-27,2021012704019072,OHL,16,52,"1,450",516.00,"748,200.00"
2021-01-27,2021012704019071,OHL,54,52,100,516.00,"51,600.00"
2021-01-27,2021012704019062,OHL,34,50,350,522.00,"182,700.00"
2021-01-27,2021012704019061,OHL,34,55,50,522.00,"26,100.00"
2021-01-27,2021012704019060,OHL,34,10,100,522.00,"52,200.00"
2021-01-27,2021012704019119,PIC,4,6,70,"1,220.00","85,400.00"
2021-01-27,2021012704019118,PIC,4,29,200,"1,220.00","244,000.00"
2021-01-27,2021012704019117,PIC,4,14,141,"1,219.00","171,879.00"
2021-01-27,2021012704019116,PIC,4,22,100,"1,219.00","121,900.00"
2021-01-27,2021012704019115,PIC,4,6,20,"1,218.00","24,360.00"
2021-01-27,2021012704019114,PIC,4,51,64,"1,216.00","77,824.00"
2021-01-27,2021012704018717,PIC,41,45,86,"1,215.00","104,490.00"
2021-01-27,2021012704018716,PIC,41,29,264,"1,215.00","320,760.00"
2021-01-27,2021012704018859,PIC,44,33,60,"1,214.00","72,840.00"
2021-01-27,2021012704018825,PIC,58,33,200,"1,214.00","242,800.00"
2021-01-27,2021012704018784,PIC,4,33,380,"1,214.00","461,320.00"
2021-01-27,2021012704018748,PIC,4,6,20,"1,214.00","24,280.00"
2021-01-27,2021012704018747,PIC,48,6,80,"1,214.00","97,120.00"
2021-01-27,2021012704018730,PIC,48,45,10,"1,215.00","12,150.00"
2021-01-27,2021012704019113,PIC,4,45,"1,300","1,215.00","1,579,500.00"
2021-01-27,2021012704019112,PIC,4,57,14,"1,215.00","17,010.00"
2021-01-27,2021012704019017,PIC,44,57,30,"1,215.00","36,450.00"
2021-01-27,2021012704018929,PIC,45,57,50,"1,214.00","60,700.00"
2021-01-27,2021012704018928,PIC,45,33,300,"1,214.00","364,200.00"
2021-01-27,2021012704018902,PIC,44,33,60,"1,214.00","72,840.00"
2021-01-27,2021012704018971,PICL,57,50,58,703.00,"40,774.00"
2021-01-27,2021012704018970,PICL,57,38,30,701.00,"21,030.00"
2021-01-27,2021012704018940,PICL,40,38,20,701.00,"14,020.00"
2021-01-27,2021012705000036,PLI,59,32,10,632.00,"6,320.00"
2021-01-27,2021012705000035,PLI,59,52,10,632.00,"6,320.00"
2021-01-27,2021012705000034,PLI,59,21,10,632.00,"6,320.00"
2021-01-27,2021012705000033,PLI,59,29,10,632.00,"6,320.00"
2021-01-27,2021012705000032,PLI,59,19,10,632.00,"6,320.00"
2021-01-27,2021012705000031,PLI,59,19,10,632.00,"6,320.00"
2021-01-27,2021012705000006,PLI,49,26,10,603.00,"6,030.00"
2021-01-27,2021012705000005,PLI,49,43,10,603.00,"6,030.00"
2021-01-27,2021012705000004,PLI,49,5,10,603.00,"6,030.00"
2021-01-27,2021012705000003,PLI,49,11,10,603.00,"6,030.00"
2021-01-27,2021012705000002,PLI,49,22,10,603.00,"6,030.00"
2021-01-27,2021012705000001,PLI,49,22,10,603.00,"6,030.00"
2021-01-27,2021012705000012,PLI,59,21,10,632.00,"6,320.00"
2021-01-27,2021012705000011,PLI,59,52,10,632.00,"6,320.00"
2021-01-27,2021012705000010,PLI,59,34,10,632.00,"6,320.00"
2021-01-27,2021012705000009,PLI,11,22,10,627.00,"6,270.00"
2021-01-27,2021012705000008,PLI,49,53,10,615.00,"6,150.00"
2021-01-27,2021012705000007,PLI,49,58,10,603.00,"6,030.00"
2021-01-27,2021012705000018,PLI,59,21,10,632.00,"6,320.00"
2021-01-27,2021012705000017,PLI,59,34,10,632.00,"6,320.00"
2021-01-27,2021012705000016,PLI,59,22,10,632.00,"6,320.00"
2021-01-27,2021012705000015,PLI,59,21,10,632.00,"6,320.00"
2021-01-27,2021012705000014,PLI,59,5,10,632.00,"6,320.00"
2021-01-27,2021012705000013,PLI,59,58,10,632.00,"6,320.00"
2021-01-27,2021012705000024,PLI,59,21,10,632.00,"6,320.00"
2021-01-27,2021012705000023,PLI,59,49,10,632.00,"6,320.00"
2021-01-27,2021012705000022,PLI,59,26,10,632.00,"6,320.00"
2021-01-27,2021012705000021,PLI,59,53,10,632.00,"6,320.00"
2021-01-27,2021012705000020,PLI,59,34,10,632.00,"6,320.00"
2021-01-27,2021012705000019,PLI,59,57,10,632.00,"6,320.00"
2021-01-27,2021012705000030,PLI,59,51,10,632.00,"6,320.00"
2021-01-27,2021012705000029,PLI,59,58,10,632.00,"6,320.00"
2021-01-27,2021012705000028,PLI,59,10,10,632.00,"6,320.00"
2021-01-27,2021012705000027,PLI,59,48,10,632.00,"6,320.00"
2021-01-27,2021012705000026,PLI,59,57,10,632.00,"6,320.00"
2021-01-27,2021012705000025,PLI,59,48,10,632.00,"6,320.00"
2021-01-27,2021012704019027,PMHPL,21,52,10,137.00,"1,370.00"
2021-01-27,2021012704019058,PRIN,19,49,100,903.00,"90,300.00"
2021-01-27,2021012704019037,PRIN,21,49,150,903.00,"135,450.00"
2021-01-27,2021012704018977,PRIN,58,45,100,903.00,"90,300.00"
2021-01-27,2021012704018966,PRIN,22,37,24,902.00,"21,648.00"
2021-01-27,2021012704018802,PRIN,22,49,126,902.00,"113,652.00"
2021-01-27,2021012704018694,PRIN,53,55,150,901.00,"135,150.00"
2021-01-27,2021012704018687,PRIN,20,44,100,901.00,"90,100.00"
2021-01-27,2021012704018980,RADHI,45,21,33,298.00,"9,834.00"
2021-01-27,2021012704019059,RBCL,34,38,10,"17,540.00","175,400.00"
2021-01-27,2021012704019120,RHPC,42,53,200,179.00,"35,800.00"
2021-01-27,2021012704019080,RHPC,19,37,10,180.00,"1,800.00"
2021-01-27,2021012704019045,RHPC,13,37,10,180.00,"1,800.00"
2021-01-27,2021012704018916,RHPC,43,53,50,179.00,"8,950.00"
2021-01-27,2021012704019101,RHPL,58,58,900,380.00,"342,000.00"
2021-01-27,2021012704018958,RHPL,57,38,30,381.00,"11,430.00"
2021-01-27,2021012704018879,RHPL,58,41,190,380.00,"72,200.00"
2021-01-27,2021012704018837,RHPL,58,41,80,380.00,"30,400.00"
2021-01-27,2021012704018836,RHPL,58,57,10,380.00,"3,800.00"
2021-01-27,2021012704018835,RHPL,58,59,"3,000",380.00,"1,140,000.00"
2021-01-27,2021012704018700,RHPL,58,34,100,376.00,"37,600.00"
2021-01-27,2021012704018763,RHPL,33,38,20,375.00,"7,500.00"
2021-01-27,2021012704018753,RHPL,33,58,30,375.00,"11,250.00"
2021-01-27,2021012704018752,RHPL,1,58,20,375.00,"7,500.00"
2021-01-27,2021012704018751,RHPL,19,58,50,376.00,"18,800.00"
2021-01-27,2021012704018750,RHPL,44,58,100,376.00,"37,600.00"
2021-01-27,2021012704018718,RHPL,44,34,10,376.00,"3,760.00"
2021-01-27,2021012704018834,RHPL,58,36,50,380.00,"19,000.00"
2021-01-27,2021012704018833,RHPL,58,34,30,380.00,"11,400.00"
2021-01-27,2021012704018832,RHPL,58,58,10,380.00,"3,800.00"
2021-01-27,2021012704018831,RHPL,58,33,280,379.00,"106,120.00"
2021-01-27,2021012704018830,RHPL,58,13,40,377.00,"15,080.00"
2021-01-27,2021012704018764,RHPL,39,38,480,375.00,"180,000.00"
2021-01-27,2021012704019135,RRHP,28,29,360,296.00,"106,560.00"
2021-01-27,2021012704019134,RRHP,10,29,140,296.00,"41,440.00"
2021-01-27,2021012704019041,RRHP,10,1,10,296.00,"2,960.00"
2021-01-27,2021012704018921,RRHP,10,21,10,296.00,"2,960.00"
2021-01-27,2021012704018952,SFMF,49,19,100,11.24,"1,124.00"
2021-01-27,2021012704018951,SFMF,49,8,100,11.20,"1,120.00"
2021-01-27,2021012704018950,SFMF,49,44,200,11.10,"2,220.00"
2021-01-27,2021012704018874,SFMF,22,57,"1,000",11.05,"11,050.00"
2021-01-27,2021012704019137,SGI,26,57,10,635.00,"6,350.00"
2021-01-27,2021012704019129,SGI,29,57,40,635.00,"25,400.00"
2021-01-27,2021012704019122,SGI,26,57,100,635.00,"63,500.00"
2021-01-27,2021012704019099,SGI,28,21,10,634.00,"6,340.00"
2021-01-27,2021012704018915,SGI,25,36,10,635.00,"6,350.00"
2021-01-27,2021012704018756,SGI,25,57,110,635.00,"69,850.00"
2021-01-27,2021012704018923,SHL,39,45,190,207.00,"39,330.00"
2021-01-27,2021012704019127,SHPC,34,16,20,335.00,"6,700.00"
2021-01-27,2021012704019098,SHPC,58,14,100,333.00,"33,300.00"
2021-01-27,2021012704019097,SHPC,58,38,600,333.00,"199,800.00"
2021-01-27,2021012704019096,SHPC,58,44,250,333.00,"83,250.00"
2021-01-27,2021012704018938,SHPC,47,44,100,333.00,"33,300.00"
2021-01-27,2021012704018800,SHPC,49,35,"1,000",332.00,"332,000.00"
2021-01-27,2021012704018881,SIC,26,28,34,"1,270.00","43,180.00"
2021-01-27,2021012704018712,SIC,13,28,200,"1,270.00","254,000.00"
2021-01-27,2021012704019148,SICL,36,28,20,"2,389.00","47,780.00"
2021-01-27,2021012704019141,SICL,36,53,100,"2,389.00","238,900.00"
2021-01-27,2021012704019110,SICL,45,53,100,"2,389.00","238,900.00"
2021-01-27,2021012704019068,SICL,43,53,200,"2,389.00","477,800.00"
2021-01-27,2021012704018986,SICL,49,49,25,"2,385.00","59,625.00"
2021-01-27,2021012704018985,SICL,42,49,25,"2,385.00","59,625.00"
2021-01-27,2021012704018721,SICL,28,26,115,"2,381.00","273,815.00"
2021-01-27,2021012704018714,SICL,44,47,49,"2,380.00","116,620.00"
2021-01-27,2021012704018713,SICL,58,47,282,"2,380.00","671,160.00"
2021-01-27,2021012704018692,SICL,58,53,18,"2,380.00","42,840.00"
2021-01-27,2021012704018691,SICL,22,53,50,"2,380.00","119,000.00"
2021-01-27,2021012704018690,SICL,41,53,31,"2,380.00","73,780.00"
2021-01-27,2021012704018727,SICL,28,49,10,"2,385.00","23,850.00"
2021-01-27,2021012704018726,SICL,28,13,100,"2,384.00","238,400.00"
2021-01-27,2021012704018725,SICL,28,51,40,"2,382.00","95,280.00"
2021-01-27,2021012704018724,SICL,28,21,166,"2,381.00","395,246.00"
2021-01-27,2021012704018723,SICL,28,19,20,"2,381.00","47,620.00"
2021-01-27,2021012704018722,SICL,28,13,18,"2,381.00","42,858.00"
2021-01-27,2021012704018860,SICL,21,47,100,"2,384.00","238,400.00"
2021-01-27,2021012704018790,SICL,44,51,71,"2,385.00","169,335.00"
2021-01-27,2021012704018789,SICL,44,6,29,"2,385.00","69,165.00"
2021-01-27,2021012704018785,SICL,47,17,10,"2,381.00","23,810.00"
2021-01-27,2021012704018729,SICL,28,6,21,"2,385.00","50,085.00"
2021-01-27,2021012704018728,SICL,28,38,10,"2,385.00","23,850.00"
2021-01-27,2021012704018870,SICL,36,29,50,"2,385.00","119,250.00"
2021-01-27,2021012704018869,SICL,36,26,50,"2,385.00","119,250.00"
2021-01-27,2021012704018868,SICL,36,51,29,"2,385.00","69,165.00"
2021-01-27,2021012704018867,SICL,36,14,10,"2,384.00","23,840.00"
2021-01-27,2021012704018864,SICL,44,21,20,"2,380.00","47,600.00"
2021-01-27,2021012704018863,SICL,47,21,30,"2,381.00","71,430.00"
2021-01-27,2021012704018894,SICL,21,14,79,"2,380.00","188,020.00"
2021-01-27,2021012704018883,SICL,21,44,20,"2,380.00","47,600.00"
2021-01-27,2021012704018882,SICL,44,44,30,"2,380.00","71,400.00"
2021-01-27,2021012704018873,SICL,36,39,91,"2,388.00","217,308.00"
2021-01-27,2021012704018872,SICL,36,10,50,"2,388.00","119,400.00"
2021-01-27,2021012704018871,SICL,36,28,20,"2,386.00","47,720.00"
2021-01-27,2021012704018982,SICL,42,48,65,"2,385.00","155,025.00"
2021-01-27,2021012704018962,SICL,57,48,10,"2,385.00","23,850.00"
2021-01-27,2021012704018943,SICL,38,48,25,"2,385.00","59,625.00"
2021-01-27,2021012704018942,SICL,38,36,25,"2,383.00","59,575.00"
2021-01-27,2021012704018896,SICL,51,14,11,"2,380.00","26,180.00"
2021-01-27,2021012704018895,SICL,59,14,10,"2,380.00","23,800.00"
2021-01-27,2021012704019093,SIL,44,44,250,"1,130.00","282,500.00"
2021-01-27,2021012704019092,SIL,44,28,185,"1,130.00","209,050.00"
2021-01-27,2021012704019091,SIL,44,57,500,"1,129.00","564,500.00"
2021-01-27,2021012704019090,SIL,44,1,25,"1,123.00","28,075.00"
2021-01-27,2021012704019039,SIL,55,1,75,"1,123.00","84,225.00"
2021-01-27,2021012704018976,SIL,44,28,815,"1,130.00","920,950.00"
2021-01-27,2021012704018866,SIL,42,1,500,"1,125.00","562,500.00"
2021-01-27,2021012704018861,SIL,28,1,100,"1,125.00","112,500.00"
2021-01-27,2021012704018842,SIL,48,1,10,"1,125.00","11,250.00"
2021-01-27,2021012704018786,SIL,43,1,50,"1,125.00","56,250.00"
2021-01-27,2021012704018754,SIL,5,4,30,"1,122.00","33,660.00"
2021-01-27,2021012704018949,SIL,18,1,150,"1,125.00","168,750.00"
2021-01-27,2021012704018948,SIL,18,57,50,"1,124.00","56,200.00"
2021-01-27,2021012704018935,SIL,5,57,250,"1,124.00","281,000.00"
2021-01-27,2021012704018922,SIL,59,57,200,"1,124.00","224,800.00"
2021-01-27,2021012704018920,SIL,42,1,500,"1,125.00","562,500.00"
2021-01-27,2021012704018878,SIL,48,1,100,"1,125.00","112,500.00"
2021-01-27,2021012704018975,SIL,44,40,35,"1,130.00","39,550.00"
2021-01-27,2021012704018974,SIL,44,40,500,"1,130.00","565,000.00"
2021-01-27,2021012704018973,SIL,44,8,500,"1,129.00","564,500.00"
2021-01-27,2021012704018972,SIL,44,40,150,"1,129.00","169,350.00"
2021-01-27,2021012704018961,SIL,42,44,449,"1,125.00","505,125.00"
2021-01-27,2021012704018960,SIL,42,1,51,"1,125.00","57,375.00"
2021-01-27,2021012704019086,SJCL,13,57,73,308.00,"22,484.00"
2021-01-27,2021012704018967,SJCL,41,57,127,308.00,"39,116.00"
2021-01-27,2021012704019132,SPDL,50,41,600,247.00,"148,200.00"
2021-01-27,2021012704019131,SPDL,50,13,400,246.00,"98,400.00"
2021-01-27,2021012704018912,SPDL,29,41,429,247.00,"105,963.00"
2021-01-27,2021012704018899,SPDL,29,45,180,247.00,"44,460.00"
2021-01-27,2021012704018898,SPDL,29,40,15,247.00,"3,705.00"
2021-01-27,2021012704018897,SPDL,29,52,376,247.00,"92,872.00"
2021-01-27,2021012704018686,SPDL,58,6,151,245.00,"36,995.00"
2021-01-27,2021012704018685,SPDL,50,6,19,245.00,"4,655.00"
2021-01-27,2021012704018816,SPDL,37,52,124,247.00,"30,628.00"
2021-01-27,2021012704018815,SPDL,37,40,376,247.00,"92,872.00"
2021-01-27,2021012704018735,SPDL,58,11,30,245.00,"7,350.00"
2021-01-27,2021012704018734,SPDL,33,11,470,246.00,"115,620.00"
2021-01-27,2021012704018731,SPDL,59,40,100,247.00,"24,700.00"
2021-01-27,2021012704018698,SPDL,33,11,30,246.00,"7,380.00"
2021-01-27,2021012704019040,SSHL,49,57,20,173.00,"3,460.00"
2021-01-27,2021012704018937,SSHL,22,57,500,173.00,"86,500.00"
2021-01-27,2021012704018924,SSHL,19,57,50,173.00,"8,650.00"
2021-01-27,2021012704018801,SSHL,49,57,20,173.00,"3,460.00"
2021-01-27,2021012704018736,SSHL,34,57,100,173.00,"17,300.00"
2021-01-27,2021012704018983,STC,59,57,10,"8,100.00","81,000.00"
2021-01-27,2021012704019111,TRH,58,45,230,326.00,"74,980.00"
2021-01-27,2021012704018981,TRH,58,58,20,325.00,"6,500.00"
2021-01-27,2021012704018959,TRH,58,58,750,325.00,"243,750.00"
2021-01-27,2021012704018946,TRH,16,58,50,325.00,"16,250.00"
2021-01-27,2021012704018688,TRH,57,58,500,325.00,"162,500.00"
2021-01-27,2021012704019044,UIC,43,50,100,625.00,"62,500.00"
2021-01-27,2021012704018984,UIC,6,50,200,625.00,"125,000.00"
2021-01-27,2021012704018979,UIC,50,50,100,625.00,"62,500.00"
2021-01-27,2021012704018911,UIC,13,22,34,624.00,"21,216.00"
2021-01-27,2021012704018803,UIC,47,50,50,625.00,"31,250.00"
2021-01-27,2021012704019026,UMHL,55,28,"1,478",172.00,"254,216.00"
2021-01-27,2021012704019025,UMHL,44,28,"1,000",172.00,"172,000.00"
2021-01-27,2021012704019018,UMHL,16,28,120,173.00,"20,760.00"
2021-01-27,2021012704018954,UMHL,16,41,500,173.00,"86,500.00"
2021-01-27,2021012704018953,UMHL,16,8,70,173.00,"12,110.00"
2021-01-27,2021012704019024,UMHL,44,28,"10,000",172.00,"1,720,000.00"
2021-01-27,2021012704019023,UMHL,29,28,200,172.00,"34,400.00"
2021-01-27,2021012704019022,UMHL,38,28,"1,000",172.00,"172,000.00"
2021-01-27,2021012704019021,UMHL,44,28,652,172.00,"112,144.00"
2021-01-27,2021012704019020,UMHL,58,28,500,173.00,"86,500.00"
2021-01-27,2021012704019019,UMHL,34,28,50,173.00,"8,650.00"
2021-01-27,2021012704018941,UMRH,41,6,10,234.00,"2,340.00"
2021-01-27,2021012704018824,UNHPL,58,35,380,121.00,"45,980.00"
2021-01-27,2021012704019089,UPCL,34,45,100,141.00,"14,100.00"
2021-01-27,2021012704018926,UPCL,34,38,500,141.00,"70,500.00"
2021-01-27,2021012704018733,UPCL,34,58,50,141.00,"7,050.00"
2021-01-27,2021012704019147,UPPER,29,43,93,494.00,"45,942.00"
2021-01-27,2021012704019146,UPPER,14,43,10,494.00,"4,940.00"
2021-01-27,2021012704019145,UPPER,48,43,200,494.00,"98,800.00"
2021-01-27,2021012704019144,UPPER,51,43,100,494.00,"49,400.00"
2021-01-27,2021012704019143,UPPER,1,43,20,494.00,"9,880.00"
2021-01-27,2021012704019142,UPPER,35,43,575,494.00,"284,050.00"
2021-01-27,2021012704018797,UPPER,48,10,200,495.00,"99,000.00"
2021-01-27,2021012704018796,UPPER,58,10,200,495.00,"99,000.00"
2021-01-27,2021012704018795,UPPER,26,10,500,495.00,"247,500.00"
2021-01-27,2021012704018794,UPPER,42,10,200,495.00,"99,000.00"
2021-01-27,2021012704018793,UPPER,42,10,400,495.00,"198,000.00"
2021-01-27,2021012704018792,UPPER,25,10,30,495.00,"14,850.00"
2021-01-27,2021012704018841,UPPER,25,10,50,495.00,"24,750.00"
2021-01-27,2021012704018799,UPPER,52,10,10,495.00,"4,950.00"
2021-01-27,2021012704018798,UPPER,42,10,100,495.00,"49,500.00"
2021-01-27,2021012704018900,UPPER,41,10,66,495.00,"32,670.00"
2021-01-27,2021012704018933,UPPER,11,39,100,495.00,"49,500.00"
2021-01-27,2021012704018930,UPPER,8,39,334,495.00,"165,330.00"
2021-01-27,2021012704018904,UPPER,8,49,166,495.00,"82,170.00"
2021-01-27,2021012704018903,UPPER,41,49,34,495.00,"16,830.00"
2021-01-27,2021012704018969,UPPER,35,51,425,494.00,"209,950.00"
2021-01-27,2021012704018968,UPPER,59,51,75,494.00,"37,050.00"
2021-01-27,2021012704018329,AHPC,35,33,65,250.00,"16,250.00"
2021-01-27,2021012704018328,AHPC,35,49,535,246.00,"131,610.00"
2021-01-27,2021012704018302,AHPC,58,49,465,246.00,"114,390.00"
2021-01-27,2021012704018285,AHPC,39,33,"1,554",250.00,"388,500.00"
2021-01-27,2021012704018284,AHPC,39,43,"1,000",249.00,"249,000.00"
2021-01-27,2021012704018283,AHPC,39,26,100,249.00,"24,900.00"
2021-01-27,2021012704018282,AHPC,39,55,"1,000",247.00,"247,000.00"
2021-01-27,2021012704018281,AHPC,39,34,500,247.00,"123,500.00"
2021-01-27,2021012704018280,AHPC,39,34,446,247.00,"110,162.00"
2021-01-27,2021012704018238,AHPC,58,58,500,246.00,"123,000.00"
2021-01-27,2021012704018237,AHPC,58,45,15,246.00,"3,690.00"
2021-01-27,2021012704018236,AHPC,58,3,"1,020",246.00,"250,920.00"
2021-01-27,2021012704018484,AIL,42,36,10,700.00,"7,000.00"
2021-01-27,2021012704018432,AIL,58,47,13,701.00,"9,113.00"
2021-01-27,2021012704018362,AIL,48,34,40,700.00,"28,000.00"
2021-01-27,2021012704018361,AIL,48,36,10,698.00,"6,980.00"
2021-01-27,2021012704018549,AKJCL,55,45,93,138.00,"12,834.00"
2021-01-27,2021012704018509,AKPL,58,42,20,300.00,"6,000.00"
2021-01-27,2021012704018508,AKPL,58,28,"1,500",300.00,"450,000.00"
2021-01-27,2021012704018507,AKPL,58,8,"3,756",300.00,"1,126,800.00"
2021-01-27,2021012704018476,AKPL,36,8,500,300.00,"150,000.00"
2021-01-27,2021012704018455,AKPL,28,8,200,300.00,"60,000.00"
2021-01-27,2021012704018383,AKPL,32,3,300,299.00,"89,700.00"
2021-01-27,2021012704018258,AKPL,21,6,300,299.00,"89,700.00"
2021-01-27,2021012704018257,AKPL,34,6,160,299.00,"47,840.00"
2021-01-27,2021012704018214,AKPL,34,49,100,299.00,"29,900.00"
2021-01-27,2021012704018340,AKPL,32,3,153,299.00,"45,747.00"
2021-01-27,2021012704018339,AKPL,58,3,347,299.00,"103,753.00"
2021-01-27,2021012704018299,AKPL,58,21,13,299.00,"3,887.00"
2021-01-27,2021012704018261,AKPL,58,6,140,299.00,"41,860.00"
2021-01-27,2021012704018260,AKPL,57,6,200,299.00,"59,800.00"
2021-01-27,2021012704018259,AKPL,58,6,200,299.00,"59,800.00"
2021-01-27,2021012704018489,API,38,28,250,286.00,"71,500.00"
2021-01-27,2021012704018488,API,49,52,753,285.00,"214,605.00"
2021-01-27,2021012704018487,API,49,26,"3,000",285.00,"855,000.00"
2021-01-27,2021012704018486,API,49,10,237,285.00,"67,545.00"
2021-01-27,2021012704018485,API,49,26,"5,609",285.00,"1,598,565.00"
2021-01-27,2021012704018459,API,49,17,28,284.00,"7,952.00"
2021-01-27,2021012704018430,API,52,26,200,285.00,"57,000.00"
2021-01-27,2021012704018355,API,4,26,700,285.00,"199,500.00"
2021-01-27,2021012704018325,API,45,26,100,285.00,"28,500.00"
2021-01-27,2021012704018244,API,10,26,200,285.00,"57,000.00"
2021-01-27,2021012704018364,BARUN,8,6,10,237.00,"2,370.00"
2021-01-27,2021012704018363,BARUN,8,51,190,236.00,"44,840.00"
2021-01-27,2021012704018304,BARUN,8,51,10,236.00,"2,360.00"
2021-01-27,2021012704018262,BARUN,25,7,100,235.00,"23,500.00"
2021-01-27,2021012704018240,BARUN,8,38,10,235.00,"2,350.00"
2021-01-27,2021012704018630,BPCL,17,42,10,406.00,"4,060.00"
2021-01-27,2021012704018619,BPCL,50,38,12,405.00,"4,860.00"
2021-01-27,2021012704018605,BPCL,39,42,50,406.00,"20,300.00"
2021-01-27,2021012704018334,BPCL,13,42,20,406.00,"8,120.00"
2021-01-27,2021012704018318,BPCL,50,42,240,405.00,"97,200.00"
2021-01-27,2021012704018264,BPCL,13,42,20,406.00,"8,120.00"
2021-01-27,2021012704018677,CHL,49,26,200,175.00,"35,000.00"
2021-01-27,2021012704018533,CHL,58,22,10,178.00,"1,780.00"
2021-01-27,2021012704018336,CHL,32,58,10,179.00,"1,790.00"
2021-01-27,2021012704018632,EIC,57,28,732,675.00,"494,100.00"
2021-01-27,2021012704018631,EIC,46,28,268,678.00,"181,704.00"
2021-01-27,2021012704018423,EIC,46,16,100,677.00,"67,700.00"
2021-01-27,2021012704018422,EIC,46,54,132,677.00,"89,364.00"
2021-01-27,2021012704018519,GHL,56,4,150,125.00,"18,750.00"
2021-01-27,2021012704018230,GHL,56,52,30,125.00,"3,750.00"
2021-01-27,2021012704018629,GIC,21,6,500,631.00,"315,500.00"
2021-01-27,2021012704018511,GIC,21,13,200,631.00,"126,200.00"
2021-01-27,2021012704018510,GIC,14,13,20,631.00,"12,620.00"
2021-01-27,2021012704018493,GIC,14,59,10,631.00,"6,310.00"
2021-01-27,2021012704018478,GIC,29,39,50,632.00,"31,600.00"
2021-01-27,2021012704018243,GIC,14,38,10,631.00,"6,310.00"
2021-01-27,2021012704018239,GIC,14,45,10,631.00,"6,310.00"
2021-01-27,2021012704018386,GIC,41,39,20,632.00,"12,640.00"
2021-01-27,2021012704018358,GIC,14,36,10,631.00,"6,310.00"
2021-01-27,2021012704018342,GIC,14,46,10,631.00,"6,310.00"
2021-01-27,2021012704018307,GIC,14,52,10,631.00,"6,310.00"
2021-01-27,2021012704018305,GIC,14,21,10,631.00,"6,310.00"
2021-01-27,2021012704018544,GIMES1,50,48,"10,000",13.46,"134,600.00"
2021-01-27,2021012704018288,HDHPC,55,43,100,141.00,"14,100.00"
2021-01-27,2021012704018287,HDHPC,55,55,"1,000",141.00,"141,000.00"
2021-01-27,2021012704018286,HDHPC,55,54,460,141.00,"64,860.00"
2021-01-27,2021012704018250,HDHPC,55,35,10,140.00,"1,400.00"
2021-01-27,2021012704018676,HGI,44,58,700,690.00,"483,000.00"
2021-01-27,2021012704018543,HGI,14,58,100,690.00,"69,000.00"
2021-01-27,2021012704018491,HGI,14,58,300,690.00,"207,000.00"
2021-01-27,2021012704018477,HGI,38,58,24,690.00,"16,560.00"
2021-01-27,2021012704018457,HGI,50,18,180,690.00,"124,200.00"
2021-01-27,2021012704018456,HGI,17,18,950,690.00,"655,500.00"
2021-01-27,2021012704018217,HGI,57,39,50,690.00,"34,500.00"
2021-01-27,2021012704018392,HGI,21,58,100,691.00,"69,100.00"
2021-01-27,2021012704018376,HGI,38,33,105,692.00,"72,660.00"
2021-01-27,2021012704018375,HGI,38,44,70,692.00,"48,440.00"
2021-01-27,2021012704018374,HGI,38,59,50,692.00,"34,600.00"
2021-01-27,2021012704018265,HGI,34,59,10,692.00,"6,920.00"
2021-01-27,2021012704018218,HGI,17,39,"1,050",690.00,"724,500.00"
2021-01-27,2021012704018357,HPPL,40,37,150,287.00,"43,050.00"
2021-01-27,2021012704018349,HPPL,19,37,121,284.00,"34,364.00"
2021-01-27,2021012704018682,HURJA,7,40,20,207.00,"4,140.00"
2021-01-27,2021012704018681,HURJA,7,18,20,207.00,"4,140.00"
2021-01-27,2021012704018680,HURJA,7,25,20,207.00,"4,140.00"
2021-01-27,2021012704018679,HURJA,7,25,20,207.00,"4,140.00"
2021-01-27,2021012704018678,HURJA,7,49,10,207.00,"2,070.00"
2021-01-27,2021012704018672,IGI,42,45,55,"1,095.00","60,225.00"
2021-01-27,2021012704018671,IGI,42,17,50,"1,095.00","54,750.00"
2021-01-27,2021012704018670,IGI,42,43,50,"1,094.00","54,700.00"
2021-01-27,2021012704018669,IGI,42,56,40,"1,093.00","43,720.00"
2021-01-27,2021012704018668,IGI,42,44,100,"1,090.00","109,000.00"
2021-01-27,2021012704018667,IGI,42,52,50,"1,090.00","54,500.00"
2021-01-27,2021012704018215,IGI,42,55,300,"1,050.00","315,000.00"
2021-01-27,2021012704018292,IGI,42,38,"1,342","1,055.00","1,415,810.00"
2021-01-27,2021012704018291,IGI,42,25,15,"1,054.00","15,810.00"
2021-01-27,2021012704018290,IGI,42,55,200,"1,050.00","210,000.00"
2021-01-27,2021012704018279,IGI,42,55,500,"1,050.00","525,000.00"
2021-01-27,2021012704018368,IGI,22,42,20,"1,060.00","21,200.00"
2021-01-27,2021012704018295,IGI,42,6,"1,543","1,065.00","1,643,295.00"
2021-01-27,2021012704018294,IGI,42,54,100,"1,064.00","106,400.00"
2021-01-27,2021012704018293,IGI,42,45,"1,800","1,060.00","1,908,000.00"
2021-01-27,2021012704018636,IGI,42,42,980,"1,060.00","1,038,800.00"
2021-01-27,2021012704018635,IGI,42,21,343,"1,059.00","363,237.00"
2021-01-27,2021012704018642,IGI,42,55,500,"1,069.00","534,500.00"
2021-01-27,2021012704018641,IGI,42,21,125,"1,065.00","133,125.00"
2021-01-27,2021012704018640,IGI,42,21,80,"1,065.00","85,200.00"
2021-01-27,2021012704018639,IGI,42,6,457,"1,065.00","486,705.00"
2021-01-27,2021012704018638,IGI,42,32,500,"1,064.00","532,000.00"
2021-01-27,2021012704018637,IGI,42,38,"1,000","1,060.00","1,060,000.00"
2021-01-27,2021012704018648,IGI,42,39,900,"1,074.00","966,600.00"
2021-01-27,2021012704018647,IGI,42,35,100,"1,074.00","107,400.00"
2021-01-27,2021012704018646,IGI,42,50,200,"1,070.00","214,000.00"
2021-01-27,2021012704018645,IGI,42,14,100,"1,070.00","107,000.00"
2021-01-27,2021012704018644,IGI,42,43,10,"1,070.00","10,700.00"
2021-01-27,2021012704018643,IGI,42,8,"1,240","1,070.00","1,326,800.00"
2021-01-27,2021012704018654,IGI,42,10,30,"1,078.00","32,340.00"
2021-01-27,2021012704018653,IGI,42,49,312,"1,078.00","336,336.00"
2021-01-27,2021012704018652,IGI,42,5,50,"1,078.00","53,900.00"
2021-01-27,2021012704018651,IGI,42,55,500,"1,078.00","539,000.00"
2021-01-27,2021012704018650,IGI,42,14,100,"1,076.00","107,600.00"
2021-01-27,2021012704018649,IGI,42,55,300,"1,075.00","322,500.00"
2021-01-27,2021012704018660,IGI,42,42,500,"1,080.00","540,000.00"
2021-01-27,2021012704018659,IGI,42,35,20,"1,080.00","21,600.00"
2021-01-27,2021012704018658,IGI,42,57,200,"1,080.00","216,000.00"
2021-01-27,2021012704018657,IGI,42,36,100,"1,080.00","108,000.00"
2021-01-27,2021012704018656,IGI,42,36,100,"1,080.00","108,000.00"
2021-01-27,2021012704018655,IGI,42,41,"2,000","1,079.00","2,158,000.00"
2021-01-27,2021012704018666,IGI,42,41,50,"1,090.00","54,500.00"
2021-01-27,2021012704018665,IGI,42,55,100,"1,087.00","108,700.00"
2021-01-27,2021012704018664,IGI,42,37,100,"1,081.00","108,100.00"
2021-01-27,2021012704018663,IGI,42,58,58,"1,081.00","62,698.00"
2021-01-27,2021012704018662,IGI,42,55,500,"1,081.00","540,500.00"
2021-01-27,2021012704018661,IGI,42,22,100,"1,080.00","108,000.00"
2021-01-27,2021012704018518,JOSHI,18,58,20,125.00,"2,500.00"
2021-01-27,2021012704018517,JOSHI,18,25,100,125.00,"12,500.00"
2021-01-27,2021012704018516,JOSHI,18,45,50,125.00,"6,250.00"
2021-01-27,2021012704018515,JOSHI,18,8,20,125.00,"2,500.00"
2021-01-27,2021012704018514,JOSHI,18,53,20,125.00,"2,500.00"
2021-01-27,2021012704018513,JOSHI,18,51,50,125.00,"6,250.00"
2021-01-27,2021012704018512,JOSHI,18,55,20,125.00,"2,500.00"
2021-01-27,2021012704018427,JOSHI,35,59,965,124.00,"119,660.00"
2021-01-27,2021012704018426,JOSHI,58,59,100,124.00,"12,400.00"
2021-01-27,2021012704018425,JOSHI,40,59,65,124.00,"8,060.00"
2021-01-27,2021012704018330,JOSHI,40,52,10,124.00,"1,240.00"
2021-01-27,2021012704018389,KKHC,45,22,100,120.00,"12,000.00"
