Date,Transact. No.,Symbol,Buyer,Seller,Quantity,Rate,Amount
2019-03-03,2019030301004756,ADBL,14,42,20,294.00,"5,880.00"
2019-03-03,2019030301004383,ADBL,57,42,20,294.00,"5,880.00"
2019-03-03,2019030301004360,ADBL,57,42,60,294.00,"17,640.00"
2019-03-03,2019030301004308,ADBL,38,42,34,291.00,"9,894.00"
2019-03-03,2019030301004307,ADBL,57,42,16,291.00,"4,656.00"
2019-03-03,2019030301004306,ADBL,43,42,10,292.00,"2,920.00"
2019-03-03,2019030301004683,AKJCL,29,42,20,80.00,"1,600.00"
2019-03-03,2019030301004640,AKJCL,29,42,20,80.00,"1,600.00"
2019-03-03,2019030301004768,ALICL,57,44,100,545.00,"54,500.00"
2019-03-03,2019030301004767,ALICL,41,44,100,545.00,"54,500.00"
2019-03-03,2019030301004766,ALICL,50,44,220,546.00,"120,120.00"
2019-03-03,2019030301004765,ALICL,51,44,50,546.00,"27,300.00"
2019-03-03,2019030301004508,ALICL,19,56,500,546.00,"273,000.00"
2019-03-03,2019030301004507,ALICL,41,56,100,547.00,"54,700.00"
2019-03-03,2019030301004341,ALICL,52,54,498,547.00,"272,406.00"
2019-03-03,2019030301004340,ALICL,58,54,231,547.00,"126,357.00"
2019-03-03,2019030301004803,API,33,42,500,126.00,"63,000.00"
2019-03-03,2019030301004747,API,56,22,100,125.00,"12,500.00"
2019-03-03,2019030301004532,API,56,42,100,126.00,"12,600.00"
2019-03-03,2019030301004416,API,33,42,100,126.00,"12,600.00"
2019-03-03,2019030301004349,BARUN,7,45,10,91.00,910.00
2019-03-03,2019030301004714,BHBL,4,1,"1,000",145.00,"145,000.00"
2019-03-03,2019030301004699,BHBL,4,16,200,144.00,"28,800.00"
2019-03-03,2019030301004698,BHBL,4,45,40,144.00,"5,760.00"
2019-03-03,2019030301004697,BHBL,4,17,233,144.00,"33,552.00"
2019-03-03,2019030301004660,BOKL,26,18,150,237.00,"35,550.00"
2019-03-03,2019030301004659,BOKL,33,18,100,237.00,"23,700.00"
2019-03-03,2019030301004658,BOKL,19,18,20,237.00,"4,740.00"
2019-03-03,2019030301004657,BOKL,52,18,56,237.00,"13,272.00"
2019-03-03,2019030301004647,BOKL,14,43,"2,000",238.00,"476,000.00"
2019-03-03,2019030301004646,BOKL,58,43,100,238.00,"23,800.00"
2019-03-03,2019030301004645,BOKL,14,43,492,238.00,"117,096.00"
2019-03-03,2019030301004506,BOKL,32,41,100,239.00,"23,900.00"
2019-03-03,2019030301004417,BOKL,29,41,500,239.00,"119,500.00"
2019-03-03,2019030301004356,BOKL,14,37,100,238.00,"23,800.00"
2019-03-03,2019030301004597,BPCL,25,13,50,336.00,"16,800.00"
2019-03-03,2019030301004496,BPCL,25,35,20,336.00,"6,720.00"
2019-03-03,2019030301004593,CBBL,19,52,50,868.00,"43,400.00"
2019-03-03,2019030301004402,CBBL,29,58,70,867.00,"60,690.00"
2019-03-03,2019030301004314,CBBL,35,58,30,868.00,"26,040.00"
2019-03-03,2019030301004791,CBL,58,38,505,147.00,"74,235.00"
2019-03-03,2019030301004790,CBL,42,38,"2,000",147.00,"294,000.00"
2019-03-03,2019030301004789,CBL,1,38,500,147.00,"73,500.00"
2019-03-03,2019030301004788,CBL,1,38,643,147.00,"94,521.00"
2019-03-03,2019030301004772,CBL,42,6,850,148.00,"125,800.00"
2019-03-03,2019030301004696,CBL,32,6,100,148.00,"14,800.00"
2019-03-03,2019030301004547,CBL,6,48,170,147.00,"24,990.00"
2019-03-03,2019030301004522,CBL,42,38,"1,500",148.00,"222,000.00"
2019-03-03,2019030301004385,CBL,44,6,"1,000",148.00,"148,000.00"
2019-03-03,2019030301004338,CBL,5,38,"1,000",148.00,"148,000.00"
2019-03-03,2019030301004320,CBL,40,38,500,148.00,"74,000.00"
2019-03-03,2019030301004690,CBL,1,36,101,147.00,"14,847.00"
2019-03-03,2019030301004644,CBL,49,6,50,148.00,"7,400.00"
2019-03-03,2019030301004620,CBL,1,21,256,147.00,"37,632.00"
2019-03-03,2019030301004619,CBL,42,21,170,147.00,"24,990.00"
2019-03-03,2019030301004549,CBL,42,48,"1,830",147.00,"269,010.00"
2019-03-03,2019030301004548,CBL,1,48,200,147.00,"29,400.00"
2019-03-03,2019030301004624,CCBL,36,52,390,159.00,"62,010.00"
2019-03-03,2019030301004623,CCBL,36,36,100,159.00,"15,900.00"
2019-03-03,2019030301004622,CCBL,36,45,"2,200",159.00,"349,800.00"
2019-03-03,2019030301004621,CCBL,36,28,37,159.00,"5,883.00"
2019-03-03,2019030301004616,CCBL,41,25,200,158.00,"31,600.00"
2019-03-03,2019030301004567,CCBL,41,37,189,158.00,"29,862.00"
2019-03-03,2019030301004565,CCBL,41,37,"1,000",158.00,"158,000.00"
2019-03-03,2019030301004488,CCBL,41,51,19,158.00,"3,002.00"
2019-03-03,2019030301004393,CCBL,36,36,4,159.00,636.00
2019-03-03,2019030301004738,CFCL,43,14,500,109.00,"54,500.00"
2019-03-03,2019030301004595,CHCL,49,48,200,500.00,"100,000.00"
2019-03-03,2019030301004591,CHCL,47,33,50,501.00,"25,050.00"
2019-03-03,2019030301004561,CHCL,57,33,50,501.00,"25,050.00"
2019-03-03,2019030301004505,CHCL,49,33,198,500.00,"99,000.00"
2019-03-03,2019030301004504,CHCL,49,48,50,500.00,"25,000.00"
2019-03-03,2019030301004681,CHLBS,26,21,10,570.00,"5,700.00"
2019-03-03,2019030301004654,CHLBS,19,21,10,570.00,"5,700.00"
2019-03-03,2019030301004636,CHLBS,19,21,10,570.00,"5,700.00"
2019-03-03,2019030301004631,CHLBS,8,55,10,570.00,"5,700.00"
2019-03-03,2019030301004617,CHLBS,8,21,10,570.00,"5,700.00"
2019-03-03,2019030301004600,CHLBS,8,49,10,570.00,"5,700.00"
2019-03-03,2019030301004386,CHLBS,52,26,10,571.00,"5,710.00"
2019-03-03,2019030301004359,CHLBS,8,52,20,570.00,"11,400.00"
2019-03-03,2019030301004495,CHLBS,8,21,10,570.00,"5,700.00"
2019-03-03,2019030301004479,CHLBS,8,21,10,570.00,"5,700.00"
2019-03-03,2019030301004444,CHLBS,57,57,10,572.00,"5,720.00"
2019-03-03,2019030301004432,CHLBS,52,21,10,571.00,"5,710.00"
2019-03-03,2019030301004431,CHLBS,52,34,10,571.00,"5,710.00"
2019-03-03,2019030301004406,CHLBS,52,21,10,571.00,"5,710.00"
2019-03-03,2019030301004545,CHLBS,8,21,10,570.00,"5,700.00"
2019-03-03,2019030301004534,CHLBS,8,21,10,570.00,"5,700.00"
2019-03-03,2019030301004529,CHLBS,8,21,10,570.00,"5,700.00"
2019-03-03,2019030301004517,CHLBS,8,43,10,570.00,"5,700.00"
2019-03-03,2019030301004515,CHLBS,8,21,10,570.00,"5,700.00"
2019-03-03,2019030301004509,CHLBS,8,21,10,570.00,"5,700.00"
2019-03-03,2019030301004598,CHLBS,8,21,10,570.00,"5,700.00"
2019-03-03,2019030301004590,CHLBS,8,21,10,570.00,"5,700.00"
2019-03-03,2019030301004578,CHLBS,26,22,10,573.00,"5,730.00"
2019-03-03,2019030301004577,CHLBS,26,34,10,571.00,"5,710.00"
2019-03-03,2019030301004576,CHLBS,8,21,10,570.00,"5,700.00"
2019-03-03,2019030301004558,CHLBS,8,21,10,570.00,"5,700.00"
2019-03-03,2019030301004603,CIT,16,20,20,"2,521.00","50,420.00"
2019-03-03,2019030301004602,CIT,56,20,50,"2,522.00","126,100.00"
2019-03-03,2019030301004601,CIT,45,20,30,"2,522.00","75,660.00"
2019-03-03,2019030301004401,CLBSL,26,13,60,604.00,"36,240.00"
2019-03-03,2019030301004400,CLBSL,48,13,12,607.00,"7,284.00"
2019-03-03,2019030301004399,CLBSL,57,13,20,607.00,"12,140.00"
2019-03-03,2019030301004398,CLBSL,56,13,50,607.00,"30,350.00"
2019-03-03,2019030301004397,CLBSL,47,13,16,616.00,"9,856.00"
2019-03-03,2019030301004800,CZBIL,25,54,31,201.00,"6,231.00"
2019-03-03,2019030301004799,CZBIL,25,54,24,201.00,"4,824.00"
2019-03-03,2019030301004798,CZBIL,13,54,30,201.00,"6,030.00"
2019-03-03,2019030301004797,CZBIL,14,54,300,201.00,"60,300.00"
2019-03-03,2019030301004796,CZBIL,57,54,99,201.00,"19,899.00"
2019-03-03,2019030301004468,CZBIL,14,54,120,201.00,"24,120.00"
2019-03-03,2019030301004467,CZBIL,45,54,29,201.00,"5,829.00"
2019-03-03,2019030301004312,CZBIL,45,45,37,201.00,"7,437.00"
2019-03-03,2019030301004309,CZBIL,43,57,"1,000",202.00,"202,000.00"
2019-03-03,2019030301004471,CZBIL,57,54,101,201.00,"20,301.00"
2019-03-03,2019030301004470,CZBIL,48,54,50,201.00,"10,050.00"
2019-03-03,2019030301004469,CZBIL,34,54,150,201.00,"30,150.00"
2019-03-03,2019030301004689,DBBL,32,25,296,121.00,"35,816.00"
2019-03-03,2019030301004677,DBBL,57,25,500,122.00,"61,000.00"
2019-03-03,2019030301004613,DBBL,32,54,704,121.00,"85,184.00"
2019-03-03,2019030301004612,DBBL,35,54,200,121.00,"24,200.00"
2019-03-03,2019030301004611,DBBL,32,54,"1,000",121.00,"121,000.00"
2019-03-03,2019030301004610,DBBL,21,54,300,121.00,"36,300.00"
2019-03-03,2019030301004585,DBBL,32,29,255,122.00,"31,110.00"
2019-03-03,2019030301004584,DBBL,14,29,15,122.00,"1,830.00"
2019-03-03,2019030301004583,DBBL,58,29,600,122.00,"73,200.00"
2019-03-03,2019030301004609,DBBL,45,54,"1,500",121.00,"181,500.00"
2019-03-03,2019030301004608,DBBL,47,54,50,121.00,"6,050.00"
2019-03-03,2019030301004607,DBBL,21,54,410,121.00,"49,610.00"
2019-03-03,2019030301004606,DBBL,1,54,"1,000",121.00,"121,000.00"
2019-03-03,2019030301004605,DBBL,17,54,100,122.00,"12,200.00"
2019-03-03,2019030301004604,DBBL,32,54,245,122.00,"29,890.00"
2019-03-03,2019030301004716,DHPL,19,5,10,87.00,870.00
2019-03-03,2019030301004715,DHPL,19,57,10,87.00,870.00
2019-03-03,2019030301004582,EBL,19,17,83,510.00,"42,330.00"
2019-03-03,2019030301004464,EDBL,34,51,50,275.00,"13,750.00"
2019-03-03,2019030301004407,EIC,53,13,50,802.00,"40,100.00"
2019-03-03,2019030301004503,FMDBL,14,43,145,358.00,"51,910.00"
2019-03-03,2019030301004653,FOWAD,42,10,10,"1,517.00","15,170.00"
2019-03-03,2019030301004755,GBBL,29,1,42,180.00,"7,560.00"
2019-03-03,2019030301004754,GBBL,26,1,50,180.00,"9,000.00"
2019-03-03,2019030301004753,GBBL,44,1,200,180.00,"36,000.00"
2019-03-03,2019030301004787,GBIME,49,42,100,258.00,"25,800.00"
2019-03-03,2019030301004642,GBIME,52,38,896,257.00,"230,272.00"
2019-03-03,2019030301004366,GBLBS,1,13,250,437.00,"109,250.00"
2019-03-03,2019030301004705,GDBL,55,22,567,177.00,"100,359.00"
2019-03-03,2019030301004704,GDBL,57,22,200,177.00,"35,400.00"
2019-03-03,2019030301004703,GDBL,58,22,102,177.00,"18,054.00"
2019-03-03,2019030301004721,GLICL,52,53,250,680.00,"170,000.00"
2019-03-03,2019030301004377,GLICL,52,33,65,680.00,"44,200.00"
2019-03-03,2019030301004750,GUFL,7,29,10,104.00,"1,040.00"
2019-03-03,2019030301004339,GUFL,7,53,10,106.00,"1,060.00"
2019-03-03,2019030301004563,HGI,6,44,137,372.00,"50,964.00"
2019-03-03,2019030301004562,HGI,39,44,100,372.00,"37,200.00"
2019-03-03,2019030301004487,HGI,56,34,100,374.00,"37,400.00"
2019-03-03,2019030301004486,HGI,39,34,50,375.00,"18,750.00"
2019-03-03,2019030301004551,ICFC,58,38,25,145.00,"3,625.00"
2019-03-03,2019030301004719,IGI,28,18,130,393.00,"51,090.00"
2019-03-03,2019030301004718,IGI,45,18,50,393.00,"19,650.00"
2019-03-03,2019030301004717,IGI,51,18,200,393.00,"78,600.00"
2019-03-03,2019030301004512,JBBL,29,19,17,134.00,"2,278.00"
2019-03-03,2019030301004511,JBBL,29,29,34,134.00,"4,556.00"
2019-03-03,2019030301004476,JBNL,19,55,50,164.00,"8,200.00"
2019-03-03,2019030301004475,JBNL,11,55,"1,950",164.00,"319,800.00"
2019-03-03,2019030301004762,JEFL,4,6,50,129.00,"6,450.00"
2019-03-03,2019030301004679,JFL,46,3,144,160.00,"23,040.00"
2019-03-03,2019030301004368,JSLBB,58,47,10,"2,375.00","23,750.00"
2019-03-03,2019030301004355,JSLBB,58,47,50,"2,375.00","118,750.00"
2019-03-03,2019030301004531,JSLBB,10,57,46,"2,374.00","109,204.00"
2019-03-03,2019030301004530,JSLBB,48,57,42,"2,375.00","99,750.00"
2019-03-03,2019030301004442,KADBL,28,51,50,141.00,"7,050.00"
2019-03-03,2019030301004725,KBL,25,52,100,229.00,"22,900.00"
2019-03-03,2019030301004724,KBL,33,52,200,229.00,"45,800.00"
2019-03-03,2019030301004723,KBL,16,52,84,229.00,"19,236.00"
2019-03-03,2019030301004695,KBL,43,40,760,230.00,"174,800.00"
2019-03-03,2019030301004641,KBL,52,40,200,230.00,"46,000.00"
2019-03-03,2019030301004573,KBL,43,40,140,230.00,"32,200.00"
2019-03-03,2019030301004572,KBL,43,35,60,230.00,"13,800.00"
2019-03-03,2019030301004560,KBL,16,57,30,229.00,"6,870.00"
2019-03-03,2019030301004559,KBL,6,57,43,229.00,"9,847.00"
2019-03-03,2019030301004403,KMCDB,52,33,60,825.00,"49,500.00"
2019-03-03,2019030301004313,KRBL,59,36,18,91.00,"1,638.00"
2019-03-03,2019030301004774,LBBL,49,17,200,171.00,"34,200.00"
2019-03-03,2019030301004752,LBBL,37,55,32,170.00,"5,440.00"
2019-03-03,2019030301004751,LBBL,37,55,32,170.00,"5,440.00"
2019-03-03,2019030301004466,LBBL,25,45,13,170.00,"2,210.00"
2019-03-03,2019030301004588,LBL,6,32,801,184.00,"147,384.00"
2019-03-03,2019030301004587,LBL,22,32,200,184.00,"36,800.00"
2019-03-03,2019030301004586,LBL,45,32,200,185.00,"37,000.00"
2019-03-03,2019030301004710,LGIL,1,45,50,500.00,"25,000.00"
2019-03-03,2019030301004566,LGIL,11,6,100,505.00,"50,500.00"
2019-03-03,2019030301004764,LICN,28,25,42,"1,604.00","67,368.00"
2019-03-03,2019030301004691,LICN,32,22,100,"1,600.00","160,000.00"
2019-03-03,2019030301004668,LICN,25,57,115,"1,597.00","183,655.00"
2019-03-03,2019030301004667,LICN,16,57,100,"1,599.00","159,900.00"
2019-03-03,2019030301004592,LICN,28,1,128,"1,601.00","204,928.00"
2019-03-03,2019030301004513,LICN,28,26,72,"1,601.00","115,272.00"
2019-03-03,2019030301004474,LICN,59,22,100,"1,605.00","160,500.00"
2019-03-03,2019030301004454,LICN,59,59,249,"1,606.00","399,894.00"
2019-03-03,2019030301004429,LICN,16,5,11,"1,606.00","17,666.00"
2019-03-03,2019030301004409,LICN,16,5,79,"1,606.00","126,874.00"
2019-03-03,2019030301004408,LICN,14,35,20,"1,607.00","32,140.00"
2019-03-03,2019030301004371,LICN,16,28,21,"1,606.00","33,726.00"
2019-03-03,2019030301004655,MEGA,50,51,222,157.00,"34,854.00"
2019-03-03,2019030301004637,MEGA,47,25,100,155.00,"15,500.00"
2019-03-03,2019030301004541,MEGA,47,59,400,155.00,"62,000.00"
2019-03-03,2019030301004540,MEGA,47,59,500,155.00,"77,500.00"
2019-03-03,2019030301004539,MEGA,41,59,300,155.00,"46,500.00"
2019-03-03,2019030301004538,MEGA,47,59,100,155.00,"15,500.00"
2019-03-03,2019030301004537,MEGA,56,59,200,156.00,"31,200.00"
2019-03-03,2019030301004536,MEGA,52,59,200,156.00,"31,200.00"
2019-03-03,2019030301004348,MEGA,4,45,57,156.00,"8,892.00"
2019-03-03,2019030301004318,MEGA,4,6,443,156.00,"69,108.00"
2019-03-03,2019030301004317,MEGA,19,6,46,156.00,"7,176.00"
2019-03-03,2019030301004662,MERO,1,25,50,579.00,"28,950.00"
2019-03-03,2019030301004661,MERO,45,25,10,588.00,"5,880.00"
2019-03-03,2019030301004520,MERO,50,58,36,590.00,"21,240.00"
2019-03-03,2019030301004519,MERO,54,58,84,590.00,"49,560.00"
2019-03-03,2019030301004319,MLBL,28,36,11,156.00,"1,716.00"
2019-03-03,2019030301004404,MNBBL,57,28,468,338.00,"158,184.00"
2019-03-03,2019030301004378,MNBBL,36,28,32,338.00,"10,816.00"
2019-03-03,2019030301004322,MNBBL,57,6,400,335.00,"134,000.00"
2019-03-03,2019030301004321,MNBBL,57,29,75,335.00,"25,125.00"
2019-03-03,2019030301004516,NABIL,16,8,130,682.00,"88,660.00"
2019-03-03,2019030301004502,NABIL,57,40,70,680.00,"47,600.00"
2019-03-03,2019030301004501,NABIL,4,40,30,680.00,"20,400.00"
2019-03-03,2019030301004500,NABIL,21,40,100,680.00,"68,000.00"
2019-03-03,2019030301004499,NABIL,25,40,200,681.00,"136,200.00"
2019-03-03,2019030301004412,NABIL,1,8,150,682.00,"102,300.00"
2019-03-03,2019030301004411,NABIL,26,8,10,682.00,"6,820.00"
2019-03-03,2019030301004410,NABIL,19,8,30,682.00,"20,460.00"
2019-03-03,2019030301004347,NABIL,19,26,20,682.00,"13,640.00"
2019-03-03,2019030301004346,NABIL,19,26,30,682.00,"20,460.00"
2019-03-03,2019030301004345,NABIL,22,26,50,683.00,"34,150.00"
2019-03-03,2019030301004594,NADEP,29,54,20,666.00,"13,320.00"
2019-03-03,2019030301004575,NADEP,43,54,20,668.00,"13,360.00"
2019-03-03,2019030301004405,NADEP,43,13,10,667.00,"6,670.00"
2019-03-03,2019030301004375,NADEP,29,13,10,667.00,"6,670.00"
2019-03-03,2019030301004445,NBB,45,25,100,184.00,"18,400.00"
2019-03-03,2019030301004527,NBBL,8,40,173,631.00,"109,163.00"
2019-03-03,2019030301004526,NBBL,56,40,22,635.00,"13,970.00"
2019-03-03,2019030301004525,NBBL,54,40,50,637.00,"31,850.00"
2019-03-03,2019030301004524,NBBL,22,40,55,638.00,"35,090.00"
2019-03-03,2019030301004630,NBL,28,35,50,283.00,"14,150.00"
2019-03-03,2019030301004456,NBL,34,35,10,283.00,"2,830.00"
2019-03-03,2019030301004331,NBL,48,20,10,284.00,"2,840.00"
2019-03-03,2019030301004700,NCCB,25,17,20,205.00,"4,100.00"
2019-03-03,2019030301004514,NCCB,45,13,500,204.00,"102,000.00"
2019-03-03,2019030301004498,NCCB,36,17,10,205.00,"2,050.00"
2019-03-03,2019030301004439,NCCB,45,52,400,204.00,"81,600.00"
2019-03-03,2019030301004367,NCCB,45,37,100,204.00,"20,400.00"
2019-03-03,2019030301004327,NCCB,45,36,10,204.00,"2,040.00"
2019-03-03,2019030301004350,NCDB,57,58,35,116.00,"4,060.00"
2019-03-03,2019030301004333,NCDB,57,58,38,116.00,"4,408.00"
2019-03-03,2019030301004737,NIB,57,51,16,500.00,"8,000.00"
2019-03-03,2019030301004736,NIB,26,51,100,500.00,"50,000.00"
2019-03-03,2019030301004735,NIB,45,51,149,500.00,"74,500.00"
2019-03-03,2019030301004688,NIB,45,41,51,500.00,"25,500.00"
2019-03-03,2019030301004687,NIB,25,41,20,500.00,"10,000.00"
2019-03-03,2019030301004686,NIB,26,41,50,500.00,"25,000.00"
2019-03-03,2019030301004648,NIB,33,21,12,501.00,"6,012.00"
2019-03-03,2019030301004638,NIB,43,51,50,502.00,"25,100.00"
2019-03-03,2019030301004353,NIB,33,33,25,501.00,"12,525.00"
2019-03-03,2019030301004352,NIB,59,33,12,501.00,"6,012.00"
2019-03-03,2019030301004670,NIB,57,13,233,500.00,"116,500.00"
2019-03-03,2019030301004669,NIB,35,13,150,501.00,"75,150.00"
2019-03-03,2019030301004652,NIB,57,21,88,500.00,"44,000.00"
2019-03-03,2019030301004651,NIB,45,21,50,501.00,"25,050.00"
2019-03-03,2019030301004650,NIB,53,21,100,501.00,"50,100.00"
2019-03-03,2019030301004649,NIB,57,21,150,501.00,"75,150.00"
2019-03-03,2019030301004685,NIB,45,41,50,500.00,"25,000.00"
2019-03-03,2019030301004684,NIB,17,41,29,500.00,"14,500.00"
2019-03-03,2019030301004674,NIB,17,13,21,500.00,"10,500.00"
2019-03-03,2019030301004673,NIB,41,13,50,500.00,"25,000.00"
2019-03-03,2019030301004672,NIB,57,13,50,500.00,"25,000.00"
2019-03-03,2019030301004671,NIB,44,13,10,500.00,"5,000.00"
2019-03-03,2019030301004632,NIBPO,42,8,50,468.00,"23,400.00"
2019-03-03,2019030301004618,NIBPO,13,25,150,465.00,"69,750.00"
2019-03-03,2019030301004635,NICA,43,18,533,378.00,"201,474.00"
2019-03-03,2019030301004452,NICA,43,38,88,378.00,"33,264.00"
2019-03-03,2019030301004451,NICA,33,38,"1,149",378.00,"434,322.00"
2019-03-03,2019030301004446,NICA,33,47,"1,500",378.00,"567,000.00"
2019-03-03,2019030301004394,NICA,33,58,220,378.00,"83,160.00"
2019-03-03,2019030301004379,NICA,57,38,150,379.00,"56,850.00"
2019-03-03,2019030301004344,NICA,33,8,131,378.00,"49,518.00"
2019-03-03,2019030301004343,NICA,37,8,25,378.00,"9,450.00"
2019-03-03,2019030301004342,NICA,5,8,84,378.00,"31,752.00"
2019-03-03,2019030301004571,NICL,35,40,50,365.00,"18,250.00"
2019-03-03,2019030301004570,NICL,6,40,200,365.00,"73,000.00"
2019-03-03,2019030301004569,NICL,19,40,50,365.00,"18,250.00"
2019-03-03,2019030301004568,NICL,10,40,200,366.00,"73,200.00"
2019-03-03,2019030301004478,NICL,53,40,100,368.00,"36,800.00"
2019-03-03,2019030301004477,NICL,53,40,100,367.00,"36,700.00"
2019-03-03,2019030301004361,NICL,48,26,950,366.00,"347,700.00"
2019-03-03,2019030301004709,NIL,14,44,200,508.00,"101,600.00"
2019-03-03,2019030301004708,NIL,53,44,270,508.00,"137,160.00"
2019-03-03,2019030301004427,NIL,53,13,199,508.00,"101,092.00"
2019-03-03,2019030301004426,NIL,53,6,31,508.00,"15,748.00"
2019-03-03,2019030301004528,NLG,34,47,286,781.00,"223,366.00"
2019-03-03,2019030301004795,NLIC,33,38,100,"1,050.00","105,000.00"
2019-03-03,2019030301004794,NLIC,33,44,100,"1,050.00","105,000.00"
2019-03-03,2019030301004793,NLIC,33,32,70,"1,050.00","73,500.00"
2019-03-03,2019030301004773,NLIC,33,49,198,"1,049.00","207,702.00"
2019-03-03,2019030301004763,NLIC,49,49,10,"1,049.00","10,490.00"
2019-03-03,2019030301004749,NLIC,3,40,100,"1,048.00","104,800.00"
2019-03-03,2019030301004311,NLIC,34,33,17,"1,046.00","17,782.00"
2019-03-03,2019030301004443,NLIC,32,32,17,"1,047.00","17,799.00"
2019-03-03,2019030301004438,NLIC,32,49,75,"1,047.00","78,525.00"
2019-03-03,2019030301004437,NLIC,32,51,45,"1,047.00","47,115.00"
2019-03-03,2019030301004374,NLIC,57,51,13,"1,047.00","13,611.00"
2019-03-03,2019030301004351,NLIC,55,51,22,"1,047.00","23,034.00"
2019-03-03,2019030301004332,NLIC,34,42,42,"1,046.00","43,932.00"
2019-03-03,2019030301004626,NLIC,32,33,50,"1,049.00","52,450.00"
2019-03-03,2019030301004625,NLIC,32,28,16,"1,049.00","16,784.00"
2019-03-03,2019030301004552,NLIC,16,42,20,"1,048.00","20,960.00"
2019-03-03,2019030301004543,NLIC,39,6,100,"1,048.00","104,800.00"
2019-03-03,2019030301004535,NLIC,32,42,17,"1,047.00","17,799.00"
2019-03-03,2019030301004510,NLIC,32,42,17,"1,047.00","17,799.00"
2019-03-03,2019030301004706,NLIC,6,6,7,"1,049.00","7,343.00"
2019-03-03,2019030301004676,NLIC,3,21,30,"1,048.00","31,440.00"
2019-03-03,2019030301004639,NLIC,32,7,36,"1,050.00","37,800.00"
2019-03-03,2019030301004629,NLIC,32,13,49,"1,050.00","51,450.00"
2019-03-03,2019030301004628,NLIC,32,25,"1,000","1,050.00","1,050,000.00"
2019-03-03,2019030301004627,NLIC,32,22,150,"1,049.00","157,350.00"
2019-03-03,2019030301004802,NLICL,35,16,30,615.00,"18,450.00"
2019-03-03,2019030301004722,NLICL,22,20,75,612.00,"45,900.00"
2019-03-03,2019030301004521,NLICL,41,16,50,615.00,"30,750.00"
2019-03-03,2019030301004758,NMB,25,8,10,307.00,"3,070.00"
2019-03-03,2019030301004757,NMB,25,43,100,306.00,"30,600.00"
2019-03-03,2019030301004523,NMBHF1,40,45,"15,811",8.69,"137,397.59"
2019-03-03,2019030301004720,NMBMF,58,8,22,"1,008.00","22,176.00"
2019-03-03,2019030301004678,NMBMF,52,8,22,"1,009.00","22,198.00"
2019-03-03,2019030301004748,NMFBS,21,33,12,"1,600.00","19,200.00"
2019-03-03,2019030301004436,NSEWA,22,22,10,530.00,"5,300.00"
2019-03-03,2019030301004778,NTC,59,50,20,685.00,"13,700.00"
2019-03-03,2019030301004761,NTC,53,8,10,677.00,"6,770.00"
2019-03-03,2019030301004550,NTC,25,50,10,685.00,"6,850.00"
2019-03-03,2019030301004384,NTC,59,50,20,680.00,"13,600.00"
2019-03-03,2019030301004358,NTC,26,50,100,678.00,"67,800.00"
2019-03-03,2019030301004357,NTC,28,50,60,678.00,"40,680.00"
2019-03-03,2019030301004329,NUBL,33,29,25,701.00,"17,525.00"
2019-03-03,2019030301004328,NUBL,38,29,25,702.00,"17,550.00"
2019-03-03,2019030301004707,PCBL,43,36,97,305.00,"29,585.00"
2019-03-03,2019030301004581,PCBL,16,43,17,304.00,"5,168.00"
2019-03-03,2019030301004419,PIC,35,10,10,"1,003.00","10,030.00"
2019-03-03,2019030301004380,PIC,6,6,11,"1,000.00","11,000.00"
2019-03-03,2019030301004334,PIC,35,33,11,995.00,"10,945.00"
2019-03-03,2019030301004450,PLIC,45,53,19,431.00,"8,189.00"
2019-03-03,2019030301004449,PLIC,56,53,100,432.00,"43,200.00"
2019-03-03,2019030301004448,PLIC,42,53,281,432.00,"121,392.00"
2019-03-03,2019030301004447,PLIC,22,53,100,434.00,"43,400.00"
2019-03-03,2019030301004418,PLIC,36,36,6,440.00,"2,640.00"
2019-03-03,2019030301004335,PLIC,42,34,660,432.00,"285,120.00"
2019-03-03,2019030301004370,PMHPL,14,21,10,108.00,"1,080.00"
2019-03-03,2019030301004354,PMHPL,14,21,10,108.00,"1,080.00"
2019-03-03,2019030301004316,PMHPL,14,21,10,108.00,"1,080.00"
2019-03-03,2019030301004694,PRIN,32,1,51,403.00,"20,553.00"
2019-03-03,2019030301004693,PRIN,47,1,100,404.00,"40,400.00"
2019-03-03,2019030301004692,PRIN,41,1,33,404.00,"13,332.00"
2019-03-03,2019030301004680,PRIN,1,34,43,405.00,"17,415.00"
2019-03-03,2019030301004643,PRIN,48,34,264,406.00,"107,184.00"
2019-03-03,2019030301004615,PRIN,48,40,136,406.00,"55,216.00"
2019-03-03,2019030301004589,PRIN,11,50,22,407.00,"8,954.00"
2019-03-03,2019030301004453,PRIN,11,39,10,406.00,"4,060.00"
2019-03-03,2019030301004433,PRIN,11,39,10,406.00,"4,060.00"
2019-03-03,2019030301004804,PRVU,34,58,160,211.00,"33,760.00"
2019-03-03,2019030301004786,PRVU,34,3,90,211.00,"18,990.00"
2019-03-03,2019030301004785,PRVU,56,3,50,211.00,"10,550.00"
2019-03-03,2019030301004713,PRVU,56,22,50,211.00,"10,550.00"
2019-03-03,2019030301004712,PRVU,34,22,100,211.00,"21,100.00"
2019-03-03,2019030301004711,PRVU,40,22,"1,700",211.00,"358,700.00"
2019-03-03,2019030301004489,PRVU,54,58,184,212.00,"39,008.00"
2019-03-03,2019030301004473,PRVU,54,52,16,212.00,"3,392.00"
2019-03-03,2019030301004472,PRVU,29,52,84,212.00,"17,808.00"
2019-03-03,2019030301004455,PRVU,25,22,150,213.00,"31,950.00"
2019-03-03,2019030301004441,PRVU,36,35,6,213.00,"1,278.00"
2019-03-03,2019030301004435,PRVU,29,43,16,212.00,"3,392.00"
2019-03-03,2019030301004596,PRVU,40,25,100,211.00,"21,100.00"
2019-03-03,2019030301004574,PRVU,45,58,100,212.00,"21,200.00"
2019-03-03,2019030301004493,PRVU,57,58,100,212.00,"21,200.00"
2019-03-03,2019030301004492,PRVU,28,58,"1,000",212.00,"212,000.00"
2019-03-03,2019030301004491,PRVU,25,58,100,212.00,"21,200.00"
2019-03-03,2019030301004490,PRVU,25,58,100,212.00,"21,200.00"
2019-03-03,2019030301004702,PRVU,49,58,200,212.00,"42,400.00"
2019-03-03,2019030301004701,PRVU,40,35,400,211.00,"84,400.00"
2019-03-03,2019030301004656,PRVU,25,58,20,212.00,"4,240.00"
2019-03-03,2019030301004777,PURBL,58,49,131,160.00,"20,960.00"
2019-03-03,2019030301004792,RADHI,13,35,11,157.00,"1,727.00"
2019-03-03,2019030301004326,RADHI,13,21,11,157.00,"1,727.00"
2019-03-03,2019030301004599,RMDC,13,6,150,519.00,"77,850.00"
2019-03-03,2019030301004315,RRHP,40,21,10,89.00,890.00
2019-03-03,2019030301004770,RSDC,14,17,15,370.00,"5,550.00"
2019-03-03,2019030301004769,RSDC,46,17,25,370.00,"9,250.00"
2019-03-03,2019030301004542,SADBL,34,38,20,135.00,"2,700.00"
2019-03-03,2019030301004518,SADBL,44,32,204,137.00,"27,948.00"
2019-03-03,2019030301004430,SADBL,44,32,396,137.00,"54,252.00"
2019-03-03,2019030301004484,SANIMA,13,47,203,291.00,"59,073.00"
2019-03-03,2019030301004483,SANIMA,58,47,927,291.00,"269,757.00"
2019-03-03,2019030301004482,SANIMA,18,47,50,292.00,"14,600.00"
2019-03-03,2019030301004481,SANIMA,19,47,20,292.00,"5,840.00"
2019-03-03,2019030301004480,SANIMA,19,47,300,293.00,"87,900.00"
2019-03-03,2019030301004746,SBI,39,53,60,370.00,"22,200.00"
2019-03-03,2019030301004745,SBI,8,53,220,370.00,"81,400.00"
2019-03-03,2019030301004744,SBI,34,53,100,370.00,"37,000.00"
2019-03-03,2019030301004743,SBI,41,53,50,370.00,"18,500.00"
2019-03-03,2019030301004742,SBI,19,53,100,370.00,"37,000.00"
2019-03-03,2019030301004741,SBI,6,53,100,370.00,"37,000.00"
2019-03-03,2019030301004740,SBI,36,53,10,370.00,"3,700.00"
2019-03-03,2019030301004739,SBI,45,53,10,371.00,"3,710.00"
2019-03-03,2019030301004579,SBI,45,45,40,371.00,"14,840.00"
2019-03-03,2019030301004434,SBI,52,13,14,370.00,"5,180.00"
2019-03-03,2019030301004382,SBI,52,13,36,370.00,"13,320.00"
2019-03-03,2019030301004381,SBI,43,13,32,370.00,"11,840.00"
2019-03-03,2019030301004428,SCB,7,41,50,525.00,"26,250.00"
2019-03-03,2019030301004413,SCB,6,6,20,524.00,"10,480.00"
2019-03-03,2019030301004364,SCB,41,26,40,523.00,"20,920.00"
2019-03-03,2019030301004363,SCB,22,26,100,523.00,"52,300.00"
2019-03-03,2019030301004362,SCB,42,26,20,523.00,"10,460.00"
2019-03-03,2019030301004614,SDESI,22,22,1,583.00,583.00
2019-03-03,2019030301004494,SDESI,6,6,13,583.00,"7,579.00"
2019-03-03,2019030301004465,SDESI,53,13,10,582.00,"5,820.00"
2019-03-03,2019030301004729,SEF,43,56,"1,000",9.30,"9,300.00"
2019-03-03,2019030301004728,SEF,43,56,"1,000",9.30,"9,300.00"
2019-03-03,2019030301004727,SEF,43,6,100,9.30,930.00
2019-03-03,2019030301004391,SFFIL,14,21,15,207.00,"3,105.00"
2019-03-03,2019030301004390,SFFIL,36,21,10,207.00,"2,070.00"
2019-03-03,2019030301004783,SHPC,37,32,395,221.00,"87,295.00"
2019-03-03,2019030301004782,SHPC,37,1,300,221.00,"66,300.00"
2019-03-03,2019030301004781,SHPC,37,22,200,220.00,"44,000.00"
2019-03-03,2019030301004780,SHPC,37,46,50,219.00,"10,950.00"
2019-03-03,2019030301004779,SHPC,37,51,55,218.00,"11,990.00"
2019-03-03,2019030301004533,SICL,33,45,255,865.00,"220,575.00"
2019-03-03,2019030301004463,SICL,14,45,50,861.00,"43,050.00"
2019-03-03,2019030301004462,SICL,42,45,50,861.00,"43,050.00"
2019-03-03,2019030301004461,SICL,39,45,30,861.00,"25,830.00"
2019-03-03,2019030301004460,SICL,18,45,25,861.00,"21,525.00"
2019-03-03,2019030301004459,SICL,35,45,30,861.00,"25,830.00"
2019-03-03,2019030301004458,SICL,58,45,50,862.00,"43,100.00"
2019-03-03,2019030301004457,SICL,19,45,10,863.00,"8,630.00"
2019-03-03,2019030301004776,SIL,42,34,30,598.00,"17,940.00"
2019-03-03,2019030301004734,SIL,50,34,200,590.00,"118,000.00"
2019-03-03,2019030301004733,SIL,44,34,250,590.00,"147,500.00"
2019-03-03,2019030301004732,SIL,37,34,50,590.00,"29,500.00"
2019-03-03,2019030301004731,SIL,37,34,100,590.00,"59,000.00"
2019-03-03,2019030301004730,SIL,7,34,100,592.00,"59,200.00"
2019-03-03,2019030301004726,SIL,25,41,10,593.00,"5,930.00"
2019-03-03,2019030301004634,SIL,17,41,80,593.00,"47,440.00"
2019-03-03,2019030301004633,SIL,45,41,50,595.00,"29,750.00"
2019-03-03,2019030301004760,SKBBL,21,18,90,825.00,"74,250.00"
2019-03-03,2019030301004759,SKBBL,35,18,30,826.00,"24,780.00"
2019-03-03,2019030301004682,SLBSL,54,10,10,771.00,"7,710.00"
2019-03-03,2019030301004376,SLBSL,54,21,10,771.00,"7,710.00"
2019-03-03,2019030301004485,SLICL,45,29,568,513.00,"291,384.00"
2019-03-03,2019030301004330,SLICL,58,29,49,514.00,"25,186.00"
2019-03-03,2019030301004323,SLICL,58,13,51,514.00,"26,214.00"
2019-03-03,2019030301004801,SMATA,58,44,12,"1,305.00","15,660.00"
2019-03-03,2019030301004784,SMATA,41,44,288,"1,305.00","375,840.00"
2019-03-03,2019030301004546,SMATA,41,55,12,"1,305.00","15,660.00"
2019-03-03,2019030301004336,SMATA,35,52,20,"1,305.00","26,100.00"
2019-03-03,2019030301004564,SRBL,19,45,17,206.00,"3,502.00"
2019-03-03,2019030301004369,SRBL,11,45,100,206.00,"20,600.00"
2019-03-03,2019030301004775,TRH,5,22,50,243.00,"12,150.00"
2019-03-03,2019030301004771,UIC,44,40,90,766.00,"68,940.00"
2019-03-03,2019030301004440,UIC,58,57,20,770.00,"15,400.00"
2019-03-03,2019030301004554,UMHL,6,6,223,106.00,"23,638.00"
2019-03-03,2019030301004553,UMHL,6,49,14,106.00,"1,484.00"
2019-03-03,2019030301004675,UPPER,50,48,473,222.00,"105,006.00"
2019-03-03,2019030301004666,UPPER,54,42,100,223.00,"22,300.00"
2019-03-03,2019030301004665,UPPER,6,42,40,223.00,"8,920.00"
2019-03-03,2019030301004325,UPPER,38,1,34,223.00,"7,582.00"
2019-03-03,2019030301004324,UPPER,57,1,316,223.00,"70,468.00"
2019-03-03,2019030301004310,UPPER,57,21,40,223.00,"8,920.00"
2019-03-03,2019030301004305,UPPER,57,21,40,223.00,"8,920.00"
2019-03-03,2019030301004389,UPPER,45,54,129,223.00,"28,767.00"
2019-03-03,2019030301004388,UPPER,46,54,50,223.00,"11,150.00"
2019-03-03,2019030301004387,UPPER,38,54,346,223.00,"77,158.00"
2019-03-03,2019030301004373,UPPER,38,54,40,223.00,"8,920.00"
2019-03-03,2019030301004365,UPPER,38,21,40,223.00,"8,920.00"
2019-03-03,2019030301004337,UPPER,38,21,40,223.00,"8,920.00"
2019-03-03,2019030301004420,UPPER,54,54,484,223.00,"107,932.00"
2019-03-03,2019030301004415,UPPER,54,22,16,223.00,"3,568.00"
2019-03-03,2019030301004414,UPPER,45,22,34,223.00,"7,582.00"
2019-03-03,2019030301004396,UPPER,45,38,40,223.00,"8,920.00"
2019-03-03,2019030301004395,UPPER,45,54,50,223.00,"11,150.00"
2019-03-03,2019030301004392,UPPER,45,38,40,223.00,"8,920.00"
2019-03-03,2019030301004497,UPPER,50,47,40,222.00,"8,880.00"
2019-03-03,2019030301004425,UPPER,33,54,200,223.00,"44,600.00"
2019-03-03,2019030301004424,UPPER,19,54,100,223.00,"22,300.00"
2019-03-03,2019030301004423,UPPER,19,54,310,223.00,"69,130.00"
2019-03-03,2019030301004422,UPPER,25,54,500,223.00,"111,500.00"
2019-03-03,2019030301004421,UPPER,26,54,100,223.00,"22,300.00"
2019-03-03,2019030301004664,UPPER,46,42,10,223.00,"2,230.00"
2019-03-03,2019030301004663,UPPER,25,42,32,223.00,"7,136.00"
2019-03-03,2019030301004580,UPPER,46,6,40,223.00,"8,920.00"
2019-03-03,2019030301004556,UPPER,25,54,50,223.00,"11,150.00"
2019-03-03,2019030301004555,UPPER,25,54,418,223.00,"93,214.00"
2019-03-03,2019030301004544,UPPER,50,47,50,222.00,"11,100.00"
2019-03-03,2019030301004372,WOMI,49,58,35,"1,096.00","38,360.00"
2019-03-03,2019030301004278,ADBL,43,45,40,293.00,"11,720.00"
2019-03-03,2019030301004183,ADBL,11,45,100,293.00,"29,300.00"
2019-03-03,2019030301004175,ADBL,58,51,182,292.00,"53,144.00"
2019-03-03,2019030301003983,ADBL,57,22,484,291.00,"140,844.00"
2019-03-03,2019030301003982,ADBL,4,22,40,291.00,"11,640.00"
2019-03-03,2019030301003981,ADBL,32,22,76,291.00,"22,116.00"
2019-03-03,2019030301003954,ADBL,32,58,124,291.00,"36,084.00"
2019-03-03,2019030301003834,ADBL,28,51,200,292.00,"58,400.00"
2019-03-03,2019030301003833,ADBL,54,51,35,292.00,"10,220.00"
2019-03-03,2019030301003832,ADBL,6,51,83,292.00,"24,236.00"
2019-03-03,2019030301003965,AKJCL,36,47,30,81.00,"2,430.00"
2019-03-03,2019030301003939,AKJCL,29,47,100,81.00,"8,100.00"
2019-03-03,2019030301003938,AKJCL,39,47,70,82.00,"5,740.00"
2019-03-03,2019030301004198,AKPL,22,38,10,152.00,"1,520.00"
2019-03-03,2019030301004099,AKPL,22,38,10,152.00,"1,520.00"
2019-03-03,2019030301004300,ALICL,58,45,69,547.00,"37,743.00"
2019-03-03,2019030301004299,ALICL,57,45,116,547.00,"63,452.00"
2019-03-03,2019030301004208,ALICL,22,45,100,548.00,"54,800.00"
2019-03-03,2019030301003964,ALICL,57,56,384,547.00,"210,048.00"
2019-03-03,2019030301003963,ALICL,28,56,136,547.00,"74,392.00"
2019-03-03,2019030301003885,ALICL,28,44,204,547.00,"111,588.00"
2019-03-03,2019030301003884,ALICL,11,44,11,548.00,"6,028.00"
2019-03-03,2019030301004146,API,57,54,250,125.00,"31,250.00"
2019-03-03,2019030301004197,BOKL,11,41,60,239.00,"14,340.00"
2019-03-03,2019030301004196,BOKL,11,38,40,239.00,"9,560.00"
2019-03-03,2019030301004091,BOKL,14,57,250,238.00,"59,500.00"
2019-03-03,2019030301003807,CBBL,34,22,450,870.00,"391,500.00"
2019-03-03,2019030301003806,CBBL,34,6,654,869.00,"568,326.00"
2019-03-03,2019030301004298,CBL,6,45,88,147.00,"12,936.00"
2019-03-03,2019030301003838,CBL,25,38,"1,000",148.00,"148,000.00"
2019-03-03,2019030301003837,CBL,25,38,967,148.00,"143,116.00"
2019-03-03,2019030301004259,CCBL,11,51,100,158.00,"15,800.00"
2019-03-03,2019030301003846,CCBL,50,39,26,158.00,"4,108.00"
2019-03-03,2019030301003845,CCBL,50,39,350,158.00,"55,300.00"
2019-03-03,2019030301003812,CCBL,36,17,100,157.00,"15,700.00"
2019-03-03,2019030301004180,CCBL,36,33,"1,700",157.00,"266,900.00"
2019-03-03,2019030301004107,CCBL,36,36,"1,489",157.00,"233,773.00"
2019-03-03,2019030301004061,CCBL,8,28,163,159.00,"25,917.00"
2019-03-03,2019030301004060,CCBL,8,49,300,159.00,"47,700.00"
2019-03-03,2019030301004059,CCBL,8,47,37,159.00,"5,883.00"
2019-03-03,2019030301003979,CCBL,16,47,20,159.00,"3,180.00"
2019-03-03,2019030301004257,CHCL,32,33,43,501.00,"21,543.00"
2019-03-03,2019030301004256,CHCL,32,52,57,501.00,"28,557.00"
2019-03-03,2019030301004173,CHCL,49,29,500,500.00,"250,000.00"
2019-03-03,2019030301003943,CHCL,16,16,"1,192",501.00,"597,192.00"
2019-03-03,2019030301003934,CHCL,16,43,263,501.00,"131,763.00"
2019-03-03,2019030301003921,CHCL,49,25,50,500.00,"25,000.00"
2019-03-03,2019030301003865,CHCL,13,43,91,501.00,"45,591.00"
2019-03-03,2019030301003864,CHCL,13,43,59,501.00,"29,559.00"
2019-03-03,2019030301004219,CHLBS,8,46,10,570.00,"5,700.00"
2019-03-03,2019030301004212,CHLBS,8,5,10,570.00,"5,700.00"
2019-03-03,2019030301004200,CHLBS,8,38,10,570.00,"5,700.00"
2019-03-03,2019030301004172,CHLBS,48,25,10,570.00,"5,700.00"
2019-03-03,2019030301004161,CHLBS,48,25,10,570.00,"5,700.00"
2019-03-03,2019030301004075,CHLBS,35,42,10,571.00,"5,710.00"
2019-03-03,2019030301003842,CHLBS,17,37,100,575.00,"57,500.00"
2019-03-03,2019030301003836,CHLBS,17,21,10,575.00,"5,750.00"
2019-03-03,2019030301003830,CHLBS,17,21,10,575.00,"5,750.00"
2019-03-03,2019030301003822,CHLBS,17,21,10,575.00,"5,750.00"
2019-03-03,2019030301003811,CHLBS,17,21,10,575.00,"5,750.00"
2019-03-03,2019030301003957,CHLBS,48,6,40,570.00,"22,800.00"
2019-03-03,2019030301003956,CHLBS,43,6,20,570.00,"11,400.00"
2019-03-03,2019030301003955,CHLBS,5,6,40,570.00,"22,800.00"
2019-03-03,2019030301003886,CHLBS,5,59,10,570.00,"5,700.00"
2019-03-03,2019030301003844,CHLBS,32,37,50,575.00,"28,750.00"
2019-03-03,2019030301003843,CHLBS,3,37,100,575.00,"57,500.00"
2019-03-03,2019030301004057,CHLBS,33,21,10,575.00,"5,750.00"
2019-03-03,2019030301004056,CHLBS,33,21,10,575.00,"5,750.00"
2019-03-03,2019030301004028,CHLBS,48,42,10,570.00,"5,700.00"
2019-03-03,2019030301004009,CHLBS,48,49,10,570.00,"5,700.00"
2019-03-03,2019030301003993,CHLBS,48,57,10,570.00,"5,700.00"
2019-03-03,2019030301003974,CHLBS,48,6,10,570.00,"5,700.00"
2019-03-03,2019030301003854,CIT,16,16,18,"2,530.00","45,540.00"
2019-03-03,2019030301004000,CZBIL,45,11,300,201.00,"60,300.00"
2019-03-03,2019030301004290,DBBL,4,29,130,123.00,"15,990.00"
2019-03-03,2019030301004234,EBL,41,17,100,510.00,"51,000.00"
2019-03-03,2019030301004164,EBL,22,17,50,510.00,"25,500.00"
2019-03-03,2019030301004163,EBL,41,17,160,510.00,"81,600.00"
2019-03-03,2019030301004069,EBL,41,14,50,511.00,"25,550.00"
2019-03-03,2019030301004068,EBL,41,1,190,511.00,"97,090.00"
2019-03-03,2019030301004067,EBL,41,59,100,510.00,"51,000.00"
2019-03-03,2019030301004014,EBL,39,39,300,510.00,"153,000.00"
2019-03-03,2019030301004261,FMDBL,57,44,100,359.00,"35,900.00"
2019-03-03,2019030301004239,FMDBL,41,51,50,360.00,"18,000.00"
2019-03-03,2019030301003902,FMDBL,14,49,25,358.00,"8,950.00"
2019-03-03,2019030301004289,GBIME,53,38,"1,000",258.00,"258,000.00"
2019-03-03,2019030301004288,GBIME,37,38,500,258.00,"129,000.00"
2019-03-03,2019030301004287,GBIME,34,38,50,258.00,"12,900.00"
2019-03-03,2019030301004286,GBIME,13,38,50,258.00,"12,900.00"
2019-03-03,2019030301004285,GBIME,48,38,450,258.00,"116,100.00"
2019-03-03,2019030301004284,GBIME,50,38,200,258.00,"51,600.00"
2019-03-03,2019030301004283,GBIME,51,38,88,258.00,"22,704.00"
2019-03-03,2019030301004147,GBIME,51,21,12,258.00,"3,096.00"
2019-03-03,2019030301003923,GBIME,44,5,3,258.00,774.00
2019-03-03,2019030301003922,GBIME,44,45,68,258.00,"17,544.00"
2019-03-03,2019030301003892,GBIME,47,47,100,259.00,"25,900.00"
2019-03-03,2019030301003891,GBIME,36,47,10,259.00,"2,590.00"
2019-03-03,2019030301003856,GBLBS,1,44,328,437.00,"143,336.00"
2019-03-03,2019030301003903,GHL,58,58,30,241.00,"7,230.00"
2019-03-03,2019030301004073,GLICL,38,13,50,680.00,"34,000.00"
2019-03-03,2019030301004026,GLICL,46,53,200,681.00,"136,200.00"
2019-03-03,2019030301003978,GLICL,58,53,500,682.00,"341,000.00"
2019-03-03,2019030301003890,GLICL,50,35,100,684.00,"68,400.00"
2019-03-03,2019030301003889,GLICL,22,35,159,685.00,"108,915.00"
2019-03-03,2019030301003888,GLICL,51,35,11,685.00,"7,535.00"
2019-03-03,2019030301004176,HATH,42,6,80,107.00,"8,560.00"
2019-03-03,2019030301004041,HBL,57,53,160,425.00,"68,000.00"
2019-03-03,2019030301004024,HBL,56,53,152,425.00,"64,600.00"
2019-03-03,2019030301004023,HBL,32,53,50,425.00,"21,250.00"
2019-03-03,2019030301004022,HBL,22,53,200,425.00,"85,000.00"
2019-03-03,2019030301004021,HBL,34,53,30,425.00,"12,750.00"
2019-03-03,2019030301004020,HBL,34,53,30,425.00,"12,750.00"
2019-03-03,2019030301003835,HBL,52,48,10,427.00,"4,270.00"
2019-03-03,2019030301003881,HBL,57,38,90,425.00,"38,250.00"
2019-03-03,2019030301003880,HBL,25,38,10,426.00,"4,260.00"
2019-03-03,2019030301003879,HBL,22,38,100,426.00,"42,600.00"
2019-03-03,2019030301003878,HBL,44,38,100,426.00,"42,600.00"
2019-03-03,2019030301003861,HBL,13,11,30,427.00,"12,810.00"
2019-03-03,2019030301003860,HBL,19,11,20,427.00,"8,540.00"
2019-03-03,2019030301004019,HBL,34,53,50,425.00,"21,250.00"
2019-03-03,2019030301004018,HBL,1,53,150,425.00,"63,750.00"
2019-03-03,2019030301004017,HBL,4,53,100,425.00,"42,500.00"
2019-03-03,2019030301004016,HBL,4,53,78,425.00,"33,150.00"
2019-03-03,2019030301003944,HBL,37,37,"1,690",426.00,"719,940.00"
2019-03-03,2019030301003882,HBL,4,38,22,425.00,"9,350.00"
2019-03-03,2019030301004252,HIDCL,54,42,12,130.00,"1,560.00"
2019-03-03,2019030301004151,HIDCL,54,49,10,130.00,"1,300.00"
2019-03-03,2019030301004072,HIDCL,54,32,29,130.00,"3,770.00"
2019-03-03,2019030301004104,HPPL,41,38,10,170.00,"1,700.00"
2019-03-03,2019030301004051,HPPL,41,38,10,170.00,"1,700.00"
2019-03-03,2019030301004258,IGI,38,38,40,392.00,"15,680.00"
2019-03-03,2019030301004251,IGI,45,38,10,397.00,"3,970.00"
2019-03-03,2019030301004136,JBBL,21,11,33,133.00,"4,389.00"
2019-03-03,2019030301004185,JBNL,29,5,396,165.00,"65,340.00"
2019-03-03,2019030301004184,JBNL,29,29,104,165.00,"17,160.00"
2019-03-03,2019030301004205,JFL,8,3,500,162.00,"81,000.00"
2019-03-03,2019030301004204,JFL,32,3,356,162.00,"57,672.00"
2019-03-03,2019030301004297,JSLBB,58,54,171,"2,375.00","406,125.00"
2019-03-03,2019030301004296,JSLBB,48,54,19,"2,377.00","45,163.00"
2019-03-03,2019030301004295,JSLBB,48,54,10,"2,380.00","23,800.00"
2019-03-03,2019030301004223,JSLBB,48,1,20,"2,380.00","47,600.00"
2019-03-03,2019030301004199,JSLBB,48,50,10,"2,416.00","24,160.00"
2019-03-03,2019030301004124,KBL,6,52,57,229.00,"13,053.00"
2019-03-03,2019030301004123,KBL,28,52,100,229.00,"22,900.00"
2019-03-03,2019030301004122,KBL,4,52,253,229.00,"57,937.00"
2019-03-03,2019030301004110,KBL,4,53,77,229.00,"17,633.00"
2019-03-03,2019030301004103,KBL,4,53,129,229.00,"29,541.00"
2019-03-03,2019030301004025,KBL,4,13,141,229.00,"32,289.00"
2019-03-03,2019030301003966,KKHC,6,6,16,72.00,"1,152.00"
2019-03-03,2019030301004277,KPCL,51,43,50,90.00,"4,500.00"
2019-03-03,2019030301004152,KRBL,59,59,300,91.00,"27,300.00"
2019-03-03,2019030301004116,KSBBL,53,42,45,132.00,"5,940.00"
2019-03-03,2019030301004115,KSBBL,25,42,18,133.00,"2,394.00"
2019-03-03,2019030301003868,KSBBL,25,43,64,133.00,"8,512.00"
2019-03-03,2019030301004169,LBBL,25,17,487,170.00,"82,790.00"
2019-03-03,2019030301003976,LBBL,36,17,13,170.00,"2,210.00"
2019-03-03,2019030301003942,LBBL,36,32,287,170.00,"48,790.00"
2019-03-03,2019030301003941,LBBL,1,32,713,170.00,"121,210.00"
2019-03-03,2019030301003877,LBBL,1,8,287,170.00,"48,790.00"
2019-03-03,2019030301003876,LBBL,6,8,13,170.00,"2,210.00"
2019-03-03,2019030301004210,LBL,11,32,100,186.00,"18,600.00"
2019-03-03,2019030301004098,LBL,41,36,205,183.00,"37,515.00"
2019-03-03,2019030301004097,LBL,49,36,50,183.00,"9,150.00"
2019-03-03,2019030301004096,LBL,36,36,700,184.00,"128,800.00"
2019-03-03,2019030301004095,LBL,37,36,45,184.00,"8,280.00"
2019-03-03,2019030301004093,LBL,8,53,122,185.00,"22,570.00"
2019-03-03,2019030301004045,LBL,37,13,120,184.00,"22,080.00"
2019-03-03,2019030301004027,LBL,34,53,100,185.00,"18,500.00"
2019-03-03,2019030301004002,LBL,49,53,200,185.00,"37,000.00"
2019-03-03,2019030301003961,LBL,16,53,40,185.00,"7,400.00"
2019-03-03,2019030301004193,LGIL,55,45,100,499.00,"49,900.00"
2019-03-03,2019030301004294,LICN,28,26,28,"1,609.00","45,052.00"
2019-03-03,2019030301004291,LICN,28,14,20,"1,609.00","32,180.00"
2019-03-03,2019030301004267,LICN,28,22,200,"1,609.00","321,800.00"
2019-03-03,2019030301004266,LICN,59,14,200,"1,607.00","321,400.00"
2019-03-03,2019030301004250,LICN,59,4,40,"1,608.00","64,320.00"
2019-03-03,2019030301003859,LICN,32,50,100,"1,607.00","160,700.00"
2019-03-03,2019030301003855,LICN,32,5,144,"1,605.00","231,120.00"
2019-03-03,2019030301004220,MBL,11,34,100,209.00,"20,900.00"
2019-03-03,2019030301004114,MBL,14,11,391,207.00,"80,937.00"
2019-03-03,2019030301004113,MBL,33,11,200,207.00,"41,400.00"
2019-03-03,2019030301004112,MBL,22,11,252,207.00,"52,164.00"
2019-03-03,2019030301004111,MBL,10,11,157,208.00,"32,656.00"
2019-03-03,2019030301004050,MBL,10,11,343,208.00,"71,344.00"
2019-03-03,2019030301004049,MBL,36,11,10,208.00,"2,080.00"
2019-03-03,2019030301004048,MBL,25,11,500,208.00,"104,000.00"
2019-03-03,2019030301004047,MBL,21,11,300,208.00,"62,400.00"
2019-03-03,2019030301003994,MDB,8,43,220,226.00,"49,720.00"
2019-03-03,2019030301004108,MEGA,8,48,300,158.00,"47,400.00"
2019-03-03,2019030301004084,MEGA,19,36,"1,954",156.00,"304,824.00"
2019-03-03,2019030301004083,MEGA,20,36,20,156.00,"3,120.00"
2019-03-03,2019030301004082,MEGA,42,36,"1,000",156.00,"156,000.00"
2019-03-03,2019030301004081,MEGA,19,36,500,156.00,"78,000.00"
2019-03-03,2019030301004080,MEGA,40,36,"1,000",156.00,"156,000.00"
2019-03-03,2019030301003897,MEGA,51,29,34,157.00,"5,338.00"
2019-03-03,2019030301004079,MEGA,39,36,200,157.00,"31,400.00"
2019-03-03,2019030301004078,MEGA,13,36,312,157.00,"48,984.00"
2019-03-03,2019030301004040,MEGA,13,19,100,157.00,"15,700.00"
2019-03-03,2019030301003900,MEGA,13,29,88,157.00,"13,816.00"
2019-03-03,2019030301003899,MEGA,41,29,100,157.00,"15,700.00"
2019-03-03,2019030301003898,MEGA,13,29,150,157.00,"23,550.00"
2019-03-03,2019030301003828,MERO,48,3,30,592.00,"17,760.00"
2019-03-03,2019030301003935,MFIL,59,4,987,111.00,"109,557.00"
2019-03-03,2019030301004174,MLBL,28,20,97,156.00,"15,132.00"
2019-03-03,2019030301004131,MLBL,28,36,293,156.00,"45,708.00"
2019-03-03,2019030301004130,MLBL,49,36,47,156.00,"7,332.00"
2019-03-03,2019030301003945,MLBL,49,45,20,156.00,"3,120.00"
2019-03-03,2019030301004134,MNBBL,22,29,50,335.00,"16,750.00"
2019-03-03,2019030301004087,MNBBL,57,13,78,334.00,"26,052.00"
2019-03-03,2019030301003909,MSMBS,59,55,166,526.00,"87,316.00"
2019-03-03,2019030301003908,MSMBS,22,55,10,527.00,"5,270.00"
2019-03-03,2019030301004279,NABIL,45,25,100,684.00,"68,400.00"
2019-03-03,2019030301004254,NABIL,47,25,30,684.00,"20,520.00"
2019-03-03,2019030301004058,NABIL,51,25,55,684.00,"37,620.00"
2019-03-03,2019030301004046,NABIL,48,25,10,684.00,"6,840.00"
2019-03-03,2019030301004039,NABIL,45,25,70,684.00,"47,880.00"
2019-03-03,2019030301003895,NABIL,45,25,80,684.00,"54,720.00"
2019-03-03,2019030301003894,NABIL,19,25,20,684.00,"13,680.00"
2019-03-03,2019030301003911,NABILP,17,28,57,648.00,"36,936.00"
2019-03-03,2019030301003910,NABILP,28,28,200,649.00,"129,800.00"
2019-03-03,2019030301003949,NABILP,25,44,76,648.00,"49,248.00"
2019-03-03,2019030301003948,NABILP,28,44,500,648.00,"324,000.00"
2019-03-03,2019030301003947,NABILP,28,44,100,648.00,"64,800.00"
2019-03-03,2019030301003946,NABILP,22,44,157,648.00,"101,736.00"
2019-03-03,2019030301003912,NABILP,22,28,43,648.00,"27,864.00"
2019-03-03,2019030301004182,NADEP,29,42,10,667.00,"6,670.00"
2019-03-03,2019030301004062,NADEP,29,32,10,667.00,"6,670.00"
2019-03-03,2019030301003933,NADEP,29,25,10,667.00,"6,670.00"
2019-03-03,2019030301003831,NADEP,29,21,60,667.00,"40,020.00"
2019-03-03,2019030301004248,NBB,11,25,100,184.00,"18,400.00"
2019-03-03,2019030301004139,NBB,8,25,500,184.00,"92,000.00"
2019-03-03,2019030301004074,NBB,56,59,300,183.00,"54,900.00"
2019-03-03,2019030301004008,NBB,56,36,47,183.00,"8,601.00"
2019-03-03,2019030301003960,NBB,17,36,53,183.00,"9,699.00"
2019-03-03,2019030301003959,NBB,17,37,34,183.00,"6,222.00"
2019-03-03,2019030301003958,NBB,17,40,113,183.00,"20,679.00"
2019-03-03,2019030301003952,NBB,22,13,139,182.00,"25,298.00"
2019-03-03,2019030301003951,NBB,37,13,500,182.00,"91,000.00"
2019-03-03,2019030301003950,NBB,46,13,310,182.00,"56,420.00"
2019-03-03,2019030301004264,NBL,34,13,190,283.00,"53,770.00"
2019-03-03,2019030301004230,NBL,8,13,10,283.00,"2,830.00"
2019-03-03,2019030301004065,NBL,47,25,"1,000",283.00,"283,000.00"
2019-03-03,2019030301003940,NBL,57,36,"1,004",282.00,"283,128.00"
2019-03-03,2019030301003920,NBL,45,47,100,281.00,"28,100.00"
2019-03-03,2019030301003840,NBL,45,56,125,281.00,"35,125.00"
2019-03-03,2019030301004263,NCCB,57,17,100,205.00,"20,500.00"
2019-03-03,2019030301004207,NCCB,32,28,98,205.00,"20,090.00"
2019-03-03,2019030301004206,NCCB,32,48,902,205.00,"184,910.00"
2019-03-03,2019030301004054,NCCB,45,36,"2,674",204.00,"545,496.00"
2019-03-03,2019030301004053,NCCB,25,36,"1,000",204.00,"204,000.00"
2019-03-03,2019030301004052,NCCB,57,36,326,204.00,"66,504.00"
2019-03-03,2019030301003872,NCCB,57,47,174,204.00,"35,496.00"
2019-03-03,2019030301003871,NCCB,44,47,126,204.00,"25,704.00"
2019-03-03,2019030301003985,NHDL,48,6,10,122.00,"1,220.00"
2019-03-03,2019030301003984,NHDL,48,10,10,122.00,"1,220.00"
2019-03-03,2019030301003937,NHDL,48,20,10,119.00,"1,190.00"
2019-03-03,2019030301004106,NHPC,51,26,20,62.00,"1,240.00"
2019-03-03,2019030301004265,NIB,57,21,100,500.00,"50,000.00"
2019-03-03,2019030301004168,NIB,57,28,40,500.00,"20,000.00"
2019-03-03,2019030301004167,NIB,57,28,10,501.00,"5,010.00"
2019-03-03,2019030301004140,NIB,32,32,30,501.00,"15,030.00"
2019-03-03,2019030301004102,NIB,44,6,5,501.00,"2,505.00"
2019-03-03,2019030301004101,NIB,44,13,15,501.00,"7,515.00"
2019-03-03,2019030301004100,NIB,43,13,15,501.00,"7,515.00"
2019-03-03,2019030301004086,NIB,46,51,50,502.00,"25,100.00"
2019-03-03,2019030301004166,NIBPO,17,34,"1,000",465.00,"465,000.00"
2019-03-03,2019030301004133,NICA,5,16,116,378.00,"43,848.00"
2019-03-03,2019030301004092,NICA,22,16,50,378.00,"18,900.00"
2019-03-03,2019030301003901,NICA,45,8,100,377.00,"37,700.00"
2019-03-03,2019030301003852,NICA,45,42,219,377.00,"82,563.00"
2019-03-03,2019030301003986,NICGF,34,6,100,8.77,877.00
2019-03-03,2019030301004090,NICL,22,40,100,367.00,"36,700.00"
2019-03-03,2019030301004171,NIL,44,44,"1,175",507.00,"595,725.00"
2019-03-03,2019030301003887,NIL,21,6,19,508.00,"9,652.00"
2019-03-03,2019030301003870,NIL,21,45,31,508.00,"15,748.00"
2019-03-03,2019030301004247,NLIC,33,28,374,"1,049.00","392,326.00"
2019-03-03,2019030301004246,NLIC,33,14,15,"1,049.00","15,735.00"
2019-03-03,2019030301004245,NLIC,33,33,17,"1,047.00","17,799.00"
2019-03-03,2019030301004244,NLIC,33,29,94,"1,047.00","98,418.00"
2019-03-03,2019030301004243,NLIC,1,6,100,"1,045.00","104,500.00"
2019-03-03,2019030301004242,NLIC,22,6,10,"1,045.00","10,450.00"
2019-03-03,2019030301003814,NLIC,8,25,100,"1,049.00","104,900.00"
2019-03-03,2019030301003813,NLIC,8,33,50,"1,049.00","52,450.00"
2019-03-03,2019030301003904,NLIC,57,6,24,"1,048.00","25,152.00"
2019-03-03,2019030301003896,NLIC,57,28,10,"1,048.00","10,480.00"
2019-03-03,2019030301003869,NLIC,22,14,35,"1,049.00","36,715.00"
2019-03-03,2019030301003817,NLIC,8,29,125,"1,050.00","131,250.00"
2019-03-03,2019030301003816,NLIC,8,17,215,"1,050.00","225,750.00"
2019-03-03,2019030301003815,NLIC,8,32,10,"1,049.00","10,490.00"
2019-03-03,2019030301003968,NLIC,52,13,53,"1,047.00","55,491.00"
2019-03-03,2019030301003967,NLIC,26,13,147,"1,047.00","153,909.00"
2019-03-03,2019030301003927,NLIC,25,6,30,"1,048.00","31,440.00"
2019-03-03,2019030301003926,NLIC,11,6,37,"1,048.00","38,776.00"
2019-03-03,2019030301003907,NLIC,43,21,3,"1,048.00","3,144.00"
2019-03-03,2019030301003905,NLIC,11,6,13,"1,048.00","13,624.00"
2019-03-03,2019030301004149,NLIC,39,29,200,"1,047.00","209,400.00"
2019-03-03,2019030301004148,NLIC,52,29,47,"1,047.00","49,209.00"
2019-03-03,2019030301004117,NLIC,43,43,5,"1,047.00","5,235.00"
2019-03-03,2019030301004055,NLIC,38,6,40,"1,048.00","41,920.00"
2019-03-03,2019030301004015,NLIC,6,6,17,"1,048.00","17,816.00"
2019-03-03,2019030301004003,NLIC,43,43,5,"1,047.00","5,235.00"
2019-03-03,2019030301004225,NLIC,4,35,20,"1,046.00","20,920.00"
2019-03-03,2019030301004224,NLIC,21,35,516,"1,046.00","539,736.00"
2019-03-03,2019030301004202,NLIC,21,32,100,"1,046.00","104,600.00"
2019-03-03,2019030301004165,NLIC,21,49,17,"1,046.00","17,782.00"
2019-03-03,2019030301004155,NLIC,21,49,17,"1,046.00","17,782.00"
2019-03-03,2019030301004150,NLIC,33,29,40,"1,047.00","41,880.00"
2019-03-03,2019030301004241,NLIC,19,6,200,"1,045.00","209,000.00"
2019-03-03,2019030301004240,NLIC,35,6,16,"1,045.00","16,720.00"
2019-03-03,2019030301004229,NLIC,35,35,127,"1,045.00","132,715.00"
2019-03-03,2019030301004228,NLIC,33,35,17,"1,045.00","17,765.00"
2019-03-03,2019030301004227,NLIC,35,35,20,"1,045.00","20,900.00"
2019-03-03,2019030301004226,NLIC,34,35,100,"1,045.00","104,500.00"
2019-03-03,2019030301004221,NLICL,32,16,150,615.00,"92,250.00"
2019-03-03,2019030301003990,NLICL,41,16,300,612.00,"183,600.00"
2019-03-03,2019030301003989,NLICL,57,16,100,612.00,"61,200.00"
2019-03-03,2019030301003918,NLICL,5,16,50,613.00,"30,650.00"
2019-03-03,2019030301003917,NLICL,6,16,100,613.00,"61,300.00"
2019-03-03,2019030301003916,NLICL,40,16,10,614.00,"6,140.00"
2019-03-03,2019030301003915,NLICL,14,16,15,614.00,"9,210.00"
2019-03-03,2019030301003914,NLICL,35,16,100,614.00,"61,400.00"
2019-03-03,2019030301003913,NLICL,56,16,100,615.00,"61,500.00"
2019-03-03,2019030301004181,NMB,45,54,915,306.00,"279,990.00"
2019-03-03,2019030301004129,NMB,5,13,150,305.00,"45,750.00"
2019-03-03,2019030301004044,NMB,54,54,"4,500",305.00,"1,372,500.00"
2019-03-03,2019030301004043,NMB,43,54,85,306.00,"26,010.00"
2019-03-03,2019030301003932,NMB,43,28,200,306.00,"61,200.00"
2019-03-03,2019030301003931,NMB,43,44,"1,000",306.00,"306,000.00"
2019-03-03,2019030301003825,NMB,14,44,500,305.00,"152,500.00"
2019-03-03,2019030301003930,NMB,43,34,100,306.00,"30,600.00"
2019-03-03,2019030301003929,NMB,43,39,200,305.00,"61,000.00"
2019-03-03,2019030301003928,NMB,43,44,415,305.00,"126,575.00"
2019-03-03,2019030301003906,NMB,58,47,100,304.00,"30,400.00"
2019-03-03,2019030301003827,NMB,14,44,15,305.00,"4,575.00"
2019-03-03,2019030301003826,NMB,11,44,70,305.00,"21,350.00"
2019-03-03,2019030301004233,NMBMF,58,48,30,"1,008.00","30,240.00"
2019-03-03,2019030301004201,NMBMF,58,45,35,"1,006.00","35,210.00"
2019-03-03,2019030301003953,NMBMF,58,45,35,"1,008.00","35,280.00"
2019-03-03,2019030301003853,NMBMF,58,45,35,"1,008.00","35,280.00"
2019-03-03,2019030301004006,NMBSF1,37,47,"6,900",9.81,"67,689.00"
2019-03-03,2019030301003973,NMBSF1,57,47,"10,000",9.81,"98,100.00"
2019-03-03,2019030301003972,NMBSF1,1,47,"4,500",9.90,"44,550.00"
2019-03-03,2019030301004132,NMFBS,34,11,10,"1,593.00","15,930.00"
2019-03-03,2019030301004127,NMFBS,6,6,23,"1,625.00","37,375.00"
2019-03-03,2019030301004076,NMFBS,33,28,100,"1,620.00","162,000.00"
2019-03-03,2019030301003874,NTC,13,42,30,680.00,"20,400.00"
2019-03-03,2019030301003873,NTC,59,42,20,680.00,"13,600.00"
2019-03-03,2019030301003924,NTC,59,50,10,684.00,"6,840.00"
2019-03-03,2019030301003875,NTC,28,42,40,678.00,"27,120.00"
2019-03-03,2019030301004262,NUBL,41,29,50,707.00,"35,350.00"
2019-03-03,2019030301003839,NUBL,32,38,30,706.00,"21,180.00"
2019-03-03,2019030301003851,OHL,50,35,370,415.00,"153,550.00"
2019-03-03,2019030301003850,OHL,6,35,200,416.00,"83,200.00"
2019-03-03,2019030301004190,PCBL,53,55,200,305.00,"61,000.00"
2019-03-03,2019030301004189,PCBL,53,32,256,305.00,"78,080.00"
2019-03-03,2019030301004120,PCBL,40,13,17,304.00,"5,168.00"
2019-03-03,2019030301003867,PCBL,40,25,974,304.00,"296,096.00"
2019-03-03,2019030301003866,PCBL,46,25,26,304.00,"7,904.00"
2019-03-03,2019030301004260,PFL,6,6,39,129.00,"5,031.00"
2019-03-03,2019030301004170,PIC,16,33,11,994.00,"10,934.00"
2019-03-03,2019030301004145,PIC,16,33,11,994.00,"10,934.00"
2019-03-03,2019030301003975,PIC,33,57,11,993.00,"10,923.00"
2019-03-03,2019030301004232,PLIC,42,53,459,432.00,"198,288.00"
2019-03-03,2019030301004231,PLIC,22,53,50,433.00,"21,650.00"
2019-03-03,2019030301003999,PLIC,42,53,"1,000",432.00,"432,000.00"
2019-03-03,2019030301004292,PMHPL,14,21,10,108.00,"1,080.00"
2019-03-03,2019030301004249,PMHPL,14,21,10,108.00,"1,080.00"
2019-03-03,2019030301004135,PMHPL,14,21,10,108.00,"1,080.00"
2019-03-03,2019030301003893,PMHPL,56,21,10,107.00,"1,070.00"
2019-03-03,2019030301003858,PMHPL,56,8,10,107.00,"1,070.00"
2019-03-03,2019030301003841,PMHPL,56,21,10,107.00,"1,070.00"
2019-03-03,2019030301003829,PMHPL,56,54,10,107.00,"1,070.00"
2019-03-03,2019030301003823,PMHPL,56,54,10,107.00,"1,070.00"
2019-03-03,2019030301003808,PMHPL,56,54,10,107.00,"1,070.00"
2019-03-03,2019030301004275,PRIN,11,6,50,406.00,"20,300.00"
2019-03-03,2019030301004154,PRIN,1,13,50,405.00,"20,250.00"
2019-03-03,2019030301003925,PRIN,41,49,23,404.00,"9,292.00"
2019-03-03,2019030301003805,PRIN,41,40,350,404.00,"141,400.00"
2019-03-03,2019030301004272,PRVU,48,3,10,214.00,"2,140.00"
2019-03-03,2019030301004236,PRVU,34,43,81,213.00,"17,253.00"
2019-03-03,2019030301004094,PRVU,34,3,50,214.00,"10,700.00"
2019-03-03,2019030301004013,PRVU,40,36,800,211.00,"168,800.00"
2019-03-03,2019030301004012,PRVU,37,36,500,211.00,"105,500.00"
2019-03-03,2019030301004011,PRVU,14,36,500,211.00,"105,500.00"
2019-03-03,2019030301004010,PRVU,25,36,200,212.00,"42,400.00"
2019-03-03,2019030301003988,PRVU,25,13,300,212.00,"63,600.00"
2019-03-03,2019030301003987,PRVU,38,13,200,212.00,"42,400.00"
2019-03-03,2019030301004203,RADHI,13,21,11,157.00,"1,727.00"
2019-03-03,2019030301004281,RBCLPO,59,58,10,"8,507.00","85,070.00"
2019-03-03,2019030301004280,RBCLPO,34,58,10,"8,507.00","85,070.00"
2019-03-03,2019030301003820,RBCLPO,59,32,25,"8,506.00","212,650.00"
2019-03-03,2019030301003819,RBCLPO,59,32,10,"8,507.00","85,070.00"
2019-03-03,2019030301003818,RBCLPO,21,32,25,"8,510.00","212,750.00"
2019-03-03,2019030301004137,RMDC,8,13,100,520.00,"52,000.00"
2019-03-03,2019030301004042,RRHP,40,32,10,89.00,890.00
2019-03-03,2019030301003849,RRHP,40,8,10,89.00,890.00
2019-03-03,2019030301004138,RSDC,39,39,1,363.00,363.00
2019-03-03,2019030301003996,RSDC,46,37,150,370.00,"55,500.00"
2019-03-03,2019030301003863,RSDC,46,37,125,370.00,"46,250.00"
2019-03-03,2019030301003862,RSDC,38,37,25,370.00,"9,250.00"
2019-03-03,2019030301004141,SANIMA,14,16,772,293.00,"226,196.00"
2019-03-03,2019030301004128,SANIMA,22,16,50,293.00,"14,650.00"
2019-03-03,2019030301004143,SBI,13,13,30,371.00,"11,130.00"
2019-03-03,2019030301004038,SBL,45,36,38,274.00,"10,412.00"
2019-03-03,2019030301004037,SBL,34,36,14,274.00,"3,836.00"
2019-03-03,2019030301004036,SBL,52,36,100,275.00,"27,500.00"
2019-03-03,2019030301004035,SBL,13,36,500,275.00,"137,500.00"
2019-03-03,2019030301004034,SBL,54,36,300,275.00,"82,500.00"
2019-03-03,2019030301004033,SBL,32,36,138,275.00,"37,950.00"
2019-03-03,2019030301004032,SBL,37,36,400,275.00,"110,000.00"
2019-03-03,2019030301004031,SBL,52,36,50,275.00,"13,750.00"
2019-03-03,2019030301004030,SBL,36,36,310,275.00,"85,250.00"
2019-03-03,2019030301004029,SBL,25,36,150,276.00,"41,400.00"
2019-03-03,2019030301004109,SCB,42,38,20,523.00,"10,460.00"
2019-03-03,2019030301004085,SCB,42,38,20,523.00,"10,460.00"
2019-03-03,2019030301004066,SCB,42,38,20,523.00,"10,460.00"
2019-03-03,2019030301003919,SCB,42,57,20,523.00,"10,460.00"
2019-03-03,2019030301004235,SDESI,33,8,27,581.00,"15,687.00"
2019-03-03,2019030301004077,SDESI,33,25,27,581.00,"15,687.00"
2019-03-03,2019030301004070,SDESI,42,25,27,581.00,"15,687.00"
2019-03-03,2019030301004007,SDESI,42,25,27,581.00,"15,687.00"
2019-03-03,2019030301003998,SDESI,42,25,27,581.00,"15,687.00"
2019-03-03,2019030301003980,SDESI,42,25,27,581.00,"15,687.00"
2019-03-03,2019030301004255,SEF,43,16,"10,000",9.22,"92,200.00"
2019-03-03,2019030301004125,SHPC,8,1,140,217.00,"30,380.00"
2019-03-03,2019030301003977,SHPC,8,58,90,217.00,"19,530.00"
2019-03-03,2019030301004064,SIC,57,33,90,"1,257.00","113,130.00"
2019-03-03,2019030301004063,SIC,43,33,10,"1,258.00","12,580.00"
2019-03-03,2019030301004005,SIC,43,26,90,"1,258.00","113,220.00"
2019-03-03,2019030301004004,SIC,11,26,10,"1,260.00","12,600.00"
2019-03-03,2019030301003810,SIC,11,55,20,"1,260.00","25,200.00"
2019-03-03,2019030301004194,SICL,16,13,70,865.00,"60,550.00"
2019-03-03,2019030301003992,SIL,17,50,20,593.00,"11,860.00"
2019-03-03,2019030301003991,SIL,38,50,10,595.00,"5,950.00"
2019-03-03,2019030301003936,SINDU,36,57,10,126.00,"1,260.00"
2019-03-03,2019030301003848,SKBBL,42,14,13,828.00,"10,764.00"
2019-03-03,2019030301004142,SLBS,8,11,12,901.00,"10,812.00"
2019-03-03,2019030301004253,SLBSL,54,21,10,771.00,"7,710.00"
2019-03-03,2019030301004209,SLBSL,32,21,10,771.00,"7,710.00"
2019-03-03,2019030301004179,SLBSL,32,38,10,771.00,"7,710.00"
2019-03-03,2019030301004144,SLBSL,55,38,10,772.00,"7,720.00"
2019-03-03,2019030301004001,SLBSL,55,57,10,772.00,"7,720.00"
2019-03-03,2019030301003857,SLBSL,32,39,10,771.00,"7,710.00"
2019-03-03,2019030301003824,SLBSL,52,39,10,772.00,"7,720.00"
2019-03-03,2019030301003809,SLBSL,52,39,10,772.00,"7,720.00"
2019-03-03,2019030301004274,SLICL,45,50,50,513.00,"25,650.00"
2019-03-03,2019030301004273,SLICL,7,50,15,513.00,"7,695.00"
2019-03-03,2019030301004162,SLICL,22,13,100,514.00,"51,400.00"
2019-03-03,2019030301004276,SMATA,17,44,200,"1,307.00","261,400.00"
2019-03-03,2019030301004271,SMATA,41,44,300,"1,307.00","392,100.00"
2019-03-03,2019030301004153,SMATA,54,52,30,"1,310.00","39,300.00"
2019-03-03,2019030301004119,SMATA,35,55,22,"1,305.00","28,710.00"
2019-03-03,2019030301003847,SMATA,41,44,200,"1,307.00","261,400.00"
2019-03-03,2019030301004270,SRBL,19,53,81,206.00,"16,686.00"
2019-03-03,2019030301004126,SRBL,32,32,157,206.00,"32,342.00"
2019-03-03,2019030301004105,SRBL,26,59,130,205.00,"26,650.00"
2019-03-03,2019030301004304,TRH,34,22,90,240.00,"21,600.00"
2019-03-03,2019030301004303,TRH,5,22,160,240.00,"38,400.00"
2019-03-03,2019030301004302,TRH,25,22,100,241.00,"24,100.00"
2019-03-03,2019030301004301,TRH,25,22,30,241.00,"7,230.00"
2019-03-03,2019030301004177,UIC,44,58,180,766.00,"137,880.00"
2019-03-03,2019030301004293,UPPER,57,21,50,223.00,"11,150.00"
2019-03-03,2019030301004282,UPPER,57,21,50,223.00,"11,150.00"
2019-03-03,2019030301004269,UPPER,57,21,40,223.00,"8,920.00"
2019-03-03,2019030301003971,UPPER,42,54,30,223.00,"6,690.00"
2019-03-03,2019030301003970,UPPER,48,54,20,223.00,"4,460.00"
2019-03-03,2019030301003969,UPPER,48,49,40,223.00,"8,920.00"
2019-03-03,2019030301003962,UPPER,48,49,40,223.00,"8,920.00"
2019-03-03,2019030301003883,UPPER,48,49,40,223.00,"8,920.00"
2019-03-03,2019030301003821,UPPER,48,40,50,223.00,"11,150.00"
2019-03-03,2019030301004118,UPPER,59,38,40,223.00,"8,920.00"
2019-03-03,2019030301004089,UPPER,59,38,20,223.00,"4,460.00"
2019-03-03,2019030301004088,UPPER,42,38,20,223.00,"4,460.00"
2019-03-03,2019030301004071,UPPER,42,38,50,223.00,"11,150.00"
2019-03-03,2019030301003997,UPPER,42,17,50,223.00,"11,150.00"
2019-03-03,2019030301003995,UPPER,42,21,50,223.00,"11,150.00"
2019-03-03,2019030301004186,UPPER,59,52,300,223.00,"66,900.00"
2019-03-03,2019030301004160,UPPER,57,17,20,224.00,"4,480.00"
2019-03-03,2019030301004159,UPPER,57,41,10,224.00,"2,240.00"
2019-03-03,2019030301004158,UPPER,57,48,40,224.00,"8,960.00"
2019-03-03,2019030301004157,UPPER,57,6,50,224.00,"11,200.00"
2019-03-03,2019030301004156,UPPER,57,38,40,224.00,"8,960.00"
2019-03-03,2019030301004214,UPPER,29,17,20,224.00,"4,480.00"
2019-03-03,2019030301004213,UPPER,57,38,40,223.00,"8,920.00"
2019-03-03,2019030301004211,UPPER,18,18,4,221.00,884.00
2019-03-03,2019030301004195,UPPER,57,21,72,223.00,"16,056.00"
2019-03-03,2019030301004188,UPPER,57,52,190,223.00,"42,370.00"
2019-03-03,2019030301004187,UPPER,45,52,10,223.00,"2,230.00"
2019-03-03,2019030301004237,UPPER,57,21,122,223.00,"27,206.00"
2019-03-03,2019030301004222,UPPER,57,21,40,223.00,"8,920.00"
2019-03-03,2019030301004218,UPPER,29,39,101,224.00,"22,624.00"
2019-03-03,2019030301004217,UPPER,29,39,293,224.00,"65,632.00"
2019-03-03,2019030301004216,UPPER,29,39,293,224.00,"65,632.00"
2019-03-03,2019030301004215,UPPER,29,39,293,224.00,"65,632.00"
2019-03-03,2019030301004268,VLBS,41,52,50,668.00,"33,400.00"
2019-03-03,2019030301004238,WOMI,54,32,14,"1,098.00","15,372.00"
2019-03-03,2019030301004192,WOMI,54,35,20,"1,098.00","21,960.00"
2019-03-03,2019030301004191,WOMI,35,35,10,"1,099.00","10,990.00"
2019-03-03,2019030301004178,WOMI,45,13,25,"1,100.00","27,500.00"
2019-03-03,2019030301004121,WOMI,45,11,12,"1,100.00","13,200.00"
2019-03-03,2019030301003742,ADBL,48,45,30,293.00,"8,790.00"
2019-03-03,2019030301003727,ADBL,48,45,30,293.00,"8,790.00"
2019-03-03,2019030301003553,ADBL,6,58,117,292.00,"34,164.00"
2019-03-03,2019030301003451,ADBL,39,45,100,293.00,"29,300.00"
2019-03-03,2019030301003418,ADBL,51,45,100,293.00,"29,300.00"
2019-03-03,2019030301003398,ADBL,56,45,200,293.00,"58,600.00"
2019-03-03,2019030301003325,ADBL,35,41,200,293.00,"58,600.00"
2019-03-03,2019030301003343,ADBL,6,11,94,292.00,"27,448.00"
2019-03-03,2019030301003342,ADBL,26,11,500,292.00,"146,000.00"
2019-03-03,2019030301003341,ADBL,34,11,45,292.00,"13,140.00"
2019-03-03,2019030301003340,ADBL,34,11,40,292.00,"11,680.00"
2019-03-03,2019030301003339,ADBL,34,11,21,292.00,"6,132.00"
2019-03-03,2019030301003338,ADBL,35,11,300,293.00,"87,900.00"
2019-03-03,2019030301003415,AHPC,52,6,78,97.00,"7,566.00"
2019-03-03,2019030301003801,AKJCL,39,45,10,82.00,820.00
2019-03-03,2019030301003604,AKJCL,39,46,20,82.00,"1,640.00"
2019-03-03,2019030301003472,AKJCL,28,28,20,83.00,"1,660.00"
2019-03-03,2019030301003373,AKPL,22,36,13,152.00,"1,976.00"
2019-03-03,2019030301003305,AKPL,22,14,10,152.00,"1,520.00"
2019-03-03,2019030301003652,ALICL,50,54,"1,000",548.00,"548,000.00"
2019-03-03,2019030301003595,ALICL,40,56,500,549.00,"274,500.00"
2019-03-03,2019030301003438,ALICL,51,56,500,549.00,"274,500.00"
2019-03-03,2019030301003410,AMFI,43,36,10,657.00,"6,570.00"
2019-03-03,2019030301003797,API,59,54,50,125.00,"6,250.00"
2019-03-03,2019030301003785,API,11,34,50,125.00,"6,250.00"
2019-03-03,2019030301003531,API,36,34,10,125.00,"1,250.00"
2019-03-03,2019030301003784,API,40,34,342,125.00,"42,750.00"
2019-03-03,2019030301003636,API,40,47,500,125.00,"62,500.00"
2019-03-03,2019030301003635,API,40,34,158,125.00,"19,750.00"
2019-03-03,2019030301003577,API,17,39,28,124.00,"3,472.00"
2019-03-03,2019030301003637,BHBL,28,26,78,146.00,"11,388.00"
2019-03-03,2019030301003691,BOKL,14,58,50,238.00,"11,900.00"
2019-03-03,2019030301003456,BOKL,14,51,100,238.00,"23,800.00"
2019-03-03,2019030301003401,BOKL,14,59,226,238.00,"53,788.00"
2019-03-03,2019030301003397,BOKL,14,19,55,238.00,"13,090.00"
2019-03-03,2019030301003396,BOKL,14,35,727,238.00,"173,026.00"
2019-03-03,2019030301003331,BOKL,52,13,250,237.00,"59,250.00"
2019-03-03,2019030301003671,BPCL,25,20,20,336.00,"6,720.00"
2019-03-03,2019030301003431,BPCL,25,33,50,336.00,"16,800.00"
2019-03-03,2019030301003326,BPCL,25,16,30,336.00,"10,080.00"
2019-03-03,2019030301003552,CBBL,14,29,95,867.00,"82,365.00"
2019-03-03,2019030301003395,CBBL,33,33,100,868.00,"86,800.00"
2019-03-03,2019030301003724,CBL,25,6,33,148.00,"4,884.00"
2019-03-03,2019030301003670,CBL,6,57,242,147.00,"35,574.00"
2019-03-03,2019030301003669,CBL,14,57,159,147.00,"23,373.00"
2019-03-03,2019030301003627,CBL,14,42,147,147.00,"21,609.00"
2019-03-03,2019030301003565,CBL,6,6,11,148.00,"1,628.00"
2019-03-03,2019030301003313,CBL,58,14,21,148.00,"3,108.00"
2019-03-03,2019030301003705,CCBL,36,19,28,157.00,"4,396.00"
2019-03-03,2019030301003644,CCBL,36,57,89,157.00,"13,973.00"
2019-03-03,2019030301003643,CCBL,14,57,15,158.00,"2,370.00"
2019-03-03,2019030301003642,CCBL,13,57,30,158.00,"4,740.00"
2019-03-03,2019030301003738,CHCL,49,34,40,500.00,"20,000.00"
2019-03-03,2019030301003725,CHCL,49,43,20,500.00,"10,000.00"
2019-03-03,2019030301003559,CHCL,49,34,130,500.00,"65,000.00"
2019-03-03,2019030301003558,CHCL,22,34,50,501.00,"25,050.00"
2019-03-03,2019030301003551,CHCL,22,34,124,501.00,"62,124.00"
2019-03-03,2019030301003372,CHCL,28,3,26,502.00,"13,052.00"
2019-03-03,2019030301003356,CHCL,22,28,26,501.00,"13,026.00"
2019-03-03,2019030301003793,CHLBS,17,21,10,575.00,"5,750.00"
2019-03-03,2019030301003776,CHLBS,17,52,10,575.00,"5,750.00"
2019-03-03,2019030301003767,CHLBS,17,52,10,575.00,"5,750.00"
2019-03-03,2019030301003752,CHLBS,17,57,10,575.00,"5,750.00"
2019-03-03,2019030301003678,CHLBS,17,32,10,575.00,"5,750.00"
2019-03-03,2019030301003616,CHLBS,17,29,10,575.00,"5,750.00"
2019-03-03,2019030301003422,CHLBS,22,42,10,578.00,"5,780.00"
2019-03-03,2019030301003421,CHLBS,48,38,10,578.00,"5,780.00"
2019-03-03,2019030301003417,CHLBS,48,38,10,578.00,"5,780.00"
2019-03-03,2019030301003330,CHLBS,48,20,10,578.00,"5,780.00"
2019-03-03,2019030301003323,CHLBS,48,11,10,578.00,"5,780.00"
2019-03-03,2019030301003439,CHLBS,22,25,10,578.00,"5,780.00"
2019-03-03,2019030301003434,CHLBS,22,38,10,578.00,"5,780.00"
2019-03-03,2019030301003432,CHLBS,22,38,10,578.00,"5,780.00"
2019-03-03,2019030301003430,CHLBS,22,38,10,578.00,"5,780.00"
2019-03-03,2019030301003429,CHLBS,22,38,10,578.00,"5,780.00"
2019-03-03,2019030301003425,CHLBS,22,38,10,578.00,"5,780.00"
2019-03-03,2019030301003453,CHLBS,22,38,10,578.00,"5,780.00"
2019-03-03,2019030301003448,CHLBS,22,38,10,578.00,"5,780.00"
2019-03-03,2019030301003445,CHLBS,22,38,10,578.00,"5,780.00"
2019-03-03,2019030301003444,CHLBS,22,38,10,578.00,"5,780.00"
2019-03-03,2019030301003442,CHLBS,22,38,10,578.00,"5,780.00"
2019-03-03,2019030301003441,CHLBS,22,38,10,578.00,"5,780.00"
2019-03-03,2019030301003485,CHLBS,22,33,10,578.00,"5,780.00"
2019-03-03,2019030301003480,CHLBS,22,34,10,578.00,"5,780.00"
2019-03-03,2019030301003479,CHLBS,22,38,10,578.00,"5,780.00"
2019-03-03,2019030301003474,CHLBS,22,38,10,578.00,"5,780.00"
2019-03-03,2019030301003461,CHLBS,22,38,10,578.00,"5,780.00"
2019-03-03,2019030301003454,CHLBS,22,38,10,578.00,"5,780.00"
2019-03-03,2019030301003511,CHLBS,16,34,10,577.00,"5,770.00"
2019-03-03,2019030301003508,CHLBS,16,38,10,577.00,"5,770.00"
2019-03-03,2019030301003505,CHLBS,16,38,10,577.00,"5,770.00"
2019-03-03,2019030301003502,CHLBS,16,34,10,577.00,"5,770.00"
2019-03-03,2019030301003497,CHLBS,16,38,10,577.00,"5,770.00"
2019-03-03,2019030301003492,CHLBS,6,43,10,578.00,"5,780.00"
2019-03-03,2019030301003532,CHLBS,43,38,10,577.00,"5,770.00"
2019-03-03,2019030301003529,CHLBS,43,58,10,577.00,"5,770.00"
2019-03-03,2019030301003528,CHLBS,16,58,190,577.00,"109,630.00"
2019-03-03,2019030301003525,CHLBS,16,51,10,577.00,"5,770.00"
2019-03-03,2019030301003523,CHLBS,16,43,10,577.00,"5,770.00"
2019-03-03,2019030301003518,CHLBS,16,38,10,577.00,"5,770.00"
2019-03-03,2019030301003800,CIT,19,16,10,"2,530.00","25,300.00"
2019-03-03,2019030301003771,CIT,36,16,47,"2,530.00","118,910.00"
2019-03-03,2019030301003762,CIT,19,45,10,"2,532.00","25,320.00"
2019-03-03,2019030301003707,CIT,36,14,53,"2,530.00","134,090.00"
2019-03-03,2019030301003630,CIT,41,5,44,"2,523.00","111,012.00"
2019-03-03,2019030301003557,CIT,45,14,100,"2,530.00","253,000.00"
2019-03-03,2019030301003596,CLBSL,11,58,11,616.00,"6,776.00"
2019-03-03,2019030301003775,CZBIL,45,26,449,201.00,"90,249.00"
2019-03-03,2019030301003651,CZBIL,13,26,250,202.00,"50,500.00"
2019-03-03,2019030301003406,CZBIL,13,16,150,202.00,"30,300.00"
2019-03-03,2019030301003405,CZBIL,13,37,97,202.00,"19,594.00"
2019-03-03,2019030301003581,DBBL,58,57,400,122.00,"48,800.00"
2019-03-03,2019030301003580,DBBL,25,57,100,122.00,"12,200.00"
2019-03-03,2019030301003579,DBBL,49,57,100,122.00,"12,200.00"
2019-03-03,2019030301003578,DBBL,56,57,400,122.00,"48,800.00"
2019-03-03,2019030301003556,DBBL,56,29,100,122.00,"12,200.00"
2019-03-03,2019030301003555,DBBL,57,29,500,122.00,"61,000.00"
2019-03-03,2019030301003554,DBBL,26,29,100,122.00,"12,200.00"
2019-03-03,2019030301003780,EBL,6,49,14,510.00,"7,140.00"
2019-03-03,2019030301003779,EBL,25,49,50,510.00,"25,500.00"
2019-03-03,2019030301003778,EBL,32,49,20,510.00,"10,200.00"
2019-03-03,2019030301003777,EBL,57,49,14,510.00,"7,140.00"
2019-03-03,2019030301003605,EBL,47,1,50,511.00,"25,550.00"
2019-03-03,2019030301003463,EBL,5,29,"1,000",511.00,"511,000.00"
2019-03-03,2019030301003462,EBL,38,29,273,512.00,"139,776.00"
2019-03-03,2019030301003416,EBL,38,35,42,512.00,"21,504.00"
2019-03-03,2019030301003384,EBL,14,35,30,512.00,"15,360.00"
2019-03-03,2019030301003517,FMDBL,14,42,100,360.00,"36,000.00"
2019-03-03,2019030301003516,FMDBL,14,1,50,360.00,"18,000.00"
2019-03-03,2019030301003515,FMDBL,14,47,100,360.00,"36,000.00"
2019-03-03,2019030301003514,FMDBL,14,13,40,359.00,"14,360.00"
2019-03-03,2019030301003513,FMDBL,14,22,40,359.00,"14,360.00"
2019-03-03,2019030301003598,FOWAD,45,6,23,"1,525.00","35,075.00"
2019-03-03,2019030301003597,FOWAD,45,57,20,"1,525.00","30,500.00"
2019-03-03,2019030301003450,FOWAD,14,36,39,"1,515.00","59,085.00"
2019-03-03,2019030301003426,FOWAD,14,33,15,"1,515.00","22,725.00"
2019-03-03,2019030301003460,GBIME,51,55,50,259.00,"12,950.00"
2019-03-03,2019030301003681,GBLBS,34,20,10,436.00,"4,360.00"
2019-03-03,2019030301003648,GBLBS,25,44,172,437.00,"75,164.00"
2019-03-03,2019030301003625,GBLBS,25,44,108,437.00,"47,196.00"
2019-03-03,2019030301003624,GBLBS,37,44,20,437.00,"8,740.00"
2019-03-03,2019030301003606,GBLBS,37,32,10,437.00,"4,370.00"
2019-03-03,2019030301003329,GBLBS,37,14,10,437.00,"4,370.00"
2019-03-03,2019030301003443,GDBL,58,11,10,177.00,"1,770.00"
2019-03-03,2019030301003440,GDBL,58,11,20,177.00,"3,540.00"
2019-03-03,2019030301003654,GLICL,51,21,189,685.00,"129,465.00"
2019-03-03,2019030301003653,GLICL,11,21,11,688.00,"7,568.00"
2019-03-03,2019030301003346,GLICL,57,57,33,688.00,"22,704.00"
2019-03-03,2019030301003741,GRDBL,52,46,38,102.00,"3,876.00"
2019-03-03,2019030301003740,GRDBL,6,46,10,102.00,"1,020.00"
2019-03-03,2019030301003739,GRDBL,25,46,102,102.00,"10,404.00"
2019-03-03,2019030301003521,GUFL,8,57,10,107.00,"1,070.00"
2019-03-03,2019030301003409,GUFL,7,44,500,105.00,"52,500.00"
2019-03-03,2019030301003408,GUFL,7,46,100,105.00,"10,500.00"
2019-03-03,2019030301003310,HBL,22,38,200,428.00,"85,600.00"
2019-03-03,2019030301003685,HGI,16,44,43,376.00,"16,168.00"
2019-03-03,2019030301003684,HGI,35,44,30,376.00,"11,280.00"
2019-03-03,2019030301003683,HGI,45,44,60,376.00,"22,560.00"
2019-03-03,2019030301003682,HGI,13,44,30,377.00,"11,310.00"
2019-03-03,2019030301003628,HPPL,41,32,10,170.00,"1,700.00"
2019-03-03,2019030301003345,HPPL,41,14,10,170.00,"1,700.00"
2019-03-03,2019030301003626,ICFC,49,45,"2,129",145.00,"308,705.00"
2019-03-03,2019030301003370,ICFC,41,19,50,144.00,"7,200.00"
2019-03-03,2019030301003620,JBNL,57,29,72,165.00,"11,880.00"
2019-03-03,2019030301003560,JBNL,26,29,24,165.00,"3,960.00"
2019-03-03,2019030301003633,KKHC,52,19,16,72.00,"1,152.00"
2019-03-03,2019030301003786,KNBL,57,3,75,116.00,"8,700.00"
2019-03-03,2019030301003792,KPCL,51,20,10,90.00,900.00
2019-03-03,2019030301003378,KPCL,28,28,10,90.00,900.00
2019-03-03,2019030301003623,KPCL,26,46,10,89.00,890.00
2019-03-03,2019030301003377,KRBL,57,25,150,92.00,"13,800.00"
2019-03-03,2019030301003593,LBBL,32,32,155,170.00,"26,350.00"
2019-03-03,2019030301003587,LBBL,32,32,116,170.00,"19,720.00"
2019-03-03,2019030301003572,LBBL,25,13,"1,000",170.00,"170,000.00"
2019-03-03,2019030301003507,LBL,37,19,35,184.00,"6,440.00"
2019-03-03,2019030301003506,LBL,54,19,29,184.00,"5,336.00"
2019-03-03,2019030301003773,LGIL,49,29,100,500.00,"50,000.00"
2019-03-03,2019030301003675,LGIL,25,6,110,498.00,"54,780.00"
2019-03-03,2019030301003609,LGIL,11,45,150,499.00,"74,850.00"
2019-03-03,2019030301003608,LGIL,51,45,100,499.00,"49,900.00"
2019-03-03,2019030301003607,LGIL,57,45,200,499.00,"99,800.00"
2019-03-03,2019030301003364,LGIL,57,6,38,500.00,"19,000.00"
2019-03-03,2019030301003363,LGIL,45,6,200,500.00,"100,000.00"
2019-03-03,2019030301003362,LGIL,17,6,50,500.00,"25,000.00"
2019-03-03,2019030301003352,LGIL,43,26,50,501.00,"25,050.00"
2019-03-03,2019030301003621,LICN,16,52,50,"1,605.00","80,250.00"
2019-03-03,2019030301003503,LICN,14,25,50,"1,600.00","80,000.00"
2019-03-03,2019030301003795,MEGA,41,48,100,158.00,"15,800.00"
2019-03-03,2019030301003614,MEGA,14,34,15,158.00,"2,370.00"
2019-03-03,2019030301003613,MEGA,39,34,500,158.00,"79,000.00"
2019-03-03,2019030301003612,MEGA,13,34,30,158.00,"4,740.00"
2019-03-03,2019030301003611,MEGA,39,34,100,158.00,"15,800.00"
2019-03-03,2019030301003610,MEGA,33,34,323,158.00,"51,034.00"
2019-03-03,2019030301003382,MEGA,28,29,107,159.00,"17,013.00"
2019-03-03,2019030301003369,MEGA,33,25,70,158.00,"11,060.00"
2019-03-03,2019030301003367,MEGA,33,28,107,158.00,"16,906.00"
2019-03-03,2019030301003332,MEGA,48,29,"1,610",159.00,"255,990.00"
2019-03-03,2019030301003317,MEGA,48,34,500,159.00,"79,500.00"
2019-03-03,2019030301003307,MEGA,48,55,150,159.00,"23,850.00"
2019-03-03,2019030301003371,MERO,33,6,13,592.00,"7,696.00"
2019-03-03,2019030301003759,MLBL,49,26,83,156.00,"12,948.00"
2019-03-03,2019030301003758,MLBL,18,26,200,156.00,"31,200.00"
2019-03-03,2019030301003757,MLBL,26,26,25,156.00,"3,900.00"
2019-03-03,2019030301003756,MLBL,37,26,100,156.00,"15,600.00"
2019-03-03,2019030301003755,MLBL,35,26,39,156.00,"6,084.00"
2019-03-03,2019030301003754,MLBL,6,26,16,157.00,"2,512.00"
2019-03-03,2019030301003730,MNBBL,57,43,26,334.00,"8,684.00"
2019-03-03,2019030301003723,MNBBL,57,16,158,334.00,"52,772.00"
2019-03-03,2019030301003722,MNBBL,56,16,25,334.00,"8,350.00"
2019-03-03,2019030301003721,MNBBL,1,16,500,334.00,"167,000.00"
2019-03-03,2019030301003720,MNBBL,11,16,50,334.00,"16,700.00"
2019-03-03,2019030301003719,MNBBL,26,16,170,334.00,"56,780.00"
2019-03-03,2019030301003569,MNBBL,57,29,250,335.00,"83,750.00"
2019-03-03,2019030301003568,MNBBL,56,29,25,335.00,"8,375.00"
2019-03-03,2019030301003567,MNBBL,35,29,100,335.00,"33,500.00"
2019-03-03,2019030301003566,MNBBL,14,29,388,335.00,"129,980.00"
2019-03-03,2019030301003680,MNBBL,6,29,12,335.00,"4,020.00"
2019-03-03,2019030301003571,MNBBL,29,29,100,335.00,"33,500.00"
2019-03-03,2019030301003570,MNBBL,26,29,100,335.00,"33,500.00"
2019-03-03,2019030301003603,NABIL,32,49,20,684.00,"13,680.00"
2019-03-03,2019030301003602,NABIL,13,49,30,684.00,"20,520.00"
2019-03-03,2019030301003327,NABIL,21,44,100,685.00,"68,500.00"
2019-03-03,2019030301003314,NABIL,53,44,100,685.00,"68,500.00"
2019-03-03,2019030301003729,NADEP,57,57,10,668.00,"6,680.00"
2019-03-03,2019030301003673,NADEP,45,32,10,672.00,"6,720.00"
2019-03-03,2019030301003647,NADEP,29,32,10,672.00,"6,720.00"
2019-03-03,2019030301003744,NBB,6,40,19,183.00,"3,477.00"
2019-03-03,2019030301003743,NBB,56,40,368,183.00,"67,344.00"
2019-03-03,2019030301003701,NBB,56,16,500,183.00,"91,500.00"
2019-03-03,2019030301003666,NBB,56,17,132,183.00,"24,156.00"
2019-03-03,2019030301003665,NBB,55,17,200,183.00,"36,600.00"
2019-03-03,2019030301003464,NBB,29,29,263,183.00,"48,129.00"
2019-03-03,2019030301003404,NBB,55,25,100,184.00,"18,400.00"
2019-03-03,2019030301003380,NBB,29,19,50,183.00,"9,150.00"
2019-03-03,2019030301003379,NBB,40,19,100,183.00,"18,300.00"
2019-03-03,2019030301003658,NBB,44,17,200,183.00,"36,600.00"
2019-03-03,2019030301003657,NBB,1,17,400,183.00,"73,200.00"
2019-03-03,2019030301003656,NBB,29,17,95,183.00,"17,385.00"
2019-03-03,2019030301003650,NBB,29,53,500,183.00,"91,500.00"
2019-03-03,2019030301003537,NBB,1,25,600,183.00,"109,800.00"
2019-03-03,2019030301003512,NBB,29,19,92,183.00,"16,836.00"
2019-03-03,2019030301003664,NBB,14,17,15,183.00,"2,745.00"
2019-03-03,2019030301003663,NBB,26,17,200,183.00,"36,600.00"
2019-03-03,2019030301003662,NBB,22,17,500,183.00,"91,500.00"
2019-03-03,2019030301003661,NBB,36,17,110,183.00,"20,130.00"
2019-03-03,2019030301003660,NBB,36,17,50,183.00,"9,150.00"
2019-03-03,2019030301003659,NBB,42,17,98,183.00,"17,934.00"
2019-03-03,2019030301003789,NBBL,11,32,40,640.00,"25,600.00"
2019-03-03,2019030301003400,NBBL,45,34,100,637.00,"63,700.00"
2019-03-03,2019030301003718,NBL,38,36,300,282.00,"84,600.00"
2019-03-03,2019030301003717,NBL,8,36,"2,000",282.00,"564,000.00"
2019-03-03,2019030301003716,NBL,6,36,"1,500",282.00,"423,000.00"
2019-03-03,2019030301003715,NBL,50,36,"1,000",282.00,"282,000.00"
2019-03-03,2019030301003714,NBL,19,36,"1,000",282.00,"282,000.00"
2019-03-03,2019030301003713,NBL,44,36,500,282.00,"141,000.00"
2019-03-03,2019030301003333,NBL,8,36,70,283.00,"19,810.00"
2019-03-03,2019030301003495,NBL,6,20,855,283.00,"241,965.00"
2019-03-03,2019030301003447,NBL,6,36,645,283.00,"182,535.00"
2019-03-03,2019030301003407,NBL,51,36,135,283.00,"38,205.00"
2019-03-03,2019030301003336,NBL,45,36,"1,000",283.00,"283,000.00"
2019-03-03,2019030301003335,NBL,26,36,"2,000",283.00,"566,000.00"
2019-03-03,2019030301003334,NBL,1,36,50,283.00,"14,150.00"
2019-03-03,2019030301003712,NBL,26,36,500,282.00,"141,000.00"
2019-03-03,2019030301003711,NBL,14,36,300,282.00,"84,600.00"
2019-03-03,2019030301003710,NBL,54,36,300,282.00,"84,600.00"
2019-03-03,2019030301003709,NBL,57,36,194,282.00,"54,708.00"
2019-03-03,2019030301003573,NBL,57,29,100,282.00,"28,200.00"
2019-03-03,2019030301003538,NBL,26,20,145,283.00,"41,035.00"
2019-03-03,2019030301003751,NCCB,44,17,874,204.00,"178,296.00"
2019-03-03,2019030301003750,NCCB,44,17,126,204.00,"25,704.00"
2019-03-03,2019030301003692,NCCB,44,42,255,204.00,"52,020.00"
2019-03-03,2019030301003638,NCCB,44,29,50,204.00,"10,200.00"
2019-03-03,2019030301003375,NCCB,44,25,61,204.00,"12,444.00"
2019-03-03,2019030301003672,NHPC,36,28,100,61.00,"6,100.00"
2019-03-03,2019030301003455,NHPC,36,26,100,62.00,"6,200.00"
2019-03-03,2019030301003686,NIB,33,41,46,502.00,"23,092.00"
2019-03-03,2019030301003564,NIB,39,11,165,501.00,"82,665.00"
2019-03-03,2019030301003563,NIB,14,11,15,502.00,"7,530.00"
2019-03-03,2019030301003562,NIB,32,11,20,502.00,"10,040.00"
2019-03-03,2019030301003390,NIB,39,57,331,501.00,"165,831.00"
2019-03-03,2019030301003389,NIB,18,57,100,501.00,"50,100.00"
2019-03-03,2019030301003388,NIB,44,57,42,501.00,"21,042.00"
2019-03-03,2019030301003387,NIB,56,57,100,502.00,"50,200.00"
2019-03-03,2019030301003386,NIB,37,57,50,502.00,"25,100.00"
2019-03-03,2019030301003385,NIB,38,57,102,502.00,"51,204.00"
2019-03-03,2019030301003694,NICA,56,16,672,378.00,"254,016.00"
2019-03-03,2019030301003655,NICA,56,34,123,378.00,"46,494.00"
2019-03-03,2019030301003475,NICA,56,51,129,378.00,"48,762.00"
2019-03-03,2019030301003428,NICA,56,10,76,378.00,"28,728.00"
2019-03-03,2019030301003359,NICA,34,38,50,379.00,"18,950.00"
2019-03-03,2019030301003615,NICL,48,6,50,366.00,"18,300.00"
2019-03-03,2019030301003469,NIL,44,42,50,507.00,"25,350.00"
2019-03-03,2019030301003468,NIL,49,42,50,507.00,"25,350.00"
2019-03-03,2019030301003467,NIL,50,42,200,507.00,"101,400.00"
2019-03-03,2019030301003466,NIL,35,42,200,507.00,"101,400.00"
2019-03-03,2019030301003465,NIL,22,42,100,507.00,"50,700.00"
2019-03-03,2019030301003782,NLIC,26,58,23,"1,047.00","24,081.00"
2019-03-03,2019030301003726,NLIC,38,58,50,"1,047.00","52,350.00"
2019-03-03,2019030301003689,NLIC,25,58,50,"1,047.00","52,350.00"
2019-03-03,2019030301003688,NLIC,17,58,150,"1,047.00","157,050.00"
2019-03-03,2019030301003687,NLIC,20,58,287,"1,048.00","300,776.00"
2019-03-03,2019030301003591,NLIC,20,29,213,"1,048.00","223,224.00"
2019-03-03,2019030301003458,NLIC,33,8,35,"1,049.00","36,715.00"
2019-03-03,2019030301003457,NLIC,22,36,17,"1,048.00","17,816.00"
2019-03-03,2019030301003452,NLIC,49,6,18,"1,049.00","18,882.00"
2019-03-03,2019030301003437,NLIC,22,33,38,"1,048.00","39,824.00"
2019-03-03,2019030301003436,NLIC,29,33,12,"1,048.00","12,576.00"
2019-03-03,2019030301003355,NLIC,7,21,30,"1,047.00","31,410.00"
2019-03-03,2019030301003527,NLIC,6,28,50,"1,048.00","52,400.00"
2019-03-03,2019030301003524,NLIC,6,17,30,"1,048.00","31,440.00"
2019-03-03,2019030301003509,NLIC,7,25,10,"1,047.00","10,470.00"
2019-03-03,2019030301003494,NLIC,7,39,17,"1,047.00","17,799.00"
2019-03-03,2019030301003471,NLIC,22,41,45,"1,048.00","47,160.00"
2019-03-03,2019030301003459,NLIC,33,6,15,"1,049.00","15,735.00"
2019-03-03,2019030301003583,NLIC,58,29,17,"1,048.00","17,816.00"
2019-03-03,2019030301003582,NLIC,6,29,70,"1,048.00","73,360.00"
2019-03-03,2019030301003576,NLIC,49,49,"1,000","1,048.00","1,048,000.00"
2019-03-03,2019030301003536,NLIC,21,47,30,"1,049.00","31,470.00"
2019-03-03,2019030301003535,NLIC,21,56,75,"1,049.00","78,675.00"
2019-03-03,2019030301003534,NLIC,21,51,100,"1,049.00","104,900.00"
2019-03-03,2019030301003601,NLICL,42,11,115,615.00,"70,725.00"
2019-03-03,2019030301003600,NLICL,44,11,50,615.00,"30,750.00"
2019-03-03,2019030301003599,NLICL,35,11,113,615.00,"69,495.00"
2019-03-03,2019030301003590,NMB,49,49,"1,150",305.00,"350,750.00"
2019-03-03,2019030301003473,NMB,51,36,50,305.00,"15,250.00"
2019-03-03,2019030301003328,NMBMF,58,49,34,"1,006.00","34,204.00"
2019-03-03,2019030301003737,NSEWA,22,46,10,530.00,"5,300.00"
2019-03-03,2019030301003622,NSEWA,11,32,10,531.00,"5,310.00"
2019-03-03,2019030301003486,NSEWA,29,36,10,532.00,"5,320.00"
2019-03-03,2019030301003365,NSEWA,29,1,10,532.00,"5,320.00"
2019-03-03,2019030301003337,NSEWA,39,16,10,532.00,"5,320.00"
2019-03-03,2019030301003679,NTC,1,50,50,684.00,"34,200.00"
2019-03-03,2019030301003735,PCBL,46,32,24,304.00,"7,296.00"
2019-03-03,2019030301003734,PCBL,14,32,500,304.00,"152,000.00"
2019-03-03,2019030301003733,PCBL,52,32,76,304.00,"23,104.00"
2019-03-03,2019030301003668,PCBL,52,42,68,304.00,"20,672.00"
2019-03-03,2019030301003589,PCBL,52,29,56,304.00,"17,024.00"
2019-03-03,2019030301003588,PCBL,41,29,144,304.00,"43,776.00"
2019-03-03,2019030301003420,PCBL,41,11,35,304.00,"10,640.00"
2019-03-03,2019030301003394,PCBL,57,32,44,305.00,"13,420.00"
2019-03-03,2019030301003381,PCBL,41,57,44,304.00,"13,376.00"
2019-03-03,2019030301003374,PCBL,41,6,77,304.00,"23,408.00"
2019-03-03,2019030301003344,PCBL,43,6,50,304.00,"15,200.00"
2019-03-03,2019030301003796,PIC,26,49,96,994.00,"95,424.00"
2019-03-03,2019030301003766,PIC,35,26,15,995.00,"14,925.00"
2019-03-03,2019030301003765,PIC,49,26,10,995.00,"9,950.00"
2019-03-03,2019030301003764,PIC,1,26,10,995.00,"9,950.00"
2019-03-03,2019030301003763,PIC,58,26,13,996.00,"12,948.00"
2019-03-03,2019030301003704,PLIC,42,53,600,432.00,"259,200.00"
2019-03-03,2019030301003703,PLIC,42,53,100,432.00,"43,200.00"
2019-03-03,2019030301003702,PLIC,6,53,300,432.00,"129,600.00"
2019-03-03,2019030301003649,PLIC,35,57,200,435.00,"87,000.00"
2019-03-03,2019030301003631,PLIC,14,57,200,435.00,"87,000.00"
2019-03-03,2019030301003803,PMHPL,56,21,10,107.00,"1,070.00"
2019-03-03,2019030301003798,PMHPL,56,54,10,107.00,"1,070.00"
2019-03-03,2019030301003790,PMHPL,56,46,10,107.00,"1,070.00"
2019-03-03,2019030301003783,PMHPL,56,46,10,107.00,"1,070.00"
2019-03-03,2019030301003772,PMHPL,56,46,10,107.00,"1,070.00"
2019-03-03,2019030301003747,PMHPL,56,20,10,107.00,"1,070.00"
2019-03-03,2019030301003708,PMHPL,56,46,10,107.00,"1,070.00"
2019-03-03,2019030301003522,PMHPL,39,39,10,108.00,"1,080.00"
2019-03-03,2019030301003413,PMHPL,28,28,10,108.00,"1,080.00"
2019-03-03,2019030301003358,PMHPL,57,57,10,108.00,"1,080.00"
2019-03-03,2019030301003349,PMHPL,56,16,10,107.00,"1,070.00"
2019-03-03,2019030301003804,PRIN,50,40,50,405.00,"20,250.00"
2019-03-03,2019030301003677,PRIN,41,21,94,404.00,"37,976.00"
2019-03-03,2019030301003676,PRIN,25,21,90,405.00,"36,450.00"
2019-03-03,2019030301003618,PRIN,25,46,180,405.00,"72,900.00"
2019-03-03,2019030301003617,PRIN,51,46,20,406.00,"8,120.00"
2019-03-03,2019030301003484,PRIN,51,42,180,406.00,"73,080.00"
2019-03-03,2019030301003483,PRIN,41,42,40,406.00,"16,240.00"
2019-03-03,2019030301003482,PRIN,6,42,80,408.00,"32,640.00"
2019-03-03,2019030301003354,PRIN,6,25,120,408.00,"48,960.00"
2019-03-03,2019030301003353,PRIN,17,25,80,408.00,"32,640.00"
2019-03-03,2019030301003592,PRVU,14,36,"1,666",212.00,"353,192.00"
2019-03-03,2019030301003561,PRVU,47,36,100,212.00,"21,200.00"
2019-03-03,2019030301003550,PRVU,38,36,500,212.00,"106,000.00"
2019-03-03,2019030301003549,PRVU,34,36,"1,000",212.00,"212,000.00"
2019-03-03,2019030301003548,PRVU,42,36,200,212.00,"42,400.00"
2019-03-03,2019030301003547,PRVU,42,36,200,212.00,"42,400.00"
2019-03-03,2019030301003540,PRVU,29,36,541,212.00,"114,692.00"
2019-03-03,2019030301003539,PRVU,45,36,300,213.00,"63,900.00"
2019-03-03,2019030301003546,PRVU,41,36,500,212.00,"106,000.00"
2019-03-03,2019030301003545,PRVU,56,36,87,212.00,"18,444.00"
2019-03-03,2019030301003544,PRVU,1,36,500,212.00,"106,000.00"
2019-03-03,2019030301003543,PRVU,28,36,500,212.00,"106,000.00"
2019-03-03,2019030301003542,PRVU,58,36,"1,200",212.00,"254,400.00"
2019-03-03,2019030301003541,PRVU,1,36,"1,000",212.00,"212,000.00"
2019-03-03,2019030301003501,PURBL,34,33,53,158.00,"8,374.00"
2019-03-03,2019030301003481,PURBL,34,58,10,158.00,"1,580.00"
2019-03-03,2019030301003698,RADHI,13,20,11,157.00,"1,727.00"
2019-03-03,2019030301003693,RADHI,13,38,11,157.00,"1,727.00"
2019-03-03,2019030301003446,RADHI,8,8,11,158.00,"1,738.00"
2019-03-03,2019030301003414,RADHI,37,57,11,158.00,"1,738.00"
2019-03-03,2019030301003770,RHPC,25,39,17,85.00,"1,445.00"
2019-03-03,2019030301003769,RHPC,25,39,18,85.00,"1,530.00"
2019-03-03,2019030301003768,RHPC,25,50,500,85.00,"42,500.00"
2019-03-03,2019030301003526,RHPC,41,19,61,84.00,"5,124.00"
2019-03-03,2019030301003697,RLFL,47,35,105,111.00,"11,655.00"
2019-03-03,2019030301003696,RLFL,47,35,300,111.00,"33,300.00"
2019-03-03,2019030301003695,RLFL,59,35,475,112.00,"53,200.00"
2019-03-03,2019030301003519,RLFL,59,33,73,112.00,"8,176.00"
2019-03-03,2019030301003799,RRHP,57,57,10,90.00,900.00
2019-03-03,2019030301003690,RRHP,40,38,10,89.00,890.00
2019-03-03,2019030301003309,SADBL,21,14,37,138.00,"5,106.00"
2019-03-03,2019030301003308,SADBL,21,14,63,138.00,"8,694.00"
2019-03-03,2019030301003732,SANIMA,33,16,100,293.00,"29,300.00"
2019-03-03,2019030301003674,SANIMA,33,26,100,293.00,"29,300.00"
2019-03-03,2019030301003487,SANIMA,13,34,255,295.00,"75,225.00"
2019-03-03,2019030301003424,SANIMA,48,34,300,294.00,"88,200.00"
2019-03-03,2019030301003423,SANIMA,59,34,336,294.00,"98,784.00"
2019-03-03,2019030301003787,SBI,55,53,100,372.00,"37,200.00"
2019-03-03,2019030301003419,SBI,32,53,20,372.00,"7,440.00"
2019-03-03,2019030301003366,SBI,22,53,200,372.00,"74,400.00"
2019-03-03,2019030301003324,SBI,57,53,20,372.00,"7,440.00"
2019-03-03,2019030301003368,SBL,21,32,171,276.00,"47,196.00"
2019-03-03,2019030301003594,SCB,5,26,10,525.00,"5,250.00"
2019-03-03,2019030301003493,SCB,28,36,20,522.00,"10,440.00"
2019-03-03,2019030301003403,SCB,58,26,30,525.00,"15,750.00"
2019-03-03,2019030301003351,SCB,58,41,20,525.00,"10,500.00"
2019-03-03,2019030301003350,SCB,13,41,30,525.00,"15,750.00"
2019-03-03,2019030301003530,SDESI,39,6,11,582.00,"6,402.00"
2019-03-03,2019030301003646,SEF,43,19,"1,000",9.22,"9,220.00"
2019-03-03,2019030301003315,SHINE,26,29,67,239.00,"16,013.00"
2019-03-03,2019030301003496,SHL,4,5,"2,700",201.00,"542,700.00"
2019-03-03,2019030301003749,SHPC,16,16,22,216.00,"4,752.00"
2019-03-03,2019030301003748,SHPC,25,16,100,216.00,"21,600.00"
2019-03-03,2019030301003746,SHPC,26,34,75,216.00,"16,200.00"
2019-03-03,2019030301003306,SHPC,26,29,22,216.00,"4,752.00"
2019-03-03,2019030301003584,SICL,38,28,100,869.00,"86,900.00"
2019-03-03,2019030301003498,SINDU,36,32,10,127.00,"1,270.00"
2019-03-03,2019030301003499,SLBS,39,36,18,904.00,"16,272.00"
2019-03-03,2019030301003802,SLBSL,52,39,10,772.00,"7,720.00"
2019-03-03,2019030301003794,SLBSL,52,39,10,772.00,"7,720.00"
2019-03-03,2019030301003791,SLBSL,52,39,10,772.00,"7,720.00"
2019-03-03,2019030301003788,SLBSL,52,39,10,772.00,"7,720.00"
2019-03-03,2019030301003391,SLBSL,13,41,10,774.00,"7,740.00"
2019-03-03,2019030301003533,SLBSL,52,43,10,772.00,"7,720.00"
2019-03-03,2019030301003510,SLBSL,13,43,10,774.00,"7,740.00"
2019-03-03,2019030301003476,SLBSL,13,38,10,774.00,"7,740.00"
2019-03-03,2019030301003427,SLBSL,13,58,10,774.00,"7,740.00"
2019-03-03,2019030301003411,SLBSL,57,57,10,778.00,"7,780.00"
2019-03-03,2019030301003774,SLBSL,52,39,10,772.00,"7,720.00"
2019-03-03,2019030301003619,SLBSL,52,5,10,772.00,"7,720.00"
2019-03-03,2019030301003645,SLICL,51,6,112,515.00,"57,680.00"
2019-03-03,2019030301003632,SLICL,7,52,20,513.00,"10,260.00"
2019-03-03,2019030301003449,SLICL,1,6,30,515.00,"15,450.00"
2019-03-03,2019030301003412,SLICL,1,6,20,515.00,"10,300.00"
2019-03-03,2019030301003376,SMB,50,1,10,600.00,"6,000.00"
2019-03-03,2019030301003348,SMFDB,55,1,30,637.00,"19,110.00"
2019-03-03,2019030301003347,SMFDB,16,1,10,640.00,"6,400.00"
2019-03-03,2019030301003586,SRBL,6,21,389,205.00,"79,745.00"
2019-03-03,2019030301003585,SRBL,46,21,611,205.00,"125,255.00"
2019-03-03,2019030301003504,SRBL,46,19,33,205.00,"6,765.00"
2019-03-03,2019030301003433,SRBL,46,11,30,205.00,"6,150.00"
2019-03-03,2019030301003322,SRBL,46,8,326,205.00,"66,830.00"
2019-03-03,2019030301003321,SRBL,26,8,50,205.00,"10,250.00"
2019-03-03,2019030301003320,SRBL,36,8,"1,000",205.00,"205,000.00"
2019-03-03,2019030301003319,SRBL,44,8,100,205.00,"20,500.00"
2019-03-03,2019030301003318,SRBL,11,8,211,205.00,"43,255.00"
2019-03-03,2019030301003361,UIC,58,33,70,768.00,"53,760.00"
2019-03-03,2019030301003360,UIC,58,5,10,768.00,"7,680.00"
2019-03-03,2019030301003781,UPPER,48,1,40,223.00,"8,920.00"
2019-03-03,2019030301003761,UPPER,48,49,50,223.00,"11,150.00"
2019-03-03,2019030301003760,UPPER,48,46,50,223.00,"11,150.00"
2019-03-03,2019030301003753,UPPER,48,18,40,223.00,"8,920.00"
2019-03-03,2019030301003745,UPPER,48,49,40,223.00,"8,920.00"
2019-03-03,2019030301003316,UPPER,6,29,99,223.00,"22,077.00"
2019-03-03,2019030301003435,UPPER,34,28,40,223.00,"8,920.00"
2019-03-03,2019030301003402,UPPER,28,38,40,224.00,"8,960.00"
2019-03-03,2019030301003399,UPPER,34,17,50,223.00,"11,150.00"
2019-03-03,2019030301003393,UPPER,29,38,60,224.00,"13,440.00"
2019-03-03,2019030301003392,UPPER,6,17,31,223.00,"6,913.00"
2019-03-03,2019030301003383,UPPER,6,29,60,223.00,"13,380.00"
2019-03-03,2019030301003490,UPPER,56,14,100,223.00,"22,300.00"
2019-03-03,2019030301003489,UPPER,39,14,50,223.00,"11,150.00"
2019-03-03,2019030301003488,UPPER,18,14,60,223.00,"13,380.00"
2019-03-03,2019030301003478,UPPER,18,43,40,223.00,"8,920.00"
2019-03-03,2019030301003477,UPPER,34,43,10,223.00,"2,230.00"
2019-03-03,2019030301003470,UPPER,33,38,100,224.00,"22,400.00"
2019-03-03,2019030301003575,UPPER,54,21,426,223.00,"94,998.00"
2019-03-03,2019030301003574,UPPER,25,21,74,223.00,"16,502.00"
2019-03-03,2019030301003520,UPPER,25,45,293,223.00,"65,339.00"
2019-03-03,2019030301003500,UPPER,25,43,50,223.00,"11,150.00"
2019-03-03,2019030301003491,UPPER,25,14,83,223.00,"18,509.00"
2019-03-03,2019030301003667,UPPER,48,49,50,223.00,"11,150.00"
2019-03-03,2019030301003641,UPPER,48,38,174,223.00,"38,802.00"
2019-03-03,2019030301003640,UPPER,48,38,90,223.00,"20,070.00"
2019-03-03,2019030301003639,UPPER,54,38,690,223.00,"153,870.00"
2019-03-03,2019030301003634,UPPER,54,49,50,223.00,"11,150.00"
2019-03-03,2019030301003629,UPPER,54,49,50,223.00,"11,150.00"
2019-03-03,2019030301003736,UPPER,48,18,40,223.00,"8,920.00"
2019-03-03,2019030301003731,UPPER,48,20,50,223.00,"11,150.00"
2019-03-03,2019030301003728,UPPER,48,18,36,223.00,"8,028.00"
2019-03-03,2019030301003706,UPPER,48,20,40,223.00,"8,920.00"
2019-03-03,2019030301003700,UPPER,48,38,50,223.00,"11,150.00"
2019-03-03,2019030301003699,UPPER,48,46,50,223.00,"11,150.00"
2019-03-03,2019030301003357,WOMI,45,1,33,"1,100.00","36,300.00"
2019-03-03,2019030301003312,WOMI,45,19,10,"1,100.00","11,000.00"
2019-03-03,2019030301003311,WOMI,16,19,10,"1,101.00","11,010.00"
2019-03-03,2019030301003152,ADBL,34,33,179,292.00,"52,268.00"
2019-03-03,2019030301003151,ADBL,43,33,500,292.00,"146,000.00"
2019-03-03,2019030301003150,ADBL,1,33,26,292.00,"7,592.00"
2019-03-03,2019030301003149,ADBL,17,33,50,293.00,"14,650.00"
2019-03-03,2019030301003148,ADBL,59,33,35,293.00,"10,255.00"
2019-03-03,2019030301002895,ADBL,39,14,70,294.00,"20,580.00"
2019-03-03,2019030301002883,ADBL,39,49,30,294.00,"8,820.00"
2019-03-03,2019030301002840,ADBL,59,49,50,294.00,"14,700.00"
2019-03-03,2019030301002806,ADBL,38,49,16,294.00,"4,704.00"
2019-03-03,2019030301003147,ADBL,6,33,10,294.00,"2,940.00"
2019-03-03,2019030301002900,ADBL,59,14,15,293.00,"4,395.00"
2019-03-03,2019030301002899,ADBL,57,14,500,293.00,"146,500.00"
2019-03-03,2019030301002898,ADBL,57,14,200,293.00,"58,600.00"
2019-03-03,2019030301002897,ADBL,52,14,200,293.00,"58,600.00"
2019-03-03,2019030301002896,ADBL,58,14,15,293.00,"4,395.00"
2019-03-03,2019030301003274,AHPC,22,13,90,97.00,"8,730.00"
2019-03-03,2019030301003208,AKJCL,57,57,10,83.00,830.00
2019-03-03,2019030301003119,AKPL,22,8,39,153.00,"5,967.00"
2019-03-03,2019030301003044,AKPL,22,8,39,153.00,"5,967.00"
2019-03-03,2019030301002819,AKPL,22,8,39,153.00,"5,967.00"
2019-03-03,2019030301003273,ALICL,28,58,160,547.00,"87,520.00"
2019-03-03,2019030301003272,ALICL,25,58,60,548.00,"32,880.00"
2019-03-03,2019030301003243,ALICL,25,38,40,548.00,"21,920.00"
2019-03-03,2019030301003242,ALICL,19,38,30,548.00,"16,440.00"
2019-03-03,2019030301003241,ALICL,57,38,36,548.00,"19,728.00"
2019-03-03,2019030301003240,ALICL,49,38,10,549.00,"5,490.00"
2019-03-03,2019030301003239,ALICL,49,38,10,549.00,"5,490.00"
2019-03-03,2019030301003238,ALICL,52,38,100,549.00,"54,900.00"
2019-03-03,2019030301003237,ALICL,42,38,40,549.00,"21,960.00"
2019-03-03,2019030301003031,ALICL,6,54,500,550.00,"275,000.00"
2019-03-03,2019030301002989,ALICL,26,56,70,550.00,"38,500.00"
2019-03-03,2019030301002905,ALICL,21,56,200,550.00,"110,000.00"
2019-03-03,2019030301003248,AMFI,57,57,10,660.00,"6,600.00"
2019-03-03,2019030301003038,AMFI,43,26,10,657.00,"6,570.00"
2019-03-03,2019030301002992,API,17,42,29,124.00,"3,596.00"
2019-03-03,2019030301002984,API,17,58,350,124.00,"43,400.00"
2019-03-03,2019030301002963,API,17,13,50,124.00,"6,200.00"
2019-03-03,2019030301002906,BARUN,40,7,10,90.00,900.00
2019-03-03,2019030301002830,BHBL,57,48,352,145.00,"51,040.00"
2019-03-03,2019030301002829,BHBL,57,28,100,145.00,"14,500.00"
2019-03-03,2019030301002828,BHBL,57,56,50,144.00,"7,200.00"
2019-03-03,2019030301002823,BHBL,28,38,350,143.00,"50,050.00"
2019-03-03,2019030301003297,BOKL,51,35,20,238.00,"4,760.00"
2019-03-03,2019030301003296,BOKL,13,35,30,238.00,"7,140.00"
2019-03-03,2019030301003295,BOKL,6,35,200,238.00,"47,600.00"
2019-03-03,2019030301003294,BOKL,14,35,"1,000",238.00,"238,000.00"
2019-03-03,2019030301003293,BOKL,50,35,23,238.00,"5,474.00"
2019-03-03,2019030301003181,BOKL,50,29,24,238.00,"5,712.00"
2019-03-03,2019030301003062,BOKL,50,42,56,238.00,"13,328.00"
2019-03-03,2019030301002867,BOKL,50,5,47,238.00,"11,186.00"
2019-03-03,2019030301002807,BOKL,50,13,50,238.00,"11,900.00"
2019-03-03,2019030301003265,BPCL,25,16,20,336.00,"6,720.00"
2019-03-03,2019030301003264,BPCL,58,16,10,337.00,"3,370.00"
2019-03-03,2019030301003211,BPCL,58,16,30,337.00,"10,110.00"
2019-03-03,2019030301003061,CBBL,14,32,50,867.00,"43,350.00"
2019-03-03,2019030301003045,CBBL,14,42,30,867.00,"26,010.00"
2019-03-03,2019030301002991,CBBL,36,6,10,869.00,"8,690.00"
2019-03-03,2019030301003227,CBL,58,42,440,148.00,"65,120.00"
2019-03-03,2019030301003226,CBL,58,38,470,148.00,"69,560.00"
2019-03-03,2019030301003182,CBL,13,38,30,148.00,"4,440.00"
2019-03-03,2019030301003159,CBL,14,14,21,147.00,"3,087.00"
2019-03-03,2019030301003075,CBL,58,38,"1,000",148.00,"148,000.00"
2019-03-03,2019030301003074,CBL,58,28,146,148.00,"21,608.00"
2019-03-03,2019030301003001,CBL,58,38,"1,500",148.00,"222,000.00"
2019-03-03,2019030301003000,CBL,58,58,41,148.00,"6,068.00"
2019-03-03,2019030301003177,CCBL,36,47,865,157.00,"135,805.00"
2019-03-03,2019030301003176,CCBL,41,47,"1,000",158.00,"158,000.00"
2019-03-03,2019030301003175,CCBL,22,47,100,158.00,"15,800.00"
2019-03-03,2019030301003174,CCBL,26,47,35,158.00,"5,530.00"
2019-03-03,2019030301002981,CCBL,26,42,15,158.00,"2,370.00"
2019-03-03,2019030301002980,CCBL,33,42,77,158.00,"12,166.00"
2019-03-03,2019030301003064,CHCL,57,57,7,495.00,"3,465.00"
2019-03-03,2019030301002964,CHCL,49,42,26,500.00,"13,000.00"
2019-03-03,2019030301002864,CHCL,49,8,19,500.00,"9,500.00"
2019-03-03,2019030301002863,CHCL,50,8,100,501.00,"50,100.00"
2019-03-03,2019030301002862,CHCL,39,8,15,501.00,"7,515.00"
2019-03-03,2019030301002814,CHCL,39,13,50,501.00,"25,050.00"
2019-03-03,2019030301003268,CHLBS,48,25,10,578.00,"5,780.00"
2019-03-03,2019030301003153,CHLBS,48,36,10,578.00,"5,780.00"
2019-03-03,2019030301003141,CHLBS,48,50,10,578.00,"5,780.00"
2019-03-03,2019030301003132,CHLBS,48,44,10,578.00,"5,780.00"
2019-03-03,2019030301003123,CHLBS,48,8,10,578.00,"5,780.00"
2019-03-03,2019030301003115,CHLBS,48,34,10,578.00,"5,780.00"
2019-03-03,2019030301002941,CHLBS,32,45,10,578.00,"5,780.00"
2019-03-03,2019030301002915,CHLBS,48,48,10,578.00,"5,780.00"
2019-03-03,2019030301002868,CHLBS,16,25,10,577.00,"5,770.00"
2019-03-03,2019030301002858,CHLBS,16,29,10,577.00,"5,770.00"
2019-03-03,2019030301002815,CHLBS,32,47,10,578.00,"5,780.00"
2019-03-03,2019030301002805,CHLBS,32,38,10,578.00,"5,780.00"
2019-03-03,2019030301003056,CHLBS,13,22,10,579.00,"5,790.00"
2019-03-03,2019030301003020,CHLBS,16,49,10,577.00,"5,770.00"
2019-03-03,2019030301003012,CHLBS,16,49,10,577.00,"5,770.00"
2019-03-03,2019030301002988,CHLBS,16,19,10,577.00,"5,770.00"
2019-03-03,2019030301002965,CHLBS,32,45,10,578.00,"5,780.00"
2019-03-03,2019030301002957,CHLBS,32,45,10,578.00,"5,780.00"
2019-03-03,2019030301002889,CLBSL,22,25,10,619.00,"6,190.00"
2019-03-03,2019030301002939,CORBL,36,13,50,90.00,"4,500.00"
2019-03-03,2019030301002958,CZBIL,5,6,25,203.00,"5,075.00"
2019-03-03,2019030301002880,CZBIL,26,13,40,202.00,"8,080.00"
2019-03-03,2019030301002813,CZBIL,45,49,10,202.00,"2,020.00"
2019-03-03,2019030301003042,DBBL,32,45,450,123.00,"55,350.00"
2019-03-03,2019030301003041,DBBL,32,43,353,123.00,"43,419.00"
2019-03-03,2019030301003029,DDBL,46,25,213,572.00,"121,836.00"
2019-03-03,2019030301003028,DDBL,50,25,20,572.00,"11,440.00"
2019-03-03,2019030301003027,DDBL,34,25,10,575.00,"5,750.00"
2019-03-03,2019030301003026,DDBL,50,25,100,575.00,"57,500.00"
2019-03-03,2019030301003025,DDBL,33,25,100,575.00,"57,500.00"
2019-03-03,2019030301003024,DDBL,44,25,57,575.00,"32,775.00"
2019-03-03,2019030301003017,EBL,14,41,61,511.00,"31,171.00"
2019-03-03,2019030301002817,EBL,45,55,91,509.00,"46,319.00"
2019-03-03,2019030301002816,EBL,36,55,10,509.00,"5,090.00"
2019-03-03,2019030301002911,EBL,57,17,10,513.00,"5,130.00"
2019-03-03,2019030301002910,EBL,57,13,50,510.00,"25,500.00"
2019-03-03,2019030301002909,EBL,57,50,10,510.00,"5,100.00"
2019-03-03,2019030301002821,EBL,14,45,15,508.00,"7,620.00"
2019-03-03,2019030301002853,EIC,32,37,10,800.00,"8,000.00"
2019-03-03,2019030301002852,EIC,32,50,40,800.00,"32,000.00"
2019-03-03,2019030301002851,EIC,32,47,10,799.00,"7,990.00"
2019-03-03,2019030301002860,FMDBL,45,13,10,359.00,"3,590.00"
2019-03-03,2019030301003130,FOWAD,14,8,27,"1,515.00","40,905.00"
2019-03-03,2019030301003194,GBIME,44,29,129,258.00,"33,282.00"
2019-03-03,2019030301003193,GBIME,45,29,212,258.00,"54,696.00"
