Date,Transact. No.,Symbol,Buyer,Seller,Quantity,Rate,Amount
2019-05-05,2019050501008159,ADBL,14,11,130,379.00,"49,270.00"
2019-05-05,2019050501008123,ADBL,14,50,50,379.00,"18,950.00"
2019-05-05,2019050501008122,ADBL,50,50,150,379.00,"56,850.00"
2019-05-05,2019050501008076,ADBL,50,14,850,379.00,"322,150.00"
2019-05-05,2019050501008075,ADBL,34,14,"2,150",379.00,"814,850.00"
2019-05-05,2019050501008064,ADBL,34,6,50,379.00,"18,950.00"
2019-05-05,2019050501008017,ADBL,33,38,126,380.00,"47,880.00"
2019-05-05,2019050501008016,ADBL,33,52,89,380.00,"33,820.00"
2019-05-05,2019050501007945,ADBL,34,26,800,379.00,"303,200.00"
2019-05-05,2019050501007876,ADBL,19,26,200,379.00,"75,800.00"
2019-05-05,2019050501007900,AKJCL,25,34,10,78.00,780.00
2019-05-05,2019050501007890,AKPL,21,39,20,178.00,"3,560.00"
2019-05-05,2019050501008303,ALBSL,57,57,10,464.00,"4,640.00"
2019-05-05,2019050501007990,ALBSL,57,39,10,464.00,"4,640.00"
2019-05-05,2019050501007953,ALBSL,57,39,10,464.00,"4,640.00"
2019-05-05,2019050501007943,ALBSL,17,39,20,465.00,"9,300.00"
2019-05-05,2019050501007932,ALBSL,57,39,10,464.00,"4,640.00"
2019-05-05,2019050501007913,ALBSL,57,28,100,464.00,"46,400.00"
2019-05-05,2019050501007907,ALBSL,57,39,10,464.00,"4,640.00"
2019-05-05,2019050501007898,ALBSL,57,39,10,464.00,"4,640.00"
2019-05-05,2019050501007878,ALBSL,57,39,10,464.00,"4,640.00"
2019-05-05,2019050501008096,ALICL,8,43,100,435.00,"43,500.00"
2019-05-05,2019050501008095,ALICL,8,36,100,435.00,"43,500.00"
2019-05-05,2019050501007936,ALICL,42,36,100,435.00,"43,500.00"
2019-05-05,2019050501008172,API,25,33,19,138.00,"2,622.00"
2019-05-05,2019050501008009,API,25,45,340,137.00,"46,580.00"
2019-05-05,2019050501008008,API,25,52,11,137.00,"1,507.00"
2019-05-05,2019050501007985,API,59,25,"2,000",135.00,"270,000.00"
2019-05-05,2019050501007984,API,41,25,10,135.00,"1,350.00"
2019-05-05,2019050501007983,API,36,25,20,135.00,"2,700.00"
2019-05-05,2019050501007982,API,11,25,506,135.00,"68,310.00"
2019-05-05,2019050501008166,BOKL,17,14,30,275.00,"8,250.00"
2019-05-05,2019050501008165,BOKL,53,14,23,275.00,"6,325.00"
2019-05-05,2019050501008084,BOKL,53,38,77,275.00,"21,175.00"
2019-05-05,2019050501008083,BOKL,19,38,123,275.00,"33,825.00"
2019-05-05,2019050501007830,BOKL,19,38,377,275.00,"103,675.00"
2019-05-05,2019050501007829,BOKL,22,38,500,275.00,"137,500.00"
2019-05-05,2019050501007828,BOKL,41,38,500,275.00,"137,500.00"
2019-05-05,2019050501007827,BOKL,37,38,123,275.00,"33,825.00"
2019-05-05,2019050501007989,BPCL,21,6,11,372.00,"4,092.00"
2019-05-05,2019050501008304,CBBL,49,43,10,958.00,"9,580.00"
2019-05-05,2019050501008078,CBBL,5,50,118,951.00,"112,218.00"
2019-05-05,2019050501007857,CBBL,37,36,467,950.00,"443,650.00"
2019-05-05,2019050501007856,CBBL,37,36,100,950.00,"95,000.00"
2019-05-05,2019050501007855,CBBL,16,36,33,952.00,"31,416.00"
2019-05-05,2019050501007850,CBBL,39,50,40,954.00,"38,160.00"
2019-05-05,2019050501007832,CBBL,17,50,642,954.00,"612,468.00"
2019-05-05,2019050501008291,CBL,57,52,400,152.00,"60,800.00"
2019-05-05,2019050501008248,CBL,36,52,200,152.00,"30,400.00"
2019-05-05,2019050501008177,CBL,48,47,500,152.00,"76,000.00"
2019-05-05,2019050501007987,CBL,48,47,500,152.00,"76,000.00"
2019-05-05,2019050501008267,CCBL,45,42,"1,856",170.00,"315,520.00"
2019-05-05,2019050501008266,CCBL,48,42,197,170.00,"33,490.00"
2019-05-05,2019050501008265,CCBL,41,42,"1,147",171.00,"196,137.00"
2019-05-05,2019050501008201,CCBL,41,37,853,171.00,"145,863.00"
2019-05-05,2019050501008200,CCBL,54,37,147,171.00,"25,137.00"
2019-05-05,2019050501008161,CCBL,54,14,53,171.00,"9,063.00"
2019-05-05,2019050501007838,CCBL,37,29,217,170.00,"36,890.00"
2019-05-05,2019050501007837,CCBL,55,29,50,170.00,"8,500.00"
2019-05-05,2019050501007836,CCBL,45,29,200,170.00,"34,000.00"
2019-05-05,2019050501007835,CCBL,16,29,100,170.00,"17,000.00"
2019-05-05,2019050501007834,CCBL,37,29,433,170.00,"73,610.00"
2019-05-05,2019050501008127,CCBL,48,6,303,170.00,"51,510.00"
2019-05-05,2019050501008126,CCBL,46,6,155,170.00,"26,350.00"
2019-05-05,2019050501008040,CCBL,46,35,138,170.00,"23,460.00"
2019-05-05,2019050501007998,CCBL,46,52,207,170.00,"35,190.00"
2019-05-05,2019050501007997,CCBL,37,52,783,170.00,"133,110.00"
2019-05-05,2019050501007847,CCBL,11,52,10,171.00,"1,710.00"
2019-05-05,2019050501008269,CHCL,4,10,10,533.00,"5,330.00"
2019-05-05,2019050501008246,CHCL,52,25,150,532.00,"79,800.00"
2019-05-05,2019050501007916,CHCL,42,16,"1,000",534.00,"534,000.00"
2019-05-05,2019050501007874,CHCL,14,35,50,531.00,"26,550.00"
2019-05-05,2019050501007873,CHCL,13,35,90,531.00,"47,790.00"
2019-05-05,2019050501008295,CZBIL,50,48,169,221.00,"37,349.00"
2019-05-05,2019050501008104,CZBIL,50,6,240,221.00,"53,040.00"
2019-05-05,2019050501007826,CZBIL,50,38,27,221.00,"5,967.00"
2019-05-05,2019050501007825,CZBIL,1,38,192,221.00,"42,432.00"
2019-05-05,2019050501007824,CZBIL,51,38,100,221.00,"22,100.00"
2019-05-05,2019050501007823,CZBIL,48,38,250,221.00,"55,250.00"
2019-05-05,2019050501007822,CZBIL,1,38,300,221.00,"66,300.00"
2019-05-05,2019050501007821,CZBIL,46,38,131,221.00,"28,951.00"
2019-05-05,2019050501008307,DDBL,20,42,170,711.00,"120,870.00"
2019-05-05,2019050501008306,DDBL,32,42,50,712.00,"35,600.00"
2019-05-05,2019050501008237,DDBL,33,45,150,712.00,"106,800.00"
2019-05-05,2019050501008024,DDBL,33,28,45,712.00,"32,040.00"
2019-05-05,2019050501008023,DDBL,51,28,50,713.00,"35,650.00"
2019-05-05,2019050501008022,DDBL,33,28,63,715.00,"45,045.00"
2019-05-05,2019050501007970,DDBL,33,13,87,715.00,"62,205.00"
2019-05-05,2019050501007969,DDBL,16,13,21,716.00,"15,036.00"
2019-05-05,2019050501008015,EBL,58,6,113,646.00,"72,998.00"
2019-05-05,2019050501007918,EBL,58,55,115,647.00,"74,405.00"
2019-05-05,2019050501007866,EBL,26,55,71,647.00,"45,937.00"
2019-05-05,2019050501007820,EBL,26,55,29,647.00,"18,763.00"
2019-05-05,2019050501008128,EBL,14,16,120,647.00,"77,640.00"
2019-05-05,2019050501008093,EBL,14,44,127,646.00,"82,042.00"
2019-05-05,2019050501008092,EBL,58,44,73,646.00,"47,158.00"
2019-05-05,2019050501008175,EBL,18,16,50,647.00,"32,350.00"
2019-05-05,2019050501008125,EIC,44,50,10,441.00,"4,410.00"
2019-05-05,2019050501008055,EIC,44,25,175,441.00,"77,175.00"
2019-05-05,2019050501008038,EIC,44,56,100,441.00,"44,100.00"
2019-05-05,2019050501008031,EIC,44,1,98,441.00,"43,218.00"
2019-05-05,2019050501008030,EIC,40,1,80,441.00,"35,280.00"
2019-05-05,2019050501008029,EIC,48,1,22,441.00,"9,702.00"
2019-05-05,2019050501008020,EIC,48,34,82,441.00,"36,162.00"
2019-05-05,2019050501007854,EIC,48,46,96,441.00,"42,336.00"
2019-05-05,2019050501008069,FMDBL,5,45,173,417.00,"72,141.00"
2019-05-05,2019050501008235,FOWAD,55,37,65,"1,535.00","99,775.00"
2019-05-05,2019050501008234,FOWAD,41,37,20,"1,537.00","30,740.00"
2019-05-05,2019050501008233,FOWAD,51,37,50,"1,540.00","77,000.00"
2019-05-05,2019050501007897,GBBL,32,46,637,215.00,"136,955.00"
2019-05-05,2019050501007896,GBBL,57,46,363,215.00,"78,045.00"
2019-05-05,2019050501007887,GBBL,57,47,137,215.00,"29,455.00"
2019-05-05,2019050501007886,GBBL,39,47,363,215.00,"78,045.00"
2019-05-05,2019050501008160,GBIME,32,6,335,310.00,"103,850.00"
2019-05-05,2019050501008132,GBIME,32,34,17,310.00,"5,270.00"
2019-05-05,2019050501008131,GBIME,44,34,29,310.00,"8,990.00"
2019-05-05,2019050501008108,GBIME,14,25,200,311.00,"62,200.00"
2019-05-05,2019050501008107,GBIME,32,25,781,311.00,"242,891.00"
2019-05-05,2019050501008007,GBIME,32,50,200,311.00,"62,200.00"
2019-05-05,2019050501007939,GBIME,38,38,60,312.00,"18,720.00"
2019-05-05,2019050501007944,GBLBS,7,50,200,359.00,"71,800.00"
2019-05-05,2019050501007923,GBLBS,7,50,100,359.00,"35,900.00"
2019-05-05,2019050501007922,GBLBS,7,5,300,359.00,"107,700.00"
2019-05-05,2019050501007921,GBLBS,7,36,200,358.00,"71,600.00"
2019-05-05,2019050501007920,GBLBS,7,39,150,358.00,"53,700.00"
2019-05-05,2019050501007919,GBLBS,7,45,85,358.00,"30,430.00"
2019-05-05,2019050501008274,GDBL,25,34,20,211.00,"4,220.00"
2019-05-05,2019050501008245,GDBL,37,35,38,210.00,"7,980.00"
2019-05-05,2019050501008244,GDBL,37,45,100,210.00,"21,000.00"
2019-05-05,2019050501008243,GDBL,37,29,100,210.00,"21,000.00"
2019-05-05,2019050501008242,GDBL,37,6,50,210.00,"10,500.00"
2019-05-05,2019050501008241,GDBL,37,1,100,210.00,"21,000.00"
2019-05-05,2019050501008240,GDBL,37,7,"1,000",210.00,"210,000.00"
2019-05-05,2019050501007853,GLICL,58,43,100,555.00,"55,500.00"
2019-05-05,2019050501007859,HBL,25,45,10,588.00,"5,880.00"
2019-05-05,2019050501008230,HDL,58,38,325,"1,454.00","472,550.00"
2019-05-05,2019050501008164,HGI,28,22,10,394.00,"3,940.00"
2019-05-05,2019050501007980,HGI,7,35,170,391.00,"66,470.00"
2019-05-05,2019050501007979,HGI,34,35,50,392.00,"19,600.00"
2019-05-05,2019050501007978,HGI,41,35,50,393.00,"19,650.00"
2019-05-05,2019050501007977,HGI,52,35,30,394.00,"11,820.00"
2019-05-05,2019050501007992,HIDCL,14,16,14,140.00,"1,960.00"
2019-05-05,2019050501007991,HIDCL,10,16,35,140.00,"4,900.00"
2019-05-05,2019050501007864,HIDCL,10,16,365,140.00,"51,100.00"
2019-05-05,2019050501007863,HIDCL,25,16,135,140.00,"18,900.00"
2019-05-05,2019050501007931,HPPL,42,6,20,183.00,"3,660.00"
2019-05-05,2019050501007930,HPPL,42,50,10,183.00,"1,830.00"
2019-05-05,2019050501007929,HPPL,42,50,20,183.00,"3,660.00"
2019-05-05,2019050501007928,HPPL,42,7,20,183.00,"3,660.00"
2019-05-05,2019050501007927,HPPL,42,7,10,182.00,"1,820.00"
2019-05-05,2019050501008300,IGI,7,32,11,426.00,"4,686.00"
2019-05-05,2019050501008270,IGI,7,32,199,420.00,"83,580.00"
2019-05-05,2019050501008072,JBNL,29,48,300,199.00,"59,700.00"
2019-05-05,2019050501008053,JBNL,42,57,200,200.00,"40,000.00"
2019-05-05,2019050501008052,JBNL,42,43,100,200.00,"20,000.00"
2019-05-05,2019050501008051,JBNL,42,50,500,200.00,"100,000.00"
2019-05-05,2019050501008050,JBNL,42,14,200,200.00,"40,000.00"
2019-05-05,2019050501008049,JBNL,42,44,221,200.00,"44,200.00"
2019-05-05,2019050501008042,JBNL,42,58,"2,000",200.00,"400,000.00"
2019-05-05,2019050501008041,JBNL,42,58,"1,161",200.00,"232,200.00"
2019-05-05,2019050501008025,JBNL,29,34,300,199.00,"59,700.00"
2019-05-05,2019050501008006,JBNL,29,42,"1,000",199.00,"199,000.00"
2019-05-05,2019050501007908,JBNL,42,1,500,199.00,"99,500.00"
2019-05-05,2019050501008048,JBNL,42,22,500,200.00,"100,000.00"
2019-05-05,2019050501008047,JBNL,42,11,58,200.00,"11,600.00"
2019-05-05,2019050501008046,JBNL,42,28,"1,590",200.00,"318,000.00"
2019-05-05,2019050501008045,JBNL,42,45,100,200.00,"20,000.00"
2019-05-05,2019050501008044,JBNL,42,53,"1,000",200.00,"200,000.00"
2019-05-05,2019050501008043,JBNL,42,58,"1,000",200.00,"200,000.00"
2019-05-05,2019050501008063,JFL,28,49,122,172.00,"20,984.00"
2019-05-05,2019050501008276,KBBL,16,51,190,223.00,"42,370.00"
2019-05-05,2019050501008275,KBBL,45,51,10,223.00,"2,230.00"
2019-05-05,2019050501007963,KBL,50,1,100,221.00,"22,100.00"
2019-05-05,2019050501007905,KBL,50,20,300,221.00,"66,300.00"
2019-05-05,2019050501007844,KBL,50,7,600,221.00,"132,600.00"
2019-05-05,2019050501007843,KBL,41,7,100,221.00,"22,100.00"
2019-05-05,2019050501007875,KMFL,41,19,25,801.00,"20,025.00"
2019-05-05,2019050501008204,KNBL,28,37,34,126.00,"4,284.00"
2019-05-05,2019050501008297,KPCL,59,44,10,92.00,920.00
2019-05-05,2019050501008263,KPCL,59,44,10,92.00,920.00
2019-05-05,2019050501008114,KPCL,59,44,10,92.00,920.00
2019-05-05,2019050501007926,KPCL,59,34,10,92.00,920.00
2019-05-05,2019050501007846,KSBBL,42,33,100,147.00,"14,700.00"
2019-05-05,2019050501008284,LBBL,34,54,50,194.00,"9,700.00"
2019-05-05,2019050501007840,LBBL,4,1,200,192.00,"38,400.00"
2019-05-05,2019050501008294,LBL,52,38,50,223.00,"11,150.00"
2019-05-05,2019050501008262,LBL,52,36,941,223.00,"209,843.00"
2019-05-05,2019050501008261,LBL,21,36,59,223.00,"13,157.00"
2019-05-05,2019050501008239,LBL,21,13,150,223.00,"33,450.00"
2019-05-05,2019050501008098,LBL,48,44,500,224.00,"112,000.00"
2019-05-05,2019050501007999,LBL,21,16,570,223.00,"127,110.00"
2019-05-05,2019050501007938,LEMF,19,8,"5,000",8.07,"40,350.00"
2019-05-05,2019050501007937,LEMF,26,8,"6,000",8.08,"48,480.00"
2019-05-05,2019050501008158,LGIL,7,52,400,514.00,"205,600.00"
2019-05-05,2019050501008157,LGIL,4,52,100,514.00,"51,400.00"
2019-05-05,2019050501008156,LGIL,57,52,500,515.00,"257,500.00"
2019-05-05,2019050501007996,LGIL,42,59,44,518.00,"22,792.00"
2019-05-05,2019050501007877,LGIL,42,51,820,515.00,"422,300.00"
2019-05-05,2019050501008003,LICN,14,14,100,"1,855.00","185,500.00"
2019-05-05,2019050501008176,MBL,36,50,450,262.00,"117,900.00"
2019-05-05,2019050501008070,MBL,48,34,200,263.00,"52,600.00"
2019-05-05,2019050501008002,MBL,42,34,500,262.00,"131,000.00"
2019-05-05,2019050501007881,MBL,38,42,"1,500",262.00,"393,000.00"
2019-05-05,2019050501007842,MBL,38,47,500,262.00,"131,000.00"
2019-05-05,2019050501008217,MEGA,25,47,500,182.00,"91,000.00"
2019-05-05,2019050501008089,MLBL,48,59,300,188.00,"56,400.00"
2019-05-05,2019050501008271,MNBBL,49,42,10,388.00,"3,880.00"
2019-05-05,2019050501008229,MNBBL,52,57,50,387.00,"19,350.00"
2019-05-05,2019050501008216,MNBBL,50,14,290,386.00,"111,940.00"
2019-05-05,2019050501008215,MNBBL,6,14,150,386.00,"57,900.00"
2019-05-05,2019050501008214,MNBBL,6,14,60,386.00,"23,160.00"
2019-05-05,2019050501008162,MNBBL,6,28,40,386.00,"15,440.00"
2019-05-05,2019050501008258,NABIL,13,19,30,835.00,"25,050.00"
2019-05-05,2019050501008257,NABIL,42,19,60,835.00,"50,100.00"
2019-05-05,2019050501008260,NABILP,34,6,20,815.00,"16,300.00"
2019-05-05,2019050501008259,NABILP,32,6,480,815.00,"391,200.00"
2019-05-05,2019050501008256,NABILP,32,6,20,815.00,"16,300.00"
2019-05-05,2019050501008255,NABILP,29,6,100,815.00,"81,500.00"
2019-05-05,2019050501008247,NABILP,49,38,50,817.00,"40,850.00"
2019-05-05,2019050501008208,NABILP,29,6,400,815.00,"326,000.00"
2019-05-05,2019050501008056,NABILP,25,50,50,816.00,"40,800.00"
2019-05-05,2019050501007869,NABILP,20,43,50,818.00,"40,900.00"
2019-05-05,2019050501008121,NABILP,25,6,50,816.00,"40,800.00"
2019-05-05,2019050501008120,NABILP,25,6,450,816.00,"367,200.00"
2019-05-05,2019050501008207,NABILP,59,6,100,815.00,"81,500.00"
2019-05-05,2019050501008153,NABILP,50,6,50,815.00,"40,750.00"
2019-05-05,2019050501008152,NABILP,48,6,100,816.00,"81,600.00"
2019-05-05,2019050501008151,NABILP,32,6,100,816.00,"81,600.00"
2019-05-05,2019050501008150,NABILP,25,6,250,816.00,"204,000.00"
2019-05-05,2019050501008062,NADEP,49,1,10,505.00,"5,050.00"
2019-05-05,2019050501008302,NBB,28,6,662,225.00,"148,950.00"
2019-05-05,2019050501008301,NBB,50,6,165,225.00,"37,125.00"
2019-05-05,2019050501007849,NBB,11,51,235,226.00,"53,110.00"
2019-05-05,2019050501008309,NBL,4,52,10,310.00,"3,100.00"
2019-05-05,2019050501008250,NBL,57,7,500,310.00,"155,000.00"
2019-05-05,2019050501008141,NBL,57,16,500,310.00,"155,000.00"
2019-05-05,2019050501008112,NBL,45,19,450,309.00,"139,050.00"
2019-05-05,2019050501008111,NBL,37,19,50,309.00,"15,450.00"
2019-05-05,2019050501008088,NBL,19,42,500,310.00,"155,000.00"
2019-05-05,2019050501007903,NBL,17,25,200,311.00,"62,200.00"
2019-05-05,2019050501008087,NBL,29,42,250,310.00,"77,500.00"
2019-05-05,2019050501008086,NBL,14,42,345,310.00,"106,950.00"
2019-05-05,2019050501007911,NBL,14,5,655,310.00,"203,050.00"
2019-05-05,2019050501007910,NBL,8,5,500,310.00,"155,000.00"
2019-05-05,2019050501007909,NBL,13,5,500,310.00,"155,000.00"
2019-05-05,2019050501007904,NBL,17,33,200,311.00,"62,200.00"
2019-05-05,2019050501008293,NCCB,55,6,483,232.00,"112,056.00"
2019-05-05,2019050501008292,NCCB,34,6,631,233.00,"147,023.00"
2019-05-05,2019050501008277,NCCB,25,1,260,234.00,"60,840.00"
2019-05-05,2019050501008273,NCCB,25,42,40,234.00,"9,360.00"
2019-05-05,2019050501008149,NCCB,25,54,100,234.00,"23,400.00"
2019-05-05,2019050501008148,NCCB,34,19,200,233.00,"46,600.00"
2019-05-05,2019050501008134,NCCB,34,7,500,233.00,"116,500.00"
2019-05-05,2019050501008100,NCCB,34,42,119,233.00,"27,727.00"
2019-05-05,2019050501008074,NCCB,34,54,"4,900",234.00,"1,146,600.00"
2019-05-05,2019050501008073,NCCB,34,34,100,234.00,"23,400.00"
2019-05-05,2019050501008071,NCCB,42,53,50,234.00,"11,700.00"
2019-05-05,2019050501007974,NCCB,34,33,500,233.00,"116,500.00"
2019-05-05,2019050501008202,NHPC,56,5,300,69.00,"20,700.00"
2019-05-05,2019050501008110,NHPC,56,45,"1,000",69.00,"69,000.00"
2019-05-05,2019050501007871,NHPC,21,5,200,70.00,"14,000.00"
2019-05-05,2019050501007870,NHPC,17,5,90,70.00,"6,300.00"
2019-05-05,2019050501008254,NIB,59,52,32,556.00,"17,792.00"
2019-05-05,2019050501008203,NIB,57,25,500,555.00,"277,500.00"
2019-05-05,2019050501008142,NIB,57,38,25,555.00,"13,875.00"
2019-05-05,2019050501007993,NIB,57,50,50,555.00,"27,750.00"
2019-05-05,2019050501007852,NIB,57,33,300,555.00,"166,500.00"
2019-05-05,2019050501007848,NIB,17,52,300,556.00,"166,800.00"
2019-05-05,2019050501007839,NIB,57,19,154,555.00,"85,470.00"
2019-05-05,2019050501008228,NICA,22,36,25,483.00,"12,075.00"
2019-05-05,2019050501008227,NICA,8,36,106,483.00,"51,198.00"
2019-05-05,2019050501008226,NICA,22,36,20,483.00,"9,660.00"
2019-05-05,2019050501008225,NICA,55,36,80,483.00,"38,640.00"
2019-05-05,2019050501008109,NICA,28,36,100,484.00,"48,400.00"
2019-05-05,2019050501007935,NICA,55,56,80,483.00,"38,640.00"
2019-05-05,2019050501007901,NICA,55,58,400,483.00,"193,200.00"
2019-05-05,2019050501007865,NICA,55,58,302,483.00,"145,866.00"
2019-05-05,2019050501007845,NICA,55,41,100,483.00,"48,300.00"
2019-05-05,2019050501008082,NICL,21,57,15,398.00,"5,970.00"
2019-05-05,2019050501008011,NICL,21,16,250,396.00,"99,000.00"
2019-05-05,2019050501008010,NICL,45,16,50,396.00,"19,800.00"
2019-05-05,2019050501008280,NIL,21,38,40,520.00,"20,800.00"
2019-05-05,2019050501008279,NIL,35,38,50,520.00,"26,000.00"
2019-05-05,2019050501008278,NIL,35,38,200,520.00,"104,000.00"
2019-05-05,2019050501008238,NIL,48,28,85,524.00,"44,540.00"
2019-05-05,2019050501008081,NIL,40,38,500,520.00,"260,000.00"
2019-05-05,2019050501008080,NIL,54,38,50,520.00,"26,000.00"
2019-05-05,2019050501007973,NIL,22,38,600,520.00,"312,000.00"
2019-05-05,2019050501007972,NIL,43,38,100,520.00,"52,000.00"
2019-05-05,2019050501007971,NIL,43,38,200,520.00,"104,000.00"
2019-05-05,2019050501007893,NIL,17,45,500,525.00,"262,500.00"
2019-05-05,2019050501007872,NIL,48,1,100,519.00,"51,900.00"
2019-05-05,2019050501008147,NLBBL,32,52,50,521.00,"26,050.00"
2019-05-05,2019050501008130,NLBBL,21,22,100,524.00,"52,400.00"
2019-05-05,2019050501008129,NLBBL,21,45,20,522.00,"10,440.00"
2019-05-05,2019050501008106,NLBBL,32,6,114,521.00,"59,394.00"
2019-05-05,2019050501008099,NLBBL,32,6,19,521.00,"9,899.00"
2019-05-05,2019050501007942,NLBBL,32,34,25,521.00,"13,025.00"
2019-05-05,2019050501007941,NLBBL,16,34,55,521.00,"28,655.00"
2019-05-05,2019050501007816,NLBBL,16,21,81,521.00,"42,201.00"
2019-05-05,2019050501008190,NLG,6,34,15,882.00,"13,230.00"
2019-05-05,2019050501008189,NLG,6,19,45,882.00,"39,690.00"
2019-05-05,2019050501008037,NLG,4,14,85,876.00,"74,460.00"
2019-05-05,2019050501008036,NLG,21,14,20,876.00,"17,520.00"
2019-05-05,2019050501008035,NLG,55,14,20,876.00,"17,520.00"
2019-05-05,2019050501008014,NLG,42,19,55,882.00,"48,510.00"
2019-05-05,2019050501008013,NLG,42,33,45,877.00,"39,465.00"
2019-05-05,2019050501007940,NLG,50,33,55,877.00,"48,235.00"
2019-05-05,2019050501007899,NLG,50,41,45,877.00,"39,465.00"
2019-05-05,2019050501008268,NLIC,25,44,100,981.00,"98,100.00"
2019-05-05,2019050501008199,NLIC,25,42,150,981.00,"147,150.00"
2019-05-05,2019050501008198,NLIC,45,42,50,981.00,"49,050.00"
2019-05-05,2019050501007912,NLIC,52,58,25,985.00,"24,625.00"
2019-05-05,2019050501007966,NLICL,59,8,200,669.00,"133,800.00"
2019-05-05,2019050501007925,NLICL,59,8,50,669.00,"33,450.00"
2019-05-05,2019050501007924,NLICL,46,8,50,670.00,"33,500.00"
2019-05-05,2019050501007882,NLICL,17,8,220,671.00,"147,620.00"
2019-05-05,2019050501007867,NLICL,17,52,100,671.00,"67,100.00"
2019-05-05,2019050501008205,NMB,4,45,12,376.00,"4,512.00"
2019-05-05,2019050501008136,NMB,8,45,233,377.00,"87,841.00"
2019-05-05,2019050501008001,NMB,32,19,98,375.00,"36,750.00"
2019-05-05,2019050501008000,NMB,41,19,162,375.00,"60,750.00"
2019-05-05,2019050501007951,NMB,41,42,88,375.00,"33,000.00"
2019-05-05,2019050501007950,NMB,16,42,500,375.00,"187,500.00"
2019-05-05,2019050501007949,NMB,52,42,100,376.00,"37,600.00"
2019-05-05,2019050501007948,NMB,33,42,317,376.00,"119,192.00"
2019-05-05,2019050501007906,NMB,33,46,10,376.00,"3,760.00"
2019-05-05,2019050501007880,NMB,33,5,173,376.00,"65,048.00"
2019-05-05,2019050501007957,NSEWA,38,34,10,472.00,"4,720.00"
2019-05-05,2019050501007868,NTC,6,48,25,703.00,"17,575.00"
2019-05-05,2019050501008186,NUBL,6,18,77,864.00,"66,528.00"
2019-05-05,2019050501008185,NUBL,37,18,50,865.00,"43,250.00"
2019-05-05,2019050501008184,NUBL,48,18,50,865.00,"43,250.00"
2019-05-05,2019050501008183,NUBL,22,18,200,865.00,"173,000.00"
2019-05-05,2019050501008182,NUBL,45,18,50,865.00,"43,250.00"
2019-05-05,2019050501008181,NUBL,19,18,40,865.00,"34,600.00"
2019-05-05,2019050501008180,NUBL,40,18,100,866.00,"86,600.00"
2019-05-05,2019050501008179,NUBL,14,18,300,866.00,"259,800.00"
2019-05-05,2019050501008178,NUBL,5,18,33,867.00,"28,611.00"
2019-05-05,2019050501008299,PCBL,40,49,130,350.00,"45,500.00"
2019-05-05,2019050501008253,PCBL,40,6,81,350.00,"28,350.00"
2019-05-05,2019050501008252,PCBL,45,6,500,350.00,"175,000.00"
2019-05-05,2019050501008251,PCBL,25,6,114,350.00,"39,900.00"
2019-05-05,2019050501008137,PCBL,47,47,40,351.00,"14,040.00"
2019-05-05,2019050501008105,PCBL,45,47,46,351.00,"16,146.00"
2019-05-05,2019050501007833,PCBL,36,47,100,351.00,"35,100.00"
2019-05-05,2019050501008188,PIC,45,33,50,"1,109.00","55,450.00"
2019-05-05,2019050501008187,PIC,45,1,50,"1,108.00","55,400.00"
2019-05-05,2019050501008135,PIC,45,54,536,"1,102.00","590,672.00"
2019-05-05,2019050501008118,PIC,47,54,238,"1,102.00","262,276.00"
2019-05-05,2019050501007885,PIC,45,44,40,"1,111.00","44,440.00"
2019-05-05,2019050501007884,PIC,45,42,63,"1,110.00","69,930.00"
2019-05-05,2019050501007861,PIC,45,42,45,"1,110.00","49,950.00"
2019-05-05,2019050501007841,PIC,45,6,11,"1,110.00","12,210.00"
2019-05-05,2019050501007814,PICL,33,52,30,725.00,"21,750.00"
2019-05-05,2019050501008218,PLIC,8,35,150,483.00,"72,450.00"
2019-05-05,2019050501008034,PLIC,8,57,270,483.00,"130,410.00"
2019-05-05,2019050501007988,PMHPL,59,34,10,111.00,"1,110.00"
2019-05-05,2019050502000004,PPCL,38,34,10,255.00,"2,550.00"
2019-05-05,2019050502000003,PPCL,38,39,10,255.00,"2,550.00"
2019-05-05,2019050502000002,PPCL,38,35,10,255.00,"2,550.00"
2019-05-05,2019050502000001,PPCL,42,55,10,260.00,"2,600.00"
2019-05-05,2019050501008155,PRIN,48,33,160,421.00,"67,360.00"
2019-05-05,2019050501008154,PRIN,57,33,40,421.00,"16,840.00"
2019-05-05,2019050501008308,PRVU,46,8,24,282.00,"6,768.00"
2019-05-05,2019050501008296,PRVU,29,8,154,282.00,"43,428.00"
2019-05-05,2019050501007889,PRVU,43,25,500,280.00,"140,000.00"
2019-05-05,2019050501007888,PRVU,11,25,200,280.00,"56,000.00"
2019-05-05,2019050501007818,PRVU,11,41,100,280.00,"28,000.00"
2019-05-05,2019050501008192,PRVU,29,6,446,279.00,"124,434.00"
2019-05-05,2019050501007967,PRVU,29,6,250,279.00,"69,750.00"
2019-05-05,2019050501007915,PRVU,36,8,12,282.00,"3,384.00"
2019-05-05,2019050501008117,RADHI,29,39,11,160.00,"1,760.00"
2019-05-05,2019050501007891,RADHI,29,44,11,160.00,"1,760.00"
2019-05-05,2019050501007894,RBCL,29,3,10,"9,995.00","99,950.00"
2019-05-05,2019050501007815,RSDC,49,1,50,395.00,"19,750.00"
2019-05-05,2019050501008298,SADBL,38,16,10,151.00,"1,510.00"
2019-05-05,2019050501008174,SADBL,6,6,2,149.00,298.00
2019-05-05,2019050501007956,SADBL,6,16,90,149.00,"13,410.00"
2019-05-05,2019050501007955,SADBL,48,16,500,149.00,"74,500.00"
2019-05-05,2019050501007954,SADBL,37,16,200,149.00,"29,800.00"
2019-05-05,2019050501008197,SAEF,50,59,"50,800",10.09,"512,572.00"
2019-05-05,2019050501008196,SAEF,50,59,"29,200",10.09,"294,628.00"
2019-05-05,2019050501008138,SAEF,50,59,"20,800",10.09,"209,872.00"
2019-05-05,2019050501008028,SAEF,50,42,"10,000",10.00,"100,000.00"
2019-05-05,2019050501008027,SAEF,50,56,500,10.00,"5,000.00"
2019-05-05,2019050501008272,SANIMA,47,25,61,353.00,"21,533.00"
2019-05-05,2019050501008236,SANIMA,47,25,30,353.00,"10,590.00"
2019-05-05,2019050501008173,SANIMA,47,25,40,353.00,"14,120.00"
2019-05-05,2019050501008146,SANIMA,47,25,29,353.00,"10,237.00"
2019-05-05,2019050501008145,SANIMA,47,6,11,352.00,"3,872.00"
2019-05-05,2019050501008119,SANIMA,47,6,60,352.00,"21,120.00"
2019-05-05,2019050501007851,SANIMA,47,13,40,352.00,"14,080.00"
2019-05-05,2019050501007961,SANIMA,47,22,16,352.00,"5,632.00"
2019-05-05,2019050501007960,SANIMA,47,22,40,352.00,"14,080.00"
2019-05-05,2019050501007959,SANIMA,47,22,40,352.00,"14,080.00"
2019-05-05,2019050501007958,SANIMA,47,22,15,352.00,"5,280.00"
2019-05-05,2019050501007895,SANIMA,47,13,10,352.00,"3,520.00"
2019-05-05,2019050501007879,SANIMA,47,13,40,352.00,"14,080.00"
2019-05-05,2019050501008097,SANIMA,47,6,25,352.00,"8,800.00"
2019-05-05,2019050501008090,SANIMA,26,13,450,351.00,"157,950.00"
2019-05-05,2019050501008077,SANIMA,47,6,40,352.00,"14,080.00"
2019-05-05,2019050501008039,SANIMA,47,6,40,352.00,"14,080.00"
2019-05-05,2019050501008018,SANIMA,47,6,24,352.00,"8,448.00"
2019-05-05,2019050501008005,SANIMA,47,25,40,353.00,"14,120.00"
2019-05-05,2019050501008213,SBI,56,14,163,484.00,"78,892.00"
2019-05-05,2019050501008212,SBI,56,44,100,484.00,"48,400.00"
2019-05-05,2019050501008211,SBI,56,49,100,483.00,"48,300.00"
2019-05-05,2019050501008210,SBI,56,48,20,480.00,"9,600.00"
2019-05-05,2019050501008209,SBI,56,16,117,480.00,"56,160.00"
2019-05-05,2019050501008091,SBI,57,16,13,480.00,"6,240.00"
2019-05-05,2019050501008068,SBI,57,14,187,480.00,"89,760.00"
2019-05-05,2019050501008067,SBI,26,14,200,480.00,"96,000.00"
2019-05-05,2019050501008066,SBI,35,14,13,480.00,"6,240.00"
2019-05-05,2019050501008065,SBI,6,14,100,481.00,"48,100.00"
2019-05-05,2019050501008224,SBL,48,6,212,340.00,"72,080.00"
2019-05-05,2019050501008223,SBL,37,6,297,340.00,"100,980.00"
2019-05-05,2019050501008168,SBL,37,13,203,340.00,"69,020.00"
2019-05-05,2019050501008167,SBL,51,13,200,340.00,"68,000.00"
2019-05-05,2019050501007831,SBL,51,42,300,340.00,"102,000.00"
2019-05-05,2019050501008124,SCB,56,26,200,686.00,"137,200.00"
2019-05-05,2019050501008032,SCB,56,48,30,685.00,"20,550.00"
2019-05-05,2019050501008026,SCB,6,26,50,686.00,"34,300.00"
2019-05-05,2019050501007952,SCB,56,6,20,685.00,"13,700.00"
2019-05-05,2019050501007947,SCB,56,13,39,685.00,"26,715.00"
2019-05-05,2019050501007946,SCB,25,13,161,685.00,"110,285.00"
2019-05-05,2019050501007914,SCB,40,26,100,686.00,"68,600.00"
2019-05-05,2019050501007862,SCB,17,26,100,686.00,"68,600.00"
2019-05-05,2019050501008094,SHINE,59,5,50,250.00,"12,500.00"
2019-05-05,2019050501008305,SHIVM,16,43,10,358.00,"3,580.00"
2019-05-05,2019050501008283,SHIVM,37,39,20,355.00,"7,100.00"
2019-05-05,2019050501008282,SHIVM,5,39,50,356.00,"17,800.00"
2019-05-05,2019050501008281,SHIVM,5,39,10,356.00,"3,560.00"
2019-05-05,2019050501008264,SHIVM,49,43,10,358.00,"3,580.00"
2019-05-05,2019050501008249,SHIVM,5,39,80,356.00,"28,480.00"
2019-05-05,2019050501007964,SHIVM,5,17,300,357.00,"107,100.00"
2019-05-05,2019050501007934,SHIVM,54,34,50,357.00,"17,850.00"
2019-05-05,2019050501007860,SHIVM,6,48,50,358.00,"17,900.00"
2019-05-05,2019050501008019,SHIVM,18,39,60,357.00,"21,420.00"
2019-05-05,2019050501008012,SHIVM,7,43,100,358.00,"35,800.00"
2019-05-05,2019050501007995,SHIVM,18,39,10,357.00,"3,570.00"
2019-05-05,2019050501007994,SHIVM,45,39,50,357.00,"17,850.00"
2019-05-05,2019050501007986,SHIVM,42,36,150,356.00,"53,400.00"
2019-05-05,2019050501007965,SHIVM,32,36,200,357.00,"71,400.00"
2019-05-05,2019050501008085,SHIVM,42,39,60,356.00,"21,360.00"
2019-05-05,2019050501008060,SHIVM,58,43,320,358.00,"114,560.00"
2019-05-05,2019050501008059,SHIVM,58,39,80,357.00,"28,560.00"
2019-05-05,2019050501008058,SHIVM,45,39,300,357.00,"107,100.00"
2019-05-05,2019050501008057,SHIVM,18,39,20,357.00,"7,140.00"
2019-05-05,2019050501008054,SHIVM,18,39,60,357.00,"21,420.00"
2019-05-05,2019050501008169,SHIVM,5,39,50,357.00,"17,850.00"
2019-05-05,2019050501008139,SHIVM,42,39,80,356.00,"28,480.00"
2019-05-05,2019050501008113,SHIVM,42,39,60,356.00,"21,360.00"
2019-05-05,2019050501008232,SHIVM,49,43,10,358.00,"3,580.00"
2019-05-05,2019050501008222,SHIVM,5,45,110,356.00,"39,160.00"
2019-05-05,2019050501008221,SHIVM,42,45,20,356.00,"7,120.00"
2019-05-05,2019050501008220,SHIVM,18,45,200,356.00,"71,200.00"
2019-05-05,2019050501008219,SHIVM,42,45,620,356.00,"220,720.00"
2019-05-05,2019050501008170,SHIVM,42,39,30,356.00,"10,680.00"
2019-05-05,2019050501008231,SHPC,4,54,10,264.00,"2,640.00"
2019-05-05,2019050501007976,SHPC,4,54,10,264.00,"2,640.00"
2019-05-05,2019050501007975,SHPC,4,43,200,263.00,"52,600.00"
2019-05-05,2019050501008140,SICL,42,29,11,909.00,"9,999.00"
2019-05-05,2019050501008079,SIL,32,52,218,615.00,"134,070.00"
2019-05-05,2019050501008033,SIL,32,52,500,615.00,"307,500.00"
2019-05-05,2019050501007968,SINDU,1,32,10,128.00,"1,280.00"
2019-05-05,2019050501007883,SINDU,1,32,44,128.00,"5,632.00"
2019-05-05,2019050501008290,SKBBL,22,18,290,989.00,"286,810.00"
2019-05-05,2019050501008289,SKBBL,22,18,200,989.00,"197,800.00"
2019-05-05,2019050501008288,SKBBL,49,18,10,990.00,"9,900.00"
2019-05-05,2019050501008287,SKBBL,21,18,100,990.00,"99,000.00"
2019-05-05,2019050501008286,SKBBL,10,18,200,991.00,"198,200.00"
2019-05-05,2019050501008285,SKBBL,49,18,200,992.00,"198,400.00"
2019-05-05,2019050501007933,SKBBL,5,18,15,"1,000.00","15,000.00"
2019-05-05,2019050501008206,SLBSL,25,49,20,628.00,"12,560.00"
2019-05-05,2019050501008163,SLBSL,43,49,20,628.00,"12,560.00"
2019-05-05,2019050501008116,SLBSL,45,49,10,628.00,"6,280.00"
2019-05-05,2019050501008021,SLBSL,45,49,50,628.00,"31,400.00"
2019-05-05,2019050501007917,SLBSL,45,49,10,628.00,"6,280.00"
2019-05-05,2019050501007892,SLBSL,52,21,10,627.00,"6,270.00"
2019-05-05,2019050501007962,SLBSL,45,49,60,628.00,"37,680.00"
2019-05-05,2019050501008191,SMATA,28,46,12,"1,221.00","14,652.00"
2019-05-05,2019050501007819,SMFDB,56,45,10,657.00,"6,570.00"
2019-05-05,2019050501008144,SRBL,48,6,67,251.00,"16,817.00"
2019-05-05,2019050501008143,SRBL,52,6,134,251.00,"33,634.00"
2019-05-05,2019050501008133,SWBBL,19,17,75,910.00,"68,250.00"
2019-05-05,2019050501008061,UIC,1,39,20,959.00,"19,180.00"
2019-05-05,2019050501008195,UPPER,34,57,10,236.00,"2,360.00"
2019-05-05,2019050501008194,UPPER,34,33,50,235.00,"11,750.00"
2019-05-05,2019050501007902,UPPER,42,52,550,234.00,"128,700.00"
2019-05-05,2019050501007858,UPPER,42,44,50,234.00,"11,700.00"
2019-05-05,2019050501007817,UPPER,42,34,40,234.00,"9,360.00"
2019-05-05,2019050501008193,UPPER,34,25,"1,000",235.00,"235,000.00"
2019-05-05,2019050501008171,UPPER,42,44,40,234.00,"9,360.00"
2019-05-05,2019050501008115,UPPER,42,44,50,234.00,"11,700.00"
2019-05-05,2019050501008004,UPPER,42,34,40,234.00,"9,360.00"
2019-05-05,2019050501008103,VLBS,5,47,29,598.00,"17,342.00"
2019-05-05,2019050501008102,VLBS,5,47,29,598.00,"17,342.00"
2019-05-05,2019050501008101,VLBS,5,52,36,597.00,"21,492.00"
2019-05-05,2019050501007773,ADBL,41,16,100,379.00,"37,900.00"
2019-05-05,2019050501007405,ADBL,17,52,200,380.00,"76,000.00"
2019-05-05,2019050501007404,ADBL,58,52,211,380.00,"80,180.00"
2019-05-05,2019050501007397,ADBL,58,43,100,380.00,"38,000.00"
2019-05-05,2019050501007541,AKJCL,25,7,10,78.00,780.00
2019-05-05,2019050501007609,AKPL,21,36,100,178.00,"17,800.00"
2019-05-05,2019050501007521,ALBSL,52,17,10,463.00,"4,630.00"
2019-05-05,2019050501007507,ALBSL,52,42,10,463.00,"4,630.00"
2019-05-05,2019050501007503,ALBSL,52,8,10,463.00,"4,630.00"
2019-05-05,2019050501007502,ALBSL,52,17,10,463.00,"4,630.00"
2019-05-05,2019050501007484,ALBSL,52,17,10,463.00,"4,630.00"
2019-05-05,2019050501007458,ALBSL,21,8,10,463.00,"4,630.00"
2019-05-05,2019050501007434,ALBSL,21,8,10,463.00,"4,630.00"
2019-05-05,2019050501007564,ALICL,14,36,100,435.00,"43,500.00"
2019-05-05,2019050501007514,ALICL,14,36,200,435.00,"87,000.00"
2019-05-05,2019050501007362,ALICL,8,36,280,435.00,"121,800.00"
2019-05-05,2019050501007419,API,56,25,157,136.00,"21,352.00"
2019-05-05,2019050501007764,BPCL,21,44,11,372.00,"4,092.00"
2019-05-05,2019050501007741,BPCL,21,16,81,372.00,"30,132.00"
2019-05-05,2019050501007740,BPCL,52,16,12,372.00,"4,464.00"
2019-05-05,2019050501007518,BPCL,52,7,11,372.00,"4,092.00"
2019-05-05,2019050501007483,CBBL,17,22,45,954.00,"42,930.00"
2019-05-05,2019050501007733,CBL,45,42,20,152.00,"3,040.00"
2019-05-05,2019050501007732,CBL,58,42,100,152.00,"15,200.00"
2019-05-05,2019050501007731,CBL,1,42,170,152.00,"25,840.00"
2019-05-05,2019050501007730,CBL,48,42,"2,000",152.00,"304,000.00"
2019-05-05,2019050501007680,CCBL,37,42,17,170.00,"2,890.00"
2019-05-05,2019050501007396,CFCL,14,11,411,109.00,"44,799.00"
2019-05-05,2019050501007718,CHCL,17,42,93,532.00,"49,476.00"
2019-05-05,2019050501007674,CHCL,13,49,10,531.00,"5,310.00"
2019-05-05,2019050501007673,CHCL,22,49,22,531.00,"11,682.00"
2019-05-05,2019050501007612,CHCL,22,49,28,531.00,"14,868.00"
2019-05-05,2019050501007519,CHCL,58,48,49,533.00,"26,117.00"
2019-05-05,2019050501007513,CHCL,39,49,32,533.00,"17,056.00"
2019-05-05,2019050501007494,CHCL,39,48,49,533.00,"26,117.00"
2019-05-05,2019050501007392,CHCL,17,25,20,532.00,"10,640.00"
2019-05-05,2019050501007376,CHCL,17,58,60,532.00,"31,920.00"
2019-05-05,2019050501007672,CHLBS,36,49,380,485.00,"184,300.00"
2019-05-05,2019050501007671,CHLBS,34,49,60,486.00,"29,160.00"
2019-05-05,2019050501007543,CIT,42,1,11,"2,508.00","27,588.00"
2019-05-05,2019050501007481,CIT,42,4,20,"2,508.00","50,160.00"
2019-05-05,2019050501007480,CIT,16,4,30,"2,508.00","75,240.00"
2019-05-05,2019050501007409,CIT,7,13,80,"2,509.00","200,720.00"
2019-05-05,2019050501007423,CZBIL,46,48,69,221.00,"15,249.00"
2019-05-05,2019050501007775,DBBL,56,32,421,131.00,"55,151.00"
2019-05-05,2019050501007509,DBBL,6,33,174,131.00,"22,794.00"
2019-05-05,2019050501007415,DBBL,45,44,12,130.00,"1,560.00"
2019-05-05,2019050501007385,DBBL,58,33,"1,000",131.00,"131,000.00"
2019-05-05,2019050501007384,DBBL,1,33,326,131.00,"42,706.00"
2019-05-05,2019050501007439,DDBL,16,35,50,716.00,"35,800.00"
2019-05-05,2019050501007406,DDBL,42,47,300,717.00,"215,100.00"
2019-05-05,2019050501007655,EBL,42,55,100,646.00,"64,600.00"
2019-05-05,2019050501007526,EBL,11,55,270,647.00,"174,690.00"
2019-05-05,2019050501007511,EBL,42,14,200,648.00,"129,600.00"
2019-05-05,2019050501007375,EBL,11,41,30,647.00,"19,410.00"
2019-05-05,2019050501007374,EBL,59,41,40,647.00,"25,880.00"
2019-05-05,2019050501007784,FMDBL,56,42,250,416.00,"104,000.00"
2019-05-05,2019050501007783,FMDBL,5,42,300,417.00,"125,100.00"
2019-05-05,2019050501007645,FMDBL,56,41,15,416.00,"6,240.00"
2019-05-05,2019050501007465,FMDBL,56,36,100,416.00,"41,600.00"
2019-05-05,2019050501007726,FOWAD,25,32,30,"1,542.00","46,260.00"
2019-05-05,2019050501007725,FOWAD,29,32,50,"1,543.00","77,150.00"
2019-05-05,2019050501007679,GBBL,39,32,15,215.00,"3,225.00"
2019-05-05,2019050501007456,GBBL,39,5,122,215.00,"26,230.00"
2019-05-05,2019050501007455,GBBL,48,5,300,215.00,"64,500.00"
2019-05-05,2019050501007454,GBBL,19,5,100,215.00,"21,500.00"
2019-05-05,2019050501007453,GBBL,41,5,323,215.00,"69,445.00"
2019-05-05,2019050501007792,GBIME,11,42,20,312.00,"6,240.00"
2019-05-05,2019050501007737,GBIME,6,6,"1,681",312.00,"524,472.00"
2019-05-05,2019050501007736,GBIME,6,32,143,312.00,"44,616.00"
2019-05-05,2019050501007571,GBIME,32,44,19,311.00,"5,909.00"
2019-05-05,2019050501007463,GBIME,44,25,21,310.00,"6,510.00"
2019-05-05,2019050501007462,GBIME,55,25,400,310.00,"124,000.00"
2019-05-05,2019050501007461,GBIME,55,25,400,310.00,"124,000.00"
2019-05-05,2019050501007460,GBIME,22,25,"3,179",310.00,"985,490.00"
2019-05-05,2019050501007323,GBIME,47,32,140,312.00,"43,680.00"
2019-05-05,2019050501007322,GBIME,47,25,200,312.00,"62,400.00"
2019-05-05,2019050501007474,GBLBS,29,45,500,358.00,"179,000.00"
2019-05-05,2019050501007473,GBLBS,1,45,50,358.00,"17,900.00"
2019-05-05,2019050501007472,GBLBS,19,45,65,358.00,"23,270.00"
2019-05-05,2019050501007622,GLICL,58,32,69,554.00,"38,226.00"
2019-05-05,2019050501007621,GLICL,5,32,200,555.00,"111,000.00"
2019-05-05,2019050501007504,HBL,58,42,"5,000",584.00,"2,920,000.00"
2019-05-05,2019050501007482,HBL,58,42,585,586.00,"342,810.00"
2019-05-05,2019050501007424,HBL,58,47,85,586.00,"49,810.00"
2019-05-05,2019050501007398,HBL,58,25,100,586.00,"58,600.00"
2019-05-05,2019050501007331,HGI,37,52,50,395.00,"19,750.00"
2019-05-05,2019050501007329,HGI,45,52,40,395.00,"15,800.00"
2019-05-05,2019050501007440,HIDCL,25,5,100,140.00,"14,000.00"
2019-05-05,2019050501007793,HPPL,1,6,10,180.00,"1,800.00"
2019-05-05,2019050501007431,JBBL,22,36,535,140.00,"74,900.00"
2019-05-05,2019050501007430,JBBL,56,36,450,140.00,"63,000.00"
2019-05-05,2019050501007429,JBBL,48,36,15,140.00,"2,100.00"
2019-05-05,2019050501007777,JBNL,29,26,200,199.00,"39,800.00"
2019-05-05,2019050501007708,JBNL,19,48,200,199.00,"39,800.00"
2019-05-05,2019050501007536,JBNL,48,50,500,199.00,"99,500.00"
2019-05-05,2019050501007508,JBNL,38,50,500,199.00,"99,500.00"
2019-05-05,2019050501007476,KBL,41,56,600,221.00,"132,600.00"
2019-05-05,2019050501007378,KBL,38,38,"1,000",221.00,"221,000.00"
2019-05-05,2019050501007377,KBL,37,38,50,221.00,"11,050.00"
2019-05-05,2019050501007542,KKHC,55,37,10,72.00,720.00
2019-05-05,2019050501007727,KMCDB,57,35,20,730.00,"14,600.00"
2019-05-05,2019050501007452,KMCDB,57,10,20,730.00,"14,600.00"
2019-05-05,2019050501007749,KPCL,59,44,10,92.00,920.00
2019-05-05,2019050501007442,KPCL,59,44,10,92.00,920.00
2019-05-05,2019050501007425,KPCL,59,44,10,92.00,920.00
2019-05-05,2019050501007523,KPCL,59,44,10,92.00,920.00
2019-05-05,2019050501007520,KPCL,59,42,10,92.00,920.00
2019-05-05,2019050501007464,KPCL,59,44,10,92.00,920.00
2019-05-05,2019050501007670,LBBL,4,56,25,192.00,"4,800.00"
2019-05-05,2019050501007544,LBBL,4,44,88,192.00,"16,896.00"
2019-05-05,2019050501007747,LBL,26,44,200,224.00,"44,800.00"
2019-05-05,2019050501007721,LBL,52,44,50,224.00,"11,200.00"
2019-05-05,2019050501007587,LBL,21,7,221,223.00,"49,283.00"
2019-05-05,2019050501007586,LBL,8,7,200,223.00,"44,600.00"
2019-05-05,2019050501007585,LBL,45,7,529,223.00,"117,967.00"
2019-05-05,2019050501007469,LBL,45,5,200,223.00,"44,600.00"
2019-05-05,2019050501007412,LBL,40,7,50,224.00,"11,200.00"
2019-05-05,2019050501007677,LEMF,26,40,"5,000",8.08,"40,400.00"
2019-05-05,2019050501007525,LGIL,42,33,50,515.00,"25,750.00"
2019-05-05,2019050501007524,LGIL,48,33,50,516.00,"25,800.00"
2019-05-05,2019050501007391,LICN,43,42,200,"1,856.00","371,200.00"
2019-05-05,2019050501007354,LICN,43,42,300,"1,856.00","556,800.00"
2019-05-05,2019050501007353,LICN,52,42,100,"1,856.00","185,600.00"
2019-05-05,2019050501007352,LICN,42,42,"1,000","1,857.00","1,857,000.00"
2019-05-05,2019050501007351,LICN,47,42,250,"1,858.00","464,500.00"
2019-05-05,2019050501007350,LICN,28,42,52,"1,858.00","96,616.00"
2019-05-05,2019050501007349,LICN,14,42,100,"1,859.00","185,900.00"
2019-05-05,2019050501007348,LICN,40,42,200,"1,860.00","372,000.00"
2019-05-05,2019050501007650,LVF1,51,58,"1,900",10.10,"19,190.00"
2019-05-05,2019050501007649,LVF1,26,58,"5,100",10.11,"51,561.00"
2019-05-05,2019050501007627,LVF1,51,58,"3,000",10.12,"30,360.00"
2019-05-05,2019050501007573,MBL,42,41,100,262.00,"26,200.00"
2019-05-05,2019050501007572,MBL,42,14,900,262.00,"235,800.00"
2019-05-05,2019050501007548,MBL,51,38,600,261.00,"156,600.00"
2019-05-05,2019050501007806,MDB,17,50,98,253.00,"24,794.00"
2019-05-05,2019050501007805,MDB,42,50,70,254.00,"17,780.00"
2019-05-05,2019050501007804,MDB,26,50,32,254.00,"8,128.00"
2019-05-05,2019050501007706,MEGA,25,57,151,181.00,"27,331.00"
2019-05-05,2019050501007705,MEGA,32,57,49,181.00,"8,869.00"
2019-05-05,2019050501007697,MEGA,38,47,50,182.00,"9,100.00"
2019-05-05,2019050501007659,MEGA,32,42,951,181.00,"172,131.00"
2019-05-05,2019050501007658,MEGA,32,42,500,181.00,"90,500.00"
2019-05-05,2019050501007657,MEGA,59,42,20,181.00,"3,620.00"
2019-05-05,2019050501007446,MEGA,48,37,440,181.00,"79,640.00"
2019-05-05,2019050501007445,MEGA,59,37,500,181.00,"90,500.00"
2019-05-05,2019050501007444,MEGA,45,37,60,181.00,"10,860.00"
2019-05-05,2019050501007443,MEGA,19,47,200,182.00,"36,400.00"
2019-05-05,2019050501007656,MEGA,42,42,"1,030",181.00,"186,430.00"
2019-05-05,2019050501007561,MEGA,42,25,970,181.00,"175,570.00"
2019-05-05,2019050501007560,MEGA,36,25,"2,000",181.00,"362,000.00"
2019-05-05,2019050501007559,MEGA,32,25,30,181.00,"5,430.00"
2019-05-05,2019050501007529,MEGA,32,1,970,181.00,"175,570.00"
2019-05-05,2019050501007528,MEGA,48,1,30,181.00,"5,430.00"
2019-05-05,2019050501007724,MNBBL,16,21,113,387.00,"43,731.00"
2019-05-05,2019050501007563,MNBBL,16,51,70,387.00,"27,090.00"
2019-05-05,2019050501007557,MNBBL,16,22,150,387.00,"58,050.00"
2019-05-05,2019050501007515,MNBBL,39,22,50,388.00,"19,400.00"
2019-05-05,2019050501007501,MNBBL,39,51,100,388.00,"38,800.00"
2019-05-05,2019050501007360,NABIL,8,41,400,840.00,"336,000.00"
2019-05-05,2019050501007359,NABIL,8,52,150,840.00,"126,000.00"
2019-05-05,2019050501007358,NABIL,8,55,50,840.00,"42,000.00"
2019-05-05,2019050501007357,NABIL,8,49,400,840.00,"336,000.00"
2019-05-05,2019050501007626,NABILP,6,53,100,817.00,"81,700.00"
2019-05-05,2019050501007625,NABILP,53,53,40,817.00,"32,680.00"
2019-05-05,2019050501007624,NABILP,32,53,100,817.00,"81,700.00"
2019-05-05,2019050501007623,NABILP,19,53,100,818.00,"81,800.00"
2019-05-05,2019050501007782,NADEP,14,32,20,505.00,"10,100.00"
2019-05-05,2019050501007781,NADEP,26,32,250,505.00,"126,250.00"
2019-05-05,2019050501007763,NADEP,26,32,200,505.00,"101,000.00"
2019-05-05,2019050501007762,NADEP,37,32,100,505.00,"50,500.00"
2019-05-05,2019050501007755,NADEP,43,32,10,509.00,"5,090.00"
2019-05-05,2019050501007761,NADEP,57,32,50,505.00,"25,250.00"
2019-05-05,2019050501007760,NADEP,25,32,100,506.00,"50,600.00"
2019-05-05,2019050501007759,NADEP,39,32,90,506.00,"45,540.00"
2019-05-05,2019050501007758,NADEP,16,32,310,507.00,"157,170.00"
2019-05-05,2019050501007757,NADEP,7,32,100,508.00,"50,800.00"
2019-05-05,2019050501007756,NADEP,43,32,40,508.00,"20,320.00"
2019-05-05,2019050501007635,NBB,50,48,100,225.00,"22,500.00"
2019-05-05,2019050501007603,NBB,50,5,"1,235",225.00,"277,875.00"
2019-05-05,2019050501007602,NBB,50,5,"1,500",225.00,"337,500.00"
2019-05-05,2019050501007601,NBB,49,5,"1,000",225.00,"225,000.00"
2019-05-05,2019050501007600,NBB,52,5,500,225.00,"112,500.00"
2019-05-05,2019050501007599,NBB,52,5,"1,000",225.00,"225,000.00"
2019-05-05,2019050501007468,NBB,14,51,"1,000",226.00,"226,000.00"
2019-05-05,2019050501007467,NBB,28,51,265,226.00,"59,890.00"
2019-05-05,2019050501007466,NBB,28,44,112,226.00,"25,312.00"
2019-05-05,2019050501007407,NBB,28,6,213,226.00,"48,138.00"
2019-05-05,2019050501007592,NBB,51,5,"2,000",225.00,"450,000.00"
2019-05-05,2019050501007591,NBB,25,5,300,225.00,"67,500.00"
2019-05-05,2019050501007590,NBB,46,5,200,225.00,"45,000.00"
2019-05-05,2019050501007589,NBB,6,5,30,225.00,"6,750.00"
2019-05-05,2019050501007588,NBB,48,5,383,225.00,"86,175.00"
2019-05-05,2019050501007505,NBB,52,51,500,226.00,"113,000.00"
2019-05-05,2019050501007598,NBB,38,5,200,225.00,"45,000.00"
2019-05-05,2019050501007597,NBB,50,5,500,225.00,"112,500.00"
2019-05-05,2019050501007596,NBB,25,5,200,225.00,"45,000.00"
2019-05-05,2019050501007595,NBB,50,5,500,225.00,"112,500.00"
2019-05-05,2019050501007594,NBB,28,5,252,225.00,"56,700.00"
2019-05-05,2019050501007593,NBB,57,5,200,225.00,"45,000.00"
2019-05-05,2019050501007807,NBL,34,17,"1,000",310.00,"310,000.00"
2019-05-05,2019050501007754,NBL,34,38,"1,000",310.00,"310,000.00"
2019-05-05,2019050501007662,NBL,34,25,"1,000",310.00,"310,000.00"
2019-05-05,2019050501007421,NBL,34,45,100,310.00,"31,000.00"
2019-05-05,2019050501007420,NBL,34,43,600,310.00,"186,000.00"
2019-05-05,2019050501007373,NBL,56,43,300,310.00,"93,000.00"
2019-05-05,2019050501007752,NCCB,34,42,50,233.00,"11,650.00"
2019-05-05,2019050501007742,NCCB,34,42,100,233.00,"23,300.00"
2019-05-05,2019050501007547,NCCB,32,22,"1,771",233.00,"412,643.00"
2019-05-05,2019050501007538,NCCB,32,8,200,233.00,"46,600.00"
2019-05-05,2019050501007436,NCCB,32,29,29,233.00,"6,757.00"
2019-05-05,2019050501007414,NCCB,32,33,"1,000",233.00,"233,000.00"
2019-05-05,2019050501007395,NCCB,32,34,"2,699",233.00,"628,867.00"
2019-05-05,2019050501007327,NCCB,34,29,"1,500",233.00,"349,500.00"
2019-05-05,2019050501007326,NCCB,34,29,500,233.00,"116,500.00"
2019-05-05,2019050501007663,NGPL,42,25,141,114.00,"16,074.00"
2019-05-05,2019050501007646,NGPL,1,25,"1,000",116.00,"116,000.00"
2019-05-05,2019050501007637,NGPL,50,25,200,118.00,"23,600.00"
2019-05-05,2019050501007636,NGPL,7,25,78,118.00,"9,204.00"
2019-05-05,2019050501007616,NGPL,25,25,10,120.00,"1,200.00"
2019-05-05,2019050501007611,NIB,57,33,140,555.00,"77,700.00"
2019-05-05,2019050501007441,NIB,52,52,200,556.00,"111,200.00"
2019-05-05,2019050501007410,NIB,57,56,150,555.00,"83,250.00"
2019-05-05,2019050501007512,NIBPO,34,4,30,530.00,"15,900.00"
2019-05-05,2019050501007770,NICA,55,33,38,483.00,"18,354.00"
2019-05-05,2019050501007769,NICA,59,33,542,483.00,"261,786.00"
2019-05-05,2019050501007729,NICA,59,33,370,483.00,"178,710.00"
2019-05-05,2019050501007691,NICA,50,33,200,484.00,"96,800.00"
2019-05-05,2019050501007654,NICA,51,33,220,484.00,"106,480.00"
2019-05-05,2019050501007642,NICA,51,28,780,484.00,"377,520.00"
2019-05-05,2019050501007641,NICA,47,28,100,484.00,"48,400.00"
2019-05-05,2019050501007640,NICA,33,28,20,484.00,"9,680.00"
2019-05-05,2019050501007485,NICA,33,26,10,484.00,"4,840.00"
2019-05-05,2019050501007813,NIL,17,38,25,520.00,"13,000.00"
2019-05-05,2019050501007812,NIL,39,38,200,520.00,"104,000.00"
2019-05-05,2019050501007811,NIL,36,38,100,520.00,"52,000.00"
2019-05-05,2019050501007810,NIL,35,38,100,521.00,"52,100.00"
2019-05-05,2019050501007809,NIL,43,38,200,522.00,"104,400.00"
2019-05-05,2019050501007433,NIL,39,41,20,522.00,"10,440.00"
2019-05-05,2019050501007432,NIL,35,41,80,522.00,"41,760.00"
2019-05-05,2019050501007416,NIL,36,58,320,525.00,"168,000.00"
2019-05-05,2019050501007386,NIL,36,13,55,525.00,"28,875.00"
2019-05-05,2019050501007653,NLBBL,16,19,30,521.00,"15,630.00"
2019-05-05,2019050501007582,NLBBL,17,22,100,522.00,"52,200.00"
2019-05-05,2019050501007314,NLBBL,16,52,134,521.00,"69,814.00"
2019-05-05,2019050501007638,NLG,50,34,100,880.00,"88,000.00"
2019-05-05,2019050501007556,NLG,10,50,114,880.00,"100,320.00"
2019-05-05,2019050501007477,NLG,34,50,50,880.00,"44,000.00"
2019-05-05,2019050501007383,NLG,6,13,100,879.00,"87,900.00"
2019-05-05,2019050501007382,NLG,6,53,40,878.00,"35,120.00"
2019-05-05,2019050501007791,NLIC,49,36,38,980.00,"37,240.00"
2019-05-05,2019050501007790,NLIC,11,36,100,980.00,"98,000.00"
2019-05-05,2019050501007789,NLIC,57,36,128,980.00,"125,440.00"
2019-05-05,2019050501007788,NLIC,37,36,50,980.00,"49,000.00"
2019-05-05,2019050501007787,NLIC,39,36,100,981.00,"98,100.00"
2019-05-05,2019050501007786,NLIC,45,36,30,981.00,"29,430.00"
2019-05-05,2019050501007318,NLIC,59,43,21,985.00,"20,685.00"
2019-05-05,2019050501007317,NLIC,50,43,150,985.00,"147,750.00"
2019-05-05,2019050501007316,NLIC,29,43,29,985.00,"28,565.00"
2019-05-05,2019050501007370,NLIC,57,43,10,985.00,"9,850.00"
2019-05-05,2019050501007369,NLIC,21,43,100,985.00,"98,500.00"
2019-05-05,2019050501007368,NLIC,50,43,30,985.00,"29,550.00"
2019-05-05,2019050501007367,NLIC,10,43,39,985.00,"38,415.00"
2019-05-05,2019050501007366,NLIC,10,45,61,985.00,"60,085.00"
2019-05-05,2019050501007365,NLIC,59,45,29,985.00,"28,565.00"
2019-05-05,2019050501007785,NLIC,53,36,100,983.00,"98,300.00"
2019-05-05,2019050501007644,NLIC,28,42,98,985.00,"96,530.00"
2019-05-05,2019050501007535,NLIC,56,42,100,985.00,"98,500.00"
2019-05-05,2019050501007534,NLIC,42,42,279,985.00,"274,815.00"
2019-05-05,2019050501007380,NLIC,42,48,100,985.00,"98,500.00"
2019-05-05,2019050501007371,NLIC,42,43,121,985.00,"119,185.00"
2019-05-05,2019050501007780,NLICL,43,47,170,671.00,"114,070.00"
2019-05-05,2019050501007739,NLICL,42,47,150,671.00,"100,650.00"
2019-05-05,2019050501007607,NLICL,59,17,50,669.00,"33,450.00"
2019-05-05,2019050501007584,NLICL,59,34,100,669.00,"66,900.00"
2019-05-05,2019050501007552,NLICL,45,17,100,670.00,"67,000.00"
2019-05-05,2019050501007387,NLICL,59,5,100,669.00,"66,900.00"
2019-05-05,2019050501007774,NMB,14,5,"1,852",376.00,"696,352.00"
2019-05-05,2019050501007746,NMB,14,49,148,376.00,"55,648.00"
2019-05-05,2019050501007745,NMB,41,49,200,376.00,"75,200.00"
2019-05-05,2019050501007744,NMB,54,49,50,376.00,"18,800.00"
2019-05-05,2019050501007743,NMB,1,49,102,376.00,"38,352.00"
2019-05-05,2019050501007717,NMB,1,45,12,376.00,"4,512.00"
2019-05-05,2019050501007487,NMB,56,25,300,376.00,"112,800.00"
2019-05-05,2019050501007486,NMB,36,25,438,376.00,"164,688.00"
2019-05-05,2019050501007422,NMB,14,41,182,377.00,"68,614.00"
2019-05-05,2019050501007403,NMB,14,43,"1,000",377.00,"377,000.00"
2019-05-05,2019050501007549,NMB,46,41,300,377.00,"113,100.00"
2019-05-05,2019050501007539,NMB,14,42,12,376.00,"4,512.00"
2019-05-05,2019050501007491,NMB,14,25,862,376.00,"324,112.00"
2019-05-05,2019050501007490,NMB,49,25,400,376.00,"150,400.00"
2019-05-05,2019050501007489,NMB,16,25,500,376.00,"188,000.00"
2019-05-05,2019050501007488,NMB,51,25,500,376.00,"188,000.00"
2019-05-05,2019050501007707,NMB,36,1,18,378.00,"6,804.00"
2019-05-05,2019050501007643,NMB,1,45,12,376.00,"4,512.00"
2019-05-05,2019050501007580,NMB,1,25,874,376.00,"328,624.00"
2019-05-05,2019050501007579,NMB,14,25,126,376.00,"47,376.00"
2019-05-05,2019050501007577,NMB,38,1,250,378.00,"94,500.00"
2019-05-05,2019050501007576,NMB,38,41,50,377.00,"18,850.00"
2019-05-05,2019050501007738,NMBHF1,43,40,"4,161",9.56,"39,779.16"
2019-05-05,2019050501007700,NMBHF1,43,40,"3,161",9.56,"30,219.16"
2019-05-05,2019050501007678,NMBMF,33,14,100,960.00,"96,000.00"
2019-05-05,2019050501007493,NNLB,6,35,70,445.00,"31,150.00"
2019-05-05,2019050501007492,NNLB,6,33,30,440.00,"13,200.00"
2019-05-05,2019050501007768,NSEWA,55,49,50,473.00,"23,650.00"
2019-05-05,2019050501007767,NSEWA,55,49,50,473.00,"23,650.00"
2019-05-05,2019050501007766,NSEWA,43,49,70,475.00,"33,250.00"
2019-05-05,2019050501007438,NTC,6,21,80,703.00,"56,240.00"
2019-05-05,2019050501007437,NTC,6,42,45,703.00,"31,635.00"
2019-05-05,2019050501007666,OHL,42,33,460,540.00,"248,400.00"
2019-05-05,2019050501007665,OHL,42,39,575,539.00,"309,925.00"
2019-05-05,2019050501007664,OHL,42,49,65,538.00,"34,970.00"
2019-05-05,2019050501007808,PCBL,25,37,500,350.00,"175,000.00"
2019-05-05,2019050501007750,PCBL,52,47,50,351.00,"17,550.00"
2019-05-05,2019050501007506,PCBL,25,45,200,350.00,"70,000.00"
2019-05-05,2019050501007336,PCBL,25,34,186,350.00,"65,100.00"
2019-05-05,2019050501007335,PCBL,4,34,314,350.00,"109,900.00"
2019-05-05,2019050501007320,PCBL,4,44,186,350.00,"65,100.00"
2019-05-05,2019050501007319,PCBL,49,44,814,350.00,"284,900.00"
2019-05-05,2019050501007753,PIC,45,34,44,"1,110.00","48,840.00"
2019-05-05,2019050501007751,PIC,47,28,12,"1,102.00","13,224.00"
2019-05-05,2019050501007719,PIC,47,49,50,"1,101.00","55,050.00"
2019-05-05,2019050501007699,PIC,43,28,38,"1,102.00","41,876.00"
2019-05-05,2019050501007698,PIC,43,58,12,"1,102.00","13,224.00"
2019-05-05,2019050501007550,PIC,21,33,50,"1,112.00","55,600.00"
2019-05-05,2019050501007342,PIC,59,58,11,"1,107.00","12,177.00"
2019-05-05,2019050501007341,PIC,59,58,11,"1,107.00","12,177.00"
2019-05-05,2019050501007340,PIC,59,44,191,"1,107.00","211,437.00"
2019-05-05,2019050501007339,PIC,59,41,100,"1,106.00","110,600.00"
2019-05-05,2019050501007338,PIC,59,6,64,"1,106.00","70,784.00"
2019-05-05,2019050501007337,PIC,59,35,100,"1,105.00","110,500.00"
2019-05-05,2019050501007428,PIC,59,1,100,"1,110.00","111,000.00"
2019-05-05,2019050501007427,PIC,59,1,20,"1,109.00","22,180.00"
2019-05-05,2019050501007426,PIC,59,39,61,"1,109.00","67,649.00"
2019-05-05,2019050501007345,PIC,59,17,10,"1,108.00","11,080.00"
2019-05-05,2019050501007344,PIC,59,40,198,"1,108.00","219,384.00"
2019-05-05,2019050501007343,PIC,59,25,50,"1,107.00","55,350.00"
2019-05-05,2019050501007321,PLIC,48,5,100,482.00,"48,200.00"
2019-05-05,2019050501007610,PMHPL,59,7,10,111.00,"1,110.00"
2019-05-05,2019050501007553,PMHPL,59,42,10,111.00,"1,110.00"
2019-05-05,2019050501007470,PMHPL,59,38,10,111.00,"1,110.00"
2019-05-05,2019050501007408,PMHPL,59,33,10,111.00,"1,110.00"
2019-05-05,2019050501007735,PRVU,8,39,100,280.00,"28,000.00"
2019-05-05,2019050501007734,PRVU,8,33,"1,766",280.00,"494,480.00"
2019-05-05,2019050501007710,PRVU,29,25,150,279.00,"41,850.00"
2019-05-05,2019050501007709,PRVU,42,25,"1,000",278.00,"278,000.00"
2019-05-05,2019050501007690,PRVU,42,25,"1,000",278.00,"278,000.00"
2019-05-05,2019050501007669,PRVU,48,25,250,279.00,"69,750.00"
2019-05-05,2019050501007346,PRVU,36,51,160,279.00,"44,640.00"
2019-05-05,2019050501007449,PRVU,35,43,100,279.00,"27,900.00"
2019-05-05,2019050501007448,PRVU,35,34,100,279.00,"27,900.00"
2019-05-05,2019050501007447,PRVU,14,34,100,279.00,"27,900.00"
2019-05-05,2019050501007379,PRVU,40,1,490,279.00,"136,710.00"
2019-05-05,2019050501007372,PRVU,42,14,200,278.00,"55,600.00"
2019-05-05,2019050501007347,PRVU,36,1,10,279.00,"2,790.00"
2019-05-05,2019050501007619,PRVU,58,33,"1,000",280.00,"280,000.00"
2019-05-05,2019050501007613,PRVU,6,33,100,280.00,"28,000.00"
2019-05-05,2019050501007517,PRVU,14,25,180,279.00,"50,220.00"
2019-05-05,2019050501007516,PRVU,1,25,100,279.00,"27,900.00"
2019-05-05,2019050501007451,PRVU,42,43,"1,150",278.00,"319,700.00"
2019-05-05,2019050501007450,PRVU,56,43,300,279.00,"83,700.00"
2019-05-05,2019050501007668,PRVU,34,25,500,279.00,"139,500.00"
2019-05-05,2019050501007667,PRVU,14,25,100,279.00,"27,900.00"
2019-05-05,2019050501007652,PRVU,40,33,"1,000",280.00,"280,000.00"
2019-05-05,2019050501007779,RADHI,29,44,11,160.00,"1,760.00"
2019-05-05,2019050501007676,RADHI,29,42,11,160.00,"1,760.00"
2019-05-05,2019050501007675,RADHI,29,34,11,160.00,"1,760.00"
2019-05-05,2019050501007651,RADHI,29,57,11,159.00,"1,749.00"
2019-05-05,2019050501007575,RADHI,45,42,11,156.00,"1,716.00"
2019-05-05,2019050501007497,RADHI,45,7,11,156.00,"1,716.00"
2019-05-05,2019050501007394,RADHI,45,44,11,156.00,"1,716.00"
2019-05-05,2019050501007475,RBCLPO,4,56,10,"8,800.00","88,000.00"
2019-05-05,2019050501007364,RBCLPO,4,59,10,"8,700.00","87,000.00"
2019-05-05,2019050501007363,RBCLPO,58,59,10,"8,700.00","87,000.00"
2019-05-05,2019050501007435,RLFL,1,34,100,118.00,"11,800.00"
2019-05-05,2019050501007604,RMDC,36,29,200,649.00,"129,800.00"
2019-05-05,2019050501007574,RMDC,19,17,250,646.00,"161,500.00"
2019-05-05,2019050501007418,RMDC,58,40,420,646.00,"271,320.00"
2019-05-05,2019050501007355,RRHP,40,51,10,94.00,940.00
2019-05-05,2019050501007333,RRHP,40,7,10,94.00,940.00
2019-05-05,2019050501007578,RSDC,28,37,62,398.00,"24,676.00"
2019-05-05,2019050501007522,RSDC,28,37,23,398.00,"9,154.00"
2019-05-05,2019050501007413,RSDC,28,32,14,398.00,"5,572.00"
2019-05-05,2019050501007411,RSDC,29,57,74,399.00,"29,526.00"
2019-05-05,2019050501007332,RSDC,28,45,401,398.00,"159,598.00"
2019-05-05,2019050501007390,SAEF,28,48,"3,000",9.90,"29,700.00"
2019-05-05,2019050501007389,SAEF,28,51,"2,000",9.90,"19,800.00"
2019-05-05,2019050501007388,SAEF,28,51,"2,000",9.90,"19,800.00"
2019-05-05,2019050501007803,SANIMA,47,13,50,352.00,"17,600.00"
2019-05-05,2019050501007802,SANIMA,47,13,40,352.00,"14,080.00"
2019-05-05,2019050501007801,SANIMA,47,13,40,352.00,"14,080.00"
2019-05-05,2019050501007800,SANIMA,47,13,40,352.00,"14,080.00"
2019-05-05,2019050501007720,SANIMA,14,13,240,351.00,"84,240.00"
2019-05-05,2019050501007704,SANIMA,14,25,40,351.00,"14,040.00"
2019-05-05,2019050501007562,SANIMA,47,33,40,352.00,"14,080.00"
2019-05-05,2019050501007546,SANIMA,47,33,60,352.00,"21,120.00"
2019-05-05,2019050501007540,SANIMA,42,33,500,352.00,"176,000.00"
2019-05-05,2019050501007527,SANIMA,47,33,40,352.00,"14,080.00"
2019-05-05,2019050501007510,SANIMA,47,33,70,352.00,"24,640.00"
2019-05-05,2019050501007684,SANIMA,47,25,110,352.00,"38,720.00"
2019-05-05,2019050501007683,SANIMA,47,25,115,352.00,"40,480.00"
2019-05-05,2019050501007639,SANIMA,47,45,20,352.00,"7,040.00"
2019-05-05,2019050501007618,SANIMA,47,45,80,352.00,"28,160.00"
2019-05-05,2019050501007617,SANIMA,47,33,220,352.00,"77,440.00"
2019-05-05,2019050501007605,SANIMA,47,33,70,352.00,"24,640.00"
2019-05-05,2019050501007703,SANIMA,47,25,60,352.00,"21,120.00"
2019-05-05,2019050501007689,SANIMA,14,25,720,351.00,"252,720.00"
2019-05-05,2019050501007688,SANIMA,45,25,500,351.00,"175,500.00"
2019-05-05,2019050501007687,SANIMA,11,25,50,351.00,"17,550.00"
2019-05-05,2019050501007686,SANIMA,55,25,500,351.00,"175,500.00"
2019-05-05,2019050501007685,SANIMA,42,25,505,351.00,"177,255.00"
2019-05-05,2019050501007496,SBBLJ,49,29,200,195.00,"39,000.00"
2019-05-05,2019050501007615,SBI,42,44,200,482.00,"96,400.00"
2019-05-05,2019050501007614,SBI,42,14,300,482.00,"144,600.00"
2019-05-05,2019050501007581,SBL,25,13,100,341.00,"34,100.00"
2019-05-05,2019050501007551,SBL,25,13,300,341.00,"102,300.00"
2019-05-05,2019050501007479,SBL,25,43,600,341.00,"204,600.00"
2019-05-05,2019050501007478,SBL,16,43,500,341.00,"170,500.00"
2019-05-05,2019050501007471,SBL,39,39,100,341.00,"34,100.00"
2019-05-05,2019050501007330,SBL,4,13,"1,154",342.00,"394,668.00"
2019-05-05,2019050501007776,SCB,25,21,300,685.00,"205,500.00"
2019-05-05,2019050501007765,SCB,25,14,435,685.00,"297,975.00"
2019-05-05,2019050501007328,SCB,25,41,100,685.00,"68,500.00"
2019-05-05,2019050501007647,SCB,41,26,50,686.00,"34,300.00"
2019-05-05,2019050501007558,SCB,6,26,50,686.00,"34,300.00"
2019-05-05,2019050501007537,SCB,25,6,40,685.00,"27,400.00"
2019-05-05,2019050501007417,SCB,25,57,150,685.00,"102,750.00"
2019-05-05,2019050501007393,SCB,25,33,50,685.00,"34,250.00"
2019-05-05,2019050501007315,SHINE,50,39,465,249.00,"115,785.00"
2019-05-05,2019050501007771,SHIVM,6,34,50,358.00,"17,900.00"
2019-05-05,2019050501007716,SHIVM,58,39,495,357.00,"176,715.00"
2019-05-05,2019050501007715,SHIVM,51,39,100,357.00,"35,700.00"
2019-05-05,2019050501007714,SHIVM,7,39,50,357.00,"17,850.00"
2019-05-05,2019050501007713,SHIVM,35,39,55,357.00,"19,635.00"
2019-05-05,2019050501007712,SHIVM,29,45,50,359.00,"17,950.00"
2019-05-05,2019050501007399,SHIVM,8,35,300,360.00,"108,000.00"
2019-05-05,2019050501007545,SHIVM,45,35,10,360.00,"3,600.00"
2019-05-05,2019050501007533,SHIVM,14,58,350,359.00,"125,650.00"
2019-05-05,2019050501007495,SHIVM,14,17,100,359.00,"35,900.00"
2019-05-05,2019050501007402,SHIVM,8,45,50,360.00,"18,000.00"
2019-05-05,2019050501007401,SHIVM,8,39,50,360.00,"18,000.00"
2019-05-05,2019050501007400,SHIVM,8,45,50,360.00,"18,000.00"
2019-05-05,2019050501007711,SHIVM,29,45,50,358.00,"17,900.00"
2019-05-05,2019050501007694,SHIVM,35,39,345,357.00,"123,165.00"
2019-05-05,2019050501007693,SHIVM,58,39,155,358.00,"55,490.00"
2019-05-05,2019050501007648,SHIVM,58,38,50,358.00,"17,900.00"
2019-05-05,2019050501007583,SHIVM,58,34,100,358.00,"35,800.00"
2019-05-05,2019050501007799,SHL,34,44,143,226.00,"32,318.00"
2019-05-05,2019050501007798,SHL,41,44,200,226.00,"45,200.00"
2019-05-05,2019050501007797,SHL,19,44,200,227.00,"45,400.00"
2019-05-05,2019050501007796,SHL,48,44,300,228.00,"68,400.00"
2019-05-05,2019050501007795,SHL,19,44,297,228.00,"67,716.00"
2019-05-05,2019050501007682,SHL,19,26,103,228.00,"23,484.00"
2019-05-05,2019050501007681,SHL,48,26,300,229.00,"68,700.00"
2019-05-05,2019050501007459,SHL,50,4,100,229.00,"22,900.00"
2019-05-05,2019050501007661,SHPC,59,17,130,260.00,"33,800.00"
2019-05-05,2019050501007660,SHPC,49,17,60,260.00,"15,600.00"
2019-05-05,2019050501007530,SHPC,42,17,410,261.00,"107,010.00"
2019-05-05,2019050501007532,SICL,11,35,80,894.00,"71,520.00"
2019-05-05,2019050501007531,SICL,10,35,20,894.00,"17,880.00"
2019-05-05,2019050501007794,SINDU,1,32,10,128.00,"1,280.00"
2019-05-05,2019050501007722,SINDU,1,57,190,128.00,"24,320.00"
2019-05-05,2019050501007772,SKBBL,14,47,450,995.00,"447,750.00"
2019-05-05,2019050501007324,SLBSL,58,49,20,628.00,"12,560.00"
2019-05-05,2019050501007634,SLICL,58,10,200,565.00,"113,000.00"
2019-05-05,2019050501007633,SLICL,52,10,200,565.00,"113,000.00"
2019-05-05,2019050501007632,SLICL,56,10,25,565.00,"14,125.00"
2019-05-05,2019050501007631,SLICL,16,10,300,567.00,"170,100.00"
2019-05-05,2019050501007630,SLICL,34,10,50,567.00,"28,350.00"
2019-05-05,2019050501007629,SLICL,20,10,50,568.00,"28,400.00"
2019-05-05,2019050501007628,SLICL,32,10,14,568.00,"7,952.00"
2019-05-05,2019050501007325,SLICL,32,55,100,570.00,"57,000.00"
2019-05-05,2019050501007728,SMATA,28,36,16,"1,221.00","19,536.00"
2019-05-05,2019050501007695,SMATA,8,36,150,"1,222.00","183,300.00"
2019-05-05,2019050501007778,SRBL,52,37,299,251.00,"75,049.00"
2019-05-05,2019050501007570,SRBL,52,25,100,251.00,"25,100.00"
2019-05-05,2019050501007569,SRBL,52,37,467,251.00,"117,217.00"
2019-05-05,2019050501007568,SRBL,16,37,200,251.00,"50,200.00"
2019-05-05,2019050501007567,SRBL,45,37,50,251.00,"12,550.00"
2019-05-05,2019050501007566,SRBL,37,37,61,251.00,"15,311.00"
2019-05-05,2019050501007565,SRBL,48,37,222,251.00,"55,722.00"
2019-05-05,2019050501007500,SRBL,48,33,278,251.00,"69,778.00"
2019-05-05,2019050501007499,SRBL,59,33,300,251.00,"75,300.00"
2019-05-05,2019050501007498,SRBL,32,33,100,251.00,"25,100.00"
2019-05-05,2019050501007620,UPCL,1,17,10,96.00,960.00
2019-05-05,2019050501007606,UPCL,1,54,10,95.00,950.00
2019-05-05,2019050501007748,UPPER,42,44,50,234.00,"11,700.00"
2019-05-05,2019050501007723,UPPER,42,44,50,234.00,"11,700.00"
2019-05-05,2019050501007702,UPPER,42,32,254,234.00,"59,436.00"
2019-05-05,2019050501007701,UPPER,22,32,246,234.00,"57,564.00"
2019-05-05,2019050501007608,UPPER,22,42,50,234.00,"11,700.00"
2019-05-05,2019050501007381,UPPER,50,17,10,234.00,"2,340.00"
2019-05-05,2019050501007361,UPPER,50,17,50,234.00,"11,700.00"
2019-05-05,2019050501007356,UPPER,50,44,50,234.00,"11,700.00"
2019-05-05,2019050501007555,UPPER,22,39,704,234.00,"164,736.00"
2019-05-05,2019050501007554,UPPER,50,39,46,234.00,"10,764.00"
2019-05-05,2019050501007457,UPPER,50,7,50,234.00,"11,700.00"
2019-05-05,2019050501007334,VLBS,1,52,38,595.00,"22,610.00"
2019-05-05,2019050501007692,VLBS,39,52,50,593.00,"29,650.00"
2019-05-05,2019050501007274,ADBL,58,58,"2,859",380.00,"1,086,420.00"
2019-05-05,2019050501007273,ADBL,58,58,311,380.00,"118,180.00"
2019-05-05,2019050501007259,ADBL,58,38,498,380.00,"189,240.00"
2019-05-05,2019050501007186,ADBL,58,32,100,380.00,"38,000.00"
2019-05-05,2019050501007184,ADBL,58,46,30,380.00,"11,400.00"
2019-05-05,2019050501007175,ADBL,58,25,200,380.00,"76,000.00"
2019-05-05,2019050501007139,ADBL,58,50,758,380.00,"288,040.00"
2019-05-05,2019050501007093,ADBL,58,14,"1,103",380.00,"419,140.00"
2019-05-05,2019050501007092,ADBL,58,14,"3,897",380.00,"1,480,860.00"
2019-05-05,2019050501007058,ADBL,58,49,300,380.00,"114,000.00"
2019-05-05,2019050501007067,AHPC,37,1,500,106.00,"53,000.00"
2019-05-05,2019050501006842,AHPC,47,34,"1,000",107.00,"107,000.00"
2019-05-05,2019050501006853,AKPL,8,22,200,177.00,"35,400.00"
2019-05-05,2019050501006852,AKPL,37,22,100,177.00,"17,700.00"
2019-05-05,2019050501006841,AKPL,34,22,17,178.00,"3,026.00"
2019-05-05,2019050501007296,ALBSL,21,8,10,463.00,"4,630.00"
2019-05-05,2019050501007261,ALBSL,21,8,10,463.00,"4,630.00"
2019-05-05,2019050501007081,ALBSL,21,43,10,463.00,"4,630.00"
2019-05-05,2019050501007036,ALBSL,21,43,10,463.00,"4,630.00"
2019-05-05,2019050501007015,ALBSL,41,43,10,465.00,"4,650.00"
2019-05-05,2019050501006829,ALBSL,11,39,10,466.00,"4,660.00"
2019-05-05,2019050501006847,ALBSL,21,34,10,463.00,"4,630.00"
2019-05-05,2019050501006832,ALBSL,10,39,50,465.00,"23,250.00"
2019-05-05,2019050501006831,ALBSL,39,39,10,465.00,"4,650.00"
2019-05-05,2019050501006830,ALBSL,16,39,70,465.00,"32,550.00"
2019-05-05,2019050501007152,ALICL,8,36,100,435.00,"43,500.00"
2019-05-05,2019050501007151,ALICL,45,36,100,435.00,"43,500.00"
2019-05-05,2019050501007150,ALICL,6,36,20,435.00,"8,700.00"
2019-05-05,2019050501006950,ALICL,39,28,50,436.00,"21,800.00"
2019-05-05,2019050501006949,ALICL,6,28,100,436.00,"43,600.00"
2019-05-05,2019050501007287,API,56,25,43,136.00,"5,848.00"
2019-05-05,2019050501007205,API,56,25,957,136.00,"130,152.00"
2019-05-05,2019050501007167,BOKL,57,14,11,276.00,"3,036.00"
2019-05-05,2019050501007023,BOKL,11,14,100,276.00,"27,600.00"
2019-05-05,2019050501006947,BOKL,37,1,117,275.00,"32,175.00"
2019-05-05,2019050501006946,BOKL,35,1,100,275.00,"27,500.00"
2019-05-05,2019050501006945,BOKL,41,1,100,275.00,"27,500.00"
2019-05-05,2019050501006944,BOKL,38,1,183,275.00,"50,325.00"
2019-05-05,2019050501007052,BPCL,52,36,44,372.00,"16,368.00"
2019-05-05,2019050501006970,BPCL,52,49,33,372.00,"12,276.00"
2019-05-05,2019050501006969,BPCL,32,49,67,372.00,"24,924.00"
2019-05-05,2019050501007268,CBBL,17,34,48,954.00,"45,792.00"
2019-05-05,2019050501007021,CBBL,17,54,50,954.00,"47,700.00"
2019-05-05,2019050501006963,CBBL,17,6,215,956.00,"205,540.00"
2019-05-05,2019050501007072,CBL,5,52,820,152.00,"124,640.00"
2019-05-05,2019050501007056,CBL,11,52,100,152.00,"15,200.00"
2019-05-05,2019050501007030,CBL,33,50,50,151.00,"7,550.00"
2019-05-05,2019050501006977,CBL,59,52,80,152.00,"12,160.00"
2019-05-05,2019050501006976,CBL,59,57,20,152.00,"3,040.00"
2019-05-05,2019050501006915,CBL,42,57,260,152.00,"39,520.00"
2019-05-05,2019050501006913,CBL,17,57,100,152.00,"15,200.00"
2019-05-05,2019050501006912,CBL,17,13,160,152.00,"24,320.00"
2019-05-05,2019050501006886,CBL,33,43,"1,000",151.00,"151,000.00"
2019-05-05,2019050501007022,CCBL,37,50,50,170.00,"8,500.00"
2019-05-05,2019050501006911,CCBL,50,21,25,171.00,"4,275.00"
2019-05-05,2019050501006910,CCBL,52,21,78,171.00,"13,338.00"
2019-05-05,2019050501007191,CHCL,17,32,343,532.00,"182,476.00"
2019-05-05,2019050501007160,CHCL,17,32,70,532.00,"37,240.00"
2019-05-05,2019050501007159,CHCL,39,32,50,533.00,"26,650.00"
2019-05-05,2019050501007126,CHCL,45,42,300,535.00,"160,500.00"
2019-05-05,2019050501006989,CHCL,48,39,24,532.00,"12,768.00"
2019-05-05,2019050501006962,CHLBS,45,42,10,490.00,"4,900.00"
2019-05-05,2019050501006961,CHLBS,45,22,10,490.00,"4,900.00"
2019-05-05,2019050501006960,CHLBS,45,54,10,490.00,"4,900.00"
2019-05-05,2019050501006959,CHLBS,45,34,10,489.00,"4,890.00"
2019-05-05,2019050501006958,CHLBS,45,7,10,488.00,"4,880.00"
2019-05-05,2019050501006951,CHLBS,36,34,10,485.00,"4,850.00"
2019-05-05,2019050501006864,CHLBS,36,34,10,485.00,"4,850.00"
2019-05-05,2019050501007293,CIT,7,1,20,"2,509.00","50,180.00"
2019-05-05,2019050501007064,CIT,22,51,50,"2,510.00","125,500.00"
2019-05-05,2019050501007063,CIT,22,51,100,"2,511.00","251,100.00"
2019-05-05,2019050501007062,CIT,20,51,20,"2,512.00","50,240.00"
2019-05-05,2019050501007189,CMF1,43,59,"40,100",9.99,"400,599.00"
2019-05-05,2019050501007188,CMF1,43,17,"1,000",9.80,"9,800.00"
2019-05-05,2019050501007073,CZBIL,46,59,150,221.00,"33,150.00"
2019-05-05,2019050501006874,CZBIL,46,43,150,221.00,"33,150.00"
2019-05-05,2019050501006873,CZBIL,7,43,150,221.00,"33,150.00"
2019-05-05,2019050501006872,CZBIL,10,43,200,221.00,"44,200.00"
2019-05-05,2019050501006871,CZBIL,43,43,200,221.00,"44,200.00"
2019-05-05,2019050501006870,CZBIL,7,43,300,221.00,"66,300.00"
2019-05-05,2019050501007220,DBBL,1,25,174,131.00,"22,794.00"
2019-05-05,2019050501007219,DBBL,1,25,500,131.00,"65,500.00"
2019-05-05,2019050501007218,DBBL,52,25,326,131.00,"42,706.00"
2019-05-05,2019050501007094,DHPL,42,11,10,80.00,800.00
2019-05-05,2019050501007028,DHPL,55,53,13,81.00,"1,053.00"
2019-05-05,2019050501006997,EBL,33,14,31,648.00,"20,088.00"
2019-05-05,2019050501006996,EBL,33,28,44,648.00,"28,512.00"
2019-05-05,2019050501006987,EBL,59,36,10,647.00,"6,470.00"
2019-05-05,2019050501006986,EBL,56,36,200,647.00,"129,400.00"
2019-05-05,2019050501007300,EDBL,43,7,50,295.00,"14,750.00"
2019-05-05,2019050501007299,EDBL,49,7,100,295.00,"29,500.00"
2019-05-05,2019050501007288,FMDBL,56,34,50,416.00,"20,800.00"
2019-05-05,2019050501007251,FMDBL,56,33,99,416.00,"41,184.00"
2019-05-05,2019050501007250,FMDBL,36,33,200,417.00,"83,400.00"
2019-05-05,2019050501006866,FOWAD,39,39,15,"1,546.00","23,190.00"
2019-05-05,2019050501007169,GBBL,41,45,"1,677",215.00,"360,555.00"
2019-05-05,2019050501007135,GBBL,57,45,500,216.00,"108,000.00"
2019-05-05,2019050501007134,GBBL,32,45,"1,000",216.00,"216,000.00"
2019-05-05,2019050501007133,GBBL,1,45,100,216.00,"21,600.00"
2019-05-05,2019050501007132,GBBL,33,45,500,216.00,"108,000.00"
2019-05-05,2019050501006850,GBBL,55,49,589,217.00,"127,813.00"
2019-05-05,2019050501007298,GBIME,47,32,30,312.00,"9,360.00"
2019-05-05,2019050501007285,GBIME,47,32,120,312.00,"37,440.00"
2019-05-05,2019050501007254,GBIME,47,32,30,312.00,"9,360.00"
2019-05-05,2019050501007232,GBIME,47,32,37,312.00,"11,544.00"
2019-05-05,2019050501007231,GBIME,47,42,13,312.00,"4,056.00"
2019-05-05,2019050501007221,GBIME,47,42,50,312.00,"15,600.00"
2019-05-05,2019050501006835,GBIME,47,42,50,312.00,"15,600.00"
2019-05-05,2019050501006914,GBIME,47,42,60,312.00,"18,720.00"
2019-05-05,2019050501006894,GBIME,47,42,50,312.00,"15,600.00"
2019-05-05,2019050501006885,GBIME,47,42,60,312.00,"18,720.00"
2019-05-05,2019050501006877,GBIME,47,42,190,312.00,"59,280.00"
2019-05-05,2019050501006860,GBIME,47,42,75,312.00,"23,400.00"
2019-05-05,2019050501006846,GBIME,47,42,125,312.00,"39,000.00"
2019-05-05,2019050501007020,GBIME,47,42,75,312.00,"23,400.00"
2019-05-05,2019050501007008,GBIME,47,42,50,312.00,"15,600.00"
2019-05-05,2019050501006993,GBIME,47,42,50,312.00,"15,600.00"
2019-05-05,2019050501006983,GBIME,47,42,50,312.00,"15,600.00"
2019-05-05,2019050501006957,GBIME,47,42,80,312.00,"24,960.00"
2019-05-05,2019050501006931,GBIME,47,42,50,312.00,"15,600.00"
2019-05-05,2019050501007122,GBIME,47,42,50,312.00,"15,600.00"
2019-05-05,2019050501007091,GBIME,47,42,50,312.00,"15,600.00"
2019-05-05,2019050501007075,GBIME,47,42,30,312.00,"9,360.00"
2019-05-05,2019050501007054,GBIME,47,42,50,312.00,"15,600.00"
2019-05-05,2019050501007043,GBIME,47,42,50,312.00,"15,600.00"
2019-05-05,2019050501007029,GBIME,47,42,60,312.00,"18,720.00"
2019-05-05,2019050501007215,GBIME,22,41,200,310.00,"62,000.00"
2019-05-05,2019050501007202,GBIME,47,42,50,312.00,"15,600.00"
2019-05-05,2019050501007179,GBIME,47,42,50,312.00,"15,600.00"
2019-05-05,2019050501007164,GBIME,47,42,50,312.00,"15,600.00"
2019-05-05,2019050501007156,GBIME,47,42,50,312.00,"15,600.00"
2019-05-05,2019050501007140,GBIME,47,42,50,312.00,"15,600.00"
2019-05-05,2019050501007277,GBLBS,49,32,200,359.00,"71,800.00"
2019-05-05,2019050501007182,GILB,42,29,10,"1,176.00","11,760.00"
2019-05-05,2019050501007185,GLICL,58,32,500,555.00,"277,500.00"
2019-05-05,2019050501007098,GLICL,58,32,165,555.00,"91,575.00"
2019-05-05,2019050501007074,GLICL,50,32,200,555.00,"111,000.00"
2019-05-05,2019050501006909,GLICL,21,32,200,555.00,"111,000.00"
2019-05-05,2019050501006908,GLICL,42,32,500,555.00,"277,500.00"
2019-05-05,2019050501006907,GLICL,58,32,355,555.00,"197,025.00"
2019-05-05,2019050501006906,GLICL,20,32,30,556.00,"16,680.00"
2019-05-05,2019050501006905,GLICL,40,32,500,556.00,"278,000.00"
2019-05-05,2019050501006904,GLICL,11,32,50,556.00,"27,800.00"
2019-05-05,2019050501007295,HBL,58,41,41,586.00,"24,026.00"
2019-05-05,2019050501007207,HBL,58,22,189,586.00,"110,754.00"
2019-05-05,2019050501007206,HBL,32,22,11,587.00,"6,457.00"
2019-05-05,2019050501007217,HDL,58,21,10,"1,451.00","14,510.00"
2019-05-05,2019050501007181,HDL,17,28,40,"1,450.00","58,000.00"
2019-05-05,2019050501007180,HDL,19,28,50,"1,452.00","72,600.00"
2019-05-05,2019050501007233,HGI,45,57,60,395.00,"23,700.00"
2019-05-05,2019050501007225,HGI,52,32,20,394.00,"7,880.00"
2019-05-05,2019050501007001,HGI,36,57,140,395.00,"55,300.00"
2019-05-05,2019050501006837,HGI,36,1,60,395.00,"23,700.00"
2019-05-05,2019050501007200,JBNL,38,51,711,199.00,"141,489.00"
2019-05-05,2019050501007199,JBNL,38,57,236,199.00,"46,964.00"
2019-05-05,2019050501007174,JBNL,13,41,75,198.00,"14,850.00"
2019-05-05,2019050501007173,JBNL,51,41,"1,000",198.00,"198,000.00"
2019-05-05,2019050501007172,JBNL,25,41,800,198.00,"158,400.00"
2019-05-05,2019050501007171,JBNL,6,41,125,198.00,"24,750.00"
2019-05-05,2019050501007061,JBNL,50,32,500,199.00,"99,500.00"
2019-05-05,2019050501006948,JBNL,50,55,100,199.00,"19,900.00"
2019-05-05,2019050501007147,JBNL,6,33,375,198.00,"74,250.00"
2019-05-05,2019050501007146,JBNL,6,33,500,198.00,"99,000.00"
2019-05-05,2019050501007145,JBNL,36,33,"1,000",198.00,"198,000.00"
2019-05-05,2019050501007144,JBNL,46,33,50,198.00,"9,900.00"
2019-05-05,2019050501007125,JBNL,45,57,100,199.00,"19,900.00"
2019-05-05,2019050501007090,JBNL,50,57,164,199.00,"32,636.00"
2019-05-05,2019050501007148,KBBL,6,52,100,225.00,"22,500.00"
2019-05-05,2019050501006994,KBL,50,43,250,220.00,"55,000.00"
2019-05-05,2019050501006943,KBL,50,32,130,220.00,"28,600.00"
2019-05-05,2019050501006942,KBL,52,32,500,220.00,"110,000.00"
2019-05-05,2019050501006941,KBL,47,32,70,220.00,"15,400.00"
2019-05-05,2019050501006940,KBL,52,32,100,220.00,"22,000.00"
2019-05-05,2019050501006939,KBL,35,32,100,220.00,"22,000.00"
2019-05-05,2019050501006938,KBL,11,32,100,220.00,"22,000.00"
2019-05-05,2019050501006937,KBL,41,32,500,220.00,"110,000.00"
2019-05-05,2019050501006936,KBL,56,32,500,220.00,"110,000.00"
2019-05-05,2019050501007297,KPCL,59,44,10,92.00,920.00
2019-05-05,2019050501007270,KPCL,59,44,10,92.00,920.00
2019-05-05,2019050501007210,KPCL,59,44,10,92.00,920.00
2019-05-05,2019050501007187,KPCL,59,44,10,92.00,920.00
2019-05-05,2019050501007170,KPCL,59,44,10,92.00,920.00
2019-05-05,2019050501006834,KPCL,59,51,10,92.00,920.00
2019-05-05,2019050501006891,KPCL,59,44,10,92.00,920.00
2019-05-05,2019050501006876,KPCL,59,44,10,92.00,920.00
2019-05-05,2019050501006851,KPCL,59,44,10,92.00,920.00
2019-05-05,2019050501006845,KPCL,59,7,10,92.00,920.00
2019-05-05,2019050501007123,KPCL,59,44,10,92.00,920.00
2019-05-05,2019050501007079,KPCL,59,44,10,92.00,920.00
2019-05-05,2019050501007042,KPCL,59,44,10,92.00,920.00
2019-05-05,2019050501007024,KPCL,59,44,10,92.00,920.00
2019-05-05,2019050501007014,KPCL,59,44,10,92.00,920.00
2019-05-05,2019050501006918,KRBL,59,33,500,99.00,"49,500.00"
2019-05-05,2019050501007229,KSBBL,47,18,171,146.00,"24,966.00"
2019-05-05,2019050501007276,LBBL,38,13,476,194.00,"92,344.00"
2019-05-05,2019050501007228,LBBL,48,45,150,193.00,"28,950.00"
2019-05-05,2019050501007201,LBBL,4,50,223,192.00,"42,816.00"
2019-05-05,2019050501007163,LBBL,46,50,200,192.00,"38,400.00"
2019-05-05,2019050501007162,LBBL,54,50,"1,000",192.00,"192,000.00"
2019-05-05,2019050501007161,LBBL,4,50,84,192.00,"16,128.00"
2019-05-05,2019050501006900,LBL,45,43,271,223.00,"60,433.00"
2019-05-05,2019050501006899,LBL,45,43,"1,000",223.00,"223,000.00"
2019-05-05,2019050501006898,LBL,45,43,229,223.00,"51,067.00"
2019-05-05,2019050501007262,LGIL,48,19,50,516.00,"25,800.00"
2019-05-05,2019050501006839,LICN,14,22,10,"1,859.00","18,590.00"
2019-05-05,2019050501007284,MBL,51,54,"1,109",261.00,"289,449.00"
2019-05-05,2019050501007283,MBL,36,54,"1,000",261.00,"261,000.00"
2019-05-05,2019050501007282,MBL,28,54,18,261.00,"4,698.00"
2019-05-05,2019050501007227,MBL,13,38,400,263.00,"105,200.00"
2019-05-05,2019050501007226,MBL,13,25,100,262.00,"26,200.00"
2019-05-05,2019050501007209,MBL,48,25,400,262.00,"104,800.00"
2019-05-05,2019050501007136,MBL,48,28,100,262.00,"26,200.00"
2019-05-05,2019050501006955,MEGA,45,22,940,181.00,"170,140.00"
2019-05-05,2019050501006954,MEGA,6,22,600,181.00,"108,600.00"
2019-05-05,2019050501006953,MEGA,48,22,960,181.00,"173,760.00"
2019-05-05,2019050501006875,MEGA,19,47,50,182.00,"9,100.00"
2019-05-05,2019050501007271,MERO,42,58,17,640.00,"10,880.00"
2019-05-05,2019050501007253,MERO,42,5,80,640.00,"51,200.00"
2019-05-05,2019050501007252,MERO,5,5,20,640.00,"12,800.00"
2019-05-05,2019050501007168,MERO,49,57,30,645.00,"19,350.00"
2019-05-05,2019050501007044,MERO,49,33,16,645.00,"10,320.00"
2019-05-05,2019050501007239,MNBBL,16,21,167,387.00,"64,629.00"
2019-05-05,2019050501007238,MNBBL,39,21,249,387.00,"96,363.00"
2019-05-05,2019050501007149,MNBBL,39,38,141,387.00,"54,567.00"
2019-05-05,2019050501006929,MNBBL,39,36,10,387.00,"3,870.00"
2019-05-05,2019050501006838,MSLB,41,21,10,"1,159.00","11,590.00"
2019-05-05,2019050501007280,NABIL,8,21,200,839.00,"167,800.00"
2019-05-05,2019050501007279,NABIL,8,34,20,839.00,"16,780.00"
2019-05-05,2019050501007235,NABIL,8,19,85,837.00,"71,145.00"
2019-05-05,2019050501007211,NABIL,8,46,170,835.00,"141,950.00"
2019-05-05,2019050501007196,NABIL,38,21,39,830.00,"32,370.00"
2019-05-05,2019050501007195,NABIL,52,21,50,830.00,"41,500.00"
2019-05-05,2019050501007194,NABIL,32,21,25,830.00,"20,750.00"
2019-05-05,2019050501007193,NABIL,55,21,136,830.00,"112,880.00"
2019-05-05,2019050501007192,NABIL,14,21,50,832.00,"41,600.00"
2019-05-05,2019050501007057,NABIL,55,58,30,830.00,"24,900.00"
2019-05-05,2019050501006968,NABIL,5,46,30,835.00,"25,050.00"
2019-05-05,2019050501006967,NABIL,5,34,20,834.00,"16,680.00"
2019-05-05,2019050501006902,NABILP,32,6,156,818.00,"127,608.00"
2019-05-05,2019050501007157,NADEP,43,29,20,509.00,"10,180.00"
2019-05-05,2019050501007177,NBB,28,17,"1,000",226.00,"226,000.00"
2019-05-05,2019050501007100,NBB,28,8,410,226.00,"92,660.00"
2019-05-05,2019050501007099,NBB,19,8,290,226.00,"65,540.00"
2019-05-05,2019050501006922,NBB,19,25,200,226.00,"45,200.00"
2019-05-05,2019050501006869,NBB,19,57,10,226.00,"2,260.00"
2019-05-05,2019050501006868,NBB,48,57,100,226.00,"22,600.00"
2019-05-05,2019050501006867,NBB,52,57,157,226.00,"35,482.00"
2019-05-05,2019050501007241,NBL,57,43,100,310.00,"31,000.00"
2019-05-05,2019050501007240,NBL,57,40,400,310.00,"124,000.00"
2019-05-05,2019050501007183,NBL,37,33,50,309.00,"15,450.00"
2019-05-05,2019050501007087,NBL,19,40,500,310.00,"155,000.00"
2019-05-05,2019050501007086,NBL,4,40,100,310.00,"31,000.00"
2019-05-05,2019050501007051,NBL,4,33,"4,400",310.00,"1,364,000.00"
2019-05-05,2019050501006981,NBL,14,28,100,310.00,"31,000.00"
2019-05-05,2019050501006974,NBL,37,43,400,309.00,"123,600.00"
2019-05-05,2019050501006973,NBL,1,43,500,309.00,"154,500.00"
2019-05-05,2019050501006972,NBL,19,43,100,309.00,"30,900.00"
2019-05-05,2019050501006923,NBL,5,43,"1,000",309.00,"309,000.00"
2019-05-05,2019050501006825,NBL,48,40,388,310.00,"120,280.00"
2019-05-05,2019050501007050,NBL,44,33,600,310.00,"186,000.00"
2019-05-05,2019050501007026,NBL,44,34,500,310.00,"155,000.00"
2019-05-05,2019050501007025,NBL,44,14,"1,900",310.00,"589,000.00"
2019-05-05,2019050501007012,NBL,33,14,100,310.00,"31,000.00"
2019-05-05,2019050501007011,NBL,33,54,100,310.00,"31,000.00"
2019-05-05,2019050501006982,NBL,14,54,900,310.00,"279,000.00"
2019-05-05,2019050501007281,NCCB,55,29,29,232.00,"6,728.00"
2019-05-05,2019050501007158,NCCB,8,29,"1,000",233.00,"233,000.00"
2019-05-05,2019050501006921,NCCB,1,57,300,233.00,"69,900.00"
2019-05-05,2019050501006920,NCCB,32,57,192,233.00,"44,736.00"
2019-05-05,2019050501006893,NCCB,32,32,"1,808",233.00,"421,264.00"
2019-05-05,2019050501006892,NCCB,32,32,192,233.00,"44,736.00"
2019-05-05,2019050501006883,NEF,17,7,172,8.14,"1,400.08"
2019-05-05,2019050501007049,NGPL,46,14,20,122.00,"2,440.00"
2019-05-05,2019050501007142,NIB,45,52,122,556.00,"67,832.00"
2019-05-05,2019050501007141,NIB,45,51,28,556.00,"15,568.00"
2019-05-05,2019050501006887,NIB,57,57,17,555.00,"9,435.00"
2019-05-05,2019050501006840,NIB,57,6,200,556.00,"111,200.00"
2019-05-05,2019050501007208,NICA,33,36,170,484.00,"82,280.00"
2019-05-05,2019050501007066,NICA,54,36,161,484.00,"77,924.00"
2019-05-05,2019050501006919,NICA,54,4,90,484.00,"43,560.00"
2019-05-05,2019050501006844,NICA,54,14,149,484.00,"72,116.00"
2019-05-05,2019050501006843,NICA,54,52,100,484.00,"48,400.00"
2019-05-05,2019050501007224,NICGF,43,17,"1,000",9.89,"9,890.00"
2019-05-05,2019050501007223,NICGF,43,42,"1,000",9.89,"9,890.00"
2019-05-05,2019050501006889,NICL,21,35,300,400.00,"120,000.00"
2019-05-05,2019050501006888,NICL,21,29,313,400.00,"125,200.00"
2019-05-05,2019050501007313,NLBBL,32,52,30,522.00,"15,660.00"
2019-05-05,2019050501007312,NLBBL,40,52,10,524.00,"5,240.00"
2019-05-05,2019050501007267,NLIC,29,41,108,985.00,"106,380.00"
2019-05-05,2019050501007264,NLIC,29,52,140,985.00,"137,900.00"
2019-05-05,2019050501007154,NLIC,29,39,136,985.00,"133,960.00"
2019-05-05,2019050501007131,NLIC,29,34,87,985.00,"85,695.00"
2019-05-05,2019050501007130,NLIC,19,34,50,985.00,"49,250.00"
2019-05-05,2019050501007129,NLIC,5,34,50,986.00,"49,300.00"
2019-05-05,2019050501007103,NLIC,59,34,50,988.00,"49,400.00"
2019-05-05,2019050501007102,NLIC,37,34,133,988.00,"131,404.00"
2019-05-05,2019050501007101,NLIC,19,34,450,989.00,"445,050.00"
2019-05-05,2019050501007004,NLIC,41,56,100,990.00,"99,000.00"
2019-05-05,2019050501007128,NLIC,36,34,30,986.00,"29,580.00"
2019-05-05,2019050501007127,NLIC,48,34,20,986.00,"19,720.00"
2019-05-05,2019050501007107,NLIC,25,34,400,987.00,"394,800.00"
2019-05-05,2019050501007106,NLIC,4,34,10,988.00,"9,880.00"
2019-05-05,2019050501007105,NLIC,46,34,100,988.00,"98,800.00"
2019-05-05,2019050501007104,NLIC,57,34,20,988.00,"19,760.00"
2019-05-05,2019050501007065,NLICL,43,21,94,670.00,"62,980.00"
2019-05-05,2019050501006971,NLICL,43,26,250,670.00,"167,500.00"
2019-05-05,2019050501006966,NLICL,43,1,150,670.00,"100,500.00"
2019-05-05,2019050501006965,NLICL,6,1,50,670.00,"33,500.00"
2019-05-05,2019050501006928,NLICL,6,43,500,671.00,"335,500.00"
2019-05-05,2019050501006927,NLICL,28,43,150,671.00,"100,650.00"
2019-05-05,2019050501006897,NLICL,28,43,350,671.00,"234,850.00"
2019-05-05,2019050501006896,NLICL,53,43,50,672.00,"33,600.00"
2019-05-05,2019050501006895,NLICL,54,43,300,672.00,"201,600.00"
2019-05-05,2019050501006862,NLICL,54,57,50,672.00,"33,600.00"
2019-05-05,2019050501006861,NLICL,43,57,50,673.00,"33,650.00"
2019-05-05,2019050501007294,NMB,14,45,12,377.00,"4,524.00"
2019-05-05,2019050501007272,NMB,14,45,94,377.00,"35,438.00"
2019-05-05,2019050501007153,NMB,14,14,392,377.00,"147,784.00"
2019-05-05,2019050501007138,NMB,14,4,320,377.00,"120,640.00"
2019-05-05,2019050501007055,NMB,36,10,52,376.00,"19,552.00"
2019-05-05,2019050501007046,NMB,14,4,180,377.00,"67,860.00"
2019-05-05,2019050501007007,NMB,14,40,820,377.00,"309,140.00"
2019-05-05,2019050501007006,NMB,14,40,180,377.00,"67,860.00"
2019-05-05,2019050501006975,NMB,14,51,100,377.00,"37,700.00"
2019-05-05,2019050501006930,NMB,14,59,500,377.00,"188,500.00"
2019-05-05,2019050501006956,NMBHF1,43,40,"30,000",9.56,"286,800.00"
2019-05-05,2019050501006916,NMBHF1,50,34,"40,000",9.75,"390,000.00"
2019-05-05,2019050501007096,NMBMF,36,41,10,963.00,"9,630.00"
2019-05-05,2019050501007095,NMBMF,51,41,25,965.00,"24,125.00"
2019-05-05,2019050501007045,NUBL,5,34,167,867.00,"144,789.00"
2019-05-05,2019050501006881,NUBL,22,18,500,870.00,"435,000.00"
2019-05-05,2019050501006880,NUBL,54,18,200,870.00,"174,000.00"
2019-05-05,2019050501006879,NUBL,56,18,10,870.00,"8,700.00"
2019-05-05,2019050501006878,NUBL,46,18,100,872.00,"87,200.00"
2019-05-05,2019050501007304,PIC,6,6,18,"1,106.00","19,908.00"
2019-05-05,2019050501007303,PIC,6,46,11,"1,105.00","12,155.00"
2019-05-05,2019050501007302,PIC,6,39,60,"1,105.00","66,300.00"
2019-05-05,2019050501007301,PIC,6,46,11,"1,104.00","12,144.00"
2019-05-05,2019050501007143,PIC,51,6,18,"1,106.00","19,908.00"
2019-05-05,2019050501007119,PIC,51,39,22,"1,106.00","24,332.00"
2019-05-05,2019050501006984,PIC,45,34,11,"1,100.00","12,100.00"
2019-05-05,2019050501006917,PIC,45,39,50,"1,100.00","55,000.00"
2019-05-05,2019050501007085,PIC,47,36,50,"1,105.00","55,250.00"
2019-05-05,2019050501007084,PIC,47,57,115,"1,105.00","127,075.00"
2019-05-05,2019050501007083,PIC,47,7,11,"1,104.00","12,144.00"
2019-05-05,2019050501007082,PIC,47,46,11,"1,103.00","12,133.00"
2019-05-05,2019050501007076,PIC,45,50,30,"1,100.00","33,000.00"
2019-05-05,2019050501007009,PIC,45,32,11,"1,100.00","12,100.00"
2019-05-05,2019050501007003,PLIC,48,52,44,482.00,"21,208.00"
2019-05-05,2019050501007002,PLIC,48,52,106,482.00,"51,092.00"
2019-05-05,2019050501006933,PLIC,48,38,44,482.00,"21,208.00"
2019-05-05,2019050501006932,PLIC,50,38,100,483.00,"48,300.00"
2019-05-05,2019050501007176,PMHPL,59,21,10,111.00,"1,110.00"
2019-05-05,2019050501006865,PMHPL,59,21,10,111.00,"1,110.00"
2019-05-05,2019050501007311,PRVU,49,51,90,279.00,"25,110.00"
2019-05-05,2019050501007310,PRVU,49,25,410,279.00,"114,390.00"
2019-05-05,2019050501007309,PRVU,42,25,800,278.00,"222,400.00"
2019-05-05,2019050501007308,PRVU,42,25,"1,000",278.00,"278,000.00"
2019-05-05,2019050501007307,PRVU,25,25,100,278.00,"27,800.00"
2019-05-05,2019050501007306,PRVU,25,25,"1,000",278.00,"278,000.00"
2019-05-05,2019050501006818,PRVU,45,25,100,280.00,"28,000.00"
2019-05-05,2019050501006817,PRVU,26,25,"1,000",280.00,"280,000.00"
2019-05-05,2019050501006816,PRVU,45,25,200,280.00,"56,000.00"
2019-05-05,2019050501006815,PRVU,19,25,"1,000",280.00,"280,000.00"
2019-05-05,2019050501006814,PRVU,50,25,100,280.00,"28,000.00"
2019-05-05,2019050501006824,PRVU,57,25,871,280.00,"243,880.00"
2019-05-05,2019050501006823,PRVU,25,25,"1,000",280.00,"280,000.00"
2019-05-05,2019050501006822,PRVU,43,25,"1,000",280.00,"280,000.00"
2019-05-05,2019050501006821,PRVU,25,25,250,280.00,"70,000.00"
2019-05-05,2019050501006820,PRVU,26,25,50,280.00,"14,000.00"
2019-05-05,2019050501006819,PRVU,8,25,300,280.00,"84,000.00"
2019-05-05,2019050501007019,PRVU,50,33,"1,000",280.00,"280,000.00"
2019-05-05,2019050501007010,PRVU,38,25,"1,000",279.00,"279,000.00"
2019-05-05,2019050501006988,PRVU,14,33,125,280.00,"35,000.00"
2019-05-05,2019050501006863,PRVU,17,33,30,280.00,"8,400.00"
2019-05-05,2019050501006828,PRVU,49,33,150,280.00,"42,000.00"
2019-05-05,2019050501006827,PRVU,57,33,129,280.00,"36,120.00"
2019-05-05,2019050501007088,PRVU,39,25,40,279.00,"11,160.00"
2019-05-05,2019050501007071,PRVU,51,25,500,279.00,"139,500.00"
2019-05-05,2019050501007070,PRVU,45,25,500,279.00,"139,500.00"
2019-05-05,2019050501007069,PRVU,45,55,500,279.00,"139,500.00"
2019-05-05,2019050501007060,PRVU,14,33,200,280.00,"56,000.00"
2019-05-05,2019050501007059,PRVU,50,33,500,280.00,"140,000.00"
2019-05-05,2019050501007111,PRVU,22,25,"1,000",279.00,"279,000.00"
2019-05-05,2019050501007110,PRVU,47,25,340,279.00,"94,860.00"
2019-05-05,2019050501007109,PRVU,47,36,660,279.00,"184,140.00"
2019-05-05,2019050501007108,PRVU,38,36,340,279.00,"94,860.00"
2019-05-05,2019050501007097,PRVU,38,33,200,279.00,"55,800.00"
2019-05-05,2019050501007089,PRVU,38,25,960,279.00,"267,840.00"
2019-05-05,2019050501007117,PRVU,50,25,200,279.00,"55,800.00"
2019-05-05,2019050501007116,PRVU,49,25,100,279.00,"27,900.00"
2019-05-05,2019050501007115,PRVU,35,25,200,279.00,"55,800.00"
2019-05-05,2019050501007114,PRVU,59,25,"1,000",279.00,"279,000.00"
2019-05-05,2019050501007113,PRVU,39,25,300,279.00,"83,700.00"
2019-05-05,2019050501007112,PRVU,53,25,250,279.00,"69,750.00"
2019-05-05,2019050501007305,PRVU,57,25,100,278.00,"27,800.00"
2019-05-05,2019050501007278,PRVU,22,25,50,279.00,"13,950.00"
2019-05-05,2019050501007256,PRVU,16,25,540,279.00,"150,660.00"
2019-05-05,2019050501007255,PRVU,16,25,460,279.00,"128,340.00"
2019-05-05,2019050501007155,PRVU,48,25,500,279.00,"139,500.00"
2019-05-05,2019050501007118,PRVU,54,25,50,279.00,"13,950.00"
2019-05-05,2019050501007005,RADHI,45,21,11,156.00,"1,716.00"
2019-05-05,2019050501006882,RBCLPO,22,38,15,"8,775.00","131,625.00"
2019-05-05,2019050501006849,RBCLPO,33,38,20,"8,777.00","175,540.00"
2019-05-05,2019050501006848,RBCLPO,4,38,30,"8,780.00","263,400.00"
2019-05-05,2019050501006826,RBCLPO,4,45,20,"8,780.00","175,600.00"
2019-05-05,2019050501007053,RBCLPO,4,38,50,"8,770.00","438,500.00"
2019-05-05,2019050501007263,RMDC,58,41,11,646.00,"7,106.00"
2019-05-05,2019050501007216,RMDC,58,41,70,646.00,"45,220.00"
2019-05-05,2019050501007198,RMDC,58,41,882,646.00,"569,772.00"
2019-05-05,2019050501007016,RMDC,58,25,50,646.00,"32,300.00"
2019-05-05,2019050501006952,RMDC,58,51,50,646.00,"32,300.00"
2019-05-05,2019050501006998,RRHP,40,34,10,93.00,930.00
2019-05-05,2019050501007260,RSDC,59,59,5,388.00,"1,940.00"
2019-05-05,2019050501007234,RSDC,59,59,5,388.00,"1,940.00"
2019-05-05,2019050501007230,RSDC,59,59,5,388.00,"1,940.00"
2019-05-05,2019050501007222,RSDC,59,59,5,388.00,"1,940.00"
2019-05-05,2019050501007212,RSDC,59,59,5,388.00,"1,940.00"
2019-05-05,2019050501007203,RSDC,59,59,5,388.00,"1,940.00"
2019-05-05,2019050501007190,RSDC,59,59,2,388.00,776.00
2019-05-05,2019050501007027,SADBL,22,6,8,149.00,"1,192.00"
2019-05-05,2019050501007213,SANIMA,48,42,"1,080",352.00,"380,160.00"
2019-05-05,2019050501007137,SANIMA,28,42,100,352.00,"35,200.00"
2019-05-05,2019050501007041,SBI,35,58,17,480.00,"8,160.00"
2019-05-05,2019050501007040,SBI,33,58,83,480.00,"39,840.00"
2019-05-05,2019050501007266,SBL,4,43,246,342.00,"84,132.00"
2019-05-05,2019050501007265,SBL,42,43,"1,154",342.00,"394,668.00"
2019-05-05,2019050501007121,SBL,4,47,"1,000",343.00,"343,000.00"
2019-05-05,2019050501007018,SBL,42,33,846,342.00,"289,332.00"
2019-05-05,2019050501007017,SBL,48,33,325,342.00,"111,150.00"
2019-05-05,2019050501006980,SBL,48,19,175,342.00,"59,850.00"
2019-05-05,2019050501006979,SBL,4,19,"1,000",342.00,"342,000.00"
2019-05-05,2019050501006978,SBL,45,19,125,342.00,"42,750.00"
2019-05-05,2019050501006901,SBL,55,47,500,343.00,"171,500.00"
2019-05-05,2019050501007120,SCB,25,21,200,685.00,"137,000.00"
2019-05-05,2019050501006836,SCB,37,26,100,686.00,"68,600.00"
2019-05-05,2019050501007269,SDESI,4,6,10,650.00,"6,500.00"
2019-05-05,2019050501007236,SDESI,4,38,21,645.00,"13,545.00"
2019-05-05,2019050501007068,SEF,43,42,"2,500",9.80,"24,500.00"
2019-05-05,2019050501007197,SHIVM,18,7,50,360.00,"18,000.00"
2019-05-05,2019050501007178,SHIVM,36,32,500,360.00,"180,000.00"
2019-05-05,2019050501007080,SHIVM,49,32,200,360.00,"72,000.00"
2019-05-05,2019050501007077,SHIVM,14,32,50,359.00,"17,950.00"
2019-05-05,2019050501007039,SHIVM,58,39,695,358.00,"248,810.00"
2019-05-05,2019050501007038,SHIVM,17,39,50,358.00,"17,900.00"
2019-05-05,2019050501007037,SHIVM,7,39,100,359.00,"35,900.00"
2019-05-05,2019050501006935,SHIVM,18,39,50,360.00,"18,000.00"
2019-05-05,2019050501006903,SHIVM,7,29,50,359.00,"17,950.00"
2019-05-05,2019050501006884,SHIVM,7,29,50,359.00,"17,950.00"
2019-05-05,2019050501007275,SHPC,42,56,"1,130",261.00,"294,930.00"
2019-05-05,2019050501007249,SHPC,42,48,460,261.00,"120,060.00"
2019-05-05,2019050501007248,SHPC,42,48,"1,990",261.00,"519,390.00"
2019-05-05,2019050501007247,SHPC,1,48,"2,000",262.00,"524,000.00"
2019-05-05,2019050501007246,SHPC,45,48,"1,000",262.00,"262,000.00"
2019-05-05,2019050501007245,SHPC,16,48,"2,000",262.00,"524,000.00"
2019-05-05,2019050501006990,SHPC,50,55,500,263.00,"131,500.00"
2019-05-05,2019050501007244,SHPC,4,48,"1,000",262.00,"262,000.00"
2019-05-05,2019050501007243,SHPC,14,48,500,263.00,"131,500.00"
2019-05-05,2019050501007242,SHPC,56,48,50,263.00,"13,150.00"
2019-05-05,2019050501006992,SHPC,56,55,450,263.00,"118,350.00"
2019-05-05,2019050501006991,SHPC,7,55,50,263.00,"13,150.00"
2019-05-05,2019050501007078,SIC,51,49,40,"1,360.00","54,400.00"
2019-05-05,2019050501006858,SICL,10,37,180,890.00,"160,200.00"
2019-05-05,2019050501006857,SICL,35,37,20,890.00,"17,800.00"
2019-05-05,2019050501006856,SICL,36,37,60,890.00,"53,400.00"
2019-05-05,2019050501006855,SICL,42,37,80,891.00,"71,280.00"
2019-05-05,2019050501006854,SICL,42,37,10,893.00,"8,930.00"
2019-05-05,2019050501007237,SIL,21,25,40,615.00,"24,600.00"
2019-05-05,2019050501007035,SIL,25,22,400,614.00,"245,600.00"
2019-05-05,2019050501007034,SIL,47,22,50,615.00,"30,750.00"
2019-05-05,2019050501007033,SIL,37,22,100,615.00,"61,500.00"
2019-05-05,2019050501007032,SIL,44,22,100,615.00,"61,500.00"
2019-05-05,2019050501007031,SIL,37,22,50,616.00,"30,800.00"
2019-05-05,2019050501007165,SLBSL,5,49,100,628.00,"62,800.00"
2019-05-05,2019050501006926,SLBSL,51,49,100,628.00,"62,800.00"
2019-05-05,2019050501006925,SLBSL,45,49,10,628.00,"6,280.00"
2019-05-05,2019050501006924,SLBSL,44,49,100,629.00,"62,900.00"
2019-05-05,2019050501007124,SLICL,32,5,100,568.00,"56,800.00"
2019-05-05,2019050501006833,SLICL,57,43,50,571.00,"28,550.00"
2019-05-05,2019050501007204,SMATA,8,52,50,"1,222.00","61,100.00"
2019-05-05,2019050501007292,SRBL,55,25,500,252.00,"126,000.00"
2019-05-05,2019050501007291,SRBL,21,25,200,252.00,"50,400.00"
2019-05-05,2019050501007290,SRBL,50,25,750,252.00,"189,000.00"
2019-05-05,2019050501007289,SRBL,29,25,788,252.00,"198,576.00"
2019-05-05,2019050501007258,SRBL,1,33,300,253.00,"75,900.00"
2019-05-05,2019050501007257,SRBL,8,33,722,253.00,"182,666.00"
2019-05-05,2019050501007047,SRBL,8,33,110,253.00,"27,830.00"
2019-05-05,2019050501007214,TRH,17,45,150,237.00,"35,550.00"
2019-05-05,2019050501007286,UIC,43,5,50,959.00,"47,950.00"
2019-05-05,2019050501006890,UPCL,56,36,"2,620",94.00,"246,280.00"
2019-05-05,2019050501007166,UPPER,50,21,40,234.00,"9,360.00"
2019-05-05,2019050501006934,UPPER,41,21,40,235.00,"9,400.00"
2019-05-05,2019050501006859,UPPER,41,21,40,235.00,"9,400.00"
2019-05-05,2019050501007013,UPPER,45,33,50,235.00,"11,750.00"
2019-05-05,2019050501007000,UPPER,45,33,25,235.00,"5,875.00"
2019-05-05,2019050501006999,UPPER,41,33,560,235.00,"131,600.00"
2019-05-05,2019050501006995,UPPER,41,21,50,235.00,"11,750.00"
2019-05-05,2019050501006985,UPPER,41,10,50,235.00,"11,750.00"
2019-05-05,2019050501006964,UPPER,41,21,40,235.00,"9,400.00"
2019-05-05,2019050501007048,UPPER,50,32,50,234.00,"11,700.00"
2019-05-05,2019050501006646,ADBL,45,49,20,381.00,"7,620.00"
2019-05-05,2019050501006645,ADBL,45,14,480,381.00,"182,880.00"
2019-05-05,2019050501006625,ADBL,58,32,30,380.00,"11,400.00"
2019-05-05,2019050501006506,ADBL,59,14,500,381.00,"190,500.00"
2019-05-05,2019050501006572,AHPC,45,58,"1,018",107.00,"108,926.00"
2019-05-05,2019050501006571,AHPC,37,58,446,108.00,"48,168.00"
2019-05-05,2019050501006532,AHPC,37,7,"2,500",108.00,"270,000.00"
2019-05-05,2019050501006492,AHPC,37,57,54,108.00,"5,832.00"
2019-05-05,2019050501006491,AHPC,39,57,446,108.00,"48,168.00"
2019-05-05,2019050501006797,AKJCL,25,34,20,78.00,"1,560.00"
2019-05-05,2019050501006720,ALBSL,11,50,110,466.00,"51,260.00"
2019-05-05,2019050501006719,ALBSL,11,4,10,466.00,"4,660.00"
2019-05-05,2019050501006695,ALBSL,11,34,10,466.00,"4,660.00"
2019-05-05,2019050501006556,API,11,46,260,135.00,"35,100.00"
2019-05-05,2019050501006517,API,11,51,10,135.00,"1,350.00"
2019-05-05,2019050501006509,API,11,57,17,135.00,"2,295.00"
2019-05-05,2019050501006373,BHBL,14,48,83,170.00,"14,110.00"
2019-05-05,2019050501006801,BOKL,55,34,126,276.00,"34,776.00"
2019-05-05,2019050501006708,BOKL,6,34,14,276.00,"3,864.00"
2019-05-05,2019050501006690,BOKL,11,26,187,276.00,"51,612.00"
2019-05-05,2019050501006407,BOKL,28,26,200,276.00,"55,200.00"
2019-05-05,2019050501006406,BOKL,44,26,328,276.00,"90,528.00"
2019-05-05,2019050501006721,BPCL,32,51,11,372.00,"4,092.00"
2019-05-05,2019050501006580,BPCL,49,33,100,373.00,"37,300.00"
2019-05-05,2019050501006579,BPCL,8,33,129,373.00,"48,117.00"
2019-05-05,2019050501006785,CBBL,48,42,320,954.00,"305,280.00"
2019-05-05,2019050501006679,CBBL,16,51,100,952.00,"95,200.00"
2019-05-05,2019050501006616,CBBL,16,50,367,952.00,"349,384.00"
2019-05-05,2019050501006615,CBBL,5,50,20,952.00,"19,040.00"
2019-05-05,2019050501006614,CBBL,50,50,50,955.00,"47,750.00"
2019-05-05,2019050501006613,CBBL,17,50,100,955.00,"95,500.00"
2019-05-05,2019050501006475,CBBL,17,35,100,955.00,"95,500.00"
2019-05-05,2019050501006766,CBL,42,57,20,152.00,"3,040.00"
2019-05-05,2019050501006550,CBL,16,47,410,151.00,"61,910.00"
2019-05-05,2019050501006515,CBL,5,57,100,152.00,"15,200.00"
2019-05-05,2019050501006811,CCBL,52,59,162,171.00,"27,702.00"
2019-05-05,2019050501006810,CCBL,45,59,447,171.00,"76,437.00"
2019-05-05,2019050501006745,CCBL,45,51,36,171.00,"6,156.00"
2019-05-05,2019050501006635,CCBL,45,57,17,171.00,"2,907.00"
2019-05-05,2019050501006634,CCBL,47,57,133,171.00,"22,743.00"
2019-05-05,2019050501006584,CCBL,47,47,550,171.00,"94,050.00"
2019-05-05,2019050501006516,CCBL,47,45,100,171.00,"17,100.00"
2019-05-05,2019050501006603,CHCL,45,34,220,533.00,"117,260.00"
2019-05-05,2019050501006329,CHCL,52,10,45,531.00,"23,895.00"
2019-05-05,2019050501006328,CHCL,45,10,50,531.00,"26,550.00"
2019-05-05,2019050501006326,CHCL,45,46,50,531.00,"26,550.00"
2019-05-05,2019050501006325,CHCL,52,46,70,532.00,"37,240.00"
2019-05-05,2019050501006748,CHLBS,11,34,10,485.00,"4,850.00"
2019-05-05,2019050501006537,CHLBS,11,21,10,485.00,"4,850.00"
2019-05-05,2019050501006725,CIT,45,5,10,"2,511.00","25,110.00"
2019-05-05,2019050501006786,CZBIL,42,47,20,222.00,"4,440.00"
2019-05-05,2019050501006707,CZBIL,7,37,100,221.00,"22,100.00"
2019-05-05,2019050501006666,CZBIL,1,47,300,222.00,"66,600.00"
2019-05-05,2019050501006665,CZBIL,8,47,200,222.00,"44,400.00"
2019-05-05,2019050501006664,CZBIL,8,47,149,222.00,"33,078.00"
2019-05-05,2019050501006544,CZBIL,8,1,51,222.00,"11,322.00"
2019-05-05,2019050501006327,CZBIL,42,39,10,222.00,"2,220.00"
2019-05-05,2019050501006543,CZBIL,34,1,200,222.00,"44,400.00"
2019-05-05,2019050501006542,CZBIL,26,1,425,222.00,"94,350.00"
2019-05-05,2019050501006541,CZBIL,13,1,149,222.00,"33,078.00"
2019-05-05,2019050501006490,CZBIL,13,34,51,222.00,"11,322.00"
2019-05-05,2019050501006489,CZBIL,42,34,949,222.00,"210,678.00"
2019-05-05,2019050501006449,CZBIL,42,28,10,222.00,"2,220.00"
2019-05-05,2019050501006761,DBBL,52,51,14,131.00,"1,834.00"
2019-05-05,2019050501006654,DDBL,16,44,29,716.00,"20,764.00"
2019-05-05,2019050501006653,DDBL,42,44,10,720.00,"7,200.00"
2019-05-05,2019050501006652,DDBL,45,44,11,720.00,"7,920.00"
2019-05-05,2019050501006435,EBL,17,28,30,648.00,"19,440.00"
2019-05-05,2019050501006434,EBL,48,28,43,648.00,"27,864.00"
2019-05-05,2019050501006391,EBL,48,32,157,648.00,"101,736.00"
2019-05-05,2019050501006390,EBL,35,32,143,648.00,"92,664.00"
2019-05-05,2019050501006330,EBL,35,47,45,648.00,"29,160.00"
2019-05-05,2019050501006793,EIC,22,46,20,450.00,"9,000.00"
2019-05-05,2019050501006792,EIC,32,46,50,451.00,"22,550.00"
2019-05-05,2019050501006791,EIC,39,46,100,451.00,"45,100.00"
2019-05-05,2019050501006627,FMDBL,56,7,298,416.00,"123,968.00"
2019-05-05,2019050501006424,FOWAD,33,19,25,"1,550.00","38,750.00"
2019-05-05,2019050501006803,GBBL,8,49,100,217.00,"21,700.00"
2019-05-05,2019050501006802,GBBL,32,49,87,217.00,"18,879.00"
2019-05-05,2019050501006588,GBBL,32,48,413,217.00,"89,621.00"
2019-05-05,2019050501006587,GBBL,32,48,87,217.00,"18,879.00"
2019-05-05,2019050501006408,GBBL,32,28,107,217.00,"23,219.00"
2019-05-05,2019050501006807,GBIME,47,42,80,312.00,"24,960.00"
2019-05-05,2019050501006784,GBIME,35,14,"2,000",311.00,"622,000.00"
2019-05-05,2019050501006774,GBIME,38,42,70,312.00,"21,840.00"
2019-05-05,2019050501006752,GBIME,38,42,75,312.00,"23,400.00"
2019-05-05,2019050501006738,GBIME,38,42,50,312.00,"15,600.00"
2019-05-05,2019050501006704,GBIME,38,42,157,312.00,"48,984.00"
2019-05-05,2019050501006648,GBIME,38,45,170,311.00,"52,870.00"
2019-05-05,2019050501006525,GBIME,22,21,726,310.00,"225,060.00"
2019-05-05,2019050501006447,GBIME,22,40,100,310.00,"31,000.00"
2019-05-05,2019050501006359,GBIME,43,45,"1,000",311.00,"311,000.00"
2019-05-05,2019050501006314,GBIME,34,17,20,312.00,"6,240.00"
2019-05-05,2019050501006703,GBIME,38,57,23,312.00,"7,176.00"
2019-05-05,2019050501006692,GBIME,38,52,54,312.00,"16,848.00"
2019-05-05,2019050501006691,GBIME,38,17,110,312.00,"34,320.00"
2019-05-05,2019050501006674,GBIME,38,17,75,312.00,"23,400.00"
2019-05-05,2019050501006667,GBIME,38,17,475,312.00,"148,200.00"
2019-05-05,2019050501006649,GBIME,38,45,355,311.00,"110,405.00"
2019-05-05,2019050501006393,GBLBS,19,1,135,358.00,"48,330.00"
2019-05-05,2019050501006392,GBLBS,14,1,90,358.00,"32,220.00"
2019-05-05,2019050501006683,GDBL,8,39,410,209.00,"85,690.00"
2019-05-05,2019050501006682,GDBL,21,39,31,209.00,"6,479.00"
2019-05-05,2019050501006724,GILB,42,44,106,"1,176.00","124,656.00"
2019-05-05,2019050501006723,GILB,38,44,20,"1,177.00","23,540.00"
2019-05-05,2019050501006794,GRDBL,34,51,50,105.00,"5,250.00"
2019-05-05,2019050501006463,HBL,32,22,39,587.00,"22,893.00"
2019-05-05,2019050501006462,HBL,37,22,327,587.00,"191,949.00"
2019-05-05,2019050501006461,HBL,34,22,400,587.00,"234,800.00"
2019-05-05,2019050501006804,HIDCL,25,51,25,140.00,"3,500.00"
2019-05-05,2019050501006448,HIDCL,25,57,31,140.00,"4,340.00"
2019-05-05,2019050501006812,HPPL,1,7,10,180.00,"1,800.00"
2019-05-05,2019050501006561,IGI,17,5,200,416.00,"83,200.00"
2019-05-05,2019050501006560,IGI,57,5,200,416.00,"83,200.00"
2019-05-05,2019050501006706,JBNL,50,10,20,199.00,"3,980.00"
2019-05-05,2019050501006414,JBNL,50,57,216,199.00,"42,984.00"
2019-05-05,2019050501006413,JBNL,56,57,"1,000",199.00,"199,000.00"
