Date,Transact. No.,Symbol,Buyer,Seller,Quantity,Rate,Amount
2019-06-30,2019063001006870,ADBL,58,44,233,407.00,"94,831.00"
2019-06-30,2019063001006869,ADBL,26,44,50,407.00,"20,350.00"
2019-06-30,2019063001007022,AHPC,45,35,100,104.00,"10,400.00"
2019-06-30,2019063001007021,AHPC,7,35,"1,000",104.00,"104,000.00"
2019-06-30,2019063001007020,AHPC,43,35,"1,000",104.00,"104,000.00"
2019-06-30,2019063001006787,AKJCL,25,48,20,73.00,"1,460.00"
2019-06-30,2019063001007182,ALBSL,26,41,10,395.00,"3,950.00"
2019-06-30,2019063001007033,ALBSL,26,37,10,395.00,"3,950.00"
2019-06-30,2019063001007014,ALBSL,26,41,10,395.00,"3,950.00"
2019-06-30,2019063001006931,ALBSL,26,41,10,395.00,"3,950.00"
2019-06-30,2019063001006887,ALBSL,26,41,10,395.00,"3,950.00"
2019-06-30,2019063001006757,ALBSL,26,29,10,395.00,"3,950.00"
2019-06-30,2019063001006756,ALBSL,26,57,10,395.00,"3,950.00"
2019-06-30,2019063001006717,ALBSL,48,42,10,391.00,"3,910.00"
2019-06-30,2019063001007011,ALICL,8,36,100,380.00,"38,000.00"
2019-06-30,2019063001006966,ALICL,57,17,200,381.00,"76,200.00"
2019-06-30,2019063001006954,API,17,34,100,144.00,"14,400.00"
2019-06-30,2019063001006874,API,17,25,500,143.00,"71,500.00"
2019-06-30,2019063001006873,API,17,6,150,143.00,"21,450.00"
2019-06-30,2019063001006872,API,17,51,190,143.00,"27,170.00"
2019-06-30,2019063001006871,API,17,41,768,143.00,"109,824.00"
2019-06-30,2019063001007074,BARUN,42,37,10,90.00,900.00
2019-06-30,2019063001006862,BFC,22,11,"1,000",103.00,"103,000.00"
2019-06-30,2019063001006866,BOKL,26,37,965,261.00,"251,865.00"
2019-06-30,2019063001007197,BPCL,8,59,211,395.00,"83,345.00"
2019-06-30,2019063001007196,BPCL,43,59,100,396.00,"39,600.00"
2019-06-30,2019063001007195,BPCL,6,59,439,396.00,"173,844.00"
2019-06-30,2019063001007194,BPCL,25,59,250,397.00,"99,250.00"
2019-06-30,2019063001006946,BPCL,59,51,500,399.00,"199,500.00"
2019-06-30,2019063001006829,BPCL,25,58,250,397.00,"99,250.00"
2019-06-30,2019063001006956,CBBL,35,6,50,935.00,"46,750.00"
2019-06-30,2019063001006925,CBBL,35,54,50,935.00,"46,750.00"
2019-06-30,2019063001006924,CBBL,35,54,150,935.00,"140,250.00"
2019-06-30,2019063001006923,CBBL,35,54,67,935.00,"62,645.00"
2019-06-30,2019063001006922,CBBL,35,54,50,935.00,"46,750.00"
2019-06-30,2019063001006921,CBBL,35,54,50,935.00,"46,750.00"
2019-06-30,2019063001006920,CBBL,35,54,50,935.00,"46,750.00"
2019-06-30,2019063001006919,CBBL,35,54,80,935.00,"74,800.00"
2019-06-30,2019063001006889,CBBL,35,5,70,935.00,"65,450.00"
2019-06-30,2019063001006888,CBBL,48,5,30,936.00,"28,080.00"
2019-06-30,2019063001007178,CBL,45,13,230,144.00,"33,120.00"
2019-06-30,2019063001007177,CBL,43,13,10,144.00,"1,440.00"
2019-06-30,2019063001007095,CBL,59,11,"2,828",143.00,"404,404.00"
2019-06-30,2019063001007094,CBL,59,11,500,143.00,"71,500.00"
2019-06-30,2019063001007093,CBL,34,11,300,143.00,"42,900.00"
2019-06-30,2019063001007092,CBL,26,11,100,143.00,"14,300.00"
2019-06-30,2019063001007085,CBL,45,11,200,144.00,"28,800.00"
2019-06-30,2019063001006928,CBL,35,13,250,144.00,"36,000.00"
2019-06-30,2019063001006894,CBL,35,35,250,144.00,"36,000.00"
2019-06-30,2019063001006893,CBL,28,35,250,144.00,"36,000.00"
2019-06-30,2019063001006752,CBL,28,11,750,144.00,"108,000.00"
2019-06-30,2019063001006751,CBL,48,11,250,144.00,"36,000.00"
2019-06-30,2019063001007091,CBL,38,11,200,143.00,"28,600.00"
2019-06-30,2019063001007090,CBL,19,11,500,143.00,"71,500.00"
2019-06-30,2019063001007089,CBL,33,11,500,143.00,"71,500.00"
2019-06-30,2019063001007088,CBL,28,11,"2,000",143.00,"286,000.00"
2019-06-30,2019063001007087,CBL,52,11,500,143.00,"71,500.00"
2019-06-30,2019063001007086,CBL,56,11,"3,372",143.00,"482,196.00"
2019-06-30,2019063001006977,CCBL,36,19,501,166.00,"83,166.00"
2019-06-30,2019063001006715,CCBL,21,49,144,166.00,"23,904.00"
2019-06-30,2019063001007061,CFCL,55,28,350,118.00,"41,300.00"
2019-06-30,2019063001007060,CFCL,33,28,335,118.00,"39,530.00"
2019-06-30,2019063001006949,CHCL,52,35,49,504.00,"24,696.00"
2019-06-30,2019063001006948,CHCL,48,35,51,504.00,"25,704.00"
2019-06-30,2019063001006890,CIT,39,45,10,"2,455.00","24,550.00"
2019-06-30,2019063001007107,CLBSL,17,37,10,513.00,"5,130.00"
2019-06-30,2019063001007068,CZBIL,28,19,53,220.00,"11,660.00"
2019-06-30,2019063001007067,CZBIL,37,19,76,220.00,"16,720.00"
2019-06-30,2019063001006944,CZBIL,37,39,120,220.00,"26,400.00"
2019-06-30,2019063001006904,CZBIL,37,39,100,220.00,"22,000.00"
2019-06-30,2019063001006895,CZBIL,37,39,50,220.00,"11,000.00"
2019-06-30,2019063001006865,CZBIL,37,39,100,220.00,"22,000.00"
2019-06-30,2019063001006846,CZBIL,37,39,20,220.00,"4,400.00"
2019-06-30,2019063001006817,CZBIL,37,39,34,220.00,"7,480.00"
2019-06-30,2019063001006816,CZBIL,53,39,66,220.00,"14,520.00"
2019-06-30,2019063001006811,CZBIL,53,8,34,220.00,"7,480.00"
2019-06-30,2019063001006810,CZBIL,1,8,66,220.00,"14,520.00"
2019-06-30,2019063001006905,DBBL,22,44,608,137.00,"83,296.00"
2019-06-30,2019063001006880,EBL,34,28,29,653.00,"18,937.00"
2019-06-30,2019063001006879,EBL,47,28,21,654.00,"13,734.00"
2019-06-30,2019063001006710,EBL,57,50,100,655.00,"65,500.00"
2019-06-30,2019063001006937,EIC,5,11,14,362.00,"5,068.00"
2019-06-30,2019063001007122,GBIME,39,58,66,299.00,"19,734.00"
2019-06-30,2019063001007121,GBIME,29,58,50,299.00,"14,950.00"
2019-06-30,2019063001007120,GBIME,44,58,50,299.00,"14,950.00"
2019-06-30,2019063001007119,GBIME,48,58,100,299.00,"29,900.00"
2019-06-30,2019063001007118,GBIME,16,58,"1,984",299.00,"593,216.00"
2019-06-30,2019063001006856,GBIME,59,58,250,300.00,"75,000.00"
2019-06-30,2019063001006855,GBIME,59,37,750,300.00,"225,000.00"
2019-06-30,2019063001006848,GBIME,16,45,16,299.00,"4,784.00"
2019-06-30,2019063001006847,GBIME,7,45,984,299.00,"294,216.00"
2019-06-30,2019063001006714,GBIME,25,37,250,300.00,"75,000.00"
2019-06-30,2019063001006713,GBIME,25,43,200,300.00,"60,000.00"
2019-06-30,2019063001006712,GBIME,25,37,550,300.00,"165,000.00"
2019-06-30,2019063001006980,GLBSL,19,38,10,381.00,"3,810.00"
2019-06-30,2019063001006979,GLBSL,48,38,10,381.00,"3,810.00"
2019-06-30,2019063001006950,GLBSL,26,38,410,388.00,"159,080.00"
2019-06-30,2019063001007157,GMFBS,34,3,30,432.00,"12,960.00"
2019-06-30,2019063001007125,GMFBS,35,41,10,430.00,"4,300.00"
2019-06-30,2019063001007072,GMFBS,35,38,10,430.00,"4,300.00"
2019-06-30,2019063001007035,GMFBS,38,3,10,432.00,"4,320.00"
2019-06-30,2019063001006853,GMFBS,39,3,10,432.00,"4,320.00"
2019-06-30,2019063001006852,GMFBS,39,38,10,432.00,"4,320.00"
2019-06-30,2019063001006851,GMFBS,39,38,10,432.00,"4,320.00"
2019-06-30,2019063001006850,GMFBS,39,38,10,432.00,"4,320.00"
2019-06-30,2019063001006849,GMFBS,39,38,10,432.00,"4,320.00"
2019-06-30,2019063001006843,GMFBS,50,34,10,432.00,"4,320.00"
2019-06-30,2019063001007100,HURJA,26,35,20,142.00,"2,840.00"
2019-06-30,2019063001006991,HURJA,26,13,20,142.00,"2,840.00"
2019-06-30,2019063001006962,HURJA,26,51,20,142.00,"2,840.00"
2019-06-30,2019063001006953,HURJA,26,13,20,142.00,"2,840.00"
2019-06-30,2019063001007013,IGI,38,55,10,359.00,"3,590.00"
2019-06-30,2019063001006781,IGI,38,35,200,359.00,"71,800.00"
2019-06-30,2019063001006750,IGI,38,8,190,359.00,"68,210.00"
2019-06-30,2019063001006749,IGI,19,8,20,359.00,"7,180.00"
2019-06-30,2019063001006762,JBBL,58,3,109,154.00,"16,786.00"
2019-06-30,2019063001007180,JBNL,44,42,600,207.00,"124,200.00"
2019-06-30,2019063001006947,JBNL,44,6,181,207.00,"37,467.00"
2019-06-30,2019063001006861,JBNL,57,42,500,208.00,"104,000.00"
2019-06-30,2019063001006716,JBNL,44,54,152,207.00,"31,464.00"
2019-06-30,2019063001006824,JOSHI,22,48,20,81.00,"1,620.00"
2019-06-30,2019063001007001,KBL,57,49,163,212.00,"34,556.00"
2019-06-30,2019063001006926,KBL,57,44,67,212.00,"14,204.00"
2019-06-30,2019063001006786,KBL,34,48,400,211.00,"84,400.00"
2019-06-30,2019063001006721,KBL,16,44,713,210.00,"149,730.00"
2019-06-30,2019063001006720,KBL,28,44,287,210.00,"60,270.00"
2019-06-30,2019063001006854,KPCL,59,48,10,91.00,910.00
2019-06-30,2019063001007063,KSBBL,33,33,500,154.00,"77,000.00"
2019-06-30,2019063001006760,LBBL,6,54,48,194.00,"9,312.00"
2019-06-30,2019063001006912,LBBL,34,29,972,193.00,"187,596.00"
2019-06-30,2019063001006911,LBBL,52,29,500,193.00,"96,500.00"
2019-06-30,2019063001006910,LBBL,58,29,500,193.00,"96,500.00"
2019-06-30,2019063001006909,LBBL,6,29,28,194.00,"5,432.00"
2019-06-30,2019063001006776,LBBL,55,25,500,195.00,"97,500.00"
2019-06-30,2019063001007026,LBL,26,16,731,219.00,"160,089.00"
2019-06-30,2019063001007025,LBL,50,16,100,219.00,"21,900.00"
2019-06-30,2019063001007024,LBL,16,16,48,219.00,"10,512.00"
2019-06-30,2019063001007017,MBL,38,29,"1,000",264.00,"264,000.00"
2019-06-30,2019063001007016,MBL,1,29,200,264.00,"52,800.00"
2019-06-30,2019063001007015,MBL,34,29,87,264.00,"22,968.00"
2019-06-30,2019063001007023,MEGA,43,37,10,200.00,"2,000.00"
2019-06-30,2019063001006758,MEGA,54,11,"1,000",199.00,"199,000.00"
2019-06-30,2019063001006903,MERO,41,33,80,506.00,"40,480.00"
2019-06-30,2019063001006902,MERO,47,33,20,506.00,"10,120.00"
2019-06-30,2019063001006900,MERO,47,6,30,506.00,"15,180.00"
2019-06-30,2019063001006899,MERO,11,6,25,507.00,"12,675.00"
2019-06-30,2019063001006898,MERO,7,6,10,507.00,"5,070.00"
2019-06-30,2019063001006983,MHNL,36,49,30,103.00,"3,090.00"
2019-06-30,2019063001007190,MNBBL,16,39,25,365.00,"9,125.00"
2019-06-30,2019063001007189,MNBBL,43,39,25,366.00,"9,150.00"
2019-06-30,2019063001007151,MNBBL,43,39,100,366.00,"36,600.00"
2019-06-30,2019063001007109,MNBBL,43,39,100,366.00,"36,600.00"
2019-06-30,2019063001007077,MNBBL,43,39,16,366.00,"5,856.00"
2019-06-30,2019063001007076,MNBBL,21,39,84,366.00,"30,744.00"
2019-06-30,2019063001006997,MNBBL,16,39,50,367.00,"18,350.00"
2019-06-30,2019063001007047,MNBBL,21,39,16,366.00,"5,856.00"
2019-06-30,2019063001007046,MNBBL,21,39,50,366.00,"18,300.00"
2019-06-30,2019063001007045,MNBBL,25,39,25,366.00,"9,150.00"
2019-06-30,2019063001007009,MNBBL,25,39,141,366.00,"51,606.00"
2019-06-30,2019063001006999,MNBBL,25,39,200,366.00,"73,200.00"
2019-06-30,2019063001006998,MNBBL,45,39,50,367.00,"18,350.00"
2019-06-30,2019063001007027,MPFL,26,20,10,125.00,"1,250.00"
2019-06-30,2019063001006725,MPFL,26,6,10,125.00,"1,250.00"
2019-06-30,2019063001006724,MPFL,26,6,20,125.00,"2,500.00"
2019-06-30,2019063001007102,MSLB,38,41,10,899.00,"8,990.00"
2019-06-30,2019063001006800,NABIL,42,39,81,785.00,"63,585.00"
2019-06-30,2019063001006799,NABIL,32,39,200,785.00,"157,000.00"
2019-06-30,2019063001006798,NABIL,34,39,100,785.00,"78,500.00"
2019-06-30,2019063001006797,NABIL,58,39,150,785.00,"117,750.00"
2019-06-30,2019063001006796,NABIL,39,39,51,785.00,"40,035.00"
2019-06-30,2019063001006795,NABIL,22,39,238,785.00,"186,830.00"
2019-06-30,2019063001006788,NABIL,14,39,450,787.00,"354,150.00"
2019-06-30,2019063001006794,NABIL,16,39,10,786.00,"7,860.00"
2019-06-30,2019063001006793,NABIL,35,39,500,786.00,"393,000.00"
2019-06-30,2019063001006792,NABIL,51,39,300,786.00,"235,800.00"
2019-06-30,2019063001006791,NABIL,55,39,20,786.00,"15,720.00"
2019-06-30,2019063001006790,NABIL,26,39,100,786.00,"78,600.00"
2019-06-30,2019063001006789,NABIL,14,39,50,787.00,"39,350.00"
2019-06-30,2019063001007059,NAGRO,21,28,80,480.00,"38,400.00"
2019-06-30,2019063001007058,NAGRO,5,28,20,481.00,"9,620.00"
2019-06-30,2019063001007048,NAGRO,5,21,10,481.00,"4,810.00"
2019-06-30,2019063001007007,NAGRO,5,34,10,481.00,"4,810.00"
2019-06-30,2019063001007010,NBB,44,35,500,220.00,"110,000.00"
2019-06-30,2019063001006945,NBB,56,22,156,220.00,"34,320.00"
2019-06-30,2019063001006927,NBB,56,1,344,220.00,"75,680.00"
2019-06-30,2019063001006892,NBB,56,1,500,220.00,"110,000.00"
2019-06-30,2019063001006860,NBB,6,29,"1,500",219.00,"328,500.00"
2019-06-30,2019063001006859,NBB,58,29,500,219.00,"109,500.00"
2019-06-30,2019063001007201,NBL,33,58,100,333.00,"33,300.00"
2019-06-30,2019063001007200,NBL,50,58,100,333.00,"33,300.00"
2019-06-30,2019063001007183,NBL,44,28,"1,000",332.00,"332,000.00"
2019-06-30,2019063001007124,NBL,44,52,500,332.00,"166,000.00"
2019-06-30,2019063001007075,NBL,43,58,386,333.00,"128,538.00"
2019-06-30,2019063001007049,NBL,43,58,614,333.00,"204,462.00"
2019-06-30,2019063001006913,NBL,16,58,470,333.00,"156,510.00"
2019-06-30,2019063001006906,NBL,57,4,500,334.00,"167,000.00"
2019-06-30,2019063001006884,NBL,16,4,"1,530",333.00,"509,490.00"
2019-06-30,2019063001006883,NBL,41,4,20,333.00,"6,660.00"
2019-06-30,2019063001006882,NBL,33,4,500,333.00,"166,500.00"
2019-06-30,2019063001006881,NBL,32,4,"2,950",333.00,"982,350.00"
2019-06-30,2019063001006973,NBL,43,58,"1,386",333.00,"461,538.00"
2019-06-30,2019063001006955,NBL,43,46,500,333.00,"166,500.00"
2019-06-30,2019063001006938,NBL,43,43,"1,000",333.00,"333,000.00"
2019-06-30,2019063001006916,NBL,43,58,"7,114",333.00,"2,368,962.00"
2019-06-30,2019063001006915,NBL,1,58,200,333.00,"66,600.00"
2019-06-30,2019063001006914,NBL,56,58,"1,000",333.00,"333,000.00"
2019-06-30,2019063001007198,NCCB,58,43,10,246.00,"2,460.00"
2019-06-30,2019063001007150,NCCB,29,56,"1,289",244.00,"314,516.00"
2019-06-30,2019063001007149,NCCB,16,56,500,244.00,"122,000.00"
2019-06-30,2019063001007148,NCCB,16,56,500,244.00,"122,000.00"
2019-06-30,2019063001007147,NCCB,34,56,620,244.00,"151,280.00"
2019-06-30,2019063001007146,NCCB,38,56,25,245.00,"6,125.00"
2019-06-30,2019063001007051,NCCB,42,5,103,245.00,"25,235.00"
2019-06-30,2019063001007050,NCCB,45,43,200,246.00,"49,200.00"
2019-06-30,2019063001006828,NCCB,42,25,200,245.00,"49,000.00"
2019-06-30,2019063001006827,NCCB,42,32,22,245.00,"5,390.00"
2019-06-30,2019063001006719,NCCB,57,32,"1,000",245.00,"245,000.00"
2019-06-30,2019063001006718,NCCB,1,32,978,245.00,"239,610.00"
2019-06-30,2019063001007145,NCCB,1,56,66,245.00,"16,170.00"
2019-06-30,2019063001007056,NCCB,1,5,234,245.00,"57,330.00"
2019-06-30,2019063001007055,NCCB,50,5,100,245.00,"24,500.00"
2019-06-30,2019063001007054,NCCB,44,5,236,245.00,"57,820.00"
2019-06-30,2019063001007053,NCCB,47,5,105,245.00,"25,725.00"
2019-06-30,2019063001007052,NCCB,51,5,22,245.00,"5,390.00"
2019-06-30,2019063001006723,NGPL,28,17,"1,000",115.00,"115,000.00"
2019-06-30,2019063001006722,NGPL,34,17,119,115.00,"13,685.00"
2019-06-30,2019063001007096,NIB,53,36,17,523.00,"8,891.00"
2019-06-30,2019063001006864,NIB,22,36,183,523.00,"95,709.00"
2019-06-30,2019063001006896,NIBPO,21,4,200,480.00,"96,000.00"
2019-06-30,2019063001006812,NIBPO,11,4,100,480.00,"48,000.00"
2019-06-30,2019063001007152,NICA,53,21,80,456.00,"36,480.00"
2019-06-30,2019063001007099,NICA,53,8,100,456.00,"45,600.00"
2019-06-30,2019063001007098,NICA,43,8,100,456.00,"45,600.00"
2019-06-30,2019063001007097,NICA,53,8,800,457.00,"365,600.00"
2019-06-30,2019063001007018,NICA,53,4,200,457.00,"91,400.00"
2019-06-30,2019063001007005,NICA,57,4,300,457.00,"137,100.00"
2019-06-30,2019063001006761,NICA,44,4,"1,550",457.00,"708,350.00"
2019-06-30,2019063001006746,NICA,44,4,50,457.00,"22,850.00"
2019-06-30,2019063001006993,NICA,7,4,500,457.00,"228,500.00"
2019-06-30,2019063001006951,NICA,34,4,200,457.00,"91,400.00"
2019-06-30,2019063001006901,NICA,45,4,200,457.00,"91,400.00"
2019-06-30,2019063001006826,NICA,50,4,50,457.00,"22,850.00"
2019-06-30,2019063001006825,NICA,45,4,50,457.00,"22,850.00"
2019-06-30,2019063001006783,NICA,45,4,50,457.00,"22,850.00"
2019-06-30,2019063001007159,NICL,25,34,10,349.00,"3,490.00"
2019-06-30,2019063001006996,NICL,43,34,10,349.00,"3,490.00"
2019-06-30,2019063001006841,NICL,39,35,62,346.00,"21,452.00"
2019-06-30,2019063001006840,NICL,14,35,30,346.00,"10,380.00"
2019-06-30,2019063001006839,NICL,41,35,313,346.00,"108,298.00"
2019-06-30,2019063001006838,NICL,16,35,"1,147",347.00,"398,009.00"
2019-06-30,2019063001006837,NICL,8,35,200,348.00,"69,600.00"
2019-06-30,2019063001007188,NLBBL,46,35,90,477.00,"42,930.00"
2019-06-30,2019063001007113,NLBBL,46,29,370,477.00,"176,490.00"
2019-06-30,2019063001006782,NLBBL,25,35,10,485.00,"4,850.00"
2019-06-30,2019063001007123,NLIC,4,37,20,875.00,"17,500.00"
2019-06-30,2019063001007062,NLIC,45,45,15,873.00,"13,095.00"
2019-06-30,2019063001006978,NLIC,8,37,50,875.00,"43,750.00"
2019-06-30,2019063001006965,NLIC,45,25,17,873.00,"14,841.00"
2019-06-30,2019063001006897,NLIC,45,38,25,873.00,"21,825.00"
2019-06-30,2019063001007006,NLICL,43,34,10,600.00,"6,000.00"
2019-06-30,2019063001007066,NTC,43,33,10,702.00,"7,020.00"
2019-06-30,2019063001007110,NUBL,53,26,200,835.00,"167,000.00"
2019-06-30,2019063001006963,NUBL,19,38,40,834.00,"33,360.00"
2019-06-30,2019063001007179,OHL,42,59,10,633.00,"6,330.00"
2019-06-30,2019063001007160,OHL,34,59,10,633.00,"6,330.00"
2019-06-30,2019063001007103,OHL,34,42,20,622.00,"12,440.00"
2019-06-30,2019063001007168,PCBL,56,58,500,275.00,"137,500.00"
2019-06-30,2019063001007167,PCBL,13,58,400,276.00,"110,400.00"
2019-06-30,2019063001007166,PCBL,41,58,100,276.00,"27,600.00"
2019-06-30,2019063001007165,PCBL,6,58,100,276.00,"27,600.00"
2019-06-30,2019063001007164,PCBL,34,58,10,277.00,"2,770.00"
2019-06-30,2019063001007141,PCBL,34,58,990,277.00,"274,230.00"
2019-06-30,2019063001007128,PCBL,48,58,10,279.00,"2,790.00"
2019-06-30,2019063001007127,PCBL,43,58,100,279.00,"27,900.00"
2019-06-30,2019063001007126,PCBL,41,58,50,279.00,"13,950.00"
2019-06-30,2019063001007134,PCBL,58,58,50,279.00,"13,950.00"
2019-06-30,2019063001007133,PCBL,32,58,50,279.00,"13,950.00"
2019-06-30,2019063001007132,PCBL,32,58,100,279.00,"27,900.00"
2019-06-30,2019063001007131,PCBL,26,58,500,279.00,"139,500.00"
2019-06-30,2019063001007130,PCBL,45,58,300,279.00,"83,700.00"
2019-06-30,2019063001007129,PCBL,32,58,500,279.00,"139,500.00"
2019-06-30,2019063001007140,PCBL,38,58,100,277.00,"27,700.00"
2019-06-30,2019063001007139,PCBL,55,58,"4,000",278.00,"1,112,000.00"
2019-06-30,2019063001007138,PCBL,29,58,300,278.00,"83,400.00"
2019-06-30,2019063001007137,PCBL,42,58,250,278.00,"69,500.00"
2019-06-30,2019063001007136,PCBL,48,58,200,278.00,"55,600.00"
2019-06-30,2019063001007135,PCBL,21,58,500,278.00,"139,000.00"
2019-06-30,2019063001007078,PIC,59,39,10,957.00,"9,570.00"
2019-06-30,2019063001007028,PIC,35,39,10,957.00,"9,570.00"
2019-06-30,2019063001006868,PIC,51,6,27,958.00,"25,866.00"
2019-06-30,2019063001006728,PIC,54,28,36,950.00,"34,200.00"
2019-06-30,2019063001006727,PIC,22,28,10,950.00,"9,500.00"
2019-06-30,2019063001006726,PIC,35,28,130,951.00,"123,630.00"
2019-06-30,2019063001006981,PICL,6,34,300,543.00,"162,900.00"
2019-06-30,2019063001006952,PICL,6,34,200,545.00,"109,000.00"
2019-06-30,2019063001006845,PICL,40,41,200,552.00,"110,400.00"
2019-06-30,2019063001006844,PICL,5,41,60,553.00,"33,180.00"
2019-06-30,2019063001007181,PLIC,48,35,10,430.00,"4,300.00"
2019-06-30,2019063001006929,PLIC,57,34,500,425.00,"212,500.00"
2019-06-30,2019063001006748,PLIC,49,51,80,423.00,"33,840.00"
2019-06-30,2019063001006747,PLIC,21,51,20,424.00,"8,480.00"
2019-06-30,2019063001006807,PMHPL,13,42,10,105.00,"1,050.00"
2019-06-30,2019063001006806,PMHPL,13,40,500,105.00,"52,500.00"
2019-06-30,2019063001007199,PPCL,6,25,10,142.00,"1,420.00"
2019-06-30,2019063001007163,PPCL,6,59,10,142.00,"1,420.00"
2019-06-30,2019063001007162,PPCL,6,59,20,142.00,"2,840.00"
2019-06-30,2019063001007161,PPCL,6,29,20,141.00,"2,820.00"
2019-06-30,2019063001007144,PPCL,6,42,30,140.00,"4,200.00"
2019-06-30,2019063001007143,PPCL,6,49,20,140.00,"2,800.00"
2019-06-30,2019063001007037,PPCL,38,45,170,138.00,"23,460.00"
2019-06-30,2019063001007036,PPCL,38,45,60,138.00,"8,280.00"
2019-06-30,2019063001006711,PPCL,38,36,30,138.00,"4,140.00"
2019-06-30,2019063001006780,PRIN,57,51,82,365.00,"29,930.00"
2019-06-30,2019063001006779,PRIN,56,51,50,365.00,"18,250.00"
2019-06-30,2019063001006778,PRIN,57,51,68,365.00,"24,820.00"
2019-06-30,2019063001006777,PRIN,32,51,100,366.00,"36,600.00"
2019-06-30,2019063001007019,PRVU,40,49,200,266.00,"53,200.00"
2019-06-30,2019063001006994,PRVU,40,25,15,266.00,"3,990.00"
2019-06-30,2019063001006964,PRVU,40,45,"1,000",266.00,"266,000.00"
2019-06-30,2019063001006763,PRVU,29,44,472,266.00,"125,552.00"
2019-06-30,2019063001006769,PRVU,57,44,500,266.00,"133,000.00"
2019-06-30,2019063001006768,PRVU,48,44,500,266.00,"133,000.00"
2019-06-30,2019063001006767,PRVU,48,44,"1,500",266.00,"399,000.00"
2019-06-30,2019063001006766,PRVU,42,44,25,266.00,"6,650.00"
2019-06-30,2019063001006765,PRVU,16,44,"1,000",266.00,"266,000.00"
2019-06-30,2019063001006764,PRVU,28,44,500,266.00,"133,000.00"
2019-06-30,2019063001006936,PRVU,40,44,183,266.00,"48,678.00"
2019-06-30,2019063001006774,PRVU,40,44,53,266.00,"14,098.00"
2019-06-30,2019063001006773,PRVU,45,44,200,266.00,"53,200.00"
2019-06-30,2019063001006772,PRVU,25,44,50,266.00,"13,300.00"
2019-06-30,2019063001006771,PRVU,45,44,100,266.00,"26,600.00"
2019-06-30,2019063001006770,PRVU,26,44,100,266.00,"26,600.00"
2019-06-30,2019063001007187,RBCL,6,29,40,"9,124.00","364,960.00"
2019-06-30,2019063001007186,RBCL,46,29,10,"9,125.00","91,250.00"
2019-06-30,2019063001007185,RBCL,28,29,10,"9,125.00","91,250.00"
2019-06-30,2019063001007184,RBCL,58,29,10,"9,126.00","91,260.00"
2019-06-30,2019063001007043,RBCL,58,58,40,"9,126.00","365,040.00"
2019-06-30,2019063001007042,RBCL,7,58,10,"9,133.00","91,330.00"
2019-06-30,2019063001007041,RBCL,7,58,10,"9,136.00","91,360.00"
2019-06-30,2019063001007040,RBCL,47,58,10,"9,140.00","91,400.00"
2019-06-30,2019063001006976,RBCL,5,58,10,"9,200.00","92,000.00"
2019-06-30,2019063001006975,RBCL,6,58,10,"9,200.00","92,000.00"
2019-06-30,2019063001006974,RBCL,47,58,10,"9,205.00","92,050.00"
2019-06-30,2019063001006801,RLFL,1,28,220,126.00,"27,720.00"
2019-06-30,2019063001006815,RSDC,41,51,100,343.00,"34,300.00"
2019-06-30,2019063001006814,RSDC,6,51,100,343.00,"34,300.00"
2019-06-30,2019063001006813,RSDC,34,51,100,344.00,"34,400.00"
2019-06-30,2019063001007070,SADBL,44,45,100,150.00,"15,000.00"
2019-06-30,2019063001007156,SANIMA,10,57,100,348.00,"34,800.00"
2019-06-30,2019063001007101,SANIMA,56,57,30,348.00,"10,440.00"
2019-06-30,2019063001006858,SANIMA,32,10,50,347.00,"17,350.00"
2019-06-30,2019063001006857,SANIMA,35,10,50,347.00,"17,350.00"
2019-06-30,2019063001006830,SANIMA,56,50,908,348.00,"315,984.00"
2019-06-30,2019063001007000,SBI,38,49,"1,000",465.00,"465,000.00"
2019-06-30,2019063001006785,SBI,56,49,412,465.00,"191,580.00"
2019-06-30,2019063001006784,SBI,56,22,200,464.00,"92,800.00"
2019-06-30,2019063001007169,SBL,56,39,100,320.00,"32,000.00"
2019-06-30,2019063001007112,SBL,14,39,500,316.00,"158,000.00"
2019-06-30,2019063001007105,SBL,54,52,150,319.00,"47,850.00"
2019-06-30,2019063001007104,SBL,54,50,195,318.00,"62,010.00"
2019-06-30,2019063001007004,SBL,39,39,"5,000",316.00,"1,580,000.00"
2019-06-30,2019063001006971,SBL,26,39,500,316.00,"158,000.00"
2019-06-30,2019063001006819,SBL,10,39,100,316.00,"31,600.00"
2019-06-30,2019063001006818,SBL,45,39,200,316.00,"63,200.00"
2019-06-30,2019063001006933,SBL,41,14,100,316.00,"31,600.00"
2019-06-30,2019063001006932,SBL,6,14,677,316.00,"213,932.00"
2019-06-30,2019063001006823,SBL,6,39,323,316.00,"102,068.00"
2019-06-30,2019063001006822,SBL,39,39,"3,000",316.00,"948,000.00"
2019-06-30,2019063001006821,SBL,39,39,100,316.00,"31,600.00"
2019-06-30,2019063001006820,SBL,33,39,500,316.00,"158,000.00"
2019-06-30,2019063001006970,SBL,56,39,"1,000",316.00,"316,000.00"
2019-06-30,2019063001006969,SBL,33,39,"1,000",316.00,"316,000.00"
2019-06-30,2019063001006968,SBL,53,39,300,316.00,"94,800.00"
2019-06-30,2019063001006967,SBL,56,39,677,316.00,"213,932.00"
2019-06-30,2019063001006935,SBL,56,14,323,316.00,"102,068.00"
2019-06-30,2019063001006934,SBL,13,14,200,316.00,"63,200.00"
2019-06-30,2019063001007111,SCB,28,37,20,657.00,"13,140.00"
2019-06-30,2019063001006891,SCB,58,58,20,659.00,"13,180.00"
2019-06-30,2019063001007071,SDESI,17,55,100,559.00,"55,900.00"
2019-06-30,2019063001006863,SDESI,33,51,50,560.00,"28,000.00"
2019-06-30,2019063001007008,SEF,34,43,"30,000",9.78,"293,400.00"
2019-06-30,2019063001007176,SHIVM,10,43,520,616.00,"320,320.00"
2019-06-30,2019063001007175,SHIVM,41,43,10,617.00,"6,170.00"
2019-06-30,2019063001007174,SHIVM,39,43,20,617.00,"12,340.00"
2019-06-30,2019063001007173,SHIVM,39,43,100,618.00,"61,800.00"
2019-06-30,2019063001007172,SHIVM,40,43,100,618.00,"61,800.00"
2019-06-30,2019063001007171,SHIVM,52,43,200,619.00,"123,800.00"
2019-06-30,2019063001006707,SHIVM,37,14,270,620.00,"167,400.00"
2019-06-30,2019063001006706,SHIVM,57,14,400,621.00,"248,400.00"
2019-06-30,2019063001006705,SHIVM,21,14,40,621.00,"24,840.00"
2019-06-30,2019063001006704,SHIVM,38,14,100,621.00,"62,100.00"
2019-06-30,2019063001006703,SHIVM,28,14,100,621.00,"62,100.00"
2019-06-30,2019063001006702,SHIVM,35,14,125,621.00,"77,625.00"
2019-06-30,2019063001006732,SHIVM,10,39,200,620.00,"124,000.00"
2019-06-30,2019063001006731,SHIVM,52,39,200,620.00,"124,000.00"
2019-06-30,2019063001006730,SHIVM,22,39,300,620.00,"186,000.00"
2019-06-30,2019063001006729,SHIVM,10,39,385,620.00,"238,700.00"
2019-06-30,2019063001006709,SHIVM,10,14,115,620.00,"71,300.00"
2019-06-30,2019063001006708,SHIVM,17,14,50,620.00,"31,000.00"
2019-06-30,2019063001006738,SHIVM,43,39,50,620.00,"31,000.00"
2019-06-30,2019063001006737,SHIVM,20,39,10,620.00,"6,200.00"
2019-06-30,2019063001006736,SHIVM,3,39,50,620.00,"31,000.00"
2019-06-30,2019063001006735,SHIVM,26,39,50,620.00,"31,000.00"
2019-06-30,2019063001006734,SHIVM,48,39,50,620.00,"31,000.00"
2019-06-30,2019063001006733,SHIVM,38,39,40,620.00,"24,800.00"
2019-06-30,2019063001006744,SHIVM,22,38,485,620.00,"300,700.00"
2019-06-30,2019063001006743,SHIVM,38,19,100,621.00,"62,100.00"
2019-06-30,2019063001006742,SHIVM,22,39,15,620.00,"9,300.00"
2019-06-30,2019063001006741,SHIVM,58,39,500,620.00,"310,000.00"
2019-06-30,2019063001006740,SHIVM,16,39,20,620.00,"12,400.00"
2019-06-30,2019063001006739,SHIVM,16,39,100,620.00,"62,000.00"
2019-06-30,2019063001006808,SHIVM,58,52,35,620.00,"21,700.00"
2019-06-30,2019063001006759,SHIVM,17,19,50,621.00,"31,050.00"
2019-06-30,2019063001006755,SHIVM,58,43,15,620.00,"9,300.00"
2019-06-30,2019063001006754,SHIVM,18,43,500,620.00,"310,000.00"
2019-06-30,2019063001006753,SHIVM,21,43,485,620.00,"300,700.00"
2019-06-30,2019063001006745,SHIVM,21,38,15,620.00,"9,300.00"
2019-06-30,2019063001006835,SHIVM,26,19,200,619.00,"123,800.00"
2019-06-30,2019063001006834,SHIVM,45,19,20,620.00,"12,400.00"
2019-06-30,2019063001006833,SHIVM,35,19,50,620.00,"31,000.00"
2019-06-30,2019063001006832,SHIVM,14,19,10,620.00,"6,200.00"
2019-06-30,2019063001006831,SHIVM,16,19,35,620.00,"21,700.00"
2019-06-30,2019063001006809,SHIVM,16,52,465,620.00,"288,300.00"
2019-06-30,2019063001006939,SHIVM,16,58,365,619.00,"225,935.00"
2019-06-30,2019063001006930,SHIVM,57,58,260,620.00,"161,200.00"
2019-06-30,2019063001006908,SHIVM,57,36,40,620.00,"24,800.00"
2019-06-30,2019063001006907,SHIVM,52,36,160,620.00,"99,200.00"
2019-06-30,2019063001006867,SHIVM,52,14,140,620.00,"86,800.00"
2019-06-30,2019063001006836,SHIVM,16,19,135,619.00,"83,565.00"
2019-06-30,2019063001006958,SHIVM,16,49,50,618.00,"30,900.00"
2019-06-30,2019063001006957,SHIVM,45,49,50,618.00,"30,900.00"
2019-06-30,2019063001006943,SHIVM,50,58,"1,500",619.00,"928,500.00"
2019-06-30,2019063001006942,SHIVM,41,58,10,619.00,"6,190.00"
2019-06-30,2019063001006941,SHIVM,34,58,100,619.00,"61,900.00"
2019-06-30,2019063001006940,SHIVM,36,58,200,619.00,"123,800.00"
2019-06-30,2019063001006987,SHIVM,48,52,200,618.00,"123,600.00"
2019-06-30,2019063001006986,SHIVM,39,52,50,618.00,"30,900.00"
2019-06-30,2019063001006972,SHIVM,35,58,565,619.00,"349,735.00"
2019-06-30,2019063001006961,SHIVM,39,49,150,618.00,"92,700.00"
2019-06-30,2019063001006960,SHIVM,45,49,100,618.00,"61,800.00"
2019-06-30,2019063001006959,SHIVM,42,49,50,618.00,"30,900.00"
2019-06-30,2019063001007170,SHIVM,50,43,50,619.00,"30,950.00"
2019-06-30,2019063001007106,SHIVM,49,49,200,618.00,"123,600.00"
2019-06-30,2019063001007065,SHIVM,21,49,200,621.00,"124,200.00"
2019-06-30,2019063001007057,SHIVM,50,41,50,620.00,"31,000.00"
2019-06-30,2019063001006989,SHIVM,42,52,50,618.00,"30,900.00"
2019-06-30,2019063001006988,SHIVM,28,52,200,618.00,"123,600.00"
2019-06-30,2019063001007155,SHPC,40,39,190,244.00,"46,360.00"
2019-06-30,2019063001007154,SHPC,36,39,"5,714",244.00,"1,394,216.00"
2019-06-30,2019063001007153,SHPC,25,39,96,245.00,"23,520.00"
2019-06-30,2019063001006878,SHPC,25,46,104,245.00,"25,480.00"
2019-06-30,2019063001006877,SHPC,41,46,200,245.00,"49,000.00"
2019-06-30,2019063001006876,SHPC,6,46,990,245.00,"242,550.00"
2019-06-30,2019063001006875,SHPC,10,46,106,246.00,"26,076.00"
2019-06-30,2019063001007108,SIL,25,44,10,433.00,"4,330.00"
2019-06-30,2019063001007003,SIL,59,48,161,425.00,"68,425.00"
2019-06-30,2019063001007002,SIL,22,48,240,425.00,"102,000.00"
2019-06-30,2019063001006886,SIL,22,51,260,425.00,"110,500.00"
2019-06-30,2019063001006885,SIL,26,51,40,425.00,"17,000.00"
2019-06-30,2019063001007084,SINDU,38,29,"1,000",135.00,"135,000.00"
2019-06-30,2019063001007083,SINDU,1,29,400,135.00,"54,000.00"
2019-06-30,2019063001007082,SINDU,57,29,400,135.00,"54,000.00"
2019-06-30,2019063001007081,SINDU,38,29,"1,000",136.00,"136,000.00"
2019-06-30,2019063001007080,SINDU,37,29,200,136.00,"27,200.00"
2019-06-30,2019063001007079,SINDU,57,29,50,136.00,"6,800.00"
2019-06-30,2019063001007193,SKBBL,53,37,168,934.00,"156,912.00"
2019-06-30,2019063001007117,SKBBL,53,41,395,929.00,"366,955.00"
2019-06-30,2019063001007116,SKBBL,28,41,50,930.00,"46,500.00"
2019-06-30,2019063001007115,SKBBL,47,41,200,930.00,"186,000.00"
2019-06-30,2019063001007114,SKBBL,44,41,55,930.00,"51,150.00"
2019-06-30,2019063001006918,SLICL,34,34,75,450.00,"33,750.00"
2019-06-30,2019063001006917,SLICL,25,34,18,450.00,"8,100.00"
2019-06-30,2019063001007034,SPARS,38,6,20,441.00,"8,820.00"
2019-06-30,2019063001006805,SPARS,20,35,10,445.00,"4,450.00"
2019-06-30,2019063001006985,SPDL,58,58,15,92.00,"1,380.00"
2019-06-30,2019063001006804,SRBL,6,48,"3,000",248.00,"744,000.00"
2019-06-30,2019063001006803,SRBL,26,48,100,248.00,"24,800.00"
2019-06-30,2019063001006802,SRBL,42,48,25,248.00,"6,200.00"
2019-06-30,2019063001007069,SWBBL,25,44,50,880.00,"44,000.00"
2019-06-30,2019063001007012,SWBBL,32,44,330,880.00,"290,400.00"
2019-06-30,2019063001007158,TRH,7,32,360,304.00,"109,440.00"
2019-06-30,2019063001006995,TRH,44,32,340,304.00,"103,360.00"
2019-06-30,2019063001006992,TRH,44,57,440,304.00,"133,760.00"
2019-06-30,2019063001006842,TRH,44,49,720,304.00,"218,880.00"
2019-06-30,2019063001007142,UIC,59,40,10,891.00,"8,910.00"
2019-06-30,2019063001007073,UIC,48,29,200,877.00,"175,400.00"
2019-06-30,2019063001007064,UMHL,58,58,14,110.00,"1,540.00"
2019-06-30,2019063001007032,UMHL,59,37,4,110.00,440.00
2019-06-30,2019063001007031,UMHL,42,37,10,110.00,"1,100.00"
2019-06-30,2019063001007030,UMHL,59,25,14,110.00,"1,540.00"
2019-06-30,2019063001007029,UMHL,59,25,14,110.00,"1,540.00"
2019-06-30,2019063001007039,UPCL,57,49,100,91.00,"9,100.00"
2019-06-30,2019063001007038,UPCL,13,49,690,91.00,"62,790.00"
2019-06-30,2019063001006982,UPCL,13,20,50,91.00,"4,550.00"
2019-06-30,2019063001007192,UPPER,8,37,40,264.00,"10,560.00"
2019-06-30,2019063001007191,UPPER,45,50,140,265.00,"37,100.00"
2019-06-30,2019063001007044,UPPER,8,34,50,264.00,"13,200.00"
2019-06-30,2019063001006990,UPPER,57,50,160,265.00,"42,400.00"
2019-06-30,2019063001006984,UPPER,8,41,50,264.00,"13,200.00"
2019-06-30,2019063001006646,ADBL,56,34,431,409.00,"176,279.00"
2019-06-30,2019063001006645,ADBL,56,14,69,409.00,"28,221.00"
2019-06-30,2019063001006516,AHPC,45,51,400,103.00,"41,200.00"
2019-06-30,2019063001006361,AHPC,47,28,"1,626",104.00,"169,104.00"
2019-06-30,2019063001006337,AKJCL,25,48,20,73.00,"1,460.00"
2019-06-30,2019063001006287,AKJCL,25,48,20,73.00,"1,460.00"
2019-06-30,2019063001006343,ALBSL,48,21,10,391.00,"3,910.00"
2019-06-30,2019063001006685,ALICL,8,13,100,380.00,"38,000.00"
2019-06-30,2019063001006469,ALICL,14,51,100,377.00,"37,700.00"
2019-06-30,2019063001006660,API,52,51,10,143.00,"1,430.00"
2019-06-30,2019063001006354,BNT,28,38,10,"6,600.00","66,000.00"
2019-06-30,2019063001006298,BNT,38,38,50,"6,475.00","323,750.00"
2019-06-30,2019063001006481,BOKL,46,44,846,260.00,"219,960.00"
2019-06-30,2019063001006480,BOKL,42,44,250,260.00,"65,000.00"
2019-06-30,2019063001006479,BOKL,41,44,100,260.00,"26,000.00"
2019-06-30,2019063001006478,BOKL,43,44,604,260.00,"157,040.00"
2019-06-30,2019063001006477,BOKL,7,44,100,261.00,"26,100.00"
2019-06-30,2019063001006476,BOKL,7,44,100,261.00,"26,100.00"
2019-06-30,2019063001006382,CBL,48,35,"2,000",144.00,"288,000.00"
2019-06-30,2019063001006381,CBL,48,7,"3,750",144.00,"540,000.00"
2019-06-30,2019063001006356,CBL,48,7,"1,500",144.00,"216,000.00"
2019-06-30,2019063001006339,CBL,55,7,50,144.00,"7,200.00"
2019-06-30,2019063001006218,CBL,29,7,500,144.00,"72,000.00"
2019-06-30,2019063001006632,CCBL,21,13,300,166.00,"49,800.00"
2019-06-30,2019063001006425,CCBL,21,7,56,166.00,"9,296.00"
2019-06-30,2019063001006401,CCBL,32,7,49,166.00,"8,134.00"
2019-06-30,2019063001006328,CCBL,49,25,29,165.00,"4,785.00"
2019-06-30,2019063001006284,CCBL,21,7,20,166.00,"3,320.00"
2019-06-30,2019063001006520,CFCL,33,42,300,119.00,"35,700.00"
2019-06-30,2019063001006349,CHCL,10,13,300,505.00,"151,500.00"
2019-06-30,2019063001006626,CIT,39,45,15,"2,455.00","36,825.00"
2019-06-30,2019063001006529,CLBSL,58,57,15,503.00,"7,545.00"
2019-06-30,2019063001006473,CLBSL,58,57,15,503.00,"7,545.00"
2019-06-30,2019063001006435,CLBSL,58,57,20,503.00,"10,060.00"
2019-06-30,2019063001006429,CLBSL,58,57,20,503.00,"10,060.00"
2019-06-30,2019063001006583,CZBIL,1,44,434,220.00,"95,480.00"
2019-06-30,2019063001006582,CZBIL,56,44,566,220.00,"124,520.00"
2019-06-30,2019063001006391,DDBL,49,45,10,705.00,"7,050.00"
2019-06-30,2019063001006336,EBL,35,28,20,656.00,"13,120.00"
2019-06-30,2019063001006335,EBL,33,28,322,656.00,"211,232.00"
2019-06-30,2019063001006430,EIC,38,49,100,364.00,"36,400.00"
2019-06-30,2019063001006605,FMDBL,35,51,100,377.00,"37,700.00"
2019-06-30,2019063001006699,GBIME,7,44,580,299.00,"173,420.00"
2019-06-30,2019063001006482,GBIME,43,37,200,300.00,"60,000.00"
2019-06-30,2019063001006404,GBIME,16,37,"1,000",300.00,"300,000.00"
2019-06-30,2019063001006403,GBIME,34,37,74,300.00,"22,200.00"
2019-06-30,2019063001006402,GBIME,34,55,226,300.00,"67,800.00"
2019-06-30,2019063001006367,GBIME,59,55,274,300.00,"82,200.00"
2019-06-30,2019063001006366,GBIME,59,37,26,300.00,"7,800.00"
2019-06-30,2019063001006318,GBIME,25,37,200,300.00,"60,000.00"
2019-06-30,2019063001006306,GBIME,56,37,115,300.00,"34,500.00"
2019-06-30,2019063001006305,GBIME,56,46,385,300.00,"115,500.00"
2019-06-30,2019063001006210,GBIME,7,4,920,299.00,"275,080.00"
2019-06-30,2019063001006472,GBLBS,6,35,50,342.00,"17,100.00"
2019-06-30,2019063001006471,GBLBS,42,35,30,342.00,"10,260.00"
2019-06-30,2019063001006470,GBLBS,26,35,50,343.00,"17,150.00"
2019-06-30,2019063001006300,GBLBS,52,35,200,344.00,"68,800.00"
2019-06-30,2019063001006293,GBLBS,38,22,100,345.00,"34,500.00"
2019-06-30,2019063001006283,GBLBS,39,54,100,345.00,"34,500.00"
2019-06-30,2019063001006427,GHL,34,22,10,81.00,810.00
2019-06-30,2019063001006696,GLBSL,26,8,10,388.00,"3,880.00"
2019-06-30,2019063001006695,GLBSL,26,8,10,388.00,"3,880.00"
2019-06-30,2019063001006694,GLBSL,26,8,10,388.00,"3,880.00"
2019-06-30,2019063001006693,GLBSL,26,22,10,388.00,"3,880.00"
2019-06-30,2019063001006692,GLBSL,26,22,10,388.00,"3,880.00"
2019-06-30,2019063001006691,GLBSL,26,8,10,387.00,"3,870.00"
2019-06-30,2019063001006275,GLBSL,48,38,40,383.00,"15,320.00"
2019-06-30,2019063001006263,GLBSL,16,34,10,385.00,"3,850.00"
2019-06-30,2019063001006690,GLBSL,26,42,10,385.00,"3,850.00"
2019-06-30,2019063001006689,GLBSL,26,36,10,384.00,"3,840.00"
2019-06-30,2019063001006688,GLBSL,26,41,10,382.00,"3,820.00"
2019-06-30,2019063001006643,GLBSL,48,41,10,381.00,"3,810.00"
2019-06-30,2019063001006370,GLBSL,48,1,10,381.00,"3,810.00"
2019-06-30,2019063001006276,GLBSL,35,38,200,382.00,"76,400.00"
2019-06-30,2019063001006631,GLICL,45,51,35,466.00,"16,310.00"
2019-06-30,2019063001006630,GLICL,48,51,15,467.00,"7,005.00"
2019-06-30,2019063001006622,GMFBS,35,42,10,430.00,"4,300.00"
2019-06-30,2019063001006208,GMFBS,28,26,10,430.00,"4,300.00"
2019-06-30,2019063001006700,HDL,5,58,100,"1,683.00","168,300.00"
2019-06-30,2019063001006357,HDL,32,50,160,"1,685.00","269,600.00"
2019-06-30,2019063001006638,HGI,22,51,100,351.00,"35,100.00"
2019-06-30,2019063001006317,HGI,51,14,100,352.00,"35,200.00"
2019-06-30,2019063001006400,HIDCL,8,25,13,158.00,"2,054.00"
2019-06-30,2019063001006358,HIDCL,34,8,86,160.00,"13,760.00"
2019-06-30,2019063001006581,HPPL,35,38,10,177.00,"1,770.00"
2019-06-30,2019063001006428,HURJA,52,53,10,144.00,"1,440.00"
2019-06-30,2019063001006390,HURJA,26,39,600,142.00,"85,200.00"
2019-06-30,2019063001006353,HURJA,26,39,160,142.00,"22,720.00"
2019-06-30,2019063001006352,HURJA,29,39,840,142.00,"119,280.00"
2019-06-30,2019063001006313,HURJA,29,39,120,142.00,"17,040.00"
2019-06-30,2019063001006312,HURJA,26,39,500,143.00,"71,500.00"
2019-06-30,2019063001006311,HURJA,29,39,260,143.00,"37,180.00"
2019-06-30,2019063001006265,HURJA,29,47,50,143.00,"7,150.00"
2019-06-30,2019063001006636,JBNL,44,4,500,207.00,"103,500.00"
2019-06-30,2019063001006580,JBNL,44,37,"1,265",207.00,"261,855.00"
2019-06-30,2019063001006579,JBNL,57,37,100,207.00,"20,700.00"
2019-06-30,2019063001006578,JBNL,56,37,140,207.00,"28,980.00"
2019-06-30,2019063001006304,JBNL,56,17,250,207.00,"51,750.00"
2019-06-30,2019063001006264,JBNL,56,22,10,207.00,"2,070.00"
2019-06-30,2019063001006214,JBNL,56,50,112,206.00,"23,072.00"
2019-06-30,2019063001006209,JBNL,56,50,150,206.00,"30,900.00"
2019-06-30,2019063001006670,JOSHI,22,48,20,81.00,"1,620.00"
2019-06-30,2019063001006625,JOSHI,22,20,10,81.00,810.00
2019-06-30,2019063001006612,JOSHI,22,48,20,81.00,"1,620.00"
2019-06-30,2019063001006459,JOSHI,22,48,20,81.00,"1,620.00"
2019-06-30,2019063001006386,JOSHI,22,48,20,81.00,"1,620.00"
2019-06-30,2019063001006342,JOSHI,22,48,20,81.00,"1,620.00"
2019-06-30,2019063001006294,JOSHI,22,48,20,81.00,"1,620.00"
2019-06-30,2019063001006217,JOSHI,22,48,20,81.00,"1,620.00"
2019-06-30,2019063001006495,KBL,28,1,213,210.00,"44,730.00"
2019-06-30,2019063001006494,KBL,6,1,"1,000",210.00,"210,000.00"
2019-06-30,2019063001006493,KBL,41,1,200,210.00,"42,000.00"
2019-06-30,2019063001006492,KBL,6,1,100,210.00,"21,000.00"
2019-06-30,2019063001006491,KBL,55,1,200,210.00,"42,000.00"
2019-06-30,2019063001006490,KBL,28,1,"1,500",210.00,"315,000.00"
2019-06-30,2019063001006405,KBL,42,48,"3,328",211.00,"702,208.00"
2019-06-30,2019063001006372,KBL,53,44,50,212.00,"10,600.00"
2019-06-30,2019063001006316,KBL,59,44,"1,000",212.00,"212,000.00"
2019-06-30,2019063001006277,KBL,42,54,76,211.00,"16,036.00"
2019-06-30,2019063001006411,KBL,37,48,422,211.00,"89,042.00"
2019-06-30,2019063001006410,KBL,51,48,100,211.00,"21,100.00"
2019-06-30,2019063001006409,KBL,38,48,500,211.00,"105,500.00"
2019-06-30,2019063001006408,KBL,38,48,300,211.00,"63,300.00"
2019-06-30,2019063001006407,KBL,49,48,100,211.00,"21,100.00"
2019-06-30,2019063001006406,KBL,52,48,250,211.00,"52,750.00"
2019-06-30,2019063001006489,KBL,26,1,100,210.00,"21,000.00"
2019-06-30,2019063001006488,KBL,50,1,200,210.00,"42,000.00"
2019-06-30,2019063001006487,KBL,19,1,200,210.00,"42,000.00"
2019-06-30,2019063001006486,KBL,45,1,250,211.00,"52,750.00"
2019-06-30,2019063001006485,KBL,37,1,37,211.00,"7,807.00"
2019-06-30,2019063001006415,KBL,37,25,41,211.00,"8,651.00"
2019-06-30,2019063001006662,KPCL,59,42,10,91.00,910.00
2019-06-30,2019063001006450,KSBBL,32,50,46,155.00,"7,130.00"
2019-06-30,2019063001006299,KSBBL,33,50,10,154.00,"1,540.00"
2019-06-30,2019063001006221,KSBBL,34,14,584,155.00,"90,520.00"
2019-06-30,2019063001006220,KSBBL,34,48,290,155.00,"44,950.00"
2019-06-30,2019063001006649,LBBL,6,33,924,194.00,"179,256.00"
2019-06-30,2019063001006648,LBBL,43,33,100,194.00,"19,400.00"
2019-06-30,2019063001006647,LBBL,33,33,976,194.00,"189,344.00"
2019-06-30,2019063001006544,LBBL,33,50,500,194.00,"97,000.00"
2019-06-30,2019063001006431,LBL,16,25,74,219.00,"16,206.00"
2019-06-30,2019063001006397,LBL,16,16,590,219.00,"129,210.00"
2019-06-30,2019063001006396,LBL,16,25,338,219.00,"74,022.00"
2019-06-30,2019063001006385,LBL,26,16,95,219.00,"20,805.00"
2019-06-30,2019063001006253,LBL,6,16,200,219.00,"43,800.00"
2019-06-30,2019063001006252,LBL,42,16,15,219.00,"3,285.00"
2019-06-30,2019063001006251,LBL,39,16,100,219.00,"21,900.00"
2019-06-30,2019063001006672,MEGA,28,38,67,198.00,"13,266.00"
2019-06-30,2019063001006661,MEGA,28,41,"1,000",198.00,"198,000.00"
2019-06-30,2019063001006611,MEGA,28,42,159,198.00,"31,482.00"
2019-06-30,2019063001006610,MEGA,58,42,60,199.00,"11,940.00"
2019-06-30,2019063001006609,MEGA,32,42,46,199.00,"9,154.00"
2019-06-30,2019063001006608,MEGA,53,42,50,199.00,"9,950.00"
2019-06-30,2019063001006607,MEGA,14,42,85,199.00,"16,915.00"
2019-06-30,2019063001006506,MEGA,14,25,33,199.00,"6,567.00"
2019-06-30,2019063001006359,MEGA,14,49,82,199.00,"16,318.00"
2019-06-30,2019063001006341,MEGA,28,25,105,198.00,"20,790.00"
2019-06-30,2019063001006338,MEGA,25,45,401,199.00,"79,799.00"
2019-06-30,2019063001006262,MEGA,13,45,600,199.00,"119,400.00"
2019-06-30,2019063001006666,MNBBL,43,40,259,367.00,"95,053.00"
2019-06-30,2019063001006412,MNBBL,25,50,134,366.00,"49,044.00"
2019-06-30,2019063001006671,NABIL,14,39,50,787.00,"39,350.00"
2019-06-30,2019063001006659,NABIL,26,39,10,787.00,"7,870.00"
2019-06-30,2019063001006658,NABIL,35,39,30,787.00,"23,610.00"
2019-06-30,2019063001006657,NABIL,56,39,100,787.00,"78,700.00"
2019-06-30,2019063001006656,NABIL,19,39,30,787.00,"23,610.00"
2019-06-30,2019063001006655,NABIL,49,39,10,787.00,"7,870.00"
2019-06-30,2019063001006224,NABIL,34,21,100,787.00,"78,700.00"
2019-06-30,2019063001006223,NABIL,52,21,27,787.00,"21,249.00"
2019-06-30,2019063001006230,NABIL,45,21,50,785.00,"39,250.00"
2019-06-30,2019063001006229,NABIL,42,21,50,785.00,"39,250.00"
2019-06-30,2019063001006228,NABIL,41,21,111,786.00,"87,246.00"
2019-06-30,2019063001006227,NABIL,47,21,30,786.00,"23,580.00"
2019-06-30,2019063001006226,NABIL,19,21,50,786.00,"39,300.00"
2019-06-30,2019063001006225,NABIL,14,21,29,786.00,"22,794.00"
2019-06-30,2019063001006236,NABIL,33,21,100,785.00,"78,500.00"
2019-06-30,2019063001006235,NABIL,57,21,10,785.00,"7,850.00"
2019-06-30,2019063001006234,NABIL,26,21,10,785.00,"7,850.00"
2019-06-30,2019063001006233,NABIL,41,21,10,785.00,"7,850.00"
2019-06-30,2019063001006232,NABIL,47,21,50,785.00,"39,250.00"
2019-06-30,2019063001006231,NABIL,42,21,15,785.00,"11,775.00"
2019-06-30,2019063001006524,NABIL,26,25,15,788.00,"11,820.00"
2019-06-30,2019063001006517,NABIL,26,34,40,788.00,"31,520.00"
2019-06-30,2019063001006460,NABIL,59,34,500,788.00,"394,000.00"
2019-06-30,2019063001006377,NABIL,22,34,100,788.00,"78,800.00"
2019-06-30,2019063001006371,NABIL,29,58,90,787.00,"70,830.00"
2019-06-30,2019063001006237,NABIL,22,21,12,785.00,"9,420.00"
2019-06-30,2019063001006654,NABIL,38,39,300,787.00,"236,100.00"
2019-06-30,2019063001006653,NABIL,29,39,10,787.00,"7,870.00"
2019-06-30,2019063001006652,NABIL,13,39,50,788.00,"39,400.00"
2019-06-30,2019063001006651,NABIL,40,39,200,788.00,"157,600.00"
2019-06-30,2019063001006650,NABIL,26,39,95,788.00,"74,860.00"
2019-06-30,2019063001006642,NABIL,40,22,100,788.00,"78,800.00"
2019-06-30,2019063001006701,NAGRO,5,39,10,481.00,"4,810.00"
2019-06-30,2019063001006687,NAGRO,21,25,10,482.00,"4,820.00"
2019-06-30,2019063001006665,NAGRO,21,39,10,482.00,"4,820.00"
2019-06-30,2019063001006637,NAGRO,21,39,10,482.00,"4,820.00"
2019-06-30,2019063001006614,NAGRO,21,1,10,482.00,"4,820.00"
2019-06-30,2019063001006606,NAGRO,21,39,10,482.00,"4,820.00"
2019-06-30,2019063001006448,NAGRO,21,1,10,482.00,"4,820.00"
2019-06-30,2019063001006592,NAGRO,21,1,10,482.00,"4,820.00"
2019-06-30,2019063001006546,NAGRO,21,39,10,482.00,"4,820.00"
2019-06-30,2019063001006527,NAGRO,21,1,10,482.00,"4,820.00"
2019-06-30,2019063001006507,NAGRO,47,1,10,483.00,"4,830.00"
2019-06-30,2019063001006475,NAGRO,21,1,10,482.00,"4,820.00"
2019-06-30,2019063001006464,NAGRO,21,1,10,482.00,"4,820.00"
2019-06-30,2019063001006674,NBB,58,44,500,219.00,"109,500.00"
2019-06-30,2019063001006519,NBB,53,1,50,220.00,"11,000.00"
2019-06-30,2019063001006518,NBB,28,1,106,220.00,"23,320.00"
2019-06-30,2019063001006351,NBB,28,25,101,220.00,"22,220.00"
2019-06-30,2019063001006345,NBB,28,49,200,220.00,"44,000.00"
2019-06-30,2019063001006308,NBB,28,55,93,220.00,"20,460.00"
2019-06-30,2019063001006307,NBB,19,55,407,220.00,"89,540.00"
2019-06-30,2019063001006213,NBB,19,25,93,220.00,"20,460.00"
2019-06-30,2019063001006212,NBB,37,25,200,220.00,"44,000.00"
2019-06-30,2019063001006211,NBB,37,25,211,220.00,"46,420.00"
2019-06-30,2019063001006542,NBL,32,1,50,333.00,"16,650.00"
2019-06-30,2019063001006541,NBL,57,1,200,333.00,"66,600.00"
2019-06-30,2019063001006540,NBL,45,1,300,333.00,"99,900.00"
2019-06-30,2019063001006539,NBL,5,1,200,333.00,"66,600.00"
2019-06-30,2019063001006538,NBL,43,1,250,333.00,"83,250.00"
2019-06-30,2019063001006510,NBL,43,45,500,334.00,"167,000.00"
2019-06-30,2019063001006315,NBL,48,43,"1,000",334.00,"334,000.00"
2019-06-30,2019063001006285,NBL,16,53,"1,000",334.00,"334,000.00"
2019-06-30,2019063001006207,NBL,51,58,"1,500",334.00,"501,000.00"
2019-06-30,2019063001006509,NBL,43,6,497,334.00,"165,998.00"
2019-06-30,2019063001006426,NBL,21,6,"1,000",334.00,"334,000.00"
2019-06-30,2019063001006398,NBL,56,6,"1,503",334.00,"502,002.00"
2019-06-30,2019063001006384,NBL,56,6,30,334.00,"10,020.00"
2019-06-30,2019063001006364,NBL,56,40,100,334.00,"33,400.00"
2019-06-30,2019063001006363,NBL,56,43,367,334.00,"122,578.00"
2019-06-30,2019063001006669,NCCB,1,32,"1,000",245.00,"245,000.00"
2019-06-30,2019063001006627,NCCB,1,33,22,245.00,"5,390.00"
2019-06-30,2019063001006590,NCCB,57,33,"1,000",245.00,"245,000.00"
2019-06-30,2019063001006570,NCCB,38,33,101,245.00,"24,745.00"
2019-06-30,2019063001006569,NCCB,16,33,25,245.00,"6,125.00"
2019-06-30,2019063001006568,NCCB,28,33,500,245.00,"122,500.00"
2019-06-30,2019063001006369,NCCB,36,32,638,245.00,"156,310.00"
2019-06-30,2019063001006368,NCCB,58,32,362,245.00,"88,690.00"
2019-06-30,2019063001006350,NCCB,58,32,"1,500",245.00,"367,500.00"
2019-06-30,2019063001006419,NCCB,40,32,200,245.00,"49,000.00"
2019-06-30,2019063001006418,NCCB,35,32,"1,000",245.00,"245,000.00"
2019-06-30,2019063001006417,NCCB,39,32,100,245.00,"24,500.00"
2019-06-30,2019063001006416,NCCB,1,32,322,245.00,"78,890.00"
2019-06-30,2019063001006375,NCCB,1,57,678,245.00,"166,110.00"
2019-06-30,2019063001006374,NCCB,36,57,362,245.00,"88,690.00"
2019-06-30,2019063001006446,NCCB,33,54,200,245.00,"49,000.00"
2019-06-30,2019063001006424,NCCB,33,32,"1,628",245.00,"398,860.00"
2019-06-30,2019063001006423,NCCB,32,32,100,245.00,"24,500.00"
2019-06-30,2019063001006422,NCCB,47,32,150,245.00,"36,750.00"
2019-06-30,2019063001006421,NCCB,35,32,500,245.00,"122,500.00"
2019-06-30,2019063001006420,NCCB,6,32,"1,000",245.00,"245,000.00"
2019-06-30,2019063001006549,NCCB,14,33,500,245.00,"122,500.00"
2019-06-30,2019063001006548,NCCB,34,33,472,245.00,"115,640.00"
2019-06-30,2019063001006533,NCCB,34,6,"1,528",245.00,"374,360.00"
2019-06-30,2019063001006532,NCCB,51,6,250,245.00,"61,250.00"
2019-06-30,2019063001006531,NCCB,57,6,50,245.00,"12,250.00"
2019-06-30,2019063001006530,NCCB,33,6,172,245.00,"42,140.00"
2019-06-30,2019063001006555,NCCB,59,33,500,245.00,"122,500.00"
2019-06-30,2019063001006554,NCCB,55,33,100,245.00,"24,500.00"
2019-06-30,2019063001006553,NCCB,48,33,500,245.00,"122,500.00"
2019-06-30,2019063001006552,NCCB,38,33,50,245.00,"12,250.00"
2019-06-30,2019063001006551,NCCB,3,33,200,245.00,"49,000.00"
2019-06-30,2019063001006550,NCCB,35,33,30,245.00,"7,350.00"
2019-06-30,2019063001006561,NCCB,45,33,100,245.00,"24,500.00"
2019-06-30,2019063001006560,NCCB,32,33,500,245.00,"122,500.00"
2019-06-30,2019063001006559,NCCB,52,33,100,245.00,"24,500.00"
2019-06-30,2019063001006558,NCCB,21,33,100,245.00,"24,500.00"
2019-06-30,2019063001006557,NCCB,25,33,100,245.00,"24,500.00"
2019-06-30,2019063001006556,NCCB,48,33,300,245.00,"73,500.00"
2019-06-30,2019063001006567,NCCB,33,33,50,245.00,"12,250.00"
2019-06-30,2019063001006566,NCCB,59,33,"1,000",245.00,"245,000.00"
2019-06-30,2019063001006565,NCCB,51,33,50,245.00,"12,250.00"
2019-06-30,2019063001006564,NCCB,34,33,500,245.00,"122,500.00"
2019-06-30,2019063001006563,NCCB,17,33,"2,000",245.00,"490,000.00"
2019-06-30,2019063001006562,NCCB,45,33,200,245.00,"49,000.00"
2019-06-30,2019063001006215,NHPC,25,33,100,66.00,"6,600.00"
2019-06-30,2019063001006682,NIB,57,25,200,524.00,"104,800.00"
2019-06-30,2019063001006545,NIB,22,25,17,523.00,"8,891.00"
2019-06-30,2019063001006543,NIB,26,25,150,524.00,"78,600.00"
2019-06-30,2019063001006380,NIB,35,25,30,524.00,"15,720.00"
2019-06-30,2019063001006365,NIB,38,25,17,521.00,"8,857.00"
2019-06-30,2019063001006279,NIB,34,13,307,523.00,"160,561.00"
2019-06-30,2019063001006222,NIB,48,25,17,522.00,"8,874.00"
2019-06-30,2019063001006245,NIB,7,13,10,522.00,"5,220.00"
2019-06-30,2019063001006244,NIB,14,13,50,522.00,"26,100.00"
2019-06-30,2019063001006243,NIB,48,13,500,522.00,"261,000.00"
2019-06-30,2019063001006242,NIB,32,13,200,522.00,"104,400.00"
2019-06-30,2019063001006241,NIB,28,13,40,522.00,"20,880.00"
2019-06-30,2019063001006240,NIB,48,13,23,522.00,"12,006.00"
2019-06-30,2019063001006260,NIB,11,13,50,521.00,"26,050.00"
2019-06-30,2019063001006250,NIB,45,13,40,521.00,"20,840.00"
2019-06-30,2019063001006249,NIB,48,13,500,521.00,"260,500.00"
2019-06-30,2019063001006248,NIB,52,13,25,521.00,"13,025.00"
2019-06-30,2019063001006247,NIB,26,13,100,521.00,"52,100.00"
2019-06-30,2019063001006246,NIB,38,13,50,521.00,"26,050.00"
2019-06-30,2019063001006474,NIBSF1,7,11,100,9.35,935.00
2019-06-30,2019063001006684,NICA,44,4,70,457.00,"31,990.00"
2019-06-30,2019063001006667,NICA,44,13,140,457.00,"63,980.00"
2019-06-30,2019063001006634,NICA,44,4,50,457.00,"22,850.00"
2019-06-30,2019063001006511,NICA,44,50,140,457.00,"63,980.00"
2019-06-30,2019063001006462,NICA,53,50,300,457.00,"137,100.00"
2019-06-30,2019063001006331,NICGF,35,41,200,9.50,"1,900.00"
2019-06-30,2019063001006330,NICGF,35,44,200,9.49,"1,898.00"
2019-06-30,2019063001006292,NICL,16,10,590,347.00,"204,730.00"
2019-06-30,2019063001006291,NICL,57,10,110,348.00,"38,280.00"
2019-06-30,2019063001006289,NICL,57,58,40,348.00,"13,920.00"
2019-06-30,2019063001006288,NICL,43,58,20,348.00,"6,960.00"
2019-06-30,2019063001006664,NIL,26,51,100,464.00,"46,400.00"
2019-06-30,2019063001006663,NIL,42,51,100,464.00,"46,400.00"
2019-06-30,2019063001006603,NLIC,45,25,17,873.00,"14,841.00"
2019-06-30,2019063001006433,NLIC,54,17,200,875.00,"175,000.00"
2019-06-30,2019063001006432,NLIC,52,17,10,875.00,"8,750.00"
2019-06-30,2019063001006273,NLIC,39,50,25,875.00,"21,875.00"
2019-06-30,2019063001006272,NLIC,29,50,100,875.00,"87,500.00"
2019-06-30,2019063001006271,NLIC,16,50,10,875.00,"8,750.00"
2019-06-30,2019063001006216,NLIC,34,20,100,877.00,"87,700.00"
2019-06-30,2019063001006270,NLIC,28,50,200,875.00,"175,000.00"
2019-06-30,2019063001006269,NLIC,56,50,200,875.00,"175,000.00"
2019-06-30,2019063001006268,NLIC,20,50,10,875.00,"8,750.00"
2019-06-30,2019063001006267,NLIC,39,50,109,875.00,"95,375.00"
2019-06-30,2019063001006266,NLIC,8,50,343,876.00,"300,468.00"
2019-06-30,2019063001006261,NLIC,8,25,17,876.00,"14,892.00"
2019-06-30,2019063001006640,NMBMF,42,35,35,970.00,"33,950.00"
2019-06-30,2019063001006639,NMBMF,38,35,5,971.00,"4,855.00"
2019-06-30,2019063001006526,NMBMF,38,39,10,971.00,"9,710.00"
2019-06-30,2019063001006525,NMBMF,38,39,10,974.00,"9,740.00"
2019-06-30,2019063001006286,NMBSF1,38,11,"5,000",10.65,"53,250.00"
2019-06-30,2019063001006309,NTC,50,21,10,700.00,"7,000.00"
2019-06-30,2019063001006604,NUBL,6,38,10,834.00,"8,340.00"
2019-06-30,2019063001006376,PCBL,55,33,450,280.00,"126,000.00"
2019-06-30,2019063001006673,PIC,35,38,70,951.00,"66,570.00"
2019-06-30,2019063001006624,PIC,47,7,44,950.00,"41,800.00"
2019-06-30,2019063001006602,PIC,47,28,47,950.00,"44,650.00"
2019-06-30,2019063001006601,PIC,41,28,20,950.00,"19,000.00"
2019-06-30,2019063001006600,PIC,19,28,10,950.00,"9,500.00"
2019-06-30,2019063001006599,PIC,35,28,10,950.00,"9,500.00"
2019-06-30,2019063001006389,PIC,35,6,10,958.00,"9,580.00"
2019-06-30,2019063001006219,PIC,52,35,60,955.00,"57,300.00"
2019-06-30,2019063001006502,PIC,22,38,50,953.00,"47,650.00"
2019-06-30,2019063001006501,PIC,14,38,14,953.00,"13,342.00"
2019-06-30,2019063001006500,PIC,46,38,10,954.00,"9,540.00"
2019-06-30,2019063001006499,PIC,52,38,50,955.00,"47,750.00"
2019-06-30,2019063001006498,PIC,28,38,69,955.00,"65,895.00"
2019-06-30,2019063001006454,PIC,28,37,131,955.00,"125,105.00"
2019-06-30,2019063001006573,PIC,56,28,100,952.00,"95,200.00"
2019-06-30,2019063001006572,PIC,17,28,50,952.00,"47,600.00"
2019-06-30,2019063001006571,PIC,51,28,43,953.00,"40,979.00"
2019-06-30,2019063001006505,PIC,51,38,157,953.00,"149,621.00"
2019-06-30,2019063001006504,PIC,29,38,100,953.00,"95,300.00"
2019-06-30,2019063001006503,PIC,6,38,50,953.00,"47,650.00"
2019-06-30,2019063001006586,PIC,55,7,100,951.00,"95,100.00"
2019-06-30,2019063001006585,PIC,8,7,36,951.00,"34,236.00"
2019-06-30,2019063001006577,PIC,8,28,64,951.00,"60,864.00"
2019-06-30,2019063001006576,PIC,21,28,100,951.00,"95,100.00"
2019-06-30,2019063001006575,PIC,34,28,100,952.00,"95,200.00"
2019-06-30,2019063001006574,PIC,8,28,50,952.00,"47,600.00"
2019-06-30,2019063001006598,PIC,51,28,50,950.00,"47,500.00"
2019-06-30,2019063001006597,PIC,35,28,50,950.00,"47,500.00"
2019-06-30,2019063001006596,PIC,29,28,13,950.00,"12,350.00"
2019-06-30,2019063001006589,PIC,35,7,40,951.00,"38,040.00"
2019-06-30,2019063001006588,PIC,34,7,100,951.00,"95,100.00"
2019-06-30,2019063001006587,PIC,25,7,15,951.00,"14,265.00"
2019-06-30,2019063001006698,PICL,43,51,50,553.00,"27,650.00"
2019-06-30,2019063001006697,PICL,32,51,100,554.00,"55,400.00"
2019-06-30,2019063001006595,PMHPL,57,42,10,105.00,"1,050.00"
2019-06-30,2019063001006683,PPCL,38,36,30,138.00,"4,140.00"
2019-06-30,2019063001006680,PPCL,38,53,10,139.00,"1,390.00"
2019-06-30,2019063001006679,PPCL,38,53,10,139.00,"1,390.00"
2019-06-30,2019063001006678,PPCL,38,51,30,139.00,"4,170.00"
2019-06-30,2019063001006677,PPCL,38,53,20,139.00,"2,780.00"
2019-06-30,2019063001006676,PPCL,38,11,80,139.00,"11,120.00"
2019-06-30,2019063001006675,PPCL,38,42,10,139.00,"1,390.00"
2019-06-30,2019063001006668,PPCL,38,36,30,138.00,"4,140.00"
2019-06-30,2019063001006239,PPCL,38,47,20,138.00,"2,760.00"
2019-06-30,2019063001006686,PRVU,38,44,200,267.00,"53,400.00"
2019-06-30,2019063001006641,PRVU,35,44,100,267.00,"26,700.00"
2019-06-30,2019063001006617,PRVU,50,44,100,267.00,"26,700.00"
2019-06-30,2019063001006616,PRVU,59,44,"1,000",267.00,"267,000.00"
2019-06-30,2019063001006615,PRVU,49,44,417,267.00,"111,339.00"
2019-06-30,2019063001006613,PRVU,49,39,51,267.00,"13,617.00"
2019-06-30,2019063001006254,PRVU,39,14,250,269.00,"67,250.00"
2019-06-30,2019063001006355,PRVU,10,29,564,268.00,"151,152.00"
2019-06-30,2019063001006259,PRVU,39,35,"2,573",269.00,"692,137.00"
2019-06-30,2019063001006258,PRVU,39,34,628,269.00,"168,932.00"
2019-06-30,2019063001006257,PRVU,39,34,"2,000",269.00,"538,000.00"
2019-06-30,2019063001006256,PRVU,39,57,49,269.00,"13,181.00"
2019-06-30,2019063001006255,PRVU,39,50,500,269.00,"134,500.00"
2019-06-30,2019063001006466,PRVU,26,39,38,267.00,"10,146.00"
2019-06-30,2019063001006458,PRVU,51,44,300,268.00,"80,400.00"
2019-06-30,2019063001006457,PRVU,57,44,100,268.00,"26,800.00"
2019-06-30,2019063001006456,PRVU,21,44,20,268.00,"5,360.00"
2019-06-30,2019063001006455,PRVU,10,44,345,268.00,"92,460.00"
2019-06-30,2019063001006447,PRVU,10,39,100,268.00,"26,800.00"
2019-06-30,2019063001006584,PRVU,49,39,100,267.00,"26,700.00"
2019-06-30,2019063001006547,PRVU,49,39,100,267.00,"26,700.00"
2019-06-30,2019063001006528,PRVU,49,39,50,267.00,"13,350.00"
2019-06-30,2019063001006508,PRVU,49,39,100,267.00,"26,700.00"
2019-06-30,2019063001006483,PRVU,49,39,100,267.00,"26,700.00"
2019-06-30,2019063001006467,PRVU,49,39,82,267.00,"21,894.00"
2019-06-30,2019063001006434,RBCL,6,6,10,"9,260.00","92,600.00"
2019-06-30,2019063001006281,RBCL,18,6,10,"9,260.00","92,600.00"
2019-06-30,2019063001006280,RBCL,43,6,10,"9,261.00","92,610.00"
2019-06-30,2019063001006274,RBCL,47,25,10,"9,262.00","92,620.00"
2019-06-30,2019063001006348,SADBL,44,25,192,150.00,"28,800.00"
2019-06-30,2019063001006644,SANIMA,35,25,100,347.00,"34,700.00"
2019-06-30,2019063001006623,SANIMA,38,50,50,348.00,"17,400.00"
2019-06-30,2019063001006414,SANIMA,1,50,143,348.00,"49,764.00"
2019-06-30,2019063001006388,SANIMA,35,52,150,347.00,"52,050.00"
2019-06-30,2019063001006523,SBI,56,49,588,463.00,"272,244.00"
2019-06-30,2019063001006497,SBI,56,14,412,463.00,"190,756.00"
2019-06-30,2019063001006496,SBI,56,14,88,463.00,"40,744.00"
2019-06-30,2019063001006465,SBI,57,49,500,464.00,"232,000.00"
2019-06-30,2019063001006515,SBL,59,39,"3,000",316.00,"948,000.00"
2019-06-30,2019063001006514,SBL,38,39,200,316.00,"63,200.00"
2019-06-30,2019063001006513,SBL,44,39,160,316.00,"50,560.00"
2019-06-30,2019063001006512,SBL,44,39,"20,000",316.00,"6,320,000.00"
2019-06-30,2019063001006445,SBL,56,39,"5,000",317.00,"1,585,000.00"
2019-06-30,2019063001006444,SBL,32,39,300,317.00,"95,100.00"
2019-06-30,2019063001006278,SBL,59,49,200,319.00,"63,800.00"
2019-06-30,2019063001006238,SBL,59,50,315,319.00,"100,485.00"
2019-06-30,2019063001006323,SBL,54,39,"1,000",318.00,"318,000.00"
2019-06-30,2019063001006322,SBL,21,39,25,318.00,"7,950.00"
2019-06-30,2019063001006321,SBL,35,39,50,318.00,"15,900.00"
2019-06-30,2019063001006320,SBL,18,39,500,318.00,"159,000.00"
2019-06-30,2019063001006319,SBL,56,39,300,318.00,"95,400.00"
2019-06-30,2019063001006302,SBL,59,35,480,319.00,"153,120.00"
2019-06-30,2019063001006437,SBL,58,39,100,317.00,"31,700.00"
2019-06-30,2019063001006436,SBL,16,39,"1,000",317.00,"317,000.00"
2019-06-30,2019063001006362,SBL,16,43,500,317.00,"158,500.00"
2019-06-30,2019063001006344,SBL,56,39,"1,000",318.00,"318,000.00"
2019-06-30,2019063001006325,SBL,56,39,"1,000",318.00,"318,000.00"
2019-06-30,2019063001006324,SBL,18,39,500,318.00,"159,000.00"
2019-06-30,2019063001006443,SBL,22,39,300,317.00,"95,100.00"
2019-06-30,2019063001006442,SBL,26,39,"1,000",317.00,"317,000.00"
2019-06-30,2019063001006441,SBL,58,39,80,317.00,"25,360.00"
2019-06-30,2019063001006440,SBL,38,39,80,317.00,"25,360.00"
2019-06-30,2019063001006439,SBL,28,39,400,317.00,"126,800.00"
2019-06-30,2019063001006438,SBL,52,39,500,317.00,"158,500.00"
2019-06-30,2019063001006629,SCB,52,25,10,656.00,"6,560.00"
2019-06-30,2019063001006628,SCB,44,25,10,656.00,"6,560.00"
2019-06-30,2019063001006387,SCB,44,58,90,656.00,"59,040.00"
2019-06-30,2019063001006379,SCB,38,1,90,656.00,"59,040.00"
2019-06-30,2019063001006378,SCB,34,1,50,657.00,"32,850.00"
2019-06-30,2019063001006297,SCB,17,25,130,656.00,"85,280.00"
2019-06-30,2019063001006296,SCB,45,25,100,657.00,"65,700.00"
2019-06-30,2019063001006295,SCB,28,25,100,657.00,"65,700.00"
2019-06-30,2019063001006282,SCB,28,35,100,657.00,"65,700.00"
2019-06-30,2019063001006463,SEF,43,43,"20,000",9.68,"193,600.00"
2019-06-30,2019063001006290,SEF,35,44,"1,000",9.60,"9,600.00"
2019-06-30,2019063001006633,SHIVM,1,38,200,622.00,"124,400.00"
2019-06-30,2019063001006621,SHIVM,35,21,375,621.00,"232,875.00"
2019-06-30,2019063001006620,SHIVM,45,21,300,621.00,"186,300.00"
2019-06-30,2019063001006619,SHIVM,47,21,100,621.00,"62,100.00"
2019-06-30,2019063001006618,SHIVM,43,21,50,621.00,"31,050.00"
2019-06-30,2019063001006346,SHIVM,50,58,555,624.00,"346,320.00"
2019-06-30,2019063001006327,SHIVM,41,21,555,623.00,"345,765.00"
2019-06-30,2019063001006326,SHIVM,7,21,300,623.00,"186,900.00"
2019-06-30,2019063001006301,SHIVM,49,58,"1,000",623.00,"623,000.00"
2019-06-30,2019063001006451,SHIVM,8,29,150,623.00,"93,450.00"
2019-06-30,2019063001006413,SHIVM,34,38,450,623.00,"280,350.00"
2019-06-30,2019063001006395,SHIVM,49,29,400,622.00,"248,800.00"
2019-06-30,2019063001006394,SHIVM,50,29,200,622.00,"124,400.00"
2019-06-30,2019063001006393,SHIVM,18,29,200,622.00,"124,400.00"
2019-06-30,2019063001006392,SHIVM,22,29,200,622.00,"124,400.00"
2019-06-30,2019063001006537,SHIVM,39,36,300,624.00,"187,200.00"
2019-06-30,2019063001006536,SHIVM,39,43,700,623.00,"436,100.00"
2019-06-30,2019063001006534,SHIVM,45,38,260,622.00,"161,720.00"
2019-06-30,2019063001006484,SHIVM,45,29,240,622.00,"149,280.00"
2019-06-30,2019063001006453,SHIVM,41,29,10,622.00,"6,220.00"
2019-06-30,2019063001006452,SHIVM,49,29,600,622.00,"373,200.00"
2019-06-30,2019063001006303,SHL,34,43,100,234.00,"23,400.00"
2019-06-30,2019063001006334,SHPC,10,58,200,246.00,"49,200.00"
2019-06-30,2019063001006333,SHPC,10,50,694,246.00,"170,724.00"
2019-06-30,2019063001006594,SLICL,25,14,22,450.00,"9,900.00"
2019-06-30,2019063001006593,SLICL,52,14,78,451.00,"35,178.00"
2019-06-30,2019063001006681,SPARS,38,41,10,441.00,"4,410.00"
2019-06-30,2019063001006383,SPARS,47,1,10,440.00,"4,400.00"
2019-06-30,2019063001006310,SPARS,20,26,10,443.00,"4,430.00"
2019-06-30,2019063001006461,SRBL,6,50,302,249.00,"75,198.00"
2019-06-30,2019063001006399,SRBL,53,50,100,249.00,"24,900.00"
2019-06-30,2019063001006206,SRBL,45,50,200,249.00,"49,800.00"
2019-06-30,2019063001006205,SRBL,34,50,150,249.00,"37,350.00"
2019-06-30,2019063001006204,SRBL,43,50,100,249.00,"24,900.00"
2019-06-30,2019063001006203,SRBL,26,50,500,249.00,"124,500.00"
2019-06-30,2019063001006202,SRBL,6,50,"1,081",249.00,"269,169.00"
2019-06-30,2019063001006591,UPPER,8,43,649,264.00,"171,336.00"
2019-06-30,2019063001006535,UPPER,26,43,200,265.00,"53,000.00"
2019-06-30,2019063001006522,UPPER,59,53,293,265.00,"77,645.00"
2019-06-30,2019063001006521,UPPER,59,22,40,265.00,"10,600.00"
2019-06-30,2019063001006468,UPPER,8,4,40,264.00,"10,560.00"
2019-06-30,2019063001006329,UPPER,22,26,40,265.00,"10,600.00"
2019-06-30,2019063001006314,UPPER,22,41,50,265.00,"13,250.00"
2019-06-30,2019063001006449,UPPER,47,22,50,265.00,"13,250.00"
2019-06-30,2019063001006373,UPPER,8,4,50,264.00,"13,200.00"
2019-06-30,2019063001006360,UPPER,8,4,50,264.00,"13,200.00"
2019-06-30,2019063001006347,UPPER,8,4,40,264.00,"10,560.00"
2019-06-30,2019063001006340,UPPER,22,22,60,265.00,"15,900.00"
2019-06-30,2019063001006332,UPPER,22,4,50,265.00,"13,250.00"
2019-06-30,2019063001006635,VLBS,42,38,12,464.00,"5,568.00"
2019-06-30,2019063001006185,ADBL,49,43,145,406.00,"58,870.00"
2019-06-30,2019063001006184,ADBL,45,43,100,406.00,"40,600.00"
2019-06-30,2019063001006183,ADBL,40,43,55,407.00,"22,385.00"
2019-06-30,2019063001006169,ADBL,40,39,20,407.00,"8,140.00"
2019-06-30,2019063001005962,ADBL,58,58,"1,000",408.00,"408,000.00"
2019-06-30,2019063001005961,ADBL,6,58,500,408.00,"204,000.00"
2019-06-30,2019063001005940,ADBL,16,58,500,409.00,"204,500.00"
2019-06-30,2019063001005939,ADBL,39,58,500,409.00,"204,500.00"
2019-06-30,2019063001005854,ADBL,41,58,26,410.00,"10,660.00"
2019-06-30,2019063001005806,ADBL,41,53,224,410.00,"91,840.00"
2019-06-30,2019063001005896,AHPC,57,28,"1,000",104.00,"104,000.00"
2019-06-30,2019063001005910,AKJCL,25,48,20,73.00,"1,460.00"
2019-06-30,2019063001006146,AKPL,41,40,216,189.00,"40,824.00"
2019-06-30,2019063001006145,AKPL,41,38,500,189.00,"94,500.00"
2019-06-30,2019063001006144,AKPL,41,59,10,189.00,"1,890.00"
2019-06-30,2019063001006143,AKPL,41,44,13,188.00,"2,444.00"
2019-06-30,2019063001006142,AKPL,41,44,13,188.00,"2,444.00"
2019-06-30,2019063001006135,AKPL,41,29,49,186.00,"9,114.00"
2019-06-30,2019063001006046,API,57,21,11,145.00,"1,595.00"
2019-06-30,2019063001005780,API,17,7,500,143.00,"71,500.00"
2019-06-30,2019063001006089,BFC,39,48,"1,000",103.00,"103,000.00"
2019-06-30,2019063001006119,BOKL,17,56,493,261.00,"128,673.00"
2019-06-30,2019063001006118,BOKL,32,56,300,261.00,"78,300.00"
2019-06-30,2019063001006117,BOKL,54,56,200,261.00,"52,200.00"
2019-06-30,2019063001006116,BOKL,26,56,207,261.00,"54,027.00"
2019-06-30,2019063001006087,BPCL,6,52,61,396.00,"24,156.00"
2019-06-30,2019063001006086,BPCL,34,52,200,396.00,"79,200.00"
2019-06-30,2019063001006085,BPCL,38,52,50,396.00,"19,800.00"
2019-06-30,2019063001006084,BPCL,43,52,89,397.00,"35,333.00"
2019-06-30,2019063001006073,BPCL,43,1,11,397.00,"4,367.00"
2019-06-30,2019063001006020,BPCL,57,6,200,397.00,"79,400.00"
2019-06-30,2019063001005997,BPCL,26,6,100,397.00,"39,700.00"
2019-06-30,2019063001005996,BPCL,43,6,100,397.00,"39,700.00"
2019-06-30,2019063001005995,BPCL,45,6,100,397.00,"39,700.00"
2019-06-30,2019063001005757,CBBL,38,26,10,940.00,"9,400.00"
2019-06-30,2019063001006201,CBL,1,7,200,144.00,"28,800.00"
2019-06-30,2019063001006048,CBL,56,25,420,143.00,"60,060.00"
2019-06-30,2019063001005999,CBL,40,7,"2,000",144.00,"288,000.00"
2019-06-30,2019063001005998,CBL,39,7,"2,000",144.00,"288,000.00"
2019-06-30,2019063001005931,CBL,17,7,"1,955",144.00,"281,520.00"
2019-06-30,2019063001005842,CBL,45,7,350,144.00,"50,400.00"
2019-06-30,2019063001005839,CBL,54,7,200,144.00,"28,800.00"
2019-06-30,2019063001005811,CBL,13,7,69,144.00,"9,936.00"
2019-06-30,2019063001005796,CBL,57,7,500,144.00,"72,000.00"
2019-06-30,2019063001006194,CCBL,49,41,13,165.00,"2,145.00"
2019-06-30,2019063001006138,CCBL,14,7,500,166.00,"83,000.00"
2019-06-30,2019063001006137,CCBL,57,7,50,166.00,"8,300.00"
2019-06-30,2019063001006136,CCBL,37,7,425,166.00,"70,550.00"
2019-06-30,2019063001006133,CCBL,37,49,75,166.00,"12,450.00"
2019-06-30,2019063001006132,CCBL,56,49,100,166.00,"16,600.00"
2019-06-30,2019063001006131,CCBL,39,49,25,166.00,"4,150.00"
2019-06-30,2019063001006077,CCBL,39,25,132,166.00,"21,912.00"
2019-06-30,2019063001005907,CCBL,55,37,10,167.00,"1,670.00"
2019-06-30,2019063001005715,CCBL,39,1,100,166.00,"16,600.00"
2019-06-30,2019063001006080,CHCL,44,13,50,505.00,"25,250.00"
2019-06-30,2019063001006079,CHCL,44,13,50,505.00,"25,250.00"
2019-06-30,2019063001006078,CHCL,56,13,71,505.00,"35,855.00"
2019-06-30,2019063001005802,CHCL,56,13,169,505.00,"85,345.00"
2019-06-30,2019063001005790,CHCL,45,13,"1,000",505.00,"505,000.00"
2019-06-30,2019063001005789,CHCL,57,13,50,505.00,"25,250.00"
2019-06-30,2019063001005782,CHCL,41,13,102,506.00,"51,612.00"
2019-06-30,2019063001005781,CHCL,28,13,320,506.00,"161,920.00"
2019-06-30,2019063001005746,CHCL,10,39,192,508.00,"97,536.00"
2019-06-30,2019063001005788,CHCL,44,13,50,505.00,"25,250.00"
2019-06-30,2019063001005787,CHCL,16,13,500,505.00,"252,500.00"
2019-06-30,2019063001005786,CHCL,56,13,29,505.00,"14,645.00"
2019-06-30,2019063001005785,CHCL,6,13,50,505.00,"25,250.00"
2019-06-30,2019063001005784,CHCL,6,13,30,505.00,"15,150.00"
2019-06-30,2019063001005783,CHCL,29,13,200,505.00,"101,000.00"
2019-06-30,2019063001005948,CLBSL,58,57,30,503.00,"15,090.00"
2019-06-30,2019063001005915,CLBSL,58,57,20,503.00,"10,060.00"
2019-06-30,2019063001005762,CLBSL,58,57,15,503.00,"7,545.00"
2019-06-30,2019063001005758,CLBSL,58,57,15,503.00,"7,545.00"
2019-06-30,2019063001006200,CZBIL,56,43,184,220.00,"40,480.00"
2019-06-30,2019063001006160,CZBIL,28,44,160,221.00,"35,360.00"
2019-06-30,2019063001006082,CZBIL,56,4,164,220.00,"36,080.00"
2019-06-30,2019063001006081,CZBIL,39,4,36,220.00,"7,920.00"
2019-06-30,2019063001005887,CZBIL,39,10,100,220.00,"22,000.00"
2019-06-30,2019063001005744,CZBIL,39,53,864,220.00,"190,080.00"
2019-06-30,2019063001005743,CZBIL,29,53,100,220.00,"22,000.00"
2019-06-30,2019063001005742,CZBIL,6,53,36,220.00,"7,920.00"
2019-06-30,2019063001005732,CZBIL,20,44,250,221.00,"55,250.00"
2019-06-30,2019063001005719,CZBIL,20,1,100,221.00,"22,100.00"
2019-06-30,2019063001006005,DBBL,32,44,92,137.00,"12,604.00"
2019-06-30,2019063001005966,DBBL,41,44,200,137.00,"27,400.00"
2019-06-30,2019063001005840,DBBL,42,44,500,137.00,"68,500.00"
2019-06-30,2019063001005799,DBBL,59,44,100,137.00,"13,700.00"
2019-06-30,2019063001006098,EBL,33,25,178,656.00,"116,768.00"
2019-06-30,2019063001006094,EBL,26,39,100,657.00,"65,700.00"
2019-06-30,2019063001006093,EBL,44,39,100,657.00,"65,700.00"
2019-06-30,2019063001006092,EBL,44,39,50,657.00,"32,850.00"
2019-06-30,2019063001005824,EBL,48,52,16,658.00,"10,528.00"
2019-06-30,2019063001005823,EBL,33,52,200,658.00,"131,600.00"
2019-06-30,2019063001005707,EBL,6,43,30,658.00,"19,740.00"
2019-06-30,2019063001005808,FMDBL,37,58,49,376.00,"18,424.00"
2019-06-30,2019063001005807,FMDBL,47,58,300,376.00,"112,800.00"
2019-06-30,2019063001005705,FMDBL,47,5,100,376.00,"37,600.00"
2019-06-30,2019063001005704,FMDBL,59,5,150,377.00,"56,550.00"
2019-06-30,2019063001005703,FMDBL,41,5,100,378.00,"37,800.00"
2019-06-30,2019063001005884,GBIME,7,53,400,299.00,"119,600.00"
2019-06-30,2019063001005857,GBIME,14,46,500,300.00,"150,000.00"
2019-06-30,2019063001005949,GDBL,40,29,78,207.00,"16,146.00"
2019-06-30,2019063001005834,GDBL,40,52,300,207.00,"62,100.00"
2019-06-30,2019063001005954,GHL,59,58,30,80.00,"2,400.00"
2019-06-30,2019063001006000,GLBSL,18,51,10,382.00,"3,820.00"
2019-06-30,2019063001005986,GLBSL,18,51,10,382.00,"3,820.00"
2019-06-30,2019063001005968,GLBSL,48,51,10,381.00,"3,810.00"
2019-06-30,2019063001005936,GLICL,57,50,100,470.00,"47,000.00"
2019-06-30,2019063001006104,GMFBS,28,20,10,430.00,"4,300.00"
2019-06-30,2019063001006031,GMFBS,26,47,10,430.00,"4,300.00"
2019-06-30,2019063001006003,GMFBS,26,34,10,430.00,"4,300.00"
2019-06-30,2019063001005994,GMFBS,26,55,10,430.00,"4,300.00"
2019-06-30,2019063001005917,GMFBS,26,6,10,430.00,"4,300.00"
2019-06-30,2019063001005859,GMFBS,26,56,10,430.00,"4,300.00"
2019-06-30,2019063001005855,GMFBS,26,58,10,430.00,"4,300.00"
2019-06-30,2019063001005745,GMFBS,26,42,10,430.00,"4,300.00"
2019-06-30,2019063001005726,GMFBS,26,42,10,430.00,"4,300.00"
2019-06-30,2019063001005711,GMFBS,26,42,10,430.00,"4,300.00"
2019-06-30,2019063001006017,GRDBL,59,41,195,112.00,"21,840.00"
2019-06-30,2019063001006016,GRDBL,41,41,100,112.00,"11,200.00"
2019-06-30,2019063001006015,GRDBL,32,41,300,112.00,"33,600.00"
2019-06-30,2019063001006014,GRDBL,49,41,100,112.00,"11,200.00"
2019-06-30,2019063001006013,GRDBL,42,41,25,112.00,"2,800.00"
2019-06-30,2019063001006012,GRDBL,3,41,200,112.00,"22,400.00"
2019-06-30,2019063001006011,GRDBL,57,41,60,112.00,"6,720.00"
2019-06-30,2019063001005920,GRDBL,57,16,340,112.00,"38,080.00"
2019-06-30,2019063001005919,GRDBL,59,16,20,113.00,"2,260.00"
2019-06-30,2019063001006030,HBL,22,1,65,548.00,"35,620.00"
2019-06-30,2019063001005903,HBL,18,41,378,549.00,"207,522.00"
2019-06-30,2019063001006147,HDL,32,50,100,"1,685.00","168,500.00"
2019-06-30,2019063001006067,HDL,32,45,290,"1,685.00","488,650.00"
2019-06-30,2019063001006066,HDL,7,45,280,"1,686.00","472,080.00"
2019-06-30,2019063001006065,HDL,58,45,100,"1,686.00","168,600.00"
2019-06-30,2019063001006064,HDL,3,45,10,"1,686.00","16,860.00"
2019-06-30,2019063001006063,HDL,7,45,370,"1,687.00","624,190.00"
2019-06-30,2019063001006062,HDL,47,45,100,"1,690.00","169,000.00"
2019-06-30,2019063001005805,HDL,7,54,370,"1,695.00","627,150.00"
2019-06-30,2019063001006121,HIDCL,8,25,25,158.00,"3,950.00"
2019-06-30,2019063001006058,HIDCL,8,16,54,158.00,"8,532.00"
2019-06-30,2019063001006057,HIDCL,44,16,200,159.00,"31,800.00"
2019-06-30,2019063001006056,HIDCL,16,16,47,159.00,"7,473.00"
2019-06-30,2019063001005960,HPPL,35,14,10,177.00,"1,770.00"
2019-06-30,2019063001005959,HPPL,35,20,20,177.00,"3,540.00"
2019-06-30,2019063001006002,HURJA,29,39,20,143.00,"2,860.00"
2019-06-30,2019063001005989,HURJA,29,29,20,143.00,"2,860.00"
2019-06-30,2019063001005988,HURJA,29,39,20,143.00,"2,860.00"
2019-06-30,2019063001005987,HURJA,29,25,20,143.00,"2,860.00"
2019-06-30,2019063001005955,HURJA,29,51,20,143.00,"2,860.00"
2019-06-30,2019063001005774,HURJA,29,29,20,143.00,"2,860.00"
2019-06-30,2019063001005821,ICFC,22,44,234,160.00,"37,440.00"
2019-06-30,2019063001006001,JBBL,41,3,200,155.00,"31,000.00"
2019-06-30,2019063001005826,JBBL,58,1,600,154.00,"92,400.00"
2019-06-30,2019063001006197,JBNL,42,50,200,206.00,"41,200.00"
2019-06-30,2019063001006189,JBNL,45,50,200,206.00,"41,200.00"
2019-06-30,2019063001006188,JBNL,13,50,50,206.00,"10,300.00"
2019-06-30,2019063001006187,JBNL,38,50,500,206.00,"103,000.00"
2019-06-30,2019063001006186,JBNL,35,50,90,206.00,"18,540.00"
2019-06-30,2019063001005916,JBNL,35,22,10,206.00,"2,060.00"
2019-06-30,2019063001005752,JBNL,44,45,284,206.00,"58,504.00"
2019-06-30,2019063001005751,JBNL,22,45,"1,716",206.00,"353,496.00"
2019-06-30,2019063001005768,JBNL,48,4,100,206.00,"20,600.00"
2019-06-30,2019063001005767,JBNL,32,4,500,206.00,"103,000.00"
2019-06-30,2019063001005766,JBNL,33,4,50,206.00,"10,300.00"
2019-06-30,2019063001005765,JBNL,38,4,50,206.00,"10,300.00"
2019-06-30,2019063001005764,JBNL,44,4,"1,000",206.00,"206,000.00"
2019-06-30,2019063001005763,JBNL,44,4,716,206.00,"147,496.00"
2019-06-30,2019063001005833,JBNL,56,4,784,206.00,"161,504.00"
2019-06-30,2019063001005773,JBNL,25,4,50,206.00,"10,300.00"
2019-06-30,2019063001005772,JBNL,34,4,200,206.00,"41,200.00"
2019-06-30,2019063001005771,JBNL,37,4,500,206.00,"103,000.00"
2019-06-30,2019063001005770,JBNL,39,4,50,206.00,"10,300.00"
2019-06-30,2019063001005769,JBNL,34,4,500,206.00,"103,000.00"
2019-06-30,2019063001005798,JFL,6,28,113,174.00,"19,662.00"
2019-06-30,2019063001006168,JOSHI,22,48,20,81.00,"1,620.00"
2019-06-30,2019063001006074,JOSHI,22,48,20,81.00,"1,620.00"
2019-06-30,2019063001006004,JOSHI,22,25,20,81.00,"1,620.00"
2019-06-30,2019063001005985,JOSHI,22,48,10,81.00,810.00
2019-06-30,2019063001005921,JOSHI,22,48,20,81.00,"1,620.00"
2019-06-30,2019063001005822,JSLBB,32,40,10,"1,135.00","11,350.00"
2019-06-30,2019063001005970,KADBL,21,42,30,193.00,"5,790.00"
2019-06-30,2019063001005956,KADBL,21,42,30,193.00,"5,790.00"
2019-06-30,2019063001005867,KBBL,22,17,79,231.00,"18,249.00"
2019-06-30,2019063001006139,KBL,42,25,41,211.00,"8,651.00"
2019-06-30,2019063001005748,KBL,56,44,115,212.00,"24,380.00"
2019-06-30,2019063001005846,KPCL,3,14,10,92.00,920.00
2019-06-30,2019063001005725,KPCL,3,14,10,92.00,920.00
2019-06-30,2019063001005935,KPCL,59,16,260,91.00,"23,660.00"
2019-06-30,2019063001005934,KPCL,3,16,150,92.00,"13,800.00"
2019-06-30,2019063001005888,KPCL,3,14,10,92.00,920.00
2019-06-30,2019063001006049,KSBBL,33,26,306,154.00,"47,124.00"
2019-06-30,2019063001005841,KSBBL,56,48,923,155.00,"143,065.00"
2019-06-30,2019063001006179,LBBL,39,6,200,196.00,"39,200.00"
2019-06-30,2019063001006060,LBL,41,52,171,220.00,"37,620.00"
2019-06-30,2019063001006103,LGIL,21,56,200,423.00,"84,600.00"
2019-06-30,2019063001006102,LGIL,37,56,150,423.00,"63,450.00"
2019-06-30,2019063001006101,LGIL,40,56,100,425.00,"42,500.00"
2019-06-30,2019063001006100,LGIL,55,56,500,425.00,"212,500.00"
2019-06-30,2019063001006099,LGIL,36,56,28,425.00,"11,900.00"
2019-06-30,2019063001005893,LGIL,51,35,900,426.00,"383,400.00"
2019-06-30,2019063001005875,LGIL,51,14,100,426.00,"42,600.00"
2019-06-30,2019063001005874,LGIL,35,14,200,426.00,"85,200.00"
2019-06-30,2019063001006161,LICN,22,45,10,"1,590.00","15,900.00"
2019-06-30,2019063001006124,LICN,14,14,60,"1,571.00","94,260.00"
2019-06-30,2019063001006123,LICN,14,14,15,"1,574.00","23,610.00"
2019-06-30,2019063001006190,MEGA,13,16,404,199.00,"80,396.00"
2019-06-30,2019063001006180,MEGA,28,25,105,198.00,"20,790.00"
2019-06-30,2019063001006083,MEGA,34,52,39,199.00,"7,761.00"
2019-06-30,2019063001005947,MEGAPO,33,35,"11,654",106.00,"1,235,324.00"
2019-06-30,2019063001005946,MEGAPO,33,35,"11,654",106.00,"1,235,324.00"
2019-06-30,2019063001005945,MEGAPO,33,35,"23,309",106.00,"2,470,754.00"
2019-06-30,2019063001006148,MHNL,36,22,20,103.00,"2,060.00"
2019-06-30,2019063001006140,MHNL,36,47,40,103.00,"4,120.00"
2019-06-30,2019063001006175,MLBL,39,45,56,192.00,"10,752.00"
2019-06-30,2019063001006174,MLBL,39,44,144,192.00,"27,648.00"
2019-06-30,2019063001005741,MLBL,38,28,793,191.00,"151,463.00"
2019-06-30,2019063001005740,MLBL,33,28,287,191.00,"54,817.00"
2019-06-30,2019063001005797,MNBBL,16,29,109,365.00,"39,785.00"
2019-06-30,2019063001005880,MPFL,43,21,25,123.00,"3,075.00"
2019-06-30,2019063001005870,MPFL,43,21,46,123.00,"5,658.00"
2019-06-30,2019063001005914,NABIL,52,42,50,787.00,"39,350.00"
2019-06-30,2019063001005913,NABIL,52,40,23,787.00,"18,101.00"
2019-06-30,2019063001005912,NABIL,3,40,25,787.00,"19,675.00"
2019-06-30,2019063001005890,NABIL,26,34,10,788.00,"7,880.00"
2019-06-30,2019063001005866,NABIL,38,34,50,788.00,"39,400.00"
2019-06-30,2019063001005827,NABIL,49,34,50,788.00,"39,400.00"
2019-06-30,2019063001006195,NAGRO,21,44,10,482.00,"4,820.00"
2019-06-30,2019063001005941,NAGRO,21,37,10,482.00,"4,820.00"
2019-06-30,2019063001005937,NAGRO,21,6,10,482.00,"4,820.00"
2019-06-30,2019063001005925,NAGRO,21,37,10,482.00,"4,820.00"
2019-06-30,2019063001005858,NAGRO,21,58,10,482.00,"4,820.00"
2019-06-30,2019063001005984,NBB,37,56,289,220.00,"63,580.00"
2019-06-30,2019063001005983,NBB,44,56,200,220.00,"44,000.00"
2019-06-30,2019063001005982,NBB,55,56,20,220.00,"4,400.00"
2019-06-30,2019063001005981,NBB,43,56,100,220.00,"22,000.00"
2019-06-30,2019063001005980,NBB,26,56,50,220.00,"11,000.00"
2019-06-30,2019063001005979,NBB,14,56,100,220.00,"22,000.00"
2019-06-30,2019063001005972,NBB,49,56,641,220.00,"141,020.00"
2019-06-30,2019063001005933,NBB,49,22,359,220.00,"78,980.00"
2019-06-30,2019063001005932,NBB,5,22,641,220.00,"141,020.00"
2019-06-30,2019063001005889,NBB,5,54,76,220.00,"16,720.00"
2019-06-30,2019063001005978,NBB,26,56,500,220.00,"110,000.00"
2019-06-30,2019063001005977,NBB,17,56,200,220.00,"44,000.00"
2019-06-30,2019063001005976,NBB,58,56,"1,000",220.00,"220,000.00"
2019-06-30,2019063001005975,NBB,38,56,200,220.00,"44,000.00"
2019-06-30,2019063001005974,NBB,38,56,200,220.00,"44,000.00"
2019-06-30,2019063001005973,NBB,44,56,500,220.00,"110,000.00"
2019-06-30,2019063001006166,NBL,56,6,"1,000",334.00,"334,000.00"
2019-06-30,2019063001006165,NBL,56,49,200,334.00,"66,800.00"
2019-06-30,2019063001006134,NBL,43,33,500,333.00,"166,500.00"
2019-06-30,2019063001006044,NBL,56,58,"3,000",334.00,"1,002,000.00"
2019-06-30,2019063001006043,NBL,56,58,"1,500",334.00,"501,000.00"
2019-06-30,2019063001006021,NBL,56,58,"1,000",334.00,"334,000.00"
2019-06-30,2019063001006009,NBL,48,58,"1,000",334.00,"334,000.00"
2019-06-30,2019063001005963,NBL,43,41,250,333.00,"83,250.00"
2019-06-30,2019063001005853,NBL,56,49,750,334.00,"250,500.00"
2019-06-30,2019063001005810,NBL,49,49,"1,000",334.00,"334,000.00"
2019-06-30,2019063001005714,NBL,48,49,200,334.00,"66,800.00"
2019-06-30,2019063001005713,NBL,14,49,50,334.00,"16,700.00"
2019-06-30,2019063001006170,NCCB,21,43,50,246.00,"12,300.00"
2019-06-30,2019063001006032,NCCB,56,43,50,246.00,"12,300.00"
2019-06-30,2019063001005911,NCCB,25,43,100,246.00,"24,600.00"
2019-06-30,2019063001005852,NCCB,13,43,18,246.00,"4,428.00"
2019-06-30,2019063001005851,NCCB,6,43,10,246.00,"2,460.00"
2019-06-30,2019063001005730,NCCB,17,43,500,246.00,"123,000.00"
2019-06-30,2019063001005721,NCCB,41,43,150,246.00,"36,900.00"
2019-06-30,2019063001005720,NCCB,41,57,50,246.00,"12,300.00"
2019-06-30,2019063001005738,NGPL,34,5,81,115.00,"9,315.00"
2019-06-30,2019063001005737,NGPL,17,5,200,115.00,"23,000.00"
2019-06-30,2019063001005736,NGPL,17,5,175,115.00,"20,125.00"
2019-06-30,2019063001006167,NIB,39,25,43,524.00,"22,532.00"
2019-06-30,2019063001005873,NIB,53,13,"1,000",523.00,"523,000.00"
2019-06-30,2019063001005872,NIB,19,13,100,523.00,"52,300.00"
2019-06-30,2019063001005871,NIB,1,13,17,523.00,"8,891.00"
2019-06-30,2019063001005831,NIB,1,35,44,523.00,"23,012.00"
2019-06-30,2019063001005750,NIB,1,43,24,523.00,"12,552.00"
2019-06-30,2019063001005710,NIB,1,1,15,523.00,"7,845.00"
2019-06-30,2019063001005709,NIB,54,1,10,523.00,"5,230.00"
2019-06-30,2019063001006164,NICA,45,26,500,457.00,"228,500.00"
2019-06-30,2019063001006163,NICA,8,26,100,457.00,"45,700.00"
2019-06-30,2019063001006162,NICA,38,26,50,457.00,"22,850.00"
2019-06-30,2019063001005843,NICA,54,52,180,459.00,"82,620.00"
2019-06-30,2019063001005815,NICA,54,38,20,458.00,"9,160.00"
2019-06-30,2019063001005795,NICA,38,53,500,457.00,"228,500.00"
2019-06-30,2019063001005756,NICA,38,58,450,457.00,"205,650.00"
2019-06-30,2019063001005755,NICA,48,58,50,457.00,"22,850.00"
2019-06-30,2019063001005754,NICA,6,58,"2,000",457.00,"914,000.00"
2019-06-30,2019063001005753,NICA,56,58,500,457.00,"228,500.00"
2019-06-30,2019063001005735,NICA,34,38,210,458.00,"96,180.00"
2019-06-30,2019063001005734,NICA,56,38,270,458.00,"123,660.00"
2019-06-30,2019063001005876,NIL,35,58,50,465.00,"23,250.00"
2019-06-30,2019063001006199,NLIC,20,57,133,880.00,"117,040.00"
2019-06-30,2019063001006198,NLIC,20,13,67,879.00,"58,893.00"
2019-06-30,2019063001006036,NLIC,8,20,140,876.00,"122,640.00"
2019-06-30,2019063001006035,NLIC,42,20,30,876.00,"26,280.00"
2019-06-30,2019063001006034,NLIC,26,20,30,876.00,"26,280.00"
2019-06-30,2019063001005886,NLIC,39,49,71,875.00,"62,125.00"
2019-06-30,2019063001005885,NLIC,26,49,10,876.00,"8,760.00"
2019-06-30,2019063001005879,NMFBS,53,57,10,"1,420.00","14,200.00"
2019-06-30,2019063001005892,NUBL,6,49,90,834.00,"75,060.00"
2019-06-30,2019063001005759,NUBL,53,5,202,833.00,"168,266.00"
2019-06-30,2019063001005733,OHL,42,58,"1,250",610.00,"762,500.00"
2019-06-30,2019063001005724,OHL,16,58,500,613.00,"306,500.00"
2019-06-30,2019063001005723,OHL,44,58,100,614.00,"61,400.00"
2019-06-30,2019063001005722,OHL,38,58,10,624.00,"6,240.00"
2019-06-30,2019063001006192,PCBL,55,4,50,280.00,"14,000.00"
2019-06-30,2019063001006108,PCBL,55,58,"1,491",280.00,"417,480.00"
2019-06-30,2019063001006107,PCBL,6,58,888,280.00,"248,640.00"
2019-06-30,2019063001006088,PCBL,6,4,50,280.00,"14,000.00"
2019-06-30,2019063001006059,PCBL,6,4,50,280.00,"14,000.00"
2019-06-30,2019063001006038,PCBL,6,4,12,280.00,"3,360.00"
2019-06-30,2019063001005897,PCBL,26,22,84,280.00,"23,520.00"
2019-06-30,2019063001005835,PCBL,8,58,567,281.00,"159,327.00"
2019-06-30,2019063001005777,PCBL,26,5,108,280.00,"30,240.00"
2019-06-30,2019063001005776,PCBL,54,58,200,281.00,"56,200.00"
2019-06-30,2019063001005716,PCBL,48,58,20,281.00,"5,620.00"
2019-06-30,2019063001006037,PCBL,32,4,88,280.00,"24,640.00"
2019-06-30,2019063001005902,PCBL,32,22,212,280.00,"59,360.00"
2019-06-30,2019063001005901,PCBL,8,22,300,280.00,"84,000.00"
2019-06-30,2019063001005900,PCBL,1,22,200,280.00,"56,000.00"
2019-06-30,2019063001005899,PCBL,32,22,100,280.00,"28,000.00"
2019-06-30,2019063001005898,PCBL,47,22,100,280.00,"28,000.00"
2019-06-30,2019063001006120,PIC,14,16,16,953.00,"15,248.00"
2019-06-30,2019063001006008,PIC,35,16,10,953.00,"9,530.00"
2019-06-30,2019063001006007,PIC,47,16,50,953.00,"47,650.00"
2019-06-30,2019063001006006,PIC,49,16,10,954.00,"9,540.00"
2019-06-30,2019063001005895,PMHPL,57,14,10,105.00,"1,050.00"
2019-06-30,2019063001005877,PMHPL,57,14,10,105.00,"1,050.00"
2019-06-30,2019063001005825,PMHPL,57,49,10,105.00,"1,050.00"
2019-06-30,2019063001005739,PMHPL,57,14,10,105.00,"1,050.00"
2019-06-30,2019063001006106,PPCL,38,47,20,138.00,"2,760.00"
2019-06-30,2019063001005993,PPCL,38,43,30,138.00,"4,140.00"
2019-06-30,2019063001006042,PRIN,57,4,32,365.00,"11,680.00"
2019-06-30,2019063001006041,PRIN,34,4,50,365.00,"18,250.00"
2019-06-30,2019063001006040,PRIN,32,4,50,365.00,"18,250.00"
2019-06-30,2019063001006039,PRIN,32,4,500,366.00,"183,000.00"
2019-06-30,2019063001005794,PRIN,21,5,11,365.00,"4,015.00"
2019-06-30,2019063001005793,PRIN,41,5,100,368.00,"36,800.00"
2019-06-30,2019063001006075,PRVU,10,26,200,268.00,"53,600.00"
2019-06-30,2019063001006054,PRVU,10,6,291,268.00,"77,988.00"
2019-06-30,2019063001005814,PRVU,39,50,"1,000",268.00,"268,000.00"
2019-06-30,2019063001005809,PRVU,26,5,162,267.00,"43,254.00"
2019-06-30,2019063001005747,RADHI,22,14,11,143.00,"1,573.00"
2019-06-30,2019063001005850,RBCLPO,59,53,10,"8,456.00","84,560.00"
2019-06-30,2019063001005849,RBCLPO,41,53,10,"8,500.00","85,000.00"
2019-06-30,2019063001005848,RBCLPO,45,53,10,"8,510.00","85,100.00"
2019-06-30,2019063001005847,RBCLPO,26,53,10,"8,515.00","85,150.00"
2019-06-30,2019063001005908,RLFL,6,28,20,126.00,"2,520.00"
2019-06-30,2019063001005894,RLFL,1,28,65,127.00,"8,255.00"
2019-06-30,2019063001006047,RRHP,1,1,10,107.00,"1,070.00"
2019-06-30,2019063001005909,RRHP,1,14,10,107.00,"1,070.00"
2019-06-30,2019063001005828,RRHP,22,14,10,106.00,"1,060.00"
2019-06-30,2019063001005731,RRHP,44,45,30,107.00,"3,210.00"
2019-06-30,2019063001005820,RSDC,59,5,61,341.00,"20,801.00"
2019-06-30,2019063001005819,RSDC,36,5,50,341.00,"17,050.00"
2019-06-30,2019063001005818,RSDC,52,5,50,343.00,"17,150.00"
2019-06-30,2019063001005817,RSDC,41,5,19,343.00,"6,517.00"
2019-06-30,2019063001005816,RSDC,47,5,20,344.00,"6,880.00"
2019-06-30,2019063001005938,SADBL,28,45,500,150.00,"75,000.00"
2019-06-30,2019063001006173,SANIMA,41,50,100,348.00,"34,800.00"
2019-06-30,2019063001006172,SANIMA,49,50,383,348.00,"133,284.00"
2019-06-30,2019063001005967,SANIMA,56,57,15,349.00,"5,235.00"
2019-06-30,2019063001005869,SANIMA,49,58,217,348.00,"75,516.00"
2019-06-30,2019063001005868,SANIMA,56,58,200,348.00,"69,600.00"
2019-06-30,2019063001005864,SANIMA,49,57,50,349.00,"17,450.00"
2019-06-30,2019063001005803,SANIMA,17,29,71,349.00,"24,779.00"
2019-06-30,2019063001005727,SANIMA,25,20,50,350.00,"17,500.00"
2019-06-30,2019063001005863,SANIMA,57,57,100,349.00,"34,900.00"
2019-06-30,2019063001005862,SANIMA,11,57,108,349.00,"37,692.00"
2019-06-30,2019063001005861,SANIMA,34,57,200,349.00,"69,800.00"
2019-06-30,2019063001005860,SANIMA,26,57,655,349.00,"228,595.00"
2019-06-30,2019063001005832,SANIMA,26,36,116,349.00,"40,484.00"
2019-06-30,2019063001005804,SANIMA,26,29,229,349.00,"79,921.00"
2019-06-30,2019063001006196,SBI,56,33,12,463.00,"5,556.00"
2019-06-30,2019063001006072,SBI,56,28,811,465.00,"377,115.00"
2019-06-30,2019063001006071,SBI,56,39,160,465.00,"74,400.00"
2019-06-30,2019063001006070,SBI,56,16,200,465.00,"93,000.00"
2019-06-30,2019063001006069,SBI,56,39,40,464.00,"18,560.00"
2019-06-30,2019063001006068,SBI,56,57,20,463.00,"9,260.00"
2019-06-30,2019063001005965,SBI,38,16,44,462.00,"20,328.00"
2019-06-30,2019063001005943,SBI,49,43,52,462.00,"24,024.00"
2019-06-30,2019063001006182,SBL,17,35,500,319.00,"159,500.00"
2019-06-30,2019063001006181,SBL,17,35,20,319.00,"6,380.00"
2019-06-30,2019063001006176,SCB,16,13,150,659.00,"98,850.00"
2019-06-30,2019063001006130,SCB,39,43,20,658.00,"13,160.00"
2019-06-30,2019063001006109,SCB,17,39,196,656.00,"128,576.00"
2019-06-30,2019063001006051,SCB,17,52,170,656.00,"111,520.00"
2019-06-30,2019063001006050,SCB,42,52,40,657.00,"26,280.00"
2019-06-30,2019063001005964,SCB,42,56,10,657.00,"6,570.00"
2019-06-30,2019063001005891,SCB,35,56,20,657.00,"13,140.00"
2019-06-30,2019063001005778,SCB,34,14,10,657.00,"6,570.00"
2019-06-30,2019063001005749,SCB,34,42,10,657.00,"6,570.00"
2019-06-30,2019063001005929,SEOS,7,28,252,10.50,"2,646.00"
2019-06-30,2019063001005928,SEOS,7,28,"1,000",10.56,"10,560.00"
2019-06-30,2019063001005927,SEOS,7,28,"2,000",10.60,"21,200.00"
2019-06-30,2019063001005926,SEOS,49,28,"2,000",10.62,"21,240.00"
2019-06-30,2019063001006095,SHINE,26,55,300,251.00,"75,300.00"
2019-06-30,2019063001006159,SHIVM,58,21,92,622.00,"57,224.00"
2019-06-30,2019063001006158,SHIVM,51,21,58,622.00,"36,076.00"
2019-06-30,2019063001006157,SHIVM,57,21,50,622.00,"31,100.00"
2019-06-30,2019063001006156,SHIVM,52,21,100,622.00,"62,200.00"
2019-06-30,2019063001006155,SHIVM,10,21,500,622.00,"311,000.00"
2019-06-30,2019063001006154,SHIVM,52,21,150,622.00,"93,300.00"
2019-06-30,2019063001005904,SHIVM,10,10,70,625.00,"43,750.00"
2019-06-30,2019063001005878,SHIVM,50,56,10,623.00,"6,230.00"
2019-06-30,2019063001005761,SHIVM,10,38,25,622.00,"15,550.00"
2019-06-30,2019063001005718,SHIVM,50,38,50,621.00,"31,050.00"
2019-06-30,2019063001005708,SHIVM,7,38,25,622.00,"15,550.00"
2019-06-30,2019063001005702,SHIVM,58,48,50,622.00,"31,100.00"
2019-06-30,2019063001005971,SHIVM,50,58,230,625.00,"143,750.00"
2019-06-30,2019063001005969,SHIVM,42,58,500,625.00,"312,500.00"
2019-06-30,2019063001005958,SHIVM,58,58,200,625.00,"125,000.00"
2019-06-30,2019063001005942,SHIVM,14,14,50,627.00,"31,350.00"
2019-06-30,2019063001005906,SHIVM,10,17,200,626.00,"125,200.00"
2019-06-30,2019063001005905,SHIVM,10,44,50,626.00,"31,300.00"
2019-06-30,2019063001006033,SHIVM,50,36,200,624.00,"124,800.00"
2019-06-30,2019063001006029,SHIVM,50,36,200,624.00,"124,800.00"
2019-06-30,2019063001006028,SHIVM,57,36,200,624.00,"124,800.00"
2019-06-30,2019063001006027,SHIVM,57,58,300,624.00,"187,200.00"
2019-06-30,2019063001006026,SHIVM,40,58,200,624.00,"124,800.00"
2019-06-30,2019063001006010,SHIVM,50,58,"1,449",625.00,"905,625.00"
2019-06-30,2019063001006153,SHIVM,36,21,50,622.00,"31,100.00"
2019-06-30,2019063001006152,SHIVM,22,21,100,623.00,"62,300.00"
2019-06-30,2019063001006151,SHIVM,22,21,200,623.00,"124,600.00"
2019-06-30,2019063001006150,SHIVM,35,21,200,623.00,"124,600.00"
2019-06-30,2019063001006149,SHIVM,50,58,226,625.00,"141,250.00"
2019-06-30,2019063001006061,SHIVM,49,58,551,625.00,"344,375.00"
2019-06-30,2019063001006097,SHL,40,17,589,235.00,"138,415.00"
2019-06-30,2019063001006096,SHL,40,51,411,235.00,"96,585.00"
2019-06-30,2019063001006052,SHL,57,43,500,235.00,"117,500.00"
2019-06-30,2019063001006019,SHL,56,58,138,232.00,"32,016.00"
2019-06-30,2019063001006018,SHL,7,58,100,232.00,"23,200.00"
2019-06-30,2019063001005953,SHL,57,50,200,235.00,"47,000.00"
2019-06-30,2019063001005952,SHL,57,43,500,235.00,"117,500.00"
2019-06-30,2019063001005951,SHL,57,45,110,235.00,"25,850.00"
2019-06-30,2019063001006193,SHPC,53,50,100,246.00,"24,600.00"
2019-06-30,2019063001006178,SHPC,22,50,200,246.00,"49,200.00"
2019-06-30,2019063001006171,SHPC,22,50,100,246.00,"24,600.00"
2019-06-30,2019063001006141,SHPC,22,50,100,246.00,"24,600.00"
2019-06-30,2019063001006091,SHPC,6,16,10,245.00,"2,450.00"
2019-06-30,2019063001006090,SHPC,21,16,40,245.00,"9,800.00"
2019-06-30,2019063001006025,SHPC,28,43,850,245.00,"208,250.00"
2019-06-30,2019063001006024,SHPC,56,43,141,245.00,"34,545.00"
2019-06-30,2019063001005845,SIC,39,25,25,602.00,"15,050.00"
2019-06-30,2019063001005837,SIC,54,25,20,601.00,"12,020.00"
2019-06-30,2019063001006076,SICL,55,45,129,730.00,"94,170.00"
2019-06-30,2019063001006053,SICL,54,51,615,731.00,"449,565.00"
2019-06-30,2019063001005791,SICL,55,51,168,730.00,"122,640.00"
2019-06-30,2019063001005957,SIL,34,4,12,424.00,"5,088.00"
2019-06-30,2019063001005924,SIL,34,4,80,424.00,"33,920.00"
2019-06-30,2019063001005923,SIL,20,4,20,425.00,"8,500.00"
2019-06-30,2019063001005922,SIL,44,4,500,425.00,"212,500.00"
2019-06-30,2019063001005844,SINDU,57,29,100,137.00,"13,700.00"
2019-06-30,2019063001006129,SKBBL,22,41,250,930.00,"232,500.00"
2019-06-30,2019063001006128,SKBBL,53,41,500,931.00,"465,500.00"
2019-06-30,2019063001006127,SKBBL,40,41,250,931.00,"232,750.00"
2019-06-30,2019063001006126,SKBBL,22,41,317,932.00,"295,444.00"
2019-06-30,2019063001006125,SKBBL,6,41,100,932.00,"93,200.00"
2019-06-30,2019063001005830,SKBBL,22,4,103,935.00,"96,305.00"
2019-06-30,2019063001005813,SKBBL,32,4,100,935.00,"93,500.00"
2019-06-30,2019063001005812,SKBBL,47,4,31,935.00,"28,985.00"
2019-06-30,2019063001005865,SLBS,29,59,18,699.00,"12,582.00"
2019-06-30,2019063001005883,SLICL,52,49,42,450.00,"18,900.00"
2019-06-30,2019063001005882,SLICL,6,49,28,450.00,"12,600.00"
2019-06-30,2019063001005881,SLICL,49,49,30,451.00,"13,530.00"
2019-06-30,2019063001005829,SRBL,6,33,318,249.00,"79,182.00"
2019-06-30,2019063001005801,SRBL,6,48,818,249.00,"203,682.00"
2019-06-30,2019063001005800,SRBL,54,48,114,250.00,"28,500.00"
2019-06-30,2019063001005775,SRBL,54,35,86,250.00,"21,500.00"
2019-06-30,2019063001006115,SWBBL,44,19,793,880.00,"697,840.00"
2019-06-30,2019063001006114,SWBBL,20,19,50,881.00,"44,050.00"
2019-06-30,2019063001006113,SWBBL,55,19,50,881.00,"44,050.00"
2019-06-30,2019063001006112,SWBBL,34,19,24,882.00,"21,168.00"
2019-06-30,2019063001006111,SWBBL,20,19,10,890.00,"8,900.00"
2019-06-30,2019063001006110,SWBBL,53,19,10,892.00,"8,920.00"
2019-06-30,2019063001006191,TRH,36,42,30,306.00,"9,180.00"
2019-06-30,2019063001006055,TRH,44,43,500,304.00,"152,000.00"
2019-06-30,2019063001005930,UIC,6,40,30,874.00,"26,220.00"
2019-06-30,2019063001005838,UMHL,34,5,200,110.00,"22,000.00"
2019-06-30,2019063001005944,UPCL,13,58,50,91.00,"4,550.00"
2019-06-30,2019063001005918,UPCL,13,58,50,91.00,"4,550.00"
2019-06-30,2019063001006177,UPPER,8,33,40,264.00,"10,560.00"
2019-06-30,2019063001006122,UPPER,28,43,257,265.00,"68,105.00"
2019-06-30,2019063001006045,UPPER,8,40,40,264.00,"10,560.00"
2019-06-30,2019063001006023,UPPER,8,16,320,264.00,"84,480.00"
2019-06-30,2019063001006022,UPPER,39,16,110,264.00,"29,040.00"
2019-06-30,2019063001005992,UPPER,14,43,100,265.00,"26,500.00"
2019-06-30,2019063001005712,UPPER,41,44,40,265.00,"10,600.00"
2019-06-30,2019063001005706,UPPER,41,1,40,265.00,"10,600.00"
2019-06-30,2019063001005836,UPPER,41,47,40,265.00,"10,600.00"
2019-06-30,2019063001005779,UPPER,56,43,20,266.00,"5,320.00"
2019-06-30,2019063001005728,UPPER,41,1,50,265.00,"13,250.00"
2019-06-30,2019063001005717,UPPER,41,1,40,265.00,"10,600.00"
2019-06-30,2019063001005991,UPPER,45,43,300,265.00,"79,500.00"
2019-06-30,2019063001005990,UPPER,41,43,180,265.00,"47,700.00"
2019-06-30,2019063001005950,UPPER,41,42,40,265.00,"10,600.00"
2019-06-30,2019063001005408,ADBL,17,39,20,411.00,"8,220.00"
2019-06-30,2019063001005319,ADBL,41,19,50,410.00,"20,500.00"
2019-06-30,2019063001005318,ADBL,41,49,200,410.00,"82,000.00"
2019-06-30,2019063001005670,AHPC,45,5,61,103.00,"6,283.00"
2019-06-30,2019063001005669,AHPC,34,5,500,103.00,"51,500.00"
2019-06-30,2019063001005607,AHPC,43,28,160,102.00,"16,320.00"
2019-06-30,2019063001005606,AHPC,11,28,"1,000",102.00,"102,000.00"
2019-06-30,2019063001005605,AHPC,33,28,"1,000",102.00,"102,000.00"
2019-06-30,2019063001005604,AHPC,8,28,"1,000",102.00,"102,000.00"
2019-06-30,2019063001005218,AHPC,53,28,"2,000",102.00,"204,000.00"
2019-06-30,2019063001005217,AHPC,37,28,"1,000",102.00,"102,000.00"
2019-06-30,2019063001005216,AHPC,32,28,50,102.00,"5,100.00"
2019-06-30,2019063001005215,AHPC,37,28,700,102.00,"71,400.00"
2019-06-30,2019063001005603,AHPC,34,28,"1,000",102.00,"102,000.00"
2019-06-30,2019063001005602,AHPC,34,28,500,103.00,"51,500.00"
2019-06-30,2019063001005601,AHPC,17,28,300,103.00,"30,900.00"
2019-06-30,2019063001005600,AHPC,21,28,40,104.00,"4,160.00"
2019-06-30,2019063001005220,AHPC,16,28,200,102.00,"20,400.00"
2019-06-30,2019063001005219,AHPC,37,28,"1,000",102.00,"102,000.00"
2019-06-30,2019063001005596,ALBSL,16,18,10,390.00,"3,900.00"
2019-06-30,2019063001005538,ALBSL,16,18,10,390.00,"3,900.00"
2019-06-30,2019063001005550,ALICL,16,41,50,380.00,"19,000.00"
2019-06-30,2019063001005317,API,22,28,124,142.00,"17,608.00"
2019-06-30,2019063001005316,API,57,28,350,143.00,"50,050.00"
2019-06-30,2019063001005315,API,17,28,155,143.00,"22,165.00"
2019-06-30,2019063001005578,BFC,57,5,100,102.00,"10,200.00"
2019-06-30,2019063001005577,BFC,47,5,"1,000",102.00,"102,000.00"
2019-06-30,2019063001005427,BFC,32,48,200,103.00,"20,600.00"
2019-06-30,2019063001005426,BFC,14,48,100,103.00,"10,300.00"
2019-06-30,2019063001005684,BOKL,26,5,192,261.00,"50,112.00"
2019-06-30,2019063001005591,BOKL,17,13,20,262.00,"5,240.00"
2019-06-30,2019063001005590,BOKL,53,13,100,262.00,"26,200.00"
2019-06-30,2019063001005235,BOKL,52,7,102,262.00,"26,724.00"
2019-06-30,2019063001005661,BPCL,11,38,11,398.00,"4,378.00"
2019-06-30,2019063001005581,BPCL,11,37,33,398.00,"13,134.00"
2019-06-30,2019063001005543,BPCL,11,7,24,398.00,"9,552.00"
2019-06-30,2019063001005542,BPCL,7,7,50,398.00,"19,900.00"
2019-06-30,2019063001005541,BPCL,34,7,300,398.00,"119,400.00"
2019-06-30,2019063001005540,BPCL,8,7,500,398.00,"199,000.00"
2019-06-30,2019063001005539,BPCL,8,7,126,398.00,"50,148.00"
2019-06-30,2019063001005531,BPCL,8,36,11,398.00,"4,378.00"
2019-06-30,2019063001005524,BPCL,8,38,11,398.00,"4,378.00"
2019-06-30,2019063001005375,BPCL,8,38,11,398.00,"4,378.00"
2019-06-30,2019063001005328,BPCL,8,38,11,398.00,"4,378.00"
2019-06-30,2019063001005238,BPCL,34,20,11,399.00,"4,389.00"
2019-06-30,2019063001005555,CBBL,56,7,150,939.00,"140,850.00"
2019-06-30,2019063001005268,CBBL,56,7,850,939.00,"798,150.00"
2019-06-30,2019063001005267,CBBL,56,45,50,938.00,"46,900.00"
2019-06-30,2019063001005266,CBBL,56,19,100,937.00,"93,700.00"
2019-06-30,2019063001005648,CBL,44,7,30,144.00,"4,320.00"
2019-06-30,2019063001005568,CBL,37,7,500,144.00,"72,000.00"
2019-06-30,2019063001005567,CBL,52,7,200,144.00,"28,800.00"
2019-06-30,2019063001005566,CBL,44,7,100,144.00,"14,400.00"
2019-06-30,2019063001005565,CBL,35,7,100,144.00,"14,400.00"
2019-06-30,2019063001005564,CBL,45,7,36,144.00,"5,184.00"
2019-06-30,2019063001005290,CBL,45,21,64,144.00,"9,216.00"
2019-06-30,2019063001005289,CBL,34,21,16,144.00,"2,304.00"
2019-06-30,2019063001005234,CCBL,39,13,243,166.00,"40,338.00"
2019-06-30,2019063001005233,CCBL,36,13,482,166.00,"80,012.00"
2019-06-30,2019063001005232,CCBL,36,41,234,166.00,"38,844.00"
2019-06-30,2019063001005501,CHCL,28,25,81,506.00,"40,986.00"
2019-06-30,2019063001005494,CHCL,28,25,81,506.00,"40,986.00"
2019-06-30,2019063001005487,CHCL,28,25,18,506.00,"9,108.00"
2019-06-30,2019063001005486,CHCL,45,25,32,506.00,"16,192.00"
2019-06-30,2019063001005505,CIT,43,26,50,"2,450.00","122,500.00"
2019-06-30,2019063001005381,CIT,46,26,50,"2,450.00","122,500.00"
2019-06-30,2019063001005380,CIT,22,26,50,"2,455.00","122,750.00"
2019-06-30,2019063001005379,CIT,13,26,50,"2,455.00","122,750.00"
2019-06-30,2019063001005589,CZBIL,17,26,20,222.00,"4,440.00"
2019-06-30,2019063001005261,CZBIL,16,38,"1,000",221.00,"221,000.00"
2019-06-30,2019063001005260,CZBIL,11,38,390,221.00,"86,190.00"
2019-06-30,2019063001005685,DDBL,49,42,116,705.00,"81,780.00"
2019-06-30,2019063001005378,DDBL,35,58,80,706.00,"56,480.00"
2019-06-30,2019063001005352,DDBL,49,28,510,705.00,"359,550.00"
2019-06-30,2019063001005629,FMDBL,26,52,113,380.00,"42,940.00"
2019-06-30,2019063001005301,FMDBL,26,41,184,380.00,"69,920.00"
2019-06-30,2019063001005418,FOWAD,6,55,100,"1,314.00","131,400.00"
2019-06-30,2019063001005263,FOWAD,6,14,13,"1,315.00","17,095.00"
2019-06-30,2019063001005299,GBBL,58,4,876,220.00,"192,720.00"
2019-06-30,2019063001005298,GBBL,41,4,100,220.00,"22,000.00"
2019-06-30,2019063001005297,GBBL,44,4,200,220.00,"44,000.00"
2019-06-30,2019063001005296,GBBL,36,4,"1,800",220.00,"396,000.00"
2019-06-30,2019063001005295,GBBL,44,4,230,220.00,"50,600.00"
2019-06-30,2019063001005294,GBBL,40,4,"1,000",220.00,"220,000.00"
2019-06-30,2019063001005293,GBBL,49,4,"1,794",221.00,"396,474.00"
2019-06-30,2019063001005523,GBIME,17,46,20,300.00,"6,000.00"
2019-06-30,2019063001005282,GBIME,40,46,40,300.00,"12,000.00"
2019-06-30,2019063001005612,GBLBS,52,20,10,344.00,"3,440.00"
2019-06-30,2019063001005395,GHL,36,21,30,79.00,"2,370.00"
2019-06-30,2019063001005692,GLBSL,48,29,10,381.00,"3,810.00"
2019-06-30,2019063001005660,GLBSL,35,38,200,382.00,"76,400.00"
2019-06-30,2019063001005659,GLBSL,45,38,40,382.00,"15,280.00"
2019-06-30,2019063001005406,GLBSL,35,18,10,383.00,"3,830.00"
2019-06-30,2019063001005404,GLBSL,35,8,10,383.00,"3,830.00"
2019-06-30,2019063001005387,GLBSL,35,8,10,383.00,"3,830.00"
2019-06-30,2019063001005288,GLBSL,48,38,200,384.00,"76,800.00"
2019-06-30,2019063001005246,GLBSL,35,16,10,383.00,"3,830.00"
2019-06-30,2019063001005384,GLBSL,35,18,10,383.00,"3,830.00"
2019-06-30,2019063001005377,GLBSL,35,8,10,383.00,"3,830.00"
2019-06-30,2019063001005376,GLBSL,35,18,10,383.00,"3,830.00"
2019-06-30,2019063001005365,GLBSL,35,8,10,383.00,"3,830.00"
2019-06-30,2019063001005348,GLBSL,35,18,10,383.00,"3,830.00"
2019-06-30,2019063001005696,GLICL,45,49,50,468.00,"23,400.00"
2019-06-30,2019063001005676,GMFBS,26,18,10,430.00,"4,300.00"
2019-06-30,2019063001005652,GMFBS,51,34,10,432.00,"4,320.00"
2019-06-30,2019063001005617,GMFBS,26,18,10,430.00,"4,300.00"
2019-06-30,2019063001005561,GMFBS,26,28,10,430.00,"4,300.00"
2019-06-30,2019063001005532,GMFBS,26,28,10,430.00,"4,300.00"
2019-06-30,2019063001005493,GMFBS,26,28,10,430.00,"4,300.00"
2019-06-30,2019063001005330,GMFBS,38,18,10,428.00,"4,280.00"
2019-06-30,2019063001005307,GMFBS,38,18,10,428.00,"4,280.00"
2019-06-30,2019063001005270,GMFBS,38,10,10,428.00,"4,280.00"
2019-06-30,2019063001005231,GMFBS,38,18,10,428.00,"4,280.00"
2019-06-30,2019063001005432,GMFBS,26,18,10,430.00,"4,300.00"
2019-06-30,2019063001005370,GMFBS,26,18,10,430.00,"4,300.00"
2019-06-30,2019063001005361,GMFBS,26,34,10,430.00,"4,300.00"
2019-06-30,2019063001005360,GMFBS,26,34,10,430.00,"4,300.00"
2019-06-30,2019063001005359,GMFBS,26,37,10,430.00,"4,300.00"
2019-06-30,2019063001005358,GMFBS,26,37,10,430.00,"4,300.00"
2019-06-30,2019063001005385,GRDBL,59,1,100,113.00,"11,300.00"
2019-06-30,2019063001005349,GUFL,53,49,29,118.00,"3,422.00"
2019-06-30,2019063001005548,HBL,18,5,25,549.00,"13,725.00"
2019-06-30,2019063001005547,HBL,16,5,81,549.00,"44,469.00"
2019-06-30,2019063001005546,HBL,21,5,25,550.00,"13,750.00"
