Date,Transact. No.,Symbol,Buyer,Seller,Quantity,Rate,Amount
2021-03-29,2021032905022666,CGH,56,48,10,"1,930.00","19,300.00"
2021-03-29,2021032905022663,CGH,18,29,10,"1,929.00","19,290.00"
2021-03-29,2021032905022662,CGH,28,58,10,"1,930.00","19,300.00"
2021-03-29,2021032905022660,CGH,28,3,10,"1,930.00","19,300.00"
2021-03-29,2021032905022659,CGH,28,49,10,"1,930.00","19,300.00"
2021-03-29,2021032905022657,CGH,28,57,10,"1,930.00","19,300.00"
2021-03-29,2021032905022170,CGH,18,38,10,"1,925.00","19,250.00"
2021-03-29,2021032905022169,CGH,4,29,5,"1,925.00","9,625.00"
2021-03-29,2021032905022168,CGH,46,3,10,"1,927.00","19,270.00"
2021-03-29,2021032905022167,CGH,18,17,10,"1,925.00","19,250.00"
2021-03-29,2021032905022214,CGH,44,4,10,"1,926.00","19,260.00"
2021-03-29,2021032905022209,CGH,44,56,10,"1,926.00","19,260.00"
2021-03-29,2021032905022208,CGH,16,3,10,"1,927.00","19,270.00"
2021-03-29,2021032905022204,CGH,44,58,10,"1,926.00","19,260.00"
2021-03-29,2021032905022201,CGH,55,3,10,"1,927.00","19,270.00"
2021-03-29,2021032905022188,CGH,18,21,10,"1,925.00","19,250.00"
2021-03-29,2021032905022221,CGH,8,58,10,"1,927.00","19,270.00"
2021-03-29,2021032905022220,CGH,8,28,10,"1,927.00","19,270.00"
2021-03-29,2021032905022219,CGH,8,58,10,"1,927.00","19,270.00"
2021-03-29,2021032905022218,CGH,8,3,10,"1,927.00","19,270.00"
2021-03-29,2021032905022217,CGH,44,38,10,"1,926.00","19,260.00"
2021-03-29,2021032905022216,CGH,44,3,20,"1,926.00","38,520.00"
2021-03-29,2021032905022232,CGH,8,44,10,"1,927.00","19,270.00"
2021-03-29,2021032905022231,CGH,8,38,10,"1,927.00","19,270.00"
2021-03-29,2021032905022230,CGH,8,29,10,"1,927.00","19,270.00"
2021-03-29,2021032905022229,CGH,8,21,10,"1,927.00","19,270.00"
2021-03-29,2021032905022223,CGH,8,6,10,"1,927.00","19,270.00"
2021-03-29,2021032905022222,CGH,6,52,10,"1,928.00","19,280.00"
2021-03-29,2021032905022247,CGH,45,21,10,"1,928.00","19,280.00"
2021-03-29,2021032905022246,CGH,45,39,10,"1,928.00","19,280.00"
2021-03-29,2021032905022245,CGH,8,18,10,"1,927.00","19,270.00"
2021-03-29,2021032905022244,CGH,46,1,10,"1,928.00","19,280.00"
2021-03-29,2021032905022242,CGH,8,28,10,"1,927.00","19,270.00"
2021-03-29,2021032905022233,CGH,8,39,10,"1,927.00","19,270.00"
2021-03-29,2021032905022262,CGH,21,41,10,"1,928.00","19,280.00"
2021-03-29,2021032905022259,CGH,21,50,10,"1,928.00","19,280.00"
2021-03-29,2021032905022258,CGH,21,57,10,"1,928.00","19,280.00"
2021-03-29,2021032905022252,CGH,21,41,10,"1,928.00","19,280.00"
2021-03-29,2021032905022251,CGH,8,42,10,"1,927.00","19,270.00"
2021-03-29,2021032905022248,CGH,8,25,10,"1,927.00","19,270.00"
2021-03-29,2021032905022275,CGH,8,58,10,"1,927.00","19,270.00"
2021-03-29,2021032905022274,CGH,8,34,10,"1,927.00","19,270.00"
2021-03-29,2021032905022273,CGH,8,57,10,"1,927.00","19,270.00"
2021-03-29,2021032905022272,CGH,8,16,10,"1,927.00","19,270.00"
2021-03-29,2021032905022271,CGH,8,39,10,"1,927.00","19,270.00"
2021-03-29,2021032905022265,CGH,8,26,10,"1,927.00","19,270.00"
2021-03-29,2021032905022283,CGH,8,29,10,"1,927.00","19,270.00"
2021-03-29,2021032905022281,CGH,8,32,10,"1,927.00","19,270.00"
2021-03-29,2021032905022280,CGH,8,58,10,"1,927.00","19,270.00"
2021-03-29,2021032905022278,CGH,55,39,10,"1,928.00","19,280.00"
2021-03-29,2021032905022277,CGH,55,25,10,"1,928.00","19,280.00"
2021-03-29,2021032905022276,CGH,8,37,10,"1,927.00","19,270.00"
2021-03-29,2021032905022289,CGH,41,49,10,"1,929.00","19,290.00"
2021-03-29,2021032905022288,CGH,41,32,10,"1,929.00","19,290.00"
2021-03-29,2021032905022287,CGH,41,14,10,"1,929.00","19,290.00"
2021-03-29,2021032905022286,CGH,41,43,10,"1,929.00","19,290.00"
2021-03-29,2021032905022285,CGH,8,5,10,"1,927.00","19,270.00"
2021-03-29,2021032905022284,CGH,8,1,10,"1,927.00","19,270.00"
2021-03-29,2021032905022314,CGH,38,51,10,"1,928.00","19,280.00"
2021-03-29,2021032905022298,CGH,38,52,10,"1,928.00","19,280.00"
2021-03-29,2021032905022294,CGH,38,21,10,"1,928.00","19,280.00"
2021-03-29,2021032905022292,CGH,38,1,10,"1,928.00","19,280.00"
2021-03-29,2021032905022291,CGH,38,54,10,"1,928.00","19,280.00"
2021-03-29,2021032905022290,CGH,41,58,10,"1,929.00","19,290.00"
2021-03-29,2021032905022325,CGH,8,50,10,"1,927.00","19,270.00"
2021-03-29,2021032905022321,CGH,46,21,10,"1,929.00","19,290.00"
2021-03-29,2021032905022318,CGH,3,46,10,"1,928.00","19,280.00"
2021-03-29,2021032905022317,CGH,38,46,10,"1,928.00","19,280.00"
2021-03-29,2021032905022316,CGH,38,52,10,"1,928.00","19,280.00"
2021-03-29,2021032905022315,CGH,38,21,10,"1,928.00","19,280.00"
2021-03-29,2021032905022334,CGH,8,38,10,"1,927.00","19,270.00"
2021-03-29,2021032905022331,CGH,8,14,10,"1,927.00","19,270.00"
2021-03-29,2021032905022330,CGH,45,39,10,"1,928.00","19,280.00"
2021-03-29,2021032905022329,CGH,41,51,10,"1,928.00","19,280.00"
2021-03-29,2021032905022328,CGH,41,50,10,"1,928.00","19,280.00"
2021-03-29,2021032905022327,CGH,8,58,10,"1,927.00","19,270.00"
2021-03-29,2021032905022344,CGH,42,5,10,"1,929.00","19,290.00"
2021-03-29,2021032905022343,CGH,42,35,10,"1,929.00","19,290.00"
2021-03-29,2021032905022342,CGH,42,14,10,"1,928.00","19,280.00"
2021-03-29,2021032905022341,CGH,42,42,10,"1,928.00","19,280.00"
2021-03-29,2021032905022336,CGH,36,35,10,"1,927.00","19,270.00"
2021-03-29,2021032905022335,CGH,36,46,10,"1,927.00","19,270.00"
2021-03-29,2021032905022354,CGH,36,50,10,"1,927.00","19,270.00"
2021-03-29,2021032905022353,CGH,36,45,10,"1,927.00","19,270.00"
2021-03-29,2021032905022348,CGH,36,1,10,"1,927.00","19,270.00"
2021-03-29,2021032905022347,CGH,41,39,10,"1,929.00","19,290.00"
2021-03-29,2021032905022346,CGH,41,52,10,"1,929.00","19,290.00"
2021-03-29,2021032905022345,CGH,42,38,10,"1,929.00","19,290.00"
2021-03-29,2021032905022364,CGH,28,52,10,"1,930.00","19,300.00"
2021-03-29,2021032905022363,CGH,28,49,10,"1,929.00","19,290.00"
2021-03-29,2021032905022362,CGH,28,41,10,"1,929.00","19,290.00"
2021-03-29,2021032905022361,CGH,28,49,10,"1,928.00","19,280.00"
2021-03-29,2021032905022360,CGH,28,38,10,"1,928.00","19,280.00"
2021-03-29,2021032905022355,CGH,22,8,10,"1,927.00","19,270.00"
2021-03-29,2021032905022370,CGH,28,57,10,"1,930.00","19,300.00"
2021-03-29,2021032905022369,CGH,28,20,10,"1,930.00","19,300.00"
2021-03-29,2021032905022368,CGH,28,45,10,"1,930.00","19,300.00"
2021-03-29,2021032905022367,CGH,28,22,10,"1,930.00","19,300.00"
2021-03-29,2021032905022366,CGH,28,41,10,"1,930.00","19,300.00"
2021-03-29,2021032905022365,CGH,28,52,10,"1,930.00","19,300.00"
2021-03-29,2021032905022376,CGH,28,41,10,"1,930.00","19,300.00"
2021-03-29,2021032905022375,CGH,28,46,10,"1,930.00","19,300.00"
2021-03-29,2021032905022374,CGH,28,22,10,"1,930.00","19,300.00"
2021-03-29,2021032905022373,CGH,28,56,10,"1,930.00","19,300.00"
2021-03-29,2021032905022372,CGH,28,57,10,"1,930.00","19,300.00"
2021-03-29,2021032905022371,CGH,28,21,10,"1,930.00","19,300.00"
2021-03-29,2021032905022390,CGH,22,51,10,"1,927.00","19,270.00"
2021-03-29,2021032905022389,CGH,32,41,10,"1,928.00","19,280.00"
2021-03-29,2021032905022388,CGH,32,54,10,"1,928.00","19,280.00"
2021-03-29,2021032905022379,CGH,28,50,10,"1,930.00","19,300.00"
2021-03-29,2021032905022378,CGH,28,46,10,"1,930.00","19,300.00"
2021-03-29,2021032905022377,CGH,28,34,10,"1,930.00","19,300.00"
2021-03-29,2021032905022396,CGH,34,58,10,"1,928.00","19,280.00"
2021-03-29,2021032905022395,CGH,53,52,10,"1,927.00","19,270.00"
2021-03-29,2021032905022394,CGH,53,3,39,"1,927.00","75,153.00"
2021-03-29,2021032905022393,CGH,22,3,10,"1,927.00","19,270.00"
2021-03-29,2021032905022392,CGH,55,3,10,"1,928.00","19,280.00"
2021-03-29,2021032905022391,CGH,22,32,10,"1,927.00","19,270.00"
2021-03-29,2021032905022402,CGH,17,20,10,"1,930.00","19,300.00"
2021-03-29,2021032905022401,CGH,17,6,10,"1,929.00","19,290.00"
2021-03-29,2021032905022400,CGH,17,21,10,"1,929.00","19,290.00"
2021-03-29,2021032905022399,CGH,17,52,10,"1,929.00","19,290.00"
2021-03-29,2021032905022398,CGH,34,3,10,"1,928.00","19,280.00"
2021-03-29,2021032905022397,CGH,53,34,10,"1,929.00","19,290.00"
2021-03-29,2021032905022408,CGH,17,58,10,"1,930.00","19,300.00"
2021-03-29,2021032905022407,CGH,17,22,10,"1,930.00","19,300.00"
2021-03-29,2021032905022406,CGH,17,58,10,"1,930.00","19,300.00"
2021-03-29,2021032905022405,CGH,17,39,10,"1,930.00","19,300.00"
2021-03-29,2021032905022404,CGH,17,21,10,"1,930.00","19,300.00"
2021-03-29,2021032905022403,CGH,17,52,10,"1,930.00","19,300.00"
2021-03-29,2021032905022417,CGH,26,21,10,"1,928.00","19,280.00"
2021-03-29,2021032905022413,CGH,17,41,10,"1,930.00","19,300.00"
2021-03-29,2021032905022412,CGH,17,3,10,"1,930.00","19,300.00"
2021-03-29,2021032905022411,CGH,17,53,10,"1,930.00","19,300.00"
2021-03-29,2021032905022410,CGH,17,52,10,"1,930.00","19,300.00"
2021-03-29,2021032905022409,CGH,17,56,10,"1,930.00","19,300.00"
2021-03-29,2021032905022425,CGH,43,52,10,"1,928.00","19,280.00"
2021-03-29,2021032905022422,CGH,28,52,10,"1,930.00","19,300.00"
2021-03-29,2021032905022421,CGH,28,46,10,"1,930.00","19,300.00"
2021-03-29,2021032905022420,CGH,28,21,10,"1,930.00","19,300.00"
2021-03-29,2021032905022419,CGH,28,49,10,"1,930.00","19,300.00"
2021-03-29,2021032905022418,CGH,26,58,10,"1,928.00","19,280.00"
2021-03-29,2021032905022432,CGH,57,34,10,"1,927.00","19,270.00"
2021-03-29,2021032905022430,CGH,57,39,10,"1,927.00","19,270.00"
2021-03-29,2021032905022429,CGH,43,58,10,"1,928.00","19,280.00"
2021-03-29,2021032905022428,CGH,43,50,10,"1,928.00","19,280.00"
2021-03-29,2021032905022427,CGH,43,58,10,"1,928.00","19,280.00"
2021-03-29,2021032905022426,CGH,43,55,10,"1,928.00","19,280.00"
2021-03-29,2021032905022444,CGH,55,39,10,"1,928.00","19,280.00"
2021-03-29,2021032905022443,CGH,55,58,10,"1,928.00","19,280.00"
2021-03-29,2021032905022442,CGH,32,56,10,"1,928.00","19,280.00"
2021-03-29,2021032905022441,CGH,57,10,10,"1,927.00","19,270.00"
2021-03-29,2021032905022438,CGH,57,22,10,"1,927.00","19,270.00"
2021-03-29,2021032905022433,CGH,57,46,10,"1,927.00","19,270.00"
2021-03-29,2021032905022474,CGH,55,3,10,"1,928.00","19,280.00"
2021-03-29,2021032905022468,CGH,55,54,10,"1,928.00","19,280.00"
2021-03-29,2021032905022467,CGH,55,54,10,"1,928.00","19,280.00"
2021-03-29,2021032905022464,CGH,55,38,10,"1,928.00","19,280.00"
2021-03-29,2021032905022463,CGH,46,50,10,"1,929.00","19,290.00"
2021-03-29,2021032905022457,CGH,55,40,10,"1,928.00","19,280.00"
2021-03-29,2021032905022503,CGH,28,56,10,"1,929.00","19,290.00"
2021-03-29,2021032905022486,CGH,28,50,10,"1,929.00","19,290.00"
2021-03-29,2021032905022485,CGH,34,42,10,"1,929.00","19,290.00"
2021-03-29,2021032905022484,CGH,34,40,10,"1,929.00","19,290.00"
2021-03-29,2021032905022482,CGH,55,57,10,"1,928.00","19,280.00"
2021-03-29,2021032905022475,CGH,55,56,10,"1,928.00","19,280.00"
2021-03-29,2021032905022512,CGH,55,49,10,"1,928.00","19,280.00"
2021-03-29,2021032905022510,CGH,55,35,10,"1,928.00","19,280.00"
2021-03-29,2021032905022507,CGH,55,57,10,"1,928.00","19,280.00"
2021-03-29,2021032905022506,CGH,55,43,10,"1,928.00","19,280.00"
2021-03-29,2021032905022505,CGH,55,40,10,"1,928.00","19,280.00"
2021-03-29,2021032905022504,CGH,55,57,10,"1,928.00","19,280.00"
2021-03-29,2021032905022523,CGH,55,34,10,"1,928.00","19,280.00"
2021-03-29,2021032905022521,CGH,38,42,10,"1,930.00","19,300.00"
2021-03-29,2021032905022520,CGH,38,22,10,"1,930.00","19,300.00"
2021-03-29,2021032905022519,CGH,38,58,10,"1,930.00","19,300.00"
2021-03-29,2021032905022518,CGH,38,21,10,"1,930.00","19,300.00"
2021-03-29,2021032905022517,CGH,38,49,10,"1,930.00","19,300.00"
2021-03-29,2021032905022534,CGH,36,48,10,"1,928.00","19,280.00"
2021-03-29,2021032905022533,CGH,36,16,10,"1,928.00","19,280.00"
2021-03-29,2021032905022532,CGH,36,56,10,"1,928.00","19,280.00"
2021-03-29,2021032905022531,CGH,57,56,10,"1,927.00","19,270.00"
2021-03-29,2021032905022528,CGH,13,21,10,"1,928.00","19,280.00"
2021-03-29,2021032905022527,CGH,55,58,10,"1,928.00","19,280.00"
2021-03-29,2021032905022550,CGH,36,21,10,"1,928.00","19,280.00"
2021-03-29,2021032905022549,CGH,36,3,10,"1,928.00","19,280.00"
2021-03-29,2021032905022542,CGH,36,40,10,"1,928.00","19,280.00"
2021-03-29,2021032905022538,CGH,36,17,10,"1,928.00","19,280.00"
2021-03-29,2021032905022537,CGH,36,43,10,"1,928.00","19,280.00"
2021-03-29,2021032905022536,CGH,36,48,10,"1,928.00","19,280.00"
2021-03-29,2021032905022566,CGH,34,22,10,"1,928.00","19,280.00"
2021-03-29,2021032905022565,CGH,57,34,10,"1,927.00","19,270.00"
2021-03-29,2021032905022556,CGH,34,39,10,"1,930.00","19,300.00"
2021-03-29,2021032905022555,CGH,34,57,10,"1,929.00","19,290.00"
2021-03-29,2021032905022554,CGH,34,14,10,"1,928.00","19,280.00"
2021-03-29,2021032905022551,CGH,36,33,10,"1,928.00","19,280.00"
2021-03-29,2021032905022576,CGH,6,40,10,"1,929.00","19,290.00"
2021-03-29,2021032905022575,CGH,6,58,10,"1,928.00","19,280.00"
2021-03-29,2021032905022574,CGH,6,49,10,"1,928.00","19,280.00"
2021-03-29,2021032905022573,CGH,6,34,10,"1,928.00","19,280.00"
2021-03-29,2021032905022572,CGH,6,29,10,"1,928.00","19,280.00"
2021-03-29,2021032905022570,CGH,57,3,10,"1,927.00","19,270.00"
2021-03-29,2021032905022587,CGH,7,55,10,"1,928.00","19,280.00"
2021-03-29,2021032905022584,CGH,7,52,10,"1,928.00","19,280.00"
2021-03-29,2021032905022583,CGH,7,21,10,"1,928.00","19,280.00"
2021-03-29,2021032905022582,CGH,7,48,10,"1,928.00","19,280.00"
2021-03-29,2021032905022580,CGH,7,48,10,"1,928.00","19,280.00"
2021-03-29,2021032905022578,CGH,7,25,10,"1,928.00","19,280.00"
2021-03-29,2021032905022599,CGH,25,38,10,"1,928.00","19,280.00"
2021-03-29,2021032905022594,CGH,50,37,10,"1,928.00","19,280.00"
2021-03-29,2021032905022593,CGH,7,3,10,"1,928.00","19,280.00"
2021-03-29,2021032905022592,CGH,7,38,10,"1,928.00","19,280.00"
2021-03-29,2021032905022591,CGH,7,19,10,"1,928.00","19,280.00"
2021-03-29,2021032905022588,CGH,7,21,10,"1,928.00","19,280.00"
2021-03-29,2021032905022613,CGH,57,3,10,"1,927.00","19,270.00"
2021-03-29,2021032905022605,CGH,6,48,10,"1,928.00","19,280.00"
2021-03-29,2021032905022604,CGH,25,48,10,"1,928.00","19,280.00"
2021-03-29,2021032905022603,CGH,25,45,10,"1,928.00","19,280.00"
2021-03-29,2021032905022602,CGH,25,48,10,"1,928.00","19,280.00"
2021-03-29,2021032905022600,CGH,25,28,10,"1,928.00","19,280.00"
2021-03-29,2021032905022628,CGH,55,58,10,"1,929.00","19,290.00"
2021-03-29,2021032905022620,CGH,22,45,10,"1,927.00","19,270.00"
2021-03-29,2021032905022618,CGH,46,40,10,"1,928.00","19,280.00"
2021-03-29,2021032905022617,CGH,44,35,10,"1,927.00","19,270.00"
2021-03-29,2021032905022615,CGH,44,52,10,"1,927.00","19,270.00"
2021-03-29,2021032905022614,CGH,57,3,10,"1,927.00","19,270.00"
2021-03-29,2021032905022635,CGH,35,45,10,"1,928.00","19,280.00"
2021-03-29,2021032905022633,CGH,35,55,10,"1,928.00","19,280.00"
2021-03-29,2021032905022632,CGH,55,49,10,"1,929.00","19,290.00"
2021-03-29,2021032905022631,CGH,55,35,10,"1,929.00","19,290.00"
2021-03-29,2021032905022630,CGH,55,45,10,"1,929.00","19,290.00"
2021-03-29,2021032905022629,CGH,55,11,10,"1,929.00","19,290.00"
2021-03-29,2021032905022650,CGH,28,4,10,"1,930.00","19,300.00"
2021-03-29,2021032905022649,CGH,28,25,10,"1,930.00","19,300.00"
2021-03-29,2021032905022648,CGH,28,57,10,"1,930.00","19,300.00"
2021-03-29,2021032905022647,CGH,28,58,10,"1,930.00","19,300.00"
2021-03-29,2021032905022638,CGH,44,44,10,"1,930.00","19,300.00"
2021-03-29,2021032905022637,CGH,35,56,10,"1,928.00","19,280.00"
2021-03-29,2021032905022656,CGH,28,48,10,"1,930.00","19,300.00"
2021-03-29,2021032905022655,CGH,28,21,10,"1,930.00","19,300.00"
2021-03-29,2021032905022654,CGH,28,6,10,"1,930.00","19,300.00"
2021-03-29,2021032905022653,CGH,28,58,10,"1,930.00","19,300.00"
2021-03-29,2021032905022652,CGH,28,6,10,"1,930.00","19,300.00"
2021-03-29,2021032905022651,CGH,28,34,10,"1,930.00","19,300.00"
2021-03-29,2021032905022658,GLH,45,42,10,380.00,"3,800.00"
2021-03-29,2021032905022626,GLH,38,57,10,384.00,"3,840.00"
2021-03-29,2021032905022625,GLH,38,51,10,384.00,"3,840.00"
2021-03-29,2021032905022624,GLH,45,21,10,380.00,"3,800.00"
2021-03-29,2021032905022623,GLH,45,29,10,380.00,"3,800.00"
2021-03-29,2021032905022607,GLH,45,29,10,379.00,"3,790.00"
2021-03-29,2021032905022174,GLH,38,42,10,382.00,"3,820.00"
2021-03-29,2021032905022173,GLH,38,38,10,382.00,"3,820.00"
2021-03-29,2021032905022172,GLH,38,19,40,381.00,"15,240.00"
2021-03-29,2021032905022171,GLH,38,45,10,380.00,"3,800.00"
2021-03-29,2021032905022180,GLH,38,16,10,383.00,"3,830.00"
2021-03-29,2021032905022179,GLH,38,55,10,383.00,"3,830.00"
2021-03-29,2021032905022178,GLH,38,58,10,383.00,"3,830.00"
2021-03-29,2021032905022177,GLH,38,50,10,383.00,"3,830.00"
2021-03-29,2021032905022176,GLH,38,35,10,383.00,"3,830.00"
2021-03-29,2021032905022175,GLH,38,45,10,383.00,"3,830.00"
2021-03-29,2021032905022186,GLH,38,58,10,384.00,"3,840.00"
2021-03-29,2021032905022185,GLH,38,57,10,383.00,"3,830.00"
2021-03-29,2021032905022184,GLH,38,42,10,383.00,"3,830.00"
2021-03-29,2021032905022183,GLH,38,16,10,383.00,"3,830.00"
2021-03-29,2021032905022182,GLH,38,28,10,383.00,"3,830.00"
2021-03-29,2021032905022181,GLH,38,51,10,383.00,"3,830.00"
2021-03-29,2021032905022243,GLH,45,40,10,379.00,"3,790.00"
2021-03-29,2021032905022236,GLH,45,1,10,379.00,"3,790.00"
2021-03-29,2021032905022215,GLH,45,1,10,379.00,"3,790.00"
2021-03-29,2021032905022203,GLH,45,7,10,379.00,"3,790.00"
2021-03-29,2021032905022189,GLH,45,22,10,379.00,"3,790.00"
2021-03-29,2021032905022187,GLH,38,19,10,384.00,"3,840.00"
2021-03-29,2021032905022385,GLH,45,38,50,379.00,"18,950.00"
2021-03-29,2021032905022383,GLH,45,29,10,379.00,"3,790.00"
2021-03-29,2021032905022293,GLH,45,41,10,379.00,"3,790.00"
2021-03-29,2021032905022279,GLH,45,1,10,379.00,"3,790.00"
2021-03-29,2021032905022263,GLH,45,38,10,379.00,"3,790.00"
2021-03-29,2021032905022253,GLH,45,58,10,379.00,"3,790.00"
2021-03-29,2021032905022524,GLH,45,55,10,379.00,"3,790.00"
2021-03-29,2021032905022522,GLH,45,45,10,380.00,"3,800.00"
2021-03-29,2021032905022509,GLH,45,22,10,379.00,"3,790.00"
2021-03-29,2021032905022476,GLH,45,42,10,379.00,"3,790.00"
2021-03-29,2021032905022423,GLH,45,57,10,379.00,"3,790.00"
2021-03-29,2021032905022415,GLH,45,58,10,379.00,"3,790.00"
2021-03-29,2021032905022560,GLH,28,38,25,379.00,"9,475.00"
2021-03-29,2021032905022559,GLH,22,38,50,379.00,"18,950.00"
2021-03-29,2021032905022558,GLH,34,38,50,379.00,"18,950.00"
2021-03-29,2021032905022557,GLH,45,38,40,379.00,"15,160.00"
2021-03-29,2021032905022553,GLH,45,55,10,379.00,"3,790.00"
2021-03-29,2021032905022548,GLH,58,49,10,380.00,"3,800.00"
2021-03-29,2021032905022606,GLH,45,32,10,379.00,"3,790.00"
2021-03-29,2021032905022581,GLH,49,14,92,381.00,"35,052.00"
2021-03-29,2021032905022579,GLH,17,40,10,379.00,"3,790.00"
2021-03-29,2021032905022563,GLH,17,38,50,379.00,"18,950.00"
2021-03-29,2021032905022562,GLH,21,38,50,379.00,"18,950.00"
2021-03-29,2021032905022561,GLH,34,38,65,379.00,"24,635.00"
2021-03-29,2021032905022665,NIFRA,49,35,50,606.00,"30,300.00"
2021-03-29,2021032905022664,NIFRA,14,33,500,607.00,"303,500.00"
2021-03-29,2021032905022661,NIFRA,45,33,500,607.00,"303,500.00"
2021-03-29,2021032905022646,NIFRA,49,58,10,606.00,"6,060.00"
2021-03-29,2021032905022645,NIFRA,45,58,100,606.00,"60,600.00"
2021-03-29,2021032905022644,NIFRA,32,58,300,606.00,"181,800.00"
2021-03-29,2021032905022195,NIFRA,52,45,47,607.00,"28,529.00"
2021-03-29,2021032905022194,NIFRA,52,51,30,607.00,"18,210.00"
2021-03-29,2021032905022193,NIFRA,52,26,50,607.00,"30,350.00"
2021-03-29,2021032905022192,NIFRA,52,1,50,607.00,"30,350.00"
2021-03-29,2021032905022191,NIFRA,52,49,23,607.00,"13,961.00"
2021-03-29,2021032905022190,NIFRA,42,16,5,606.00,"3,030.00"
2021-03-29,2021032905022202,NIFRA,38,35,50,607.00,"30,350.00"
2021-03-29,2021032905022200,NIFRA,38,39,50,607.00,"30,350.00"
2021-03-29,2021032905022199,NIFRA,38,57,50,607.00,"30,350.00"
2021-03-29,2021032905022198,NIFRA,38,58,40,607.00,"24,280.00"
2021-03-29,2021032905022197,NIFRA,38,6,50,607.00,"30,350.00"
2021-03-29,2021032905022196,NIFRA,38,45,13,607.00,"7,891.00"
2021-03-29,2021032905022212,NIFRA,43,34,45,606.00,"27,270.00"
2021-03-29,2021032905022211,NIFRA,52,34,155,606.00,"93,930.00"
2021-03-29,2021032905022210,NIFRA,7,34,100,607.00,"60,700.00"
2021-03-29,2021032905022207,NIFRA,7,38,10,607.00,"6,070.00"
2021-03-29,2021032905022206,NIFRA,43,52,3,606.00,"1,818.00"
2021-03-29,2021032905022205,NIFRA,38,52,47,607.00,"28,529.00"
2021-03-29,2021032905022228,NIFRA,43,52,30,607.00,"18,210.00"
2021-03-29,2021032905022227,NIFRA,43,7,60,607.00,"36,420.00"
2021-03-29,2021032905022226,NIFRA,43,42,60,607.00,"36,420.00"
2021-03-29,2021032905022225,NIFRA,11,48,20,608.00,"12,160.00"
2021-03-29,2021032905022224,NIFRA,11,41,10,608.00,"6,080.00"
2021-03-29,2021032905022213,NIFRA,43,26,50,607.00,"30,350.00"
2021-03-29,2021032905022240,NIFRA,29,38,20,606.00,"12,120.00"
2021-03-29,2021032905022239,NIFRA,29,6,30,606.00,"18,180.00"
2021-03-29,2021032905022238,NIFRA,42,6,20,606.00,"12,120.00"
2021-03-29,2021032905022237,NIFRA,43,6,10,606.00,"6,060.00"
2021-03-29,2021032905022235,NIFRA,21,16,20,607.00,"12,140.00"
2021-03-29,2021032905022234,NIFRA,21,52,30,607.00,"18,210.00"
2021-03-29,2021032905022256,NIFRA,58,35,60,607.00,"36,420.00"
2021-03-29,2021032905022255,NIFRA,58,52,50,607.00,"30,350.00"
2021-03-29,2021032905022254,NIFRA,58,16,180,607.00,"109,260.00"
2021-03-29,2021032905022250,NIFRA,49,11,50,606.00,"30,300.00"
2021-03-29,2021032905022249,NIFRA,49,14,60,606.00,"36,360.00"
2021-03-29,2021032905022241,NIFRA,49,38,40,606.00,"24,240.00"
2021-03-29,2021032905022267,NIFRA,49,7,37,606.00,"22,422.00"
2021-03-29,2021032905022266,NIFRA,49,7,13,606.00,"7,878.00"
2021-03-29,2021032905022264,NIFRA,14,34,500,607.00,"303,500.00"
2021-03-29,2021032905022261,NIFRA,7,34,20,607.00,"12,140.00"
2021-03-29,2021032905022260,NIFRA,58,34,160,607.00,"97,120.00"
2021-03-29,2021032905022257,NIFRA,58,58,50,607.00,"30,350.00"
2021-03-29,2021032905022296,NIFRA,53,34,200,607.00,"121,400.00"
2021-03-29,2021032905022295,NIFRA,39,34,100,607.00,"60,700.00"
2021-03-29,2021032905022282,NIFRA,34,34,10,607.00,"6,070.00"
2021-03-29,2021032905022270,NIFRA,49,33,37,606.00,"22,422.00"
2021-03-29,2021032905022269,NIFRA,45,33,250,606.00,"151,500.00"
2021-03-29,2021032905022268,NIFRA,49,33,13,606.00,"7,878.00"
2021-03-29,2021032905022303,NIFRA,29,44,100,606.00,"60,600.00"
2021-03-29,2021032905022302,NIFRA,45,44,70,606.00,"42,420.00"
2021-03-29,2021032905022301,NIFRA,38,44,150,606.00,"90,900.00"
2021-03-29,2021032905022300,NIFRA,41,44,40,606.00,"24,240.00"
2021-03-29,2021032905022299,NIFRA,49,44,53,606.00,"32,118.00"
2021-03-29,2021032905022297,NIFRA,49,26,50,606.00,"30,300.00"
2021-03-29,2021032905022309,NIFRA,36,34,10,607.00,"6,070.00"
2021-03-29,2021032905022308,NIFRA,7,44,45,606.00,"27,270.00"
2021-03-29,2021032905022307,NIFRA,26,44,69,606.00,"41,814.00"
2021-03-29,2021032905022306,NIFRA,25,44,200,606.00,"121,200.00"
2021-03-29,2021032905022305,NIFRA,38,44,70,606.00,"42,420.00"
2021-03-29,2021032905022304,NIFRA,45,44,200,606.00,"121,200.00"
2021-03-29,2021032905022320,NIFRA,36,38,200,607.00,"121,400.00"
2021-03-29,2021032905022319,NIFRA,36,33,182,607.00,"110,474.00"
2021-03-29,2021032905022313,NIFRA,36,38,60,607.00,"36,420.00"
2021-03-29,2021032905022312,NIFRA,36,16,30,607.00,"18,210.00"
2021-03-29,2021032905022311,NIFRA,36,34,60,607.00,"36,420.00"
2021-03-29,2021032905022310,NIFRA,36,52,60,607.00,"36,420.00"
2021-03-29,2021032905022333,NIFRA,25,40,10,607.00,"6,070.00"
2021-03-29,2021032905022332,NIFRA,52,40,48,607.00,"29,136.00"
2021-03-29,2021032905022326,NIFRA,52,54,50,607.00,"30,350.00"
2021-03-29,2021032905022324,NIFRA,52,40,50,607.00,"30,350.00"
2021-03-29,2021032905022323,NIFRA,52,14,52,607.00,"31,564.00"
2021-03-29,2021032905022322,NIFRA,36,14,48,607.00,"29,136.00"
2021-03-29,2021032905022350,NIFRA,41,21,35,606.00,"21,210.00"
2021-03-29,2021032905022349,NIFRA,8,21,15,606.00,"9,090.00"
2021-03-29,2021032905022340,NIFRA,8,56,10,606.00,"6,060.00"
2021-03-29,2021032905022339,NIFRA,8,40,30,607.00,"18,210.00"
2021-03-29,2021032905022338,NIFRA,8,49,35,606.00,"21,210.00"
2021-03-29,2021032905022337,NIFRA,42,49,15,606.00,"9,090.00"
2021-03-29,2021032905022359,NIFRA,44,42,60,606.00,"36,360.00"
2021-03-29,2021032905022358,NIFRA,25,42,23,607.00,"13,961.00"
2021-03-29,2021032905022357,NIFRA,25,40,277,607.00,"168,139.00"
2021-03-29,2021032905022356,NIFRA,56,40,35,607.00,"21,245.00"
2021-03-29,2021032905022352,NIFRA,44,57,35,606.00,"21,210.00"
2021-03-29,2021032905022351,NIFRA,41,57,65,606.00,"39,390.00"
2021-03-29,2021032905022387,NIFRA,22,6,163,607.00,"98,941.00"
2021-03-29,2021032905022386,NIFRA,22,42,37,607.00,"22,459.00"
2021-03-29,2021032905022384,NIFRA,51,25,500,607.00,"303,500.00"
2021-03-29,2021032905022382,NIFRA,5,7,50,607.00,"30,350.00"
2021-03-29,2021032905022381,NIFRA,44,13,20,606.00,"12,120.00"
2021-03-29,2021032905022380,NIFRA,44,7,60,606.00,"36,360.00"
2021-03-29,2021032905022435,NIFRA,55,52,10,606.00,"6,060.00"
2021-03-29,2021032905022434,NIFRA,57,52,50,606.00,"30,300.00"
2021-03-29,2021032905022431,NIFRA,29,6,100,607.00,"60,700.00"
2021-03-29,2021032905022424,NIFRA,44,25,95,606.00,"57,570.00"
2021-03-29,2021032905022416,NIFRA,44,5,50,606.00,"30,300.00"
2021-03-29,2021032905022414,NIFRA,44,21,10,606.00,"6,060.00"
2021-03-29,2021032905022446,NIFRA,29,44,100,606.00,"60,600.00"
2021-03-29,2021032905022445,NIFRA,22,44,172,606.00,"104,232.00"
2021-03-29,2021032905022440,NIFRA,1,6,40,607.00,"24,280.00"
2021-03-29,2021032905022439,NIFRA,11,6,10,607.00,"6,070.00"
2021-03-29,2021032905022437,NIFRA,22,52,28,606.00,"16,968.00"
2021-03-29,2021032905022436,NIFRA,55,52,22,606.00,"13,332.00"
2021-03-29,2021032905022452,NIFRA,45,44,20,606.00,"12,120.00"
2021-03-29,2021032905022451,NIFRA,54,44,50,606.00,"30,300.00"
2021-03-29,2021032905022450,NIFRA,10,44,100,606.00,"60,600.00"
2021-03-29,2021032905022449,NIFRA,49,44,200,606.00,"121,200.00"
2021-03-29,2021032905022448,NIFRA,58,44,100,606.00,"60,600.00"
2021-03-29,2021032905022447,NIFRA,26,44,50,606.00,"30,300.00"
2021-03-29,2021032905022459,NIFRA,55,22,50,606.00,"30,300.00"
2021-03-29,2021032905022458,NIFRA,42,44,80,606.00,"48,480.00"
2021-03-29,2021032905022456,NIFRA,57,44,100,606.00,"60,600.00"
2021-03-29,2021032905022455,NIFRA,10,44,200,606.00,"121,200.00"
2021-03-29,2021032905022454,NIFRA,50,44,200,606.00,"121,200.00"
2021-03-29,2021032905022453,NIFRA,22,44,50,606.00,"30,300.00"
2021-03-29,2021032905022469,NIFRA,13,25,37,607.00,"22,459.00"
2021-03-29,2021032905022466,NIFRA,58,25,13,607.00,"7,891.00"
2021-03-29,2021032905022465,NIFRA,58,6,87,607.00,"52,809.00"
2021-03-29,2021032905022462,NIFRA,41,40,50,606.00,"30,300.00"
2021-03-29,2021032905022461,NIFRA,6,44,28,606.00,"16,968.00"
2021-03-29,2021032905022460,NIFRA,55,44,150,606.00,"90,900.00"
2021-03-29,2021032905022478,NIFRA,41,33,100,606.00,"60,600.00"
2021-03-29,2021032905022477,NIFRA,57,33,200,606.00,"121,200.00"
2021-03-29,2021032905022473,NIFRA,13,45,13,607.00,"7,891.00"
2021-03-29,2021032905022472,NIFRA,13,29,200,607.00,"121,400.00"
2021-03-29,2021032905022471,NIFRA,13,10,200,607.00,"121,400.00"
2021-03-29,2021032905022470,NIFRA,13,57,50,607.00,"30,350.00"
2021-03-29,2021032905022488,NIFRA,42,45,64,607.00,"38,848.00"
2021-03-29,2021032905022487,NIFRA,42,58,36,606.00,"21,816.00"
2021-03-29,2021032905022483,NIFRA,49,58,20,606.00,"12,120.00"
2021-03-29,2021032905022481,NIFRA,41,58,194,606.00,"117,564.00"
2021-03-29,2021032905022480,NIFRA,41,52,50,606.00,"30,300.00"
2021-03-29,2021032905022479,NIFRA,41,46,106,606.00,"64,236.00"
2021-03-29,2021032905022494,NIFRA,45,13,50,607.00,"30,350.00"
2021-03-29,2021032905022493,NIFRA,45,3,60,607.00,"36,420.00"
2021-03-29,2021032905022492,NIFRA,45,35,40,607.00,"24,280.00"
2021-03-29,2021032905022491,NIFRA,45,41,100,607.00,"60,700.00"
2021-03-29,2021032905022490,NIFRA,45,3,50,607.00,"30,350.00"
2021-03-29,2021032905022489,NIFRA,45,45,123,607.00,"74,661.00"
2021-03-29,2021032905022500,NIFRA,45,58,50,607.00,"30,350.00"
2021-03-29,2021032905022499,NIFRA,45,50,100,607.00,"60,700.00"
2021-03-29,2021032905022498,NIFRA,45,57,150,607.00,"91,050.00"
2021-03-29,2021032905022497,NIFRA,45,16,100,607.00,"60,700.00"
2021-03-29,2021032905022496,NIFRA,45,42,60,607.00,"36,420.00"
2021-03-29,2021032905022495,NIFRA,45,26,50,607.00,"30,350.00"
2021-03-29,2021032905022514,NIFRA,13,33,50,607.00,"30,350.00"
2021-03-29,2021032905022513,NIFRA,41,52,50,606.00,"30,300.00"
2021-03-29,2021032905022511,NIFRA,41,42,10,606.00,"6,060.00"
2021-03-29,2021032905022508,NIFRA,22,42,50,606.00,"30,300.00"
2021-03-29,2021032905022502,NIFRA,8,33,200,607.00,"121,400.00"
2021-03-29,2021032905022501,NIFRA,45,33,67,607.00,"40,669.00"
2021-03-29,2021032905022530,NIFRA,58,49,40,606.00,"24,240.00"
2021-03-29,2021032905022529,NIFRA,49,49,60,606.00,"36,360.00"
2021-03-29,2021032905022526,NIFRA,49,51,50,606.00,"30,300.00"
2021-03-29,2021032905022525,NIFRA,49,33,10,606.00,"6,060.00"
2021-03-29,2021032905022516,NIFRA,49,43,80,606.00,"48,480.00"
2021-03-29,2021032905022515,NIFRA,41,43,40,606.00,"24,240.00"
2021-03-29,2021032905022544,NIFRA,38,6,290,606.00,"175,740.00"
2021-03-29,2021032905022543,NIFRA,38,58,10,606.00,"6,060.00"
2021-03-29,2021032905022541,NIFRA,35,58,50,606.00,"30,300.00"
2021-03-29,2021032905022540,NIFRA,35,49,50,606.00,"30,300.00"
2021-03-29,2021032905022539,NIFRA,45,33,100,607.00,"60,700.00"
2021-03-29,2021032905022535,NIFRA,51,41,100,606.00,"60,600.00"
2021-03-29,2021032905022567,NIFRA,49,55,80,606.00,"48,480.00"
2021-03-29,2021032905022564,NIFRA,41,33,50,607.00,"30,350.00"
2021-03-29,2021032905022552,NIFRA,49,58,20,606.00,"12,120.00"
2021-03-29,2021032905022547,NIFRA,45,58,30,606.00,"18,180.00"
2021-03-29,2021032905022546,NIFRA,45,6,60,606.00,"36,360.00"
2021-03-29,2021032905022545,NIFRA,14,52,50,605.00,"30,250.00"
2021-03-29,2021032905022586,NIFRA,57,52,50,606.00,"30,300.00"
2021-03-29,2021032905022585,NIFRA,57,42,50,606.00,"30,300.00"
2021-03-29,2021032905022577,NIFRA,57,32,50,606.00,"30,300.00"
2021-03-29,2021032905022571,NIFRA,57,55,385,606.00,"233,310.00"
2021-03-29,2021032905022569,NIFRA,25,55,10,606.00,"6,060.00"
2021-03-29,2021032905022568,NIFRA,49,55,25,606.00,"15,150.00"
2021-03-29,2021032905022598,NIFRA,26,42,25,606.00,"15,150.00"
2021-03-29,2021032905022597,NIFRA,57,42,35,606.00,"21,210.00"
2021-03-29,2021032905022596,NIFRA,57,42,50,606.00,"30,300.00"
2021-03-29,2021032905022595,NIFRA,57,52,50,606.00,"30,300.00"
2021-03-29,2021032905022590,NIFRA,58,33,100,607.00,"60,700.00"
2021-03-29,2021032905022589,NIFRA,57,43,30,606.00,"18,180.00"
2021-03-29,2021032905022612,NIFRA,45,33,80,607.00,"48,560.00"
2021-03-29,2021032905022611,NIFRA,26,48,50,606.00,"30,300.00"
2021-03-29,2021032905022610,NIFRA,26,56,400,606.00,"242,400.00"
2021-03-29,2021032905022609,NIFRA,41,56,100,606.00,"60,600.00"
2021-03-29,2021032905022608,NIFRA,26,45,10,606.00,"6,060.00"
2021-03-29,2021032905022601,NIFRA,26,22,60,606.00,"36,360.00"
2021-03-29,2021032905022634,NIFRA,26,34,200,606.00,"121,200.00"
2021-03-29,2021032905022627,NIFRA,55,33,100,607.00,"60,700.00"
2021-03-29,2021032905022622,NIFRA,20,33,100,607.00,"60,700.00"
2021-03-29,2021032905022621,NIFRA,26,35,50,606.00,"30,300.00"
2021-03-29,2021032905022619,NIFRA,26,34,60,606.00,"36,360.00"
2021-03-29,2021032905022616,NIFRA,45,33,50,607.00,"30,350.00"
2021-03-29,2021032905022643,NIFRA,48,58,40,606.00,"24,240.00"
2021-03-29,2021032905022642,NIFRA,26,58,50,606.00,"30,300.00"
2021-03-29,2021032905022641,NIFRA,28,57,10,606.00,"6,060.00"
2021-03-29,2021032905022640,NIFRA,26,57,35,606.00,"21,210.00"
2021-03-29,2021032905022639,NIFRA,26,52,50,606.00,"30,300.00"
2021-03-29,2021032905022636,NIFRA,26,58,60,606.00,"36,360.00"
2021-03-29,2021032905022164,CGH,4,7,10,"1,925.00","19,250.00"
2021-03-29,2021032905022163,CGH,4,13,10,"1,925.00","19,250.00"
2021-03-29,2021032905022161,CGH,4,26,10,"1,925.00","19,250.00"
2021-03-29,2021032905022160,CGH,4,52,10,"1,925.00","19,250.00"
2021-03-29,2021032905022159,CGH,40,3,60,"1,927.00","115,620.00"
2021-03-29,2021032905022158,CGH,54,58,5,"1,927.00","9,635.00"
2021-03-29,2021032905021673,CGH,55,7,10,"1,934.00","19,340.00"
2021-03-29,2021032905021672,CGH,55,38,10,"1,934.00","19,340.00"
2021-03-29,2021032905021671,CGH,55,21,10,"1,934.00","19,340.00"
2021-03-29,2021032905021670,CGH,28,29,10,"1,933.00","19,330.00"
2021-03-29,2021032905021668,CGH,28,58,10,"1,933.00","19,330.00"
2021-03-29,2021032905021667,CGH,28,6,10,"1,933.00","19,330.00"
2021-03-29,2021032905021684,CGH,58,5,10,"1,934.00","19,340.00"
2021-03-29,2021032905021683,CGH,55,35,10,"1,933.00","19,330.00"
2021-03-29,2021032905021680,CGH,28,29,10,"1,933.00","19,330.00"
2021-03-29,2021032905021679,CGH,39,35,10,"1,934.00","19,340.00"
2021-03-29,2021032905021678,CGH,28,11,10,"1,933.00","19,330.00"
2021-03-29,2021032905021677,CGH,28,42,10,"1,933.00","19,330.00"
2021-03-29,2021032905021695,CGH,42,21,10,"1,933.00","19,330.00"
2021-03-29,2021032905021689,CGH,55,32,10,"1,933.00","19,330.00"
2021-03-29,2021032905021688,CGH,58,57,10,"1,935.00","19,350.00"
2021-03-29,2021032905021687,CGH,58,38,10,"1,934.00","19,340.00"
2021-03-29,2021032905021686,CGH,58,1,10,"1,934.00","19,340.00"
2021-03-29,2021032905021685,CGH,58,39,10,"1,934.00","19,340.00"
2021-03-29,2021032905021703,CGH,25,49,10,"1,935.00","19,350.00"
2021-03-29,2021032905021702,CGH,25,19,10,"1,935.00","19,350.00"
2021-03-29,2021032905021701,CGH,25,21,10,"1,934.00","19,340.00"
2021-03-29,2021032905021700,CGH,25,42,10,"1,934.00","19,340.00"
2021-03-29,2021032905021698,CGH,58,29,10,"1,933.00","19,330.00"
2021-03-29,2021032905021696,CGH,42,8,10,"1,933.00","19,330.00"
2021-03-29,2021032905021711,CGH,22,21,10,"1,933.00","19,330.00"
2021-03-29,2021032905021710,CGH,58,13,10,"1,933.00","19,330.00"
2021-03-29,2021032905021709,CGH,58,38,10,"1,933.00","19,330.00"
2021-03-29,2021032905021706,CGH,25,32,10,"1,935.00","19,350.00"
2021-03-29,2021032905021705,CGH,25,10,10,"1,935.00","19,350.00"
2021-03-29,2021032905021704,CGH,25,42,10,"1,935.00","19,350.00"
2021-03-29,2021032905021722,CGH,7,52,10,"1,933.00","19,330.00"
2021-03-29,2021032905021718,CGH,7,26,10,"1,933.00","19,330.00"
2021-03-29,2021032905021717,CGH,7,32,10,"1,933.00","19,330.00"
2021-03-29,2021032905021715,CGH,7,58,10,"1,933.00","19,330.00"
2021-03-29,2021032905021714,CGH,7,29,10,"1,933.00","19,330.00"
2021-03-29,2021032905021712,CGH,6,22,10,"1,933.00","19,330.00"
2021-03-29,2021032905021735,CGH,34,22,10,"1,933.00","19,330.00"
2021-03-29,2021032905021733,CGH,34,29,10,"1,933.00","19,330.00"
2021-03-29,2021032905021732,CGH,34,6,10,"1,933.00","19,330.00"
2021-03-29,2021032905021727,CGH,10,29,10,"1,932.00","19,320.00"
2021-03-29,2021032905021726,CGH,10,21,10,"1,932.00","19,320.00"
2021-03-29,2021032905021724,CGH,10,57,10,"1,932.00","19,320.00"
2021-03-29,2021032905021749,CGH,34,11,10,"1,933.00","19,330.00"
2021-03-29,2021032905021748,CGH,34,58,10,"1,933.00","19,330.00"
2021-03-29,2021032905021747,CGH,34,29,10,"1,933.00","19,330.00"
2021-03-29,2021032905021746,CGH,34,29,10,"1,933.00","19,330.00"
2021-03-29,2021032905021738,CGH,34,10,10,"1,933.00","19,330.00"
2021-03-29,2021032905021737,CGH,34,34,10,"1,933.00","19,330.00"
2021-03-29,2021032905021757,CGH,45,35,10,"1,933.00","19,330.00"
2021-03-29,2021032905021756,CGH,45,29,10,"1,933.00","19,330.00"
2021-03-29,2021032905021755,CGH,45,6,10,"1,933.00","19,330.00"
2021-03-29,2021032905021754,CGH,45,40,10,"1,933.00","19,330.00"
2021-03-29,2021032905021752,CGH,45,21,10,"1,933.00","19,330.00"
2021-03-29,2021032905021750,CGH,34,26,10,"1,933.00","19,330.00"
2021-03-29,2021032905021767,CGH,45,3,130,"1,933.00","251,290.00"
2021-03-29,2021032905021766,CGH,13,21,10,"1,934.00","19,340.00"
2021-03-29,2021032905021763,CGH,13,1,10,"1,934.00","19,340.00"
2021-03-29,2021032905021762,CGH,13,57,10,"1,934.00","19,340.00"
2021-03-29,2021032905021760,CGH,45,51,10,"1,933.00","19,330.00"
2021-03-29,2021032905021759,CGH,45,46,10,"1,933.00","19,330.00"
2021-03-29,2021032905021773,CGH,10,3,120,"1,932.00","231,840.00"
2021-03-29,2021032905021772,CGH,39,3,20,"1,933.00","38,660.00"
2021-03-29,2021032905021771,CGH,35,3,200,"1,933.00","386,600.00"
2021-03-29,2021032905021770,CGH,6,3,188,"1,933.00","363,404.00"
2021-03-29,2021032905021769,CGH,46,3,30,"1,933.00","57,990.00"
2021-03-29,2021032905021768,CGH,58,3,20,"1,933.00","38,660.00"
2021-03-29,2021032905021779,CGH,57,3,25,"1,932.00","48,300.00"
2021-03-29,2021032905021778,CGH,22,3,50,"1,932.00","96,600.00"
2021-03-29,2021032905021777,CGH,7,3,20,"1,932.00","38,640.00"
2021-03-29,2021032905021776,CGH,28,3,50,"1,932.00","96,600.00"
2021-03-29,2021032905021775,CGH,25,3,50,"1,932.00","96,600.00"
2021-03-29,2021032905021774,CGH,48,3,50,"1,932.00","96,600.00"
2021-03-29,2021032905021785,CGH,13,3,200,"1,932.00","386,400.00"
2021-03-29,2021032905021784,CGH,58,3,10,"1,932.00","19,320.00"
2021-03-29,2021032905021783,CGH,22,3,40,"1,932.00","77,280.00"
2021-03-29,2021032905021782,CGH,53,3,10,"1,932.00","19,320.00"
2021-03-29,2021032905021781,CGH,46,3,10,"1,932.00","19,320.00"
2021-03-29,2021032905021780,CGH,50,3,10,"1,932.00","19,320.00"
2021-03-29,2021032905021791,CGH,58,3,20,"1,931.00","38,620.00"
2021-03-29,2021032905021790,CGH,14,3,50,"1,931.00","96,550.00"
2021-03-29,2021032905021789,CGH,46,3,10,"1,931.00","19,310.00"
2021-03-29,2021032905021788,CGH,1,3,50,"1,931.00","96,550.00"
2021-03-29,2021032905021787,CGH,43,3,100,"1,931.00","193,100.00"
2021-03-29,2021032905021786,CGH,43,3,30,"1,931.00","57,930.00"
2021-03-29,2021032905021797,CGH,49,3,50,"1,930.00","96,500.00"
2021-03-29,2021032905021796,CGH,49,3,25,"1,930.00","48,250.00"
2021-03-29,2021032905021795,CGH,6,3,70,"1,930.00","135,100.00"
2021-03-29,2021032905021794,CGH,22,3,30,"1,931.00","57,930.00"
2021-03-29,2021032905021793,CGH,45,3,100,"1,931.00","193,100.00"
2021-03-29,2021032905021792,CGH,28,3,100,"1,931.00","193,100.00"
2021-03-29,2021032905021817,CGH,45,58,10,"1,933.00","19,330.00"
2021-03-29,2021032905021816,CGH,45,57,10,"1,933.00","19,330.00"
2021-03-29,2021032905021804,CGH,57,51,10,"1,930.00","19,300.00"
2021-03-29,2021032905021800,CGH,57,3,22,"1,930.00","42,460.00"
2021-03-29,2021032905021799,CGH,41,3,60,"1,930.00","115,800.00"
2021-03-29,2021032905021798,CGH,32,3,50,"1,930.00","96,500.00"
2021-03-29,2021032905021830,CGH,45,21,10,"1,930.00","19,300.00"
2021-03-29,2021032905021827,CGH,49,45,10,"1,930.00","19,300.00"
2021-03-29,2021032905021823,CGH,21,46,10,"1,933.00","19,330.00"
2021-03-29,2021032905021822,CGH,21,21,10,"1,933.00","19,330.00"
2021-03-29,2021032905021821,CGH,21,35,10,"1,933.00","19,330.00"
2021-03-29,2021032905021819,CGH,57,35,10,"1,930.00","19,300.00"
2021-03-29,2021032905021836,CGH,10,3,50,"1,930.00","96,500.00"
2021-03-29,2021032905021835,CGH,56,3,400,"1,930.00","772,000.00"
2021-03-29,2021032905021834,CGH,55,3,100,"1,930.00","193,000.00"
2021-03-29,2021032905021833,CGH,59,3,25,"1,930.00","48,250.00"
2021-03-29,2021032905021832,CGH,48,3,30,"1,930.00","57,900.00"
2021-03-29,2021032905021831,CGH,45,3,190,"1,930.00","366,700.00"
2021-03-29,2021032905021843,CGH,40,3,25,"1,930.00","48,250.00"
2021-03-29,2021032905021841,CGH,43,3,10,"1,930.00","19,300.00"
2021-03-29,2021032905021840,CGH,38,3,30,"1,930.00","57,900.00"
2021-03-29,2021032905021839,CGH,49,3,10,"1,930.00","19,300.00"
2021-03-29,2021032905021838,CGH,7,3,30,"1,930.00","57,900.00"
2021-03-29,2021032905021837,CGH,44,3,100,"1,930.00","193,000.00"
2021-03-29,2021032905021854,CGH,39,43,10,"1,934.00","19,340.00"
2021-03-29,2021032905021853,CGH,39,11,10,"1,934.00","19,340.00"
2021-03-29,2021032905021852,CGH,39,38,10,"1,933.00","19,330.00"
2021-03-29,2021032905021851,CGH,39,6,10,"1,933.00","19,330.00"
2021-03-29,2021032905021850,CGH,39,38,10,"1,933.00","19,330.00"
2021-03-29,2021032905021846,CGH,40,51,10,"1,930.00","19,300.00"
2021-03-29,2021032905021862,CGH,32,20,10,"1,933.00","19,330.00"
2021-03-29,2021032905021859,CGH,39,7,10,"1,935.00","19,350.00"
2021-03-29,2021032905021858,CGH,39,21,10,"1,935.00","19,350.00"
2021-03-29,2021032905021857,CGH,39,3,10,"1,935.00","19,350.00"
2021-03-29,2021032905021856,CGH,39,49,10,"1,935.00","19,350.00"
2021-03-29,2021032905021855,CGH,39,49,10,"1,935.00","19,350.00"
2021-03-29,2021032905021878,CGH,40,38,10,"1,930.00","19,300.00"
2021-03-29,2021032905021876,CGH,40,51,10,"1,930.00","19,300.00"
2021-03-29,2021032905021873,CGH,40,35,10,"1,930.00","19,300.00"
2021-03-29,2021032905021871,CGH,40,21,10,"1,930.00","19,300.00"
2021-03-29,2021032905021868,CGH,36,57,10,"1,934.00","19,340.00"
2021-03-29,2021032905021867,CGH,36,44,10,"1,934.00","19,340.00"
2021-03-29,2021032905021886,CGH,50,44,10,"1,930.00","19,300.00"
2021-03-29,2021032905021885,CGH,25,10,85,"1,929.00","163,965.00"
2021-03-29,2021032905021884,CGH,3,10,50,"1,929.00","96,450.00"
2021-03-29,2021032905021883,CGH,36,10,30,"1,929.00","57,870.00"
2021-03-29,2021032905021882,CGH,13,10,10,"1,930.00","19,300.00"
2021-03-29,2021032905021881,CGH,40,10,25,"1,930.00","48,250.00"
2021-03-29,2021032905021894,CGH,50,29,10,"1,930.00","19,300.00"
2021-03-29,2021032905021892,CGH,46,38,10,"1,932.00","19,320.00"
2021-03-29,2021032905021891,CGH,50,21,10,"1,930.00","19,300.00"
2021-03-29,2021032905021890,CGH,50,45,10,"1,930.00","19,300.00"
2021-03-29,2021032905021889,CGH,50,34,10,"1,930.00","19,300.00"
2021-03-29,2021032905021887,CGH,50,8,10,"1,930.00","19,300.00"
2021-03-29,2021032905021918,CGH,25,1,10,"1,929.00","19,290.00"
2021-03-29,2021032905021917,CGH,25,32,10,"1,929.00","19,290.00"
2021-03-29,2021032905021916,CGH,25,29,10,"1,929.00","19,290.00"
2021-03-29,2021032905021908,CGH,21,35,10,"1,933.00","19,330.00"
2021-03-29,2021032905021907,CGH,21,54,10,"1,933.00","19,330.00"
2021-03-29,2021032905021906,CGH,21,3,10,"1,933.00","19,330.00"
2021-03-29,2021032905021927,CGH,35,29,10,"1,930.00","19,300.00"
2021-03-29,2021032905021924,CGH,35,17,10,"1,930.00","19,300.00"
2021-03-29,2021032905021922,CGH,35,8,10,"1,930.00","19,300.00"
2021-03-29,2021032905021921,CGH,35,46,10,"1,930.00","19,300.00"
2021-03-29,2021032905021920,CGH,35,52,10,"1,930.00","19,300.00"
2021-03-29,2021032905021919,CGH,25,21,10,"1,929.00","19,290.00"
2021-03-29,2021032905021945,CGH,35,36,10,"1,930.00","19,300.00"
2021-03-29,2021032905021942,CGH,35,32,10,"1,930.00","19,300.00"
2021-03-29,2021032905021939,CGH,35,21,10,"1,930.00","19,300.00"
2021-03-29,2021032905021936,CGH,35,29,10,"1,930.00","19,300.00"
2021-03-29,2021032905021932,CGH,35,34,10,"1,930.00","19,300.00"
2021-03-29,2021032905021928,CGH,35,29,10,"1,930.00","19,300.00"
2021-03-29,2021032905021951,CGH,39,32,10,"1,934.00","19,340.00"
2021-03-29,2021032905021950,CGH,39,25,10,"1,934.00","19,340.00"
2021-03-29,2021032905021949,CGH,39,22,10,"1,933.00","19,330.00"
2021-03-29,2021032905021948,CGH,39,36,10,"1,933.00","19,330.00"
2021-03-29,2021032905021947,CGH,39,42,10,"1,933.00","19,330.00"
2021-03-29,2021032905021946,CGH,39,56,10,"1,933.00","19,330.00"
2021-03-29,2021032905021961,CGH,35,35,10,"1,930.00","19,300.00"
2021-03-29,2021032905021960,CGH,35,29,10,"1,930.00","19,300.00"
2021-03-29,2021032905021955,CGH,39,25,10,"1,935.00","19,350.00"
2021-03-29,2021032905021954,CGH,39,58,10,"1,935.00","19,350.00"
2021-03-29,2021032905021953,CGH,39,6,10,"1,935.00","19,350.00"
2021-03-29,2021032905021952,CGH,39,51,10,"1,935.00","19,350.00"
2021-03-29,2021032905021975,CGH,35,39,10,"1,930.00","19,300.00"
2021-03-29,2021032905021974,CGH,35,58,10,"1,930.00","19,300.00"
2021-03-29,2021032905021968,CGH,35,6,10,"1,930.00","19,300.00"
2021-03-29,2021032905021965,CGH,35,58,10,"1,930.00","19,300.00"
2021-03-29,2021032905021964,CGH,35,11,10,"1,930.00","19,300.00"
2021-03-29,2021032905021963,CGH,35,21,10,"1,930.00","19,300.00"
2021-03-29,2021032905021997,CGH,43,35,10,"1,928.00","19,280.00"
2021-03-29,2021032905021990,CGH,43,29,10,"1,928.00","19,280.00"
2021-03-29,2021032905021986,CGH,43,29,10,"1,928.00","19,280.00"
2021-03-29,2021032905021985,CGH,25,21,10,"1,929.00","19,290.00"
2021-03-29,2021032905021979,CGH,25,29,10,"1,929.00","19,290.00"
2021-03-29,2021032905021978,CGH,35,29,10,"1,930.00","19,300.00"
2021-03-29,2021032905022014,CGH,10,3,50,"1,928.00","96,400.00"
2021-03-29,2021032905022013,CGH,43,3,30,"1,928.00","57,840.00"
2021-03-29,2021032905022011,CGH,43,21,10,"1,928.00","19,280.00"
2021-03-29,2021032905022009,CGH,43,33,10,"1,928.00","19,280.00"
2021-03-29,2021032905022008,CGH,43,22,10,"1,928.00","19,280.00"
2021-03-29,2021032905022007,CGH,43,21,10,"1,928.00","19,280.00"
2021-03-29,2021032905022020,CGH,49,3,990,"1,927.00","1,907,730.00"
2021-03-29,2021032905022019,CGH,28,3,300,"1,928.00","578,400.00"
2021-03-29,2021032905022018,CGH,50,3,240,"1,928.00","462,720.00"
2021-03-29,2021032905022017,CGH,51,3,15,"1,928.00","28,920.00"
2021-03-29,2021032905022016,CGH,50,3,30,"1,928.00","57,840.00"
2021-03-29,2021032905022015,CGH,45,3,50,"1,928.00","96,400.00"
2021-03-29,2021032905022040,CGH,28,33,10,"1,929.00","19,290.00"
2021-03-29,2021032905022039,CGH,28,5,10,"1,928.00","19,280.00"
2021-03-29,2021032905022024,CGH,57,3,45,"1,927.00","86,715.00"
2021-03-29,2021032905022023,CGH,57,3,10,"1,927.00","19,270.00"
2021-03-29,2021032905022022,CGH,1,3,30,"1,927.00","57,810.00"
2021-03-29,2021032905022021,CGH,57,3,10,"1,927.00","19,270.00"
2021-03-29,2021032905022046,CGH,28,5,10,"1,930.00","19,300.00"
2021-03-29,2021032905022045,CGH,28,11,10,"1,930.00","19,300.00"
2021-03-29,2021032905022044,CGH,28,52,10,"1,930.00","19,300.00"
2021-03-29,2021032905022043,CGH,28,58,10,"1,930.00","19,300.00"
2021-03-29,2021032905022042,CGH,28,57,10,"1,930.00","19,300.00"
2021-03-29,2021032905022041,CGH,28,39,10,"1,929.00","19,290.00"
2021-03-29,2021032905022062,CGH,55,39,10,"1,928.00","19,280.00"
2021-03-29,2021032905022061,CGH,57,11,10,"1,927.00","19,270.00"
2021-03-29,2021032905022056,CGH,19,20,10,"1,929.00","19,290.00"
2021-03-29,2021032905022049,CGH,57,21,10,"1,927.00","19,270.00"
2021-03-29,2021032905022048,CGH,28,46,10,"1,930.00","19,300.00"
2021-03-29,2021032905022047,CGH,28,3,10,"1,930.00","19,300.00"
2021-03-29,2021032905022073,CGH,55,21,10,"1,928.00","19,280.00"
2021-03-29,2021032905022069,CGH,55,26,10,"1,928.00","19,280.00"
2021-03-29,2021032905022066,CGH,32,45,10,"1,930.00","19,300.00"
2021-03-29,2021032905022065,CGH,32,45,10,"1,930.00","19,300.00"
2021-03-29,2021032905022064,CGH,32,54,10,"1,929.00","19,290.00"
2021-03-29,2021032905022063,CGH,55,44,10,"1,928.00","19,280.00"
2021-03-29,2021032905022080,CGH,55,16,10,"1,928.00","19,280.00"
2021-03-29,2021032905022078,CGH,26,56,10,"1,930.00","19,300.00"
2021-03-29,2021032905022077,CGH,26,33,10,"1,930.00","19,300.00"
2021-03-29,2021032905022076,CGH,26,58,10,"1,930.00","19,300.00"
2021-03-29,2021032905022075,CGH,26,45,10,"1,930.00","19,300.00"
2021-03-29,2021032905022074,CGH,26,17,10,"1,930.00","19,300.00"
2021-03-29,2021032905022088,CGH,43,6,90,"1,926.00","173,340.00"
2021-03-29,2021032905022087,CGH,18,6,10,"1,927.00","19,270.00"
2021-03-29,2021032905022086,CGH,57,6,435,"1,927.00","838,245.00"
2021-03-29,2021032905022085,CGH,45,6,10,"1,928.00","19,280.00"
2021-03-29,2021032905022084,CGH,55,6,50,"1,928.00","96,400.00"
2021-03-29,2021032905022083,CGH,55,6,10,"1,929.00","19,290.00"
2021-03-29,2021032905022094,CGH,45,6,20,"1,925.00","38,500.00"
2021-03-29,2021032905022093,CGH,34,6,20,"1,925.00","38,500.00"
2021-03-29,2021032905022092,CGH,46,6,200,"1,925.00","385,000.00"
2021-03-29,2021032905022091,CGH,16,6,50,"1,925.00","96,250.00"
2021-03-29,2021032905022090,CGH,21,6,30,"1,926.00","57,780.00"
2021-03-29,2021032905022089,CGH,10,6,20,"1,926.00","38,520.00"
2021-03-29,2021032905022100,CGH,55,6,50,"1,925.00","96,250.00"
2021-03-29,2021032905022099,CGH,50,6,50,"1,925.00","96,250.00"
2021-03-29,2021032905022098,CGH,45,6,20,"1,925.00","38,500.00"
2021-03-29,2021032905022097,CGH,38,6,10,"1,925.00","19,250.00"
2021-03-29,2021032905022096,CGH,42,6,10,"1,925.00","19,250.00"
2021-03-29,2021032905022095,CGH,38,6,20,"1,925.00","38,500.00"
2021-03-29,2021032905022108,CGH,46,1,10,"1,930.00","19,300.00"
2021-03-29,2021032905022107,CGH,46,49,10,"1,930.00","19,300.00"
2021-03-29,2021032905022106,CGH,46,45,10,"1,930.00","19,300.00"
2021-03-29,2021032905022105,CGH,46,6,10,"1,928.00","19,280.00"
2021-03-29,2021032905022102,CGH,4,6,885,"1,925.00","1,703,625.00"
2021-03-29,2021032905022101,CGH,57,6,10,"1,925.00","19,250.00"
2021-03-29,2021032905022114,CGH,46,11,10,"1,930.00","19,300.00"
2021-03-29,2021032905022113,CGH,46,45,10,"1,930.00","19,300.00"
2021-03-29,2021032905022112,CGH,46,42,10,"1,930.00","19,300.00"
2021-03-29,2021032905022111,CGH,46,44,10,"1,930.00","19,300.00"
2021-03-29,2021032905022110,CGH,46,11,10,"1,930.00","19,300.00"
2021-03-29,2021032905022109,CGH,46,58,10,"1,930.00","19,300.00"
2021-03-29,2021032905022133,CGH,32,14,10,"1,928.00","19,280.00"
2021-03-29,2021032905022132,CGH,32,16,10,"1,928.00","19,280.00"
2021-03-29,2021032905022131,CGH,32,1,10,"1,928.00","19,280.00"
2021-03-29,2021032905022130,CGH,32,58,10,"1,927.00","19,270.00"
2021-03-29,2021032905022120,CGH,42,51,10,"1,926.00","19,260.00"
2021-03-29,2021032905022115,CGH,4,21,10,"1,925.00","19,250.00"
2021-03-29,2021032905022139,CGH,32,45,10,"1,930.00","19,300.00"
2021-03-29,2021032905022138,CGH,32,41,10,"1,930.00","19,300.00"
2021-03-29,2021032905022137,CGH,32,42,10,"1,930.00","19,300.00"
2021-03-29,2021032905022136,CGH,32,35,10,"1,930.00","19,300.00"
2021-03-29,2021032905022135,CGH,32,3,10,"1,929.00","19,290.00"
2021-03-29,2021032905022134,CGH,32,38,10,"1,929.00","19,290.00"
2021-03-29,2021032905022152,CGH,4,1,10,"1,925.00","19,250.00"
2021-03-29,2021032905022151,CGH,4,50,10,"1,925.00","19,250.00"
2021-03-29,2021032905022150,CGH,4,21,10,"1,925.00","19,250.00"
2021-03-29,2021032905022148,CGH,4,52,10,"1,925.00","19,250.00"
2021-03-29,2021032905022147,CGH,4,7,10,"1,925.00","19,250.00"
2021-03-29,2021032905022146,CGH,4,54,10,"1,925.00","19,250.00"
2021-03-29,2021032905022157,GLH,45,1,10,379.00,"3,790.00"
2021-03-29,2021032905022118,GLH,45,11,10,379.00,"3,790.00"
2021-03-29,2021032905022117,GLH,45,38,10,379.00,"3,790.00"
2021-03-29,2021032905022060,GLH,45,16,10,379.00,"3,790.00"
2021-03-29,2021032905021984,GLH,45,41,10,379.00,"3,790.00"
2021-03-29,2021032905021980,GLH,45,18,10,379.00,"3,790.00"
2021-03-29,2021032905021675,GLH,50,51,10,380.00,"3,800.00"
2021-03-29,2021032905021669,GLH,50,1,10,380.00,"3,800.00"
2021-03-29,2021032905021744,GLH,50,51,10,380.00,"3,800.00"
2021-03-29,2021032905021736,GLH,50,16,10,380.00,"3,800.00"
2021-03-29,2021032905021725,GLH,50,51,10,380.00,"3,800.00"
2021-03-29,2021032905021720,GLH,50,5,10,380.00,"3,800.00"
2021-03-29,2021032905021719,GLH,50,42,10,380.00,"3,800.00"
2021-03-29,2021032905021708,GLH,50,51,10,380.00,"3,800.00"
2021-03-29,2021032905021828,GLH,45,40,10,379.00,"3,790.00"
2021-03-29,2021032905021826,GLH,45,57,10,379.00,"3,790.00"
2021-03-29,2021032905021809,GLH,21,11,10,380.00,"3,800.00"
2021-03-29,2021032905021761,GLH,58,11,20,380.00,"7,600.00"
2021-03-29,2021032905021758,GLH,19,42,10,380.00,"3,800.00"
2021-03-29,2021032905021745,GLH,50,36,10,380.00,"3,800.00"
2021-03-29,2021032905021893,GLH,45,11,10,379.00,"3,790.00"
2021-03-29,2021032905021888,GLH,45,34,10,379.00,"3,790.00"
2021-03-29,2021032905021877,GLH,45,16,10,379.00,"3,790.00"
2021-03-29,2021032905021869,GLH,45,35,10,379.00,"3,790.00"
2021-03-29,2021032905021866,GLH,45,51,10,380.00,"3,800.00"
2021-03-29,2021032905021865,GLH,45,11,20,380.00,"7,600.00"
2021-03-29,2021032905021959,GLH,45,1,10,379.00,"3,790.00"
2021-03-29,2021032905021957,GLH,45,16,10,379.00,"3,790.00"
2021-03-29,2021032905021938,GLH,45,22,10,379.00,"3,790.00"
2021-03-29,2021032905021937,GLH,45,49,10,379.00,"3,790.00"
2021-03-29,2021032905021925,GLH,45,16,10,379.00,"3,790.00"
2021-03-29,2021032905021911,GLH,45,22,10,379.00,"3,790.00"
2021-03-29,2021032905022166,NIFRA,19,49,50,607.00,"30,350.00"
2021-03-29,2021032905022165,NIFRA,19,44,50,607.00,"30,350.00"
2021-03-29,2021032905022162,NIFRA,52,22,60,606.00,"36,360.00"
2021-03-29,2021032905022156,NIFRA,52,32,35,606.00,"21,210.00"
2021-03-29,2021032905022155,NIFRA,45,32,15,606.00,"9,090.00"
2021-03-29,2021032905022154,NIFRA,45,52,35,606.00,"21,210.00"
2021-03-29,2021032905021691,NIFRA,55,13,10,606.00,"6,060.00"
2021-03-29,2021032905021690,NIFRA,55,1,50,606.00,"30,300.00"
2021-03-29,2021032905021682,NIFRA,55,16,50,606.00,"30,300.00"
2021-03-29,2021032905021681,NIFRA,42,21,10,607.00,"6,070.00"
2021-03-29,2021032905021676,NIFRA,29,21,50,607.00,"30,350.00"
2021-03-29,2021032905021674,NIFRA,55,52,60,606.00,"36,360.00"
2021-03-29,2021032905021707,NIFRA,55,50,50,606.00,"30,300.00"
2021-03-29,2021032905021699,NIFRA,55,52,50,606.00,"30,300.00"
2021-03-29,2021032905021697,NIFRA,55,49,50,606.00,"30,300.00"
2021-03-29,2021032905021694,NIFRA,55,52,60,606.00,"36,360.00"
2021-03-29,2021032905021693,NIFRA,47,41,"1,000",606.00,"606,000.00"
2021-03-29,2021032905021692,NIFRA,55,19,50,606.00,"30,300.00"
2021-03-29,2021032905021729,NIFRA,55,57,"1,000",606.00,"606,000.00"
2021-03-29,2021032905021728,NIFRA,55,26,250,606.00,"151,500.00"
2021-03-29,2021032905021723,NIFRA,55,42,50,606.00,"30,300.00"
2021-03-29,2021032905021721,NIFRA,55,36,50,606.00,"30,300.00"
2021-03-29,2021032905021716,NIFRA,1,21,30,607.00,"18,210.00"
2021-03-29,2021032905021713,NIFRA,55,1,50,606.00,"30,300.00"
2021-03-29,2021032905021741,NIFRA,35,58,10,607.00,"6,070.00"
2021-03-29,2021032905021740,NIFRA,35,26,50,607.00,"30,350.00"
2021-03-29,2021032905021739,NIFRA,35,21,360,607.00,"218,520.00"
2021-03-29,2021032905021734,NIFRA,55,32,60,606.00,"36,360.00"
2021-03-29,2021032905021731,NIFRA,55,6,10,606.00,"6,060.00"
2021-03-29,2021032905021730,NIFRA,45,21,50,607.00,"30,350.00"
2021-03-29,2021032905021765,NIFRA,45,45,200,607.00,"121,400.00"
2021-03-29,2021032905021764,NIFRA,55,32,50,606.00,"30,300.00"
2021-03-29,2021032905021753,NIFRA,55,53,10,606.00,"6,060.00"
2021-03-29,2021032905021751,NIFRA,16,45,100,607.00,"60,700.00"
2021-03-29,2021032905021743,NIFRA,35,45,20,607.00,"12,140.00"
2021-03-29,2021032905021742,NIFRA,35,6,60,607.00,"36,420.00"
2021-03-29,2021032905021807,NIFRA,52,57,69,607.00,"41,883.00"
2021-03-29,2021032905021806,NIFRA,52,25,20,607.00,"12,140.00"
2021-03-29,2021032905021805,NIFRA,52,45,11,607.00,"6,677.00"
2021-03-29,2021032905021803,NIFRA,55,51,10,606.00,"6,060.00"
2021-03-29,2021032905021802,NIFRA,55,57,50,606.00,"30,300.00"
2021-03-29,2021032905021801,NIFRA,19,45,25,607.00,"15,175.00"
2021-03-29,2021032905021814,NIFRA,55,42,50,606.00,"30,300.00"
2021-03-29,2021032905021813,NIFRA,55,58,10,606.00,"6,060.00"
2021-03-29,2021032905021812,NIFRA,34,22,29,607.00,"17,603.00"
2021-03-29,2021032905021811,NIFRA,34,57,31,607.00,"18,817.00"
2021-03-29,2021032905021810,NIFRA,55,34,"1,000",606.00,"606,000.00"
2021-03-29,2021032905021808,NIFRA,55,52,100,606.00,"60,600.00"
2021-03-29,2021032905021829,NIFRA,55,51,50,606.00,"30,300.00"
2021-03-29,2021032905021825,NIFRA,55,40,60,606.00,"36,360.00"
2021-03-29,2021032905021824,NIFRA,39,22,15,607.00,"9,105.00"
2021-03-29,2021032905021820,NIFRA,55,36,50,606.00,"30,300.00"
2021-03-29,2021032905021818,NIFRA,49,22,29,607.00,"17,603.00"
2021-03-29,2021032905021815,NIFRA,38,22,50,607.00,"30,350.00"
2021-03-29,2021032905021849,NIFRA,55,22,50,606.00,"30,300.00"
2021-03-29,2021032905021848,NIFRA,55,42,60,606.00,"36,360.00"
2021-03-29,2021032905021847,NIFRA,55,26,50,606.00,"30,300.00"
2021-03-29,2021032905021845,NIFRA,55,45,50,606.00,"30,300.00"
2021-03-29,2021032905021844,NIFRA,55,34,500,606.00,"303,000.00"
2021-03-29,2021032905021842,NIFRA,55,52,50,606.00,"30,300.00"
2021-03-29,2021032905021872,NIFRA,55,45,50,606.00,"30,300.00"
2021-03-29,2021032905021870,NIFRA,55,36,50,606.00,"30,300.00"
2021-03-29,2021032905021864,NIFRA,55,16,60,606.00,"36,360.00"
2021-03-29,2021032905021863,NIFRA,42,22,180,607.00,"109,260.00"
2021-03-29,2021032905021861,NIFRA,57,22,140,607.00,"84,980.00"
2021-03-29,2021032905021860,NIFRA,51,22,20,607.00,"12,140.00"
2021-03-29,2021032905021896,NIFRA,18,5,40,606.00,"24,240.00"
2021-03-29,2021032905021895,NIFRA,57,5,10,606.00,"6,060.00"
2021-03-29,2021032905021880,NIFRA,57,51,40,606.00,"24,240.00"
2021-03-29,2021032905021879,NIFRA,55,51,10,606.00,"6,060.00"
2021-03-29,2021032905021875,NIFRA,55,42,50,606.00,"30,300.00"
2021-03-29,2021032905021874,NIFRA,55,7,60,606.00,"36,360.00"
2021-03-29,2021032905021902,NIFRA,39,35,50,607.00,"30,350.00"
2021-03-29,2021032905021901,NIFRA,39,49,60,607.00,"36,420.00"
2021-03-29,2021032905021900,NIFRA,39,36,60,607.00,"36,420.00"
2021-03-29,2021032905021899,NIFRA,39,45,60,607.00,"36,420.00"
2021-03-29,2021032905021898,NIFRA,39,58,50,607.00,"30,350.00"
2021-03-29,2021032905021897,NIFRA,39,22,107,607.00,"64,949.00"
2021-03-29,2021032905021912,NIFRA,18,45,50,606.00,"30,300.00"
2021-03-29,2021032905021910,NIFRA,1,32,37,607.00,"22,459.00"
2021-03-29,2021032905021909,NIFRA,1,58,13,607.00,"7,891.00"
2021-03-29,2021032905021905,NIFRA,39,58,83,607.00,"50,381.00"
2021-03-29,2021032905021904,NIFRA,39,34,20,607.00,"12,140.00"
2021-03-29,2021032905021903,NIFRA,39,41,10,607.00,"6,070.00"
2021-03-29,2021032905021929,NIFRA,33,52,50,606.00,"30,300.00"
2021-03-29,2021032905021926,NIFRA,4,32,50,607.00,"30,350.00"
2021-03-29,2021032905021923,NIFRA,33,57,50,606.00,"30,300.00"
2021-03-29,2021032905021915,NIFRA,33,7,40,606.00,"24,240.00"
2021-03-29,2021032905021914,NIFRA,18,7,20,606.00,"12,120.00"
2021-03-29,2021032905021913,NIFRA,18,16,50,606.00,"30,300.00"
2021-03-29,2021032905021940,NIFRA,33,4,60,606.00,"36,360.00"
2021-03-29,2021032905021935,NIFRA,16,42,27,607.00,"16,389.00"
2021-03-29,2021032905021934,NIFRA,16,58,60,607.00,"36,420.00"
2021-03-29,2021032905021933,NIFRA,16,32,13,607.00,"7,891.00"
2021-03-29,2021032905021931,NIFRA,33,7,60,606.00,"36,360.00"
2021-03-29,2021032905021930,NIFRA,33,34,10,606.00,"6,060.00"
2021-03-29,2021032905021962,NIFRA,33,10,500,606.00,"303,000.00"
2021-03-29,2021032905021958,NIFRA,33,58,10,606.00,"6,060.00"
2021-03-29,2021032905021956,NIFRA,33,42,50,606.00,"30,300.00"
2021-03-29,2021032905021944,NIFRA,33,57,100,606.00,"60,600.00"
2021-03-29,2021032905021943,NIFRA,33,52,50,606.00,"30,300.00"
2021-03-29,2021032905021941,NIFRA,33,22,50,606.00,"30,300.00"
2021-03-29,2021032905021972,NIFRA,45,26,80,606.00,"48,480.00"
2021-03-29,2021032905021971,NIFRA,25,26,50,606.00,"30,300.00"
2021-03-29,2021032905021970,NIFRA,38,26,50,606.00,"30,300.00"
2021-03-29,2021032905021969,NIFRA,51,42,80,607.00,"48,560.00"
2021-03-29,2021032905021967,NIFRA,38,39,30,606.00,"18,180.00"
2021-03-29,2021032905021966,NIFRA,33,39,970,606.00,"587,820.00"
2021-03-29,2021032905021983,NIFRA,45,40,30,606.00,"18,180.00"
2021-03-29,2021032905021982,NIFRA,42,40,20,606.00,"12,120.00"
2021-03-29,2021032905021981,NIFRA,42,13,50,606.00,"30,300.00"
2021-03-29,2021032905021977,NIFRA,42,54,30,606.00,"18,180.00"
2021-03-29,2021032905021976,NIFRA,45,54,20,606.00,"12,120.00"
2021-03-29,2021032905021973,NIFRA,43,42,100,607.00,"60,700.00"
2021-03-29,2021032905021993,NIFRA,39,3,10,606.00,"6,060.00"
2021-03-29,2021032905021992,NIFRA,39,52,20,606.00,"12,120.00"
2021-03-29,2021032905021991,NIFRA,59,52,30,606.00,"18,180.00"
2021-03-29,2021032905021989,NIFRA,21,7,10,606.00,"6,060.00"
2021-03-29,2021032905021988,NIFRA,4,7,50,606.00,"30,300.00"
2021-03-29,2021032905021987,NIFRA,39,42,10,607.00,"6,070.00"
2021-03-29,2021032905022000,NIFRA,36,51,50,607.00,"30,350.00"
2021-03-29,2021032905021999,NIFRA,36,49,50,607.00,"30,350.00"
2021-03-29,2021032905021998,NIFRA,36,42,33,607.00,"20,031.00"
2021-03-29,2021032905021996,NIFRA,28,42,50,606.00,"30,300.00"
2021-03-29,2021032905021995,NIFRA,55,42,10,606.00,"6,060.00"
2021-03-29,2021032905021994,NIFRA,55,3,40,606.00,"24,240.00"
2021-03-29,2021032905022006,NIFRA,18,16,25,606.00,"15,150.00"
2021-03-29,2021032905022005,NIFRA,36,58,17,607.00,"10,319.00"
2021-03-29,2021032905022004,NIFRA,36,33,40,607.00,"24,280.00"
2021-03-29,2021032905022003,NIFRA,36,58,60,607.00,"36,420.00"
2021-03-29,2021032905022002,NIFRA,36,57,10,607.00,"6,070.00"
2021-03-29,2021032905022001,NIFRA,36,45,60,607.00,"36,420.00"
2021-03-29,2021032905022028,NIFRA,35,45,100,606.00,"60,600.00"
2021-03-29,2021032905022027,NIFRA,39,45,25,606.00,"15,150.00"
2021-03-29,2021032905022026,NIFRA,57,45,200,606.00,"121,200.00"
2021-03-29,2021032905022025,NIFRA,18,45,45,606.00,"27,270.00"
2021-03-29,2021032905022012,NIFRA,18,52,30,606.00,"18,180.00"
2021-03-29,2021032905022010,NIFRA,37,49,500,607.00,"303,500.00"
2021-03-29,2021032905022034,NIFRA,16,33,100,606.00,"60,600.00"
2021-03-29,2021032905022033,NIFRA,42,33,20,606.00,"12,120.00"
2021-03-29,2021032905022032,NIFRA,33,33,150,606.00,"90,900.00"
2021-03-29,2021032905022031,NIFRA,51,33,70,606.00,"42,420.00"
2021-03-29,2021032905022030,NIFRA,51,45,30,606.00,"18,180.00"
2021-03-29,2021032905022029,NIFRA,45,45,100,606.00,"60,600.00"
2021-03-29,2021032905022051,NIFRA,55,39,400,606.00,"242,400.00"
2021-03-29,2021032905022050,NIFRA,55,43,100,606.00,"60,600.00"
2021-03-29,2021032905022038,NIFRA,55,53,50,606.00,"30,300.00"
2021-03-29,2021032905022037,NIFRA,55,33,175,606.00,"106,050.00"
2021-03-29,2021032905022036,NIFRA,50,33,335,606.00,"203,010.00"
2021-03-29,2021032905022035,NIFRA,29,33,50,606.00,"30,300.00"
2021-03-29,2021032905022058,NIFRA,55,42,50,606.00,"30,300.00"
2021-03-29,2021032905022057,NIFRA,55,34,60,606.00,"36,360.00"
2021-03-29,2021032905022055,NIFRA,55,41,10,606.00,"6,060.00"
2021-03-29,2021032905022054,NIFRA,39,20,67,607.00,"40,669.00"
2021-03-29,2021032905022053,NIFRA,39,53,50,607.00,"30,350.00"
2021-03-29,2021032905022052,NIFRA,39,58,33,607.00,"20,031.00"
2021-03-29,2021032905022072,NIFRA,49,20,500,607.00,"303,500.00"
2021-03-29,2021032905022071,NIFRA,55,22,20,606.00,"12,120.00"
2021-03-29,2021032905022070,NIFRA,55,57,50,606.00,"30,300.00"
2021-03-29,2021032905022068,NIFRA,55,57,50,606.00,"30,300.00"
2021-03-29,2021032905022067,NIFRA,55,57,50,606.00,"30,300.00"
2021-03-29,2021032905022059,NIFRA,55,52,60,606.00,"36,360.00"
2021-03-29,2021032905022116,NIFRA,55,52,30,606.00,"18,180.00"
2021-03-29,2021032905022104,NIFRA,55,7,60,606.00,"36,360.00"
2021-03-29,2021032905022103,NIFRA,55,36,"3,000",606.00,"1,818,000.00"
2021-03-29,2021032905022082,NIFRA,57,20,100,607.00,"60,700.00"
2021-03-29,2021032905022081,NIFRA,55,57,60,606.00,"36,360.00"
2021-03-29,2021032905022079,NIFRA,55,38,60,606.00,"36,360.00"
2021-03-29,2021032905022125,NIFRA,45,20,500,607.00,"303,500.00"
2021-03-29,2021032905022124,NIFRA,43,20,50,607.00,"30,350.00"
2021-03-29,2021032905022123,NIFRA,4,20,100,607.00,"60,700.00"
2021-03-29,2021032905022122,NIFRA,55,28,50,606.00,"30,300.00"
2021-03-29,2021032905022121,NIFRA,16,20,20,607.00,"12,140.00"
2021-03-29,2021032905022119,NIFRA,55,58,50,606.00,"30,300.00"
2021-03-29,2021032905022141,NIFRA,43,6,50,607.00,"30,350.00"
2021-03-29,2021032905022140,NIFRA,43,32,50,607.00,"30,350.00"
2021-03-29,2021032905022129,NIFRA,7,58,285,606.00,"172,710.00"
2021-03-29,2021032905022128,NIFRA,29,58,100,606.00,"60,600.00"
2021-03-29,2021032905022127,NIFRA,55,58,615,606.00,"372,690.00"
2021-03-29,2021032905022126,NIFRA,6,20,50,607.00,"30,350.00"
2021-03-29,2021032905022153,NIFRA,7,52,15,606.00,"9,090.00"
2021-03-29,2021032905022149,NIFRA,7,11,50,606.00,"30,300.00"
2021-03-29,2021032905022145,NIFRA,7,43,80,606.00,"48,480.00"
2021-03-29,2021032905022144,NIFRA,7,40,60,606.00,"36,360.00"
2021-03-29,2021032905022143,NIFRA,7,19,10,606.00,"6,060.00"
2021-03-29,2021032905022142,NIFRA,43,44,100,607.00,"60,700.00"
2021-03-29,2021032905021666,CGH,28,58,10,"1,933.00","19,330.00"
2021-03-29,2021032905021665,CGH,28,57,10,"1,933.00","19,330.00"
2021-03-29,2021032905021663,CGH,28,35,10,"1,933.00","19,330.00"
2021-03-29,2021032905021662,CGH,28,41,10,"1,933.00","19,330.00"
2021-03-29,2021032905021661,CGH,46,50,10,"1,933.00","19,330.00"
2021-03-29,2021032905021659,CGH,45,29,10,"1,933.00","19,330.00"
2021-03-29,2021032905021183,CGH,10,22,10,"1,932.00","19,320.00"
2021-03-29,2021032905021182,CGH,10,26,10,"1,932.00","19,320.00"
2021-03-29,2021032905021192,CGH,18,14,10,"1,933.00","19,330.00"
2021-03-29,2021032905021191,CGH,18,58,10,"1,933.00","19,330.00"
2021-03-29,2021032905021190,CGH,18,54,10,"1,933.00","19,330.00"
2021-03-29,2021032905021189,CGH,18,33,10,"1,933.00","19,330.00"
2021-03-29,2021032905021186,CGH,10,32,10,"1,932.00","19,320.00"
2021-03-29,2021032905021184,CGH,10,21,10,"1,932.00","19,320.00"
2021-03-29,2021032905021200,CGH,18,38,10,"1,933.00","19,330.00"
2021-03-29,2021032905021198,CGH,18,6,10,"1,933.00","19,330.00"
2021-03-29,2021032905021197,CGH,18,14,10,"1,933.00","19,330.00"
2021-03-29,2021032905021195,CGH,18,52,10,"1,933.00","19,330.00"
2021-03-29,2021032905021194,CGH,18,14,10,"1,933.00","19,330.00"
2021-03-29,2021032905021193,CGH,18,21,10,"1,933.00","19,330.00"
2021-03-29,2021032905021209,CGH,18,14,10,"1,933.00","19,330.00"
2021-03-29,2021032905021208,CGH,18,16,10,"1,933.00","19,330.00"
2021-03-29,2021032905021207,CGH,18,49,10,"1,933.00","19,330.00"
2021-03-29,2021032905021205,CGH,18,29,10,"1,933.00","19,330.00"
2021-03-29,2021032905021203,CGH,18,6,10,"1,933.00","19,330.00"
2021-03-29,2021032905021202,CGH,18,32,10,"1,933.00","19,330.00"
2021-03-29,2021032905021221,CGH,44,45,10,"1,933.00","19,330.00"
2021-03-29,2021032905021220,CGH,36,59,10,"1,933.00","19,330.00"
2021-03-29,2021032905021216,CGH,18,55,10,"1,933.00","19,330.00"
2021-03-29,2021032905021215,CGH,18,56,10,"1,933.00","19,330.00"
2021-03-29,2021032905021213,CGH,18,35,10,"1,933.00","19,330.00"
2021-03-29,2021032905021211,CGH,18,49,10,"1,933.00","19,330.00"
2021-03-29,2021032905021231,CGH,44,4,10,"1,933.00","19,330.00"
2021-03-29,2021032905021226,CGH,44,29,10,"1,933.00","19,330.00"
2021-03-29,2021032905021225,CGH,44,52,10,"1,933.00","19,330.00"
2021-03-29,2021032905021224,CGH,44,41,10,"1,933.00","19,330.00"
2021-03-29,2021032905021223,CGH,44,38,10,"1,933.00","19,330.00"
2021-03-29,2021032905021222,CGH,44,48,10,"1,933.00","19,330.00"
2021-03-29,2021032905021239,CGH,39,58,10,"1,934.00","19,340.00"
2021-03-29,2021032905021236,CGH,6,57,10,"1,933.00","19,330.00"
2021-03-29,2021032905021235,CGH,6,32,10,"1,933.00","19,330.00"
2021-03-29,2021032905021234,CGH,6,36,10,"1,933.00","19,330.00"
2021-03-29,2021032905021233,CGH,6,33,10,"1,933.00","19,330.00"
2021-03-29,2021032905021232,CGH,10,6,10,"1,932.00","19,320.00"
2021-03-29,2021032905021250,CGH,6,58,10,"1,933.00","19,330.00"
2021-03-29,2021032905021248,CGH,6,22,10,"1,933.00","19,330.00"
2021-03-29,2021032905021247,CGH,6,38,10,"1,933.00","19,330.00"
2021-03-29,2021032905021243,CGH,6,38,10,"1,933.00","19,330.00"
2021-03-29,2021032905021242,CGH,6,14,10,"1,933.00","19,330.00"
2021-03-29,2021032905021240,CGH,39,46,10,"1,934.00","19,340.00"
2021-03-29,2021032905021269,CGH,10,47,10,"1,932.00","19,320.00"
2021-03-29,2021032905021268,CGH,53,46,10,"1,933.00","19,330.00"
2021-03-29,2021032905021267,CGH,53,59,10,"1,933.00","19,330.00"
2021-03-29,2021032905021263,CGH,45,48,10,"1,933.00","19,330.00"
2021-03-29,2021032905021259,CGH,10,35,10,"1,932.00","19,320.00"
2021-03-29,2021032905021252,CGH,17,14,10,"1,933.00","19,330.00"
2021-03-29,2021032905021280,CGH,10,39,10,"1,932.00","19,320.00"
2021-03-29,2021032905021275,CGH,28,26,10,"1,933.00","19,330.00"
2021-03-29,2021032905021274,CGH,28,47,10,"1,933.00","19,330.00"
2021-03-29,2021032905021273,CGH,28,17,10,"1,933.00","19,330.00"
2021-03-29,2021032905021272,CGH,28,8,10,"1,933.00","19,330.00"
2021-03-29,2021032905021271,CGH,10,49,10,"1,932.00","19,320.00"
2021-03-29,2021032905021294,CGH,5,38,10,"1,933.00","19,330.00"
2021-03-29,2021032905021293,CGH,51,44,10,"1,934.00","19,340.00"
2021-03-29,2021032905021290,CGH,5,33,10,"1,933.00","19,330.00"
2021-03-29,2021032905021288,CGH,5,51,10,"1,933.00","19,330.00"
2021-03-29,2021032905021287,CGH,5,46,10,"1,933.00","19,330.00"
2021-03-29,2021032905021281,CGH,10,26,10,"1,932.00","19,320.00"
2021-03-29,2021032905021311,CGH,18,35,10,"1,933.00","19,330.00"
2021-03-29,2021032905021310,CGH,18,58,10,"1,933.00","19,330.00"
2021-03-29,2021032905021307,CGH,18,39,10,"1,933.00","19,330.00"
2021-03-29,2021032905021306,CGH,18,45,10,"1,933.00","19,330.00"
2021-03-29,2021032905021296,CGH,18,36,10,"1,933.00","19,330.00"
2021-03-29,2021032905021295,CGH,5,49,10,"1,933.00","19,330.00"
2021-03-29,2021032905021320,CGH,55,52,10,"1,933.00","19,330.00"
2021-03-29,2021032905021319,CGH,55,41,10,"1,933.00","19,330.00"
2021-03-29,2021032905021318,CGH,55,47,10,"1,933.00","19,330.00"
2021-03-29,2021032905021315,CGH,55,36,10,"1,933.00","19,330.00"
2021-03-29,2021032905021313,CGH,55,21,10,"1,933.00","19,330.00"
2021-03-29,2021032905021312,CGH,55,51,10,"1,933.00","19,330.00"
2021-03-29,2021032905021335,CGH,55,48,10,"1,933.00","19,330.00"
2021-03-29,2021032905021334,CGH,55,51,10,"1,933.00","19,330.00"
2021-03-29,2021032905021332,CGH,55,58,10,"1,933.00","19,330.00"
2021-03-29,2021032905021331,CGH,55,58,10,"1,933.00","19,330.00"
2021-03-29,2021032905021326,CGH,55,58,10,"1,933.00","19,330.00"
2021-03-29,2021032905021323,CGH,55,59,10,"1,933.00","19,330.00"
2021-03-29,2021032905021343,CGH,55,58,10,"1,933.00","19,330.00"
2021-03-29,2021032905021342,CGH,55,45,10,"1,933.00","19,330.00"
2021-03-29,2021032905021341,CGH,55,4,10,"1,933.00","19,330.00"
2021-03-29,2021032905021340,CGH,55,38,10,"1,933.00","19,330.00"
2021-03-29,2021032905021339,CGH,55,44,10,"1,933.00","19,330.00"
2021-03-29,2021032905021338,CGH,55,46,10,"1,933.00","19,330.00"
2021-03-29,2021032905021353,CGH,28,51,10,"1,933.00","19,330.00"
2021-03-29,2021032905021352,CGH,28,57,10,"1,933.00","19,330.00"
2021-03-29,2021032905021350,CGH,28,45,10,"1,933.00","19,330.00"
2021-03-29,2021032905021349,CGH,28,29,10,"1,933.00","19,330.00"
2021-03-29,2021032905021347,CGH,55,42,10,"1,933.00","19,330.00"
2021-03-29,2021032905021344,CGH,55,35,10,"1,933.00","19,330.00"
2021-03-29,2021032905021376,CGH,28,59,10,"1,933.00","19,330.00"
2021-03-29,2021032905021375,CGH,28,44,10,"1,933.00","19,330.00"
2021-03-29,2021032905021374,CGH,28,50,10,"1,933.00","19,330.00"
2021-03-29,2021032905021373,CGH,28,11,10,"1,933.00","19,330.00"
2021-03-29,2021032905021361,CGH,28,21,10,"1,933.00","19,330.00"
2021-03-29,2021032905021358,CGH,28,48,10,"1,933.00","19,330.00"
2021-03-29,2021032905021391,CGH,28,17,10,"1,933.00","19,330.00"
2021-03-29,2021032905021389,CGH,28,39,10,"1,933.00","19,330.00"
2021-03-29,2021032905021383,CGH,28,57,10,"1,933.00","19,330.00"
2021-03-29,2021032905021380,CGH,28,51,10,"1,933.00","19,330.00"
2021-03-29,2021032905021379,CGH,28,45,10,"1,933.00","19,330.00"
2021-03-29,2021032905021378,CGH,28,49,10,"1,933.00","19,330.00"
2021-03-29,2021032905021397,CGH,10,35,10,"1,934.00","19,340.00"
2021-03-29,2021032905021396,CGH,10,38,10,"1,934.00","19,340.00"
2021-03-29,2021032905021395,CGH,10,14,10,"1,934.00","19,340.00"
2021-03-29,2021032905021394,CGH,10,11,10,"1,934.00","19,340.00"
2021-03-29,2021032905021393,CGH,10,49,10,"1,934.00","19,340.00"
2021-03-29,2021032905021392,CGH,28,53,10,"1,933.00","19,330.00"
2021-03-29,2021032905021403,CGH,18,52,10,"1,933.00","19,330.00"
2021-03-29,2021032905021402,CGH,18,51,10,"1,933.00","19,330.00"
2021-03-29,2021032905021401,CGH,28,51,10,"1,933.00","19,330.00"
2021-03-29,2021032905021400,CGH,28,17,10,"1,933.00","19,330.00"
2021-03-29,2021032905021399,CGH,28,44,10,"1,933.00","19,330.00"
2021-03-29,2021032905021398,CGH,10,16,10,"1,934.00","19,340.00"
2021-03-29,2021032905021415,CGH,18,11,10,"1,933.00","19,330.00"
2021-03-29,2021032905021413,CGH,18,21,10,"1,933.00","19,330.00"
2021-03-29,2021032905021412,CGH,18,19,10,"1,933.00","19,330.00"
2021-03-29,2021032905021409,CGH,18,21,10,"1,933.00","19,330.00"
2021-03-29,2021032905021408,CGH,18,54,10,"1,933.00","19,330.00"
2021-03-29,2021032905021404,CGH,18,20,10,"1,933.00","19,330.00"
2021-03-29,2021032905021429,CGH,18,11,10,"1,933.00","19,330.00"
2021-03-29,2021032905021428,CGH,18,59,10,"1,933.00","19,330.00"
2021-03-29,2021032905021423,CGH,18,48,10,"1,933.00","19,330.00"
2021-03-29,2021032905021418,CGH,18,53,10,"1,933.00","19,330.00"
2021-03-29,2021032905021417,CGH,18,58,10,"1,933.00","19,330.00"
2021-03-29,2021032905021416,CGH,18,41,10,"1,933.00","19,330.00"
2021-03-29,2021032905021438,CGH,18,51,10,"1,933.00","19,330.00"
2021-03-29,2021032905021437,CGH,18,57,10,"1,933.00","19,330.00"
2021-03-29,2021032905021436,CGH,18,17,10,"1,933.00","19,330.00"
2021-03-29,2021032905021435,CGH,18,51,10,"1,933.00","19,330.00"
2021-03-29,2021032905021432,CGH,18,56,10,"1,933.00","19,330.00"
2021-03-29,2021032905021430,CGH,18,44,10,"1,933.00","19,330.00"
2021-03-29,2021032905021447,CGH,6,48,10,"1,933.00","19,330.00"
2021-03-29,2021032905021445,CGH,6,49,10,"1,933.00","19,330.00"
2021-03-29,2021032905021444,CGH,6,57,10,"1,933.00","19,330.00"
2021-03-29,2021032905021443,CGH,6,41,10,"1,933.00","19,330.00"
2021-03-29,2021032905021442,CGH,6,54,10,"1,933.00","19,330.00"
2021-03-29,2021032905021440,CGH,6,29,10,"1,933.00","19,330.00"
2021-03-29,2021032905021462,CGH,45,4,10,"1,933.00","19,330.00"
2021-03-29,2021032905021461,CGH,45,38,10,"1,933.00","19,330.00"
2021-03-29,2021032905021460,CGH,10,44,10,"1,932.00","19,320.00"
2021-03-29,2021032905021453,CGH,18,52,10,"1,933.00","19,330.00"
2021-03-29,2021032905021451,CGH,10,57,10,"1,932.00","19,320.00"
2021-03-29,2021032905021448,CGH,46,39,10,"1,933.00","19,330.00"
2021-03-29,2021032905021475,CGH,8,58,10,"1,933.00","19,330.00"
2021-03-29,2021032905021474,CGH,8,48,10,"1,933.00","19,330.00"
2021-03-29,2021032905021473,CGH,8,34,10,"1,933.00","19,330.00"
2021-03-29,2021032905021469,CGH,10,6,10,"1,932.00","19,320.00"
2021-03-29,2021032905021465,CGH,26,38,10,"1,933.00","19,330.00"
2021-03-29,2021032905021463,CGH,45,39,10,"1,933.00","19,330.00"
2021-03-29,2021032905021492,CGH,10,58,10,"1,932.00","19,320.00"
2021-03-29,2021032905021491,CGH,10,45,10,"1,932.00","19,320.00"
2021-03-29,2021032905021482,CGH,10,50,10,"1,932.00","19,320.00"
2021-03-29,2021032905021480,CGH,10,55,10,"1,932.00","19,320.00"
2021-03-29,2021032905021479,CGH,8,57,10,"1,933.00","19,330.00"
2021-03-29,2021032905021476,CGH,8,38,10,"1,933.00","19,330.00"
2021-03-29,2021032905021503,CGH,55,56,10,"1,933.00","19,330.00"
2021-03-29,2021032905021501,CGH,10,46,10,"1,932.00","19,320.00"
2021-03-29,2021032905021500,CGH,10,21,10,"1,932.00","19,320.00"
2021-03-29,2021032905021499,CGH,10,21,10,"1,932.00","19,320.00"
2021-03-29,2021032905021498,CGH,10,20,10,"1,932.00","19,320.00"
2021-03-29,2021032905021494,CGH,10,39,10,"1,932.00","19,320.00"
2021-03-29,2021032905021514,CGH,55,52,10,"1,933.00","19,330.00"
2021-03-29,2021032905021509,CGH,55,57,10,"1,933.00","19,330.00"
2021-03-29,2021032905021507,CGH,55,26,10,"1,933.00","19,330.00"
2021-03-29,2021032905021506,CGH,55,50,10,"1,933.00","19,330.00"
2021-03-29,2021032905021505,CGH,55,3,10,"1,933.00","19,330.00"
2021-03-29,2021032905021504,CGH,55,38,10,"1,933.00","19,330.00"
2021-03-29,2021032905021524,CGH,13,8,10,"1,934.00","19,340.00"
2021-03-29,2021032905021523,CGH,55,4,10,"1,933.00","19,330.00"
2021-03-29,2021032905021522,CGH,55,42,10,"1,933.00","19,330.00"
2021-03-29,2021032905021521,CGH,55,34,10,"1,933.00","19,330.00"
2021-03-29,2021032905021520,CGH,55,56,10,"1,933.00","19,330.00"
2021-03-29,2021032905021515,CGH,55,58,10,"1,933.00","19,330.00"
2021-03-29,2021032905021534,CGH,58,57,10,"1,934.00","19,340.00"
2021-03-29,2021032905021533,CGH,58,54,10,"1,934.00","19,340.00"
2021-03-29,2021032905021532,CGH,58,51,10,"1,934.00","19,340.00"
2021-03-29,2021032905021531,CGH,58,38,10,"1,934.00","19,340.00"
2021-03-29,2021032905021526,CGH,55,39,10,"1,933.00","19,330.00"
2021-03-29,2021032905021525,CGH,55,44,10,"1,933.00","19,330.00"
2021-03-29,2021032905021540,CGH,58,21,10,"1,935.00","19,350.00"
2021-03-29,2021032905021539,CGH,58,41,10,"1,934.00","19,340.00"
2021-03-29,2021032905021538,CGH,58,42,10,"1,934.00","19,340.00"
2021-03-29,2021032905021537,CGH,58,49,10,"1,934.00","19,340.00"
2021-03-29,2021032905021536,CGH,58,44,10,"1,934.00","19,340.00"
2021-03-29,2021032905021535,CGH,58,36,10,"1,934.00","19,340.00"
2021-03-29,2021032905021546,CGH,58,48,10,"1,935.00","19,350.00"
2021-03-29,2021032905021545,CGH,58,39,10,"1,935.00","19,350.00"
2021-03-29,2021032905021544,CGH,58,41,10,"1,935.00","19,350.00"
2021-03-29,2021032905021543,CGH,58,49,10,"1,935.00","19,350.00"
2021-03-29,2021032905021542,CGH,58,38,10,"1,935.00","19,350.00"
2021-03-29,2021032905021541,CGH,58,16,10,"1,935.00","19,350.00"
2021-03-29,2021032905021552,CGH,58,21,10,"1,935.00","19,350.00"
2021-03-29,2021032905021551,CGH,58,34,10,"1,935.00","19,350.00"
2021-03-29,2021032905021550,CGH,58,45,10,"1,935.00","19,350.00"
2021-03-29,2021032905021549,CGH,58,41,10,"1,935.00","19,350.00"
2021-03-29,2021032905021548,CGH,58,14,10,"1,935.00","19,350.00"
2021-03-29,2021032905021547,CGH,58,41,10,"1,935.00","19,350.00"
2021-03-29,2021032905021558,CGH,58,14,10,"1,935.00","19,350.00"
2021-03-29,2021032905021557,CGH,58,42,10,"1,935.00","19,350.00"
2021-03-29,2021032905021556,CGH,58,42,10,"1,935.00","19,350.00"
2021-03-29,2021032905021555,CGH,58,48,10,"1,935.00","19,350.00"
2021-03-29,2021032905021554,CGH,58,58,10,"1,935.00","19,350.00"
2021-03-29,2021032905021553,CGH,58,39,10,"1,935.00","19,350.00"
2021-03-29,2021032905021564,CGH,58,7,10,"1,935.00","19,350.00"
2021-03-29,2021032905021563,CGH,58,42,10,"1,935.00","19,350.00"
2021-03-29,2021032905021562,CGH,58,34,10,"1,935.00","19,350.00"
2021-03-29,2021032905021561,CGH,58,42,10,"1,935.00","19,350.00"
2021-03-29,2021032905021560,CGH,58,49,10,"1,935.00","19,350.00"
2021-03-29,2021032905021559,CGH,58,34,10,"1,935.00","19,350.00"
2021-03-29,2021032905021570,CGH,58,22,10,"1,935.00","19,350.00"
2021-03-29,2021032905021569,CGH,58,47,10,"1,935.00","19,350.00"
2021-03-29,2021032905021568,CGH,58,39,10,"1,935.00","19,350.00"
2021-03-29,2021032905021567,CGH,58,42,10,"1,935.00","19,350.00"
2021-03-29,2021032905021566,CGH,58,58,10,"1,935.00","19,350.00"
2021-03-29,2021032905021565,CGH,58,45,10,"1,935.00","19,350.00"
2021-03-29,2021032905021577,CGH,58,42,10,"1,935.00","19,350.00"
2021-03-29,2021032905021576,CGH,58,39,10,"1,935.00","19,350.00"
2021-03-29,2021032905021574,CGH,58,38,10,"1,935.00","19,350.00"
2021-03-29,2021032905021573,CGH,58,58,10,"1,935.00","19,350.00"
2021-03-29,2021032905021572,CGH,58,16,10,"1,935.00","19,350.00"
2021-03-29,2021032905021571,CGH,58,44,10,"1,935.00","19,350.00"
2021-03-29,2021032905021605,CGH,55,54,10,"1,933.00","19,330.00"
2021-03-29,2021032905021603,CGH,55,46,10,"1,933.00","19,330.00"
2021-03-29,2021032905021584,CGH,58,11,10,"1,935.00","19,350.00"
2021-03-29,2021032905021583,CGH,58,40,10,"1,935.00","19,350.00"
2021-03-29,2021032905021582,CGH,58,55,10,"1,935.00","19,350.00"
2021-03-29,2021032905021581,CGH,58,51,10,"1,935.00","19,350.00"
2021-03-29,2021032905021616,CGH,28,49,10,"1,934.00","19,340.00"
2021-03-29,2021032905021613,CGH,28,53,10,"1,934.00","19,340.00"
2021-03-29,2021032905021610,CGH,28,45,10,"1,934.00","19,340.00"
2021-03-29,2021032905021608,CGH,28,57,10,"1,933.00","19,330.00"
2021-03-29,2021032905021607,CGH,28,52,10,"1,933.00","19,330.00"
2021-03-29,2021032905021606,CGH,28,17,10,"1,933.00","19,330.00"
2021-03-29,2021032905021627,CGH,28,6,10,"1,934.00","19,340.00"
2021-03-29,2021032905021626,CGH,28,57,10,"1,934.00","19,340.00"
2021-03-29,2021032905021624,CGH,28,49,10,"1,934.00","19,340.00"
2021-03-29,2021032905021623,CGH,28,34,10,"1,934.00","19,340.00"
2021-03-29,2021032905021619,CGH,28,6,10,"1,934.00","19,340.00"
2021-03-29,2021032905021618,CGH,28,42,10,"1,934.00","19,340.00"
2021-03-29,2021032905021656,CGH,45,14,10,"1,933.00","19,330.00"
2021-03-29,2021032905021655,CGH,28,57,10,"1,933.00","19,330.00"
2021-03-29,2021032905021653,CGH,28,45,10,"1,933.00","19,330.00"
2021-03-29,2021032905021647,CGH,49,46,10,"1,934.00","19,340.00"
2021-03-29,2021032905021643,CGH,45,25,10,"1,934.00","19,340.00"
2021-03-29,2021032905021629,CGH,28,32,10,"1,934.00","19,340.00"
2021-03-29,2021032905021664,GLH,50,57,10,380.00,"3,800.00"
2021-03-29,2021032905021657,GLH,45,42,10,380.00,"3,800.00"
2021-03-29,2021032905021654,GLH,45,51,10,380.00,"3,800.00"
2021-03-29,2021032905021650,GLH,45,6,10,380.00,"3,800.00"
2021-03-29,2021032905021635,GLH,45,34,10,380.00,"3,800.00"
2021-03-29,2021032905021634,GLH,45,20,10,381.00,"3,810.00"
2021-03-29,2021032905021199,GLH,50,1,10,380.00,"3,800.00"
2021-03-29,2021032905021187,GLH,50,17,10,380.00,"3,800.00"
2021-03-29,2021032905021261,GLH,59,42,10,380.00,"3,800.00"
2021-03-29,2021032905021260,GLH,8,35,10,381.00,"3,810.00"
2021-03-29,2021032905021258,GLH,59,14,10,380.00,"3,800.00"
2021-03-29,2021032905021254,GLH,59,4,10,380.00,"3,800.00"
2021-03-29,2021032905021251,GLH,21,22,10,381.00,"3,810.00"
2021-03-29,2021032905021249,GLH,59,36,10,380.00,"3,800.00"
2021-03-29,2021032905021359,GLH,59,32,10,380.00,"3,800.00"
2021-03-29,2021032905021345,GLH,59,52,10,380.00,"3,800.00"
2021-03-29,2021032905021333,GLH,59,42,10,380.00,"3,800.00"
2021-03-29,2021032905021321,GLH,59,45,10,380.00,"3,800.00"
2021-03-29,2021032905021283,GLH,59,45,10,380.00,"3,800.00"
2021-03-29,2021032905021278,GLH,59,1,10,380.00,"3,800.00"
2021-03-29,2021032905021450,GLH,21,59,10,380.00,"3,800.00"
2021-03-29,2021032905021441,GLH,59,29,10,380.00,"3,800.00"
2021-03-29,2021032905021434,GLH,59,29,10,380.00,"3,800.00"
2021-03-29,2021032905021424,GLH,59,29,10,380.00,"3,800.00"
2021-03-29,2021032905021407,GLH,59,29,10,380.00,"3,800.00"
2021-03-29,2021032905021388,GLH,59,29,10,380.00,"3,800.00"
2021-03-29,2021032905021586,GLH,34,16,10,381.00,"3,810.00"
2021-03-29,2021032905021580,GLH,45,51,10,380.00,"3,800.00"
2021-03-29,2021032905021516,GLH,45,51,10,380.00,"3,800.00"
2021-03-29,2021032905021497,GLH,21,25,10,380.00,"3,800.00"
2021-03-29,2021032905021490,GLH,21,51,10,380.00,"3,800.00"
2021-03-29,2021032905021467,GLH,21,51,10,380.00,"3,800.00"
2021-03-29,2021032905021592,GLH,34,41,10,382.00,"3,820.00"
2021-03-29,2021032905021591,GLH,34,32,10,381.00,"3,810.00"
2021-03-29,2021032905021590,GLH,34,45,10,381.00,"3,810.00"
2021-03-29,2021032905021589,GLH,34,42,10,381.00,"3,810.00"
2021-03-29,2021032905021588,GLH,34,35,20,381.00,"7,620.00"
2021-03-29,2021032905021587,GLH,34,54,10,381.00,"3,810.00"
2021-03-29,2021032905021598,GLH,34,34,10,383.00,"3,830.00"
2021-03-29,2021032905021597,GLH,34,58,10,383.00,"3,830.00"
2021-03-29,2021032905021596,GLH,34,35,10,382.00,"3,820.00"
2021-03-29,2021032905021595,GLH,34,41,10,382.00,"3,820.00"
2021-03-29,2021032905021594,GLH,34,34,50,382.00,"19,100.00"
2021-03-29,2021032905021593,GLH,34,7,10,382.00,"3,820.00"
2021-03-29,2021032905021633,GLH,45,51,10,380.00,"3,800.00"
2021-03-29,2021032905021622,GLH,45,34,10,380.00,"3,800.00"
2021-03-29,2021032905021617,GLH,45,19,10,380.00,"3,800.00"
2021-03-29,2021032905021615,GLH,45,51,10,380.00,"3,800.00"
2021-03-29,2021032905021600,GLH,34,54,10,383.00,"3,830.00"
2021-03-29,2021032905021599,GLH,34,26,10,383.00,"3,830.00"
2021-03-29,2021032905021660,NIFRA,55,52,10,606.00,"6,060.00"
2021-03-29,2021032905021658,NIFRA,55,17,50,606.00,"30,300.00"
2021-03-29,2021032905021652,NIFRA,29,7,5,607.00,"3,035.00"
2021-03-29,2021032905021651,NIFRA,56,7,250,607.00,"151,750.00"
2021-03-29,2021032905021649,NIFRA,55,7,500,606.00,"303,000.00"
2021-03-29,2021032905021648,NIFRA,55,52,50,606.00,"30,300.00"
2021-03-29,2021032905021170,NIFRA,48,45,50,607.00,"30,350.00"
2021-03-29,2021032905021169,NIFRA,48,58,50,607.00,"30,350.00"
2021-03-29,2021032905021168,NIFRA,48,28,60,607.00,"36,420.00"
2021-03-29,2021032905021167,NIFRA,48,38,50,607.00,"30,350.00"
2021-03-29,2021032905021176,NIFRA,49,38,20,606.00,"12,120.00"
2021-03-29,2021032905021175,NIFRA,53,38,30,606.00,"18,180.00"
2021-03-29,2021032905021174,NIFRA,45,38,10,606.00,"6,060.00"
2021-03-29,2021032905021173,NIFRA,16,38,500,606.00,"303,000.00"
2021-03-29,2021032905021172,NIFRA,48,38,163,607.00,"98,941.00"
2021-03-29,2021032905021171,NIFRA,48,56,50,607.00,"30,350.00"
2021-03-29,2021032905021185,NIFRA,46,42,60,607.00,"36,420.00"
2021-03-29,2021032905021181,NIFRA,36,58,50,606.00,"30,300.00"
2021-03-29,2021032905021180,NIFRA,36,38,107,606.00,"64,842.00"
2021-03-29,2021032905021179,NIFRA,14,38,100,606.00,"60,600.00"
2021-03-29,2021032905021178,NIFRA,46,38,20,606.00,"12,120.00"
2021-03-29,2021032905021177,NIFRA,38,38,50,606.00,"30,300.00"
2021-03-29,2021032905021210,NIFRA,45,26,10,607.00,"6,070.00"
2021-03-29,2021032905021206,NIFRA,46,26,30,607.00,"18,210.00"
2021-03-29,2021032905021204,NIFRA,46,16,50,607.00,"30,350.00"
2021-03-29,2021032905021201,NIFRA,46,42,50,607.00,"30,350.00"
2021-03-29,2021032905021196,NIFRA,46,32,60,607.00,"36,420.00"
2021-03-29,2021032905021188,NIFRA,46,55,50,607.00,"30,350.00"
2021-03-29,2021032905021227,NIFRA,7,41,10,607.00,"6,070.00"
2021-03-29,2021032905021219,NIFRA,36,59,60,606.00,"36,360.00"
2021-03-29,2021032905021218,NIFRA,42,41,50,607.00,"30,350.00"
2021-03-29,2021032905021217,NIFRA,42,1,50,607.00,"30,350.00"
2021-03-29,2021032905021214,NIFRA,21,26,25,607.00,"15,175.00"
2021-03-29,2021032905021212,NIFRA,21,26,30,607.00,"18,210.00"
2021-03-29,2021032905021241,NIFRA,34,29,60,607.00,"36,420.00"
2021-03-29,2021032905021238,NIFRA,34,16,20,607.00,"12,140.00"
2021-03-29,2021032905021237,NIFRA,36,35,50,606.00,"30,300.00"
2021-03-29,2021032905021230,NIFRA,36,51,60,606.00,"36,360.00"
2021-03-29,2021032905021229,NIFRA,36,35,50,606.00,"30,300.00"
2021-03-29,2021032905021228,NIFRA,7,16,20,607.00,"12,140.00"
2021-03-29,2021032905021256,NIFRA,45,32,65,607.00,"39,455.00"
2021-03-29,2021032905021255,NIFRA,57,42,50,607.00,"30,350.00"
2021-03-29,2021032905021253,NIFRA,57,51,50,607.00,"30,350.00"
2021-03-29,2021032905021246,NIFRA,57,39,60,607.00,"36,420.00"
2021-03-29,2021032905021245,NIFRA,57,32,40,607.00,"24,280.00"
2021-03-29,2021032905021244,NIFRA,34,32,10,607.00,"6,070.00"
2021-03-29,2021032905021270,NIFRA,36,33,10,606.00,"6,060.00"
2021-03-29,2021032905021266,NIFRA,58,17,395,607.00,"239,765.00"
2021-03-29,2021032905021265,NIFRA,58,36,50,607.00,"30,350.00"
2021-03-29,2021032905021264,NIFRA,58,32,55,607.00,"33,385.00"
2021-03-29,2021032905021262,NIFRA,36,51,60,606.00,"36,360.00"
2021-03-29,2021032905021257,NIFRA,42,32,80,607.00,"48,560.00"
2021-03-29,2021032905021285,NIFRA,41,51,30,606.00,"18,180.00"
2021-03-29,2021032905021284,NIFRA,41,51,50,606.00,"30,300.00"
2021-03-29,2021032905021282,NIFRA,45,17,20,607.00,"12,140.00"
2021-03-29,2021032905021279,NIFRA,41,45,50,606.00,"30,300.00"
2021-03-29,2021032905021277,NIFRA,25,52,7,606.00,"4,242.00"
2021-03-29,2021032905021276,NIFRA,36,52,53,606.00,"32,118.00"
2021-03-29,2021032905021298,NIFRA,26,17,45,607.00,"27,315.00"
2021-03-29,2021032905021297,NIFRA,32,17,40,607.00,"24,280.00"
2021-03-29,2021032905021292,NIFRA,7,1,30,606.00,"18,180.00"
2021-03-29,2021032905021291,NIFRA,51,1,20,606.00,"12,120.00"
2021-03-29,2021032905021289,NIFRA,51,26,50,606.00,"30,300.00"
2021-03-29,2021032905021286,NIFRA,51,51,30,606.00,"18,180.00"
2021-03-29,2021032905021304,NIFRA,5,16,50,607.00,"30,350.00"
2021-03-29,2021032905021303,NIFRA,5,51,60,607.00,"36,420.00"
2021-03-29,2021032905021302,NIFRA,5,58,60,607.00,"36,420.00"
2021-03-29,2021032905021301,NIFRA,5,58,202,607.00,"122,614.00"
2021-03-29,2021032905021300,NIFRA,58,58,83,607.00,"50,381.00"
2021-03-29,2021032905021299,NIFRA,26,58,55,607.00,"33,385.00"
2021-03-29,2021032905021317,NIFRA,16,51,60,607.00,"36,420.00"
2021-03-29,2021032905021316,NIFRA,16,36,60,607.00,"36,420.00"
2021-03-29,2021032905021314,NIFRA,16,1,50,607.00,"30,350.00"
2021-03-29,2021032905021309,NIFRA,16,41,222,607.00,"134,754.00"
2021-03-29,2021032905021308,NIFRA,5,41,78,607.00,"47,346.00"
2021-03-29,2021032905021305,NIFRA,5,20,50,607.00,"30,350.00"
2021-03-29,2021032905021329,NIFRA,38,14,100,607.00,"60,700.00"
2021-03-29,2021032905021328,NIFRA,16,14,500,607.00,"303,500.00"
2021-03-29,2021032905021327,NIFRA,16,14,48,607.00,"29,136.00"
2021-03-29,2021032905021325,NIFRA,41,52,50,608.00,"30,400.00"
2021-03-29,2021032905021324,NIFRA,16,16,50,607.00,"30,350.00"
2021-03-29,2021032905021322,NIFRA,16,13,10,607.00,"6,070.00"
2021-03-29,2021032905021351,NIFRA,29,32,25,607.00,"15,175.00"
2021-03-29,2021032905021348,NIFRA,7,22,50,606.00,"30,300.00"
2021-03-29,2021032905021346,NIFRA,7,58,10,606.00,"6,060.00"
2021-03-29,2021032905021337,NIFRA,7,34,40,606.00,"24,240.00"
2021-03-29,2021032905021336,NIFRA,45,34,10,607.00,"6,070.00"
2021-03-29,2021032905021330,NIFRA,7,14,352,606.00,"213,312.00"
2021-03-29,2021032905021362,NIFRA,38,32,35,607.00,"21,245.00"
2021-03-29,2021032905021360,NIFRA,40,59,50,606.00,"30,300.00"
2021-03-29,2021032905021357,NIFRA,57,16,35,606.00,"21,210.00"
2021-03-29,2021032905021356,NIFRA,58,16,10,606.00,"6,060.00"
2021-03-29,2021032905021355,NIFRA,41,52,42,606.00,"25,452.00"
2021-03-29,2021032905021354,NIFRA,7,52,18,606.00,"10,908.00"
2021-03-29,2021032905021368,NIFRA,38,36,25,608.00,"15,200.00"
2021-03-29,2021032905021367,NIFRA,38,35,10,608.00,"6,080.00"
2021-03-29,2021032905021366,NIFRA,38,49,50,607.00,"30,350.00"
2021-03-29,2021032905021365,NIFRA,38,51,50,607.00,"30,350.00"
2021-03-29,2021032905021364,NIFRA,38,42,60,607.00,"36,420.00"
2021-03-29,2021032905021363,NIFRA,38,50,50,607.00,"30,350.00"
2021-03-29,2021032905021381,NIFRA,57,16,50,607.00,"30,350.00"
2021-03-29,2021032905021377,NIFRA,46,16,10,607.00,"6,070.00"
2021-03-29,2021032905021372,NIFRA,38,55,20,608.00,"12,160.00"
2021-03-29,2021032905021371,NIFRA,38,45,100,608.00,"60,800.00"
2021-03-29,2021032905021370,NIFRA,38,42,50,608.00,"30,400.00"
2021-03-29,2021032905021369,NIFRA,38,42,50,608.00,"30,400.00"
2021-03-29,2021032905021390,NIFRA,39,1,50,606.00,"30,300.00"
2021-03-29,2021032905021387,NIFRA,35,45,100,607.00,"60,700.00"
2021-03-29,2021032905021386,NIFRA,39,1,50,606.00,"30,300.00"
2021-03-29,2021032905021385,NIFRA,39,40,40,606.00,"24,240.00"
2021-03-29,2021032905021384,NIFRA,40,40,10,606.00,"6,060.00"
2021-03-29,2021032905021382,NIFRA,57,45,30,607.00,"18,210.00"
2021-03-29,2021032905021419,NIFRA,54,45,235,607.00,"142,645.00"
2021-03-29,2021032905021414,NIFRA,35,26,100,606.00,"60,600.00"
2021-03-29,2021032905021411,NIFRA,35,32,50,606.00,"30,300.00"
2021-03-29,2021032905021410,NIFRA,35,3,10,606.00,"6,060.00"
2021-03-29,2021032905021406,NIFRA,35,53,690,606.00,"418,140.00"
2021-03-29,2021032905021405,NIFRA,39,53,10,606.00,"6,060.00"
2021-03-29,2021032905021427,NIFRA,45,49,345,607.00,"209,415.00"
2021-03-29,2021032905021426,NIFRA,45,32,60,607.00,"36,420.00"
2021-03-29,2021032905021425,NIFRA,35,52,50,606.00,"30,300.00"
2021-03-29,2021032905021422,NIFRA,54,49,55,607.00,"33,385.00"
2021-03-29,2021032905021421,NIFRA,54,57,60,607.00,"36,420.00"
2021-03-29,2021032905021420,NIFRA,54,51,50,607.00,"30,350.00"
2021-03-29,2021032905021452,NIFRA,45,58,50,607.00,"30,350.00"
2021-03-29,2021032905021449,NIFRA,45,1,60,607.00,"36,420.00"
2021-03-29,2021032905021446,NIFRA,45,49,50,607.00,"30,350.00"
2021-03-29,2021032905021439,NIFRA,45,52,60,607.00,"36,420.00"
2021-03-29,2021032905021433,NIFRA,45,46,450,607.00,"273,150.00"
2021-03-29,2021032905021431,NIFRA,45,16,60,607.00,"36,420.00"
2021-03-29,2021032905021459,NIFRA,45,18,50,607.00,"30,350.00"
2021-03-29,2021032905021458,NIFRA,4,56,50,608.00,"30,400.00"
2021-03-29,2021032905021457,NIFRA,4,34,20,608.00,"12,160.00"
2021-03-29,2021032905021456,NIFRA,4,55,30,608.00,"18,240.00"
2021-03-29,2021032905021455,NIFRA,45,16,60,607.00,"36,420.00"
2021-03-29,2021032905021454,NIFRA,45,35,50,607.00,"30,350.00"
2021-03-29,2021032905021472,NIFRA,6,42,100,607.00,"60,700.00"
2021-03-29,2021032905021471,NIFRA,6,45,15,607.00,"9,105.00"
2021-03-29,2021032905021470,NIFRA,45,45,45,607.00,"27,315.00"
2021-03-29,2021032905021468,NIFRA,45,1,60,607.00,"36,420.00"
2021-03-29,2021032905021466,NIFRA,45,16,50,607.00,"30,350.00"
2021-03-29,2021032905021464,NIFRA,45,4,50,607.00,"30,350.00"
2021-03-29,2021032905021485,NIFRA,57,58,60,608.00,"36,480.00"
2021-03-29,2021032905021484,NIFRA,57,29,50,608.00,"30,400.00"
2021-03-29,2021032905021483,NIFRA,57,56,10,608.00,"6,080.00"
2021-03-29,2021032905021481,NIFRA,8,52,60,607.00,"36,420.00"
2021-03-29,2021032905021478,NIFRA,8,38,15,607.00,"9,105.00"
2021-03-29,2021032905021477,NIFRA,6,38,35,607.00,"21,245.00"
2021-03-29,2021032905021495,NIFRA,8,51,40,607.00,"24,280.00"
2021-03-29,2021032905021493,NIFRA,8,5,50,607.00,"30,350.00"
2021-03-29,2021032905021489,NIFRA,57,21,10,608.00,"6,080.00"
2021-03-29,2021032905021488,NIFRA,57,22,60,608.00,"36,480.00"
2021-03-29,2021032905021487,NIFRA,57,29,60,608.00,"36,480.00"
2021-03-29,2021032905021486,NIFRA,57,21,50,608.00,"30,400.00"
2021-03-29,2021032905021512,NIFRA,8,38,85,607.00,"51,595.00"
2021-03-29,2021032905021511,NIFRA,22,41,20,608.00,"12,160.00"
2021-03-29,2021032905021510,NIFRA,22,21,10,608.00,"6,080.00"
2021-03-29,2021032905021508,NIFRA,8,52,50,607.00,"30,350.00"
2021-03-29,2021032905021502,NIFRA,50,21,30,608.00,"18,240.00"
2021-03-29,2021032905021496,NIFRA,8,35,200,607.00,"121,400.00"
2021-03-29,2021032905021528,NIFRA,16,10,250,607.00,"151,750.00"
2021-03-29,2021032905021527,NIFRA,1,10,250,607.00,"151,750.00"
2021-03-29,2021032905021519,NIFRA,38,26,5,607.00,"3,035.00"
2021-03-29,2021032905021518,NIFRA,38,45,10,607.00,"6,070.00"
2021-03-29,2021032905021517,NIFRA,6,41,50,608.00,"30,400.00"
2021-03-29,2021032905021513,NIFRA,38,38,65,607.00,"39,455.00"
2021-03-29,2021032905021585,NIFRA,35,17,50,606.00,"30,300.00"
2021-03-29,2021032905021579,NIFRA,58,29,190,607.00,"115,330.00"
2021-03-29,2021032905021578,NIFRA,41,29,50,607.00,"30,350.00"
2021-03-29,2021032905021575,NIFRA,35,16,50,606.00,"30,300.00"
2021-03-29,2021032905021530,NIFRA,4,29,50,607.00,"30,350.00"
2021-03-29,2021032905021529,NIFRA,4,40,50,607.00,"30,350.00"
2021-03-29,2021032905021612,NIFRA,26,17,50,607.00,"30,350.00"
2021-03-29,2021032905021611,NIFRA,45,41,20,608.00,"12,160.00"
2021-03-29,2021032905021609,NIFRA,29,13,10,607.00,"6,070.00"
2021-03-29,2021032905021604,NIFRA,46,57,20,607.00,"12,140.00"
2021-03-29,2021032905021602,NIFRA,13,34,50,607.00,"30,350.00"
2021-03-29,2021032905021601,NIFRA,13,29,270,607.00,"163,890.00"
2021-03-29,2021032905021630,NIFRA,25,49,15,607.00,"9,105.00"
2021-03-29,2021032905021628,NIFRA,6,17,50,606.00,"30,300.00"
2021-03-29,2021032905021625,NIFRA,58,49,20,607.00,"12,140.00"
2021-03-29,2021032905021621,NIFRA,6,17,10,606.00,"6,060.00"
2021-03-29,2021032905021620,NIFRA,1,17,50,606.00,"30,300.00"
2021-03-29,2021032905021614,NIFRA,58,49,25,607.00,"15,175.00"
2021-03-29,2021032905021639,NIFRA,34,16,50,607.00,"30,350.00"
2021-03-29,2021032905021638,NIFRA,34,45,50,607.00,"30,350.00"
2021-03-29,2021032905021637,NIFRA,34,34,20,607.00,"12,140.00"
2021-03-29,2021032905021636,NIFRA,34,26,15,607.00,"9,105.00"
2021-03-29,2021032905021632,NIFRA,25,26,35,607.00,"21,245.00"
2021-03-29,2021032905021631,NIFRA,25,45,50,607.00,"30,350.00"
2021-03-29,2021032905021646,NIFRA,55,17,10,606.00,"6,060.00"
2021-03-29,2021032905021645,NIFRA,6,17,40,606.00,"24,240.00"
2021-03-29,2021032905021644,NIFRA,42,7,100,607.00,"60,700.00"
2021-03-29,2021032905021642,NIFRA,34,7,155,607.00,"94,085.00"
2021-03-29,2021032905021641,NIFRA,34,34,50,607.00,"30,350.00"
2021-03-29,2021032905021640,NIFRA,34,16,160,607.00,"97,120.00"
2021-03-29,2021032905021164,CGH,1,58,10,"1,933.00","19,330.00"
2021-03-29,2021032905021163,CGH,1,14,10,"1,933.00","19,330.00"
2021-03-29,2021032905021162,CGH,1,14,10,"1,933.00","19,330.00"
2021-03-29,2021032905021161,CGH,1,32,10,"1,933.00","19,330.00"
2021-03-29,2021032905021160,CGH,1,19,10,"1,933.00","19,330.00"
2021-03-29,2021032905021159,CGH,10,38,10,"1,932.00","19,320.00"
2021-03-29,2021032905020673,CGH,10,16,10,"1,932.00","19,320.00"
2021-03-29,2021032905020671,CGH,10,45,10,"1,932.00","19,320.00"
2021-03-29,2021032905020669,CGH,51,32,10,"1,933.00","19,330.00"
2021-03-29,2021032905020700,CGH,10,48,10,"1,932.00","19,320.00"
2021-03-29,2021032905020696,CGH,10,18,10,"1,932.00","19,320.00"
2021-03-29,2021032905020695,CGH,10,42,10,"1,932.00","19,320.00"
2021-03-29,2021032905020688,CGH,10,16,10,"1,932.00","19,320.00"
2021-03-29,2021032905020687,CGH,10,49,10,"1,932.00","19,320.00"
2021-03-29,2021032905020674,CGH,10,54,10,"1,932.00","19,320.00"
2021-03-29,2021032905020717,CGH,10,42,10,"1,932.00","19,320.00"
2021-03-29,2021032905020712,CGH,10,48,10,"1,932.00","19,320.00"
2021-03-29,2021032905020711,CGH,10,32,10,"1,932.00","19,320.00"
2021-03-29,2021032905020707,CGH,10,57,10,"1,932.00","19,320.00"
2021-03-29,2021032905020704,CGH,10,16,10,"1,932.00","19,320.00"
2021-03-29,2021032905020703,CGH,10,45,10,"1,932.00","19,320.00"
2021-03-29,2021032905020732,CGH,10,48,10,"1,932.00","19,320.00"
2021-03-29,2021032905020730,CGH,10,32,10,"1,932.00","19,320.00"
2021-03-29,2021032905020726,CGH,10,54,10,"1,932.00","19,320.00"
2021-03-29,2021032905020725,CGH,10,42,10,"1,932.00","19,320.00"
2021-03-29,2021032905020720,CGH,10,36,10,"1,932.00","19,320.00"
2021-03-29,2021032905020718,CGH,10,39,10,"1,932.00","19,320.00"
2021-03-29,2021032905020742,CGH,43,42,10,"1,933.00","19,330.00"
2021-03-29,2021032905020741,CGH,43,32,10,"1,933.00","19,330.00"
2021-03-29,2021032905020740,CGH,43,26,10,"1,933.00","19,330.00"
2021-03-29,2021032905020737,CGH,10,46,10,"1,932.00","19,320.00"
2021-03-29,2021032905020736,CGH,10,26,10,"1,932.00","19,320.00"
2021-03-29,2021032905020735,CGH,10,8,10,"1,932.00","19,320.00"
2021-03-29,2021032905020751,CGH,43,32,10,"1,933.00","19,330.00"
2021-03-29,2021032905020748,CGH,43,38,10,"1,933.00","19,330.00"
2021-03-29,2021032905020747,CGH,43,39,10,"1,933.00","19,330.00"
2021-03-29,2021032905020745,CGH,43,35,10,"1,933.00","19,330.00"
2021-03-29,2021032905020744,CGH,43,38,10,"1,933.00","19,330.00"
2021-03-29,2021032905020743,CGH,43,6,10,"1,933.00","19,330.00"
2021-03-29,2021032905020761,CGH,35,49,10,"1,933.00","19,330.00"
2021-03-29,2021032905020760,CGH,35,10,10,"1,933.00","19,330.00"
2021-03-29,2021032905020759,CGH,35,38,10,"1,933.00","19,330.00"
2021-03-29,2021032905020755,CGH,35,4,10,"1,933.00","19,330.00"
2021-03-29,2021032905020753,CGH,35,36,10,"1,933.00","19,330.00"
2021-03-29,2021032905020752,CGH,43,42,10,"1,933.00","19,330.00"
2021-03-29,2021032905020773,CGH,28,52,10,"1,933.00","19,330.00"
2021-03-29,2021032905020768,CGH,32,58,10,"1,933.00","19,330.00"
2021-03-29,2021032905020767,CGH,32,48,10,"1,933.00","19,330.00"
2021-03-29,2021032905020766,CGH,32,59,10,"1,933.00","19,330.00"
2021-03-29,2021032905020765,CGH,32,57,10,"1,933.00","19,330.00"
2021-03-29,2021032905020764,CGH,32,14,10,"1,933.00","19,330.00"
2021-03-29,2021032905020786,CGH,28,58,10,"1,933.00","19,330.00"
2021-03-29,2021032905020785,CGH,28,21,10,"1,933.00","19,330.00"
2021-03-29,2021032905020784,CGH,28,57,10,"1,933.00","19,330.00"
2021-03-29,2021032905020782,CGH,28,13,10,"1,933.00","19,330.00"
2021-03-29,2021032905020780,CGH,28,21,10,"1,933.00","19,330.00"
2021-03-29,2021032905020776,CGH,28,14,10,"1,933.00","19,330.00"
2021-03-29,2021032905020795,CGH,17,41,10,"1,934.00","19,340.00"
2021-03-29,2021032905020793,CGH,28,49,10,"1,933.00","19,330.00"
2021-03-29,2021032905020792,CGH,28,14,10,"1,933.00","19,330.00"
2021-03-29,2021032905020791,CGH,28,28,10,"1,933.00","19,330.00"
2021-03-29,2021032905020790,CGH,28,45,10,"1,933.00","19,330.00"
2021-03-29,2021032905020789,CGH,28,38,10,"1,933.00","19,330.00"
2021-03-29,2021032905020805,CGH,28,41,10,"1,933.00","19,330.00"
2021-03-29,2021032905020803,CGH,28,52,10,"1,933.00","19,330.00"
2021-03-29,2021032905020802,CGH,28,49,10,"1,933.00","19,330.00"
2021-03-29,2021032905020800,CGH,28,53,10,"1,933.00","19,330.00"
2021-03-29,2021032905020797,CGH,17,58,10,"1,934.00","19,340.00"
2021-03-29,2021032905020796,CGH,17,16,10,"1,934.00","19,340.00"
2021-03-29,2021032905020817,CGH,28,38,10,"1,933.00","19,330.00"
2021-03-29,2021032905020814,CGH,28,38,10,"1,933.00","19,330.00"
2021-03-29,2021032905020812,CGH,28,57,10,"1,933.00","19,330.00"
2021-03-29,2021032905020809,CGH,28,32,10,"1,933.00","19,330.00"
2021-03-29,2021032905020808,CGH,28,46,10,"1,933.00","19,330.00"
2021-03-29,2021032905020807,CGH,28,58,10,"1,933.00","19,330.00"
2021-03-29,2021032905020825,CGH,42,44,10,"1,933.00","19,330.00"
2021-03-29,2021032905020824,CGH,42,11,10,"1,933.00","19,330.00"
2021-03-29,2021032905020823,CGH,42,21,10,"1,933.00","19,330.00"
2021-03-29,2021032905020821,CGH,42,32,10,"1,933.00","19,330.00"
2021-03-29,2021032905020819,CGH,28,44,10,"1,933.00","19,330.00"
2021-03-29,2021032905020818,CGH,28,50,10,"1,933.00","19,330.00"
2021-03-29,2021032905020838,CGH,43,38,10,"1,933.00","19,330.00"
2021-03-29,2021032905020837,CGH,43,49,10,"1,933.00","19,330.00"
2021-03-29,2021032905020836,CGH,43,34,10,"1,933.00","19,330.00"
2021-03-29,2021032905020835,CGH,43,52,10,"1,933.00","19,330.00"
2021-03-29,2021032905020834,CGH,43,53,10,"1,933.00","19,330.00"
2021-03-29,2021032905020831,CGH,55,56,10,"1,933.00","19,330.00"
2021-03-29,2021032905020844,CGH,43,51,10,"1,933.00","19,330.00"
2021-03-29,2021032905020843,CGH,43,52,10,"1,933.00","19,330.00"
2021-03-29,2021032905020842,CGH,43,44,10,"1,933.00","19,330.00"
2021-03-29,2021032905020841,CGH,43,32,10,"1,933.00","19,330.00"
2021-03-29,2021032905020840,CGH,43,44,10,"1,933.00","19,330.00"
2021-03-29,2021032905020839,CGH,6,47,10,"1,934.00","19,340.00"
