Date,Transact. No.,Symbol,Buyer,Seller,Quantity,Rate,Amount
2019-07-24,2019072401006394,ADBL,50,44,160,433.00,"69,280.00"
2019-07-24,2019072401006393,ADBL,32,44,249,433.00,"107,817.00"
2019-07-24,2019072401006373,ADBL,43,44,10,434.00,"4,340.00"
2019-07-24,2019072401006307,ADBL,17,56,50,432.00,"21,600.00"
2019-07-24,2019072401006297,ADBL,32,55,60,433.00,"25,980.00"
2019-07-24,2019072401006296,ADBL,32,58,137,433.00,"59,321.00"
2019-07-24,2019072401005985,ADBL,47,45,82,432.00,"35,424.00"
2019-07-24,2019072401006295,ADBL,32,56,104,433.00,"45,032.00"
2019-07-24,2019072401006294,ADBL,32,45,450,433.00,"194,850.00"
2019-07-24,2019072401006238,ADBL,49,45,200,433.00,"86,600.00"
2019-07-24,2019072401006135,ADBL,57,45,300,433.00,"129,900.00"
2019-07-24,2019072401006074,ADBL,46,45,50,433.00,"21,650.00"
2019-07-24,2019072401005986,ADBL,17,45,303,432.00,"130,896.00"
2019-07-24,2019072401006263,AHPC,1,34,50,108.00,"5,400.00"
2019-07-24,2019072401006262,AHPC,1,6,50,107.00,"5,350.00"
2019-07-24,2019072401006392,AKJCL,37,52,19,72.00,"1,368.00"
2019-07-24,2019072401006348,ALBSL,53,41,10,410.00,"4,100.00"
2019-07-24,2019072401006291,ALICL,55,52,58,383.00,"22,214.00"
2019-07-24,2019072401006193,API,25,1,18,144.00,"2,592.00"
2019-07-24,2019072401006192,API,25,25,450,143.00,"64,350.00"
2019-07-24,2019072401006156,API,25,25,50,143.00,"7,150.00"
2019-07-24,2019072401006155,API,25,32,400,141.00,"56,400.00"
2019-07-24,2019072401005969,API,25,32,100,143.00,"14,300.00"
2019-07-24,2019072401006431,BOKL,33,58,10,274.00,"2,740.00"
2019-07-24,2019072401006299,BOKL,35,58,10,274.00,"2,740.00"
2019-07-24,2019072401006289,BOKL,45,34,21,273.00,"5,733.00"
2019-07-24,2019072401006288,BOKL,16,34,178,273.00,"48,594.00"
2019-07-24,2019072401006279,BOKL,16,22,10,273.00,"2,730.00"
2019-07-24,2019072401006086,BOKL,16,32,312,273.00,"85,176.00"
2019-07-24,2019072401006085,BOKL,45,32,50,273.00,"13,650.00"
2019-07-24,2019072401006084,BOKL,26,32,138,273.00,"37,674.00"
2019-07-24,2019072401006312,BPCL,14,52,11,405.00,"4,455.00"
2019-07-24,2019072401006113,BPCL,36,52,11,406.00,"4,466.00"
2019-07-24,2019072401006103,BPCL,36,46,131,406.00,"53,186.00"
2019-07-24,2019072401006102,BPCL,38,46,300,406.00,"121,800.00"
2019-07-24,2019072401006101,BPCL,35,46,20,406.00,"8,120.00"
2019-07-24,2019072401006100,BPCL,49,46,39,407.00,"15,873.00"
2019-07-24,2019072401006070,BPCL,49,52,11,407.00,"4,477.00"
2019-07-24,2019072401006446,CBBL,51,56,100,"1,000.00","100,000.00"
2019-07-24,2019072401006319,CBBL,33,43,10,996.00,"9,960.00"
2019-07-24,2019072401006285,CBBL,51,22,100,999.00,"99,900.00"
2019-07-24,2019072401006272,CBBL,53,16,250,998.00,"249,500.00"
2019-07-24,2019072401006006,CBBL,6,16,50,999.00,"49,950.00"
2019-07-24,2019072401005982,CBBL,53,47,68,998.00,"67,864.00"
2019-07-24,2019072401005981,CBBL,57,47,20,998.00,"19,960.00"
2019-07-24,2019072401005965,CBBL,57,53,30,998.00,"29,940.00"
2019-07-24,2019072401006119,CBBL,53,53,61,998.00,"60,878.00"
2019-07-24,2019072401006069,CBBL,53,53,37,998.00,"36,926.00"
2019-07-24,2019072401006007,CBBL,53,16,234,998.00,"233,532.00"
2019-07-24,2019072401006271,CBBL,53,4,30,998.00,"29,940.00"
2019-07-24,2019072401006181,CBBL,35,4,70,997.00,"69,790.00"
2019-07-24,2019072401006180,CBBL,51,4,400,997.00,"398,800.00"
2019-07-24,2019072401006146,CBBL,53,53,300,998.00,"299,400.00"
2019-07-24,2019072401006145,CBBL,35,53,11,998.00,"10,978.00"
2019-07-24,2019072401006120,CBBL,35,53,139,998.00,"138,722.00"
2019-07-24,2019072401006441,CBL,39,45,50,162.00,"8,100.00"
2019-07-24,2019072401006368,CBL,39,33,31,162.00,"5,022.00"
2019-07-24,2019072401006361,CBL,43,16,500,163.00,"81,500.00"
2019-07-24,2019072401006290,CBL,43,16,10,163.00,"1,630.00"
2019-07-24,2019072401006242,CBL,39,25,500,162.00,"81,000.00"
2019-07-24,2019072401006241,CBL,39,35,700,162.00,"113,400.00"
2019-07-24,2019072401006002,CBL,28,36,"1,135",161.00,"182,735.00"
2019-07-24,2019072401005970,CBL,6,33,50,162.00,"8,100.00"
2019-07-24,2019072401006210,CBL,59,43,49,161.00,"7,889.00"
2019-07-24,2019072401006207,CBL,59,45,"1,000",161.00,"161,000.00"
2019-07-24,2019072401006150,CBL,45,33,200,162.00,"32,400.00"
2019-07-24,2019072401006005,CBL,59,36,451,161.00,"72,611.00"
2019-07-24,2019072401006004,CBL,52,36,200,161.00,"32,200.00"
2019-07-24,2019072401006003,CBL,41,36,300,161.00,"48,300.00"
2019-07-24,2019072401006240,CBL,39,26,"1,000",162.00,"162,000.00"
2019-07-24,2019072401006239,CBL,39,33,35,162.00,"5,670.00"
2019-07-24,2019072401006214,CBL,56,43,301,161.00,"48,461.00"
2019-07-24,2019072401006213,CBL,49,43,100,161.00,"16,100.00"
2019-07-24,2019072401006212,CBL,36,43,50,161.00,"8,050.00"
2019-07-24,2019072401006211,CBL,48,43,500,161.00,"80,500.00"
2019-07-24,2019072401006447,CCBL,46,45,"1,253",178.00,"223,034.00"
2019-07-24,2019072401006385,CCBL,35,45,250,178.00,"44,500.00"
2019-07-24,2019072401006357,CCBL,41,52,100,177.00,"17,700.00"
2019-07-24,2019072401006356,CCBL,17,52,100,178.00,"17,800.00"
2019-07-24,2019072401006265,CCBL,38,43,426,178.00,"75,828.00"
2019-07-24,2019072401005989,CCBL,35,43,174,178.00,"30,972.00"
2019-07-24,2019072401005988,CCBL,56,43,500,178.00,"89,000.00"
2019-07-24,2019072401006247,CCBL,41,46,529,177.00,"93,633.00"
2019-07-24,2019072401006246,CCBL,21,46,200,177.00,"35,400.00"
2019-07-24,2019072401006245,CCBL,38,46,272,177.00,"48,144.00"
2019-07-24,2019072401005992,CCBL,58,43,200,178.00,"35,600.00"
2019-07-24,2019072401005991,CCBL,34,43,600,178.00,"106,800.00"
2019-07-24,2019072401005990,CCBL,59,43,100,178.00,"17,800.00"
2019-07-24,2019072401006077,CEFL,4,34,500,103.00,"51,500.00"
2019-07-24,2019072401006076,CEFL,44,34,50,104.00,"5,200.00"
2019-07-24,2019072401006305,CHCL,59,41,40,518.00,"20,720.00"
2019-07-24,2019072401006304,CHCL,59,44,500,517.00,"258,500.00"
2019-07-24,2019072401006284,CHCL,34,32,35,515.00,"18,025.00"
2019-07-24,2019072401006283,CHCL,3,32,30,515.00,"15,450.00"
2019-07-24,2019072401006282,CHCL,34,32,20,516.00,"10,320.00"
2019-07-24,2019072401006256,CHCL,34,36,30,516.00,"15,480.00"
2019-07-24,2019072401006426,CIT,39,55,50,"2,497.00","124,850.00"
2019-07-24,2019072401006381,CIT,39,22,31,"2,495.00","77,345.00"
2019-07-24,2019072401006452,CZBIL,50,28,10,232.00,"2,320.00"
2019-07-24,2019072401006309,CZBIL,32,44,200,231.00,"46,200.00"
2019-07-24,2019072401006169,CZBIL,32,14,428,231.00,"98,868.00"
2019-07-24,2019072401006168,CZBIL,52,14,14,231.00,"3,234.00"
2019-07-24,2019072401006167,CZBIL,43,14,58,231.00,"13,398.00"
2019-07-24,2019072401006306,DBBL,44,17,335,150.00,"50,250.00"
2019-07-24,2019072401006269,DBBL,38,55,312,151.00,"47,112.00"
2019-07-24,2019072401006268,DBBL,38,6,510,151.00,"77,010.00"
2019-07-24,2019072401006267,DBBL,38,6,178,151.00,"26,878.00"
2019-07-24,2019072401006264,DBBL,54,6,30,151.00,"4,530.00"
2019-07-24,2019072401005977,DBBL,47,6,598,151.00,"90,298.00"
2019-07-24,2019072401005976,DBBL,47,32,200,151.00,"30,200.00"
2019-07-24,2019072401005975,DBBL,47,55,"1,000",151.00,"151,000.00"
2019-07-24,2019072401005974,DBBL,47,59,202,151.00,"30,502.00"
2019-07-24,2019072401006360,DDBL,34,33,100,768.00,"76,800.00"
2019-07-24,2019072401006359,DDBL,28,33,50,769.00,"38,450.00"
2019-07-24,2019072401006141,DDBL,28,14,50,769.00,"38,450.00"
2019-07-24,2019072401006118,DDBL,48,49,70,770.00,"53,900.00"
2019-07-24,2019072401006087,DDBL,48,53,150,770.00,"115,500.00"
2019-07-24,2019072401005994,DDBL,48,53,100,770.00,"77,000.00"
2019-07-24,2019072401006404,DHPL,7,29,231,69.00,"15,939.00"
2019-07-24,2019072401006332,EBL,44,44,50,681.00,"34,050.00"
2019-07-24,2019072401006280,EBL,50,44,200,681.00,"136,200.00"
2019-07-24,2019072401006243,EBL,59,44,200,681.00,"136,200.00"
2019-07-24,2019072401006052,EBL,59,56,500,681.00,"340,500.00"
2019-07-24,2019072401006154,EDBL,56,14,400,290.00,"116,000.00"
2019-07-24,2019072401006124,EDBL,44,14,100,290.00,"29,000.00"
2019-07-24,2019072401006429,FMDBL,6,38,86,397.00,"34,142.00"
2019-07-24,2019072401006423,FMDBL,34,38,20,397.00,"7,940.00"
2019-07-24,2019072401006171,FMDBL,6,53,14,394.00,"5,516.00"
2019-07-24,2019072401006170,FMDBL,45,53,86,394.00,"33,884.00"
2019-07-24,2019072401006138,FMDBL,36,38,100,397.00,"39,700.00"
2019-07-24,2019072401006416,FOWAD,35,19,70,"1,417.00","99,190.00"
2019-07-24,2019072401006415,FOWAD,11,19,10,"1,421.00","14,210.00"
2019-07-24,2019072401006116,GBBL,39,26,29,230.00,"6,670.00"
2019-07-24,2019072401006115,GBBL,39,49,43,230.00,"9,890.00"
2019-07-24,2019072401006417,GBLBS,39,10,10,357.00,"3,570.00"
2019-07-24,2019072401006355,GBLBS,47,56,200,354.00,"70,800.00"
2019-07-24,2019072401006330,GBLBS,47,10,300,357.00,"107,100.00"
2019-07-24,2019072401005987,GDBL,14,40,266,217.00,"57,722.00"
2019-07-24,2019072401006230,GDBL,58,40,10,217.00,"2,170.00"
2019-07-24,2019072401006073,GDBL,8,11,66,216.00,"14,256.00"
2019-07-24,2019072401006232,GLBSL,39,49,10,405.00,"4,050.00"
2019-07-24,2019072401006199,GLBSL,39,49,10,405.00,"4,050.00"
2019-07-24,2019072401006325,GLICL,5,5,60,465.00,"27,900.00"
2019-07-24,2019072401006324,GLICL,5,5,200,465.00,"93,000.00"
2019-07-24,2019072401006323,GLICL,44,5,150,465.00,"69,750.00"
2019-07-24,2019072401006254,GLICL,55,5,90,469.00,"42,210.00"
2019-07-24,2019072401006253,GLICL,55,44,10,468.00,"4,680.00"
2019-07-24,2019072401006375,GUFL,3,28,705,122.00,"86,010.00"
2019-07-24,2019072401006365,HBL,35,58,50,560.00,"28,000.00"
2019-07-24,2019072401006364,HBL,16,58,500,560.00,"280,000.00"
2019-07-24,2019072401006363,HBL,26,58,100,561.00,"56,100.00"
2019-07-24,2019072401006362,HBL,25,58,50,561.00,"28,050.00"
2019-07-24,2019072401006329,HBL,11,58,300,562.00,"168,600.00"
2019-07-24,2019072401006328,HBL,25,58,100,562.00,"56,200.00"
2019-07-24,2019072401006327,HBL,16,58,90,563.00,"50,670.00"
2019-07-24,2019072401006142,HBL,16,49,110,563.00,"61,930.00"
2019-07-24,2019072401006021,HBL,29,51,291,564.00,"164,124.00"
2019-07-24,2019072401006252,HDL,33,25,10,"1,629.00","16,290.00"
2019-07-24,2019072401006028,HDL,35,58,200,"1,600.00","320,000.00"
2019-07-24,2019072401006027,HDL,22,58,10,"1,600.00","16,000.00"
2019-07-24,2019072401006026,HDL,5,58,100,"1,601.00","160,100.00"
2019-07-24,2019072401006025,HDL,14,58,140,"1,602.00","224,280.00"
2019-07-24,2019072401006024,HDL,29,58,30,"1,608.00","48,240.00"
2019-07-24,2019072401006451,HIDCL,29,1,10,164.00,"1,640.00"
2019-07-24,2019072401006450,HIDCL,29,6,100,163.00,"16,300.00"
2019-07-24,2019072401006137,HURJA,16,7,200,138.00,"27,600.00"
2019-07-24,2019072401006136,HURJA,3,7,300,139.00,"41,700.00"
2019-07-24,2019072401006287,ILBS,36,35,10,404.00,"4,040.00"
2019-07-24,2019072401006091,ILBS,36,7,270,400.00,"108,000.00"
2019-07-24,2019072401006044,ILBS,6,7,50,400.00,"20,000.00"
2019-07-24,2019072401006043,ILBS,49,7,50,400.00,"20,000.00"
2019-07-24,2019072401006042,ILBS,17,7,200,400.00,"80,000.00"
2019-07-24,2019072401006041,ILBS,48,7,400,400.00,"160,000.00"
2019-07-24,2019072401006034,ILBS,39,7,50,402.00,"20,100.00"
2019-07-24,2019072401006033,ILBS,36,7,60,402.00,"24,120.00"
2019-07-24,2019072401006032,ILBS,48,7,50,403.00,"20,150.00"
2019-07-24,2019072401006031,ILBS,48,7,10,403.00,"4,030.00"
2019-07-24,2019072401006040,ILBS,49,7,100,400.00,"40,000.00"
2019-07-24,2019072401006039,ILBS,34,7,180,400.00,"72,000.00"
2019-07-24,2019072401006038,ILBS,25,7,50,401.00,"20,050.00"
2019-07-24,2019072401006037,ILBS,58,7,100,401.00,"40,100.00"
2019-07-24,2019072401006036,ILBS,34,7,20,401.00,"8,020.00"
2019-07-24,2019072401006035,ILBS,41,7,10,402.00,"4,020.00"
2019-07-24,2019072401006235,JBBL,56,57,50,166.00,"8,300.00"
2019-07-24,2019072401006234,JBBL,56,34,20,166.00,"3,320.00"
2019-07-24,2019072401006233,JBBL,56,4,150,166.00,"24,900.00"
2019-07-24,2019072401006018,JBBL,48,52,104,165.00,"17,160.00"
2019-07-24,2019072401006379,JSLBB,47,22,44,970.00,"42,680.00"
2019-07-24,2019072401006448,KBL,52,22,17,224.00,"3,808.00"
2019-07-24,2019072401006414,KBL,56,46,224,223.00,"49,952.00"
2019-07-24,2019072401006413,KBL,56,46,776,223.00,"173,048.00"
2019-07-24,2019072401006370,KBL,52,40,100,225.00,"22,500.00"
2019-07-24,2019072401006344,KBL,39,1,200,224.00,"44,800.00"
2019-07-24,2019072401006204,KBL,52,40,200,225.00,"45,000.00"
2019-07-24,2019072401005971,KBL,38,49,169,224.00,"37,856.00"
2019-07-24,2019072401006403,KSBBL,44,42,60,160.00,"9,600.00"
2019-07-24,2019072401006391,LBBL,5,41,360,209.00,"75,240.00"
2019-07-24,2019072401006390,LBBL,5,41,200,209.00,"41,800.00"
2019-07-24,2019072401006389,LBBL,5,49,100,209.00,"20,900.00"
2019-07-24,2019072401006388,LBBL,5,41,40,209.00,"8,360.00"
2019-07-24,2019072401006354,LBBL,34,41,100,208.00,"20,800.00"
2019-07-24,2019072401006148,LBBL,45,57,20,208.00,"4,160.00"
2019-07-24,2019072401006147,LBBL,36,57,30,208.00,"6,240.00"
2019-07-24,2019072401006056,LBBL,36,41,285,208.00,"59,280.00"
2019-07-24,2019072401006023,LBBL,57,41,30,208.00,"6,240.00"
2019-07-24,2019072401006353,LBBL,40,41,"3,000",208.00,"624,000.00"
2019-07-24,2019072401006352,LBBL,50,41,"2,000",208.00,"416,000.00"
2019-07-24,2019072401006351,LBBL,45,41,980,208.00,"203,840.00"
2019-07-24,2019072401005984,LBL,22,42,220,229.00,"50,380.00"
2019-07-24,2019072401006377,LGIL,16,16,20,445.00,"8,900.00"
2019-07-24,2019072401006106,LGIL,25,16,110,438.00,"48,180.00"
2019-07-24,2019072401006346,LICN,57,59,75,"1,597.00","119,775.00"
2019-07-24,2019072401006345,LICN,57,5,50,"1,597.00","79,850.00"
2019-07-24,2019072401006281,LICN,28,5,30,"1,597.00","47,910.00"
2019-07-24,2019072401006270,LICN,52,5,75,"1,597.00","119,775.00"
2019-07-24,2019072401006209,LICN,5,5,43,"1,597.00","68,671.00"
2019-07-24,2019072401006149,LICN,10,5,20,"1,597.00","31,940.00"
2019-07-24,2019072401006046,LICN,1,5,250,"1,597.00","399,250.00"
2019-07-24,2019072401006045,LICN,1,59,50,"1,596.00","79,800.00"
2019-07-24,2019072401005979,LICN,58,59,70,"1,596.00","111,720.00"
2019-07-24,2019072401006191,LLBS,45,11,50,721.00,"36,050.00"
2019-07-24,2019072401006315,LVF1,47,14,"5,000",10.44,"52,200.00"
2019-07-24,2019072401006314,LVF1,47,25,"2,000",10.41,"20,820.00"
2019-07-24,2019072401006438,MBL,59,51,850,276.00,"234,600.00"
2019-07-24,2019072401006437,MBL,59,28,150,276.00,"41,400.00"
2019-07-24,2019072401006105,MBL,38,13,200,274.00,"54,800.00"
2019-07-24,2019072401006099,MBL,46,28,50,276.00,"13,800.00"
2019-07-24,2019072401006051,MBL,38,48,349,274.00,"95,626.00"
2019-07-24,2019072401006050,MBL,38,48,200,274.00,"54,800.00"
2019-07-24,2019072401006049,MBL,28,48,451,274.00,"123,574.00"
2019-07-24,2019072401006030,MBL,46,43,100,275.00,"27,500.00"
2019-07-24,2019072401006029,MBL,46,14,120,275.00,"33,000.00"
2019-07-24,2019072401006257,MDB,17,49,50,243.00,"12,150.00"
2019-07-24,2019072401006443,MEGA,14,48,25,217.00,"5,425.00"
2019-07-24,2019072401006442,MEGA,14,53,975,217.00,"211,575.00"
2019-07-24,2019072401006412,MEGA,42,53,150,217.00,"32,550.00"
2019-07-24,2019072401006386,MEGA,43,53,500,217.00,"108,500.00"
2019-07-24,2019072401006308,MEGA,42,53,300,217.00,"65,100.00"
2019-07-24,2019072401006231,MEGA,42,53,50,217.00,"10,850.00"
2019-07-24,2019072401006064,MEGA,39,34,100,217.00,"21,700.00"
2019-07-24,2019072401006112,MEGA,58,53,25,217.00,"5,425.00"
2019-07-24,2019072401006097,MEGA,19,28,415,216.00,"89,640.00"
2019-07-24,2019072401006096,MEGA,19,28,999,216.00,"215,784.00"
2019-07-24,2019072401006095,MEGA,14,28,586,216.00,"126,576.00"
2019-07-24,2019072401006066,MEGA,39,53,200,217.00,"43,400.00"
2019-07-24,2019072401006065,MEGA,39,56,100,217.00,"21,700.00"
2019-07-24,2019072401006380,MLBL,5,58,300,204.00,"61,200.00"
2019-07-24,2019072401006449,MNBBL,35,25,100,382.00,"38,200.00"
2019-07-24,2019072401006223,MNBBL,1,54,11,381.00,"4,191.00"
2019-07-24,2019072401006174,MNBBL,57,49,60,381.00,"22,860.00"
2019-07-24,2019072401006173,MNBBL,39,49,35,382.00,"13,370.00"
2019-07-24,2019072401006221,MSLB,5,4,405,970.00,"392,850.00"
2019-07-24,2019072401005966,MSLB,17,41,29,951.00,"27,579.00"
2019-07-24,2019072401006162,NABIL,50,34,500,812.00,"406,000.00"
2019-07-24,2019072401006090,NADEP,33,39,10,454.00,"4,540.00"
2019-07-24,2019072401006425,NAGRO,22,21,30,540.00,"16,200.00"
2019-07-24,2019072401006190,NAGRO,41,32,10,535.00,"5,350.00"
2019-07-24,2019072401006189,NAGRO,41,6,10,535.00,"5,350.00"
2019-07-24,2019072401006081,NAGRO,34,21,100,534.00,"53,400.00"
2019-07-24,2019072401006080,NAGRO,34,5,50,534.00,"26,700.00"
2019-07-24,2019072401006079,NAGRO,34,42,20,534.00,"10,680.00"
2019-07-24,2019072401006078,NAGRO,34,58,20,533.00,"10,660.00"
2019-07-24,2019072401006228,NBB,59,26,200,228.00,"45,600.00"
2019-07-24,2019072401006227,NBB,47,26,207,228.00,"47,196.00"
2019-07-24,2019072401006220,NBB,47,53,193,228.00,"44,004.00"
2019-07-24,2019072401006219,NBB,47,53,698,228.00,"159,144.00"
2019-07-24,2019072401006218,NBB,45,53,500,228.00,"114,000.00"
2019-07-24,2019072401006217,NBB,47,53,"1,000",228.00,"228,000.00"
2019-07-24,2019072401006164,NBB,51,46,300,228.00,"68,400.00"
2019-07-24,2019072401006163,NBB,47,46,309,228.00,"70,452.00"
2019-07-24,2019072401006143,NBB,47,53,400,229.00,"91,600.00"
2019-07-24,2019072401006109,NBB,49,53,500,229.00,"114,500.00"
2019-07-24,2019072401006216,NBB,47,53,609,228.00,"138,852.00"
2019-07-24,2019072401006203,NBB,47,38,50,229.00,"11,450.00"
2019-07-24,2019072401006202,NBB,47,58,250,229.00,"57,250.00"
2019-07-24,2019072401006183,NBB,47,58,100,229.00,"22,900.00"
2019-07-24,2019072401006182,NBB,47,53,100,229.00,"22,900.00"
2019-07-24,2019072401006165,NBB,47,46,391,228.00,"89,148.00"
2019-07-24,2019072401006462,NBL,16,25,330,349.00,"115,170.00"
2019-07-24,2019072401006461,NBL,16,4,"1,170",349.00,"408,330.00"
2019-07-24,2019072401006460,NBL,33,4,50,349.00,"17,450.00"
2019-07-24,2019072401006424,NBL,57,4,100,349.00,"34,900.00"
2019-07-24,2019072401006422,NBL,32,3,700,348.00,"243,600.00"
2019-07-24,2019072401006378,NBL,3,4,50,349.00,"17,450.00"
2019-07-24,2019072401006013,NBL,47,39,"1,000",349.00,"349,000.00"
2019-07-24,2019072401006012,NBL,47,39,100,349.00,"34,900.00"
2019-07-24,2019072401006011,NBL,47,39,300,349.00,"104,700.00"
2019-07-24,2019072401006010,NBL,47,39,740,349.00,"258,260.00"
2019-07-24,2019072401006107,NBL,57,44,940,349.00,"328,060.00"
2019-07-24,2019072401006094,NBL,57,41,60,349.00,"20,940.00"
2019-07-24,2019072401006093,NBL,47,41,40,349.00,"13,960.00"
2019-07-24,2019072401006016,NBL,47,39,260,349.00,"90,740.00"
2019-07-24,2019072401006015,NBL,3,39,"1,000",349.00,"349,000.00"
2019-07-24,2019072401006014,NBL,47,39,600,349.00,"209,400.00"
2019-07-24,2019072401006369,NBL,36,4,40,349.00,"13,960.00"
2019-07-24,2019072401006336,NBL,59,4,90,349.00,"31,410.00"
2019-07-24,2019072401006128,NBL,59,10,10,349.00,"3,490.00"
2019-07-24,2019072401006127,NBL,52,10,50,349.00,"17,450.00"
2019-07-24,2019072401006126,NBL,8,10,940,349.00,"328,060.00"
2019-07-24,2019072401006108,NBL,8,44,60,349.00,"20,940.00"
2019-07-24,2019072401006255,NCCB,6,1,200,254.00,"50,800.00"
2019-07-24,2019072401006053,NCCB,56,1,77,254.00,"19,558.00"
2019-07-24,2019072401006001,NCCB,56,44,500,254.00,"127,000.00"
2019-07-24,2019072401006083,NHPC,38,38,100,65.00,"6,500.00"
2019-07-24,2019072401006082,NHPC,42,38,100,65.00,"6,500.00"
2019-07-24,2019072401006435,NIB,25,40,50,526.00,"26,300.00"
2019-07-24,2019072401006337,NIB,36,40,75,526.00,"39,450.00"
2019-07-24,2019072401006114,NIB,36,6,17,526.00,"8,942.00"
2019-07-24,2019072401005983,NIB,36,6,44,526.00,"23,144.00"
2019-07-24,2019072401006151,NIBPO,48,4,100,478.00,"47,800.00"
2019-07-24,2019072401006144,NIBPO,8,6,18,476.00,"8,568.00"
2019-07-24,2019072401006376,NICA,49,34,100,474.00,"47,400.00"
2019-07-24,2019072401006358,NICA,35,34,100,474.00,"47,400.00"
2019-07-24,2019072401006318,NICA,6,34,50,474.00,"23,700.00"
2019-07-24,2019072401006302,NICA,28,34,30,474.00,"14,220.00"
2019-07-24,2019072401006250,NICA,56,34,237,474.00,"112,338.00"
2019-07-24,2019072401006249,NICA,56,43,263,474.00,"124,662.00"
2019-07-24,2019072401006063,NICA,35,13,49,474.00,"23,226.00"
2019-07-24,2019072401006062,NICA,33,13,151,474.00,"71,574.00"
2019-07-24,2019072401006248,NICA,58,43,37,474.00,"17,538.00"
2019-07-24,2019072401006226,NICA,58,40,63,474.00,"29,862.00"
2019-07-24,2019072401006225,NICA,37,40,50,474.00,"23,700.00"
2019-07-24,2019072401006224,NICA,48,40,50,474.00,"23,700.00"
2019-07-24,2019072401006153,NICA,48,29,250,474.00,"118,500.00"
2019-07-24,2019072401006152,NICA,35,29,51,474.00,"24,174.00"
2019-07-24,2019072401006313,NICL,43,53,10,356.00,"3,560.00"
2019-07-24,2019072401006298,NICL,25,53,20,356.00,"7,120.00"
2019-07-24,2019072401006089,NICL,25,40,300,355.00,"106,500.00"
2019-07-24,2019072401006088,NICL,32,10,237,350.00,"82,950.00"
2019-07-24,2019072401006068,NICL,32,10,600,350.00,"210,000.00"
2019-07-24,2019072401006436,NIL,57,53,200,492.00,"98,400.00"
2019-07-24,2019072401006131,NLBBL,17,39,94,534.00,"50,196.00"
2019-07-24,2019072401006130,NLBBL,17,26,51,533.00,"27,183.00"
2019-07-24,2019072401006129,NLBBL,17,25,55,532.00,"29,260.00"
2019-07-24,2019072401005996,NLBBL,58,45,144,527.00,"75,888.00"
2019-07-24,2019072401005995,NLBBL,33,45,106,528.00,"55,968.00"
2019-07-24,2019072401006445,NLG,7,28,21,716.00,"15,036.00"
2019-07-24,2019072401006444,NLG,6,28,15,717.00,"10,755.00"
2019-07-24,2019072401005964,NLIC,35,4,"5,610",887.00,"4,976,070.00"
2019-07-24,2019072401005963,NLIC,25,4,200,887.00,"177,400.00"
2019-07-24,2019072401006338,NLICL,43,6,10,602.00,"6,020.00"
2019-07-24,2019072401006244,NLICL,55,1,59,600.00,"35,400.00"
2019-07-24,2019072401006071,NLICL,4,26,200,600.00,"120,000.00"
2019-07-24,2019072401006229,NMBHF1,34,34,"4,799",9.79,"46,982.21"
2019-07-24,2019072401006075,NMBHF1,56,34,100,9.79,979.00
2019-07-24,2019072401006266,NMBMF,35,37,26,"1,100.00","28,600.00"
2019-07-24,2019072401005997,NUBL,4,28,300,897.00,"269,100.00"
2019-07-24,2019072401006317,PCBL,10,51,20,291.00,"5,820.00"
2019-07-24,2019072401006316,PCBL,10,45,232,291.00,"67,512.00"
2019-07-24,2019072401006123,PCBL,59,45,360,291.00,"104,760.00"
2019-07-24,2019072401006122,PCBL,59,1,140,291.00,"40,740.00"
2019-07-24,2019072401006121,PCBL,59,32,500,291.00,"145,500.00"
2019-07-24,2019072401006072,PCBL,56,1,100,291.00,"29,100.00"
2019-07-24,2019072401006371,PFL,26,48,39,143.00,"5,577.00"
2019-07-24,2019072401006201,PFL,26,33,14,143.00,"2,002.00"
2019-07-24,2019072401006200,PFL,57,33,37,143.00,"5,291.00"
2019-07-24,2019072401006278,PIC,8,48,50,489.00,"24,450.00"
2019-07-24,2019072401006277,PIC,34,48,24,489.00,"11,736.00"
2019-07-24,2019072401006405,PICL,37,38,100,559.00,"55,900.00"
2019-07-24,2019072401006061,PICL,58,42,20,555.00,"11,100.00"
2019-07-24,2019072401006456,PLIC,48,53,10,437.00,"4,370.00"
2019-07-24,2019072401006399,PLIC,58,48,49,432.00,"21,168.00"
2019-07-24,2019072401006398,PLIC,26,48,113,432.00,"48,816.00"
2019-07-24,2019072401006397,PLIC,37,48,200,433.00,"86,600.00"
2019-07-24,2019072401006396,PLIC,57,48,48,435.00,"20,880.00"
2019-07-24,2019072401006059,PLIC,57,38,52,435.00,"22,620.00"
2019-07-24,2019072401006058,PLIC,19,38,20,435.00,"8,700.00"
2019-07-24,2019072401006057,PLIC,37,38,28,435.00,"12,180.00"
2019-07-24,2019072401006125,PRIN,21,48,104,380.00,"39,520.00"
2019-07-24,2019072401005993,PRIN,5,25,200,379.00,"75,800.00"
2019-07-24,2019072401006434,PRVU,25,8,10,280.00,"2,800.00"
2019-07-24,2019072401006401,PRVU,25,28,"1,000",279.00,"279,000.00"
2019-07-24,2019072401006400,PRVU,25,48,"8,772",279.00,"2,447,388.00"
2019-07-24,2019072401006322,PRVU,19,48,"1,228",279.00,"342,612.00"
2019-07-24,2019072401006321,PRVU,19,51,500,279.00,"139,500.00"
2019-07-24,2019072401006320,PRVU,19,14,272,279.00,"75,888.00"
2019-07-24,2019072401006048,PRVU,49,34,740,278.00,"205,720.00"
2019-07-24,2019072401006047,PRVU,25,34,200,278.00,"55,600.00"
2019-07-24,2019072401006009,PRVU,48,14,228,279.00,"63,612.00"
2019-07-24,2019072401006008,PRVU,48,48,272,279.00,"75,888.00"
2019-07-24,2019072401005973,PRVU,46,48,100,279.00,"27,900.00"
2019-07-24,2019072401006303,PRVU,16,8,500,278.00,"139,000.00"
2019-07-24,2019072401006205,PRVU,16,19,100,278.00,"27,800.00"
2019-07-24,2019072401006140,PRVU,16,42,240,278.00,"66,720.00"
2019-07-24,2019072401006139,PRVU,49,42,260,278.00,"72,280.00"
2019-07-24,2019072401006166,RADHI,4,52,11,150.00,"1,650.00"
2019-07-24,2019072401005972,RADHI,4,56,11,150.00,"1,650.00"
2019-07-24,2019072401006384,RHPC,3,29,480,90.00,"43,200.00"
2019-07-24,2019072401006383,RHPC,38,29,30,90.00,"2,700.00"
2019-07-24,2019072401006237,RHPC,38,6,18,90.00,"1,620.00"
2019-07-24,2019072401006293,RLFL,40,35,470,122.00,"57,340.00"
2019-07-24,2019072401006292,RLFL,48,35,10,122.00,"1,220.00"
2019-07-24,2019072401006333,RMDC,47,46,51,674.00,"34,374.00"
2019-07-24,2019072401006276,RMDC,52,46,300,675.00,"202,500.00"
2019-07-24,2019072401006275,RMDC,21,46,200,676.00,"135,200.00"
2019-07-24,2019072401006274,RMDC,52,46,107,676.00,"72,332.00"
2019-07-24,2019072401006179,RMDC,47,25,150,683.00,"102,450.00"
2019-07-24,2019072401006178,RMDC,47,51,50,682.00,"34,100.00"
2019-07-24,2019072401006177,RMDC,47,53,100,682.00,"68,200.00"
2019-07-24,2019072401006176,RMDC,47,53,100,682.00,"68,200.00"
2019-07-24,2019072401006175,RMDC,47,51,100,681.00,"68,100.00"
2019-07-24,2019072401006161,RMDC,52,16,93,676.00,"62,868.00"
2019-07-24,2019072401006208,RSDC,42,36,104,350.00,"36,400.00"
2019-07-24,2019072401006439,SANIMA,43,59,"1,670",357.00,"596,190.00"
2019-07-24,2019072401006402,SANIMA,6,59,500,357.00,"178,500.00"
2019-07-24,2019072401006196,SANIMA,29,45,100,356.00,"35,600.00"
2019-07-24,2019072401006195,SANIMA,14,45,500,356.00,"178,000.00"
2019-07-24,2019072401006194,SANIMA,11,45,400,356.00,"142,400.00"
2019-07-24,2019072401006022,SANIMA,39,59,500,357.00,"178,500.00"
2019-07-24,2019072401006350,SBI,49,49,300,479.00,"143,700.00"
2019-07-24,2019072401006349,SBI,49,47,95,479.00,"45,505.00"
2019-07-24,2019072401006331,SBI,14,40,500,478.00,"239,000.00"
2019-07-24,2019072401005968,SBI,14,16,100,478.00,"47,800.00"
2019-07-24,2019072401006104,SBL,44,51,200,327.00,"65,400.00"
2019-07-24,2019072401006455,SCB,57,56,20,680.00,"13,600.00"
2019-07-24,2019072401006454,SCB,39,56,30,680.00,"20,400.00"
2019-07-24,2019072401006453,SCB,38,56,200,681.00,"136,200.00"
2019-07-24,2019072401006342,SCB,22,56,20,685.00,"13,700.00"
2019-07-24,2019072401006326,SCB,55,56,10,685.00,"6,850.00"
2019-07-24,2019072401006020,SCB,22,6,10,683.00,"6,830.00"
2019-07-24,2019072401006019,SCB,34,6,10,685.00,"6,850.00"
2019-07-24,2019072401006440,SDESI,59,14,10,625.00,"6,250.00"
2019-07-24,2019072401006098,SDESI,7,21,10,618.00,"6,180.00"
2019-07-24,2019072401006251,SEF,4,11,"1,000",10.20,"10,200.00"
2019-07-24,2019072401006172,SHINE,57,45,40,256.00,"10,240.00"
2019-07-24,2019072401006421,SHIVM,19,14,30,622.00,"18,660.00"
2019-07-24,2019072401006420,SHIVM,8,14,100,622.00,"62,200.00"
2019-07-24,2019072401006419,SHIVM,35,14,50,622.00,"31,100.00"
2019-07-24,2019072401006418,SHIVM,21,14,20,623.00,"12,460.00"
2019-07-24,2019072401006366,SHIVM,53,39,50,625.00,"31,250.00"
2019-07-24,2019072401006236,SHIVM,22,21,500,624.00,"312,000.00"
2019-07-24,2019072401006184,SHIVM,21,42,50,623.00,"31,150.00"
2019-07-24,2019072401006428,SHL,29,19,137,237.00,"32,469.00"
2019-07-24,2019072401006427,SHL,57,19,100,237.00,"23,700.00"
2019-07-24,2019072401006433,SHPC,16,59,10,252.00,"2,520.00"
2019-07-24,2019072401006054,SIC,34,57,50,611.00,"30,550.00"
2019-07-24,2019072401006311,SICL,48,35,59,824.00,"48,616.00"
2019-07-24,2019072401006310,SICL,48,26,15,824.00,"12,360.00"
2019-07-24,2019072401006261,SICL,6,21,50,820.00,"41,000.00"
2019-07-24,2019072401006260,SICL,35,21,30,820.00,"24,600.00"
2019-07-24,2019072401006259,SICL,35,21,15,820.00,"12,300.00"
2019-07-24,2019072401005980,SICL,6,45,200,823.00,"164,600.00"
2019-07-24,2019072401006459,SKBBL,4,41,169,"1,012.00","171,028.00"
2019-07-24,2019072401006458,SKBBL,4,53,"1,000","1,012.00","1,012,000.00"
2019-07-24,2019072401006457,SKBBL,4,56,50,"1,010.00","50,500.00"
2019-07-24,2019072401006374,SKBBL,5,56,50,"1,010.00","50,500.00"
2019-07-24,2019072401006198,SKBBL,14,53,100,"1,010.00","101,000.00"
2019-07-24,2019072401006197,SKBBL,14,37,21,"1,009.00","21,189.00"
2019-07-24,2019072401006347,SLBBL,34,57,10,489.00,"4,890.00"
2019-07-24,2019072401006258,SLBBL,34,34,36,480.00,"17,280.00"
2019-07-24,2019072401006160,SLBBL,34,57,"1,000",471.00,"471,000.00"
2019-07-24,2019072401006159,SLBBL,51,57,100,473.00,"47,300.00"
2019-07-24,2019072401006158,SLBBL,38,57,100,474.00,"47,400.00"
2019-07-24,2019072401006157,SLBBL,13,57,10,489.00,"4,890.00"
2019-07-24,2019072401006000,SLBSL,57,48,25,602.00,"15,050.00"
2019-07-24,2019072401005999,SLBSL,57,41,30,602.00,"18,060.00"
2019-07-24,2019072401006335,SMATA,14,57,10,"1,193.00","11,930.00"
2019-07-24,2019072401006334,SMATA,14,18,10,"1,193.00","11,930.00"
2019-07-24,2019072401006387,SMB,45,48,10,420.00,"4,200.00"
2019-07-24,2019072401006301,SMB,45,48,10,420.00,"4,200.00"
2019-07-24,2019072401006300,SMB,45,57,10,420.00,"4,200.00"
2019-07-24,2019072401006430,SMFBS,18,21,10,519.00,"5,190.00"
2019-07-24,2019072401006411,SMFBS,55,39,50,517.00,"25,850.00"
2019-07-24,2019072401006410,SMFBS,55,20,50,516.00,"25,800.00"
2019-07-24,2019072401006409,SMFBS,55,58,10,515.00,"5,150.00"
2019-07-24,2019072401006408,SMFBS,55,59,30,514.00,"15,420.00"
2019-07-24,2019072401006407,SMFBS,55,38,10,513.00,"5,130.00"
2019-07-24,2019072401006406,SMFBS,55,16,10,513.00,"5,130.00"
2019-07-24,2019072401006382,SMFBS,53,40,10,509.00,"5,090.00"
2019-07-24,2019072401006367,SMFBS,55,54,100,512.00,"51,200.00"
2019-07-24,2019072401006215,SMFBS,22,34,100,510.00,"51,000.00"
2019-07-24,2019072401006110,SMFBS,18,34,100,510.00,"51,000.00"
2019-07-24,2019072401006055,SMFBS,18,21,10,512.00,"5,120.00"
2019-07-24,2019072401006343,SMFDB,28,16,50,540.00,"27,000.00"
2019-07-24,2019072401005998,SPDL,7,20,29,92.00,"2,668.00"
2019-07-24,2019072401005967,SRBL,14,44,"1,000",258.00,"258,000.00"
2019-07-24,2019072401006395,SWBBL,52,52,100,930.00,"93,000.00"
2019-07-24,2019072401006372,SWBBL,4,10,100,924.00,"92,400.00"
2019-07-24,2019072401006222,SWBBL,59,45,129,923.00,"119,067.00"
2019-07-24,2019072401006111,SWBBL,59,49,65,923.00,"59,995.00"
2019-07-24,2019072401005978,SWBBL,59,50,100,923.00,"92,300.00"
2019-07-24,2019072401006286,UIC,34,7,100,873.00,"87,300.00"
2019-07-24,2019072401006188,UIC,52,17,20,870.00,"17,400.00"
2019-07-24,2019072401006187,UIC,34,17,200,870.00,"174,000.00"
2019-07-24,2019072401006186,UIC,7,17,100,870.00,"87,000.00"
2019-07-24,2019072401006185,UIC,39,17,30,872.00,"26,160.00"
2019-07-24,2019072401006134,UIC,57,17,50,873.00,"43,650.00"
2019-07-24,2019072401006133,UIC,39,17,25,875.00,"21,875.00"
2019-07-24,2019072401006132,UIC,16,17,120,875.00,"105,000.00"
2019-07-24,2019072401006067,UIC,16,56,30,875.00,"26,250.00"
2019-07-24,2019072401006432,UMHL,49,39,50,112.00,"5,600.00"
2019-07-24,2019072401006273,UPPER,51,42,100,283.00,"28,300.00"
2019-07-24,2019072401006206,UPPER,51,36,450,283.00,"127,350.00"
2019-07-24,2019072401006117,UPPER,51,38,163,283.00,"46,129.00"
2019-07-24,2019072401006092,UPPER,58,38,46,283.00,"13,018.00"
2019-07-24,2019072401006060,UPPER,22,58,40,282.00,"11,280.00"
2019-07-24,2019072401006017,UPPER,22,17,10,282.00,"2,820.00"
2019-07-24,2019072401005916,ADBL,47,22,300,432.00,"129,600.00"
2019-07-24,2019072401005878,ADBL,57,40,200,433.00,"86,600.00"
2019-07-24,2019072401005815,ADBL,49,44,13,433.00,"5,629.00"
2019-07-24,2019072401005768,ADBL,57,44,"1,000",433.00,"433,000.00"
2019-07-24,2019072401005736,ADBL,26,44,987,433.00,"427,371.00"
2019-07-24,2019072401005728,ADBL,26,37,13,433.00,"5,629.00"
2019-07-24,2019072401005483,ADBL,36,16,238,433.00,"103,054.00"
2019-07-24,2019072401005716,ADBL,28,44,10,434.00,"4,340.00"
2019-07-24,2019072401005616,ADBL,26,16,"1,000",433.00,"433,000.00"
2019-07-24,2019072401005615,ADBL,26,16,712,433.00,"308,296.00"
2019-07-24,2019072401005526,ADBL,47,16,618,432.00,"266,976.00"
2019-07-24,2019072401005525,ADBL,17,16,382,432.00,"165,024.00"
2019-07-24,2019072401005484,ADBL,17,16,50,433.00,"21,650.00"
2019-07-24,2019072401005473,AHPC,38,32,100,106.00,"10,600.00"
2019-07-24,2019072401005932,ALBSL,53,51,10,410.00,"4,100.00"
2019-07-24,2019072401005896,ALBSL,34,38,10,413.00,"4,130.00"
2019-07-24,2019072401005895,ALBSL,34,57,10,413.00,"4,130.00"
2019-07-24,2019072401005894,ALBSL,34,45,10,412.00,"4,120.00"
2019-07-24,2019072401005893,ALBSL,34,45,10,412.00,"4,120.00"
2019-07-24,2019072401005892,ALBSL,34,45,10,412.00,"4,120.00"
2019-07-24,2019072401005830,ALBSL,53,52,10,410.00,"4,100.00"
2019-07-24,2019072401005489,ALBSL,58,58,10,412.00,"4,120.00"
2019-07-24,2019072401005948,API,25,32,"1,000",141.00,"141,000.00"
2019-07-24,2019072401005886,API,25,32,200,141.00,"28,200.00"
2019-07-24,2019072401005770,API,25,32,50,142.00,"7,100.00"
2019-07-24,2019072401005742,API,36,32,300,140.00,"42,000.00"
2019-07-24,2019072401005741,API,57,32,100,140.00,"14,000.00"
2019-07-24,2019072401005740,API,57,32,100,140.00,"14,000.00"
2019-07-24,2019072401005739,API,34,32,"1,000",140.00,"140,000.00"
2019-07-24,2019072401005738,API,25,32,100,141.00,"14,100.00"
2019-07-24,2019072401005666,BFC,14,46,200,101.00,"20,200.00"
2019-07-24,2019072401005665,BFC,38,46,"1,000",101.00,"101,000.00"
2019-07-24,2019072401005664,BFC,7,46,10,101.00,"1,010.00"
2019-07-24,2019072401005865,BOKL,26,59,62,273.00,"16,926.00"
2019-07-24,2019072401005855,BOKL,56,59,238,273.00,"64,974.00"
2019-07-24,2019072401005847,BOKL,56,1,200,273.00,"54,600.00"
2019-07-24,2019072401005846,BOKL,56,43,167,273.00,"45,591.00"
2019-07-24,2019072401005773,BOKL,35,43,33,273.00,"9,009.00"
2019-07-24,2019072401005772,BOKL,35,28,367,273.00,"100,191.00"
2019-07-24,2019072401005524,BOKL,16,32,200,273.00,"54,600.00"
2019-07-24,2019072401005506,BOKL,16,36,10,273.00,"2,730.00"
2019-07-24,2019072401005685,BOKL,40,28,500,273.00,"136,500.00"
2019-07-24,2019072401005684,BOKL,40,28,133,273.00,"36,309.00"
2019-07-24,2019072401005609,BOKL,40,13,76,273.00,"20,748.00"
2019-07-24,2019072401005557,BOKL,40,32,291,273.00,"79,443.00"
2019-07-24,2019072401005556,BOKL,16,32,209,273.00,"57,057.00"
2019-07-24,2019072401005554,BOKL,16,51,500,273.00,"136,500.00"
2019-07-24,2019072401005845,BPCL,33,46,200,408.00,"81,600.00"
2019-07-24,2019072401005817,CBL,25,33,200,162.00,"32,400.00"
2019-07-24,2019072401005692,CBL,39,33,15,162.00,"2,430.00"
2019-07-24,2019072401005691,CBL,39,17,135,162.00,"21,870.00"
2019-07-24,2019072401005656,CBL,39,17,"1,989",162.00,"322,218.00"
2019-07-24,2019072401005655,CBL,39,36,11,162.00,"1,782.00"
2019-07-24,2019072401005626,CBL,32,36,"1,000",162.00,"162,000.00"
2019-07-24,2019072401005610,CBL,33,36,200,162.00,"32,400.00"
2019-07-24,2019072401005535,CBL,59,36,789,162.00,"127,818.00"
2019-07-24,2019072401005534,CBL,59,35,311,162.00,"50,382.00"
2019-07-24,2019072401005529,CBL,28,1,"1,000",161.00,"161,000.00"
2019-07-24,2019072401005480,CBL,33,35,500,162.00,"81,000.00"
2019-07-24,2019072401005828,CCBL,35,42,300,178.00,"53,400.00"
2019-07-24,2019072401005823,CCBL,39,39,135,179.00,"24,165.00"
2019-07-24,2019072401005658,CCBL,35,56,26,178.00,"4,628.00"
2019-07-24,2019072401005657,CCBL,38,56,74,178.00,"13,172.00"
2019-07-24,2019072401005538,CCBL,38,10,77,178.00,"13,706.00"
2019-07-24,2019072401005598,CHCL,48,49,331,515.00,"170,465.00"
2019-07-24,2019072401005597,CHCL,48,22,10,515.00,"5,150.00"
2019-07-24,2019072401005596,CHCL,48,49,"2,300",515.00,"1,184,500.00"
2019-07-24,2019072401005595,CHCL,48,42,92,515.00,"47,380.00"
2019-07-24,2019072401005594,CHCL,48,49,11,515.00,"5,665.00"
2019-07-24,2019072401005593,CHCL,48,43,493,514.00,"253,402.00"
2019-07-24,2019072401005579,CHCL,45,43,100,514.00,"51,400.00"
2019-07-24,2019072401005505,CHCL,47,47,3,514.00,"1,542.00"
2019-07-24,2019072401005959,CZBIL,43,45,442,231.00,"102,102.00"
2019-07-24,2019072401005958,CZBIL,43,45,618,231.00,"142,758.00"
2019-07-24,2019072401005957,CZBIL,46,45,500,231.00,"115,500.00"
2019-07-24,2019072401005956,CZBIL,58,45,200,231.00,"46,200.00"
2019-07-24,2019072401005955,CZBIL,7,45,40,231.00,"9,240.00"
2019-07-24,2019072401005880,CZBIL,45,45,100,232.00,"23,200.00"
2019-07-24,2019072401005879,CZBIL,57,45,100,232.00,"23,200.00"
2019-07-24,2019072401005747,CZBIL,45,43,100,232.00,"23,200.00"
2019-07-24,2019072401005709,CZBIL,45,43,100,232.00,"23,200.00"
2019-07-24,2019072401005708,CZBIL,45,48,69,232.00,"16,008.00"
2019-07-24,2019072401005735,DBBL,25,38,30,150.00,"4,500.00"
2019-07-24,2019072401005635,DDBL,48,6,80,770.00,"61,600.00"
2019-07-24,2019072401005634,DDBL,26,6,120,770.00,"92,400.00"
2019-07-24,2019072401005477,DDBL,26,55,30,770.00,"23,100.00"
2019-07-24,2019072401005854,EBL,56,56,100,681.00,"68,100.00"
2019-07-24,2019072401005853,EBL,36,56,150,681.00,"102,150.00"
2019-07-24,2019072401005852,EBL,28,56,250,681.00,"170,250.00"
2019-07-24,2019072401005724,EBL,28,19,200,681.00,"136,200.00"
2019-07-24,2019072401005675,EBL,40,44,100,682.00,"68,200.00"
2019-07-24,2019072401005674,EBL,59,44,314,682.00,"214,148.00"
2019-07-24,2019072401005488,EBL,50,44,500,683.00,"341,500.00"
2019-07-24,2019072401005487,EBL,50,44,168,683.00,"114,744.00"
2019-07-24,2019072401005863,EIC,51,19,100,360.00,"36,000.00"
2019-07-24,2019072401005824,EIC,49,19,50,360.00,"18,000.00"
2019-07-24,2019072401005722,EIC,41,7,37,362.00,"13,394.00"
2019-07-24,2019072401005630,EIC,17,7,20,364.00,"7,280.00"
2019-07-24,2019072401005851,FMDBL,6,49,400,395.00,"158,000.00"
2019-07-24,2019072401005746,FMDBL,45,49,114,394.00,"44,916.00"
2019-07-24,2019072401005725,FMDBL,48,49,200,394.00,"78,800.00"
2019-07-24,2019072401005856,GBBL,26,49,205,230.00,"47,150.00"
2019-07-24,2019072401005744,GBBL,57,43,60,231.00,"13,860.00"
2019-07-24,2019072401005796,GDBL,14,1,234,217.00,"50,778.00"
2019-07-24,2019072401005795,GDBL,40,1,300,217.00,"65,100.00"
2019-07-24,2019072401005794,GDBL,14,1,466,217.00,"101,122.00"
2019-07-24,2019072401005578,GFCL,17,10,34,134.00,"4,556.00"
2019-07-24,2019072401005577,GFCL,35,10,10,137.00,"1,370.00"
2019-07-24,2019072401005512,GHL,58,58,30,93.00,"2,790.00"
2019-07-24,2019072401005501,GILB,52,22,19,710.00,"13,490.00"
2019-07-24,2019072401005500,GILB,52,22,12,710.00,"8,520.00"
2019-07-24,2019072401005837,GLICL,44,19,50,465.00,"23,250.00"
2019-07-24,2019072401005528,GLICL,51,57,17,466.00,"7,922.00"
2019-07-24,2019072401005781,GMFBS,38,34,20,538.00,"10,760.00"
2019-07-24,2019072401005780,GMFBS,38,57,10,538.00,"5,380.00"
2019-07-24,2019072401005779,GMFBS,38,13,10,538.00,"5,380.00"
2019-07-24,2019072401005778,GMFBS,38,21,10,536.00,"5,360.00"
2019-07-24,2019072401005777,GMFBS,38,57,10,535.00,"5,350.00"
2019-07-24,2019072401005776,GMFBS,38,40,10,533.00,"5,330.00"
2019-07-24,2019072401005603,GMFBS,14,57,10,533.00,"5,330.00"
2019-07-24,2019072401005476,GMFBS,14,49,10,533.00,"5,330.00"
2019-07-24,2019072401005469,GMFBS,14,57,10,531.00,"5,310.00"
2019-07-24,2019072401005769,HBL,58,38,10,567.00,"5,670.00"
2019-07-24,2019072401005681,HGI,51,7,32,354.00,"11,328.00"
2019-07-24,2019072401005600,HGI,51,21,40,355.00,"14,200.00"
2019-07-24,2019072401005842,HIDCL,17,25,"1,000",161.00,"161,000.00"
2019-07-24,2019072401005841,HIDCL,39,25,"1,000",161.00,"161,000.00"
2019-07-24,2019072401005840,HIDCL,28,25,978,161.00,"157,458.00"
2019-07-24,2019072401005839,HIDCL,43,25,100,162.00,"16,200.00"
2019-07-24,2019072401005838,HIDCL,35,25,456,162.00,"73,872.00"
2019-07-24,2019072401005826,HIDCL,35,38,44,162.00,"7,128.00"
2019-07-24,2019072401005825,HIDCL,49,38,17,162.00,"2,754.00"
2019-07-24,2019072401005801,HIDCL,49,38,61,162.00,"9,882.00"
2019-07-24,2019072401005771,HIDCL,49,38,61,162.00,"9,882.00"
2019-07-24,2019072401005756,HIDCL,49,38,61,162.00,"9,882.00"
2019-07-24,2019072401005573,HIDCL,38,25,207,162.00,"33,534.00"
2019-07-24,2019072401005889,ILBS,48,34,10,403.00,"4,030.00"
2019-07-24,2019072401005860,ILBS,48,34,10,403.00,"4,030.00"
2019-07-24,2019072401005844,ILBS,48,34,10,403.00,"4,030.00"
2019-07-24,2019072401005827,ILBS,48,34,10,403.00,"4,030.00"
2019-07-24,2019072401005793,ILBS,48,34,10,403.00,"4,030.00"
2019-07-24,2019072401005683,ILBS,36,39,10,402.00,"4,020.00"
2019-07-24,2019072401005539,ILBS,58,35,300,403.00,"120,900.00"
2019-07-24,2019072401005523,ILBS,36,49,10,402.00,"4,020.00"
2019-07-24,2019072401005493,ILBS,36,49,10,402.00,"4,020.00"
2019-07-24,2019072401005548,ILBS,28,39,10,405.00,"4,050.00"
2019-07-24,2019072401005547,ILBS,28,39,10,405.00,"4,050.00"
2019-07-24,2019072401005546,ILBS,28,39,10,405.00,"4,050.00"
2019-07-24,2019072401005545,ILBS,28,39,10,405.00,"4,050.00"
2019-07-24,2019072401005544,ILBS,28,38,10,404.00,"4,040.00"
2019-07-24,2019072401005543,ILBS,28,16,10,404.00,"4,040.00"
2019-07-24,2019072401005663,ILBS,36,39,10,402.00,"4,020.00"
2019-07-24,2019072401005646,ILBS,48,42,10,404.00,"4,040.00"
2019-07-24,2019072401005642,ILBS,36,16,10,402.00,"4,020.00"
2019-07-24,2019072401005620,ILBS,36,16,10,402.00,"4,020.00"
2019-07-24,2019072401005550,ILBS,28,35,110,405.00,"44,550.00"
2019-07-24,2019072401005549,ILBS,28,39,10,405.00,"4,050.00"
2019-07-24,2019072401005732,JBBL,17,4,600,166.00,"99,600.00"
2019-07-24,2019072401005706,JBBL,58,4,250,166.00,"41,500.00"
2019-07-24,2019072401005705,JBBL,58,45,990,166.00,"164,340.00"
2019-07-24,2019072401005704,JBBL,58,41,100,166.00,"16,600.00"
2019-07-24,2019072401005703,JBBL,58,33,100,166.00,"16,600.00"
2019-07-24,2019072401005592,JBBL,48,36,200,165.00,"33,000.00"
2019-07-24,2019072401005714,JOSHI,22,57,20,79.00,"1,580.00"
2019-07-24,2019072401005864,KBL,52,49,200,224.00,"44,800.00"
2019-07-24,2019072401005811,KBL,52,49,"1,631",224.00,"365,344.00"
2019-07-24,2019072401005810,KBL,52,6,25,224.00,"5,600.00"
2019-07-24,2019072401005809,KBL,52,29,267,224.00,"59,808.00"
2019-07-24,2019072401005808,KBL,52,53,200,224.00,"44,800.00"
2019-07-24,2019072401005807,KBL,52,42,533,224.00,"119,392.00"
2019-07-24,2019072401005672,KBL,49,10,200,223.00,"44,600.00"
2019-07-24,2019072401005515,KBL,52,51,50,224.00,"11,200.00"
2019-07-24,2019072401005514,KBL,52,38,150,224.00,"33,600.00"
2019-07-24,2019072401005806,KBL,52,39,400,224.00,"89,600.00"
2019-07-24,2019072401005805,KBL,52,36,"1,000",224.00,"224,000.00"
2019-07-24,2019072401005804,KBL,52,48,500,224.00,"112,000.00"
2019-07-24,2019072401005803,KBL,52,49,282,224.00,"63,168.00"
2019-07-24,2019072401005802,KBL,52,51,162,224.00,"36,288.00"
2019-07-24,2019072401005673,KBL,56,10,224,223.00,"49,952.00"
2019-07-24,2019072401005819,KRBL,14,6,60,116.00,"6,960.00"
2019-07-24,2019072401005702,KRBL,57,45,107,115.00,"12,305.00"
2019-07-24,2019072401005701,KRBL,42,45,428,115.00,"49,220.00"
2019-07-24,2019072401005576,KSBBL,44,32,100,160.00,"16,000.00"
2019-07-24,2019072401005575,KSBBL,34,32,400,160.00,"64,000.00"
2019-07-24,2019072401005849,LBBL,45,41,"1,000",208.00,"208,000.00"
2019-07-24,2019072401005713,LBBL,28,41,60,208.00,"12,480.00"
2019-07-24,2019072401005698,LBBL,38,41,50,208.00,"10,400.00"
2019-07-24,2019072401005625,LBBL,1,41,50,208.00,"10,400.00"
2019-07-24,2019072401005624,LBBL,52,41,50,208.00,"10,400.00"
2019-07-24,2019072401005623,LBBL,36,41,200,208.00,"41,600.00"
2019-07-24,2019072401005622,LBBL,1,41,"1,000",208.00,"208,000.00"
2019-07-24,2019072401005621,LBBL,1,41,275,208.00,"57,200.00"
2019-07-24,2019072401005785,LBL,59,38,10,228.00,"2,280.00"
2019-07-24,2019072401005618,LBL,59,16,883,228.00,"201,324.00"
2019-07-24,2019072401005617,LBL,52,16,117,228.00,"26,676.00"
2019-07-24,2019072401005759,LGIL,25,19,90,438.00,"39,420.00"
2019-07-24,2019072401005758,LGIL,20,19,200,440.00,"88,000.00"
2019-07-24,2019072401005757,LGIL,11,19,10,445.00,"4,450.00"
2019-07-24,2019072401005914,LICN,13,8,24,"1,596.00","38,304.00"
2019-07-24,2019072401005814,LICN,43,8,26,"1,596.00","41,496.00"
2019-07-24,2019072401005813,LICN,43,44,24,"1,595.00","38,280.00"
2019-07-24,2019072401005812,LICN,43,10,10,"1,595.00","15,950.00"
2019-07-24,2019072401005677,LICN,4,59,240,"1,590.00","381,600.00"
2019-07-24,2019072401005676,LICN,4,6,12,"1,589.00","19,068.00"
2019-07-24,2019072401005661,LICN,47,6,100,"1,589.00","158,900.00"
2019-07-24,2019072401005628,LICN,48,59,10,"1,590.00","15,900.00"
2019-07-24,2019072401005614,LICN,25,59,50,"1,590.00","79,500.00"
2019-07-24,2019072401005936,LLBS,45,1,10,723.00,"7,230.00"
2019-07-24,2019072401005866,LLBS,45,21,10,723.00,"7,230.00"
2019-07-24,2019072401005947,MBL,6,14,50,275.00,"13,750.00"
2019-07-24,2019072401005718,MBL,28,50,20,274.00,"5,480.00"
2019-07-24,2019072401005468,MBL,56,14,330,275.00,"90,750.00"
2019-07-24,2019072401005580,MEGA,19,34,200,217.00,"43,400.00"
2019-07-24,2019072401005568,MEGA,41,56,2,217.00,434.00
2019-07-24,2019072401005567,MEGA,8,56,100,217.00,"21,700.00"
2019-07-24,2019072401005510,MEGA,8,43,"1,000",217.00,"217,000.00"
2019-07-24,2019072401005467,MEGA,8,13,900,217.00,"195,300.00"
2019-07-24,2019072401005952,MHNL,20,7,30,101.00,"3,030.00"
2019-07-24,2019072401005775,MLBBL,59,34,10,434.00,"4,340.00"
2019-07-24,2019072401005585,MLBBL,28,55,50,434.00,"21,700.00"
2019-07-24,2019072401005584,MLBBL,28,32,10,434.00,"4,340.00"
2019-07-24,2019072401005821,MLBL,50,38,20,203.00,"4,060.00"
2019-07-24,2019072401005553,MLBL,50,49,254,203.00,"51,562.00"
2019-07-24,2019072401005552,MLBL,59,49,446,203.00,"90,538.00"
2019-07-24,2019072401005949,NABIL,1,28,23,811.00,"18,653.00"
2019-07-24,2019072401005848,NABIL,52,34,32,812.00,"25,984.00"
2019-07-24,2019072401005764,NABIL,6,34,120,812.00,"97,440.00"
2019-07-24,2019072401005641,NABIL,26,25,90,810.00,"72,900.00"
2019-07-24,2019072401005640,NABIL,22,25,10,811.00,"8,110.00"
2019-07-24,2019072401005606,NABIL,22,39,990,811.00,"802,890.00"
2019-07-24,2019072401005605,NABIL,28,39,10,811.00,"8,110.00"
2019-07-24,2019072401005583,NABIL,26,34,"1,000",812.00,"812,000.00"
2019-07-24,2019072401005582,NABIL,51,34,50,813.00,"40,650.00"
2019-07-24,2019072401005818,NADEP,39,34,10,446.00,"4,460.00"
2019-07-24,2019072401005765,NADEP,39,34,10,446.00,"4,460.00"
2019-07-24,2019072401005755,NADEP,33,32,10,446.00,"4,460.00"
2019-07-24,2019072401005754,NADEP,33,36,50,446.00,"22,300.00"
2019-07-24,2019072401005753,NADEP,33,45,170,446.00,"75,820.00"
2019-07-24,2019072401005636,NADEP,33,43,14,440.00,"6,160.00"
2019-07-24,2019072401005639,NADEP,33,14,50,440.00,"22,000.00"
2019-07-24,2019072401005638,NADEP,33,32,20,440.00,"8,800.00"
2019-07-24,2019072401005637,NADEP,33,57,10,440.00,"4,400.00"
2019-07-24,2019072401005712,NAGRO,33,49,10,527.00,"5,270.00"
2019-07-24,2019072401005599,NAGRO,33,39,10,527.00,"5,270.00"
2019-07-24,2019072401005540,NAGRO,55,45,50,530.00,"26,500.00"
2019-07-24,2019072401005913,NBB,50,53,"1,000",229.00,"229,000.00"
2019-07-24,2019072401005836,NBB,47,38,20,228.00,"4,560.00"
2019-07-24,2019072401005700,NBB,6,51,300,230.00,"69,000.00"
2019-07-24,2019072401005689,NBB,6,51,200,230.00,"46,000.00"
2019-07-24,2019072401005688,NBB,6,43,100,230.00,"23,000.00"
2019-07-24,2019072401005687,NBB,6,53,200,229.00,"45,800.00"
2019-07-24,2019072401005654,NBB,6,53,300,229.00,"68,700.00"
2019-07-24,2019072401005587,NBB,6,53,500,229.00,"114,500.00"
2019-07-24,2019072401005946,NBL,47,28,60,349.00,"20,940.00"
2019-07-24,2019072401005945,NBL,47,28,300,349.00,"104,700.00"
2019-07-24,2019072401005944,NBL,47,28,150,349.00,"52,350.00"
2019-07-24,2019072401005943,NBL,47,28,150,349.00,"52,350.00"
2019-07-24,2019072401005942,NBL,47,28,250,349.00,"87,250.00"
2019-07-24,2019072401005941,NBL,55,28,90,349.00,"31,410.00"
2019-07-24,2019072401005519,NBL,7,16,850,349.00,"296,650.00"
2019-07-24,2019072401005518,NBL,7,16,650,349.00,"226,850.00"
2019-07-24,2019072401005475,NBL,57,16,350,349.00,"122,150.00"
2019-07-24,2019072401005474,NBL,57,34,50,349.00,"17,450.00"
2019-07-24,2019072401005560,NBL,59,39,500,348.00,"174,000.00"
2019-07-24,2019072401005559,NBL,45,39,150,348.00,"52,200.00"
2019-07-24,2019072401005551,NBL,3,16,"1,000",349.00,"349,000.00"
2019-07-24,2019072401005542,NBL,47,16,500,349.00,"174,500.00"
2019-07-24,2019072401005541,NBL,47,16,450,349.00,"157,050.00"
2019-07-24,2019072401005533,NBL,47,16,150,349.00,"52,350.00"
2019-07-24,2019072401005566,NBL,32,39,150,348.00,"52,200.00"
2019-07-24,2019072401005565,NBL,5,39,500,348.00,"174,000.00"
2019-07-24,2019072401005564,NBL,5,39,200,348.00,"69,600.00"
2019-07-24,2019072401005563,NBL,42,39,"1,000",348.00,"348,000.00"
2019-07-24,2019072401005562,NBL,21,39,500,348.00,"174,000.00"
2019-07-24,2019072401005561,NBL,40,39,"1,000",348.00,"348,000.00"
2019-07-24,2019072401005602,NBL,47,37,140,349.00,"48,860.00"
2019-07-24,2019072401005591,NBL,47,37,17,349.00,"5,933.00"
2019-07-24,2019072401005590,NBL,47,16,383,349.00,"133,667.00"
2019-07-24,2019072401005589,NBL,36,16,52,349.00,"18,148.00"
2019-07-24,2019072401005581,NBL,6,16,315,349.00,"109,935.00"
2019-07-24,2019072401005574,NBL,47,16,300,349.00,"104,700.00"
2019-07-24,2019072401005750,NBL,47,29,800,349.00,"279,200.00"
2019-07-24,2019072401005749,NBL,47,29,200,349.00,"69,800.00"
2019-07-24,2019072401005748,NBL,3,29,200,349.00,"69,800.00"
2019-07-24,2019072401005612,NBL,36,34,977,350.00,"341,950.00"
2019-07-24,2019072401005611,NBL,36,37,23,349.00,"8,027.00"
2019-07-24,2019072401005608,NBL,55,37,400,349.00,"139,600.00"
2019-07-24,2019072401005884,NBL,55,21,410,349.00,"143,090.00"
2019-07-24,2019072401005883,NBL,47,21,440,349.00,"153,560.00"
2019-07-24,2019072401005882,NBL,47,21,100,349.00,"34,900.00"
2019-07-24,2019072401005881,NBL,3,21,50,349.00,"17,450.00"
2019-07-24,2019072401005752,NBL,3,29,950,349.00,"331,550.00"
2019-07-24,2019072401005751,NBL,47,29,500,349.00,"174,500.00"
2019-07-24,2019072401005745,NCCB,56,1,200,254.00,"50,800.00"
2019-07-24,2019072401005671,NCCB,56,46,223,254.00,"56,642.00"
2019-07-24,2019072401005670,NCCB,56,46,500,254.00,"127,000.00"
2019-07-24,2019072401005669,NCCB,58,46,200,254.00,"50,800.00"
2019-07-24,2019072401005668,NCCB,47,46,57,254.00,"14,478.00"
2019-07-24,2019072401005783,NIB,36,28,100,526.00,"52,600.00"
2019-07-24,2019072401005633,NIB,28,17,121,527.00,"63,767.00"
2019-07-24,2019072401005632,NIB,28,46,40,526.00,"21,040.00"
2019-07-24,2019072401005631,NIB,28,55,39,526.00,"20,514.00"
2019-07-24,2019072401005536,NIB,36,59,200,525.00,"105,000.00"
2019-07-24,2019072401005527,NIB,51,55,20,526.00,"10,520.00"
2019-07-24,2019072401005909,NIBPO,8,48,860,476.00,"409,360.00"
2019-07-24,2019072401005908,NIBPO,34,48,90,476.00,"42,840.00"
2019-07-24,2019072401005907,NIBPO,44,48,50,477.00,"23,850.00"
2019-07-24,2019072401005690,NIBPO,6,39,"2,800",477.00,"1,335,600.00"
2019-07-24,2019072401005897,NICA,33,38,20,474.00,"9,480.00"
2019-07-24,2019072401005867,NICA,8,44,132,475.00,"62,700.00"
2019-07-24,2019072401005833,NICA,33,58,500,474.00,"237,000.00"
2019-07-24,2019072401005820,NICA,33,44,100,475.00,"47,500.00"
2019-07-24,2019072401005774,NICA,33,28,200,474.00,"94,800.00"
2019-07-24,2019072401005629,NICA,22,44,90,475.00,"42,750.00"
2019-07-24,2019072401005482,NICA,22,13,200,475.00,"95,000.00"
2019-07-24,2019072401005481,NICA,22,28,270,475.00,"128,250.00"
2019-07-24,2019072401005877,NICL,32,10,156,350.00,"54,600.00"
2019-07-24,2019072401005876,NICL,35,10,200,350.00,"70,000.00"
2019-07-24,2019072401005875,NICL,7,10,10,350.00,"3,500.00"
2019-07-24,2019072401005874,NICL,32,10,100,351.00,"35,100.00"
2019-07-24,2019072401005873,NICL,57,10,78,351.00,"27,378.00"
2019-07-24,2019072401005872,NICL,51,10,11,352.00,"3,872.00"
2019-07-24,2019072401005871,NICL,45,10,91,352.00,"32,032.00"
2019-07-24,2019072401005911,NIL,51,53,90,492.00,"44,280.00"
2019-07-24,2019072401005667,NIL,51,42,10,492.00,"4,920.00"
2019-07-24,2019072401005503,NIL,50,13,100,493.00,"49,300.00"
2019-07-24,2019072401005502,NIL,50,13,20,493.00,"9,860.00"
2019-07-24,2019072401005937,NLBBL,33,35,60,528.00,"31,680.00"
2019-07-24,2019072401005934,NLBBL,33,44,134,528.00,"70,752.00"
2019-07-24,2019072401005555,NLBBL,58,34,690,530.00,"365,700.00"
2019-07-24,2019072401005513,NLBBL,58,34,800,530.00,"424,000.00"
2019-07-24,2019072401005601,NLG,58,49,50,718.00,"35,900.00"
2019-07-24,2019072401005962,NLIC,35,4,100,887.00,"88,700.00"
2019-07-24,2019072401005961,NLIC,35,4,100,887.00,"88,700.00"
2019-07-24,2019072401005960,NLIC,34,4,390,887.00,"345,930.00"
2019-07-24,2019072401005930,NLIC,34,4,610,887.00,"541,070.00"
2019-07-24,2019072401005929,NLIC,32,4,500,888.00,"444,000.00"
2019-07-24,2019072401005928,NLIC,35,4,50,888.00,"44,400.00"
2019-07-24,2019072401005490,NLIC,4,4,200,890.00,"178,000.00"
2019-07-24,2019072401005647,NLIC,34,29,77,890.00,"68,530.00"
2019-07-24,2019072401005645,NLIC,36,29,53,890.00,"47,170.00"
2019-07-24,2019072401005644,NLIC,36,51,17,890.00,"15,130.00"
2019-07-24,2019072401005643,NLIC,36,38,30,890.00,"26,700.00"
2019-07-24,2019072401005508,NLIC,36,38,70,890.00,"62,300.00"
2019-07-24,2019072401005507,NLIC,36,4,30,890.00,"26,700.00"
2019-07-24,2019072401005901,NLIC,1,28,273,890.00,"242,970.00"
2019-07-24,2019072401005900,NLIC,1,4,27,890.00,"24,030.00"
2019-07-24,2019072401005857,NLIC,22,4,50,890.00,"44,500.00"
2019-07-24,2019072401005743,NLIC,46,4,100,890.00,"89,000.00"
2019-07-24,2019072401005730,NLIC,34,4,823,890.00,"732,470.00"
2019-07-24,2019072401005648,NLIC,34,42,100,890.00,"89,000.00"
2019-07-24,2019072401005921,NLIC,34,4,50,889.00,"44,450.00"
2019-07-24,2019072401005920,NLIC,54,4,50,889.00,"44,450.00"
2019-07-24,2019072401005919,NLIC,54,4,50,889.00,"44,450.00"
2019-07-24,2019072401005918,NLIC,22,4,50,889.00,"44,450.00"
2019-07-24,2019072401005917,NLIC,14,4,50,889.00,"44,450.00"
2019-07-24,2019072401005910,NLIC,59,28,60,890.00,"53,400.00"
2019-07-24,2019072401005927,NLIC,48,4,20,888.00,"17,760.00"
2019-07-24,2019072401005926,NLIC,10,4,10,888.00,"8,880.00"
2019-07-24,2019072401005925,NLIC,33,4,60,888.00,"53,280.00"
2019-07-24,2019072401005924,NLIC,19,4,50,888.00,"44,400.00"
2019-07-24,2019072401005923,NLIC,5,4,50,888.00,"44,400.00"
2019-07-24,2019072401005922,NLIC,42,4,200,888.00,"177,600.00"
2019-07-24,2019072401005710,NLICL,45,48,10,603.00,"6,030.00"
2019-07-24,2019072401005763,NMFBS,33,44,15,"1,579.00","23,685.00"
2019-07-24,2019072401005762,NMFBS,33,33,50,"1,575.00","78,750.00"
2019-07-24,2019072401005731,NMFBS,33,41,16,"1,565.00","25,040.00"
2019-07-24,2019072401005485,NMFBS,32,42,15,"1,535.00","23,025.00"
2019-07-24,2019072401005699,NNLB,58,7,140,405.00,"56,700.00"
2019-07-24,2019072401005697,NNLB,58,1,200,405.00,"81,000.00"
2019-07-24,2019072401005696,NNLB,39,1,10,406.00,"4,060.00"
2019-07-24,2019072401005695,NNLB,55,1,50,406.00,"20,300.00"
2019-07-24,2019072401005694,NNLB,17,1,40,406.00,"16,240.00"
2019-07-24,2019072401005653,NSEWA,45,3,40,408.00,"16,320.00"
2019-07-24,2019072401005652,NSEWA,45,49,10,408.00,"4,080.00"
2019-07-24,2019072401005651,NSEWA,45,49,40,408.00,"16,320.00"
2019-07-24,2019072401005650,NSEWA,45,54,10,407.00,"4,070.00"
2019-07-24,2019072401005649,NSEWA,45,21,10,407.00,"4,070.00"
2019-07-24,2019072401005522,NTC,59,43,20,699.00,"13,980.00"
2019-07-24,2019072401005933,NUBL,26,28,200,897.00,"179,400.00"
2019-07-24,2019072401005784,NUBL,42,53,310,900.00,"279,000.00"
2019-07-24,2019072401005727,NUBL,42,16,190,900.00,"171,000.00"
2019-07-24,2019072401005726,NUBL,48,16,10,900.00,"9,000.00"
2019-07-24,2019072401005707,NUBL,36,54,200,905.00,"181,000.00"
2019-07-24,2019072401005619,NUBL,4,54,500,901.00,"450,500.00"
2019-07-24,2019072401005572,OHL,45,45,100,634.00,"63,400.00"
2019-07-24,2019072401005571,OHL,45,46,15,631.00,"9,465.00"
2019-07-24,2019072401005570,OHL,45,42,200,630.00,"126,000.00"
2019-07-24,2019072401005569,OHL,45,42,42,629.00,"26,418.00"
2019-07-24,2019072401005885,PCBL,55,39,"1,000",290.00,"290,000.00"
2019-07-24,2019072401005737,PCBL,35,57,600,290.00,"174,000.00"
2019-07-24,2019072401005734,PCBL,58,57,50,290.00,"14,500.00"
2019-07-24,2019072401005733,PCBL,58,47,50,290.00,"14,500.00"
2019-07-24,2019072401005767,PFL,57,58,24,143.00,"3,432.00"
2019-07-24,2019072401005766,PFL,7,58,10,143.00,"1,430.00"
2019-07-24,2019072401005717,PFL,38,48,39,144.00,"5,616.00"
2019-07-24,2019072401005951,PIC,34,13,11,489.00,"5,379.00"
2019-07-24,2019072401005906,PIC,8,6,18,490.00,"8,820.00"
2019-07-24,2019072401005662,PIC,34,38,15,489.00,"7,335.00"
2019-07-24,2019072401005891,PMHPL,58,58,10,107.00,"1,070.00"
2019-07-24,2019072401005890,PMHPL,58,58,10,107.00,"1,070.00"
2019-07-24,2019072401005859,PRIN,44,32,100,379.00,"37,900.00"
2019-07-24,2019072401005816,PRIN,44,48,100,379.00,"37,900.00"
2019-07-24,2019072401005761,PRIN,44,43,201,378.00,"75,978.00"
2019-07-24,2019072401005760,PRIN,44,58,54,378.00,"20,412.00"
2019-07-24,2019072401005832,PRVU,28,10,50,279.00,"13,950.00"
2019-07-24,2019072401005831,PRVU,28,58,50,279.00,"13,950.00"
2019-07-24,2019072401005613,PRVU,57,40,250,279.00,"69,750.00"
2019-07-24,2019072401005486,PRVU,41,33,100,279.00,"27,900.00"
2019-07-24,2019072401005509,PRVU,57,33,147,279.00,"41,013.00"
2019-07-24,2019072401005494,PRVU,25,33,300,279.00,"83,700.00"
2019-07-24,2019072401005627,RBCL,45,38,10,"9,549.00","95,490.00"
2019-07-24,2019072401005850,RLFL,55,52,200,123.00,"24,600.00"
2019-07-24,2019072401005862,RRHP,58,40,10,107.00,"1,070.00"
2019-07-24,2019072401005861,RRHP,58,8,10,107.00,"1,070.00"
2019-07-24,2019072401005799,RSDC,42,40,20,350.00,"7,000.00"
2019-07-24,2019072401005679,RSDC,42,7,76,350.00,"26,600.00"
2019-07-24,2019072401005678,RSDC,5,7,50,351.00,"17,550.00"
2019-07-24,2019072401005931,SANIMA,6,59,50,357.00,"17,850.00"
2019-07-24,2019072401005711,SANIMA,58,59,200,357.00,"71,400.00"
2019-07-24,2019072401005517,SANIMA,11,52,100,356.00,"35,600.00"
2019-07-24,2019072401005516,SANIMA,43,52,200,356.00,"71,200.00"
2019-07-24,2019072401005912,SBI,14,38,30,478.00,"14,340.00"
2019-07-24,2019072401005682,SBI,49,49,200,479.00,"95,800.00"
2019-07-24,2019072401005693,SBL,44,50,90,327.00,"29,430.00"
2019-07-24,2019072401005499,SBL,13,39,"1,000",327.00,"327,000.00"
2019-07-24,2019072401005498,SBL,49,39,"3,000",327.00,"981,000.00"
2019-07-24,2019072401005497,SBL,33,39,"1,000",327.00,"327,000.00"
2019-07-24,2019072401005496,SBL,25,39,"1,000",327.00,"327,000.00"
2019-07-24,2019072401005495,SBL,40,39,100,328.00,"32,800.00"
2019-07-24,2019072401005935,SCB,34,38,20,685.00,"13,700.00"
2019-07-24,2019072401005604,SCB,52,52,136,686.00,"93,296.00"
2019-07-24,2019072401005504,SCB,39,52,500,686.00,"343,000.00"
2019-07-24,2019072401005478,SCB,37,52,50,686.00,"34,300.00"
2019-07-24,2019072401005721,SCB,11,56,50,685.00,"34,250.00"
2019-07-24,2019072401005720,SCB,13,56,200,685.00,"137,000.00"
2019-07-24,2019072401005719,SCB,35,56,500,685.00,"342,500.00"
2019-07-24,2019072401005899,SDESI,53,6,23,618.00,"14,214.00"
2019-07-24,2019072401005843,SDESI,53,6,23,618.00,"14,214.00"
2019-07-24,2019072401005797,SDESI,53,39,50,618.00,"30,900.00"
2019-07-24,2019072401005829,SHIVM,21,45,130,623.00,"80,990.00"
2019-07-24,2019072401005464,SHIVM,29,26,"1,000",623.00,"623,000.00"
2019-07-24,2019072401005463,SHIVM,29,26,"1,000",623.00,"623,000.00"
2019-07-24,2019072401005800,SHIVM,39,45,20,624.00,"12,480.00"
2019-07-24,2019072401005686,SHIVM,39,34,30,624.00,"18,720.00"
2019-07-24,2019072401005492,SHIVM,35,34,75,622.00,"46,650.00"
2019-07-24,2019072401005491,SHIVM,14,34,165,623.00,"102,795.00"
2019-07-24,2019072401005466,SHIVM,14,26,235,623.00,"146,405.00"
2019-07-24,2019072401005465,SHIVM,21,26,100,623.00,"62,300.00"
2019-07-24,2019072401005953,SHL,49,10,145,236.00,"34,220.00"
2019-07-24,2019072401005940,SICL,6,50,150,822.00,"123,300.00"
2019-07-24,2019072401005680,SKBBL,41,25,70,"1,010.00","70,700.00"
2019-07-24,2019072401005660,SKBBL,41,25,90,"1,010.00","90,900.00"
2019-07-24,2019072401005729,SLBBL,21,25,100,480.00,"48,000.00"
2019-07-24,2019072401005470,SLBSL,33,34,20,600.00,"12,000.00"
2019-07-24,2019072401005537,SLBSL,57,19,10,594.00,"5,940.00"
2019-07-24,2019072401005511,SLBSL,29,41,10,602.00,"6,020.00"
2019-07-24,2019072401005472,SLBSL,33,45,50,602.00,"30,100.00"
2019-07-24,2019072401005471,SLBSL,33,35,30,600.00,"18,000.00"
2019-07-24,2019072401005898,SLICL,38,58,20,470.00,"9,400.00"
2019-07-24,2019072401005888,SLICL,58,58,30,470.00,"14,100.00"
2019-07-24,2019072401005521,SLICL,58,58,11,470.00,"5,170.00"
2019-07-24,2019072401005520,SLICL,58,34,100,469.00,"46,900.00"
2019-07-24,2019072401005479,SLICL,44,34,167,468.00,"78,156.00"
2019-07-24,2019072401005834,SPDL,7,40,10,92.00,920.00
2019-07-24,2019072401005723,SRBL,49,52,100,257.00,"25,700.00"
2019-07-24,2019072401005715,SRBL,49,10,31,257.00,"7,967.00"
2019-07-24,2019072401005532,TRH,33,28,51,321.00,"16,371.00"
2019-07-24,2019072401005531,TRH,33,25,80,320.00,"25,600.00"
2019-07-24,2019072401005530,TRH,33,7,19,320.00,"6,080.00"
2019-07-24,2019072401005792,UIC,46,17,50,879.00,"43,950.00"
2019-07-24,2019072401005791,UIC,41,17,63,879.00,"55,377.00"
2019-07-24,2019072401005790,UIC,44,17,10,879.00,"8,790.00"
2019-07-24,2019072401005789,UIC,47,17,11,880.00,"9,680.00"
2019-07-24,2019072401005788,UIC,52,17,10,880.00,"8,800.00"
2019-07-24,2019072401005787,UIC,25,17,15,880.00,"13,200.00"
2019-07-24,2019072401005786,UIC,13,17,100,880.00,"88,000.00"
2019-07-24,2019072401005782,UIC,10,56,50,882.00,"44,100.00"
2019-07-24,2019072401005659,UIC,55,56,20,882.00,"17,640.00"
2019-07-24,2019072401005950,UMHL,41,56,10,111.00,"1,110.00"
2019-07-24,2019072401005558,UNL,32,40,10,"20,000.00","200,000.00"
2019-07-24,2019072401005939,UPCL,48,57,100,89.00,"8,900.00"
2019-07-24,2019072401005938,UPCL,48,16,470,89.00,"41,830.00"
2019-07-24,2019072401005822,UPCL,47,7,100,88.00,"8,800.00"
2019-07-24,2019072401005887,UPPER,40,38,200,283.00,"56,600.00"
2019-07-24,2019072401005870,UPPER,50,38,100,283.00,"28,300.00"
2019-07-24,2019072401005869,UPPER,43,38,20,283.00,"5,660.00"
2019-07-24,2019072401005868,UPPER,35,38,223,283.00,"63,109.00"
2019-07-24,2019072401005858,UPPER,35,17,10,283.00,"2,830.00"
2019-07-24,2019072401005835,UPPER,35,17,10,283.00,"2,830.00"
2019-07-24,2019072401005607,UPPER,58,26,84,284.00,"23,856.00"
2019-07-24,2019072401005586,UPPER,35,58,50,283.00,"14,150.00"
2019-07-24,2019072401005954,VLBS,45,37,50,514.00,"25,700.00"
2019-07-24,2019072401005905,VLBS,45,48,13,510.00,"6,630.00"
2019-07-24,2019072401005904,VLBS,45,32,13,510.00,"6,630.00"
2019-07-24,2019072401005903,VLBS,45,43,100,509.00,"50,900.00"
2019-07-24,2019072401005902,VLBS,45,35,230,508.00,"116,840.00"
2019-07-24,2019072401005384,ADBL,36,45,500,433.00,"216,500.00"
2019-07-24,2019072401005334,ADBL,36,44,262,433.00,"113,446.00"
2019-07-24,2019072401005284,ADBL,17,49,500,432.00,"216,000.00"
2019-07-24,2019072401005264,ADBL,57,28,500,433.00,"216,500.00"
2019-07-24,2019072401005194,ADBL,58,44,"1,100",433.00,"476,300.00"
2019-07-24,2019072401004987,ADBL,17,26,62,432.00,"26,784.00"
2019-07-24,2019072401004973,ADBL,50,44,100,433.00,"43,300.00"
2019-07-24,2019072401004986,AHPC,38,19,13,106.00,"1,378.00"
2019-07-24,2019072401005457,ALBSL,53,45,10,410.00,"4,100.00"
2019-07-24,2019072401005435,ALBSL,53,56,10,410.00,"4,100.00"
2019-07-24,2019072401005411,ALBSL,53,10,10,410.00,"4,100.00"
2019-07-24,2019072401005396,ALBSL,34,42,10,410.00,"4,100.00"
2019-07-24,2019072401005307,ALBSL,34,22,10,410.00,"4,100.00"
2019-07-24,2019072401005292,ALBSL,34,38,10,410.00,"4,100.00"
2019-07-24,2019072401005455,ALICL,34,51,"1,000",383.00,"383,000.00"
2019-07-24,2019072401005454,ALICL,34,22,200,383.00,"76,600.00"
2019-07-24,2019072401005453,ALICL,34,57,"1,160",382.00,"443,120.00"
2019-07-24,2019072401005452,ALICL,34,38,"1,000",381.00,"381,000.00"
2019-07-24,2019072401005451,ALICL,34,44,58,381.00,"22,098.00"
2019-07-24,2019072401005445,ALICL,33,17,31,380.00,"11,780.00"
2019-07-24,2019072401005444,ALICL,37,17,16,380.00,"6,080.00"
2019-07-24,2019072401005135,ALICL,14,34,200,381.00,"76,200.00"
2019-07-24,2019072401005104,ALICL,37,7,84,380.00,"31,920.00"
2019-07-24,2019072401005057,ALICL,37,45,100,380.00,"38,000.00"
2019-07-24,2019072401005304,API,25,39,26,139.00,"3,614.00"
2019-07-24,2019072401005303,API,57,39,136,139.00,"18,904.00"
2019-07-24,2019072401005302,API,25,39,500,140.00,"70,000.00"
2019-07-24,2019072401005254,API,52,10,16,141.00,"2,256.00"
2019-07-24,2019072401005253,API,7,10,10,142.00,"1,420.00"
2019-07-24,2019072401005301,API,37,39,"1,000",140.00,"140,000.00"
2019-07-24,2019072401005289,API,51,39,200,141.00,"28,200.00"
2019-07-24,2019072401005288,API,5,39,500,141.00,"70,500.00"
2019-07-24,2019072401005287,API,42,39,25,141.00,"3,525.00"
2019-07-24,2019072401005286,API,7,39,"1,000",141.00,"141,000.00"
2019-07-24,2019072401005285,API,52,39,113,141.00,"15,933.00"
2019-07-24,2019072401005418,BOKL,16,53,81,273.00,"22,113.00"
2019-07-24,2019072401005417,BOKL,37,53,300,273.00,"81,900.00"
2019-07-24,2019072401005416,BOKL,22,53,640,273.00,"174,720.00"
2019-07-24,2019072401005407,BOKL,22,52,360,273.00,"98,280.00"
2019-07-24,2019072401005406,BOKL,41,52,50,273.00,"13,650.00"
2019-07-24,2019072401005405,BOKL,16,52,90,273.00,"24,570.00"
2019-07-24,2019072401004989,BOKL,16,45,385,274.00,"105,490.00"
2019-07-24,2019072401004988,BOKL,46,45,347,274.00,"95,078.00"
2019-07-24,2019072401005036,BOKL,42,36,56,274.00,"15,344.00"
2019-07-24,2019072401005035,BOKL,16,36,923,274.00,"252,902.00"
2019-07-24,2019072401005034,BOKL,16,36,365,274.00,"100,010.00"
2019-07-24,2019072401005008,BOKL,16,58,635,274.00,"173,990.00"
2019-07-24,2019072401005007,BOKL,48,58,50,274.00,"13,700.00"
2019-07-24,2019072401005006,BOKL,16,58,615,274.00,"168,510.00"
2019-07-24,2019072401005397,BOKL,16,40,30,273.00,"8,190.00"
2019-07-24,2019072401005372,BOKL,55,34,100,274.00,"27,400.00"
2019-07-24,2019072401005121,BOKL,46,34,79,274.00,"21,646.00"
2019-07-24,2019072401005120,BOKL,46,36,421,274.00,"115,354.00"
2019-07-24,2019072401005076,BOKL,16,33,200,273.00,"54,600.00"
2019-07-24,2019072401005050,BOKL,11,36,10,274.00,"2,740.00"
2019-07-24,2019072401005001,BPCL,14,21,13,405.00,"5,265.00"
2019-07-24,2019072401005000,BPCL,41,21,50,405.00,"20,250.00"
2019-07-24,2019072401004999,BPCL,50,21,200,405.00,"81,000.00"
2019-07-24,2019072401004998,BPCL,51,21,200,405.00,"81,000.00"
2019-07-24,2019072401004997,BPCL,46,21,40,406.00,"16,240.00"
2019-07-24,2019072401004996,BPCL,45,21,34,406.00,"13,804.00"
2019-07-24,2019072401004995,BPCL,26,21,10,407.00,"4,070.00"
2019-07-24,2019072401005146,CBBL,6,6,500,"1,000.00","500,000.00"
2019-07-24,2019072401005119,CBBL,53,34,300,"1,003.00","300,900.00"
2019-07-24,2019072401005312,CBL,28,10,24,161.00,"3,864.00"
2019-07-24,2019072401005300,CBL,10,35,189,162.00,"30,618.00"
2019-07-24,2019072401005299,CBL,10,29,100,162.00,"16,200.00"
2019-07-24,2019072401005298,CBL,10,47,400,162.00,"64,800.00"
2019-07-24,2019072401005297,CBL,10,45,722,162.00,"116,964.00"
2019-07-24,2019072401005296,CBL,10,54,589,162.00,"95,418.00"
2019-07-24,2019072401005239,CBL,57,54,50,162.00,"8,100.00"
2019-07-24,2019072401005178,CBL,28,28,69,161.00,"11,109.00"
2019-07-24,2019072401005148,CBL,28,51,772,161.00,"124,292.00"
2019-07-24,2019072401005147,CBL,28,51,"1,228",161.00,"197,708.00"
2019-07-24,2019072401005260,CCBL,38,28,349,178.00,"62,122.00"
2019-07-24,2019072401005259,CCBL,39,28,100,178.00,"17,800.00"
2019-07-24,2019072401005258,CCBL,6,28,222,178.00,"39,516.00"
2019-07-24,2019072401005247,CCBL,34,38,"2,209",179.00,"395,411.00"
2019-07-24,2019072401004969,CFCL,14,46,"1,785",120.00,"214,200.00"
2019-07-24,2019072401004968,CFCL,7,46,10,120.00,"1,200.00"
2019-07-24,2019072401004967,CFCL,33,46,205,120.00,"24,600.00"
2019-07-24,2019072401005216,CHCL,34,43,100,514.00,"51,400.00"
2019-07-24,2019072401005221,CIT,39,33,70,"2,499.00","174,930.00"
2019-07-24,2019072401005010,CIT,39,43,10,"2,490.00","24,900.00"
2019-07-24,2019072401005009,CIT,39,43,10,"2,490.00","24,900.00"
2019-07-24,2019072401005159,CORBL,57,14,60,124.00,"7,440.00"
2019-07-24,2019072401005219,CZBIL,45,53,300,232.00,"69,600.00"
2019-07-24,2019072401005202,CZBIL,45,7,200,232.00,"46,400.00"
2019-07-24,2019072401005157,CZBIL,28,17,10,233.00,"2,330.00"
2019-07-24,2019072401005400,DBBL,49,39,"1,000",150.00,"150,000.00"
2019-07-24,2019072401005093,DBBL,25,17,50,150.00,"7,500.00"
2019-07-24,2019072401005092,DBBL,25,21,200,150.00,"30,000.00"
2019-07-24,2019072401005091,DBBL,25,48,300,150.00,"45,000.00"
2019-07-24,2019072401005090,DBBL,25,34,80,150.00,"12,000.00"
2019-07-24,2019072401005089,DBBL,25,19,300,150.00,"45,000.00"
2019-07-24,2019072401005088,DBBL,25,52,33,150.00,"4,950.00"
2019-07-24,2019072401005449,DDBL,26,52,100,770.00,"77,000.00"
2019-07-24,2019072401005160,DDBL,26,53,100,770.00,"77,000.00"
2019-07-24,2019072401005103,DDBL,26,50,50,770.00,"38,500.00"
2019-07-24,2019072401005102,DDBL,33,50,50,770.00,"38,500.00"
2019-07-24,2019072401005011,DDBL,50,51,24,774.00,"18,576.00"
2019-07-24,2019072401004966,DDBL,50,53,50,774.00,"38,700.00"
2019-07-24,2019072401004965,DDBL,50,38,200,774.00,"154,800.00"
2019-07-24,2019072401004964,DDBL,50,29,26,773.00,"20,098.00"
2019-07-24,2019072401005218,EBL,19,59,85,684.00,"58,140.00"
2019-07-24,2019072401005181,EBL,32,44,200,685.00,"137,000.00"
2019-07-24,2019072401005139,EBL,13,13,80,687.00,"54,960.00"
2019-07-24,2019072401005107,EBL,13,35,20,687.00,"13,740.00"
2019-07-24,2019072401005106,EBL,10,35,180,687.00,"123,660.00"
2019-07-24,2019072401005083,EBL,10,59,100,687.00,"68,700.00"
2019-07-24,2019072401005012,EBL,10,13,40,687.00,"27,480.00"
2019-07-24,2019072401005439,FMDBL,38,49,200,394.00,"78,800.00"
2019-07-24,2019072401005369,FMDBL,58,17,42,393.00,"16,506.00"
2019-07-24,2019072401005224,FMDBL,35,49,200,394.00,"78,800.00"
2019-07-24,2019072401005212,FMDBL,10,49,"1,000",394.00,"394,000.00"
2019-07-24,2019072401005338,FOWAD,47,40,19,"1,425.00","27,075.00"
2019-07-24,2019072401005232,FOWAD,40,40,9,"1,425.00","12,825.00"
2019-07-24,2019072401005175,FOWAD,4,40,10,"1,425.00","14,250.00"
2019-07-24,2019072401005105,FOWAD,40,40,7,"1,420.00","9,940.00"
2019-07-24,2019072401005366,GBBL,55,43,100,231.00,"23,100.00"
2019-07-24,2019072401005266,GBBL,26,40,222,230.00,"51,060.00"
2019-07-24,2019072401005186,GBBL,26,1,73,230.00,"16,790.00"
2019-07-24,2019072401005185,GBBL,48,1,23,230.00,"5,290.00"
2019-07-24,2019072401005158,GBLBS,19,13,110,353.00,"38,830.00"
2019-07-24,2019072401005116,GBLBS,19,13,80,353.00,"28,240.00"
2019-07-24,2019072401005115,GBLBS,50,13,200,354.00,"70,800.00"
2019-07-24,2019072401005114,GBLBS,21,13,20,354.00,"7,080.00"
2019-07-24,2019072401005367,GDBL,57,40,202,218.00,"44,036.00"
2019-07-24,2019072401005203,GHL,22,34,420,93.00,"39,060.00"
2019-07-24,2019072401005248,GLBSL,39,47,10,405.00,"4,050.00"
2019-07-24,2019072401005048,GLBSL,39,41,10,405.00,"4,050.00"
2019-07-24,2019072401005456,GMFBS,14,49,10,532.00,"5,320.00"
2019-07-24,2019072401005438,GMFBS,22,57,10,535.00,"5,350.00"
2019-07-24,2019072401005437,GMFBS,22,57,10,535.00,"5,350.00"
2019-07-24,2019072401005391,GMFBS,14,56,10,532.00,"5,320.00"
2019-07-24,2019072401005337,GMFBS,14,39,10,531.00,"5,310.00"
2019-07-24,2019072401005329,GMFBS,22,17,10,535.00,"5,350.00"
2019-07-24,2019072401005328,GMFBS,22,17,10,535.00,"5,350.00"
2019-07-24,2019072401005327,GMFBS,22,26,20,535.00,"10,700.00"
2019-07-24,2019072401005326,GMFBS,22,39,30,535.00,"16,050.00"
2019-07-24,2019072401005325,GMFBS,22,43,50,535.00,"26,750.00"
2019-07-24,2019072401005324,GMFBS,22,45,10,534.00,"5,340.00"
2019-07-24,2019072401005032,GMFBS,14,39,20,535.00,"10,700.00"
2019-07-24,2019072401005043,GRDBL,21,53,100,116.00,"11,600.00"
2019-07-24,2019072401005390,GUFL,3,45,"2,000",122.00,"244,000.00"
2019-07-24,2019072401005389,GUFL,3,45,"3,000",122.00,"366,000.00"
2019-07-24,2019072401005342,GUFL,43,39,10,124.00,"1,240.00"
2019-07-24,2019072401005031,HBL,34,51,50,568.00,"28,400.00"
2019-07-24,2019072401005345,HDL,25,25,80,"1,615.00","129,200.00"
2019-07-24,2019072401005344,HDL,39,25,120,"1,615.00","193,800.00"
2019-07-24,2019072401005387,HGI,51,11,30,354.00,"10,620.00"
2019-07-24,2019072401005379,HGI,51,11,50,354.00,"17,700.00"
2019-07-24,2019072401005350,HGI,55,21,100,355.00,"35,500.00"
2019-07-24,2019072401005291,HIDCL,34,25,82,162.00,"13,284.00"
2019-07-24,2019072401005290,HIDCL,8,25,11,162.00,"1,782.00"
2019-07-24,2019072401005038,HIDCL,34,45,18,162.00,"2,916.00"
2019-07-24,2019072401005028,ICFC,49,57,"2,000",169.00,"338,000.00"
2019-07-24,2019072401005027,ICFC,49,47,50,169.00,"8,450.00"
2019-07-24,2019072401005414,ILBS,36,45,10,402.00,"4,020.00"
2019-07-24,2019072401005310,ILBS,56,51,10,403.00,"4,030.00"
2019-07-24,2019072401005309,ILBS,56,51,10,403.00,"4,030.00"
2019-07-24,2019072401005273,ILBS,36,21,10,402.00,"4,020.00"
2019-07-24,2019072401005271,ILBS,39,21,10,403.00,"4,030.00"
2019-07-24,2019072401005270,ILBS,39,21,10,403.00,"4,030.00"
2019-07-24,2019072401005044,ILBS,34,7,10,401.00,"4,010.00"
2019-07-24,2019072401005030,ILBS,37,3,230,402.00,"92,460.00"
2019-07-24,2019072401005002,ILBS,37,7,10,402.00,"4,020.00"
2019-07-24,2019072401005100,ILBS,34,7,10,401.00,"4,010.00"
2019-07-24,2019072401005084,ILBS,36,35,190,402.00,"76,380.00"
2019-07-24,2019072401005075,ILBS,36,7,10,402.00,"4,020.00"
2019-07-24,2019072401005066,ILBS,49,38,10,404.00,"4,040.00"
2019-07-24,2019072401005065,ILBS,49,38,10,404.00,"4,040.00"
2019-07-24,2019072401005064,ILBS,49,58,10,404.00,"4,040.00"
2019-07-24,2019072401005204,ILBS,36,45,10,402.00,"4,020.00"
2019-07-24,2019072401005196,ILBS,36,41,10,402.00,"4,020.00"
2019-07-24,2019072401005190,ILBS,36,41,10,402.00,"4,020.00"
2019-07-24,2019072401005164,ILBS,21,35,60,403.00,"24,180.00"
2019-07-24,2019072401005131,ILBS,34,20,10,401.00,"4,010.00"
2019-07-24,2019072401005118,ILBS,34,7,10,401.00,"4,010.00"
2019-07-24,2019072401005269,ILBS,39,21,10,403.00,"4,030.00"
2019-07-24,2019072401005268,ILBS,39,21,10,403.00,"4,030.00"
2019-07-24,2019072401005267,ILBS,39,21,10,403.00,"4,030.00"
2019-07-24,2019072401005250,ILBS,36,51,10,402.00,"4,020.00"
2019-07-24,2019072401005213,ILBS,36,41,10,402.00,"4,020.00"
2019-07-24,2019072401005206,ILBS,36,41,10,402.00,"4,020.00"
2019-07-24,2019072401005262,JBBL,48,5,12,165.00,"1,980.00"
2019-07-24,2019072401005233,JBBL,28,45,10,166.00,"1,660.00"
2019-07-24,2019072401005183,JBBL,48,11,300,165.00,"49,500.00"
2019-07-24,2019072401005182,JBBL,17,11,700,165.00,"115,500.00"
2019-07-24,2019072401005110,JBBL,17,6,280,165.00,"46,200.00"
2019-07-24,2019072401005227,JFL,6,40,300,186.00,"55,800.00"
2019-07-24,2019072401005022,JOSHI,39,33,20,80.00,"1,600.00"
2019-07-24,2019072401005255,KBL,52,58,"5,000",223.00,"1,115,000.00"
2019-07-24,2019072401005074,KRBL,42,53,100,115.00,"11,500.00"
2019-07-24,2019072401005385,KSBBL,1,32,500,160.00,"80,000.00"
2019-07-24,2019072401005448,LBBL,1,52,725,208.00,"150,800.00"
2019-07-24,2019072401005447,LBBL,35,52,76,208.00,"15,808.00"
2019-07-24,2019072401005395,LBBL,35,33,74,208.00,"15,392.00"
2019-07-24,2019072401005394,LBBL,16,33,500,208.00,"104,000.00"
2019-07-24,2019072401005393,LBBL,33,33,325,208.00,"67,600.00"
2019-07-24,2019072401005228,LBBL,33,51,500,208.00,"104,000.00"
2019-07-24,2019072401005209,LBBL,33,51,"1,175",208.00,"244,400.00"
2019-07-24,2019072401005208,LBBL,39,51,100,208.00,"20,800.00"
2019-07-24,2019072401005207,LBBL,25,51,725,208.00,"150,800.00"
2019-07-24,2019072401005179,LBBL,28,41,10,209.00,"2,090.00"
2019-07-24,2019072401005169,LBBL,49,41,200,209.00,"41,800.00"
2019-07-24,2019072401005126,LBBL,47,41,100,209.00,"20,900.00"
2019-07-24,2019072401005341,LBL,52,48,83,228.00,"18,924.00"
2019-07-24,2019072401005340,LBL,16,48,217,228.00,"49,476.00"
2019-07-24,2019072401005323,LBL,16,16,83,228.00,"18,924.00"
2019-07-24,2019072401005322,LBL,25,16,290,228.00,"66,120.00"
2019-07-24,2019072401005321,LBL,58,16,100,228.00,"22,800.00"
2019-07-24,2019072401005320,LBL,48,16,300,228.00,"68,400.00"
2019-07-24,2019072401005319,LBL,45,16,500,228.00,"114,000.00"
2019-07-24,2019072401005318,LBL,57,16,30,228.00,"6,840.00"
2019-07-24,2019072401005317,LBL,34,16,38,228.00,"8,664.00"
2019-07-24,2019072401005143,LBL,11,42,145,229.00,"33,205.00"
2019-07-24,2019072401005142,LBL,11,35,35,229.00,"8,015.00"
2019-07-24,2019072401005141,LBL,11,57,20,229.00,"4,580.00"
2019-07-24,2019072401005364,LICN,16,48,80,"1,586.00","126,880.00"
2019-07-24,2019072401005363,LICN,22,48,100,"1,586.00","158,600.00"
2019-07-24,2019072401005362,LICN,8,48,50,"1,586.00","79,300.00"
2019-07-24,2019072401005361,LICN,16,48,300,"1,587.00","476,100.00"
2019-07-24,2019072401005360,LICN,22,48,20,"1,588.00","31,760.00"
2019-07-24,2019072401005349,LICN,33,5,57,"1,590.00","90,630.00"
2019-07-24,2019072401005166,LICN,14,52,150,"1,591.00","238,650.00"
2019-07-24,2019072401005165,LICN,43,52,50,"1,592.00","79,600.00"
2019-07-24,2019072401005138,LICN,46,48,25,"1,598.00","39,950.00"
2019-07-24,2019072401005109,LICN,34,5,70,"1,597.00","111,790.00"
2019-07-24,2019072401005280,LICN,35,58,17,"1,587.00","26,979.00"
2019-07-24,2019072401005279,LICN,58,58,25,"1,588.00","39,700.00"
2019-07-24,2019072401005240,LICN,54,5,18,"1,590.00","28,620.00"
2019-07-24,2019072401005192,LICN,41,59,100,"1,597.00","159,700.00"
2019-07-24,2019072401005168,LICN,54,52,59,"1,590.00","93,810.00"
2019-07-24,2019072401005167,LICN,16,52,100,"1,591.00","159,100.00"
2019-07-24,2019072401005197,MBL,38,53,110,275.00,"30,250.00"
2019-07-24,2019072401005174,MBL,56,53,500,275.00,"137,500.00"
2019-07-24,2019072401005125,MBL,28,29,400,274.00,"109,600.00"
2019-07-24,2019072401005261,MDB,33,33,50,240.00,"12,000.00"
2019-07-24,2019072401005249,MDB,33,33,50,239.00,"11,950.00"
2019-07-24,2019072401005436,MEGA,59,13,100,217.00,"21,700.00"
2019-07-24,2019072401005375,MEGA,14,25,654,216.00,"141,264.00"
2019-07-24,2019072401005374,MEGA,58,25,50,217.00,"10,850.00"
2019-07-24,2019072401005373,MEGA,35,25,66,217.00,"14,322.00"
2019-07-24,2019072401005365,MEGA,35,5,67,217.00,"14,539.00"
2019-07-24,2019072401005339,MEGA,35,25,31,217.00,"6,727.00"
2019-07-24,2019072401004980,MEGA,35,29,100,217.00,"21,700.00"
2019-07-24,2019072401004979,MEGA,35,29,"1,354",217.00,"293,818.00"
2019-07-24,2019072401005087,MEGA,11,33,500,217.00,"108,500.00"
2019-07-24,2019072401005086,MEGA,11,40,200,217.00,"43,400.00"
2019-07-24,2019072401005085,MEGA,11,53,536,217.00,"116,312.00"
2019-07-24,2019072401005021,MEGA,14,53,151,216.00,"32,616.00"
2019-07-24,2019072401004982,MEGA,35,53,500,217.00,"108,500.00"
2019-07-24,2019072401004981,MEGA,35,53,46,217.00,"9,982.00"
2019-07-24,2019072401005316,MEGA,35,43,336,217.00,"72,912.00"
2019-07-24,2019072401005315,MEGA,14,43,100,217.00,"21,700.00"
2019-07-24,2019072401005314,MEGA,11,43,264,217.00,"57,288.00"
2019-07-24,2019072401005295,MEGA,11,43,"1,500",217.00,"325,500.00"
2019-07-24,2019072401005294,MEGA,3,43,500,217.00,"108,500.00"
2019-07-24,2019072401005134,MEGA,43,48,10,218.00,"2,180.00"
2019-07-24,2019072401005108,MERO,32,54,10,530.00,"5,300.00"
2019-07-24,2019072401005432,MHNL,20,51,30,101.00,"3,030.00"
2019-07-24,2019072401005020,MHNL,20,29,30,101.00,"3,030.00"
2019-07-24,2019072401005019,MHNL,6,29,30,101.00,"3,030.00"
2019-07-24,2019072401005018,MHNL,59,29,300,101.00,"30,300.00"
2019-07-24,2019072401005017,MHNL,59,29,40,102.00,"4,080.00"
2019-07-24,2019072401005016,MHNL,59,29,300,102.00,"30,600.00"
2019-07-24,2019072401005015,MHNL,59,29,300,102.00,"30,600.00"
2019-07-24,2019072401005155,MLBBL,45,34,10,428.00,"4,280.00"
2019-07-24,2019072401004985,MLBBL,29,48,50,420.00,"21,000.00"
2019-07-24,2019072401005408,MLBL,45,58,70,204.00,"14,280.00"
2019-07-24,2019072401005263,MNBBLP,35,33,"20,000",187.00,"3,740,000.00"
2019-07-24,2019072401005210,NABIL,5,16,10,814.00,"8,140.00"
2019-07-24,2019072401005137,NABIL,55,44,50,813.00,"40,650.00"
2019-07-24,2019072401005099,NABIL,5,44,10,813.00,"8,130.00"
2019-07-24,2019072401005336,NADEP,52,58,20,432.00,"8,640.00"
2019-07-24,2019072401005335,NADEP,52,57,35,432.00,"15,120.00"
2019-07-24,2019072401005332,NADEP,51,57,500,432.00,"216,000.00"
2019-07-24,2019072401005331,NADEP,55,57,40,433.00,"17,320.00"
2019-07-24,2019072401005278,NADEP,52,43,86,440.00,"37,840.00"
2019-07-24,2019072401005277,NADEP,52,43,54,439.00,"23,706.00"
2019-07-24,2019072401005276,NADEP,52,48,20,439.00,"8,780.00"
2019-07-24,2019072401005275,NADEP,52,34,20,439.00,"8,780.00"
2019-07-24,2019072401005274,NADEP,52,57,20,437.00,"8,740.00"
2019-07-24,2019072401005243,NADEP,55,39,10,433.00,"4,330.00"
2019-07-24,2019072401005184,NADEP,55,47,20,431.00,"8,620.00"
2019-07-24,2019072401005446,NAGRO,51,21,10,528.00,"5,280.00"
2019-07-24,2019072401005443,NBB,47,32,571,228.00,"130,188.00"
2019-07-24,2019072401005442,NBB,25,32,180,228.00,"41,040.00"
2019-07-24,2019072401005370,NBB,13,53,500,229.00,"114,500.00"
2019-07-24,2019072401005231,NBB,25,53,500,229.00,"114,500.00"
2019-07-24,2019072401005046,NBB,29,44,200,229.00,"45,800.00"
2019-07-24,2019072401005045,NBB,29,53,151,229.00,"34,579.00"
2019-07-24,2019072401005188,NBB,5,32,300,229.00,"68,700.00"
2019-07-24,2019072401005187,NBB,29,32,149,229.00,"34,121.00"
2019-07-24,2019072401005156,NBB,29,11,500,229.00,"114,500.00"
2019-07-24,2019072401005359,NBL,25,48,200,349.00,"69,800.00"
2019-07-24,2019072401005358,NBL,25,36,50,349.00,"17,450.00"
2019-07-24,2019072401005357,NBL,25,14,500,349.00,"174,500.00"
2019-07-24,2019072401005356,NBL,25,4,570,349.00,"198,930.00"
2019-07-24,2019072401005283,NBL,57,4,430,349.00,"150,070.00"
2019-07-24,2019072401005282,NBL,57,34,70,349.00,"24,430.00"
2019-07-24,2019072401004978,NBL,45,34,"1,000",349.00,"349,000.00"
2019-07-24,2019072401004977,NBL,29,34,500,349.00,"174,500.00"
2019-07-24,2019072401004976,NBL,25,34,"1,000",349.00,"349,000.00"
2019-07-24,2019072401004975,NBL,21,34,650,349.00,"226,850.00"
2019-07-24,2019072401004963,NBL,21,49,50,349.00,"17,450.00"
2019-07-24,2019072401005241,NBL,17,34,280,349.00,"97,720.00"
2019-07-24,2019072401005217,NBL,25,47,50,348.00,"17,400.00"
2019-07-24,2019072401005200,NBL,1,34,200,349.00,"69,800.00"
2019-07-24,2019072401005171,NBL,35,34,100,349.00,"34,900.00"
2019-07-24,2019072401005124,NBL,25,14,79,348.00,"27,492.00"
2019-07-24,2019072401004990,NBL,32,34,200,349.00,"69,800.00"
2019-07-24,2019072401005226,NCCB,58,51,10,255.00,"2,550.00"
2019-07-24,2019072401005195,NCCB,47,57,500,254.00,"127,000.00"
2019-07-24,2019072401005177,NCCB,47,37,443,254.00,"112,522.00"
2019-07-24,2019072401005176,NCCB,33,37,157,254.00,"39,878.00"
2019-07-24,2019072401005161,NCCB,33,21,100,254.00,"25,400.00"
2019-07-24,2019072401005145,NCCB,33,36,443,254.00,"112,522.00"
2019-07-24,2019072401005136,NCCB,33,44,300,254.00,"76,200.00"
2019-07-24,2019072401005460,NEF,11,39,483,8.40,"4,057.20"
2019-07-24,2019072401005386,NIB,36,50,28,525.00,"14,700.00"
2019-07-24,2019072401005354,NIB,36,34,36,525.00,"18,900.00"
2019-07-24,2019072401005095,NIB,1,44,600,525.00,"315,000.00"
2019-07-24,2019072401004994,NIB,34,44,50,525.00,"26,250.00"
2019-07-24,2019072401005415,NIBPO,6,39,"2,000",477.00,"954,000.00"
2019-07-24,2019072401005330,NIBPO,35,39,200,477.00,"95,400.00"
2019-07-24,2019072401005225,NIBPO,34,4,100,478.00,"47,800.00"
2019-07-24,2019072401005191,NIBPO,6,48,890,479.00,"426,310.00"
2019-07-24,2019072401005151,NIBPO,13,48,10,479.00,"4,790.00"
2019-07-24,2019072401005150,NIBPO,13,32,20,478.00,"9,560.00"
2019-07-24,2019072401005433,NICA,57,28,50,475.00,"23,750.00"
2019-07-24,2019072401005333,NICA,33,50,100,475.00,"47,500.00"
2019-07-24,2019072401005281,NICA,38,50,500,475.00,"237,500.00"
2019-07-24,2019072401005172,NICA,28,40,10,475.00,"4,750.00"
2019-07-24,2019072401005163,NICA,41,40,100,475.00,"47,500.00"
2019-07-24,2019072401005073,NICA,21,22,400,476.00,"190,400.00"
2019-07-24,2019072401005072,NICA,21,5,100,476.00,"47,600.00"
2019-07-24,2019072401005071,NICA,21,21,100,476.00,"47,600.00"
2019-07-24,2019072401005070,NICA,21,55,400,476.00,"190,400.00"
2019-07-24,2019072401005069,NICA,33,17,129,474.00,"61,146.00"
2019-07-24,2019072401005401,NLBBL,32,47,54,531.00,"28,674.00"
2019-07-24,2019072401005380,NLBBL,32,41,40,531.00,"21,240.00"
2019-07-24,2019072401005368,NLBBL,32,53,100,531.00,"53,100.00"
2019-07-24,2019072401005353,NLBBL,36,28,249,533.00,"132,717.00"
2019-07-24,2019072401005352,NLBBL,50,28,100,534.00,"53,400.00"
2019-07-24,2019072401005351,NLBBL,42,28,151,534.00,"80,634.00"
2019-07-24,2019072401005293,NLBBL,42,37,49,534.00,"26,166.00"
2019-07-24,2019072401005252,NLBBL,58,34,10,535.00,"5,350.00"
2019-07-24,2019072401005223,NLBBL,58,34,200,535.00,"107,000.00"
2019-07-24,2019072401005056,NLG,6,42,185,717.00,"132,645.00"
2019-07-24,2019072401005055,NLG,11,42,35,717.00,"25,095.00"
2019-07-24,2019072401005054,NLG,1,42,30,717.00,"21,510.00"
2019-07-24,2019072401005053,NLG,29,42,50,720.00,"36,000.00"
2019-07-24,2019072401005154,NLIC,51,4,20,890.00,"17,800.00"
2019-07-24,2019072401005098,NLIC,50,20,17,889.00,"15,113.00"
2019-07-24,2019072401005082,NLIC,50,42,76,889.00,"67,564.00"
2019-07-24,2019072401005081,NLIC,35,42,50,889.00,"44,450.00"
2019-07-24,2019072401005080,NLIC,39,42,50,889.00,"44,450.00"
2019-07-24,2019072401005079,NLIC,21,42,100,889.00,"88,900.00"
2019-07-24,2019072401005078,NLIC,59,42,50,889.00,"44,450.00"
2019-07-24,2019072401005077,NLIC,26,42,74,889.00,"65,786.00"
2019-07-24,2019072401005033,NLIC,26,17,26,889.00,"23,114.00"
2019-07-24,2019072401005041,NLICL,35,49,39,597.00,"23,283.00"
2019-07-24,2019072401005026,NLICL,35,49,60,598.00,"35,880.00"
2019-07-24,2019072401005025,NLICL,35,49,25,598.00,"14,950.00"
2019-07-24,2019072401005024,NLICL,59,49,235,598.00,"140,530.00"
2019-07-24,2019072401005023,NLICL,11,49,35,599.00,"20,965.00"
2019-07-24,2019072401005004,NLICL,22,22,330,600.00,"198,000.00"
2019-07-24,2019072401005003,NLICL,22,17,631,600.00,"378,600.00"
2019-07-24,2019072401005459,NTC,45,49,10,693.00,"6,930.00"
2019-07-24,2019072401005458,NTC,42,49,100,693.00,"69,300.00"
2019-07-24,2019072401005060,NTC,57,8,500,696.00,"348,000.00"
2019-07-24,2019072401005059,NTC,41,8,200,697.00,"139,400.00"
2019-07-24,2019072401005058,NTC,14,8,20,697.00,"13,940.00"
2019-07-24,2019072401005049,NTC,34,43,50,699.00,"34,950.00"
2019-07-24,2019072401005063,NTC,45,8,100,694.00,"69,400.00"
2019-07-24,2019072401005062,NTC,57,8,300,695.00,"208,500.00"
2019-07-24,2019072401005061,NTC,57,8,100,695.00,"69,500.00"
2019-07-24,2019072401005189,PCBL,28,1,10,291.00,"2,910.00"
2019-07-24,2019072401005180,PCBL,36,1,140,291.00,"40,740.00"
2019-07-24,2019072401005101,PCBL,35,18,150,290.00,"43,500.00"
2019-07-24,2019072401005377,PIC,20,6,82,490.00,"40,180.00"
2019-07-24,2019072401005376,PIC,20,5,18,490.00,"8,820.00"
2019-07-24,2019072401005434,PPCL,6,28,10,140.00,"1,400.00"
2019-07-24,2019072401005410,PPCL,6,56,10,138.00,"1,380.00"
2019-07-24,2019072401005409,PPCL,6,52,20,138.00,"2,760.00"
2019-07-24,2019072401005399,PPCL,6,48,30,137.00,"4,110.00"
2019-07-24,2019072401005398,PPCL,6,32,100,136.00,"13,600.00"
2019-07-24,2019072401005424,PRVU,5,33,300,279.00,"83,700.00"
2019-07-24,2019072401005423,PRVU,38,33,"1,500",279.00,"418,500.00"
2019-07-24,2019072401005422,PRVU,57,33,500,279.00,"139,500.00"
2019-07-24,2019072401005421,PRVU,1,33,500,279.00,"139,500.00"
2019-07-24,2019072401005420,PRVU,28,33,"1,500",279.00,"418,500.00"
2019-07-24,2019072401005419,PRVU,35,33,153,279.00,"42,687.00"
2019-07-24,2019072401005346,PRVU,35,56,247,279.00,"68,913.00"
2019-07-24,2019072401005220,PRVU,35,14,100,279.00,"27,900.00"
2019-07-24,2019072401005199,PRVU,38,34,60,280.00,"16,800.00"
2019-07-24,2019072401005198,PRVU,38,17,140,280.00,"39,200.00"
2019-07-24,2019072401005256,RADHI,4,22,33,150.00,"4,950.00"
2019-07-24,2019072401005040,RBCL,42,38,10,"9,549.00","95,490.00"
2019-07-24,2019072401005222,RHPC,58,40,10,91.00,910.00
2019-07-24,2019072401005441,RMDC,22,53,85,682.00,"57,970.00"
2019-07-24,2019072401005431,RMDC,22,6,200,682.00,"136,400.00"
2019-07-24,2019072401005430,RMDC,22,1,100,682.00,"68,200.00"
2019-07-24,2019072401005429,RMDC,22,6,132,681.00,"89,892.00"
2019-07-24,2019072401005428,RMDC,22,56,30,681.00,"20,430.00"
2019-07-24,2019072401005427,RMDC,22,48,51,680.00,"34,680.00"
2019-07-24,2019072401005426,RMDC,22,48,51,680.00,"34,680.00"
2019-07-24,2019072401005425,RMDC,22,48,51,680.00,"34,680.00"
2019-07-24,2019072401005042,RSDC,45,7,100,350.00,"35,000.00"
2019-07-24,2019072401005132,SADBL,58,17,10,158.00,"1,580.00"
2019-07-24,2019072401005153,SANIMA,38,59,200,357.00,"71,400.00"
2019-07-24,2019072401005014,SANIMA,16,26,116,355.00,"41,180.00"
2019-07-24,2019072401005005,SANIMA,16,17,658,355.00,"233,590.00"
2019-07-24,2019072401005413,SBI,49,16,800,479.00,"383,200.00"
2019-07-24,2019072401005412,SBI,14,16,200,479.00,"95,800.00"
2019-07-24,2019072401005383,SBI,56,16,500,480.00,"240,000.00"
2019-07-24,2019072401005308,SBL,14,16,700,328.00,"229,600.00"
2019-07-24,2019072401005251,SBL,14,38,300,328.00,"98,400.00"
2019-07-24,2019072401005173,SBL,18,29,247,328.00,"81,016.00"
2019-07-24,2019072401004972,SBL,51,28,300,328.00,"98,400.00"
2019-07-24,2019072401004971,SBL,51,28,"1,000",328.00,"328,000.00"
2019-07-24,2019072401004970,SBL,45,28,200,328.00,"65,600.00"
2019-07-24,2019072401005440,SCB,29,52,14,686.00,"9,604.00"
2019-07-24,2019072401005140,SCB,29,21,12,686.00,"8,232.00"
2019-07-24,2019072401005096,SCB,49,49,20,685.00,"13,700.00"
2019-07-24,2019072401005094,SCB,14,3,430,684.00,"294,120.00"
2019-07-24,2019072401005013,SCB,40,40,4,684.00,"2,736.00"
2019-07-24,2019072401004993,SDESI,59,58,22,630.00,"13,860.00"
2019-07-24,2019072401004992,SDESI,59,42,51,620.00,"31,620.00"
2019-07-24,2019072401004991,SDESI,59,35,27,619.00,"16,713.00"
2019-07-24,2019072401005068,SEF,49,13,"1,500",10.14,"15,210.00"
2019-07-24,2019072401005067,SEF,25,13,"1,000",10.14,"10,140.00"
2019-07-24,2019072401005355,SHINE,26,45,30,256.00,"7,680.00"
2019-07-24,2019072401005272,SHINE,57,45,50,256.00,"12,800.00"
2019-07-24,2019072401005462,SHIVM,56,26,"1,000",623.00,"623,000.00"
2019-07-24,2019072401005461,SHIVM,52,26,40,623.00,"24,920.00"
2019-07-24,2019072401005382,SHIVM,34,34,200,624.00,"124,800.00"
2019-07-24,2019072401005381,SHIVM,49,34,470,624.00,"293,280.00"
2019-07-24,2019072401005348,SHIVM,49,19,30,624.00,"18,720.00"
2019-07-24,2019072401005347,SHIVM,29,19,20,624.00,"12,480.00"
2019-07-24,2019072401005097,SHIVM,43,38,100,625.00,"62,500.00"
2019-07-24,2019072401005039,SHIVM,43,42,200,625.00,"125,000.00"
2019-07-24,2019072401005029,SHIVM,43,41,100,625.00,"62,500.00"
2019-07-24,2019072401005242,SHIVM,29,38,30,624.00,"18,720.00"
2019-07-24,2019072401005201,SHIVM,29,47,50,624.00,"31,200.00"
2019-07-24,2019072401005123,SHIVM,47,34,60,625.00,"37,500.00"
2019-07-24,2019072401005113,SHIVM,47,26,40,625.00,"25,000.00"
2019-07-24,2019072401005112,SHIVM,36,26,30,625.00,"18,750.00"
2019-07-24,2019072401005111,SHIVM,43,26,430,625.00,"268,750.00"
2019-07-24,2019072401005402,SHPC,37,46,50,250.00,"12,500.00"
2019-07-24,2019072401005392,SHPC,42,46,300,251.00,"75,300.00"
2019-07-24,2019072401005122,SHPC,37,38,500,250.00,"125,000.00"
2019-07-24,2019072401005388,SLBSL,57,51,10,594.00,"5,940.00"
2019-07-24,2019072401005378,SLBSL,57,51,10,594.00,"5,940.00"
2019-07-24,2019072401005371,SLBSL,57,51,10,594.00,"5,940.00"
2019-07-24,2019072401005117,SLBSL,1,20,10,592.00,"5,920.00"
2019-07-24,2019072401005404,SLICL,58,34,50,468.00,"23,400.00"
2019-07-24,2019072401005245,SLICL,44,56,372,467.00,"173,724.00"
2019-07-24,2019072401005244,SLICL,44,22,30,467.00,"14,010.00"
2019-07-24,2019072401005051,SLICL,44,5,78,466.00,"36,348.00"
2019-07-24,2019072401005215,SLICL,58,22,50,467.00,"23,350.00"
2019-07-24,2019072401005211,SLICL,44,52,300,466.00,"139,800.00"
2019-07-24,2019072401005052,SLICL,44,34,80,466.00,"37,280.00"
2019-07-24,2019072401005130,SMB,35,40,10,414.00,"4,140.00"
2019-07-24,2019072401005238,SMFBS,39,59,100,508.00,"50,800.00"
2019-07-24,2019072401005237,SMFBS,52,59,50,508.00,"25,400.00"
2019-07-24,2019072401005236,SMFBS,22,59,100,509.00,"50,900.00"
2019-07-24,2019072401005235,SMFBS,18,59,10,510.00,"5,100.00"
2019-07-24,2019072401005234,SMFBS,52,59,30,510.00,"15,300.00"
2019-07-24,2019072401005149,SMFBS,52,45,10,510.00,"5,100.00"
2019-07-24,2019072401005037,SMFBS,52,41,10,510.00,"5,100.00"
2019-07-24,2019072401005343,SRBL,49,5,107,257.00,"27,499.00"
2019-07-24,2019072401005144,SRBL,58,28,"1,000",258.00,"258,000.00"
2019-07-24,2019072401004974,SRBL,49,44,200,258.00,"51,600.00"
2019-07-24,2019072401005311,TRH,14,7,81,320.00,"25,920.00"
2019-07-24,2019072401005133,TRH,14,1,210,320.00,"67,200.00"
2019-07-24,2019072401005313,UIC,46,17,25,889.00,"22,225.00"
2019-07-24,2019072401005306,UIC,38,17,20,885.00,"17,700.00"
2019-07-24,2019072401005305,UIC,45,17,50,885.00,"44,250.00"
2019-07-24,2019072401005265,UIC,17,17,10,889.00,"8,890.00"
2019-07-24,2019072401005257,UIC,17,17,10,889.00,"8,890.00"
2019-07-24,2019072401005230,UIC,34,58,100,887.00,"88,700.00"
2019-07-24,2019072401005229,UIC,14,58,100,887.00,"88,700.00"
2019-07-24,2019072401005214,UIC,17,17,10,889.00,"8,890.00"
2019-07-24,2019072401005193,UIC,17,17,25,889.00,"22,225.00"
2019-07-24,2019072401005170,UIC,17,17,10,889.00,"8,890.00"
2019-07-24,2019072401005162,UIC,17,17,10,889.00,"8,890.00"
2019-07-24,2019072401005047,UIC,1,17,25,889.00,"22,225.00"
2019-07-24,2019072401005127,UPCL,47,20,50,88.00,"4,400.00"
2019-07-24,2019072401005450,UPPER,35,10,50,283.00,"14,150.00"
2019-07-24,2019072401005403,UPPER,35,5,146,283.00,"41,318.00"
2019-07-24,2019072401005246,UPPER,35,58,40,283.00,"11,320.00"
2019-07-24,2019072401005205,UPPER,35,47,40,283.00,"11,320.00"
2019-07-24,2019072401005129,UPPER,35,26,531,283.00,"150,273.00"
2019-07-24,2019072401005128,UPPER,53,26,469,283.00,"132,727.00"
2019-07-24,2019072401004984,UPPER,53,40,170,283.00,"48,110.00"
2019-07-24,2019072401004983,UPPER,49,40,330,283.00,"93,390.00"
2019-07-24,2019072401004912,ADBL,17,40,36,432.00,"15,552.00"
2019-07-24,2019072401004902,ADBL,52,44,500,433.00,"216,500.00"
2019-07-24,2019072401004901,ADBL,26,44,300,433.00,"129,900.00"
2019-07-24,2019072401004780,ADBL,3,44,200,434.00,"86,800.00"
2019-07-24,2019072401004721,ADBL,17,57,20,432.00,"8,640.00"
2019-07-24,2019072401004622,ADBL,17,43,294,433.00,"127,302.00"
2019-07-24,2019072401004621,ADBL,17,42,"1,000",433.00,"433,000.00"
2019-07-24,2019072401004620,ADBL,17,42,95,433.00,"41,135.00"
2019-07-24,2019072401004619,ADBL,17,46,180,433.00,"77,940.00"
2019-07-24,2019072401004618,ADBL,17,40,57,433.00,"24,681.00"
2019-07-24,2019072401004605,ADBL,33,44,"2,000",432.00,"864,000.00"
2019-07-24,2019072401004545,AKPL,38,58,513,178.00,"91,314.00"
2019-07-24,2019072401004774,ALICL,21,26,94,380.00,"35,720.00"
2019-07-24,2019072401004681,ALICL,44,34,890,381.00,"339,090.00"
2019-07-24,2019072401004680,ALICL,44,28,200,380.00,"76,000.00"
2019-07-24,2019072401004570,ALICL,21,19,99,380.00,"37,620.00"
2019-07-24,2019072401004569,ALICL,14,19,400,380.00,"152,000.00"
2019-07-24,2019072401004549,API,25,32,50,143.00,"7,150.00"
2019-07-24,2019072401004548,API,25,7,300,142.00,"42,600.00"
2019-07-24,2019072401004466,BARUN,56,17,100,95.00,"9,500.00"
2019-07-24,2019072401004465,BARUN,56,19,20,95.00,"1,900.00"
2019-07-24,2019072401004763,BOKL,16,1,279,275.00,"76,725.00"
2019-07-24,2019072401004762,BOKL,16,34,548,275.00,"150,700.00"
2019-07-24,2019072401004731,BOKL,16,34,452,275.00,"124,300.00"
2019-07-24,2019072401004730,BOKL,16,45,198,275.00,"54,450.00"
2019-07-24,2019072401004729,BOKL,16,39,500,275.00,"137,500.00"
2019-07-24,2019072401004728,BOKL,16,26,100,275.00,"27,500.00"
2019-07-24,2019072401004628,BOKL,16,49,887,274.00,"243,038.00"
2019-07-24,2019072401004591,BOKL,16,56,100,274.00,"27,400.00"
2019-07-24,2019072401004512,BOKL,45,40,100,275.00,"27,500.00"
2019-07-24,2019072401004649,BOKL,20,57,30,275.00,"8,250.00"
2019-07-24,2019072401004648,BOKL,20,28,100,275.00,"27,500.00"
2019-07-24,2019072401004647,BOKL,20,43,470,275.00,"129,250.00"
2019-07-24,2019072401004646,BOKL,20,39,100,275.00,"27,500.00"
2019-07-24,2019072401004645,BOKL,20,40,300,275.00,"82,500.00"
2019-07-24,2019072401004629,BOKL,17,49,113,274.00,"30,962.00"
2019-07-24,2019072401004713,BOKL,48,22,10,274.00,"2,740.00"
2019-07-24,2019072401004712,BOKL,17,22,37,274.00,"10,138.00"
2019-07-24,2019072401004711,BOKL,17,45,100,274.00,"27,400.00"
2019-07-24,2019072401004695,BOKL,35,4,80,275.00,"22,000.00"
2019-07-24,2019072401004694,BOKL,35,57,100,275.00,"27,500.00"
2019-07-24,2019072401004693,BOKL,35,57,70,275.00,"19,250.00"
2019-07-24,2019072401004727,BOKL,16,45,30,275.00,"8,250.00"
2019-07-24,2019072401004726,BOKL,16,36,50,275.00,"13,750.00"
2019-07-24,2019072401004725,BOKL,16,16,200,275.00,"55,000.00"
2019-07-24,2019072401004724,BOKL,16,16,200,275.00,"55,000.00"
2019-07-24,2019072401004723,BOKL,16,4,20,275.00,"5,500.00"
2019-07-24,2019072401004714,BOKL,46,22,153,274.00,"41,922.00"
2019-07-24,2019072401004756,BPCL,43,35,77,408.00,"31,416.00"
2019-07-24,2019072401004959,CBBL,36,34,200,"1,003.00","200,600.00"
2019-07-24,2019072401004559,CBBL,21,34,500,"1,003.00","501,500.00"
2019-07-24,2019072401004892,CBL,28,36,"1,772",161.00,"285,292.00"
2019-07-24,2019072401004891,CBL,51,36,200,161.00,"32,200.00"
2019-07-24,2019072401004890,CBL,28,36,"2,000",161.00,"322,000.00"
2019-07-24,2019072401004889,CBL,57,36,200,161.00,"32,200.00"
2019-07-24,2019072401004888,CBL,35,36,"1,000",161.00,"161,000.00"
2019-07-24,2019072401004887,CBL,41,36,400,161.00,"64,400.00"
2019-07-24,2019072401004550,CBL,45,54,300,162.00,"48,600.00"
2019-07-24,2019072401004541,CBL,14,54,111,162.00,"17,982.00"
2019-07-24,2019072401004540,CBL,14,41,89,162.00,"14,418.00"
2019-07-24,2019072401004527,CBL,14,41,111,162.00,"17,982.00"
2019-07-24,2019072401004526,CBL,14,44,89,162.00,"14,418.00"
2019-07-24,2019072401004886,CBL,58,36,428,161.00,"68,908.00"
2019-07-24,2019072401004867,CBL,17,54,400,162.00,"64,800.00"
2019-07-24,2019072401004788,CBL,57,54,50,162.00,"8,100.00"
2019-07-24,2019072401004760,CBL,58,47,72,161.00,"11,592.00"
2019-07-24,2019072401004759,CBL,39,47,428,161.00,"68,908.00"
2019-07-24,2019072401004572,CBL,39,38,92,161.00,"14,812.00"
2019-07-24,2019072401004923,CCBL,37,38,300,179.00,"53,700.00"
2019-07-24,2019072401004922,CCBL,57,38,66,179.00,"11,814.00"
2019-07-24,2019072401004921,CCBL,35,38,200,179.00,"35,800.00"
2019-07-24,2019072401004920,CCBL,57,38,200,179.00,"35,800.00"
2019-07-24,2019072401004919,CCBL,35,38,944,179.00,"168,976.00"
2019-07-24,2019072401004705,CCBL,35,38,35,179.00,"6,265.00"
2019-07-24,2019072401004655,CCBL,47,43,10,180.00,"1,800.00"
2019-07-24,2019072401004617,CCBL,35,43,280,180.00,"50,400.00"
2019-07-24,2019072401004616,CCBL,35,56,30,180.00,"5,400.00"
2019-07-24,2019072401004615,CCBL,35,33,190,180.00,"34,200.00"
2019-07-24,2019072401004608,CCBL,35,35,21,179.00,"3,759.00"
2019-07-24,2019072401004874,CHCL,39,43,250,512.00,"128,000.00"
2019-07-24,2019072401004873,CHCL,21,43,100,512.00,"51,200.00"
2019-07-24,2019072401004872,CHCL,17,43,200,512.00,"102,400.00"
2019-07-24,2019072401004871,CHCL,29,43,30,513.00,"15,390.00"
2019-07-24,2019072401004870,CHCL,42,43,50,513.00,"25,650.00"
2019-07-24,2019072401004869,CHCL,3,43,85,513.00,"43,605.00"
2019-07-24,2019072401004685,CZBIL,14,17,50,233.00,"11,650.00"
2019-07-24,2019072401004881,DBBL,38,52,267,150.00,"40,050.00"
2019-07-24,2019072401004880,DBBL,38,26,233,150.00,"34,950.00"
2019-07-24,2019072401004596,DBBL,44,55,185,149.00,"27,565.00"
2019-07-24,2019072401004595,DBBL,32,55,"1,000",149.00,"149,000.00"
2019-07-24,2019072401004594,DBBL,57,55,315,149.00,"46,935.00"
2019-07-24,2019072401004561,DBBL,57,57,50,149.00,"7,450.00"
2019-07-24,2019072401004538,DBBL,48,26,"1,767",150.00,"265,050.00"
2019-07-24,2019072401004537,DBBL,48,13,98,150.00,"14,700.00"
2019-07-24,2019072401004536,DBBL,48,55,135,150.00,"20,250.00"
2019-07-24,2019072401004513,DBBL,57,55,500,150.00,"75,000.00"
2019-07-24,2019072401004710,DDBL,33,52,216,771.00,"166,536.00"
2019-07-24,2019072401004510,DDBL,26,39,50,773.00,"38,650.00"
2019-07-24,2019072401004503,DDBL,33,52,100,770.00,"77,000.00"
2019-07-24,2019072401004953,DHPL,7,45,350,69.00,"24,150.00"
2019-07-24,2019072401004862,DHPL,34,45,100,69.00,"6,900.00"
2019-07-24,2019072401004907,EBL,13,13,100,688.00,"68,800.00"
2019-07-24,2019072401004868,EBL,38,16,60,689.00,"41,340.00"
2019-07-24,2019072401004827,EBL,38,8,100,688.00,"68,800.00"
2019-07-24,2019072401004818,EBL,38,44,50,688.00,"34,400.00"
2019-07-24,2019072401004769,EBL,5,38,300,687.00,"206,100.00"
2019-07-24,2019072401004589,EBL,19,38,15,684.00,"10,260.00"
2019-07-24,2019072401004576,EBL,51,58,50,685.00,"34,250.00"
2019-07-24,2019072401004575,EBL,52,58,10,685.00,"6,850.00"
2019-07-24,2019072401004673,EBL,38,25,150,686.00,"102,900.00"
2019-07-24,2019072401004672,EBL,38,58,140,685.00,"95,900.00"
2019-07-24,2019072401004807,FMDBL,38,49,286,394.00,"112,684.00"
2019-07-24,2019072401004806,FMDBL,38,38,100,394.00,"39,400.00"
2019-07-24,2019072401004805,FMDBL,38,58,114,394.00,"44,916.00"
2019-07-24,2019072401004804,FMDBL,47,38,50,394.00,"19,700.00"
2019-07-24,2019072401004885,GBBL,48,42,100,230.00,"23,000.00"
2019-07-24,2019072401004884,GBBL,48,32,75,230.00,"17,250.00"
2019-07-24,2019072401004883,GBBL,48,14,52,230.00,"11,960.00"
2019-07-24,2019072401004773,GBBL,38,14,34,230.00,"7,820.00"
2019-07-24,2019072401004772,GBBL,38,28,161,230.00,"37,030.00"
2019-07-24,2019072401004771,GBBL,38,34,55,229.00,"12,595.00"
2019-07-24,2019072401004770,GBBL,38,40,250,229.00,"57,250.00"
2019-07-24,2019072401004757,GBBL,48,40,250,229.00,"57,250.00"
2019-07-24,2019072401004658,GBBL,32,21,193,228.00,"44,004.00"
2019-07-24,2019072401004657,GBBL,39,21,500,228.00,"114,000.00"
2019-07-24,2019072401004754,GBLBS,50,18,430,356.00,"153,080.00"
2019-07-24,2019072401004743,GBLBS,21,13,480,354.00,"169,920.00"
