Date,Transact. No.,Symbol,Buyer,Seller,Quantity,Rate,Amount
2019-02-21,2019022101007074,ADBL,43,14,200,333.00,"66,600.00"
2019-02-21,2019022101007053,ADBL,35,14,50,334.00,"16,700.00"
2019-02-21,2019022101006959,ADBL,26,14,"1,500",333.00,"499,500.00"
2019-02-21,2019022101006958,ADBL,26,14,66,334.00,"22,044.00"
2019-02-21,2019022101006860,ADBL,26,33,500,334.00,"167,000.00"
2019-02-21,2019022101006827,ADBL,26,57,500,333.00,"166,500.00"
2019-02-21,2019022101006919,ADBL,26,14,500,334.00,"167,000.00"
2019-02-21,2019022101006912,ADBL,45,34,20,335.00,"6,700.00"
2019-02-21,2019022101006870,ADBL,26,49,200,334.00,"66,800.00"
2019-02-21,2019022101006868,ADBL,26,21,30,334.00,"10,020.00"
2019-02-21,2019022101006861,ADBL,26,53,204,334.00,"68,136.00"
2019-02-21,2019022101006946,AKJCL,22,48,20,78.00,"1,560.00"
2019-02-21,2019022101006933,AKJCL,22,48,10,78.00,780.00
2019-02-21,2019022101006917,AKJCL,45,48,20,79.00,"1,580.00"
2019-02-21,2019022101006907,AKJCL,45,48,10,79.00,790.00
2019-02-21,2019022101006895,AKJCL,22,48,20,79.00,"1,580.00"
2019-02-21,2019022101006885,AKJCL,22,48,20,79.00,"1,580.00"
2019-02-21,2019022101006791,AKJCL,22,48,10,79.00,790.00
2019-02-21,2019022101006785,AKJCL,22,48,20,79.00,"1,580.00"
2019-02-21,2019022101006775,AKJCL,6,48,10,80.00,800.00
2019-02-21,2019022101006763,AKJCL,22,48,20,79.00,"1,580.00"
2019-02-21,2019022101006750,AKJCL,22,48,20,79.00,"1,580.00"
2019-02-21,2019022101006663,AKJCL,22,42,20,79.00,"1,580.00"
2019-02-21,2019022101006859,AKJCL,22,48,20,79.00,"1,580.00"
2019-02-21,2019022101006849,AKJCL,22,48,20,79.00,"1,580.00"
2019-02-21,2019022101006843,AKJCL,22,48,10,79.00,790.00
2019-02-21,2019022101006828,AKJCL,22,48,20,79.00,"1,580.00"
2019-02-21,2019022101006816,AKJCL,22,48,10,79.00,790.00
2019-02-21,2019022101006800,AKJCL,22,48,10,79.00,790.00
2019-02-21,2019022101007125,ALICL,35,49,50,570.00,"28,500.00"
2019-02-21,2019022101007062,ALICL,35,57,140,570.00,"79,800.00"
2019-02-21,2019022101007061,ALICL,41,57,10,571.00,"5,710.00"
2019-02-21,2019022101006953,AMFI,25,39,10,693.00,"6,930.00"
2019-02-21,2019022101006759,AMFI,55,55,10,690.00,"6,900.00"
2019-02-21,2019022101006666,AMFI,57,37,10,691.00,"6,910.00"
2019-02-21,2019022101006665,AMFI,57,45,10,690.00,"6,900.00"
2019-02-21,2019022101007071,API,34,58,150,126.00,"18,900.00"
2019-02-21,2019022101007070,API,34,1,150,126.00,"18,900.00"
2019-02-21,2019022101006931,API,26,1,300,126.00,"37,800.00"
2019-02-21,2019022101006689,API,42,45,500,125.00,"62,500.00"
2019-02-21,2019022101006691,API,16,45,"1,302",125.00,"162,750.00"
2019-02-21,2019022101006690,API,29,45,100,125.00,"12,500.00"
2019-02-21,2019022101006886,API,25,1,50,126.00,"6,300.00"
2019-02-21,2019022101007018,BARUN,26,39,200,94.00,"18,800.00"
2019-02-21,2019022101007100,BOKL,28,33,145,242.00,"35,090.00"
2019-02-21,2019022101007099,BOKL,38,33,200,242.00,"48,400.00"
2019-02-21,2019022101006995,BPCL,11,21,200,345.00,"69,000.00"
2019-02-21,2019022101006915,BPCL,45,55,20,343.00,"6,860.00"
2019-02-21,2019022101006872,BPCL,21,55,20,345.00,"6,900.00"
2019-02-21,2019022101006864,BPCL,21,55,20,345.00,"6,900.00"
2019-02-21,2019022101006854,BPCL,21,45,20,345.00,"6,900.00"
2019-02-21,2019022101006773,BPCL,21,55,20,345.00,"6,900.00"
2019-02-21,2019022101007077,CBBL,38,32,40,871.00,"34,840.00"
2019-02-21,2019022101007065,CBBL,14,32,100,871.00,"87,100.00"
2019-02-21,2019022101007063,CBBL,38,32,27,871.00,"23,517.00"
2019-02-21,2019022101007045,CBBL,17,32,50,871.00,"43,550.00"
2019-02-21,2019022101007041,CBBL,38,28,25,873.00,"21,825.00"
2019-02-21,2019022101007035,CBBL,17,45,100,871.00,"87,100.00"
2019-02-21,2019022101006724,CBBL,38,32,40,875.00,"35,000.00"
2019-02-21,2019022101006716,CBBL,38,32,42,875.00,"36,750.00"
2019-02-21,2019022101006669,CBBL,38,25,22,875.00,"19,250.00"
2019-02-21,2019022101006657,CBBL,38,25,35,875.00,"30,625.00"
2019-02-21,2019022101006764,CBBL,38,51,40,874.00,"34,960.00"
2019-02-21,2019022101006758,CBBL,38,32,42,875.00,"36,750.00"
2019-02-21,2019022101006752,CBBL,38,32,30,875.00,"26,250.00"
2019-02-21,2019022101006746,CBBL,38,32,35,875.00,"30,625.00"
2019-02-21,2019022101006740,CBBL,38,32,50,875.00,"43,750.00"
2019-02-21,2019022101006815,CBBL,38,51,52,874.00,"45,448.00"
2019-02-21,2019022101006801,CBBL,38,51,40,874.00,"34,960.00"
2019-02-21,2019022101006797,CBBL,58,42,20,870.00,"17,400.00"
2019-02-21,2019022101006792,CBBL,38,51,33,874.00,"28,842.00"
2019-02-21,2019022101006790,CBBL,38,51,42,874.00,"36,708.00"
2019-02-21,2019022101006780,CBBL,38,51,32,874.00,"27,968.00"
2019-02-21,2019022101006887,CBBL,38,28,37,873.00,"32,301.00"
2019-02-21,2019022101006873,CBBL,38,51,25,874.00,"21,850.00"
2019-02-21,2019022101006867,CBBL,38,51,37,874.00,"32,338.00"
2019-02-21,2019022101006855,CBBL,38,51,25,874.00,"21,850.00"
2019-02-21,2019022101006844,CBBL,38,51,43,874.00,"37,582.00"
2019-02-21,2019022101006829,CBBL,38,51,54,874.00,"47,196.00"
2019-02-21,2019022101006939,CBBL,38,28,35,873.00,"30,555.00"
2019-02-21,2019022101006928,CBBL,38,28,40,873.00,"34,920.00"
2019-02-21,2019022101006927,CBBL,17,28,500,873.00,"436,500.00"
2019-02-21,2019022101006918,CBBL,38,28,40,873.00,"34,920.00"
2019-02-21,2019022101006899,CBBL,38,28,40,873.00,"34,920.00"
2019-02-21,2019022101006894,CBBL,38,28,20,873.00,"17,460.00"
2019-02-21,2019022101007031,CBBL,38,28,35,873.00,"30,555.00"
2019-02-21,2019022101007001,CBBL,38,28,30,873.00,"26,190.00"
2019-02-21,2019022101006982,CBBL,38,28,20,873.00,"17,460.00"
2019-02-21,2019022101006975,CBBL,38,28,30,873.00,"26,190.00"
2019-02-21,2019022101006966,CBBL,38,28,35,873.00,"30,555.00"
2019-02-21,2019022101006952,CBBL,38,28,35,873.00,"30,555.00"
2019-02-21,2019022101007113,CBL,33,6,10,151.00,"1,510.00"
2019-02-21,2019022101007112,CBL,33,25,105,150.00,"15,750.00"
2019-02-21,2019022101006914,CBL,51,28,25,150.00,"3,750.00"
2019-02-21,2019022101006909,CBL,33,6,10,151.00,"1,510.00"
2019-02-21,2019022101006904,CBL,51,28,61,150.00,"9,150.00"
2019-02-21,2019022101006903,CBL,56,28,150,150.00,"22,500.00"
2019-02-21,2019022101006892,CBL,56,28,14,150.00,"2,100.00"
2019-02-21,2019022101006874,CBL,56,28,836,150.00,"125,400.00"
2019-02-21,2019022101006847,CBL,33,6,10,151.00,"1,510.00"
2019-02-21,2019022101007098,CCBL,47,32,19,158.00,"3,002.00"
2019-02-21,2019022101007097,CCBL,47,32,200,158.00,"31,600.00"
2019-02-21,2019022101007096,CCBL,22,32,300,158.00,"47,400.00"
2019-02-21,2019022101007095,CCBL,58,32,189,158.00,"29,862.00"
2019-02-21,2019022101007033,CCBL,58,55,129,159.00,"20,511.00"
2019-02-21,2019022101007032,CCBL,58,25,87,159.00,"13,833.00"
2019-02-21,2019022101006955,CCBL,47,55,100,159.00,"15,900.00"
2019-02-21,2019022101006954,CCBL,6,55,156,159.00,"24,804.00"
2019-02-21,2019022101006745,CCBL,6,6,"1,116",159.00,"177,444.00"
2019-02-21,2019022101007039,CFCL,41,17,50,112.00,"5,600.00"
2019-02-21,2019022101006977,CHCL,26,17,500,505.00,"252,500.00"
2019-02-21,2019022101006686,CHCL,49,46,10,505.00,"5,050.00"
2019-02-21,2019022101006685,CHCL,46,46,50,505.00,"25,250.00"
2019-02-21,2019022101006684,CHCL,18,46,118,505.00,"59,590.00"
2019-02-21,2019022101007135,CHLBS,35,57,10,601.00,"6,010.00"
2019-02-21,2019022101007114,CHLBS,35,57,10,601.00,"6,010.00"
2019-02-21,2019022101007090,CHLBS,35,57,10,601.00,"6,010.00"
2019-02-21,2019022101007087,CHLBS,35,43,56,601.00,"33,656.00"
2019-02-21,2019022101007086,CHLBS,58,43,44,601.00,"26,444.00"
2019-02-21,2019022101007069,CHLBS,58,43,100,601.00,"60,100.00"
2019-02-21,2019022101006692,CHLBS,58,37,10,601.00,"6,010.00"
2019-02-21,2019022101006671,CHLBS,58,37,10,601.00,"6,010.00"
2019-02-21,2019022101006660,CHLBS,58,37,10,601.00,"6,010.00"
2019-02-21,2019022101006658,CHLBS,58,4,10,601.00,"6,010.00"
2019-02-21,2019022101006647,CHLBS,58,37,10,601.00,"6,010.00"
2019-02-21,2019022101006722,CHLBS,58,37,10,601.00,"6,010.00"
2019-02-21,2019022101006721,CHLBS,58,46,10,601.00,"6,010.00"
2019-02-21,2019022101006715,CHLBS,58,20,10,601.00,"6,010.00"
2019-02-21,2019022101006709,CHLBS,58,52,10,601.00,"6,010.00"
2019-02-21,2019022101006707,CHLBS,58,37,10,601.00,"6,010.00"
2019-02-21,2019022101006700,CHLBS,58,16,10,601.00,"6,010.00"
2019-02-21,2019022101006940,CHLBS,58,13,10,601.00,"6,010.00"
2019-02-21,2019022101006930,CHLBS,58,26,10,601.00,"6,010.00"
2019-02-21,2019022101006923,CHLBS,58,13,10,601.00,"6,010.00"
2019-02-21,2019022101006896,CHLBS,58,13,10,601.00,"6,010.00"
2019-02-21,2019022101006774,CHLBS,58,45,10,601.00,"6,010.00"
2019-02-21,2019022101006730,CHLBS,58,37,10,601.00,"6,010.00"
2019-02-21,2019022101007066,CHLBS,58,21,10,601.00,"6,010.00"
2019-02-21,2019022101007048,CHLBS,58,45,10,601.00,"6,010.00"
2019-02-21,2019022101007019,CHLBS,58,29,10,601.00,"6,010.00"
2019-02-21,2019022101007013,CHLBS,58,45,10,601.00,"6,010.00"
2019-02-21,2019022101006991,CHLBS,58,21,10,601.00,"6,010.00"
2019-02-21,2019022101006986,CHLBS,58,46,10,601.00,"6,010.00"
2019-02-21,2019022101007129,CIT,16,39,28,"2,531.00","70,868.00"
2019-02-21,2019022101007068,CIT,16,8,61,"2,531.00","154,391.00"
2019-02-21,2019022101007051,CIT,16,8,11,"2,531.00","27,841.00"
2019-02-21,2019022101007050,CIT,48,8,50,"2,535.00","126,750.00"
2019-02-21,2019022101007004,CIT,16,39,50,"2,539.00","126,950.00"
2019-02-21,2019022101006913,CIT,34,39,20,"2,539.00","50,780.00"
2019-02-21,2019022101006857,CIT,16,16,298,"2,539.00","756,622.00"
2019-02-21,2019022101006729,CIT,38,43,18,"2,540.00","45,720.00"
2019-02-21,2019022101006728,CIT,38,43,18,"2,540.00","45,720.00"
2019-02-21,2019022101006727,CIT,38,43,18,"2,540.00","45,720.00"
2019-02-21,2019022101006726,CIT,38,43,61,"2,540.00","154,940.00"
2019-02-21,2019022101007082,CZBIL,47,38,348,203.00,"70,644.00"
2019-02-21,2019022101007067,CZBIL,47,49,70,203.00,"14,210.00"
2019-02-21,2019022101006910,CZBIL,6,57,"1,000",202.00,"202,000.00"
2019-02-21,2019022101006705,DBBL,53,45,250,122.00,"30,500.00"
2019-02-21,2019022101007072,DDBL,44,37,15,579.00,"8,685.00"
2019-02-21,2019022101006942,DDBL,44,37,35,579.00,"20,265.00"
2019-02-21,2019022101006929,DDBL,44,37,20,579.00,"11,580.00"
2019-02-21,2019022101006916,DDBL,44,37,20,579.00,"11,580.00"
2019-02-21,2019022101006858,EBL,43,21,25,508.00,"12,700.00"
2019-02-21,2019022101006813,EBL,43,49,105,508.00,"53,340.00"
2019-02-21,2019022101006751,EBL,35,13,100,510.00,"51,000.00"
2019-02-21,2019022101007060,FOWAD,38,57,5,"1,520.00","7,600.00"
2019-02-21,2019022101007059,FOWAD,38,48,10,"1,520.00","15,200.00"
2019-02-21,2019022101007058,FOWAD,45,48,20,"1,521.00","30,420.00"
2019-02-21,2019022101007057,FOWAD,22,48,50,"1,525.00","76,250.00"
2019-02-21,2019022101007056,FOWAD,19,48,15,"1,525.00","22,875.00"
2019-02-21,2019022101007055,FOWAD,22,48,50,"1,526.00","76,300.00"
2019-02-21,2019022101006744,GBIME,29,55,103,260.00,"26,780.00"
2019-02-21,2019022101006743,GBIME,16,14,21,260.00,"5,460.00"
2019-02-21,2019022101006994,GBLBS,42,28,300,439.00,"131,700.00"
2019-02-21,2019022101006993,GBLBS,47,28,30,439.00,"13,170.00"
2019-02-21,2019022101006985,GDBL,17,58,77,180.00,"13,860.00"
2019-02-21,2019022101006984,GDBL,17,56,101,180.00,"18,180.00"
2019-02-21,2019022101006898,GDBL,37,32,250,179.00,"44,750.00"
2019-02-21,2019022101006794,GDBL,37,6,116,179.00,"20,764.00"
2019-02-21,2019022101006777,GILB,47,33,11,"1,094.00","12,034.00"
2019-02-21,2019022101007139,GLICL,25,25,10,685.00,"6,850.00"
2019-02-21,2019022101006682,GRDBL,43,21,50,102.00,"5,100.00"
2019-02-21,2019022101006654,GRDBL,43,21,50,102.00,"5,100.00"
2019-02-21,2019022101007138,GUFL,37,37,300,101.00,"30,300.00"
2019-02-21,2019022101006902,GUFL,56,13,"1,000",101.00,"101,000.00"
2019-02-21,2019022101006901,GUFL,34,13,100,102.00,"10,200.00"
2019-02-21,2019022101007084,HBL,11,32,20,435.00,"8,700.00"
2019-02-21,2019022101006832,HBL,11,49,20,431.00,"8,620.00"
2019-02-21,2019022101006831,HBL,33,49,30,431.00,"12,930.00"
2019-02-21,2019022101006830,HBL,51,49,50,432.00,"21,600.00"
2019-02-21,2019022101006947,HGI,1,13,109,381.00,"41,529.00"
2019-02-21,2019022101006836,HIDCL,22,47,56,133.00,"7,448.00"
2019-02-21,2019022101006835,HIDCL,22,17,56,133.00,"7,448.00"
2019-02-21,2019022101006834,HIDCL,22,17,56,133.00,"7,448.00"
2019-02-21,2019022101006833,HIDCL,22,33,13,133.00,"1,729.00"
2019-02-21,2019022101006776,HIDCL,7,21,233,132.00,"30,756.00"
2019-02-21,2019022101006703,HIDCL,53,14,12,132.00,"1,584.00"
2019-02-21,2019022101006702,HIDCL,11,14,44,132.00,"5,808.00"
2019-02-21,2019022101006963,JBBL,45,45,150,136.00,"20,400.00"
2019-02-21,2019022101006950,JBBL,52,57,100,137.00,"13,700.00"
2019-02-21,2019022101006880,JBBL,50,49,983,135.00,"132,705.00"
2019-02-21,2019022101006879,JBBL,29,49,200,135.00,"27,000.00"
2019-02-21,2019022101006878,JBBL,52,49,200,135.00,"27,000.00"
2019-02-21,2019022101006877,JBBL,41,49,20,135.00,"2,700.00"
2019-02-21,2019022101006876,JBBL,17,49,500,135.00,"67,500.00"
2019-02-21,2019022101006875,JBBL,47,49,422,136.00,"57,392.00"
2019-02-21,2019022101007021,JBNL,5,28,415,166.00,"68,890.00"
2019-02-21,2019022101007020,JBNL,5,14,85,166.00,"14,110.00"
2019-02-21,2019022101006957,JBNL,16,21,54,165.00,"8,910.00"
2019-02-21,2019022101006956,JBNL,17,21,46,165.00,"7,590.00"
2019-02-21,2019022101006653,JSLBB,38,6,14,"2,361.00","33,054.00"
2019-02-21,2019022101007064,KBL,58,29,20,232.00,"4,640.00"
2019-02-21,2019022101006945,KBL,1,41,63,231.00,"14,553.00"
2019-02-21,2019022101006944,KBL,45,41,57,231.00,"13,167.00"
2019-02-21,2019022101006840,KBL,42,29,20,232.00,"4,640.00"
2019-02-21,2019022101006645,KBL,52,29,500,232.00,"116,000.00"
2019-02-21,2019022101006644,KBL,6,29,100,232.00,"23,200.00"
2019-02-21,2019022101007024,KMCDB,33,21,21,840.00,"17,640.00"
2019-02-21,2019022101006943,KMCDB,33,33,10,825.00,"8,250.00"
2019-02-21,2019022101006871,KMCDB,42,52,100,813.00,"81,300.00"
2019-02-21,2019022101007073,KPCL,43,21,10,90.00,900.00
2019-02-21,2019022101006659,KPCL,43,42,10,90.00,900.00
2019-02-21,2019022101006787,KRBL,38,57,500,93.00,"46,500.00"
2019-02-21,2019022101006786,KRBL,39,57,39,93.00,"3,627.00"
2019-02-21,2019022101006968,LBBL,29,58,40,171.00,"6,840.00"
2019-02-21,2019022101006967,LBBL,21,58,160,171.00,"27,360.00"
2019-02-21,2019022101006683,LBBL,22,47,20,173.00,"3,460.00"
2019-02-21,2019022101006905,LBL,21,16,"1,000",185.00,"185,000.00"
2019-02-21,2019022101006823,LBL,16,16,100,185.00,"18,500.00"
2019-02-21,2019022101006822,LBL,56,16,100,185.00,"18,500.00"
2019-02-21,2019022101006821,LBL,32,16,200,185.00,"37,000.00"
2019-02-21,2019022101006761,LBL,39,49,200,187.00,"37,400.00"
2019-02-21,2019022101007091,LGIL,59,52,50,505.00,"25,250.00"
2019-02-21,2019022101006932,LGIL,59,58,22,505.00,"11,110.00"
2019-02-21,2019022101006712,LICN,28,25,100,"1,605.00","160,500.00"
2019-02-21,2019022101006814,LLBS,38,19,92,757.00,"69,644.00"
2019-02-21,2019022101007047,MBL,57,39,100,209.00,"20,900.00"
2019-02-21,2019022101007123,MEGA,34,28,783,159.00,"124,497.00"
2019-02-21,2019022101007109,MEGA,34,10,37,159.00,"5,883.00"
2019-02-21,2019022101007108,MEGA,34,10,36,159.00,"5,724.00"
2019-02-21,2019022101007107,MEGA,34,10,37,159.00,"5,883.00"
2019-02-21,2019022101007106,MEGA,34,14,107,159.00,"17,013.00"
2019-02-21,2019022101006706,MEGA,26,37,492,159.00,"78,228.00"
2019-02-21,2019022101007054,MERO,6,44,20,606.00,"12,120.00"
2019-02-21,2019022101007036,MERO,6,44,10,606.00,"6,060.00"
2019-02-21,2019022101006990,MNBBL,40,33,27,340.00,"9,180.00"
2019-02-21,2019022101006989,MNBBL,40,51,273,340.00,"92,820.00"
2019-02-21,2019022101006865,MNBBL,44,51,64,340.00,"21,760.00"
2019-02-21,2019022101006856,MNBBL,26,22,100,339.00,"33,900.00"
2019-02-21,2019022101006694,MNBBL,17,51,30,340.00,"10,200.00"
2019-02-21,2019022101006846,MNBBL,54,51,133,340.00,"45,220.00"
2019-02-21,2019022101006837,MNBBL,26,52,40,339.00,"13,560.00"
2019-02-21,2019022101006824,MNBBL,26,57,133,339.00,"45,087.00"
2019-02-21,2019022101006799,MNBBL,26,13,150,339.00,"50,850.00"
2019-02-21,2019022101006698,MNBBL,54,58,167,338.00,"56,446.00"
2019-02-21,2019022101006697,MNBBL,1,58,54,338.00,"18,252.00"
2019-02-21,2019022101007092,MSMBS,58,25,50,527.00,"26,350.00"
2019-02-21,2019022101007085,NABIL,17,3,13,803.00,"10,439.00"
2019-02-21,2019022101007046,NABIL,42,25,50,802.00,"40,100.00"
2019-02-21,2019022101007023,NABIL,29,3,"1,000",801.00,"801,000.00"
2019-02-21,2019022101006922,NABIL,45,17,14,802.00,"11,228.00"
2019-02-21,2019022101006921,NABIL,57,17,25,802.00,"20,050.00"
2019-02-21,2019022101006723,NABIL,25,3,200,802.00,"160,400.00"
2019-02-21,2019022101006655,NABIL,45,25,140,800.00,"112,000.00"
2019-02-21,2019022101006714,NABIL,45,13,150,802.00,"120,300.00"
2019-02-21,2019022101006713,NABIL,48,13,300,802.00,"240,600.00"
2019-02-21,2019022101006693,NABIL,47,13,50,802.00,"40,100.00"
2019-02-21,2019022101006662,NABIL,57,49,125,799.00,"99,875.00"
2019-02-21,2019022101006661,NABIL,52,49,20,799.00,"15,980.00"
2019-02-21,2019022101006656,NABIL,57,25,10,800.00,"8,000.00"
2019-02-21,2019022101007075,NABILP,6,55,100,760.00,"76,000.00"
2019-02-21,2019022101006770,NABILP,6,14,500,759.00,"379,500.00"
2019-02-21,2019022101006719,NABILP,32,21,568,760.00,"431,680.00"
2019-02-21,2019022101006718,NABILP,32,44,25,760.00,"19,000.00"
2019-02-21,2019022101006753,NADEP,22,21,10,730.00,"7,300.00"
2019-02-21,2019022101007120,NBB,6,41,248,183.00,"45,384.00"
2019-02-21,2019022101006845,NBBL,45,49,19,616.00,"11,704.00"
2019-02-21,2019022101006782,NBBL,17,49,10,618.00,"6,180.00"
2019-02-21,2019022101006781,NBBL,17,49,20,618.00,"12,360.00"
2019-02-21,2019022101007083,NBL,42,56,500,284.00,"142,000.00"
2019-02-21,2019022101007131,NCCB,33,55,10,206.00,"2,060.00"
2019-02-21,2019022101007094,NCCB,5,40,269,205.00,"55,145.00"
2019-02-21,2019022101007076,NCCB,5,52,100,205.00,"20,500.00"
2019-02-21,2019022101006971,NCCB,5,40,200,206.00,"41,200.00"
2019-02-21,2019022101006951,NCCB,52,40,31,206.00,"6,386.00"
2019-02-21,2019022101006866,NCCB,33,45,10,207.00,"2,070.00"
2019-02-21,2019022101006853,NCCB,52,34,469,206.00,"96,614.00"
2019-02-21,2019022101006852,NCCB,43,34,86,206.00,"17,716.00"
2019-02-21,2019022101006720,NGPL,43,21,11,117.00,"1,287.00"
2019-02-21,2019022101006987,NHPC,58,13,200,62.00,"12,400.00"
2019-02-21,2019022101007078,NIB,58,35,10,504.00,"5,040.00"
2019-02-21,2019022101006741,NIB,22,58,418,502.00,"209,836.00"
2019-02-21,2019022101006717,NIB,22,58,500,502.00,"251,000.00"
2019-02-21,2019022101006699,NIB,22,19,40,501.00,"20,040.00"
2019-02-21,2019022101006649,NIB,4,49,100,501.00,"50,100.00"
2019-02-21,2019022101006974,NIBPO,1,28,200,466.00,"93,200.00"
2019-02-21,2019022101006941,NIBPO,1,22,100,466.00,"46,600.00"
2019-02-21,2019022101007043,NICA,56,47,153,384.00,"58,752.00"
2019-02-21,2019022101007042,NICA,38,47,208,384.00,"79,872.00"
2019-02-21,2019022101006962,NICA,45,47,100,385.00,"38,500.00"
2019-02-21,2019022101006771,NICA,58,47,100,385.00,"38,500.00"
2019-02-21,2019022101006749,NICA,38,6,92,384.00,"35,328.00"
2019-02-21,2019022101006670,NICA,39,47,300,385.00,"115,500.00"
2019-02-21,2019022101006646,NICL,32,1,21,373.00,"7,833.00"
2019-02-21,2019022101006737,NICL,58,46,"1,000",370.00,"370,000.00"
2019-02-21,2019022101006736,NICL,55,46,10,370.00,"3,700.00"
2019-02-21,2019022101006735,NICL,28,46,100,370.00,"37,000.00"
2019-02-21,2019022101006734,NICL,16,46,111,370.00,"41,070.00"
2019-02-21,2019022101006733,NICL,38,46,100,370.00,"37,000.00"
2019-02-21,2019022101006732,NICL,51,46,100,372.00,"37,200.00"
2019-02-21,2019022101006738,NICL,56,46,979,369.00,"361,251.00"
2019-02-21,2019022101006965,NIL,44,17,177,508.00,"89,916.00"
2019-02-21,2019022101006964,NIL,46,17,200,509.00,"101,800.00"
2019-02-21,2019022101006897,NIL,3,3,8,498.00,"3,984.00"
2019-02-21,2019022101007115,NLBBL,21,29,50,460.00,"23,000.00"
2019-02-21,2019022101007049,NLBBL,42,29,20,460.00,"9,200.00"
2019-02-21,2019022101006884,NLBBL,34,32,20,460.00,"9,200.00"
2019-02-21,2019022101006664,NLBBL,38,19,80,461.00,"36,880.00"
2019-02-21,2019022101006643,NLBBL,38,48,120,461.00,"55,320.00"
2019-02-21,2019022101006642,NLBBL,35,48,150,461.00,"69,150.00"
2019-02-21,2019022101006641,NLBBL,52,48,50,462.00,"23,100.00"
2019-02-21,2019022101006640,NLBBL,34,48,200,462.00,"92,400.00"
2019-02-21,2019022101006900,NLG,26,25,40,785.00,"31,400.00"
2019-02-21,2019022101007015,NLIC,26,6,26,"1,010.00","26,260.00"
2019-02-21,2019022101007014,NLIC,59,6,42,"1,011.00","42,462.00"
2019-02-21,2019022101006976,NLIC,59,4,169,"1,011.00","170,859.00"
2019-02-21,2019022101006973,NLIC,45,4,42,"1,011.00","42,462.00"
2019-02-21,2019022101006972,NLIC,49,4,100,"1,011.00","101,100.00"
2019-02-21,2019022101006934,NLIC,49,4,50,"1,011.00","50,550.00"
2019-02-21,2019022101006911,NLIC,51,4,216,"1,011.00","218,376.00"
2019-02-21,2019022101006869,NLIC,26,3,68,"1,010.00","68,680.00"
2019-02-21,2019022101006648,NLIC,53,19,10,"1,008.00","10,080.00"
2019-02-21,2019022101006978,NLICL,58,42,120,625.00,"75,000.00"
2019-02-21,2019022101006938,NLICL,59,42,40,625.00,"25,000.00"
2019-02-21,2019022101006652,NLICL,59,11,10,625.00,"6,250.00"
2019-02-21,2019022101006651,NLICL,40,11,190,625.00,"118,750.00"
2019-02-21,2019022101007134,NMB,39,21,87,301.00,"26,187.00"
2019-02-21,2019022101007133,NMB,36,21,13,301.00,"3,913.00"
2019-02-21,2019022101007132,NMB,6,21,100,302.00,"30,200.00"
2019-02-21,2019022101007044,NMB,6,49,199,304.00,"60,496.00"
2019-02-21,2019022101007012,NMB,36,13,37,301.00,"11,137.00"
2019-02-21,2019022101007011,NMB,1,13,200,301.00,"60,200.00"
2019-02-21,2019022101006805,NMB,45,49,200,304.00,"60,800.00"
2019-02-21,2019022101006783,NMB,56,46,200,304.00,"60,800.00"
2019-02-21,2019022101006704,NMB,50,54,100,305.00,"30,500.00"
2019-02-21,2019022101006811,NMB,1,49,150,302.00,"45,300.00"
2019-02-21,2019022101006810,NMB,33,49,100,302.00,"30,200.00"
2019-02-21,2019022101006809,NMB,16,49,500,302.00,"151,000.00"
2019-02-21,2019022101006808,NMB,41,49,100,303.00,"30,300.00"
2019-02-21,2019022101006807,NMB,59,49,200,303.00,"60,600.00"
2019-02-21,2019022101006806,NMB,5,49,51,303.00,"15,453.00"
2019-02-21,2019022101007010,NMB,50,13,100,301.00,"30,100.00"
2019-02-21,2019022101007009,NMB,16,13,"1,000",301.00,"301,000.00"
2019-02-21,2019022101007008,NMB,45,13,100,301.00,"30,100.00"
2019-02-21,2019022101007007,NMB,11,13,301,302.00,"90,902.00"
2019-02-21,2019022101007006,NMB,14,13,62,302.00,"18,724.00"
2019-02-21,2019022101007005,NMB,25,13,200,302.00,"60,400.00"
2019-02-21,2019022101006948,NSEWA,17,17,10,547.00,"5,470.00"
2019-02-21,2019022101006937,NSEWA,17,11,10,547.00,"5,470.00"
2019-02-21,2019022101007079,NTC,36,7,50,689.00,"34,450.00"
2019-02-21,2019022101007040,NUBL,43,7,77,719.00,"55,363.00"
2019-02-21,2019022101006883,NUBL,26,13,410,718.00,"294,380.00"
2019-02-21,2019022101006882,NUBL,26,44,10,717.00,"7,170.00"
2019-02-21,2019022101006793,NUBL,54,46,20,716.00,"14,320.00"
2019-02-21,2019022101007111,PCBL,43,49,602,309.00,"186,018.00"
2019-02-21,2019022101007110,PCBL,25,49,98,309.00,"30,282.00"
2019-02-21,2019022101007137,PICL,26,53,134,670.00,"89,780.00"
2019-02-21,2019022101007118,PICL,26,53,10,670.00,"6,700.00"
2019-02-21,2019022101007117,PICL,45,53,50,670.00,"33,500.00"
2019-02-21,2019022101007116,PICL,21,53,100,671.00,"67,100.00"
2019-02-21,2019022101007104,PICL,38,53,100,672.00,"67,200.00"
2019-02-21,2019022101007103,PICL,1,53,20,672.00,"13,440.00"
2019-02-21,2019022101007102,PICL,28,53,10,673.00,"6,730.00"
2019-02-21,2019022101007101,PICL,32,53,10,675.00,"6,750.00"
2019-02-21,2019022101007081,PLIC,35,40,15,440.00,"6,600.00"
2019-02-21,2019022101007038,PLIC,1,7,13,438.00,"5,694.00"
2019-02-21,2019022101007037,PLIC,1,42,60,438.00,"26,280.00"
2019-02-21,2019022101007022,PLIC,33,42,10,438.00,"4,380.00"
2019-02-21,2019022101007000,PLIC,17,38,50,435.00,"21,750.00"
2019-02-21,2019022101006981,PLIC,42,22,100,430.00,"43,000.00"
2019-02-21,2019022101006980,PLIC,56,22,200,431.00,"86,200.00"
2019-02-21,2019022101006851,PLIC,8,49,50,431.00,"21,550.00"
2019-02-21,2019022101006850,PLIC,37,49,50,432.00,"21,600.00"
2019-02-21,2019022101006848,PMHPL,49,55,10,106.00,"1,060.00"
2019-02-21,2019022101006742,PMHPL,49,21,10,106.00,"1,060.00"
2019-02-21,2019022101006701,PMHPL,49,44,10,106.00,"1,060.00"
2019-02-21,2019022101007124,PRIN,25,57,10,414.00,"4,140.00"
2019-02-21,2019022101007017,PRIN,16,34,50,409.00,"20,450.00"
2019-02-21,2019022101006802,PRIN,17,28,35,409.00,"14,315.00"
2019-02-21,2019022101006756,PRIN,21,28,50,409.00,"20,450.00"
2019-02-21,2019022101006748,PRIN,56,28,152,409.00,"62,168.00"
2019-02-21,2019022101007136,PRVU,38,49,100,209.00,"20,900.00"
2019-02-21,2019022101007089,PRVU,8,49,93,209.00,"19,437.00"
2019-02-21,2019022101007088,PRVU,8,39,407,209.00,"85,063.00"
2019-02-21,2019022101006999,PRVU,4,39,100,209.00,"20,900.00"
2019-02-21,2019022101006998,PRVU,8,39,200,209.00,"41,800.00"
2019-02-21,2019022101006997,PRVU,17,39,100,209.00,"20,900.00"
2019-02-21,2019022101006996,PRVU,38,39,193,209.00,"40,337.00"
2019-02-21,2019022101007127,RADHI,37,49,100,153.00,"15,300.00"
2019-02-21,2019022101006842,RADHI,37,55,11,153.00,"1,683.00"
2019-02-21,2019022101006935,RHPC,56,50,442,88.00,"38,896.00"
2019-02-21,2019022101006925,RHPC,42,50,200,88.00,"17,600.00"
2019-02-21,2019022101006798,RHPC,57,50,500,88.00,"44,000.00"
2019-02-21,2019022101007126,RMDC,55,37,26,528.00,"13,728.00"
2019-02-21,2019022101006679,RRHP,37,55,10,91.00,910.00
2019-02-21,2019022101007130,SADBL,49,48,300,137.00,"41,100.00"
2019-02-21,2019022101006768,SANIMA,35,25,628,292.00,"183,376.00"
2019-02-21,2019022101006767,SANIMA,35,6,116,292.00,"33,872.00"
2019-02-21,2019022101006766,SANIMA,35,14,209,292.00,"61,028.00"
2019-02-21,2019022101006765,SANIMA,35,45,38,292.00,"11,096.00"
2019-02-21,2019022101007028,SBBLJ,42,13,10,209.00,"2,090.00"
2019-02-21,2019022101006961,SBBLJ,17,44,38,206.00,"7,828.00"
2019-02-21,2019022101006755,SBBLJ,45,26,800,208.00,"166,400.00"
2019-02-21,2019022101007027,SBI,1,11,62,376.00,"23,312.00"
2019-02-21,2019022101007026,SBI,35,11,43,376.00,"16,168.00"
2019-02-21,2019022101007025,SBI,42,11,10,377.00,"3,770.00"
2019-02-21,2019022101006677,SBI,11,43,50,380.00,"19,000.00"
2019-02-21,2019022101006676,SBI,11,51,50,379.00,"18,950.00"
2019-02-21,2019022101006839,SBL,13,48,14,276.00,"3,864.00"
2019-02-21,2019022101006838,SBL,13,48,100,276.00,"27,600.00"
2019-02-21,2019022101007034,SDESI,21,34,11,595.00,"6,545.00"
2019-02-21,2019022101007016,SDESI,21,34,11,595.00,"6,545.00"
2019-02-21,2019022101006992,SDESI,21,34,11,595.00,"6,545.00"
2019-02-21,2019022101006926,SHINE,26,3,17,237.00,"4,029.00"
2019-02-21,2019022101006762,SHINE,26,46,100,237.00,"23,700.00"
2019-02-21,2019022101006779,SHL,4,53,200,204.00,"40,800.00"
2019-02-21,2019022101007093,SHPC,53,28,50,214.00,"10,700.00"
2019-02-21,2019022101007080,SHPC,39,28,100,214.00,"21,400.00"
2019-02-21,2019022101006789,SIC,38,33,100,"1,271.00","127,100.00"
2019-02-21,2019022101006696,SIC,38,7,10,"1,271.00","12,710.00"
2019-02-21,2019022101006695,SIC,55,7,10,"1,271.00","12,710.00"
2019-02-21,2019022101006819,SICL,26,33,100,877.00,"87,700.00"
2019-02-21,2019022101006818,SICL,26,41,13,875.00,"11,375.00"
2019-02-21,2019022101006817,SICL,26,29,40,875.00,"35,000.00"
2019-02-21,2019022101006747,SICL,42,29,10,875.00,"8,750.00"
2019-02-21,2019022101006891,SIL,59,34,33,601.00,"19,833.00"
2019-02-21,2019022101007052,SKBBL,47,53,100,836.00,"83,600.00"
2019-02-21,2019022101007030,SLBBL,57,37,30,500.00,"15,000.00"
2019-02-21,2019022101007029,SLBBL,19,37,150,501.00,"75,150.00"
2019-02-21,2019022101007122,SLBSL,17,13,10,778.00,"7,780.00"
2019-02-21,2019022101007121,SLBSL,58,38,10,785.00,"7,850.00"
2019-02-21,2019022101006988,SLBSL,51,49,10,780.00,"7,800.00"
2019-02-21,2019022101006687,SLBSL,7,59,10,783.00,"7,830.00"
2019-02-21,2019022101006788,SLBSL,22,55,10,783.00,"7,830.00"
2019-02-21,2019022101006778,SLBSL,22,10,10,783.00,"7,830.00"
2019-02-21,2019022101006760,SLBSL,22,10,10,783.00,"7,830.00"
2019-02-21,2019022101006725,SLBSL,7,58,10,783.00,"7,830.00"
2019-02-21,2019022101006890,SLBSL,51,52,60,780.00,"46,800.00"
2019-02-21,2019022101006889,SLBSL,55,52,10,782.00,"7,820.00"
2019-02-21,2019022101006888,SLBSL,55,52,10,782.00,"7,820.00"
2019-02-21,2019022101006863,SLBSL,55,50,30,782.00,"23,460.00"
2019-02-21,2019022101006862,SLBSL,22,50,20,783.00,"15,660.00"
2019-02-21,2019022101007002,SLICL,22,16,175,529.00,"92,575.00"
2019-02-21,2019022101006936,SLICL,22,34,25,528.00,"13,200.00"
2019-02-21,2019022101007119,SMATA,55,47,12,"1,339.00","16,068.00"
2019-02-21,2019022101006678,SMATA,22,42,12,"1,339.00","16,068.00"
2019-02-21,2019022101006969,SMB,11,39,10,642.00,"6,420.00"
2019-02-21,2019022101006960,SMB,58,17,10,630.00,"6,300.00"
2019-02-21,2019022101006924,SRBL,47,6,208,209.00,"43,472.00"
2019-02-21,2019022101006906,SRBL,47,34,112,209.00,"23,408.00"
2019-02-21,2019022101006881,SRBL,47,21,10,209.00,"2,090.00"
2019-02-21,2019022101006796,SRBL,47,53,100,209.00,"20,900.00"
2019-02-21,2019022101006795,SRBL,47,42,70,209.00,"14,630.00"
2019-02-21,2019022101007128,UPPER,33,33,280,225.00,"63,000.00"
2019-02-21,2019022101007003,UPPER,33,44,50,224.00,"11,200.00"
2019-02-21,2019022101006983,UPPER,33,44,50,224.00,"11,200.00"
2019-02-21,2019022101006667,UPPER,35,44,10,225.00,"2,250.00"
2019-02-21,2019022101006650,UPPER,35,44,50,225.00,"11,250.00"
2019-02-21,2019022101006711,UPPER,19,42,30,225.00,"6,750.00"
2019-02-21,2019022101006710,UPPER,50,42,20,225.00,"4,500.00"
2019-02-21,2019022101006688,UPPER,50,42,40,225.00,"9,000.00"
2019-02-21,2019022101006681,UPPER,50,42,40,225.00,"9,000.00"
2019-02-21,2019022101006680,UPPER,54,42,10,225.00,"2,250.00"
2019-02-21,2019022101006668,UPPER,54,44,40,225.00,"9,000.00"
2019-02-21,2019022101006784,UPPER,19,44,40,225.00,"9,000.00"
2019-02-21,2019022101006772,UPPER,19,44,40,225.00,"9,000.00"
2019-02-21,2019022101006769,UPPER,19,44,40,225.00,"9,000.00"
2019-02-21,2019022101006757,UPPER,19,44,40,225.00,"9,000.00"
2019-02-21,2019022101006754,UPPER,45,14,50,226.00,"11,300.00"
2019-02-21,2019022101006731,UPPER,45,44,50,226.00,"11,300.00"
2019-02-21,2019022101006826,UPPER,50,14,20,225.00,"4,500.00"
2019-02-21,2019022101006825,UPPER,50,39,50,225.00,"11,250.00"
2019-02-21,2019022101006820,UPPER,50,55,40,225.00,"9,000.00"
2019-02-21,2019022101006812,UPPER,50,14,50,225.00,"11,250.00"
2019-02-21,2019022101006804,UPPER,50,28,40,225.00,"9,000.00"
2019-02-21,2019022101006803,UPPER,19,28,10,225.00,"2,250.00"
2019-02-21,2019022101006979,UPPER,33,44,50,224.00,"11,200.00"
2019-02-21,2019022101006970,UPPER,33,44,40,224.00,"8,960.00"
2019-02-21,2019022101006949,UPPER,45,33,220,225.00,"49,500.00"
2019-02-21,2019022101006920,UPPER,25,25,50,226.00,"11,300.00"
2019-02-21,2019022101006908,UPPER,45,21,50,225.00,"11,250.00"
2019-02-21,2019022101006893,UPPER,45,14,30,225.00,"6,750.00"
2019-02-21,2019022101006675,VLBS,21,35,154,675.00,"103,950.00"
2019-02-21,2019022101006674,VLBS,50,35,150,676.00,"101,400.00"
2019-02-21,2019022101006673,VLBS,43,35,50,676.00,"33,800.00"
2019-02-21,2019022101006672,VLBS,11,35,100,680.00,"68,000.00"
2019-02-21,2019022101006841,WOMI,36,48,10,"1,157.00","11,570.00"
2019-02-21,2019022101006616,ADBL,57,37,39,332.00,"12,948.00"
2019-02-21,2019022101006615,ADBL,42,37,25,332.00,"8,300.00"
2019-02-21,2019022101006480,ADBL,39,53,50,333.00,"16,650.00"
2019-02-21,2019022101006475,ADBL,42,37,64,332.00,"21,248.00"
2019-02-21,2019022101006466,ADBL,42,46,50,332.00,"16,600.00"
2019-02-21,2019022101006384,ADBL,42,42,199,332.00,"66,068.00"
2019-02-21,2019022101006274,ADBL,42,34,62,332.00,"20,584.00"
2019-02-21,2019022101006273,ADBL,3,34,38,332.00,"12,616.00"
2019-02-21,2019022101006514,AHPC,45,34,"1,000",98.00,"98,000.00"
2019-02-21,2019022101006243,AHPC,47,34,443,98.00,"43,414.00"
2019-02-21,2019022101006296,AKJCL,22,39,20,79.00,"1,580.00"
2019-02-21,2019022101006272,AKJCL,22,39,20,79.00,"1,580.00"
2019-02-21,2019022101006263,AKJCL,22,39,20,79.00,"1,580.00"
2019-02-21,2019022101006242,AKJCL,22,39,20,79.00,"1,580.00"
2019-02-21,2019022101006214,AKJCL,22,39,20,79.00,"1,580.00"
2019-02-21,2019022101006372,AKPL,6,49,10,152.00,"1,520.00"
2019-02-21,2019022101006585,AMFI,1,39,10,685.00,"6,850.00"
2019-02-21,2019022101006488,AMFI,55,55,10,688.00,"6,880.00"
2019-02-21,2019022101006483,AMFI,1,44,10,685.00,"6,850.00"
2019-02-21,2019022101006271,AMFI,28,39,10,684.00,"6,840.00"
2019-02-21,2019022101006258,AMFI,28,39,10,684.00,"6,840.00"
2019-02-21,2019022101006239,AMFI,28,39,10,684.00,"6,840.00"
2019-02-21,2019022101006600,API,43,34,500,126.00,"63,000.00"
2019-02-21,2019022101006599,API,6,34,76,126.00,"9,576.00"
2019-02-21,2019022101006562,API,6,45,124,126.00,"15,624.00"
2019-02-21,2019022101006561,API,42,45,67,126.00,"8,442.00"
2019-02-21,2019022101006250,API,25,45,15,127.00,"1,905.00"
2019-02-21,2019022101006560,API,6,45,100,126.00,"12,600.00"
2019-02-21,2019022101006559,API,42,45,500,126.00,"63,000.00"
2019-02-21,2019022101006558,API,17,45,100,126.00,"12,600.00"
2019-02-21,2019022101006557,API,34,45,109,126.00,"13,734.00"
2019-02-21,2019022101006465,API,34,57,491,126.00,"61,866.00"
2019-02-21,2019022101006619,BOKL,35,33,100,243.00,"24,300.00"
2019-02-21,2019022101006565,BOKL,38,21,300,242.00,"72,600.00"
2019-02-21,2019022101006564,BOKL,38,21,100,242.00,"24,200.00"
2019-02-21,2019022101006525,BOKL,19,33,45,243.00,"10,935.00"
2019-02-21,2019022101006445,BOKL,19,26,455,243.00,"110,565.00"
2019-02-21,2019022101006444,BOKL,19,26,345,243.00,"83,835.00"
2019-02-21,2019022101006443,BOKL,26,26,200,243.00,"48,600.00"
2019-02-21,2019022101006222,BPCL,42,41,40,345.00,"13,800.00"
2019-02-21,2019022101006141,BPCL,42,55,20,345.00,"6,900.00"
2019-02-21,2019022101006492,BPCL,21,55,20,345.00,"6,900.00"
2019-02-21,2019022101006352,BPCL,42,58,30,345.00,"10,350.00"
2019-02-21,2019022101006633,CBBL,38,25,45,875.00,"39,375.00"
2019-02-21,2019022101006624,CBBL,38,25,55,875.00,"48,125.00"
2019-02-21,2019022101006613,CBBL,38,25,43,875.00,"37,625.00"
2019-02-21,2019022101006591,CBBL,38,35,60,875.00,"52,500.00"
2019-02-21,2019022101006582,CBBL,38,32,47,873.00,"41,031.00"
2019-02-21,2019022101006324,CBBL,38,16,20,872.00,"17,440.00"
2019-02-21,2019022101006493,CBBL,38,32,50,874.00,"43,700.00"
2019-02-21,2019022101006486,CBBL,38,32,100,874.00,"87,400.00"
2019-02-21,2019022101006478,CBBL,38,32,54,874.00,"47,196.00"
2019-02-21,2019022101006461,CBBL,38,33,31,872.00,"27,032.00"
2019-02-21,2019022101006460,CBBL,38,16,30,872.00,"26,160.00"
2019-02-21,2019022101006569,CBBL,38,32,53,873.00,"46,269.00"
2019-02-21,2019022101006556,CBBL,38,32,46,874.00,"40,204.00"
2019-02-21,2019022101006535,CBBL,38,32,50,874.00,"43,700.00"
2019-02-21,2019022101006524,CBBL,38,32,50,874.00,"43,700.00"
2019-02-21,2019022101006512,CBBL,38,32,50,874.00,"43,700.00"
2019-02-21,2019022101006630,CBL,16,53,100,150.00,"15,000.00"
2019-02-21,2019022101006594,CBL,58,39,25,149.00,"3,725.00"
2019-02-21,2019022101006413,CBL,22,53,20,150.00,"3,000.00"
2019-02-21,2019022101006595,CCBL,41,57,200,160.00,"32,000.00"
2019-02-21,2019022101006438,CCBL,25,14,483,160.00,"77,280.00"
2019-02-21,2019022101006437,CCBL,25,25,398,160.00,"63,680.00"
2019-02-21,2019022101006436,CCBL,25,34,350,160.00,"56,000.00"
2019-02-21,2019022101006202,CCBL,57,14,170,160.00,"27,200.00"
2019-02-21,2019022101006194,CCBL,32,14,347,160.00,"55,520.00"
2019-02-21,2019022101006193,CCBL,32,48,53,160.00,"8,480.00"
2019-02-21,2019022101006482,CHCL,18,58,82,505.00,"41,410.00"
2019-02-21,2019022101006462,CHCL,11,58,95,505.00,"47,975.00"
2019-02-21,2019022101006629,CHLBS,58,37,10,601.00,"6,010.00"
2019-02-21,2019022101006620,CHLBS,58,37,10,601.00,"6,010.00"
2019-02-21,2019022101006601,CHLBS,58,37,10,601.00,"6,010.00"
2019-02-21,2019022101006576,CHLBS,58,41,10,601.00,"6,010.00"
2019-02-21,2019022101006553,CHLBS,58,28,10,601.00,"6,010.00"
2019-02-21,2019022101006440,CHLBS,58,32,10,601.00,"6,010.00"
2019-02-21,2019022101006140,CHLBS,16,43,10,601.00,"6,010.00"
2019-02-21,2019022101006157,CHLBS,16,49,10,601.00,"6,010.00"
2019-02-21,2019022101006151,CHLBS,16,57,10,601.00,"6,010.00"
2019-02-21,2019022101006150,CHLBS,16,38,10,601.00,"6,010.00"
2019-02-21,2019022101006148,CHLBS,16,17,10,601.00,"6,010.00"
2019-02-21,2019022101006147,CHLBS,16,43,10,601.00,"6,010.00"
2019-02-21,2019022101006146,CHLBS,16,44,10,601.00,"6,010.00"
2019-02-21,2019022101006184,CHLBS,13,34,10,601.00,"6,010.00"
2019-02-21,2019022101006183,CHLBS,13,29,10,601.00,"6,010.00"
2019-02-21,2019022101006181,CHLBS,13,58,10,601.00,"6,010.00"
2019-02-21,2019022101006179,CHLBS,13,44,10,601.00,"6,010.00"
2019-02-21,2019022101006163,CHLBS,13,43,10,601.00,"6,010.00"
2019-02-21,2019022101006162,CHLBS,13,39,10,601.00,"6,010.00"
2019-02-21,2019022101006191,CHLBS,41,53,500,601.00,"300,500.00"
2019-02-21,2019022101006190,CHLBS,39,53,50,601.00,"30,050.00"
2019-02-21,2019022101006189,CHLBS,13,53,410,601.00,"246,410.00"
2019-02-21,2019022101006188,CHLBS,13,58,10,601.00,"6,010.00"
2019-02-21,2019022101006187,CHLBS,13,44,10,601.00,"6,010.00"
2019-02-21,2019022101006186,CHLBS,13,39,10,601.00,"6,010.00"
2019-02-21,2019022101006213,CHLBS,58,58,10,601.00,"6,010.00"
2019-02-21,2019022101006203,CHLBS,58,32,10,601.00,"6,010.00"
2019-02-21,2019022101006201,CHLBS,58,3,10,601.00,"6,010.00"
2019-02-21,2019022101006200,CHLBS,58,39,10,601.00,"6,010.00"
2019-02-21,2019022101006196,CHLBS,58,34,10,601.00,"6,010.00"
2019-02-21,2019022101006192,CHLBS,58,53,336,601.00,"201,936.00"
2019-02-21,2019022101006229,CHLBS,58,10,10,601.00,"6,010.00"
2019-02-21,2019022101006227,CHLBS,58,3,10,601.00,"6,010.00"
2019-02-21,2019022101006224,CHLBS,58,58,10,601.00,"6,010.00"
2019-02-21,2019022101006219,CHLBS,58,39,10,601.00,"6,010.00"
2019-02-21,2019022101006217,CHLBS,58,34,10,601.00,"6,010.00"
2019-02-21,2019022101006216,CHLBS,58,3,10,601.00,"6,010.00"
2019-02-21,2019022101006255,CHLBS,58,40,10,601.00,"6,010.00"
2019-02-21,2019022101006251,CHLBS,58,58,10,601.00,"6,010.00"
2019-02-21,2019022101006245,CHLBS,58,40,10,601.00,"6,010.00"
2019-02-21,2019022101006244,CHLBS,58,34,10,601.00,"6,010.00"
2019-02-21,2019022101006236,CHLBS,58,58,10,601.00,"6,010.00"
2019-02-21,2019022101006230,CHLBS,58,34,10,601.00,"6,010.00"
2019-02-21,2019022101006293,CHLBS,58,40,10,601.00,"6,010.00"
2019-02-21,2019022101006289,CHLBS,58,58,10,601.00,"6,010.00"
2019-02-21,2019022101006275,CHLBS,58,40,10,601.00,"6,010.00"
2019-02-21,2019022101006265,CHLBS,58,58,10,601.00,"6,010.00"
2019-02-21,2019022101006264,CHLBS,58,40,10,601.00,"6,010.00"
2019-02-21,2019022101006257,CHLBS,58,58,10,601.00,"6,010.00"
2019-02-21,2019022101006313,CHLBS,58,39,10,601.00,"6,010.00"
2019-02-21,2019022101006312,CHLBS,58,40,10,601.00,"6,010.00"
2019-02-21,2019022101006305,CHLBS,58,34,10,601.00,"6,010.00"
2019-02-21,2019022101006300,CHLBS,58,39,10,601.00,"6,010.00"
2019-02-21,2019022101006298,CHLBS,58,40,10,601.00,"6,010.00"
2019-02-21,2019022101006297,CHLBS,58,34,10,601.00,"6,010.00"
2019-02-21,2019022101006345,CHLBS,58,58,10,601.00,"6,010.00"
2019-02-21,2019022101006342,CHLBS,58,40,10,601.00,"6,010.00"
2019-02-21,2019022101006330,CHLBS,58,40,10,601.00,"6,010.00"
2019-02-21,2019022101006328,CHLBS,58,34,10,601.00,"6,010.00"
2019-02-21,2019022101006321,CHLBS,58,20,10,601.00,"6,010.00"
2019-02-21,2019022101006314,CHLBS,58,40,10,601.00,"6,010.00"
2019-02-21,2019022101006379,CHLBS,58,40,10,601.00,"6,010.00"
2019-02-21,2019022101006375,CHLBS,58,6,10,601.00,"6,010.00"
2019-02-21,2019022101006373,CHLBS,58,40,10,601.00,"6,010.00"
2019-02-21,2019022101006365,CHLBS,58,49,10,601.00,"6,010.00"
2019-02-21,2019022101006363,CHLBS,58,58,10,601.00,"6,010.00"
2019-02-21,2019022101006350,CHLBS,58,40,10,601.00,"6,010.00"
2019-02-21,2019022101006401,CHLBS,58,34,10,601.00,"6,010.00"
2019-02-21,2019022101006397,CHLBS,58,58,10,601.00,"6,010.00"
2019-02-21,2019022101006394,CHLBS,58,40,10,601.00,"6,010.00"
2019-02-21,2019022101006386,CHLBS,58,34,10,601.00,"6,010.00"
2019-02-21,2019022101006381,CHLBS,58,1,10,601.00,"6,010.00"
2019-02-21,2019022101006380,CHLBS,58,49,10,601.00,"6,010.00"
2019-02-21,2019022101006435,CHLBS,58,32,10,601.00,"6,010.00"
2019-02-21,2019022101006433,CHLBS,58,34,10,601.00,"6,010.00"
2019-02-21,2019022101006427,CHLBS,58,34,10,601.00,"6,010.00"
2019-02-21,2019022101006426,CHLBS,58,58,10,601.00,"6,010.00"
2019-02-21,2019022101006411,CHLBS,58,10,10,601.00,"6,010.00"
2019-02-21,2019022101006407,CHLBS,58,58,10,601.00,"6,010.00"
2019-02-21,2019022101006548,CIT,48,32,50,"2,537.00","126,850.00"
2019-02-21,2019022101006547,CIT,21,32,10,"2,538.00","25,380.00"
2019-02-21,2019022101006546,CIT,11,32,40,"2,538.00","101,520.00"
2019-02-21,2019022101006400,CIT,11,41,10,"2,538.00","25,380.00"
2019-02-21,2019022101006215,CIT,33,14,155,"2,538.00","393,390.00"
2019-02-21,2019022101006145,CIT,33,37,10,"2,538.00","25,380.00"
2019-02-21,2019022101006485,CZBIL,33,41,53,203.00,"10,759.00"
2019-02-21,2019022101006477,CZBIL,34,17,33,202.00,"6,666.00"
2019-02-21,2019022101006476,CZBIL,32,17,10,203.00,"2,030.00"
2019-02-21,2019022101006204,CZBIL,59,38,200,203.00,"40,600.00"
2019-02-21,2019022101006628,DBBL,55,45,100,122.00,"12,200.00"
2019-02-21,2019022101006567,DBBL,25,45,150,122.00,"18,300.00"
2019-02-21,2019022101006253,DBBL,39,25,120,122.00,"14,640.00"
2019-02-21,2019022101006252,DBBL,39,45,15,122.00,"1,830.00"
2019-02-21,2019022101006254,EBL,26,41,100,507.00,"50,700.00"
2019-02-21,2019022101006341,FMDBL,28,40,30,362.00,"10,860.00"
2019-02-21,2019022101006281,FMDBL,19,40,20,362.00,"7,240.00"
2019-02-21,2019022101006195,FOWAD,38,57,15,"1,520.00","22,800.00"
2019-02-21,2019022101006164,FOWAD,43,57,10,"1,520.00","15,200.00"
2019-02-21,2019022101006580,GBBL,13,55,127,180.00,"22,860.00"
2019-02-21,2019022101006511,GBBL,36,14,100,179.00,"17,900.00"
2019-02-21,2019022101006510,GBBL,36,41,43,179.00,"7,697.00"
2019-02-21,2019022101006509,GBBL,42,41,200,179.00,"35,800.00"
2019-02-21,2019022101006508,GBBL,43,41,250,179.00,"44,750.00"
2019-02-21,2019022101006507,GBBL,38,41,250,179.00,"44,750.00"
2019-02-21,2019022101006370,GBBL,38,28,500,180.00,"90,000.00"
2019-02-21,2019022101006369,GBBL,48,28,100,180.00,"18,000.00"
2019-02-21,2019022101006368,GBBL,35,28,10,180.00,"1,800.00"
2019-02-21,2019022101006367,GBBL,28,28,200,180.00,"36,000.00"
2019-02-21,2019022101006366,GBBL,58,28,171,180.00,"30,780.00"
2019-02-21,2019022101006317,GBBL,58,32,25,180.00,"4,500.00"
2019-02-21,2019022101006456,GBBL,38,41,50,179.00,"8,950.00"
2019-02-21,2019022101006455,GBBL,56,41,200,179.00,"35,800.00"
2019-02-21,2019022101006454,GBBL,32,41,50,179.00,"8,950.00"
2019-02-21,2019022101006453,GBBL,44,41,28,179.00,"5,012.00"
2019-02-21,2019022101006428,GBBL,35,55,181,180.00,"32,580.00"
2019-02-21,2019022101006371,GBBL,35,28,19,180.00,"3,420.00"
2019-02-21,2019022101006587,GBIME,57,39,25,259.00,"6,475.00"
2019-02-21,2019022101006533,GBIME,35,14,38,260.00,"9,880.00"
2019-02-21,2019022101006532,GBIME,35,5,162,260.00,"42,120.00"
2019-02-21,2019022101006362,GBIME,32,5,10,260.00,"2,600.00"
2019-02-21,2019022101006295,GBIME,57,22,50,259.00,"12,950.00"
2019-02-21,2019022101006621,GBLBS,19,43,235,440.00,"103,400.00"
2019-02-21,2019022101006581,GBLBS,19,42,100,440.00,"44,000.00"
2019-02-21,2019022101006377,GBLBS,47,49,10,439.00,"4,390.00"
2019-02-21,2019022101006259,GBLBS,47,42,10,439.00,"4,390.00"
2019-02-21,2019022101006248,GBLBS,39,42,10,439.00,"4,390.00"
2019-02-21,2019022101006568,GRDBL,56,42,10,103.00,"1,030.00"
2019-02-21,2019022101006322,HGI,35,33,100,382.00,"38,200.00"
2019-02-21,2019022101006398,HPPL,57,57,10,171.00,"1,710.00"
2019-02-21,2019022101006154,HPPL,28,14,20,171.00,"3,420.00"
2019-02-21,2019022101006323,JBBL,18,57,50,137.00,"6,850.00"
2019-02-21,2019022101006223,JBBL,47,25,81,136.00,"11,016.00"
2019-02-21,2019022101006149,JBBL,47,14,18,136.00,"2,448.00"
2019-02-21,2019022101006344,JBNL,22,14,10,166.00,"1,660.00"
2019-02-21,2019022101006590,KADBL,55,34,85,145.00,"12,325.00"
2019-02-21,2019022101006329,KADBL,18,34,50,145.00,"7,250.00"
2019-02-21,2019022101006348,KNBL,18,21,50,119.00,"5,950.00"
2019-02-21,2019022101006220,KPCL,43,39,10,90.00,900.00
2019-02-21,2019022101006247,KRBL,57,51,108,93.00,"10,044.00"
2019-02-21,2019022101006343,LBBL,18,47,50,173.00,"8,650.00"
2019-02-21,2019022101006288,LBL,41,16,50,185.00,"9,250.00"
2019-02-21,2019022101006287,LBL,45,16,500,185.00,"92,500.00"
2019-02-21,2019022101006286,LBL,47,16,300,185.00,"55,500.00"
2019-02-21,2019022101006285,LBL,22,16,300,185.00,"55,500.00"
2019-02-21,2019022101006182,LBL,54,8,42,185.00,"7,770.00"
2019-02-21,2019022101006431,LGIL,59,35,57,505.00,"28,785.00"
2019-02-21,2019022101006430,LGIL,52,35,38,505.00,"19,190.00"
2019-02-21,2019022101006479,LLBS,57,57,1,755.00,755.00
2019-02-21,2019022101006451,MDB,57,8,275,274.00,"75,350.00"
2019-02-21,2019022101006450,MDB,32,8,100,275.00,"27,500.00"
2019-02-21,2019022101006519,MEGA,45,37,11,159.00,"1,749.00"
2019-02-21,2019022101006306,MEGA,59,37,100,159.00,"15,900.00"
2019-02-21,2019022101006238,MEGA,59,37,100,159.00,"15,900.00"
2019-02-21,2019022101006614,MERO,33,58,16,605.00,"9,680.00"
2019-02-21,2019022101006589,MERO,6,58,34,606.00,"20,604.00"
2019-02-21,2019022101006588,MERO,10,58,11,606.00,"6,666.00"
2019-02-21,2019022101006521,MERO,6,57,16,606.00,"9,696.00"
2019-02-21,2019022101006409,MMFDB,22,47,10,980.00,"9,800.00"
2019-02-21,2019022101006583,MNBBL,1,49,146,338.00,"49,348.00"
2019-02-21,2019022101006484,MNBBL,10,29,152,338.00,"51,376.00"
2019-02-21,2019022101006269,MNBBL,10,21,10,338.00,"3,380.00"
2019-02-21,2019022101006241,MNBBL,10,41,118,338.00,"39,884.00"
2019-02-21,2019022101006347,MSMBS,28,49,11,534.00,"5,874.00"
2019-02-21,2019022101006639,NABIL,55,3,65,801.00,"52,065.00"
2019-02-21,2019022101006638,NABIL,55,25,35,801.00,"28,035.00"
2019-02-21,2019022101006637,NABIL,45,25,10,800.00,"8,000.00"
2019-02-21,2019022101006636,NABIL,6,25,25,800.00,"20,000.00"
2019-02-21,2019022101006635,NABIL,42,25,65,800.00,"52,000.00"
2019-02-21,2019022101006617,NABIL,11,25,100,801.00,"80,100.00"
2019-02-21,2019022101006267,NABIL,26,3,300,799.00,"239,700.00"
2019-02-21,2019022101006205,NABIL,28,41,100,799.00,"79,900.00"
2019-02-21,2019022101006156,NABIL,1,25,135,801.00,"108,135.00"
2019-02-21,2019022101006497,NABIL,42,3,100,800.00,"80,000.00"
2019-02-21,2019022101006496,NABIL,26,3,300,800.00,"240,000.00"
2019-02-21,2019022101006353,NABIL,58,25,50,800.00,"40,000.00"
2019-02-21,2019022101006332,NABIL,52,22,60,799.00,"47,940.00"
2019-02-21,2019022101006316,NABIL,52,3,220,799.00,"175,780.00"
2019-02-21,2019022101006315,NABIL,6,3,30,800.00,"24,000.00"
2019-02-21,2019022101006612,NABILP,6,11,200,759.00,"151,800.00"
2019-02-21,2019022101006574,NABILP,6,42,200,759.00,"151,800.00"
2019-02-21,2019022101006573,NABILP,6,14,100,759.00,"75,900.00"
2019-02-21,2019022101006155,NABILP,32,21,100,759.00,"75,900.00"
2019-02-21,2019022101006586,NADEP,55,55,10,735.00,"7,350.00"
2019-02-21,2019022101006472,NADEP,22,44,10,730.00,"7,300.00"
2019-02-21,2019022101006459,NADEP,47,47,10,731.00,"7,310.00"
2019-02-21,2019022101006170,NADEP,14,22,25,732.00,"18,300.00"
2019-02-21,2019022101006169,NADEP,19,22,10,732.00,"7,320.00"
2019-02-21,2019022101006168,NADEP,51,22,20,732.00,"14,640.00"
2019-02-21,2019022101006167,NADEP,26,22,40,733.00,"29,320.00"
2019-02-21,2019022101006166,NADEP,41,22,50,735.00,"36,750.00"
2019-02-21,2019022101006165,NADEP,19,22,10,735.00,"7,350.00"
2019-02-21,2019022101006176,NADEP,35,22,210,730.00,"153,300.00"
2019-02-21,2019022101006175,NADEP,7,22,60,730.00,"43,800.00"
2019-02-21,2019022101006174,NADEP,51,22,10,730.00,"7,300.00"
2019-02-21,2019022101006173,NADEP,17,22,20,730.00,"14,600.00"
2019-02-21,2019022101006172,NADEP,1,22,30,731.00,"21,930.00"
2019-02-21,2019022101006171,NADEP,14,22,50,732.00,"36,600.00"
2019-02-21,2019022101006177,NADEP,22,22,25,730.00,"18,250.00"
2019-02-21,2019022101006491,NBB,5,45,190,182.00,"34,580.00"
2019-02-21,2019022101006490,NBB,10,45,300,182.00,"54,600.00"
2019-02-21,2019022101006489,NBB,49,45,10,182.00,"1,820.00"
2019-02-21,2019022101006361,NBB,21,41,100,183.00,"18,300.00"
2019-02-21,2019022101006360,NBB,16,41,25,183.00,"4,575.00"
2019-02-21,2019022101006359,NBB,56,41,250,183.00,"45,750.00"
2019-02-21,2019022101006358,NBB,17,41,500,183.00,"91,500.00"
2019-02-21,2019022101006357,NBB,47,41,100,183.00,"18,300.00"
2019-02-21,2019022101006356,NBB,44,41,200,183.00,"36,600.00"
2019-02-21,2019022101006355,NBB,45,41,100,183.00,"18,300.00"
2019-02-21,2019022101006354,NBB,37,41,154,183.00,"28,182.00"
2019-02-21,2019022101006632,NBL,42,21,150,284.00,"42,600.00"
2019-02-21,2019022101006571,NBL,42,49,300,284.00,"85,200.00"
2019-02-21,2019022101006528,NBL,56,34,100,285.00,"28,500.00"
2019-02-21,2019022101006376,NBL,32,34,10,285.00,"2,850.00"
2019-02-21,2019022101006299,NCDB,18,25,25,117.00,"2,925.00"
2019-02-21,2019022101006554,NIB,26,49,100,501.00,"50,100.00"
2019-02-21,2019022101006552,NIB,46,49,100,501.00,"50,100.00"
2019-02-21,2019022101006551,NIB,46,49,67,501.00,"33,567.00"
2019-02-21,2019022101006550,NIB,43,49,133,501.00,"66,633.00"
2019-02-21,2019022101006527,NIB,43,41,30,501.00,"15,030.00"
2019-02-21,2019022101006526,NIB,43,41,37,501.00,"18,537.00"
2019-02-21,2019022101006334,NIB,45,49,15,501.00,"7,515.00"
2019-02-21,2019022101006333,NIB,6,49,20,501.00,"10,020.00"
2019-02-21,2019022101006292,NIB,45,58,474,502.00,"237,948.00"
2019-02-21,2019022101006291,NIB,45,49,26,501.00,"13,026.00"
2019-02-21,2019022101006228,NIB,57,58,200,502.00,"100,400.00"
2019-02-21,2019022101006197,NIB,58,58,400,502.00,"200,800.00"
2019-02-21,2019022101006340,NIB,32,58,150,502.00,"75,300.00"
2019-02-21,2019022101006339,NIB,55,49,68,500.00,"34,000.00"
2019-02-21,2019022101006338,NIB,58,49,50,500.00,"25,000.00"
2019-02-21,2019022101006337,NIB,44,49,177,500.00,"88,500.00"
2019-02-21,2019022101006336,NIB,39,49,100,501.00,"50,100.00"
2019-02-21,2019022101006335,NIB,39,49,20,501.00,"10,020.00"
2019-02-21,2019022101006391,NIB,1,49,50,500.00,"25,000.00"
2019-02-21,2019022101006390,NIB,48,49,100,500.00,"50,000.00"
2019-02-21,2019022101006389,NIB,45,49,20,500.00,"10,000.00"
2019-02-21,2019022101006388,NIB,57,49,100,500.00,"50,000.00"
2019-02-21,2019022101006387,NIB,35,49,110,500.00,"55,000.00"
2019-02-21,2019022101006385,NIB,55,49,23,500.00,"11,500.00"
2019-02-21,2019022101006458,NIB,45,49,100,501.00,"50,100.00"
2019-02-21,2019022101006457,NIB,39,49,150,501.00,"75,150.00"
2019-02-21,2019022101006416,NIB,50,35,20,499.00,"9,980.00"
2019-02-21,2019022101006415,NIB,55,35,50,499.00,"24,950.00"
2019-02-21,2019022101006393,NIB,45,49,50,500.00,"25,000.00"
2019-02-21,2019022101006392,NIB,45,49,50,500.00,"25,000.00"
2019-02-21,2019022101006523,NIB,40,49,980,500.00,"490,000.00"
2019-02-21,2019022101006522,NIB,55,49,20,500.00,"10,000.00"
2019-02-21,2019022101006474,NIB,55,49,20,500.00,"10,000.00"
2019-02-21,2019022101006471,NIB,28,49,100,500.00,"50,000.00"
2019-02-21,2019022101006470,NIB,39,49,100,500.00,"50,000.00"
2019-02-21,2019022101006469,NIB,26,49,50,500.00,"25,000.00"
2019-02-21,2019022101006351,NIBPO,1,11,500,466.00,"233,000.00"
2019-02-21,2019022101006378,NICA,37,57,10,384.00,"3,840.00"
2019-02-21,2019022101006572,NICL,32,38,123,373.00,"45,879.00"
2019-02-21,2019022101006505,NICL,13,38,50,373.00,"18,650.00"
2019-02-21,2019022101006506,NICL,32,38,100,373.00,"37,300.00"
2019-02-21,2019022101006517,NIL,44,41,263,508.00,"133,604.00"
2019-02-21,2019022101006408,NIL,44,41,16,508.00,"8,128.00"
2019-02-21,2019022101006225,NIL,5,17,123,512.00,"62,976.00"
2019-02-21,2019022101006597,NLG,26,14,10,785.00,"7,850.00"
2019-02-21,2019022101006520,NLG,26,41,52,783.00,"40,716.00"
2019-02-21,2019022101006504,NLG,26,6,12,783.00,"9,396.00"
2019-02-21,2019022101006503,NLG,52,6,50,783.00,"39,150.00"
2019-02-21,2019022101006502,NLG,7,6,150,783.00,"117,450.00"
2019-02-21,2019022101006501,NLG,19,6,100,784.00,"78,400.00"
2019-02-21,2019022101006500,NLG,54,6,50,785.00,"39,250.00"
2019-02-21,2019022101006499,NLG,57,6,30,785.00,"23,550.00"
2019-02-21,2019022101006498,NLG,43,6,20,785.00,"15,700.00"
2019-02-21,2019022101006467,NLG,43,41,10,785.00,"7,850.00"
2019-02-21,2019022101006622,NLIC,45,6,17,"1,006.00","17,102.00"
2019-02-21,2019022101006593,NLIC,45,6,17,"1,006.00","17,102.00"
2019-02-21,2019022101006529,NLIC,6,41,17,"1,007.00","17,119.00"
2019-02-21,2019022101006463,NLIC,34,41,17,"1,007.00","17,119.00"
2019-02-21,2019022101006452,NLIC,34,44,17,"1,007.00","17,119.00"
2019-02-21,2019022101006439,NLIC,34,45,17,"1,007.00","17,119.00"
2019-02-21,2019022101006414,NLIC,57,57,3,"1,000.00","3,000.00"
2019-02-21,2019022101006405,NLIC,50,46,48,"1,007.00","48,336.00"
2019-02-21,2019022101006396,NLIC,50,49,17,"1,007.00","17,119.00"
2019-02-21,2019022101006235,NLIC,50,44,17,"1,007.00","17,119.00"
2019-02-21,2019022101006143,NLIC,50,46,84,"1,007.00","84,588.00"
2019-02-21,2019022101006449,NLICL,40,49,10,625.00,"6,250.00"
2019-02-21,2019022101006448,NLICL,19,49,100,625.00,"62,500.00"
2019-02-21,2019022101006447,NLICL,58,49,200,626.00,"125,200.00"
2019-02-21,2019022101006446,NLICL,55,49,190,627.00,"119,130.00"
2019-02-21,2019022101006304,NLICL,55,17,10,627.00,"6,270.00"
2019-02-21,2019022101006578,NMB,35,21,200,305.00,"61,000.00"
2019-02-21,2019022101006577,NMB,26,21,49,305.00,"14,945.00"
2019-02-21,2019022101006429,NMB,26,49,51,305.00,"15,555.00"
2019-02-21,2019022101006327,NMB,41,49,40,305.00,"12,200.00"
2019-02-21,2019022101006185,NMB,34,49,103,304.00,"31,312.00"
2019-02-21,2019022101006441,NMBHF1,57,57,250,8.72,"2,180.00"
2019-02-21,2019022101006432,NMBSF1,35,8,"10,000",10.02,"100,200.00"
2019-02-21,2019022101006364,NMFBS,18,57,12,"1,637.00","19,644.00"
2019-02-21,2019022101006406,NSEWA,17,39,10,547.00,"5,470.00"
2019-02-21,2019022101006221,NSEWA,17,49,10,547.00,"5,470.00"
2019-02-21,2019022101006627,NUBL,40,7,64,715.00,"45,760.00"
2019-02-21,2019022101006626,NUBL,21,7,100,715.00,"71,500.00"
2019-02-21,2019022101006625,NUBL,17,7,16,715.00,"11,440.00"
2019-02-21,2019022101006266,PCBL,25,45,71,309.00,"21,939.00"
2019-02-21,2019022101006434,PFL,18,18,1,127.00,127.00
2019-02-21,2019022101006555,PIC,45,44,11,"1,005.00","11,055.00"
2019-02-21,2019022101006536,PIC,55,55,11,"1,007.00","11,077.00"
2019-02-21,2019022101006246,PIC,53,41,11,"1,006.00","11,066.00"
2019-02-21,2019022101006634,PICL,32,44,190,675.00,"128,250.00"
2019-02-21,2019022101006442,PLIC,47,33,200,435.00,"87,000.00"
2019-02-21,2019022101006153,PLIC,3,19,100,431.00,"43,100.00"
2019-02-21,2019022101006270,PMHPL,49,42,10,106.00,"1,060.00"
2019-02-21,2019022101006152,PMHPL,49,55,10,106.00,"1,060.00"
2019-02-21,2019022101006464,PRIN,56,34,70,409.00,"28,630.00"
2019-02-21,2019022101006319,PRIN,56,19,71,409.00,"29,039.00"
2019-02-21,2019022101006318,PRIN,35,19,84,410.00,"34,440.00"
2019-02-21,2019022101006237,PRIN,35,28,16,410.00,"6,560.00"
2019-02-21,2019022101006346,PRVU,18,28,20,210.00,"4,200.00"
2019-02-21,2019022101006290,PRVU,8,41,300,209.00,"62,700.00"
2019-02-21,2019022101006623,PURBL,16,57,93,150.00,"13,950.00"
2019-02-21,2019022101006178,RADHI,37,55,11,153.00,"1,683.00"
2019-02-21,2019022101006383,RHPC,50,50,200,88.00,"17,600.00"
2019-02-21,2019022101006279,RHPC,58,50,27,88.00,"2,376.00"
2019-02-21,2019022101006563,RRHP,45,55,10,91.00,910.00
2019-02-21,2019022101006240,RRHP,22,35,40,92.00,"3,680.00"
2019-02-21,2019022101006404,SANIMA,19,42,64,291.00,"18,624.00"
2019-02-21,2019022101006374,SANIMA,32,14,10,292.00,"2,920.00"
2019-02-21,2019022101006349,SANIMA,11,14,20,292.00,"5,840.00"
2019-02-21,2019022101006598,SBL,13,14,57,276.00,"15,732.00"
2019-02-21,2019022101006579,SBL,1,49,200,277.00,"55,400.00"
2019-02-21,2019022101006518,SBL,13,6,143,276.00,"39,468.00"
2019-02-21,2019022101006570,SCB,32,7,92,534.00,"49,128.00"
2019-02-21,2019022101006549,SCB,32,45,20,534.00,"10,680.00"
2019-02-21,2019022101006534,SCB,42,1,150,535.00,"80,250.00"
2019-02-21,2019022101006276,SCB,32,6,103,534.00,"55,002.00"
2019-02-21,2019022101006234,SCB,32,41,20,534.00,"10,680.00"
2019-02-21,2019022101006233,SCB,45,41,20,535.00,"10,700.00"
2019-02-21,2019022101006232,SCB,58,41,20,535.00,"10,700.00"
2019-02-21,2019022101006231,SCB,25,41,40,535.00,"21,400.00"
2019-02-21,2019022101006425,SHPC,45,21,50,212.00,"10,600.00"
2019-02-21,2019022101006424,SHPC,49,21,50,213.00,"10,650.00"
2019-02-21,2019022101006423,SHPC,39,21,50,213.00,"10,650.00"
2019-02-21,2019022101006422,SHPC,11,21,150,214.00,"32,100.00"
2019-02-21,2019022101006421,SHPC,17,21,100,214.00,"21,400.00"
2019-02-21,2019022101006420,SHPC,17,21,100,214.00,"21,400.00"
2019-02-21,2019022101006419,SHPC,41,21,200,214.00,"42,800.00"
2019-02-21,2019022101006418,SHPC,37,21,650,214.00,"139,100.00"
2019-02-21,2019022101006417,SHPC,46,21,50,215.00,"10,750.00"
2019-02-21,2019022101006294,SHPC,19,17,200,215.00,"43,000.00"
2019-02-21,2019022101006283,SHPC,52,17,"1,390",216.00,"300,240.00"
2019-02-21,2019022101006282,SHPC,19,17,100,217.00,"21,700.00"
2019-02-21,2019022101006495,SIC,42,7,10,"1,280.00","12,800.00"
2019-02-21,2019022101006494,SIC,39,7,20,"1,280.00","25,600.00"
2019-02-21,2019022101006473,SICL,43,59,71,870.00,"61,770.00"
2019-02-21,2019022101006326,SICL,53,59,29,870.00,"25,230.00"
2019-02-21,2019022101006325,SICL,53,53,71,868.00,"61,628.00"
2019-02-21,2019022101006320,SKBBL,14,49,79,835.00,"65,965.00"
2019-02-21,2019022101006382,SLBS,54,6,10,966.00,"9,660.00"
2019-02-21,2019022101006262,SLBS,36,39,300,970.00,"291,000.00"
2019-02-21,2019022101006261,SLBS,7,39,14,970.00,"13,580.00"
2019-02-21,2019022101006592,SLBSL,43,41,10,783.00,"7,830.00"
2019-02-21,2019022101006584,SLBSL,43,41,10,783.00,"7,830.00"
2019-02-21,2019022101006277,SLBSL,43,42,10,783.00,"7,830.00"
2019-02-21,2019022101006144,SLBSL,43,47,10,783.00,"7,830.00"
2019-02-21,2019022101006142,SLBSL,43,17,10,783.00,"7,830.00"
2019-02-21,2019022101006410,SLBSL,43,46,10,783.00,"7,830.00"
2019-02-21,2019022101006487,SLICL,51,49,26,525.00,"13,650.00"
2019-02-21,2019022101006403,SMB,34,41,10,631.00,"6,310.00"
2019-02-21,2019022101006481,SRBL,6,41,175,208.00,"36,400.00"
2019-02-21,2019022101006331,SRBL,6,42,50,209.00,"10,450.00"
2019-02-21,2019022101006303,UIC,58,47,100,767.00,"76,700.00"
2019-02-21,2019022101006302,UIC,58,52,50,765.00,"38,250.00"
2019-02-21,2019022101006631,UPPER,35,44,40,225.00,"9,000.00"
2019-02-21,2019022101006618,UPPER,35,44,50,225.00,"11,250.00"
2019-02-21,2019022101006611,UPPER,35,42,10,228.00,"2,280.00"
2019-02-21,2019022101006610,UPPER,35,6,72,228.00,"16,416.00"
2019-02-21,2019022101006609,UPPER,35,32,50,228.00,"11,400.00"
2019-02-21,2019022101006608,UPPER,35,33,500,228.00,"114,000.00"
2019-02-21,2019022101006158,UPPER,33,25,50,224.00,"11,200.00"
2019-02-21,2019022101006207,UPPER,35,41,40,225.00,"9,000.00"
2019-02-21,2019022101006206,UPPER,35,47,20,225.00,"4,500.00"
2019-02-21,2019022101006180,UPPER,33,29,40,224.00,"8,960.00"
2019-02-21,2019022101006161,UPPER,33,25,50,224.00,"11,200.00"
2019-02-21,2019022101006160,UPPER,33,37,40,224.00,"8,960.00"
2019-02-21,2019022101006159,UPPER,33,8,256,224.00,"57,344.00"
2019-02-21,2019022101006218,UPPER,33,55,50,224.00,"11,200.00"
2019-02-21,2019022101006212,UPPER,35,6,40,225.00,"9,000.00"
2019-02-21,2019022101006211,UPPER,35,14,40,225.00,"9,000.00"
2019-02-21,2019022101006210,UPPER,35,40,40,225.00,"9,000.00"
2019-02-21,2019022101006209,UPPER,35,14,44,225.00,"9,900.00"
2019-02-21,2019022101006208,UPPER,35,32,100,225.00,"22,500.00"
2019-02-21,2019022101006268,UPPER,33,39,40,224.00,"8,960.00"
2019-02-21,2019022101006260,UPPER,33,41,50,224.00,"11,200.00"
2019-02-21,2019022101006256,UPPER,33,42,40,224.00,"8,960.00"
2019-02-21,2019022101006249,UPPER,33,39,40,224.00,"8,960.00"
2019-02-21,2019022101006226,UPPER,33,39,40,224.00,"8,960.00"
2019-02-21,2019022101006308,UPPER,40,43,200,223.00,"44,600.00"
2019-02-21,2019022101006307,UPPER,29,43,440,223.00,"98,120.00"
2019-02-21,2019022101006301,UPPER,29,39,40,223.00,"8,920.00"
2019-02-21,2019022101006284,UPPER,29,42,40,223.00,"8,920.00"
2019-02-21,2019022101006280,UPPER,29,39,50,223.00,"11,150.00"
2019-02-21,2019022101006278,UPPER,33,43,300,224.00,"67,200.00"
2019-02-21,2019022101006402,UPPER,57,49,50,223.00,"11,150.00"
2019-02-21,2019022101006399,UPPER,57,46,20,223.00,"4,460.00"
2019-02-21,2019022101006395,UPPER,57,41,50,223.00,"11,150.00"
2019-02-21,2019022101006311,UPPER,57,43,270,223.00,"60,210.00"
2019-02-21,2019022101006310,UPPER,19,43,70,223.00,"15,610.00"
2019-02-21,2019022101006309,UPPER,6,43,20,223.00,"4,460.00"
2019-02-21,2019022101006530,UPPER,48,8,100,224.00,"22,400.00"
2019-02-21,2019022101006516,UPPER,56,54,28,225.00,"6,300.00"
2019-02-21,2019022101006515,UPPER,56,54,72,225.00,"16,200.00"
2019-02-21,2019022101006513,UPPER,48,45,50,224.00,"11,200.00"
2019-02-21,2019022101006468,UPPER,48,48,50,224.00,"11,200.00"
2019-02-21,2019022101006412,UPPER,48,43,200,224.00,"44,800.00"
2019-02-21,2019022101006541,UPPER,54,54,53,225.00,"11,925.00"
2019-02-21,2019022101006540,UPPER,54,54,72,225.00,"16,200.00"
2019-02-21,2019022101006539,UPPER,54,54,72,225.00,"16,200.00"
2019-02-21,2019022101006538,UPPER,54,54,72,225.00,"16,200.00"
2019-02-21,2019022101006537,UPPER,54,54,25,225.00,"5,625.00"
2019-02-21,2019022101006531,UPPER,33,8,168,224.00,"37,632.00"
2019-02-21,2019022101006596,UPPER,35,44,50,225.00,"11,250.00"
2019-02-21,2019022101006575,UPPER,33,39,40,224.00,"8,960.00"
2019-02-21,2019022101006545,UPPER,54,44,50,225.00,"11,250.00"
2019-02-21,2019022101006544,UPPER,54,54,72,225.00,"16,200.00"
2019-02-21,2019022101006543,UPPER,54,54,72,225.00,"16,200.00"
2019-02-21,2019022101006542,UPPER,54,54,53,225.00,"11,925.00"
2019-02-21,2019022101006607,UPPER,35,22,50,228.00,"11,400.00"
2019-02-21,2019022101006606,UPPER,35,6,40,227.00,"9,080.00"
2019-02-21,2019022101006605,UPPER,35,13,40,227.00,"9,080.00"
2019-02-21,2019022101006604,UPPER,35,8,40,226.00,"9,040.00"
2019-02-21,2019022101006603,UPPER,35,26,50,226.00,"11,300.00"
2019-02-21,2019022101006602,UPPER,35,47,146,226.00,"32,996.00"
2019-02-21,2019022101006566,WOMI,48,22,10,"1,180.00","11,800.00"
2019-02-21,2019022101006121,ADBL,3,46,50,332.00,"16,600.00"
2019-02-21,2019022101005975,ADBL,3,5,912,332.00,"302,784.00"
2019-02-21,2019022101005973,ADBL,55,5,26,332.00,"8,632.00"
2019-02-21,2019022101005972,ADBL,58,5,50,332.00,"16,600.00"
2019-02-21,2019022101005971,ADBL,32,5,12,332.00,"3,984.00"
2019-02-21,2019022101005863,ADBL,39,53,50,333.00,"16,650.00"
2019-02-21,2019022101005862,ADBL,39,28,220,333.00,"73,260.00"
2019-02-21,2019022101005861,ADBL,39,32,30,333.00,"9,990.00"
2019-02-21,2019022101005915,AHPC,6,34,20,98.00,"1,960.00"
2019-02-21,2019022101005914,AHPC,35,34,500,98.00,"49,000.00"
2019-02-21,2019022101005940,AKJCL,22,39,20,79.00,"1,580.00"
2019-02-21,2019022101005918,AKJCL,22,39,10,79.00,790.00
2019-02-21,2019022101005878,AKJCL,6,39,10,80.00,800.00
2019-02-21,2019022101005875,AKJCL,22,39,10,79.00,790.00
2019-02-21,2019022101005832,AKJCL,22,39,10,79.00,790.00
2019-02-21,2019022101005814,AKJCL,22,39,10,79.00,790.00
2019-02-21,2019022101005684,AKJCL,22,39,10,79.00,790.00
2019-02-21,2019022101005651,AKJCL,22,39,20,79.00,"1,580.00"
2019-02-21,2019022101005789,AKJCL,22,39,20,79.00,"1,580.00"
2019-02-21,2019022101005788,AKJCL,22,49,20,79.00,"1,580.00"
2019-02-21,2019022101005779,AKJCL,22,39,10,79.00,790.00
2019-02-21,2019022101005768,AKJCL,22,39,20,79.00,"1,580.00"
2019-02-21,2019022101005760,AKJCL,6,49,20,80.00,"1,600.00"
2019-02-21,2019022101005700,AKJCL,22,49,20,79.00,"1,580.00"
2019-02-21,2019022101005776,API,34,20,11,126.00,"1,386.00"
2019-02-21,2019022101006136,BOKL,16,33,150,244.00,"36,600.00"
2019-02-21,2019022101005939,BOKL,16,33,100,244.00,"24,400.00"
2019-02-21,2019022101005766,BOKL,33,33,"1,000",243.00,"243,000.00"
2019-02-21,2019022101005663,BOKL,33,33,"1,000",243.00,"243,000.00"
2019-02-21,2019022101005662,BOKL,6,33,"1,000",243.00,"243,000.00"
2019-02-21,2019022101005931,BPCL,42,25,10,345.00,"3,450.00"
2019-02-21,2019022101005805,BPCL,42,56,10,345.00,"3,450.00"
2019-02-21,2019022101005806,CBBL,14,32,100,874.00,"87,400.00"
2019-02-21,2019022101005991,CCBL,22,48,20,160.00,"3,200.00"
2019-02-21,2019022101005790,CCBL,29,48,427,160.00,"68,320.00"
2019-02-21,2019022101005697,CCBL,29,28,73,160.00,"11,680.00"
2019-02-21,2019022101005696,CCBL,22,28,10,160.00,"1,600.00"
2019-02-21,2019022101005695,CCBL,49,28,50,160.00,"8,000.00"
2019-02-21,2019022101005767,CHL,45,35,113,102.00,"11,526.00"
2019-02-21,2019022101006138,CHLBS,16,47,10,601.00,"6,010.00"
2019-02-21,2019022101006137,CHLBS,16,57,10,601.00,"6,010.00"
2019-02-21,2019022101006135,CHLBS,16,20,10,601.00,"6,010.00"
2019-02-21,2019022101006120,CHLBS,16,46,10,601.00,"6,010.00"
2019-02-21,2019022101006119,CHLBS,16,40,10,601.00,"6,010.00"
2019-02-21,2019022101006116,CHLBS,16,47,10,601.00,"6,010.00"
2019-02-21,2019022101005643,CHLBS,14,8,10,599.00,"5,990.00"
2019-02-21,2019022101005642,CHLBS,42,29,10,598.00,"5,980.00"
2019-02-21,2019022101005673,CHLBS,57,29,10,598.00,"5,980.00"
2019-02-21,2019022101005670,CHLBS,57,43,10,598.00,"5,980.00"
2019-02-21,2019022101005653,CHLBS,57,39,10,598.00,"5,980.00"
2019-02-21,2019022101005650,CHLBS,57,29,10,598.00,"5,980.00"
2019-02-21,2019022101005647,CHLBS,14,32,10,599.00,"5,990.00"
2019-02-21,2019022101005644,CHLBS,14,39,10,599.00,"5,990.00"
2019-02-21,2019022101005679,CHLBS,55,44,10,600.00,"6,000.00"
2019-02-21,2019022101005678,CHLBS,55,39,10,600.00,"6,000.00"
2019-02-21,2019022101005677,CHLBS,55,39,10,600.00,"6,000.00"
2019-02-21,2019022101005676,CHLBS,55,59,10,600.00,"6,000.00"
2019-02-21,2019022101005675,CHLBS,55,51,10,600.00,"6,000.00"
2019-02-21,2019022101005674,CHLBS,55,29,10,600.00,"6,000.00"
2019-02-21,2019022101005689,CHLBS,57,46,10,598.00,"5,980.00"
2019-02-21,2019022101005688,CHLBS,57,43,10,598.00,"5,980.00"
2019-02-21,2019022101005683,CHLBS,55,39,10,600.00,"6,000.00"
2019-02-21,2019022101005682,CHLBS,55,29,10,600.00,"6,000.00"
2019-02-21,2019022101005681,CHLBS,55,40,10,600.00,"6,000.00"
2019-02-21,2019022101005680,CHLBS,55,39,10,600.00,"6,000.00"
2019-02-21,2019022101005706,CHLBS,8,43,10,599.00,"5,990.00"
2019-02-21,2019022101005705,CHLBS,57,42,10,598.00,"5,980.00"
2019-02-21,2019022101005701,CHLBS,57,49,10,598.00,"5,980.00"
2019-02-21,2019022101005698,CHLBS,57,29,10,598.00,"5,980.00"
2019-02-21,2019022101005694,CHLBS,26,44,10,600.00,"6,000.00"
2019-02-21,2019022101005693,CHLBS,26,44,10,600.00,"6,000.00"
2019-02-21,2019022101005712,CHLBS,8,52,10,600.00,"6,000.00"
2019-02-21,2019022101005711,CHLBS,8,44,10,600.00,"6,000.00"
2019-02-21,2019022101005710,CHLBS,8,8,10,600.00,"6,000.00"
2019-02-21,2019022101005709,CHLBS,8,40,10,600.00,"6,000.00"
2019-02-21,2019022101005708,CHLBS,8,44,10,600.00,"6,000.00"
2019-02-21,2019022101005707,CHLBS,8,32,10,600.00,"6,000.00"
2019-02-21,2019022101005718,CHLBS,8,44,10,600.00,"6,000.00"
2019-02-21,2019022101005717,CHLBS,8,44,10,600.00,"6,000.00"
2019-02-21,2019022101005716,CHLBS,8,44,10,600.00,"6,000.00"
2019-02-21,2019022101005715,CHLBS,8,28,10,600.00,"6,000.00"
2019-02-21,2019022101005714,CHLBS,8,44,10,600.00,"6,000.00"
2019-02-21,2019022101005713,CHLBS,8,8,10,600.00,"6,000.00"
2019-02-21,2019022101005724,CHLBS,8,44,10,600.00,"6,000.00"
2019-02-21,2019022101005723,CHLBS,8,43,10,600.00,"6,000.00"
2019-02-21,2019022101005722,CHLBS,8,44,10,600.00,"6,000.00"
2019-02-21,2019022101005721,CHLBS,8,44,10,600.00,"6,000.00"
2019-02-21,2019022101005720,CHLBS,8,54,10,600.00,"6,000.00"
2019-02-21,2019022101005719,CHLBS,8,44,10,600.00,"6,000.00"
2019-02-21,2019022101005730,CHLBS,8,44,10,600.00,"6,000.00"
2019-02-21,2019022101005729,CHLBS,8,44,10,600.00,"6,000.00"
2019-02-21,2019022101005728,CHLBS,8,44,10,600.00,"6,000.00"
2019-02-21,2019022101005727,CHLBS,8,44,10,600.00,"6,000.00"
2019-02-21,2019022101005726,CHLBS,8,44,10,600.00,"6,000.00"
2019-02-21,2019022101005725,CHLBS,8,44,10,600.00,"6,000.00"
2019-02-21,2019022101005736,CHLBS,8,57,10,600.00,"6,000.00"
2019-02-21,2019022101005735,CHLBS,8,57,10,600.00,"6,000.00"
2019-02-21,2019022101005734,CHLBS,8,57,10,600.00,"6,000.00"
2019-02-21,2019022101005733,CHLBS,8,57,10,600.00,"6,000.00"
2019-02-21,2019022101005732,CHLBS,8,57,10,600.00,"6,000.00"
2019-02-21,2019022101005731,CHLBS,8,51,10,600.00,"6,000.00"
2019-02-21,2019022101005742,CHLBS,8,6,10,600.00,"6,000.00"
2019-02-21,2019022101005741,CHLBS,8,57,10,600.00,"6,000.00"
2019-02-21,2019022101005740,CHLBS,8,57,10,600.00,"6,000.00"
2019-02-21,2019022101005739,CHLBS,8,5,10,600.00,"6,000.00"
2019-02-21,2019022101005738,CHLBS,8,25,10,600.00,"6,000.00"
2019-02-21,2019022101005737,CHLBS,8,57,10,600.00,"6,000.00"
2019-02-21,2019022101005748,CHLBS,8,42,10,600.00,"6,000.00"
2019-02-21,2019022101005747,CHLBS,8,44,10,600.00,"6,000.00"
2019-02-21,2019022101005746,CHLBS,8,36,10,600.00,"6,000.00"
2019-02-21,2019022101005745,CHLBS,8,34,10,600.00,"6,000.00"
2019-02-21,2019022101005744,CHLBS,8,6,10,600.00,"6,000.00"
2019-02-21,2019022101005743,CHLBS,8,39,10,600.00,"6,000.00"
2019-02-21,2019022101005754,CHLBS,8,42,10,600.00,"6,000.00"
2019-02-21,2019022101005753,CHLBS,8,44,10,600.00,"6,000.00"
2019-02-21,2019022101005752,CHLBS,8,42,10,600.00,"6,000.00"
2019-02-21,2019022101005751,CHLBS,8,39,10,600.00,"6,000.00"
2019-02-21,2019022101005750,CHLBS,8,39,10,600.00,"6,000.00"
2019-02-21,2019022101005749,CHLBS,8,39,10,600.00,"6,000.00"
2019-02-21,2019022101005800,CHLBS,14,25,10,598.00,"5,980.00"
2019-02-21,2019022101005793,CHLBS,14,26,10,598.00,"5,980.00"
2019-02-21,2019022101005771,CHLBS,29,39,10,598.00,"5,980.00"
2019-02-21,2019022101005770,CHLBS,59,49,10,598.00,"5,980.00"
2019-02-21,2019022101005769,CHLBS,57,42,10,598.00,"5,980.00"
2019-02-21,2019022101005755,CHLBS,8,13,10,600.00,"6,000.00"
2019-02-21,2019022101005823,CHLBS,13,25,10,599.00,"5,990.00"
2019-02-21,2019022101005819,CHLBS,13,43,10,599.00,"5,990.00"
2019-02-21,2019022101005817,CHLBS,13,39,10,599.00,"5,990.00"
2019-02-21,2019022101005812,CHLBS,13,25,10,599.00,"5,990.00"
2019-02-21,2019022101005809,CHLBS,40,25,10,598.00,"5,980.00"
2019-02-21,2019022101005808,CHLBS,52,52,10,599.00,"5,990.00"
2019-02-21,2019022101005836,CHLBS,19,46,10,600.00,"6,000.00"
2019-02-21,2019022101005835,CHLBS,19,40,10,600.00,"6,000.00"
2019-02-21,2019022101005831,CHLBS,13,39,10,599.00,"5,990.00"
2019-02-21,2019022101005829,CHLBS,13,52,10,599.00,"5,990.00"
2019-02-21,2019022101005825,CHLBS,13,25,10,599.00,"5,990.00"
2019-02-21,2019022101005824,CHLBS,13,6,10,599.00,"5,990.00"
2019-02-21,2019022101005842,CHLBS,19,45,10,600.00,"6,000.00"
2019-02-21,2019022101005841,CHLBS,19,33,10,600.00,"6,000.00"
2019-02-21,2019022101005840,CHLBS,19,47,10,600.00,"6,000.00"
2019-02-21,2019022101005839,CHLBS,19,25,10,600.00,"6,000.00"
2019-02-21,2019022101005838,CHLBS,19,44,10,600.00,"6,000.00"
2019-02-21,2019022101005837,CHLBS,19,41,10,600.00,"6,000.00"
2019-02-21,2019022101005887,CHLBS,51,39,10,600.00,"6,000.00"
2019-02-21,2019022101005886,CHLBS,51,25,10,600.00,"6,000.00"
2019-02-21,2019022101005874,CHLBS,52,25,10,600.00,"6,000.00"
2019-02-21,2019022101005860,CHLBS,13,39,10,599.00,"5,990.00"
2019-02-21,2019022101005850,CHLBS,19,39,10,600.00,"6,000.00"
2019-02-21,2019022101005843,CHLBS,19,25,10,600.00,"6,000.00"
2019-02-21,2019022101005893,CHLBS,51,25,10,600.00,"6,000.00"
2019-02-21,2019022101005892,CHLBS,51,39,10,600.00,"6,000.00"
2019-02-21,2019022101005891,CHLBS,51,39,10,600.00,"6,000.00"
2019-02-21,2019022101005890,CHLBS,51,25,10,600.00,"6,000.00"
2019-02-21,2019022101005889,CHLBS,51,39,10,600.00,"6,000.00"
2019-02-21,2019022101005888,CHLBS,51,25,10,600.00,"6,000.00"
2019-02-21,2019022101005910,CHLBS,8,43,10,600.00,"6,000.00"
2019-02-21,2019022101005904,CHLBS,8,21,10,600.00,"6,000.00"
2019-02-21,2019022101005903,CHLBS,8,25,10,600.00,"6,000.00"
2019-02-21,2019022101005898,CHLBS,13,39,10,599.00,"5,990.00"
2019-02-21,2019022101005895,CHLBS,51,39,10,600.00,"6,000.00"
2019-02-21,2019022101005894,CHLBS,51,39,10,600.00,"6,000.00"
2019-02-21,2019022101005934,CHLBS,8,38,10,600.00,"6,000.00"
2019-02-21,2019022101005933,CHLBS,8,25,10,600.00,"6,000.00"
2019-02-21,2019022101005927,CHLBS,8,38,10,600.00,"6,000.00"
2019-02-21,2019022101005917,CHLBS,8,40,10,600.00,"6,000.00"
2019-02-21,2019022101005912,CHLBS,8,38,10,600.00,"6,000.00"
2019-02-21,2019022101005911,CHLBS,8,25,10,600.00,"6,000.00"
2019-02-21,2019022101005948,CHLBS,8,25,10,600.00,"6,000.00"
2019-02-21,2019022101005946,CHLBS,8,26,10,600.00,"6,000.00"
2019-02-21,2019022101005942,CHLBS,8,45,10,600.00,"6,000.00"
2019-02-21,2019022101005938,CHLBS,8,25,10,600.00,"6,000.00"
2019-02-21,2019022101005936,CHLBS,8,43,10,600.00,"6,000.00"
2019-02-21,2019022101005935,CHLBS,8,40,10,600.00,"6,000.00"
2019-02-21,2019022101005957,CHLBS,8,11,10,600.00,"6,000.00"
2019-02-21,2019022101005954,CHLBS,8,20,10,600.00,"6,000.00"
2019-02-21,2019022101005953,CHLBS,8,49,10,600.00,"6,000.00"
2019-02-21,2019022101005951,CHLBS,59,53,10,601.00,"6,010.00"
2019-02-21,2019022101005950,CHLBS,59,35,10,601.00,"6,010.00"
2019-02-21,2019022101005949,CHLBS,59,26,10,601.00,"6,010.00"
2019-02-21,2019022101005964,CHLBS,8,26,10,600.00,"6,000.00"
2019-02-21,2019022101005963,CHLBS,19,44,10,601.00,"6,010.00"
2019-02-21,2019022101005962,CHLBS,8,29,10,600.00,"6,000.00"
2019-02-21,2019022101005961,CHLBS,8,39,10,600.00,"6,000.00"
2019-02-21,2019022101005960,CHLBS,8,20,10,600.00,"6,000.00"
2019-02-21,2019022101005959,CHLBS,8,49,10,600.00,"6,000.00"
2019-02-21,2019022101005981,CHLBS,41,44,10,601.00,"6,010.00"
2019-02-21,2019022101005980,CHLBS,41,53,918,601.00,"551,718.00"
2019-02-21,2019022101005979,CHLBS,41,58,10,601.00,"6,010.00"
2019-02-21,2019022101005978,CHLBS,41,53,10,601.00,"6,010.00"
2019-02-21,2019022101005969,CHLBS,8,11,10,600.00,"6,000.00"
2019-02-21,2019022101005965,CHLBS,8,21,10,600.00,"6,000.00"
2019-02-21,2019022101005988,CHLBS,8,29,10,600.00,"6,000.00"
2019-02-21,2019022101005986,CHLBS,41,44,10,601.00,"6,010.00"
2019-02-21,2019022101005985,CHLBS,41,19,10,601.00,"6,010.00"
2019-02-21,2019022101005984,CHLBS,41,44,10,601.00,"6,010.00"
2019-02-21,2019022101005983,CHLBS,41,26,10,601.00,"6,010.00"
2019-02-21,2019022101005982,CHLBS,41,44,10,601.00,"6,010.00"
2019-02-21,2019022101005997,CHLBS,19,16,10,601.00,"6,010.00"
2019-02-21,2019022101005996,CHLBS,19,39,10,601.00,"6,010.00"
2019-02-21,2019022101005995,CHLBS,19,3,10,601.00,"6,010.00"
2019-02-21,2019022101005994,CHLBS,19,3,10,601.00,"6,010.00"
2019-02-21,2019022101005993,CHLBS,19,44,10,601.00,"6,010.00"
2019-02-21,2019022101005992,CHLBS,19,3,10,601.00,"6,010.00"
2019-02-21,2019022101006003,CHLBS,19,41,10,601.00,"6,010.00"
2019-02-21,2019022101006002,CHLBS,19,44,10,601.00,"6,010.00"
2019-02-21,2019022101006001,CHLBS,19,58,10,601.00,"6,010.00"
2019-02-21,2019022101006000,CHLBS,19,3,10,601.00,"6,010.00"
2019-02-21,2019022101005999,CHLBS,19,44,10,601.00,"6,010.00"
2019-02-21,2019022101005998,CHLBS,19,19,10,601.00,"6,010.00"
2019-02-21,2019022101006009,CHLBS,19,44,10,601.00,"6,010.00"
2019-02-21,2019022101006008,CHLBS,19,21,10,601.00,"6,010.00"
2019-02-21,2019022101006007,CHLBS,19,54,10,601.00,"6,010.00"
2019-02-21,2019022101006006,CHLBS,19,44,10,601.00,"6,010.00"
2019-02-21,2019022101006005,CHLBS,19,44,10,601.00,"6,010.00"
2019-02-21,2019022101006004,CHLBS,19,41,10,601.00,"6,010.00"
2019-02-21,2019022101006015,CHLBS,13,21,10,601.00,"6,010.00"
2019-02-21,2019022101006014,CHLBS,13,57,10,601.00,"6,010.00"
2019-02-21,2019022101006013,CHLBS,8,47,10,600.00,"6,000.00"
2019-02-21,2019022101006012,CHLBS,8,40,10,600.00,"6,000.00"
2019-02-21,2019022101006011,CHLBS,19,44,10,601.00,"6,010.00"
2019-02-21,2019022101006010,CHLBS,19,21,10,601.00,"6,010.00"
2019-02-21,2019022101006021,CHLBS,13,21,10,601.00,"6,010.00"
2019-02-21,2019022101006020,CHLBS,13,55,10,601.00,"6,010.00"
2019-02-21,2019022101006019,CHLBS,13,44,10,601.00,"6,010.00"
2019-02-21,2019022101006018,CHLBS,13,21,10,601.00,"6,010.00"
2019-02-21,2019022101006017,CHLBS,13,21,10,601.00,"6,010.00"
2019-02-21,2019022101006016,CHLBS,13,44,10,601.00,"6,010.00"
2019-02-21,2019022101006027,CHLBS,13,21,10,601.00,"6,010.00"
2019-02-21,2019022101006026,CHLBS,13,21,10,601.00,"6,010.00"
2019-02-21,2019022101006025,CHLBS,13,21,10,601.00,"6,010.00"
2019-02-21,2019022101006024,CHLBS,13,21,10,601.00,"6,010.00"
2019-02-21,2019022101006023,CHLBS,13,44,10,601.00,"6,010.00"
2019-02-21,2019022101006022,CHLBS,13,21,10,601.00,"6,010.00"
2019-02-21,2019022101006033,CHLBS,13,44,10,601.00,"6,010.00"
2019-02-21,2019022101006032,CHLBS,13,46,10,601.00,"6,010.00"
2019-02-21,2019022101006031,CHLBS,13,21,10,601.00,"6,010.00"
2019-02-21,2019022101006030,CHLBS,13,46,10,601.00,"6,010.00"
2019-02-21,2019022101006029,CHLBS,13,44,10,601.00,"6,010.00"
2019-02-21,2019022101006028,CHLBS,13,21,10,601.00,"6,010.00"
2019-02-21,2019022101006039,CHLBS,13,47,10,601.00,"6,010.00"
2019-02-21,2019022101006038,CHLBS,13,44,10,601.00,"6,010.00"
2019-02-21,2019022101006037,CHLBS,13,44,10,601.00,"6,010.00"
2019-02-21,2019022101006036,CHLBS,13,44,10,601.00,"6,010.00"
2019-02-21,2019022101006035,CHLBS,13,44,10,601.00,"6,010.00"
2019-02-21,2019022101006034,CHLBS,13,44,10,601.00,"6,010.00"
2019-02-21,2019022101006045,CHLBS,13,3,10,601.00,"6,010.00"
2019-02-21,2019022101006044,CHLBS,13,1,10,601.00,"6,010.00"
2019-02-21,2019022101006043,CHLBS,13,1,10,601.00,"6,010.00"
2019-02-21,2019022101006042,CHLBS,13,21,10,601.00,"6,010.00"
2019-02-21,2019022101006041,CHLBS,13,47,10,601.00,"6,010.00"
2019-02-21,2019022101006040,CHLBS,13,44,10,601.00,"6,010.00"
2019-02-21,2019022101006051,CHLBS,13,44,10,601.00,"6,010.00"
2019-02-21,2019022101006050,CHLBS,13,44,10,601.00,"6,010.00"
2019-02-21,2019022101006049,CHLBS,13,3,10,601.00,"6,010.00"
2019-02-21,2019022101006048,CHLBS,13,42,100,601.00,"60,100.00"
2019-02-21,2019022101006047,CHLBS,13,22,10,601.00,"6,010.00"
2019-02-21,2019022101006046,CHLBS,13,21,10,601.00,"6,010.00"
2019-02-21,2019022101006057,CHLBS,13,8,10,601.00,"6,010.00"
2019-02-21,2019022101006056,CHLBS,13,8,10,601.00,"6,010.00"
2019-02-21,2019022101006055,CHLBS,13,21,10,601.00,"6,010.00"
2019-02-21,2019022101006054,CHLBS,13,21,10,601.00,"6,010.00"
2019-02-21,2019022101006053,CHLBS,13,8,10,601.00,"6,010.00"
2019-02-21,2019022101006052,CHLBS,13,3,10,601.00,"6,010.00"
2019-02-21,2019022101006063,CHLBS,13,8,10,601.00,"6,010.00"
2019-02-21,2019022101006062,CHLBS,13,8,10,601.00,"6,010.00"
2019-02-21,2019022101006061,CHLBS,13,8,10,601.00,"6,010.00"
2019-02-21,2019022101006060,CHLBS,13,8,10,601.00,"6,010.00"
2019-02-21,2019022101006059,CHLBS,13,8,10,601.00,"6,010.00"
2019-02-21,2019022101006058,CHLBS,13,8,10,601.00,"6,010.00"
2019-02-21,2019022101006069,CHLBS,13,39,10,601.00,"6,010.00"
2019-02-21,2019022101006068,CHLBS,13,4,10,601.00,"6,010.00"
2019-02-21,2019022101006067,CHLBS,13,4,10,601.00,"6,010.00"
2019-02-21,2019022101006066,CHLBS,13,48,10,601.00,"6,010.00"
2019-02-21,2019022101006065,CHLBS,13,48,10,601.00,"6,010.00"
2019-02-21,2019022101006064,CHLBS,13,41,10,601.00,"6,010.00"
2019-02-21,2019022101006075,CHLBS,13,39,10,601.00,"6,010.00"
2019-02-21,2019022101006074,CHLBS,13,39,10,601.00,"6,010.00"
2019-02-21,2019022101006073,CHLBS,13,39,10,601.00,"6,010.00"
2019-02-21,2019022101006072,CHLBS,13,39,10,601.00,"6,010.00"
2019-02-21,2019022101006071,CHLBS,13,39,10,601.00,"6,010.00"
2019-02-21,2019022101006070,CHLBS,13,39,10,601.00,"6,010.00"
2019-02-21,2019022101006081,CHLBS,13,49,10,601.00,"6,010.00"
2019-02-21,2019022101006080,CHLBS,13,39,10,601.00,"6,010.00"
2019-02-21,2019022101006079,CHLBS,13,42,10,601.00,"6,010.00"
2019-02-21,2019022101006078,CHLBS,13,39,10,601.00,"6,010.00"
2019-02-21,2019022101006077,CHLBS,13,39,10,601.00,"6,010.00"
2019-02-21,2019022101006076,CHLBS,13,39,10,601.00,"6,010.00"
2019-02-21,2019022101006087,CHLBS,13,17,10,601.00,"6,010.00"
2019-02-21,2019022101006086,CHLBS,13,16,10,601.00,"6,010.00"
2019-02-21,2019022101006085,CHLBS,13,42,10,601.00,"6,010.00"
2019-02-21,2019022101006084,CHLBS,13,36,10,601.00,"6,010.00"
2019-02-21,2019022101006083,CHLBS,13,49,10,601.00,"6,010.00"
2019-02-21,2019022101006082,CHLBS,13,42,10,601.00,"6,010.00"
2019-02-21,2019022101006093,CHLBS,13,39,10,601.00,"6,010.00"
2019-02-21,2019022101006092,CHLBS,13,39,10,601.00,"6,010.00"
2019-02-21,2019022101006091,CHLBS,13,39,10,601.00,"6,010.00"
2019-02-21,2019022101006090,CHLBS,13,53,10,601.00,"6,010.00"
2019-02-21,2019022101006089,CHLBS,13,40,10,601.00,"6,010.00"
2019-02-21,2019022101006088,CHLBS,13,42,10,601.00,"6,010.00"
2019-02-21,2019022101006102,CHLBS,43,33,10,601.00,"6,010.00"
2019-02-21,2019022101006101,CHLBS,43,13,10,601.00,"6,010.00"
2019-02-21,2019022101006100,CHLBS,43,13,10,601.00,"6,010.00"
2019-02-21,2019022101006099,CHLBS,43,33,10,601.00,"6,010.00"
2019-02-21,2019022101006098,CHLBS,43,13,10,601.00,"6,010.00"
2019-02-21,2019022101006094,CHLBS,13,39,10,601.00,"6,010.00"
2019-02-21,2019022101006108,CHLBS,50,33,10,601.00,"6,010.00"
2019-02-21,2019022101006107,CHLBS,50,33,10,601.00,"6,010.00"
2019-02-21,2019022101006106,CHLBS,50,1,10,601.00,"6,010.00"
2019-02-21,2019022101006105,CHLBS,50,33,10,601.00,"6,010.00"
2019-02-21,2019022101006104,CHLBS,50,33,10,601.00,"6,010.00"
2019-02-21,2019022101006103,CHLBS,50,33,10,601.00,"6,010.00"
2019-02-21,2019022101006114,CHLBS,16,57,10,601.00,"6,010.00"
2019-02-21,2019022101006113,CHLBS,16,42,70,601.00,"42,070.00"
2019-02-21,2019022101006112,CHLBS,8,40,10,600.00,"6,000.00"
2019-02-21,2019022101006111,CHLBS,8,46,10,600.00,"6,000.00"
2019-02-21,2019022101006110,CHLBS,50,42,30,601.00,"18,030.00"
2019-02-21,2019022101006109,CHLBS,50,40,10,601.00,"6,010.00"
2019-02-21,2019022101006097,CIT,16,28,100,"2,544.00","254,400.00"
2019-02-21,2019022101006096,CIT,16,13,200,"2,543.00","508,600.00"
2019-02-21,2019022101005945,CIT,48,17,10,"2,542.00","25,420.00"
2019-02-21,2019022101005871,CZBIL,26,1,500,204.00,"102,000.00"
2019-02-21,2019022101005669,DBBL,32,19,400,122.00,"48,800.00"
2019-02-21,2019022101005811,EBL,46,45,10,511.00,"5,110.00"
2019-02-21,2019022101005810,EBL,46,47,96,507.00,"48,672.00"
2019-02-21,2019022101005671,EBL,51,47,10,507.00,"5,070.00"
2019-02-21,2019022101005834,GBBL,58,14,55,180.00,"9,900.00"
2019-02-21,2019022101006128,GBLBS,39,44,10,439.00,"4,390.00"
2019-02-21,2019022101006117,GBLBS,56,57,90,440.00,"39,600.00"
2019-02-21,2019022101005897,GFCL,1,25,100,113.00,"11,300.00"
2019-02-21,2019022101005761,GRDBL,43,20,50,102.00,"5,100.00"
2019-02-21,2019022101005913,HBL,6,37,816,433.00,"353,328.00"
2019-02-21,2019022101005822,HGI,44,33,500,381.00,"190,500.00"
2019-02-21,2019022101005859,HIDCL,11,14,56,132.00,"7,392.00"
2019-02-21,2019022101005803,HIDCL,43,50,145,132.00,"19,140.00"
2019-02-21,2019022101005802,HIDCL,43,44,56,132.00,"7,392.00"
2019-02-21,2019022101005801,HIDCL,43,43,20,132.00,"2,640.00"
2019-02-21,2019022101005791,HIDCL,28,20,10,131.00,"1,310.00"
2019-02-21,2019022101005970,HPPL,28,47,20,171.00,"3,420.00"
2019-02-21,2019022101005880,HPPL,28,38,10,171.00,"1,710.00"
2019-02-21,2019022101005704,HPPL,28,47,20,171.00,"3,420.00"
2019-02-21,2019022101005816,KBL,6,49,53,232.00,"12,296.00"
2019-02-21,2019022101006118,KPCL,57,20,10,90.00,900.00
2019-02-21,2019022101005989,KPCL,57,20,10,90.00,900.00
2019-02-21,2019022101005687,KPCL,57,49,10,90.00,900.00
2019-02-21,2019022101006134,LBL,26,16,400,186.00,"74,400.00"
2019-02-21,2019022101006133,LBL,22,16,10,186.00,"1,860.00"
2019-02-21,2019022101006132,LBL,58,16,30,186.00,"5,580.00"
2019-02-21,2019022101005906,LBL,6,49,52,187.00,"9,724.00"
2019-02-21,2019022101006139,MBL,36,58,424,208.00,"88,192.00"
2019-02-21,2019022101006127,MEGA,17,37,30,159.00,"4,770.00"
2019-02-21,2019022101006095,MEGA,19,37,117,159.00,"18,603.00"
2019-02-21,2019022101005937,MEGA,19,39,83,159.00,"13,197.00"
2019-02-21,2019022101005815,MEGA,57,29,26,158.00,"4,108.00"
2019-02-21,2019022101005685,MEGA,43,39,51,159.00,"8,109.00"
2019-02-21,2019022101005968,NABIL,58,25,100,800.00,"80,000.00"
2019-02-21,2019022101005967,NABIL,58,25,100,800.00,"80,000.00"
2019-02-21,2019022101005966,NABIL,8,25,30,800.00,"24,000.00"
2019-02-21,2019022101005652,NABIL,26,3,10,801.00,"8,010.00"
2019-02-21,2019022101005958,NABILP,32,35,88,759.00,"66,792.00"
2019-02-21,2019022101005690,NABILP,53,35,12,759.00,"9,108.00"
2019-02-21,2019022101005907,NADEP,55,55,10,738.00,"7,380.00"
2019-02-21,2019022101005858,NBB,26,41,400,184.00,"73,600.00"
2019-02-21,2019022101005857,NBB,55,41,550,184.00,"101,200.00"
2019-02-21,2019022101005692,NBB,11,41,38,185.00,"7,030.00"
2019-02-21,2019022101005691,NBB,11,43,162,185.00,"29,970.00"
2019-02-21,2019022101005956,NIB,44,34,33,500.00,"16,500.00"
2019-02-21,2019022101005955,NIB,14,47,14,499.00,"6,986.00"
2019-02-21,2019022101005944,NIB,4,4,5,500.00,"2,500.00"
2019-02-21,2019022101005908,NIB,34,34,20,500.00,"10,000.00"
2019-02-21,2019022101005900,NIB,25,34,20,500.00,"10,000.00"
2019-02-21,2019022101005884,NIB,52,49,200,500.00,"100,000.00"
2019-02-21,2019022101005759,NIB,39,49,500,503.00,"251,500.00"
2019-02-21,2019022101005758,NIB,32,49,100,503.00,"50,300.00"
2019-02-21,2019022101005757,NIB,6,49,100,503.00,"50,300.00"
2019-02-21,2019022101005756,NIB,41,49,30,505.00,"15,150.00"
2019-02-21,2019022101005845,NIB,42,49,50,502.00,"25,100.00"
2019-02-21,2019022101005844,NIB,13,49,174,502.00,"87,348.00"
2019-02-21,2019022101005828,NIB,13,49,26,502.00,"13,052.00"
2019-02-21,2019022101005827,NIB,25,49,44,502.00,"22,088.00"
2019-02-21,2019022101005826,NIB,56,49,200,503.00,"100,600.00"
2019-02-21,2019022101005783,NIB,58,58,100,503.00,"50,300.00"
2019-02-21,2019022101005883,NIB,22,49,100,500.00,"50,000.00"
2019-02-21,2019022101005882,NIB,16,49,500,500.00,"250,000.00"
2019-02-21,2019022101005881,NIB,29,49,250,500.00,"125,000.00"
2019-02-21,2019022101005848,NIB,6,49,50,501.00,"25,050.00"
2019-02-21,2019022101005847,NIB,37,49,500,501.00,"250,500.00"
2019-02-21,2019022101005846,NIB,28,49,200,502.00,"100,400.00"
2019-02-21,2019022101005856,NICA,37,46,40,384.00,"15,360.00"
2019-02-21,2019022101005765,NIL,16,10,90,507.00,"45,630.00"
2019-02-21,2019022101005764,NIL,13,10,200,507.00,"101,400.00"
2019-02-21,2019022101005763,NIL,10,10,10,508.00,"5,080.00"
2019-02-21,2019022101005661,NLIC,19,4,49,"1,008.00","49,392.00"
2019-02-21,2019022101005660,NLIC,34,4,24,"1,008.00","24,192.00"
2019-02-21,2019022101005659,NLICL,8,49,885,624.00,"552,240.00"
2019-02-21,2019022101005658,NLICL,32,49,25,624.00,"15,600.00"
2019-02-21,2019022101005657,NLICL,35,49,60,625.00,"37,500.00"
2019-02-21,2019022101005656,NLICL,58,49,30,625.00,"18,750.00"
2019-02-21,2019022101005974,NMB,45,21,100,301.00,"30,100.00"
2019-02-21,2019022101005926,NMB,43,49,"1,000",302.00,"302,000.00"
2019-02-21,2019022101005925,NMB,6,49,"1,000",302.00,"302,000.00"
2019-02-21,2019022101005924,NMB,57,49,600,302.00,"181,200.00"
2019-02-21,2019022101005923,NMB,42,49,100,302.00,"30,200.00"
2019-02-21,2019022101005922,NMB,29,49,20,302.00,"6,040.00"
2019-02-21,2019022101005921,NMB,1,49,100,303.00,"30,300.00"
2019-02-21,2019022101005920,NMB,57,49,50,303.00,"15,150.00"
2019-02-21,2019022101005919,NMB,57,49,27,304.00,"8,208.00"
2019-02-21,2019022101005762,NMB,51,49,17,305.00,"5,185.00"
2019-02-21,2019022101005664,NMBHF1,47,17,"3,561",8.72,"31,051.92"
2019-02-21,2019022101005641,NNLB,34,49,64,465.00,"29,760.00"
2019-02-21,2019022101005640,NNLB,42,49,100,466.00,"46,600.00"
2019-02-21,2019022101005941,NSEWA,55,55,10,548.00,"5,480.00"
2019-02-21,2019022101005792,NSEWA,17,39,10,547.00,"5,470.00"
2019-02-21,2019022101005665,NSEWA,11,39,10,546.00,"5,460.00"
2019-02-21,2019022101005873,PCBL,25,29,81,309.00,"25,029.00"
2019-02-21,2019022101005849,PCBL,40,29,19,310.00,"5,890.00"
2019-02-21,2019022101006131,PLIC,33,19,140,432.00,"60,480.00"
2019-02-21,2019022101006130,PLIC,56,19,200,432.00,"86,400.00"
2019-02-21,2019022101006129,PLIC,45,19,60,435.00,"26,100.00"
2019-02-21,2019022101006115,PMHPL,49,55,10,106.00,"1,060.00"
2019-02-21,2019022101005952,PMHPL,49,45,10,106.00,"1,060.00"
2019-02-21,2019022101005879,PMHPL,49,38,10,106.00,"1,060.00"
2019-02-21,2019022101005876,PMHPL,49,38,10,106.00,"1,060.00"
2019-02-21,2019022101005872,PMHPL,49,38,10,106.00,"1,060.00"
2019-02-21,2019022101005867,PMHPL,49,38,10,106.00,"1,060.00"
2019-02-21,2019022101005807,PMHPL,49,45,10,106.00,"1,060.00"
2019-02-21,2019022101005786,PMHPL,49,45,10,106.00,"1,060.00"
2019-02-21,2019022101005672,PMHPL,49,49,10,106.00,"1,060.00"
2019-02-21,2019022101005885,PRVU,43,28,200,210.00,"42,000.00"
2019-02-21,2019022101005869,PRVU,25,28,21,210.00,"4,410.00"
2019-02-21,2019022101005868,PRVU,25,11,25,210.00,"5,250.00"
2019-02-21,2019022101005784,PRVU,45,11,108,210.00,"22,680.00"
2019-02-21,2019022101005778,PRVU,38,43,807,209.00,"168,663.00"
2019-02-21,2019022101005777,PRVU,44,43,193,209.00,"40,337.00"
2019-02-21,2019022101005775,PRVU,44,7,140,209.00,"29,260.00"
2019-02-21,2019022101005699,PRVU,44,4,167,209.00,"34,903.00"
2019-02-21,2019022101005877,RLFL,25,25,100,115.00,"11,500.00"
2019-02-21,2019022101005865,RRHP,45,35,160,92.00,"14,720.00"
2019-02-21,2019022101005830,RRHP,45,20,10,92.00,920.00
2019-02-21,2019022101005813,RRHP,45,20,10,92.00,920.00
2019-02-21,2019022101005930,SADBL,59,8,150,137.00,"20,550.00"
2019-02-21,2019022101005929,SADBL,43,8,650,137.00,"89,050.00"
2019-02-21,2019022101005928,SADBL,38,8,200,137.00,"27,400.00"
2019-02-21,2019022101005855,SADBL,53,51,50,137.00,"6,850.00"
2019-02-21,2019022101005854,SADBL,25,51,40,137.00,"5,480.00"
2019-02-21,2019022101005902,SANIMA,56,45,40,292.00,"11,680.00"
2019-02-21,2019022101005901,SANIMA,13,45,22,292.00,"6,424.00"
2019-02-21,2019022101005864,SBI,45,43,42,380.00,"15,960.00"
2019-02-21,2019022101005943,SDESI,50,47,23,593.00,"13,639.00"
2019-02-21,2019022101005851,SDESI,50,45,23,593.00,"13,639.00"
2019-02-21,2019022101005787,SHINE,26,8,425,237.00,"100,725.00"
2019-02-21,2019022101006124,SLBSL,43,47,10,783.00,"7,830.00"
2019-02-21,2019022101006123,SLBSL,43,38,10,783.00,"7,830.00"
2019-02-21,2019022101005990,SLBSL,43,38,10,783.00,"7,830.00"
2019-02-21,2019022101005977,SLBSL,52,52,90,784.00,"70,560.00"
2019-02-21,2019022101005976,SLBSL,45,52,40,785.00,"31,400.00"
2019-02-21,2019022101005852,SLBSL,52,52,10,786.00,"7,860.00"
2019-02-21,2019022101005853,SLICL,32,49,25,525.00,"13,125.00"
2019-02-21,2019022101005773,SLICL,43,8,250,524.00,"131,000.00"
2019-02-21,2019022101005772,SLICL,43,37,225,523.00,"117,675.00"
2019-02-21,2019022101005899,SMB,34,35,10,631.00,"6,310.00"
2019-02-21,2019022101005648,SMB,55,55,10,642.00,"6,420.00"
2019-02-21,2019022101005646,UIC,45,16,200,758.00,"151,600.00"
2019-02-21,2019022101006126,UPPER,39,7,"2,000",224.00,"448,000.00"
2019-02-21,2019022101006125,UPPER,33,7,719,224.00,"161,056.00"
2019-02-21,2019022101006122,UPPER,33,55,40,224.00,"8,960.00"
2019-02-21,2019022101005987,UPPER,33,45,97,224.00,"21,728.00"
2019-02-21,2019022101005649,UPPER,17,39,40,224.00,"8,960.00"
2019-02-21,2019022101005645,UPPER,17,39,40,224.00,"8,960.00"
2019-02-21,2019022101005686,UPPER,29,39,50,223.00,"11,150.00"
2019-02-21,2019022101005668,UPPER,29,39,50,223.00,"11,150.00"
2019-02-21,2019022101005667,UPPER,5,49,30,224.00,"6,720.00"
2019-02-21,2019022101005666,UPPER,5,39,50,224.00,"11,200.00"
2019-02-21,2019022101005655,UPPER,5,39,30,224.00,"6,720.00"
2019-02-21,2019022101005654,UPPER,17,39,20,224.00,"4,480.00"
2019-02-21,2019022101005781,UPPER,33,55,20,224.00,"4,480.00"
2019-02-21,2019022101005780,UPPER,33,8,224,224.00,"50,176.00"
2019-02-21,2019022101005774,UPPER,29,39,40,223.00,"8,920.00"
2019-02-21,2019022101005703,UPPER,55,55,30,224.00,"6,720.00"
2019-02-21,2019022101005702,UPPER,55,49,20,224.00,"4,480.00"
2019-02-21,2019022101005797,UPPER,43,40,30,225.00,"6,750.00"
2019-02-21,2019022101005796,UPPER,43,4,50,225.00,"11,250.00"
2019-02-21,2019022101005795,UPPER,43,4,50,225.00,"11,250.00"
2019-02-21,2019022101005794,UPPER,43,4,50,225.00,"11,250.00"
2019-02-21,2019022101005785,UPPER,33,39,40,224.00,"8,960.00"
2019-02-21,2019022101005782,UPPER,33,25,10,224.00,"2,240.00"
2019-02-21,2019022101005821,UPPER,58,47,20,225.00,"4,500.00"
2019-02-21,2019022101005820,UPPER,58,43,30,225.00,"6,750.00"
2019-02-21,2019022101005818,UPPER,33,39,50,224.00,"11,200.00"
2019-02-21,2019022101005804,UPPER,33,39,40,224.00,"8,960.00"
2019-02-21,2019022101005799,UPPER,43,43,20,225.00,"4,500.00"
2019-02-21,2019022101005798,UPPER,43,4,50,225.00,"11,250.00"
2019-02-21,2019022101005947,UPPER,33,39,50,224.00,"11,200.00"
2019-02-21,2019022101005932,UPPER,33,39,50,224.00,"11,200.00"
2019-02-21,2019022101005905,UPPER,33,39,40,224.00,"8,960.00"
2019-02-21,2019022101005896,UPPER,33,28,40,224.00,"8,960.00"
2019-02-21,2019022101005870,UPPER,33,39,40,224.00,"8,960.00"
2019-02-21,2019022101005866,UPPER,33,55,40,224.00,"8,960.00"
2019-02-21,2019022101005916,VLBS,22,43,30,676.00,"20,280.00"
2019-02-21,2019022101005622,ADBL,32,34,188,332.00,"62,416.00"
2019-02-21,2019022101005533,ADBL,56,34,12,332.00,"3,984.00"
2019-02-21,2019022101005532,ADBL,56,13,300,332.00,"99,600.00"
2019-02-21,2019022101005531,ADBL,56,47,144,332.00,"47,808.00"
2019-02-21,2019022101005530,ADBL,56,34,44,332.00,"14,608.00"
2019-02-21,2019022101005502,ADBL,14,34,26,332.00,"8,632.00"
2019-02-21,2019022101005355,ADBL,1,34,100,332.00,"33,200.00"
2019-02-21,2019022101005280,ADBL,17,34,100,332.00,"33,200.00"
2019-02-21,2019022101005152,ADBL,28,34,50,332.00,"16,600.00"
2019-02-21,2019022101005141,ADBL,28,34,50,332.00,"16,600.00"
2019-02-21,2019022101005639,AKJCL,22,39,20,78.00,"1,560.00"
2019-02-21,2019022101005625,AKJCL,11,58,10,78.00,780.00
2019-02-21,2019022101005623,AKJCL,11,39,10,78.00,780.00
2019-02-21,2019022101005586,AKJCL,11,7,10,78.00,780.00
2019-02-21,2019022101005583,AKJCL,11,39,20,78.00,"1,560.00"
2019-02-21,2019022101005578,AKJCL,11,7,10,78.00,780.00
2019-02-21,2019022101005368,AKJCL,29,39,20,80.00,"1,600.00"
2019-02-21,2019022101005325,AKJCL,29,39,10,80.00,800.00
2019-02-21,2019022101005290,AKJCL,29,39,10,80.00,800.00
2019-02-21,2019022101005277,AKJCL,29,39,20,80.00,"1,600.00"
2019-02-21,2019022101005175,AKJCL,29,39,20,80.00,"1,600.00"
2019-02-21,2019022101005156,AKJCL,29,39,20,80.00,"1,600.00"
2019-02-21,2019022101005557,AKJCL,29,39,20,79.00,"1,580.00"
2019-02-21,2019022101005554,AKJCL,29,7,20,79.00,"1,580.00"
2019-02-21,2019022101005529,AKJCL,29,7,10,79.00,790.00
2019-02-21,2019022101005503,AKJCL,29,39,10,79.00,790.00
2019-02-21,2019022101005444,AKJCL,29,39,20,79.00,"1,580.00"
2019-02-21,2019022101005428,AKJCL,29,39,20,79.00,"1,580.00"
2019-02-21,2019022101005579,AMFI,28,39,10,684.00,"6,840.00"
2019-02-21,2019022101005556,AMFI,28,39,10,684.00,"6,840.00"
2019-02-21,2019022101005457,AMFI,55,55,10,685.00,"6,850.00"
2019-02-21,2019022101005227,AMFI,28,39,10,684.00,"6,840.00"
2019-02-21,2019022101005157,AMFI,28,48,10,684.00,"6,840.00"
2019-02-21,2019022101005301,API,34,16,39,126.00,"4,914.00"
2019-02-21,2019022101005300,API,26,16,200,126.00,"25,200.00"
2019-02-21,2019022101005299,API,25,16,100,126.00,"12,600.00"
2019-02-21,2019022101005298,API,54,16,25,126.00,"3,150.00"
2019-02-21,2019022101005297,API,54,16,50,126.00,"6,300.00"
2019-02-21,2019022101005296,API,6,16,86,126.00,"10,836.00"
2019-02-21,2019022101005577,BOKL,22,33,100,244.00,"24,400.00"
2019-02-21,2019022101005576,BOKL,50,33,50,244.00,"12,200.00"
2019-02-21,2019022101005575,BOKL,17,33,103,244.00,"25,132.00"
2019-02-21,2019022101005440,BOKL,17,59,52,244.00,"12,688.00"
2019-02-21,2019022101005439,BOKL,6,59,50,244.00,"12,200.00"
2019-02-21,2019022101005375,BOKL,58,50,30,245.00,"7,350.00"
2019-02-21,2019022101005285,BOKL,17,57,45,244.00,"10,980.00"
2019-02-21,2019022101005224,BOKL,21,50,100,245.00,"24,500.00"
2019-02-21,2019022101005207,BOKL,11,50,124,245.00,"30,380.00"
2019-02-21,2019022101005206,BOKL,11,33,76,245.00,"18,620.00"
2019-02-21,2019022101005196,BOKL,11,33,10,245.00,"2,450.00"
2019-02-21,2019022101005526,BPCL,55,58,20,346.00,"6,920.00"
2019-02-21,2019022101005274,BPCL,42,35,20,345.00,"6,900.00"
2019-02-21,2019022101005514,CBL,46,19,221,150.00,"33,150.00"
2019-02-21,2019022101005513,CBL,46,8,140,150.00,"21,000.00"
2019-02-21,2019022101005215,CCBL,11,6,10,161.00,"1,610.00"
2019-02-21,2019022101005205,CCBL,25,6,200,161.00,"32,200.00"
2019-02-21,2019022101005312,CHL,45,57,10,102.00,"1,020.00"
2019-02-21,2019022101005637,CHLBS,38,59,10,600.00,"6,000.00"
2019-02-21,2019022101005636,CHLBS,38,49,10,599.00,"5,990.00"
2019-02-21,2019022101005634,CHLBS,42,8,10,598.00,"5,980.00"
2019-02-21,2019022101005633,CHLBS,42,29,10,598.00,"5,980.00"
2019-02-21,2019022101005626,CHLBS,42,42,10,598.00,"5,980.00"
2019-02-21,2019022101005619,CHLBS,42,20,10,598.00,"5,980.00"
2019-02-21,2019022101005153,CHLBS,25,38,10,595.00,"5,950.00"
2019-02-21,2019022101005151,CHLBS,25,3,10,595.00,"5,950.00"
2019-02-21,2019022101005148,CHLBS,25,3,10,595.00,"5,950.00"
2019-02-21,2019022101005147,CHLBS,25,29,10,595.00,"5,950.00"
2019-02-21,2019022101005170,CHLBS,25,5,10,595.00,"5,950.00"
2019-02-21,2019022101005163,CHLBS,29,37,10,596.00,"5,960.00"
2019-02-21,2019022101005160,CHLBS,25,39,10,595.00,"5,950.00"
2019-02-21,2019022101005159,CHLBS,25,37,10,595.00,"5,950.00"
2019-02-21,2019022101005155,CHLBS,25,3,10,595.00,"5,950.00"
2019-02-21,2019022101005154,CHLBS,25,29,10,595.00,"5,950.00"
2019-02-21,2019022101005186,CHLBS,25,37,10,595.00,"5,950.00"
2019-02-21,2019022101005184,CHLBS,25,8,10,595.00,"5,950.00"
2019-02-21,2019022101005177,CHLBS,25,8,10,595.00,"5,950.00"
2019-02-21,2019022101005176,CHLBS,25,28,10,595.00,"5,950.00"
2019-02-21,2019022101005173,CHLBS,25,52,10,595.00,"5,950.00"
2019-02-21,2019022101005171,CHLBS,25,37,10,595.00,"5,950.00"
2019-02-21,2019022101005203,CHLBS,21,38,10,596.00,"5,960.00"
2019-02-21,2019022101005200,CHLBS,21,26,10,596.00,"5,960.00"
2019-02-21,2019022101005195,CHLBS,21,8,10,596.00,"5,960.00"
2019-02-21,2019022101005194,CHLBS,21,37,10,596.00,"5,960.00"
2019-02-21,2019022101005190,CHLBS,25,8,10,595.00,"5,950.00"
2019-02-21,2019022101005188,CHLBS,25,39,10,595.00,"5,950.00"
2019-02-21,2019022101005220,CHLBS,21,8,10,596.00,"5,960.00"
2019-02-21,2019022101005218,CHLBS,21,8,10,596.00,"5,960.00"
2019-02-21,2019022101005217,CHLBS,21,37,10,596.00,"5,960.00"
2019-02-21,2019022101005210,CHLBS,21,28,10,596.00,"5,960.00"
2019-02-21,2019022101005208,CHLBS,21,8,10,596.00,"5,960.00"
2019-02-21,2019022101005204,CHLBS,21,52,10,596.00,"5,960.00"
2019-02-21,2019022101005233,CHLBS,35,29,10,597.00,"5,970.00"
2019-02-21,2019022101005232,CHLBS,35,38,10,597.00,"5,970.00"
2019-02-21,2019022101005231,CHLBS,35,29,10,597.00,"5,970.00"
2019-02-21,2019022101005230,CHLBS,35,29,10,597.00,"5,970.00"
2019-02-21,2019022101005229,CHLBS,35,38,10,597.00,"5,970.00"
2019-02-21,2019022101005228,CHLBS,25,38,10,595.00,"5,950.00"
2019-02-21,2019022101005239,CHLBS,35,42,10,598.00,"5,980.00"
2019-02-21,2019022101005238,CHLBS,35,45,10,598.00,"5,980.00"
2019-02-21,2019022101005237,CHLBS,35,40,10,598.00,"5,980.00"
2019-02-21,2019022101005236,CHLBS,35,44,10,598.00,"5,980.00"
2019-02-21,2019022101005235,CHLBS,35,29,10,597.00,"5,970.00"
2019-02-21,2019022101005234,CHLBS,35,10,10,597.00,"5,970.00"
2019-02-21,2019022101005245,CHLBS,35,39,10,598.00,"5,980.00"
2019-02-21,2019022101005244,CHLBS,35,59,10,598.00,"5,980.00"
2019-02-21,2019022101005243,CHLBS,35,28,10,598.00,"5,980.00"
2019-02-21,2019022101005242,CHLBS,35,39,10,598.00,"5,980.00"
2019-02-21,2019022101005241,CHLBS,35,45,10,598.00,"5,980.00"
2019-02-21,2019022101005240,CHLBS,35,42,10,598.00,"5,980.00"
2019-02-21,2019022101005255,CHLBS,25,8,10,595.00,"5,950.00"
2019-02-21,2019022101005252,CHLBS,25,38,10,595.00,"5,950.00"
2019-02-21,2019022101005250,CHLBS,25,8,10,595.00,"5,950.00"
2019-02-21,2019022101005248,CHLBS,35,39,10,598.00,"5,980.00"
2019-02-21,2019022101005247,CHLBS,35,39,10,598.00,"5,980.00"
2019-02-21,2019022101005246,CHLBS,35,39,10,598.00,"5,980.00"
2019-02-21,2019022101005269,CHLBS,35,39,10,598.00,"5,980.00"
2019-02-21,2019022101005268,CHLBS,35,37,10,597.00,"5,970.00"
2019-02-21,2019022101005267,CHLBS,35,37,10,597.00,"5,970.00"
2019-02-21,2019022101005266,CHLBS,35,29,10,596.00,"5,960.00"
2019-02-21,2019022101005265,CHLBS,35,26,10,596.00,"5,960.00"
2019-02-21,2019022101005264,CHLBS,35,8,10,596.00,"5,960.00"
2019-02-21,2019022101005302,CHLBS,25,36,10,595.00,"5,950.00"
2019-02-21,2019022101005288,CHLBS,29,8,10,596.00,"5,960.00"
2019-02-21,2019022101005287,CHLBS,29,43,10,596.00,"5,960.00"
2019-02-21,2019022101005278,CHLBS,25,8,10,595.00,"5,950.00"
2019-02-21,2019022101005271,CHLBS,35,39,10,598.00,"5,980.00"
2019-02-21,2019022101005270,CHLBS,35,39,10,598.00,"5,980.00"
2019-02-21,2019022101005331,CHLBS,25,8,10,595.00,"5,950.00"
2019-02-21,2019022101005323,CHLBS,25,8,10,595.00,"5,950.00"
2019-02-21,2019022101005322,CHLBS,25,21,10,595.00,"5,950.00"
2019-02-21,2019022101005316,CHLBS,35,8,10,596.00,"5,960.00"
2019-02-21,2019022101005315,CHLBS,35,21,10,596.00,"5,960.00"
2019-02-21,2019022101005306,CHLBS,25,21,10,595.00,"5,950.00"
2019-02-21,2019022101005359,CHLBS,35,29,10,596.00,"5,960.00"
2019-02-21,2019022101005358,CHLBS,35,35,60,596.00,"35,760.00"
2019-02-21,2019022101005356,CHLBS,6,35,40,596.00,"23,840.00"
2019-02-21,2019022101005354,CHLBS,25,21,10,595.00,"5,950.00"
2019-02-21,2019022101005348,CHLBS,25,38,10,595.00,"5,950.00"
2019-02-21,2019022101005345,CHLBS,25,8,10,595.00,"5,950.00"
2019-02-21,2019022101005379,CHLBS,25,38,10,595.00,"5,950.00"
2019-02-21,2019022101005371,CHLBS,25,21,10,595.00,"5,950.00"
2019-02-21,2019022101005369,CHLBS,25,28,10,595.00,"5,950.00"
2019-02-21,2019022101005366,CHLBS,35,38,10,596.00,"5,960.00"
