Date,Transact. No.,Symbol,Buyer,Seller,Quantity,Rate,Amount
2019-01-31,2019013101005230,ADBL,13,25,300,339.00,"101,700.00"
2019-01-31,2019013101005216,AKJCL,41,14,10,85.00,850.00
2019-01-31,2019013101005168,AKJCL,41,14,20,85.00,"1,700.00"
2019-01-31,2019013101005144,AKJCL,41,14,20,85.00,"1,700.00"
2019-01-31,2019013101004912,AKJCL,45,34,20,84.00,"1,680.00"
2019-01-31,2019013101005166,ALICL,7,28,50,615.00,"30,750.00"
2019-01-31,2019013101005291,AMFI,58,41,50,751.00,"37,550.00"
2019-01-31,2019013101005290,AMFI,58,53,10,750.00,"7,500.00"
2019-01-31,2019013101005289,AMFI,58,53,10,750.00,"7,500.00"
2019-01-31,2019013101005288,AMFI,58,39,20,750.00,"15,000.00"
2019-01-31,2019013101005287,AMFI,58,47,20,743.00,"14,860.00"
2019-01-31,2019013101005286,AMFI,58,39,10,742.00,"7,420.00"
2019-01-31,2019013101005262,AMFI,58,39,100,740.00,"74,000.00"
2019-01-31,2019013101005261,AMFI,58,41,10,740.00,"7,400.00"
2019-01-31,2019013101005260,AMFI,58,39,40,740.00,"29,600.00"
2019-01-31,2019013101005259,AMFI,58,54,10,740.00,"7,400.00"
2019-01-31,2019013101005129,AMFI,58,28,100,735.00,"73,500.00"
2019-01-31,2019013101005128,AMFI,58,56,10,728.00,"7,280.00"
2019-01-31,2019013101005250,API,25,53,11,141.00,"1,551.00"
2019-01-31,2019013101005188,API,46,57,150,140.00,"21,000.00"
2019-01-31,2019013101004965,API,42,57,500,141.00,"70,500.00"
2019-01-31,2019013101004915,API,46,59,244,140.00,"34,160.00"
2019-01-31,2019013101004914,API,38,59,500,140.00,"70,000.00"
2019-01-31,2019013101004913,API,10,59,256,140.00,"35,840.00"
2019-01-31,2019013101004870,API,25,57,50,141.00,"7,050.00"
2019-01-31,2019013101004969,BHBL,4,40,10,146.00,"1,460.00"
2019-01-31,2019013101004968,BHBL,4,49,40,145.00,"5,800.00"
2019-01-31,2019013101004954,BHBL,4,17,16,144.00,"2,304.00"
2019-01-31,2019013101005295,BOKL,42,59,271,252.00,"68,292.00"
2019-01-31,2019013101005294,BOKL,6,59,232,252.00,"58,464.00"
2019-01-31,2019013101005293,BOKL,56,59,75,252.00,"18,900.00"
2019-01-31,2019013101005226,BPCL,7,46,55,360.00,"19,800.00"
2019-01-31,2019013101005225,BPCL,42,46,20,360.00,"7,200.00"
2019-01-31,2019013101005224,BPCL,53,46,50,360.00,"18,000.00"
2019-01-31,2019013101005223,BPCL,49,46,25,360.00,"9,000.00"
2019-01-31,2019013101005222,BPCL,47,46,100,360.00,"36,000.00"
2019-01-31,2019013101004929,BPCL,8,43,400,362.00,"144,800.00"
2019-01-31,2019013101004903,BPCL,8,16,350,361.00,"126,350.00"
2019-01-31,2019013101005241,CBL,43,44,10,160.00,"1,600.00"
2019-01-31,2019013101005229,CBL,42,44,22,160.00,"3,520.00"
2019-01-31,2019013101005228,CBL,42,13,77,160.00,"12,320.00"
2019-01-31,2019013101005227,CBL,42,13,101,160.00,"16,160.00"
2019-01-31,2019013101004997,CBL,32,55,19,159.00,"3,021.00"
2019-01-31,2019013101004984,CBL,32,40,"1,000",159.00,"159,000.00"
2019-01-31,2019013101004983,CBL,32,4,"1,000",159.00,"159,000.00"
2019-01-31,2019013101004982,CBL,32,14,40,159.00,"6,360.00"
2019-01-31,2019013101004981,CBL,32,1,400,159.00,"63,600.00"
2019-01-31,2019013101004980,CBL,32,57,"1,000",159.00,"159,000.00"
2019-01-31,2019013101004979,CBL,32,5,"1,161",159.00,"184,599.00"
2019-01-31,2019013101005306,CCBL,56,43,305,169.00,"51,545.00"
2019-01-31,2019013101005305,CCBL,56,6,162,169.00,"27,378.00"
2019-01-31,2019013101005304,CCBL,56,54,33,169.00,"5,577.00"
2019-01-31,2019013101005252,CCBL,18,54,20,169.00,"3,380.00"
2019-01-31,2019013101005154,CCBL,38,5,62,168.00,"10,416.00"
2019-01-31,2019013101004832,CCBL,14,49,100,168.00,"16,800.00"
2019-01-31,2019013101005153,CCBL,56,5,150,168.00,"25,200.00"
2019-01-31,2019013101005152,CCBL,8,5,88,168.00,"14,784.00"
2019-01-31,2019013101005086,CCBL,8,34,529,168.00,"88,872.00"
2019-01-31,2019013101005085,CCBL,14,34,230,168.00,"38,640.00"
2019-01-31,2019013101004966,CFCL,28,48,"3,995",110.00,"439,450.00"
2019-01-31,2019013101005185,CHCL,16,25,100,524.00,"52,400.00"
2019-01-31,2019013101005184,CHCL,13,25,100,524.00,"52,400.00"
2019-01-31,2019013101005015,CHCL,28,52,20,525.00,"10,500.00"
2019-01-31,2019013101005014,CHCL,32,52,37,525.00,"19,425.00"
2019-01-31,2019013101005296,CIT,10,39,20,"2,764.00","55,280.00"
2019-01-31,2019013101005238,CIT,10,22,43,"2,764.00","118,852.00"
2019-01-31,2019013101005237,CIT,10,22,50,"2,764.00","138,200.00"
2019-01-31,2019013101005236,CIT,10,22,50,"2,764.00","138,200.00"
2019-01-31,2019013101005235,CIT,10,17,11,"2,764.00","30,404.00"
2019-01-31,2019013101005234,CIT,10,33,86,"2,760.00","237,360.00"
2019-01-31,2019013101004814,CIT,41,40,80,"2,750.00","220,000.00"
2019-01-31,2019013101005233,CIT,10,59,10,"2,758.00","27,580.00"
2019-01-31,2019013101005203,CIT,22,59,20,"2,758.00","55,160.00"
2019-01-31,2019013101005065,CIT,4,33,14,"2,760.00","38,640.00"
2019-01-31,2019013101005064,CIT,4,1,171,"2,760.00","471,960.00"
2019-01-31,2019013101005063,CIT,4,26,20,"2,760.00","55,200.00"
2019-01-31,2019013101004992,CIT,19,28,50,"2,758.00","137,900.00"
2019-01-31,2019013101005279,CLBSL,56,14,10,692.00,"6,920.00"
2019-01-31,2019013101004955,CLBSL,56,28,10,696.00,"6,960.00"
2019-01-31,2019013101005121,CZBIL,56,14,300,209.00,"62,700.00"
2019-01-31,2019013101005100,CZBIL,49,14,100,209.00,"20,900.00"
2019-01-31,2019013101005061,CZBIL,56,14,500,209.00,"104,500.00"
2019-01-31,2019013101005264,DBBL,58,4,53,126.00,"6,678.00"
2019-01-31,2019013101005263,DBBL,58,26,47,125.00,"5,875.00"
2019-01-31,2019013101005244,DBBL,58,26,53,125.00,"6,625.00"
2019-01-31,2019013101005243,DBBL,58,34,247,125.00,"30,875.00"
2019-01-31,2019013101005067,DBBL,53,34,53,125.00,"6,625.00"
2019-01-31,2019013101004974,DBBL,53,34,100,125.00,"12,500.00"
2019-01-31,2019013101004963,DBBL,6,34,200,125.00,"25,000.00"
2019-01-31,2019013101004960,DBBL,53,34,100,125.00,"12,500.00"
2019-01-31,2019013101004951,DBBL,36,34,300,125.00,"37,500.00"
2019-01-31,2019013101005303,DDBL,44,45,545,580.00,"316,100.00"
2019-01-31,2019013101005268,DDBL,44,57,"1,276",580.00,"740,080.00"
2019-01-31,2019013101005218,DDBL,44,26,60,590.00,"35,400.00"
2019-01-31,2019013101005179,DDBL,44,42,100,580.00,"58,000.00"
2019-01-31,2019013101005173,DDBL,44,59,200,589.00,"117,800.00"
2019-01-31,2019013101005172,DDBL,44,19,48,589.00,"28,272.00"
2019-01-31,2019013101004874,DDBL,44,16,480,585.00,"280,800.00"
2019-01-31,2019013101004835,DDBL,44,25,200,584.00,"116,800.00"
2019-01-31,2019013101004834,DDBL,44,33,300,584.00,"175,200.00"
2019-01-31,2019013101005167,EBL,6,25,200,524.00,"104,800.00"
2019-01-31,2019013101005099,EBL,52,34,20,524.00,"10,480.00"
2019-01-31,2019013101005098,EBL,28,34,120,524.00,"62,880.00"
2019-01-31,2019013101005077,EBL,28,6,180,524.00,"94,320.00"
2019-01-31,2019013101005076,EBL,53,6,20,524.00,"10,480.00"
2019-01-31,2019013101004998,EBL,14,43,50,525.00,"26,250.00"
2019-01-31,2019013101005136,EIC,5,48,390,813.00,"317,070.00"
2019-01-31,2019013101005135,EIC,5,48,100,813.00,"81,300.00"
2019-01-31,2019013101005134,EIC,37,48,50,815.00,"40,750.00"
2019-01-31,2019013101005133,EIC,33,48,40,815.00,"32,600.00"
2019-01-31,2019013101005132,EIC,28,48,100,816.00,"81,600.00"
2019-01-31,2019013101005131,EIC,35,48,220,817.00,"179,740.00"
2019-01-31,2019013101005130,EIC,37,48,100,818.00,"81,800.00"
2019-01-31,2019013101005169,FMDBL,37,51,747,375.00,"280,125.00"
2019-01-31,2019013101005107,FMDBL,57,51,190,375.00,"71,250.00"
2019-01-31,2019013101005054,FMDBL,47,51,100,375.00,"37,500.00"
2019-01-31,2019013101005053,FMDBL,1,51,163,375.00,"61,125.00"
2019-01-31,2019013101005052,FMDBL,34,51,50,377.00,"18,850.00"
2019-01-31,2019013101005051,FMDBL,39,51,150,377.00,"56,550.00"
2019-01-31,2019013101004938,FMDBL,57,51,247,378.00,"93,366.00"
2019-01-31,2019013101004927,FMDBL,35,51,103,378.00,"38,934.00"
2019-01-31,2019013101004926,FMDBL,52,51,50,378.00,"18,900.00"
2019-01-31,2019013101004925,FMDBL,41,51,400,378.00,"151,200.00"
2019-01-31,2019013101004838,FMDBL,52,6,20,379.00,"7,580.00"
2019-01-31,2019013101004815,FMDBL,52,6,20,379.00,"7,580.00"
2019-01-31,2019013101005217,FOWAD,47,11,50,"1,609.00","80,450.00"
2019-01-31,2019013101005195,FOWAD,11,57,60,"1,600.00","96,000.00"
2019-01-31,2019013101005194,FOWAD,34,57,200,"1,600.00","320,000.00"
2019-01-31,2019013101005193,FOWAD,56,57,50,"1,601.00","80,050.00"
2019-01-31,2019013101005163,FOWAD,48,57,18,"1,601.00","28,818.00"
2019-01-31,2019013101005162,FOWAD,29,57,100,"1,602.00","160,200.00"
2019-01-31,2019013101005161,FOWAD,46,57,124,"1,602.00","198,648.00"
2019-01-31,2019013101005160,FOWAD,8,57,200,"1,603.00","320,600.00"
2019-01-31,2019013101005276,GBIME,7,32,10,270.00,"2,700.00"
2019-01-31,2019013101005275,GBIME,7,55,100,269.00,"26,900.00"
2019-01-31,2019013101005042,GBIME,32,55,97,269.00,"26,093.00"
2019-01-31,2019013101004995,GBIME,32,25,203,269.00,"54,607.00"
2019-01-31,2019013101005081,GBLBS,5,16,100,444.00,"44,400.00"
2019-01-31,2019013101005080,GBLBS,5,16,40,444.00,"17,760.00"
2019-01-31,2019013101005079,GBLBS,5,16,190,444.00,"84,360.00"
2019-01-31,2019013101004882,GBLBS,5,26,10,444.00,"4,440.00"
2019-01-31,2019013101005158,GDBL,49,42,25,184.00,"4,600.00"
2019-01-31,2019013101005157,GDBL,26,42,175,184.00,"32,200.00"
2019-01-31,2019013101004945,GDBL,26,14,325,184.00,"59,800.00"
2019-01-31,2019013101004944,GDBL,1,14,300,184.00,"55,200.00"
2019-01-31,2019013101004872,GILB,37,28,15,"1,198.00","17,970.00"
2019-01-31,2019013101005256,GLICL,21,46,180,707.00,"127,260.00"
2019-01-31,2019013101005255,GLICL,11,46,20,708.00,"14,160.00"
2019-01-31,2019013101005297,HGI,49,46,263,390.00,"102,570.00"
2019-01-31,2019013101005206,HGI,49,59,14,390.00,"5,460.00"
2019-01-31,2019013101005205,HGI,33,59,36,390.00,"14,040.00"
2019-01-31,2019013101005091,HGI,33,40,164,390.00,"63,960.00"
2019-01-31,2019013101005090,HGI,16,40,30,390.00,"11,700.00"
2019-01-31,2019013101005048,HGI,7,49,35,391.00,"13,685.00"
2019-01-31,2019013101004989,HGI,51,49,100,391.00,"39,100.00"
2019-01-31,2019013101004988,HGI,55,49,100,391.00,"39,100.00"
2019-01-31,2019013101004899,HGI,1,40,306,392.00,"119,952.00"
2019-01-31,2019013101005208,HIDCL,37,44,100,142.00,"14,200.00"
2019-01-31,2019013101004924,JBBL,13,53,"1,000",140.00,"140,000.00"
2019-01-31,2019013101004911,JBBL,13,32,40,139.00,"5,560.00"
2019-01-31,2019013101004909,JSLBB,40,34,25,"2,510.00","62,750.00"
2019-01-31,2019013101004908,JSLBB,16,34,25,"2,511.00","62,775.00"
2019-01-31,2019013101004873,JSLBB,16,40,10,"2,549.00","25,490.00"
2019-01-31,2019013101004900,KBBL,49,28,15,210.00,"3,150.00"
2019-01-31,2019013101005055,KBL,58,56,100,245.00,"24,500.00"
2019-01-31,2019013101004962,KBL,45,55,200,244.00,"48,800.00"
2019-01-31,2019013101004902,KBL,45,26,100,244.00,"24,400.00"
2019-01-31,2019013101004878,KMCDB,48,19,102,861.00,"87,822.00"
2019-01-31,2019013101004877,KMCDB,50,19,30,862.00,"25,860.00"
2019-01-31,2019013101004876,KMCDB,58,19,100,863.00,"86,300.00"
2019-01-31,2019013101004875,KMCDB,22,19,10,864.00,"8,640.00"
2019-01-31,2019013101005220,KMFL,17,38,100,995.00,"99,500.00"
2019-01-31,2019013101005219,KMFL,17,17,79,994.00,"78,526.00"
2019-01-31,2019013101005151,KMFL,44,34,68,990.00,"67,320.00"
2019-01-31,2019013101005150,KMFL,58,34,10,991.00,"9,910.00"
2019-01-31,2019013101004990,KPCL,45,41,10,95.00,950.00
2019-01-31,2019013101004831,KRBL,8,17,72,98.00,"7,056.00"
2019-01-31,2019013101004892,KSBBL,39,28,78,136.00,"10,608.00"
2019-01-31,2019013101004891,KSBBL,51,28,13,136.00,"1,768.00"
2019-01-31,2019013101004890,KSBBL,37,50,50,137.00,"6,850.00"
2019-01-31,2019013101004859,KSBBL,33,50,100,137.00,"13,700.00"
2019-01-31,2019013101005274,LBBL,16,50,36,174.00,"6,264.00"
2019-01-31,2019013101005273,LBBL,49,50,424,174.00,"73,776.00"
2019-01-31,2019013101005272,LBBL,46,50,40,175.00,"7,000.00"
2019-01-31,2019013101005245,LBL,55,52,150,197.00,"29,550.00"
2019-01-31,2019013101005125,LBL,55,42,200,197.00,"39,400.00"
2019-01-31,2019013101005092,LBL,26,6,353,198.00,"69,894.00"
2019-01-31,2019013101005024,LBL,26,19,100,198.00,"19,800.00"
2019-01-31,2019013101004922,LBL,26,28,47,198.00,"9,306.00"
2019-01-31,2019013101004921,LBL,55,28,153,198.00,"30,294.00"
2019-01-31,2019013101005062,LGIL,45,5,10,534.00,"5,340.00"
2019-01-31,2019013101004987,LICN,7,22,50,"1,729.00","86,450.00"
2019-01-31,2019013101004830,LICN,28,57,50,"1,714.00","85,700.00"
2019-01-31,2019013101004976,MBL,32,40,"1,000",210.00,"210,000.00"
2019-01-31,2019013101004910,MBL,32,33,"3,000",210.00,"630,000.00"
2019-01-31,2019013101005313,MEGA,43,57,10,166.00,"1,660.00"
2019-01-31,2019013101005312,MEGA,43,35,131,165.00,"21,615.00"
2019-01-31,2019013101005182,MEGA,43,35,10,165.00,"1,650.00"
2019-01-31,2019013101005181,MEGA,43,56,103,165.00,"16,995.00"
2019-01-31,2019013101005180,MEGA,43,56,103,165.00,"16,995.00"
2019-01-31,2019013101005114,MEGA,25,6,200,164.00,"32,800.00"
2019-01-31,2019013101004936,MEGA,51,56,180,165.00,"29,700.00"
2019-01-31,2019013101005113,MEGA,39,6,200,164.00,"32,800.00"
2019-01-31,2019013101005112,MEGA,52,6,"1,000",164.00,"164,000.00"
2019-01-31,2019013101005111,MEGA,6,6,250,164.00,"41,000.00"
2019-01-31,2019013101005110,MEGA,48,6,500,164.00,"82,000.00"
2019-01-31,2019013101005109,MEGA,45,6,967,164.00,"158,588.00"
2019-01-31,2019013101004937,MEGA,51,6,81,165.00,"13,365.00"
2019-01-31,2019013101005120,MERO,16,6,38,"1,145.00","43,510.00"
2019-01-31,2019013101005119,MERO,43,6,12,"1,145.00","13,740.00"
2019-01-31,2019013101005118,MERO,32,6,50,"1,146.00","57,300.00"
2019-01-31,2019013101005254,MLBL,4,34,10,174.00,"1,740.00"
2019-01-31,2019013101005248,MLBL,52,58,40,173.00,"6,920.00"
2019-01-31,2019013101005007,MLBL,52,17,600,173.00,"103,800.00"
2019-01-31,2019013101004986,MLBL,58,17,46,173.00,"7,958.00"
2019-01-31,2019013101004985,MLBL,58,55,80,173.00,"13,840.00"
2019-01-31,2019013101004918,MLBL,39,58,43,172.00,"7,396.00"
2019-01-31,2019013101005105,MMFDB,57,11,43,"1,008.00","43,344.00"
2019-01-31,2019013101005104,MMFDB,28,11,57,"1,009.00","57,513.00"
2019-01-31,2019013101005103,MMFDB,35,11,100,"1,010.00","101,000.00"
2019-01-31,2019013101005102,MMFDB,45,11,50,"1,010.00","50,500.00"
2019-01-31,2019013101005101,MMFDB,22,11,50,"1,011.00","50,550.00"
2019-01-31,2019013101005156,MNBBL,16,40,150,348.00,"52,200.00"
2019-01-31,2019013101004897,MNBBL,16,35,42,348.00,"14,616.00"
2019-01-31,2019013101004896,MNBBL,14,35,58,348.00,"20,184.00"
2019-01-31,2019013101005187,NABIL,6,3,80,841.00,"67,280.00"
2019-01-31,2019013101005186,NABIL,6,26,20,841.00,"16,820.00"
2019-01-31,2019013101005084,NABIL,56,3,250,840.00,"210,000.00"
2019-01-31,2019013101005083,NABIL,41,3,10,840.00,"8,400.00"
2019-01-31,2019013101005006,NADEP,6,19,25,790.00,"19,750.00"
2019-01-31,2019013101005005,NADEP,6,48,10,790.00,"7,900.00"
2019-01-31,2019013101005004,NADEP,6,52,10,790.00,"7,900.00"
2019-01-31,2019013101004858,NADEP,10,34,10,783.00,"7,830.00"
2019-01-31,2019013101005209,NBBL,41,34,60,716.00,"42,960.00"
2019-01-31,2019013101005155,NBBL,28,34,120,718.00,"86,160.00"
2019-01-31,2019013101005124,NBBL,28,34,30,718.00,"21,540.00"
2019-01-31,2019013101005300,NBL,5,40,50,290.00,"14,500.00"
2019-01-31,2019013101005284,NBL,6,46,"1,232",289.00,"356,048.00"
2019-01-31,2019013101005283,NBL,6,46,100,289.00,"28,900.00"
2019-01-31,2019013101005282,NBL,6,46,"1,000",289.00,"289,000.00"
2019-01-31,2019013101005281,NBL,53,46,500,289.00,"144,500.00"
2019-01-31,2019013101005280,NBL,59,46,100,289.00,"28,900.00"
2019-01-31,2019013101005040,NBL,44,46,68,290.00,"19,720.00"
2019-01-31,2019013101004941,NBL,44,17,200,290.00,"58,000.00"
2019-01-31,2019013101004940,NBL,44,21,200,290.00,"58,000.00"
2019-01-31,2019013101004939,NBL,44,32,32,290.00,"9,280.00"
2019-01-31,2019013101005302,NCCB,5,34,509,213.00,"108,417.00"
2019-01-31,2019013101005301,NCCB,5,44,491,213.00,"104,583.00"
2019-01-31,2019013101005251,NCCB,8,44,134,212.00,"28,408.00"
2019-01-31,2019013101005240,NCCB,8,44,160,212.00,"33,920.00"
2019-01-31,2019013101005239,NCCB,6,44,331,212.00,"70,172.00"
2019-01-31,2019013101005075,NCCB,6,22,50,212.00,"10,600.00"
2019-01-31,2019013101004947,NCCB,7,55,487,212.00,"103,244.00"
2019-01-31,2019013101005057,NCCB,6,34,119,212.00,"25,228.00"
2019-01-31,2019013101005056,NCCB,6,34,603,212.00,"127,836.00"
2019-01-31,2019013101005002,NCCB,6,34,13,212.00,"2,756.00"
2019-01-31,2019013101005001,NCCB,43,34,500,212.00,"106,000.00"
2019-01-31,2019013101005000,NCCB,43,34,487,212.00,"103,244.00"
2019-01-31,2019013101004948,NCCB,43,55,513,212.00,"108,756.00"
2019-01-31,2019013101005088,NGPL,34,16,"1,369",128.00,"175,232.00"
2019-01-31,2019013101005175,NIB,55,49,135,532.00,"71,820.00"
2019-01-31,2019013101005126,NIB,49,49,20,532.00,"10,640.00"
2019-01-31,2019013101005041,NIB,39,34,100,531.00,"53,100.00"
2019-01-31,2019013101004946,NIB,19,49,100,532.00,"53,200.00"
2019-01-31,2019013101004934,NIB,26,49,35,532.00,"18,620.00"
2019-01-31,2019013101004931,NIB,19,49,36,532.00,"19,152.00"
2019-01-31,2019013101005159,NICA,17,50,200,391.00,"78,200.00"
2019-01-31,2019013101005025,NICA,41,19,100,392.00,"39,200.00"
2019-01-31,2019013101005023,NICA,46,39,27,390.00,"10,530.00"
2019-01-31,2019013101004953,NICA,47,56,500,391.00,"195,500.00"
2019-01-31,2019013101004952,NICA,16,56,490,391.00,"191,590.00"
2019-01-31,2019013101005269,NICL,43,34,10,569.00,"5,690.00"
2019-01-31,2019013101005139,NICL,37,46,100,562.00,"56,200.00"
2019-01-31,2019013101005242,NIL,44,42,111,536.00,"59,496.00"
2019-01-31,2019013101005197,NIL,44,44,753,536.00,"403,608.00"
2019-01-31,2019013101005196,NIL,21,44,20,537.00,"10,740.00"
2019-01-31,2019013101005145,NIL,8,44,500,538.00,"269,000.00"
2019-01-31,2019013101004999,NIL,22,44,955,538.00,"513,790.00"
2019-01-31,2019013101005221,NLBBL,22,42,100,464.00,"46,400.00"
2019-01-31,2019013101005149,NLBBL,22,40,10,464.00,"4,640.00"
2019-01-31,2019013101005116,NLBBL,19,40,70,464.00,"32,480.00"
2019-01-31,2019013101005115,NLBBL,59,40,50,465.00,"23,250.00"
2019-01-31,2019013101005277,NLG,25,10,11,855.00,"9,405.00"
2019-01-31,2019013101005170,NLIC,13,10,30,"1,088.00","32,640.00"
2019-01-31,2019013101005060,NLIC,13,13,170,"1,088.00","184,960.00"
2019-01-31,2019013101005059,NLIC,1,13,30,"1,088.00","32,640.00"
2019-01-31,2019013101005034,NLIC,1,13,400,"1,088.00","435,200.00"
2019-01-31,2019013101004977,NLIC,1,11,70,"1,088.00","76,160.00"
2019-01-31,2019013101004917,NLICL,44,55,35,675.00,"23,625.00"
2019-01-31,2019013101004916,NLICL,39,55,40,676.00,"27,040.00"
2019-01-31,2019013101005108,NMFBS,33,7,10,"1,750.00","17,500.00"
2019-01-31,2019013101005027,NMFBS,21,16,11,"1,735.00","19,085.00"
2019-01-31,2019013101005026,NMFBS,5,16,30,"1,736.00","52,080.00"
2019-01-31,2019013101005016,NMFBS,46,53,12,"1,736.00","20,832.00"
2019-01-31,2019013101005285,NSEWA,11,45,65,635.00,"41,275.00"
2019-01-31,2019013101005258,NSEWA,11,42,200,632.00,"126,400.00"
2019-01-31,2019013101005257,NSEWA,11,21,10,630.00,"6,300.00"
2019-01-31,2019013101004935,NSEWA,11,34,10,621.00,"6,210.00"
2019-01-31,2019013101005299,NTC,53,17,225,729.00,"164,025.00"
2019-01-31,2019013101005298,NTC,53,49,390,728.00,"283,920.00"
2019-01-31,2019013101005198,NTC,6,6,"1,460",727.00,"1,061,420.00"
2019-01-31,2019013101005137,NTC,43,49,10,728.00,"7,280.00"
2019-01-31,2019013101005095,NTC,25,34,50,727.00,"36,350.00"
2019-01-31,2019013101005310,NUBL,28,18,33,766.00,"25,278.00"
2019-01-31,2019013101005309,NUBL,1,18,400,767.00,"306,800.00"
2019-01-31,2019013101005308,NUBL,39,18,50,768.00,"38,400.00"
2019-01-31,2019013101005307,NUBL,37,18,17,768.00,"13,056.00"
2019-01-31,2019013101005253,OHL,29,59,106,433.00,"45,898.00"
2019-01-31,2019013101004973,PCBL,53,46,"1,445",320.00,"462,400.00"
2019-01-31,2019013101004889,PCBL,28,46,40,320.00,"12,800.00"
2019-01-31,2019013101004888,PCBL,49,46,"3,000",320.00,"960,000.00"
2019-01-31,2019013101004885,PCBL,42,17,437,321.00,"140,277.00"
2019-01-31,2019013101004868,PCBL,6,46,500,322.00,"161,000.00"
2019-01-31,2019013101005078,PIC,33,47,11,"1,038.00","11,418.00"
2019-01-31,2019013101005049,PIC,33,47,11,"1,038.00","11,418.00"
2019-01-31,2019013101005106,PLIC,28,44,27,487.00,"13,149.00"
2019-01-31,2019013101005069,PLIC,28,28,620,485.00,"300,700.00"
2019-01-31,2019013101005068,PLIC,28,28,40,485.00,"19,400.00"
2019-01-31,2019013101005013,PLIC,28,28,500,485.00,"242,500.00"
2019-01-31,2019013101005012,PLIC,57,28,100,485.00,"48,500.00"
2019-01-31,2019013101005011,PLIC,28,28,110,485.00,"53,350.00"
2019-01-31,2019013101005010,PLIC,22,28,200,486.00,"97,200.00"
2019-01-31,2019013101005009,PLIC,35,28,50,486.00,"24,300.00"
2019-01-31,2019013101005202,PMHPL,10,39,10,107.00,"1,070.00"
2019-01-31,2019013101004957,PMHPL,10,34,10,107.00,"1,070.00"
2019-01-31,2019013101004886,PMHPL,10,41,10,107.00,"1,070.00"
2019-01-31,2019013101005207,PURBL,42,25,100,163.00,"16,300.00"
2019-01-31,2019013101005019,PURBL,14,49,115,163.00,"18,745.00"
2019-01-31,2019013101005018,PURBL,14,57,"1,000",162.00,"162,000.00"
2019-01-31,2019013101005017,PURBL,14,25,150,161.00,"24,150.00"
2019-01-31,2019013101005148,PURBL,42,25,100,163.00,"16,300.00"
2019-01-31,2019013101005020,PURBL,14,29,500,163.00,"81,500.00"
2019-01-31,2019013101005164,RADHI,37,28,11,164.00,"1,804.00"
2019-01-31,2019013101004950,RBCLPO,59,38,10,"8,800.00","88,000.00"
2019-01-31,2019013101005192,RHPC,29,5,16,96.00,"1,536.00"
2019-01-31,2019013101005191,RHPC,45,5,30,96.00,"2,880.00"
2019-01-31,2019013101005190,RHPC,28,5,357,96.00,"34,272.00"
2019-01-31,2019013101005189,RHPC,58,5,100,97.00,"9,700.00"
2019-01-31,2019013101005201,RMDC,22,14,28,545.00,"15,260.00"
2019-01-31,2019013101005200,RMDC,47,14,60,545.00,"32,700.00"
2019-01-31,2019013101005199,RMDC,47,14,32,545.00,"17,440.00"
2019-01-31,2019013101005043,RMDC,19,14,100,549.00,"54,900.00"
2019-01-31,2019013101005038,RMDC,47,34,28,545.00,"15,260.00"
2019-01-31,2019013101005037,RMDC,34,34,50,545.00,"27,250.00"
2019-01-31,2019013101005036,RMDC,54,34,22,545.00,"11,990.00"
2019-01-31,2019013101004871,RRHP,37,34,10,99.00,990.00
2019-01-31,2019013101004887,RSDC,39,34,40,387.00,"15,480.00"
2019-01-31,2019013101005178,SANIMA,52,46,76,301.00,"22,876.00"
2019-01-31,2019013101005177,SANIMA,38,46,100,301.00,"30,100.00"
2019-01-31,2019013101005176,SANIMA,14,46,271,301.00,"81,571.00"
2019-01-31,2019013101004833,SANIMA,14,6,129,301.00,"38,829.00"
2019-01-31,2019013101005183,SBI,42,13,35,381.00,"13,335.00"
2019-01-31,2019013101005143,SBI,52,25,66,378.00,"24,948.00"
2019-01-31,2019013101005142,SBI,42,25,43,378.00,"16,254.00"
2019-01-31,2019013101005141,SBI,58,25,91,379.00,"34,489.00"
2019-01-31,2019013101005008,SBI,58,52,109,379.00,"41,311.00"
2019-01-31,2019013101004928,SBL,44,13,50,287.00,"14,350.00"
2019-01-31,2019013101004895,SCB,42,34,100,565.00,"56,500.00"
2019-01-31,2019013101004829,SCB,17,6,100,564.00,"56,400.00"
2019-01-31,2019013101004828,SCB,17,6,74,564.00,"41,736.00"
2019-01-31,2019013101005047,SDESI,45,34,10,637.00,"6,370.00"
2019-01-31,2019013101004961,SDESI,34,34,61,636.00,"38,796.00"
2019-01-31,2019013101004959,SDESI,34,21,14,636.00,"8,904.00"
2019-01-31,2019013101004860,SDESI,34,14,11,636.00,"6,996.00"
2019-01-31,2019013101004837,SDESI,34,11,100,636.00,"63,600.00"
2019-01-31,2019013101004836,SDESI,34,34,100,635.00,"63,500.00"
2019-01-31,2019013101004816,SDESI,37,34,90,633.00,"56,970.00"
2019-01-31,2019013101004822,SDESI,37,34,100,635.00,"63,500.00"
2019-01-31,2019013101004821,SDESI,37,11,100,635.00,"63,500.00"
2019-01-31,2019013101004820,SDESI,37,48,100,634.00,"63,400.00"
2019-01-31,2019013101004819,SDESI,37,34,100,634.00,"63,400.00"
2019-01-31,2019013101004818,SDESI,37,11,100,634.00,"63,400.00"
2019-01-31,2019013101004817,SDESI,37,34,200,633.00,"126,600.00"
2019-01-31,2019013101005045,SHPC,7,28,700,229.00,"160,300.00"
2019-01-31,2019013101004894,SHPC,7,26,250,229.00,"57,250.00"
2019-01-31,2019013101004825,SHPC,7,5,18,229.00,"4,122.00"
2019-01-31,2019013101004824,SHPC,17,5,100,229.00,"22,900.00"
2019-01-31,2019013101004823,SHPC,45,5,50,229.00,"11,450.00"
2019-01-31,2019013101005035,SICL,51,49,30,914.00,"27,420.00"
2019-01-31,2019013101005127,SIFC,43,38,116,137.00,"15,892.00"
2019-01-31,2019013101005138,SIL,22,33,10,640.00,"6,400.00"
2019-01-31,2019013101005249,SINDU,11,41,100,125.00,"12,500.00"
2019-01-31,2019013101005123,SKBBL,28,21,10,865.00,"8,650.00"
2019-01-31,2019013101005094,SKBBL,28,53,118,865.00,"102,070.00"
2019-01-31,2019013101005074,SKBBL,28,53,118,865.00,"102,070.00"
2019-01-31,2019013101005046,SKBBL,28,53,90,865.00,"77,850.00"
2019-01-31,2019013101005278,SLBBL,55,51,50,525.00,"26,250.00"
2019-01-31,2019013101005267,SLBBL,40,42,90,522.00,"46,980.00"
2019-01-31,2019013101004826,SLBBL,11,51,50,527.00,"26,350.00"
2019-01-31,2019013101004827,SLBBL,38,51,100,525.00,"52,500.00"
2019-01-31,2019013101005204,SLBBL,32,51,45,525.00,"23,625.00"
2019-01-31,2019013101005266,SLBBL,42,42,50,523.00,"26,150.00"
2019-01-31,2019013101005232,SLICL,42,34,26,550.00,"14,300.00"
2019-01-31,2019013101005231,SLICL,42,26,74,550.00,"40,700.00"
2019-01-31,2019013101004971,SLICL,7,26,100,550.00,"55,000.00"
2019-01-31,2019013101004994,SMATA,28,22,70,"1,279.00","89,530.00"
2019-01-31,2019013101005117,SMB,58,3,10,744.00,"7,440.00"
2019-01-31,2019013101005033,SMB,58,42,200,730.00,"146,000.00"
2019-01-31,2019013101005032,SMB,58,57,30,729.00,"21,870.00"
2019-01-31,2019013101005031,SMB,58,3,10,726.00,"7,260.00"
2019-01-31,2019013101005030,SMB,58,11,10,726.00,"7,260.00"
2019-01-31,2019013101005029,SMB,58,3,10,725.00,"7,250.00"
2019-01-31,2019013101004861,SMFDB,22,57,50,702.00,"35,100.00"
2019-01-31,2019013101004943,SRBL,51,13,100,212.00,"21,200.00"
2019-01-31,2019013101004942,SRBL,51,16,159,212.00,"33,708.00"
2019-01-31,2019013101004932,SRBL,47,28,63,211.00,"13,293.00"
2019-01-31,2019013101004920,SRBL,26,16,100,212.00,"21,200.00"
2019-01-31,2019013101004996,TRH,54,22,50,248.00,"12,400.00"
2019-01-31,2019013101004919,TRH,54,28,20,248.00,"4,960.00"
2019-01-31,2019013101005246,UIC,58,57,10,785.00,"7,850.00"
2019-01-31,2019013101004867,UIC,17,5,100,775.00,"77,500.00"
2019-01-31,2019013101004866,UIC,55,5,100,775.00,"77,500.00"
2019-01-31,2019013101004865,UIC,37,5,20,775.00,"15,500.00"
2019-01-31,2019013101004864,UIC,55,5,10,775.00,"7,750.00"
2019-01-31,2019013101004863,UIC,58,5,30,776.00,"23,280.00"
2019-01-31,2019013101004862,UIC,39,5,20,776.00,"15,520.00"
2019-01-31,2019013101005311,UPPER,32,42,40,258.00,"10,320.00"
2019-01-31,2019013101005292,UPPER,32,56,50,258.00,"12,900.00"
2019-01-31,2019013101005271,UPPER,32,38,40,258.00,"10,320.00"
2019-01-31,2019013101005270,UPPER,32,56,40,258.00,"10,320.00"
2019-01-31,2019013101004843,UPPER,49,11,97,258.00,"25,026.00"
2019-01-31,2019013101004842,UPPER,49,50,50,258.00,"12,900.00"
2019-01-31,2019013101004841,UPPER,49,39,72,258.00,"18,576.00"
2019-01-31,2019013101004840,UPPER,49,39,72,258.00,"18,576.00"
2019-01-31,2019013101004839,UPPER,49,39,22,258.00,"5,676.00"
2019-01-31,2019013101004849,UPPER,49,50,40,258.00,"10,320.00"
2019-01-31,2019013101004848,UPPER,49,58,30,258.00,"7,740.00"
2019-01-31,2019013101004847,UPPER,49,50,40,258.00,"10,320.00"
2019-01-31,2019013101004846,UPPER,49,39,72,258.00,"18,576.00"
2019-01-31,2019013101004845,UPPER,49,25,200,258.00,"51,600.00"
2019-01-31,2019013101004844,UPPER,49,39,72,258.00,"18,576.00"
2019-01-31,2019013101004855,UPPER,49,11,40,258.00,"10,320.00"
2019-01-31,2019013101004854,UPPER,49,37,293,258.00,"75,594.00"
2019-01-31,2019013101004853,UPPER,49,41,40,258.00,"10,320.00"
2019-01-31,2019013101004852,UPPER,49,6,60,258.00,"15,480.00"
2019-01-31,2019013101004851,UPPER,49,39,72,258.00,"18,576.00"
2019-01-31,2019013101004850,UPPER,49,39,72,258.00,"18,576.00"
2019-01-31,2019013101004883,UPPER,49,17,40,258.00,"10,320.00"
2019-01-31,2019013101004881,UPPER,49,35,40,258.00,"10,320.00"
2019-01-31,2019013101004880,UPPER,49,14,50,258.00,"12,900.00"
2019-01-31,2019013101004879,UPPER,49,35,50,258.00,"12,900.00"
2019-01-31,2019013101004857,UPPER,49,14,50,258.00,"12,900.00"
2019-01-31,2019013101004856,UPPER,49,11,40,258.00,"10,320.00"
2019-01-31,2019013101004905,UPPER,57,13,50,259.00,"12,950.00"
2019-01-31,2019013101004904,UPPER,57,43,40,259.00,"10,360.00"
2019-01-31,2019013101004901,UPPER,49,14,50,258.00,"12,900.00"
2019-01-31,2019013101004898,UPPER,49,17,30,258.00,"7,740.00"
2019-01-31,2019013101004893,UPPER,49,14,50,258.00,"12,900.00"
2019-01-31,2019013101004884,UPPER,49,34,50,258.00,"12,900.00"
2019-01-31,2019013101004949,UPPER,49,14,50,258.00,"12,900.00"
2019-01-31,2019013101004933,UPPER,49,14,50,258.00,"12,900.00"
2019-01-31,2019013101004930,UPPER,49,17,40,258.00,"10,320.00"
2019-01-31,2019013101004923,UPPER,49,14,50,258.00,"12,900.00"
2019-01-31,2019013101004907,UPPER,57,39,10,259.00,"2,590.00"
2019-01-31,2019013101004906,UPPER,57,42,400,259.00,"103,600.00"
2019-01-31,2019013101004972,UPPER,49,57,40,258.00,"10,320.00"
2019-01-31,2019013101004970,UPPER,49,39,40,258.00,"10,320.00"
2019-01-31,2019013101004967,UPPER,49,34,40,258.00,"10,320.00"
2019-01-31,2019013101004964,UPPER,49,14,50,258.00,"12,900.00"
2019-01-31,2019013101004958,UPPER,49,14,50,258.00,"12,900.00"
2019-01-31,2019013101004956,UPPER,49,39,50,258.00,"12,900.00"
2019-01-31,2019013101005003,UPPER,49,14,40,258.00,"10,320.00"
2019-01-31,2019013101004993,UPPER,49,42,40,258.00,"10,320.00"
2019-01-31,2019013101004991,UPPER,49,35,50,258.00,"12,900.00"
2019-01-31,2019013101004978,UPPER,49,39,40,258.00,"10,320.00"
2019-01-31,2019013101004975,UPPER,49,14,50,258.00,"12,900.00"
2019-01-31,2019013101005050,UPPER,14,42,40,258.00,"10,320.00"
2019-01-31,2019013101005044,UPPER,14,14,40,258.00,"10,320.00"
2019-01-31,2019013101005039,UPPER,22,39,36,258.00,"9,288.00"
2019-01-31,2019013101005028,UPPER,22,42,50,258.00,"12,900.00"
2019-01-31,2019013101005022,UPPER,22,14,14,258.00,"3,612.00"
2019-01-31,2019013101005021,UPPER,49,14,26,258.00,"6,708.00"
2019-01-31,2019013101005093,UPPER,14,42,40,258.00,"10,320.00"
2019-01-31,2019013101005089,UPPER,14,39,50,258.00,"12,900.00"
2019-01-31,2019013101005087,UPPER,14,14,40,258.00,"10,320.00"
2019-01-31,2019013101005082,UPPER,14,39,40,258.00,"10,320.00"
2019-01-31,2019013101005066,UPPER,14,14,40,258.00,"10,320.00"
2019-01-31,2019013101005058,UPPER,14,46,240,258.00,"61,920.00"
2019-01-31,2019013101005165,UPPER,25,42,40,258.00,"10,320.00"
2019-01-31,2019013101005147,UPPER,25,39,20,258.00,"5,160.00"
2019-01-31,2019013101005146,UPPER,14,39,30,258.00,"7,740.00"
2019-01-31,2019013101005140,UPPER,14,38,50,258.00,"12,900.00"
2019-01-31,2019013101005122,UPPER,14,39,40,258.00,"10,320.00"
2019-01-31,2019013101005097,UPPER,14,39,50,258.00,"12,900.00"
2019-01-31,2019013101005212,UPPER,52,20,50,259.00,"12,950.00"
2019-01-31,2019013101005211,UPPER,52,43,25,259.00,"6,475.00"
2019-01-31,2019013101005210,UPPER,52,39,30,259.00,"7,770.00"
2019-01-31,2019013101005174,UPPER,45,39,10,259.00,"2,590.00"
2019-01-31,2019013101005171,UPPER,25,39,50,258.00,"12,900.00"
2019-01-31,2019013101005265,UPPER,25,39,50,258.00,"12,900.00"
2019-01-31,2019013101005247,UPPER,25,56,40,258.00,"10,320.00"
2019-01-31,2019013101005215,UPPER,52,20,15,259.00,"3,885.00"
2019-01-31,2019013101005214,UPPER,52,47,40,259.00,"10,360.00"
2019-01-31,2019013101005213,UPPER,52,47,40,259.00,"10,360.00"
2019-01-31,2019013101005096,WOMI,10,10,50,"1,130.00","56,500.00"
2019-01-31,2019013101005073,WOMI,10,19,20,"1,135.00","22,700.00"
2019-01-31,2019013101005072,WOMI,10,13,60,"1,134.00","68,040.00"
2019-01-31,2019013101005071,WOMI,10,40,60,"1,133.00","67,980.00"
2019-01-31,2019013101005070,WOMI,10,37,21,"1,132.00","23,772.00"
2019-01-31,2019013101004677,ADBL,13,44,41,339.00,"13,899.00"
2019-01-31,2019013101004638,ADBL,13,44,14,339.00,"4,746.00"
2019-01-31,2019013101004626,ADBL,32,25,383,340.00,"130,220.00"
2019-01-31,2019013101004625,ADBL,32,17,117,340.00,"39,780.00"
2019-01-31,2019013101004624,ADBL,13,44,24,339.00,"8,136.00"
2019-01-31,2019013101004587,ADBL,13,44,79,339.00,"26,781.00"
2019-01-31,2019013101004539,ADBL,13,45,104,339.00,"35,256.00"
2019-01-31,2019013101004780,AKJCL,45,34,10,84.00,840.00
2019-01-31,2019013101004702,AKJCL,45,34,10,84.00,840.00
2019-01-31,2019013101004701,AKJCL,46,34,10,85.00,850.00
2019-01-31,2019013101004608,AKJCL,46,34,10,85.00,850.00
2019-01-31,2019013101004524,AKPL,41,34,13,187.00,"2,431.00"
2019-01-31,2019013101004523,AKPL,41,39,59,186.00,"10,974.00"
2019-01-31,2019013101004709,ALICL,22,34,71,613.00,"43,523.00"
2019-01-31,2019013101004537,ALICL,33,58,157,612.00,"96,084.00"
2019-01-31,2019013101004514,AMFI,58,6,100,725.00,"72,500.00"
2019-01-31,2019013101004513,AMFI,6,6,20,726.00,"14,520.00"
2019-01-31,2019013101004444,AMFI,47,39,10,726.00,"7,260.00"
2019-01-31,2019013101004784,API,10,5,"1,680",140.00,"235,200.00"
2019-01-31,2019013101004554,API,25,57,50,141.00,"7,050.00"
2019-01-31,2019013101004423,API,10,25,500,140.00,"70,000.00"
2019-01-31,2019013101004792,BOKL,6,59,72,252.00,"18,144.00"
2019-01-31,2019013101004648,BOKL,6,37,280,252.00,"70,560.00"
2019-01-31,2019013101004600,BOKL,6,6,700,252.00,"176,400.00"
2019-01-31,2019013101004761,BPCL,54,16,20,361.00,"7,220.00"
2019-01-31,2019013101004757,BPCL,1,16,200,361.00,"72,200.00"
2019-01-31,2019013101004756,BPCL,16,16,100,361.00,"36,100.00"
2019-01-31,2019013101004374,BPCL,59,25,10,361.00,"3,610.00"
2019-01-31,2019013101004807,CBBL,54,58,289,875.00,"252,875.00"
2019-01-31,2019013101004782,CBBL,41,19,40,871.00,"34,840.00"
2019-01-31,2019013101004679,CBBL,11,19,10,872.00,"8,720.00"
2019-01-31,2019013101004678,CBBL,50,19,100,872.00,"87,200.00"
2019-01-31,2019013101004334,CBL,38,59,700,158.00,"110,600.00"
2019-01-31,2019013101004317,CBL,38,58,81,158.00,"12,798.00"
2019-01-31,2019013101004633,CCBL,14,59,200,168.00,"33,600.00"
2019-01-31,2019013101004762,CFCL,52,48,270,110.00,"29,700.00"
2019-01-31,2019013101004639,CHCL,32,13,200,525.00,"105,000.00"
2019-01-31,2019013101004603,CHCL,32,21,150,525.00,"78,750.00"
2019-01-31,2019013101004602,CHCL,32,56,100,525.00,"52,500.00"
2019-01-31,2019013101004601,CHCL,32,5,13,525.00,"6,825.00"
2019-01-31,2019013101004549,CHCL,13,6,100,524.00,"52,400.00"
2019-01-31,2019013101004812,CHL,13,16,234,98.00,"22,932.00"
2019-01-31,2019013101004406,CHL,55,16,300,98.00,"29,400.00"
2019-01-31,2019013101004813,CIT,54,40,20,"2,750.00","55,000.00"
2019-01-31,2019013101004609,CIT,34,47,12,"2,751.00","33,012.00"
2019-01-31,2019013101004592,CIT,34,47,78,"2,751.00","214,578.00"
2019-01-31,2019013101004591,CIT,6,47,50,"2,755.00","137,750.00"
2019-01-31,2019013101004590,CIT,42,47,60,"2,755.00","165,300.00"
2019-01-31,2019013101004589,CIT,57,47,100,"2,755.00","275,500.00"
2019-01-31,2019013101004358,CIT,34,48,22,"2,751.00","60,522.00"
2019-01-31,2019013101004357,CIT,14,48,50,"2,752.00","137,600.00"
2019-01-31,2019013101004356,CIT,21,48,20,"2,752.00","55,040.00"
2019-01-31,2019013101004355,CIT,28,48,50,"2,752.00","137,600.00"
2019-01-31,2019013101004354,CIT,21,48,12,"2,754.00","33,048.00"
2019-01-31,2019013101004353,CIT,16,48,46,"2,755.00","126,730.00"
2019-01-31,2019013101004651,CZBIL,1,14,100,209.00,"20,900.00"
2019-01-31,2019013101004568,CZBIL,14,14,"2,000",205.00,"410,000.00"
2019-01-31,2019013101004567,CZBIL,8,14,"1,000",206.00,"206,000.00"
2019-01-31,2019013101004522,CZBIL,14,14,"9,204",205.00,"1,886,820.00"
2019-01-31,2019013101004521,CZBIL,14,14,"10,000",205.00,"2,050,000.00"
2019-01-31,2019013101004520,CZBIL,14,14,"10,000",205.00,"2,050,000.00"
2019-01-31,2019013101004475,CZBIL,47,14,66,209.00,"13,794.00"
2019-01-31,2019013101004474,CZBIL,48,14,700,210.00,"147,000.00"
2019-01-31,2019013101004428,CZBIL,47,14,710,209.00,"148,390.00"
2019-01-31,2019013101004427,CZBIL,46,14,200,210.00,"42,000.00"
2019-01-31,2019013101004426,CZBIL,39,14,90,210.00,"18,900.00"
2019-01-31,2019013101004481,CZBIL,38,14,100,209.00,"20,900.00"
2019-01-31,2019013101004480,CZBIL,57,14,300,209.00,"62,700.00"
2019-01-31,2019013101004479,CZBIL,49,14,"3,000",209.00,"627,000.00"
2019-01-31,2019013101004478,CZBIL,22,14,"1,000",209.00,"209,000.00"
2019-01-31,2019013101004477,CZBIL,10,14,500,209.00,"104,500.00"
2019-01-31,2019013101004476,CZBIL,54,14,100,209.00,"20,900.00"
2019-01-31,2019013101004487,CZBIL,56,14,500,208.00,"104,000.00"
2019-01-31,2019013101004486,CZBIL,58,14,100,208.00,"20,800.00"
2019-01-31,2019013101004485,CZBIL,55,14,500,208.00,"104,000.00"
2019-01-31,2019013101004484,CZBIL,34,14,300,208.00,"62,400.00"
2019-01-31,2019013101004483,CZBIL,14,14,"4,000",209.00,"836,000.00"
2019-01-31,2019013101004482,CZBIL,57,14,"5,000",209.00,"1,045,000.00"
2019-01-31,2019013101004493,CZBIL,38,14,100,206.00,"20,600.00"
2019-01-31,2019013101004492,CZBIL,36,14,500,207.00,"103,500.00"
2019-01-31,2019013101004491,CZBIL,47,14,100,207.00,"20,700.00"
2019-01-31,2019013101004490,CZBIL,29,14,300,207.00,"62,100.00"
2019-01-31,2019013101004489,CZBIL,32,14,200,207.00,"41,400.00"
2019-01-31,2019013101004488,CZBIL,56,14,100,208.00,"20,800.00"
2019-01-31,2019013101004519,CZBIL,14,14,"5,000",205.00,"1,025,000.00"
2019-01-31,2019013101004518,CZBIL,14,14,796,205.00,"163,180.00"
2019-01-31,2019013101004497,CZBIL,14,14,"4,204",205.00,"861,820.00"
2019-01-31,2019013101004496,CZBIL,48,14,30,206.00,"6,180.00"
2019-01-31,2019013101004495,CZBIL,55,14,"3,000",206.00,"618,000.00"
2019-01-31,2019013101004494,CZBIL,32,14,300,206.00,"61,800.00"
2019-01-31,2019013101004621,DBBL,36,34,200,125.00,"25,000.00"
2019-01-31,2019013101004620,DBBL,48,34,"1,000",125.00,"125,000.00"
2019-01-31,2019013101004643,DDBL,42,50,100,581.00,"58,100.00"
2019-01-31,2019013101004642,DDBL,34,50,500,581.00,"290,500.00"
2019-01-31,2019013101004615,DDBL,16,50,100,582.00,"58,200.00"
2019-01-31,2019013101004783,EDBL,22,22,190,283.00,"53,770.00"
2019-01-31,2019013101004367,EDBL,43,22,135,285.00,"38,475.00"
2019-01-31,2019013101004799,EIC,53,47,52,820.00,"42,640.00"
2019-01-31,2019013101004760,EIC,52,47,100,820.00,"82,000.00"
2019-01-31,2019013101004759,EIC,28,47,23,820.00,"18,860.00"
2019-01-31,2019013101004758,EIC,50,47,25,825.00,"20,625.00"
2019-01-31,2019013101004798,FMDBL,52,6,20,379.00,"7,580.00"
2019-01-31,2019013101004768,FMDBL,11,6,50,379.00,"18,950.00"
2019-01-31,2019013101004670,FOWAD,19,7,29,"1,610.00","46,690.00"
2019-01-31,2019013101004669,FOWAD,19,29,15,"1,610.00","24,150.00"
2019-01-31,2019013101004668,FOWAD,19,43,20,"1,610.00","32,200.00"
2019-01-31,2019013101004618,FOWAD,57,28,50,"1,605.00","80,250.00"
2019-01-31,2019013101004548,FOWAD,58,22,49,"1,606.00","78,694.00"
2019-01-31,2019013101004767,GBBL,26,29,50,185.00,"9,250.00"
2019-01-31,2019013101004450,GBBL,22,26,118,184.00,"21,712.00"
2019-01-31,2019013101004703,GBIME,32,49,100,269.00,"26,900.00"
2019-01-31,2019013101004503,GBIME,32,11,200,269.00,"53,800.00"
2019-01-31,2019013101004469,GBIME,42,1,50,268.00,"13,400.00"
2019-01-31,2019013101004388,GBLBS,13,58,80,445.00,"35,600.00"
2019-01-31,2019013101004387,GBLBS,13,41,40,445.00,"17,800.00"
2019-01-31,2019013101004386,GBLBS,13,38,10,445.00,"4,450.00"
2019-01-31,2019013101004385,GBLBS,13,6,20,445.00,"8,900.00"
2019-01-31,2019013101004384,GBLBS,13,6,10,444.00,"4,440.00"
2019-01-31,2019013101004748,GLICL,53,5,300,707.00,"212,100.00"
2019-01-31,2019013101004747,GLICL,58,5,40,710.00,"28,400.00"
2019-01-31,2019013101004746,GLICL,45,5,43,710.00,"30,530.00"
2019-01-31,2019013101004347,GRDBL,43,25,170,104.00,"17,680.00"
2019-01-31,2019013101004346,GRDBL,48,25,50,105.00,"5,250.00"
2019-01-31,2019013101004553,GUFL,34,29,100,105.00,"10,500.00"
2019-01-31,2019013101004636,HATH,33,5,"1,000",113.00,"113,000.00"
2019-01-31,2019013101004635,HATH,48,5,50,114.00,"5,700.00"
2019-01-31,2019013101004674,HIDCL,26,52,253,141.00,"35,673.00"
2019-01-31,2019013101004673,HIDCL,48,52,137,141.00,"19,317.00"
2019-01-31,2019013101004415,HPPL,22,22,530,187.00,"99,110.00"
2019-01-31,2019013101004414,HPPL,22,42,320,186.00,"59,520.00"
2019-01-31,2019013101004369,HPPL,22,42,10,184.00,"1,840.00"
2019-01-31,2019013101004316,IGI,22,6,620,438.00,"271,560.00"
2019-01-31,2019013101004315,IGI,41,6,250,440.00,"110,000.00"
2019-01-31,2019013101004314,IGI,19,6,30,441.00,"13,230.00"
2019-01-31,2019013101004371,IGI,22,55,100,438.00,"43,800.00"
2019-01-31,2019013101004772,JBNL,56,34,459,165.00,"75,735.00"
2019-01-31,2019013101004771,JBNL,56,26,"1,001",165.00,"165,165.00"
2019-01-31,2019013101004770,JBNL,56,8,540,165.00,"89,100.00"
2019-01-31,2019013101004696,JBNL,33,33,345,164.00,"56,580.00"
2019-01-31,2019013101004595,JBNL,49,8,90,165.00,"14,850.00"
2019-01-31,2019013101004473,JBNL,41,8,200,165.00,"33,000.00"
2019-01-31,2019013101004350,JBNLPO,37,34,"27,816",102.00,"2,837,232.00"
2019-01-31,2019013101004327,JEFL,6,28,500,130.00,"65,000.00"
2019-01-31,2019013101004326,JEFL,6,17,289,130.00,"37,570.00"
2019-01-31,2019013101004325,JEFL,6,17,288,130.00,"37,440.00"
2019-01-31,2019013101004324,JEFL,6,1,800,130.00,"104,000.00"
2019-01-31,2019013101004323,JEFL,6,6,52,130.00,"6,760.00"
2019-01-31,2019013101004612,JFL,56,38,100,168.00,"16,800.00"
2019-01-31,2019013101004417,KADBL,51,19,10,163.00,"1,630.00"
2019-01-31,2019013101004776,KBBL,49,1,54,210.00,"11,340.00"
2019-01-31,2019013101004775,KBBL,47,1,300,210.00,"63,000.00"
2019-01-31,2019013101004774,KBBL,36,1,131,210.00,"27,510.00"
2019-01-31,2019013101004773,KBBL,1,1,15,211.00,"3,165.00"
2019-01-31,2019013101004715,KBL,33,56,50,245.00,"12,250.00"
2019-01-31,2019013101004687,KBL,28,56,655,245.00,"160,475.00"
2019-01-31,2019013101004686,KBL,28,56,345,245.00,"84,525.00"
2019-01-31,2019013101004617,KBL,45,42,175,244.00,"42,700.00"
2019-01-31,2019013101004616,KBL,6,42,325,244.00,"79,300.00"
2019-01-31,2019013101004577,KMFL,44,57,92,990.00,"91,080.00"
2019-01-31,2019013101004710,KPCL,46,34,10,96.00,960.00
2019-01-31,2019013101004632,KSBBL,33,13,124,137.00,"16,988.00"
2019-01-31,2019013101004631,KSBBL,51,13,100,137.00,"13,700.00"
2019-01-31,2019013101004352,LBL,55,21,47,198.00,"9,306.00"
2019-01-31,2019013101004351,LBL,40,21,453,198.00,"89,694.00"
2019-01-31,2019013101004745,LGIL,25,17,443,531.00,"235,233.00"
2019-01-31,2019013101004744,LGIL,25,17,200,531.00,"106,200.00"
2019-01-31,2019013101004743,LGIL,34,17,200,531.00,"106,200.00"
2019-01-31,2019013101004742,LGIL,29,17,157,532.00,"83,524.00"
2019-01-31,2019013101004707,LGIL,45,26,10,534.00,"5,340.00"
2019-01-31,2019013101004667,LGIL,29,22,354,532.00,"188,328.00"
2019-01-31,2019013101004525,LGIL,29,6,289,532.00,"153,748.00"
2019-01-31,2019013101004505,LGIL,33,22,500,533.00,"266,500.00"
2019-01-31,2019013101004413,LGIL,29,56,200,532.00,"106,400.00"
2019-01-31,2019013101004737,LVF1,58,45,"5,000",10.00,"50,000.00"
2019-01-31,2019013101004732,MBL,32,29,500,210.00,"105,000.00"
2019-01-31,2019013101004628,MBL,32,39,"12,500",210.00,"2,625,000.00"
2019-01-31,2019013101004627,MBL,47,39,"2,500",210.00,"525,000.00"
2019-01-31,2019013101004452,MBL,47,57,500,210.00,"105,000.00"
2019-01-31,2019013101004439,MBL,51,41,79,210.00,"16,590.00"
2019-01-31,2019013101004375,MBL,48,1,312,210.00,"65,520.00"
2019-01-31,2019013101004794,MEGA,48,56,20,165.00,"3,300.00"
2019-01-31,2019013101004793,MEGA,48,39,480,165.00,"79,200.00"
2019-01-31,2019013101004726,MEGA,43,39,100,165.00,"16,500.00"
2019-01-31,2019013101004604,MEGA,45,44,33,164.00,"5,412.00"
2019-01-31,2019013101004509,MEGA,41,39,200,165.00,"33,000.00"
2019-01-31,2019013101004781,MERO,43,32,17,"1,145.00","19,465.00"
2019-01-31,2019013101004741,MERO,6,32,50,"1,148.00","57,400.00"
2019-01-31,2019013101004740,MERO,57,32,25,"1,148.00","28,700.00"
2019-01-31,2019013101004574,MERO,46,44,150,"1,150.00","172,500.00"
2019-01-31,2019013101004560,MERO,38,44,168,"1,150.00","193,200.00"
2019-01-31,2019013101004559,MERO,38,42,16,"1,149.00","18,384.00"
2019-01-31,2019013101004558,MERO,38,42,16,"1,149.00","18,384.00"
2019-01-31,2019013101004735,MMFDB,25,51,10,"1,027.00","10,270.00"
2019-01-31,2019013101004466,MMFDB,28,37,143,"1,009.00","144,287.00"
2019-01-31,2019013101004465,MMFDB,55,37,20,"1,010.00","20,200.00"
2019-01-31,2019013101004464,MMFDB,25,37,300,"1,010.00","303,000.00"
2019-01-31,2019013101004463,MMFDB,37,37,50,"1,011.00","50,550.00"
2019-01-31,2019013101004462,MMFDB,33,37,100,"1,012.00","101,200.00"
2019-01-31,2019013101004335,MNBBL,47,14,38,349.00,"13,262.00"
2019-01-31,2019013101004556,MSLB,41,16,40,"1,525.00","61,000.00"
2019-01-31,2019013101004555,MSLB,41,21,15,"1,515.00","22,725.00"
2019-01-31,2019013101004611,MSMBS,28,14,11,550.00,"6,050.00"
2019-01-31,2019013101004575,MSMBS,51,14,11,551.00,"6,061.00"
2019-01-31,2019013101004566,MSMBS,51,14,11,551.00,"6,061.00"
2019-01-31,2019013101004547,MSMBS,51,14,11,551.00,"6,061.00"
2019-01-31,2019013101004504,MSMBS,51,14,11,551.00,"6,061.00"
2019-01-31,2019013101004806,NABIL,41,32,90,840.00,"75,600.00"
2019-01-31,2019013101004786,NABIL,13,26,50,841.00,"42,050.00"
2019-01-31,2019013101004644,NABIL,20,32,10,842.00,"8,420.00"
2019-01-31,2019013101004435,NABIL,7,55,20,842.00,"16,840.00"
2019-01-31,2019013101004434,NABIL,28,55,20,843.00,"16,860.00"
2019-01-31,2019013101004594,NABILP,55,6,50,728.00,"36,400.00"
2019-01-31,2019013101004672,NADEP,10,41,10,783.00,"7,830.00"
2019-01-31,2019013101004811,NBB,46,6,671,184.00,"123,464.00"
2019-01-31,2019013101004810,NBB,46,56,200,184.00,"36,800.00"
2019-01-31,2019013101004809,NBB,46,59,196,184.00,"36,064.00"
2019-01-31,2019013101004808,NBB,46,45,749,184.00,"137,816.00"
2019-01-31,2019013101004690,NBB,21,56,308,183.00,"56,364.00"
2019-01-31,2019013101004689,NBB,16,56,813,183.00,"148,779.00"
2019-01-31,2019013101004442,NBB,51,48,100,183.00,"18,300.00"
2019-01-31,2019013101004441,NBB,51,48,497,183.00,"90,951.00"
2019-01-31,2019013101004416,NBB,19,45,50,184.00,"9,200.00"
2019-01-31,2019013101004410,NBB,51,6,74,183.00,"13,542.00"
2019-01-31,2019013101004571,NBB,16,33,"1,187",183.00,"217,221.00"
2019-01-31,2019013101004570,NBB,16,33,813,183.00,"148,779.00"
2019-01-31,2019013101004499,NBB,16,37,"1,187",183.00,"217,221.00"
2019-01-31,2019013101004498,NBB,22,37,"1,310",183.00,"239,730.00"
2019-01-31,2019013101004443,NBB,22,48,690,183.00,"126,270.00"
2019-01-31,2019013101004330,NBBL,38,34,50,720.00,"36,000.00"
2019-01-31,2019013101004662,NBL,22,32,300,290.00,"87,000.00"
2019-01-31,2019013101004661,NBL,38,32,100,290.00,"29,000.00"
2019-01-31,2019013101004660,NBL,34,32,"5,000",290.00,"1,450,000.00"
2019-01-31,2019013101004659,NBL,52,32,698,290.00,"202,420.00"
2019-01-31,2019013101004658,NBL,16,32,"2,000",290.00,"580,000.00"
2019-01-31,2019013101004657,NBL,16,32,"2,000",290.00,"580,000.00"
2019-01-31,2019013101004447,NBL,25,33,330,290.00,"95,700.00"
2019-01-31,2019013101004446,NBL,7,33,"1,000",290.00,"290,000.00"
2019-01-31,2019013101004445,NBL,49,33,670,290.00,"194,300.00"
2019-01-31,2019013101004656,NBL,25,32,50,290.00,"14,500.00"
2019-01-31,2019013101004655,NBL,52,32,150,290.00,"43,500.00"
2019-01-31,2019013101004654,NBL,39,32,"1,000",290.00,"290,000.00"
2019-01-31,2019013101004653,NBL,33,32,500,290.00,"145,000.00"
2019-01-31,2019013101004652,NBL,25,32,170,290.00,"49,300.00"
2019-01-31,2019013101004634,NBL,25,42,500,290.00,"145,000.00"
2019-01-31,2019013101004502,NCCB,7,28,513,212.00,"108,756.00"
2019-01-31,2019013101004501,NCCB,52,28,300,212.00,"63,600.00"
2019-01-31,2019013101004500,NCCB,43,28,62,212.00,"13,144.00"
2019-01-31,2019013101004456,NCCB,43,28,938,212.00,"198,856.00"
2019-01-31,2019013101004455,NCCB,43,28,162,212.00,"34,344.00"
2019-01-31,2019013101004319,NGPL,7,16,200,130.00,"26,000.00"
2019-01-31,2019013101004704,NIB,26,49,50,532.00,"26,600.00"
2019-01-31,2019013101004665,NIB,39,11,37,531.00,"19,647.00"
2019-01-31,2019013101004545,NIB,58,49,124,532.00,"65,968.00"
2019-01-31,2019013101004544,NIB,58,13,108,532.00,"57,456.00"
2019-01-31,2019013101004543,NIB,58,33,30,532.00,"15,960.00"
2019-01-31,2019013101004542,NIB,58,33,30,532.00,"15,960.00"
2019-01-31,2019013101004336,NIB,51,6,131,531.00,"69,561.00"
2019-01-31,2019013101004541,NIB,58,33,30,532.00,"15,960.00"
2019-01-31,2019013101004540,NIB,58,5,178,532.00,"94,696.00"
2019-01-31,2019013101004366,NIB,42,5,100,532.00,"53,200.00"
2019-01-31,2019013101004349,NIB,39,25,21,531.00,"11,151.00"
2019-01-31,2019013101004348,NIB,48,25,16,531.00,"8,496.00"
2019-01-31,2019013101004337,NIB,48,6,34,531.00,"18,054.00"
2019-01-31,2019013101004467,NIBPO,55,48,50,486.00,"24,300.00"
2019-01-31,2019013101004736,NICA,16,42,10,391.00,"3,910.00"
2019-01-31,2019013101004333,NICA,55,58,386,393.00,"151,698.00"
2019-01-31,2019013101004332,NICA,55,38,443,393.00,"174,099.00"
2019-01-31,2019013101004331,NICA,55,21,171,392.00,"67,032.00"
2019-01-31,2019013101004734,NICL,34,37,46,561.00,"25,806.00"
2019-01-31,2019013101004733,NICL,44,37,"1,000",562.00,"562,000.00"
2019-01-31,2019013101004511,NICL,10,55,200,563.00,"112,600.00"
2019-01-31,2019013101004510,NICL,28,55,100,563.00,"56,300.00"
2019-01-31,2019013101004422,NICL,43,37,500,564.00,"282,000.00"
2019-01-31,2019013101004421,NICL,41,37,100,565.00,"56,500.00"
2019-01-31,2019013101004420,NICL,50,37,100,565.00,"56,500.00"
2019-01-31,2019013101004419,NICL,57,37,350,566.00,"198,100.00"
2019-01-31,2019013101004796,NIL,7,51,400,539.00,"215,600.00"
2019-01-31,2019013101004795,NIL,7,42,50,538.00,"26,900.00"
2019-01-31,2019013101004769,NIL,22,1,230,537.00,"123,510.00"
2019-01-31,2019013101004528,NIL,22,33,500,534.00,"267,000.00"
2019-01-31,2019013101004517,NIL,22,33,100,534.00,"53,400.00"
2019-01-31,2019013101004516,NIL,34,33,100,534.00,"53,400.00"
2019-01-31,2019013101004515,NIL,25,33,300,534.00,"160,200.00"
2019-01-31,2019013101004393,NLBBL,56,19,10,466.00,"4,660.00"
2019-01-31,2019013101004392,NLBBL,22,19,50,466.00,"23,300.00"
2019-01-31,2019013101004391,NLBBL,22,19,298,466.00,"138,868.00"
2019-01-31,2019013101004390,NLBBL,42,19,10,467.00,"4,670.00"
2019-01-31,2019013101004766,NLIC,39,39,1,"1,080.00","1,080.00"
2019-01-31,2019013101004752,NLIC,39,39,1,"1,080.00","1,080.00"
2019-01-31,2019013101004739,NLIC,39,39,1,"1,080.00","1,080.00"
2019-01-31,2019013101004722,NLIC,19,33,42,"1,085.00","45,570.00"
2019-01-31,2019013101004721,NLIC,42,33,100,"1,085.00","108,500.00"
2019-01-31,2019013101004720,NLIC,5,33,20,"1,085.00","21,700.00"
2019-01-31,2019013101004531,NLIC,6,32,29,"1,086.00","31,494.00"
2019-01-31,2019013101004530,NLIC,19,32,70,"1,087.00","76,090.00"
2019-01-31,2019013101004529,NLIC,45,32,100,"1,087.00","108,700.00"
2019-01-31,2019013101004470,NLIC,44,34,128,"1,088.00","139,264.00"
2019-01-31,2019013101004344,NLIC,44,25,17,"1,088.00","18,496.00"
2019-01-31,2019013101004637,NLIC,55,19,30,"1,086.00","32,580.00"
2019-01-31,2019013101004578,NLIC,39,39,3,"1,080.00","3,240.00"
2019-01-31,2019013101004535,NLIC,55,32,115,"1,086.00","124,890.00"
2019-01-31,2019013101004534,NLIC,32,32,20,"1,086.00","21,720.00"
2019-01-31,2019013101004533,NLIC,8,32,500,"1,086.00","543,000.00"
2019-01-31,2019013101004532,NLIC,42,32,16,"1,086.00","17,376.00"
2019-01-31,2019013101004694,NLIC,25,13,17,"1,089.00","18,513.00"
2019-01-31,2019013101004693,NLIC,25,13,17,"1,089.00","18,513.00"
2019-01-31,2019013101004691,NLIC,39,39,3,"1,080.00","3,240.00"
2019-01-31,2019013101004671,NLIC,25,25,30,"1,086.00","32,580.00"
2019-01-31,2019013101004650,NLIC,25,25,215,"1,086.00","233,490.00"
2019-01-31,2019013101004649,NLIC,55,25,55,"1,086.00","59,730.00"
2019-01-31,2019013101004719,NLIC,25,33,100,"1,085.00","108,500.00"
2019-01-31,2019013101004718,NLIC,36,33,200,"1,085.00","217,000.00"
2019-01-31,2019013101004717,NLIC,53,33,10,"1,085.00","10,850.00"
2019-01-31,2019013101004716,NLIC,16,33,39,"1,085.00","42,315.00"
2019-01-31,2019013101004700,NLIC,39,39,3,"1,080.00","3,240.00"
2019-01-31,2019013101004699,NLIC,16,41,11,"1,085.00","11,935.00"
2019-01-31,2019013101004802,NLICL,39,42,20,677.00,"13,540.00"
2019-01-31,2019013101004801,NLICL,50,42,200,677.00,"135,400.00"
2019-01-31,2019013101004800,NLICL,8,42,50,677.00,"33,850.00"
2019-01-31,2019013101004646,NMB,26,57,310,317.00,"98,270.00"
2019-01-31,2019013101004572,NMB,26,6,10,317.00,"3,170.00"
2019-01-31,2019013101004404,NMB,17,6,490,317.00,"155,330.00"
2019-01-31,2019013101004403,NMB,17,21,"1,000",317.00,"317,000.00"
2019-01-31,2019013101004402,NMB,17,33,337,317.00,"106,829.00"
2019-01-31,2019013101004401,NMB,17,25,173,317.00,"54,841.00"
2019-01-31,2019013101004363,NMB,11,25,69,316.00,"21,804.00"
2019-01-31,2019013101004697,NMBHF1,52,17,"4,000",9.20,"36,800.00"
2019-01-31,2019013101004724,NMBMF,18,16,10,"1,122.00","11,220.00"
2019-01-31,2019013101004425,NSEWA,11,39,10,621.00,"6,210.00"
2019-01-31,2019013101004460,NTC,51,49,100,728.00,"72,800.00"
2019-01-31,2019013101004614,NUBL,37,7,83,768.00,"63,744.00"
2019-01-31,2019013101004613,NUBL,42,7,60,768.00,"46,080.00"
2019-01-31,2019013101004676,OHL,44,34,380,432.00,"164,160.00"
2019-01-31,2019013101004675,OHL,16,34,100,433.00,"43,300.00"
2019-01-31,2019013101004663,OHL,56,34,20,435.00,"8,700.00"
2019-01-31,2019013101004708,PCBL,45,46,15,322.00,"4,830.00"
2019-01-31,2019013101004538,PCBL,42,52,563,321.00,"180,723.00"
2019-01-31,2019013101004508,PCBL,47,50,600,321.00,"192,600.00"
2019-01-31,2019013101004507,PCBL,47,37,793,321.00,"254,553.00"
2019-01-31,2019013101004409,PCBL,6,48,473,319.00,"150,887.00"
2019-01-31,2019013101004408,PCBL,29,48,150,320.00,"48,000.00"
2019-01-31,2019013101004407,PCBL,49,48,378,320.00,"120,960.00"
2019-01-31,2019013101004383,PCBL,49,46,"1,000",320.00,"320,000.00"
2019-01-31,2019013101004340,PCBL,49,51,11,320.00,"3,520.00"
2019-01-31,2019013101004750,PIC,58,58,1,"1,020.00","1,020.00"
2019-01-31,2019013101004738,PIC,58,58,1,"1,020.00","1,020.00"
2019-01-31,2019013101004706,PIC,36,35,11,"1,037.00","11,407.00"
2019-01-31,2019013101004647,PIC,45,32,46,"1,038.00","47,748.00"
2019-01-31,2019013101004610,PIC,36,33,115,"1,037.00","119,255.00"
2019-01-31,2019013101004584,PIC,32,32,50,"1,038.00","51,900.00"
2019-01-31,2019013101004583,PIC,17,32,10,"1,038.00","10,380.00"
2019-01-31,2019013101004582,PIC,36,32,28,"1,038.00","29,064.00"
2019-01-31,2019013101004581,PIC,4,32,105,"1,039.00","109,095.00"
2019-01-31,2019013101004580,PIC,6,32,11,"1,040.00","11,440.00"
2019-01-31,2019013101004714,PLIC,35,19,50,486.00,"24,300.00"
2019-01-31,2019013101004438,PMHPL,10,39,10,107.00,"1,070.00"
2019-01-31,2019013101004372,PMHPL,10,58,10,107.00,"1,070.00"
2019-01-31,2019013101004341,PMHPL,10,34,10,107.00,"1,070.00"
2019-01-31,2019013101004400,PRIN,53,37,375,441.00,"165,375.00"
2019-01-31,2019013101004399,PRIN,53,37,50,441.00,"22,050.00"
2019-01-31,2019013101004398,PRIN,20,37,300,441.00,"132,300.00"
2019-01-31,2019013101004397,PRIN,22,37,300,442.00,"132,600.00"
2019-01-31,2019013101004318,PRVU,29,51,150,241.00,"36,150.00"
2019-01-31,2019013101004382,PURBL,28,32,200,160.00,"32,000.00"
2019-01-31,2019013101004381,PURBL,28,41,50,160.00,"8,000.00"
2019-01-31,2019013101004380,PURBL,28,57,"1,000",159.00,"159,000.00"
2019-01-31,2019013101004379,PURBL,28,17,10,159.00,"1,590.00"
2019-01-31,2019013101004378,PURBL,28,16,105,158.00,"16,590.00"
2019-01-31,2019013101004377,PURBL,28,42,106,158.00,"16,748.00"
2019-01-31,2019013101004376,PURBL,28,10,150,158.00,"23,700.00"
2019-01-31,2019013101004365,PURBL,28,25,100,157.00,"15,700.00"
2019-01-31,2019013101004364,PURBL,28,19,11,155.00,"1,705.00"
2019-01-31,2019013101004573,RADHI,13,34,11,163.00,"1,793.00"
2019-01-31,2019013101004546,RADHI,13,3,10,163.00,"1,630.00"
2019-01-31,2019013101004579,RHPC,28,5,100,96.00,"9,600.00"
2019-01-31,2019013101004598,RMDC,49,14,200,546.00,"109,200.00"
2019-01-31,2019013101004597,RMDC,42,14,10,546.00,"5,460.00"
2019-01-31,2019013101004596,RMDC,42,14,20,547.00,"10,940.00"
2019-01-31,2019013101004552,RMDC,7,43,147,550.00,"80,850.00"
2019-01-31,2019013101004551,RMDC,7,40,193,549.00,"105,957.00"
2019-01-31,2019013101004550,RMDC,7,34,10,548.00,"5,480.00"
2019-01-31,2019013101004458,RMDC,22,34,50,548.00,"27,400.00"
2019-01-31,2019013101004449,RMDC,58,34,40,548.00,"21,920.00"
2019-01-31,2019013101004437,RMDC,58,25,69,548.00,"37,812.00"
2019-01-31,2019013101004436,RMDC,34,25,40,548.00,"21,920.00"
2019-01-31,2019013101004411,RMDC,34,19,10,548.00,"5,480.00"
2019-01-31,2019013101004395,RMDC,34,19,50,548.00,"27,400.00"
2019-01-31,2019013101004731,RRHP,37,34,10,99.00,990.00
2019-01-31,2019013101004405,RRHP,37,58,10,99.00,990.00
2019-01-31,2019013101004368,RRHP,14,34,10,99.00,990.00
2019-01-31,2019013101004557,RSDC,43,57,11,386.00,"4,246.00"
2019-01-31,2019013101004765,SAEF,21,26,"2,000",9.22,"18,440.00"
2019-01-31,2019013101004779,SANIMA,55,6,200,301.00,"60,200.00"
2019-01-31,2019013101004778,SANIMA,11,6,50,301.00,"15,050.00"
2019-01-31,2019013101004777,SANIMA,28,6,121,301.00,"36,421.00"
2019-01-31,2019013101004723,SANIMA,28,19,50,301.00,"15,050.00"
2019-01-31,2019013101004684,SANIMA,28,57,829,301.00,"249,529.00"
2019-01-31,2019013101004683,SANIMA,14,57,30,301.00,"9,030.00"
2019-01-31,2019013101004682,SANIMA,49,57,500,301.00,"150,500.00"
2019-01-31,2019013101004681,SANIMA,56,57,20,301.00,"6,020.00"
2019-01-31,2019013101004680,SANIMA,34,57,621,301.00,"186,921.00"
2019-01-31,2019013101004329,SANIMA,34,16,18,301.00,"5,418.00"
2019-01-31,2019013101004430,SBI,6,52,100,380.00,"38,000.00"
2019-01-31,2019013101004418,SBI,6,52,100,380.00,"38,000.00"
2019-01-31,2019013101004370,SBI,49,52,30,380.00,"11,400.00"
2019-01-31,2019013101004712,SBL,50,13,26,287.00,"7,462.00"
2019-01-31,2019013101004711,SBL,50,59,210,287.00,"60,270.00"
2019-01-31,2019013101004685,SBL,22,59,20,287.00,"5,740.00"
2019-01-31,2019013101004605,SBL,22,59,20,287.00,"5,740.00"
2019-01-31,2019013101004797,SCB,28,11,25,563.00,"14,075.00"
2019-01-31,2019013101004788,SCB,28,52,100,563.00,"56,300.00"
2019-01-31,2019013101004705,SCB,28,19,100,563.00,"56,300.00"
2019-01-31,2019013101004588,SCB,17,6,326,564.00,"183,864.00"
2019-01-31,2019013101004785,SDESI,45,34,10,633.00,"6,330.00"
2019-01-31,2019013101004755,SDESI,37,13,103,631.00,"64,993.00"
2019-01-31,2019013101004754,SDESI,37,19,11,631.00,"6,941.00"
2019-01-31,2019013101004753,SDESI,37,33,199,631.00,"125,569.00"
2019-01-31,2019013101004472,SDESI,33,33,100,631.00,"63,100.00"
2019-01-31,2019013101004471,SDESI,45,33,10,631.00,"6,310.00"
2019-01-31,2019013101004454,SDESI,45,6,50,630.00,"31,500.00"
2019-01-31,2019013101004453,SDESI,45,56,50,630.00,"31,500.00"
2019-01-31,2019013101004440,SEOS,10,50,"10,000",9.98,"99,800.00"
2019-01-31,2019013101004431,SEOS,6,51,"4,000",9.80,"39,200.00"
2019-01-31,2019013101004787,SHPC,37,19,83,230.00,"19,090.00"
2019-01-31,2019013101004729,SHPC,37,10,417,230.00,"95,910.00"
2019-01-31,2019013101004728,SHPC,49,10,208,230.00,"47,840.00"
2019-01-31,2019013101004606,SICL,42,10,200,915.00,"183,000.00"
2019-01-31,2019013101004569,SKBBL,19,53,100,869.00,"86,900.00"
2019-01-31,2019013101004342,SLBBL,58,51,110,525.00,"57,750.00"
2019-01-31,2019013101004512,SLBBL,37,45,30,530.00,"15,900.00"
2019-01-31,2019013101004730,SLBBL,47,45,10,530.00,"5,300.00"
2019-01-31,2019013101004389,SLICL,58,33,200,549.00,"109,800.00"
2019-01-31,2019013101004805,SMATA,28,22,100,"1,279.00","127,900.00"
2019-01-31,2019013101004804,SMATA,28,34,30,"1,278.00","38,340.00"
2019-01-31,2019013101004725,SWBBL,59,48,200,853.00,"170,600.00"
2019-01-31,2019013101004803,UPPER,35,39,50,258.00,"12,900.00"
2019-01-31,2019013101004790,UPPER,13,57,30,257.00,"7,710.00"
2019-01-31,2019013101004789,UPPER,41,57,20,257.00,"5,140.00"
2019-01-31,2019013101004764,UPPER,58,50,49,258.00,"12,642.00"
2019-01-31,2019013101004763,UPPER,41,57,40,257.00,"10,280.00"
2019-01-31,2019013101004751,UPPER,41,34,50,257.00,"12,850.00"
2019-01-31,2019013101004339,UPPER,45,33,300,258.00,"77,400.00"
2019-01-31,2019013101004338,UPPER,38,28,50,257.00,"12,850.00"
2019-01-31,2019013101004328,UPPER,38,39,72,257.00,"18,504.00"
2019-01-31,2019013101004322,UPPER,45,33,100,258.00,"25,800.00"
2019-01-31,2019013101004321,UPPER,59,33,300,258.00,"77,400.00"
2019-01-31,2019013101004320,UPPER,33,33,111,258.00,"28,638.00"
2019-01-31,2019013101004362,UPPER,49,50,411,258.00,"106,038.00"
2019-01-31,2019013101004361,UPPER,49,33,89,258.00,"22,962.00"
2019-01-31,2019013101004360,UPPER,38,28,40,257.00,"10,280.00"
2019-01-31,2019013101004359,UPPER,21,33,100,258.00,"25,800.00"
2019-01-31,2019013101004343,UPPER,38,39,72,257.00,"18,504.00"
2019-01-31,2019013101004424,UPPER,38,28,50,257.00,"12,850.00"
2019-01-31,2019013101004412,UPPER,38,44,50,257.00,"12,850.00"
2019-01-31,2019013101004396,UPPER,38,28,50,257.00,"12,850.00"
2019-01-31,2019013101004394,UPPER,38,44,50,257.00,"12,850.00"
2019-01-31,2019013101004373,UPPER,38,45,50,257.00,"12,850.00"
2019-01-31,2019013101004457,UPPER,48,50,40,258.00,"10,320.00"
2019-01-31,2019013101004451,UPPER,38,44,50,257.00,"12,850.00"
2019-01-31,2019013101004448,UPPER,38,28,40,257.00,"10,280.00"
2019-01-31,2019013101004433,UPPER,38,28,50,257.00,"12,850.00"
2019-01-31,2019013101004432,UPPER,38,44,50,257.00,"12,850.00"
2019-01-31,2019013101004429,UPPER,38,44,50,257.00,"12,850.00"
2019-01-31,2019013101004526,UPPER,38,28,50,257.00,"12,850.00"
2019-01-31,2019013101004506,UPPER,38,51,50,257.00,"12,850.00"
2019-01-31,2019013101004468,UPPER,38,34,40,257.00,"10,280.00"
2019-01-31,2019013101004461,UPPER,38,42,20,257.00,"5,140.00"
2019-01-31,2019013101004459,UPPER,38,51,40,257.00,"10,280.00"
2019-01-31,2019013101004593,UPPER,38,51,40,257.00,"10,280.00"
2019-01-31,2019013101004586,UPPER,38,57,40,257.00,"10,280.00"
2019-01-31,2019013101004585,UPPER,38,56,50,257.00,"12,850.00"
2019-01-31,2019013101004576,UPPER,38,57,40,257.00,"10,280.00"
2019-01-31,2019013101004561,UPPER,38,57,60,257.00,"15,420.00"
2019-01-31,2019013101004536,UPPER,38,51,40,257.00,"10,280.00"
2019-01-31,2019013101004640,UPPER,38,34,40,257.00,"10,280.00"
2019-01-31,2019013101004629,UPPER,38,28,50,257.00,"12,850.00"
2019-01-31,2019013101004623,UPPER,38,51,50,257.00,"12,850.00"
2019-01-31,2019013101004622,UPPER,38,56,40,257.00,"10,280.00"
2019-01-31,2019013101004607,UPPER,38,56,50,257.00,"12,850.00"
2019-01-31,2019013101004599,UPPER,38,57,40,257.00,"10,280.00"
2019-01-31,2019013101004692,UPPER,38,28,50,257.00,"12,850.00"
2019-01-31,2019013101004688,UPPER,38,14,50,257.00,"12,850.00"
2019-01-31,2019013101004666,UPPER,38,51,50,257.00,"12,850.00"
2019-01-31,2019013101004664,UPPER,38,28,40,257.00,"10,280.00"
2019-01-31,2019013101004645,UPPER,38,58,50,257.00,"12,850.00"
2019-01-31,2019013101004641,UPPER,38,57,40,257.00,"10,280.00"
2019-01-31,2019013101004749,UPPER,41,35,50,257.00,"12,850.00"
2019-01-31,2019013101004727,UPPER,41,19,40,257.00,"10,280.00"
2019-01-31,2019013101004713,UPPER,38,58,50,257.00,"12,850.00"
2019-01-31,2019013101004698,UPPER,38,14,50,257.00,"12,850.00"
2019-01-31,2019013101004791,VLBS,43,56,24,679.00,"16,296.00"
2019-01-31,2019013101004527,WOMI,14,29,144,"1,133.00","163,152.00"
2019-01-31,2019013101004290,ADBL,13,6,114,339.00,"38,646.00"
2019-01-31,2019013101004289,ADBL,53,6,54,339.00,"18,306.00"
2019-01-31,2019013101004288,ADBL,46,17,10,340.00,"3,400.00"
2019-01-31,2019013101004098,ADBL,53,47,24,339.00,"8,136.00"
2019-01-31,2019013101004046,ADBL,46,17,60,340.00,"20,400.00"
2019-01-31,2019013101003974,ADBL,48,17,75,340.00,"25,500.00"
2019-01-31,2019013101003940,ADBL,53,48,75,339.00,"25,425.00"
2019-01-31,2019013101004199,AKJCL,46,34,20,85.00,"1,700.00"
2019-01-31,2019013101004296,ALICL,44,6,104,612.00,"63,648.00"
2019-01-31,2019013101004006,ALICL,44,41,40,612.00,"24,480.00"
2019-01-31,2019013101004005,ALICL,58,41,10,612.00,"6,120.00"
2019-01-31,2019013101004297,AMFI,25,28,30,727.00,"21,810.00"
2019-01-31,2019013101004116,AMFI,46,47,10,730.00,"7,300.00"
2019-01-31,2019013101003992,AMFI,47,41,10,726.00,"7,260.00"
2019-01-31,2019013101003866,AMFI,25,42,10,728.00,"7,280.00"
2019-01-31,2019013101004265,API,10,25,471,140.00,"65,940.00"
2019-01-31,2019013101004179,API,10,47,200,140.00,"28,000.00"
2019-01-31,2019013101003846,API,34,57,50,141.00,"7,050.00"
2019-01-31,2019013101004204,BOKL,50,42,100,253.00,"25,300.00"
2019-01-31,2019013101003911,BOKL,41,42,30,253.00,"7,590.00"
2019-01-31,2019013101004143,BPCL,59,33,60,361.00,"21,660.00"
2019-01-31,2019013101004136,BPCL,59,33,50,361.00,"18,050.00"
2019-01-31,2019013101004030,BPCL,35,33,40,361.00,"14,440.00"
2019-01-31,2019013101004029,BPCL,37,33,850,361.00,"306,850.00"
2019-01-31,2019013101004209,CBBL,56,14,202,874.00,"176,548.00"
2019-01-31,2019013101003991,CBBL,16,42,200,874.00,"174,800.00"
2019-01-31,2019013101003990,CBBL,16,45,150,874.00,"131,100.00"
2019-01-31,2019013101004202,CBL,38,16,15,158.00,"2,370.00"
2019-01-31,2019013101003927,CBL,38,51,455,158.00,"71,890.00"
2019-01-31,2019013101004295,CCBL,7,54,270,169.00,"45,630.00"
2019-01-31,2019013101004294,CCBL,7,35,200,169.00,"33,800.00"
2019-01-31,2019013101004293,CCBL,7,45,30,169.00,"5,070.00"
2019-01-31,2019013101004213,CCBL,14,59,46,168.00,"7,728.00"
2019-01-31,2019013101004139,CCBL,44,44,6,165.00,990.00
2019-01-31,2019013101004123,CCBL,14,59,95,168.00,"15,960.00"
2019-01-31,2019013101004083,CCBL,14,28,50,168.00,"8,400.00"
2019-01-31,2019013101004032,CCBL,14,10,36,168.00,"6,048.00"
2019-01-31,2019013101004300,CFCL,25,16,12,109.00,"1,308.00"
2019-01-31,2019013101003947,CHCL,58,47,15,524.00,"7,860.00"
2019-01-31,2019013101003873,CHCL,17,5,30,523.00,"15,690.00"
2019-01-31,2019013101003872,CHCL,17,36,180,523.00,"94,140.00"
2019-01-31,2019013101003827,CHCL,17,36,420,523.00,"219,660.00"
2019-01-31,2019013101004237,CHL,22,16,100,98.00,"9,800.00"
2019-01-31,2019013101004236,CHL,41,16,50,98.00,"4,900.00"
2019-01-31,2019013101004013,CHL,59,22,77,99.00,"7,623.00"
2019-01-31,2019013101004217,CIT,16,1,154,"2,755.00","424,270.00"
2019-01-31,2019013101004216,CIT,34,1,30,"2,756.00","82,680.00"
2019-01-31,2019013101004215,CIT,56,1,20,"2,757.00","55,140.00"
2019-01-31,2019013101004028,CIT,56,19,30,"2,757.00","82,710.00"
2019-01-31,2019013101004027,CIT,56,19,20,"2,757.00","55,140.00"
2019-01-31,2019013101004001,CIT,28,14,14,"2,758.00","38,612.00"
2019-01-31,2019013101004210,CLBSL,17,58,100,710.00,"71,000.00"
2019-01-31,2019013101004164,CZBIL,47,14,224,209.00,"46,816.00"
2019-01-31,2019013101004163,CZBIL,57,14,576,209.00,"120,384.00"
2019-01-31,2019013101004162,CZBIL,57,14,200,210.00,"42,000.00"
2019-01-31,2019013101004150,CZBIL,57,14,500,209.00,"104,500.00"
2019-01-31,2019013101004149,CZBIL,5,14,500,210.00,"105,000.00"
2019-01-31,2019013101004110,CZBIL,57,40,200,210.00,"42,000.00"
2019-01-31,2019013101004109,CZBIL,57,25,100,210.00,"21,000.00"
2019-01-31,2019013101004108,CZBIL,57,47,145,210.00,"30,450.00"
2019-01-31,2019013101003908,CZBIL,57,29,10,209.00,"2,090.00"
2019-01-31,2019013101004121,DDBL,44,53,20,583.00,"11,660.00"
2019-01-31,2019013101004022,DDBL,14,53,30,583.00,"17,490.00"
2019-01-31,2019013101004010,DDBL,14,53,50,583.00,"29,150.00"
2019-01-31,2019013101003989,DDBL,14,42,20,583.00,"11,660.00"
2019-01-31,2019013101003963,DDBL,51,26,50,583.00,"29,150.00"
2019-01-31,2019013101004107,EBL,52,34,189,526.00,"99,414.00"
2019-01-31,2019013101004081,EBL,53,28,30,524.00,"15,720.00"
2019-01-31,2019013101004064,EBL,19,1,50,525.00,"26,250.00"
2019-01-31,2019013101004063,EBL,45,1,215,525.00,"112,875.00"
2019-01-31,2019013101004014,EBL,45,43,300,525.00,"157,500.00"
2019-01-31,2019013101003950,EBL,45,52,100,525.00,"52,500.00"
2019-01-31,2019013101004044,FMDBL,29,16,480,379.00,"181,920.00"
2019-01-31,2019013101004230,FOWAD,56,57,50,"1,610.00","80,500.00"
2019-01-31,2019013101004223,FOWAD,46,57,12,"1,606.00","19,272.00"
2019-01-31,2019013101004222,FOWAD,17,57,50,"1,607.00","80,350.00"
2019-01-31,2019013101004198,FOWAD,46,7,34,"1,606.00","54,604.00"
2019-01-31,2019013101004173,FOWAD,56,19,10,"1,610.00","16,100.00"
2019-01-31,2019013101004172,FOWAD,56,14,10,"1,609.00","16,090.00"
2019-01-31,2019013101004157,FOWAD,46,51,30,"1,608.00","48,240.00"
2019-01-31,2019013101003954,FOWAD,56,36,15,"1,610.00","24,150.00"
2019-01-31,2019013101003953,FOWAD,56,32,200,"1,610.00","322,000.00"
2019-01-31,2019013101003897,FOWAD,39,53,50,"1,608.00","80,400.00"
2019-01-31,2019013101003896,FOWAD,39,14,50,"1,608.00","80,400.00"
2019-01-31,2019013101003895,FOWAD,39,53,50,"1,605.00","80,250.00"
2019-01-31,2019013101004282,GBBL,42,26,50,184.00,"9,200.00"
2019-01-31,2019013101004281,GBBL,39,26,332,184.00,"61,088.00"
2019-01-31,2019013101004099,GBIME,44,44,47,269.00,"12,643.00"
2019-01-31,2019013101003978,GBIME,1,49,"1,000",269.00,"269,000.00"
2019-01-31,2019013101003977,GBIME,58,49,417,269.00,"112,173.00"
2019-01-31,2019013101003972,GBIME,58,1,150,269.00,"40,350.00"
2019-01-31,2019013101003971,GBIME,42,1,350,269.00,"94,150.00"
2019-01-31,2019013101003939,GBIME,42,59,50,269.00,"13,450.00"
2019-01-31,2019013101003900,GBIME,42,42,100,269.00,"26,900.00"
2019-01-31,2019013101004264,GBLBS,13,29,290,444.00,"128,760.00"
2019-01-31,2019013101004187,GBLBS,1,29,210,444.00,"93,240.00"
2019-01-31,2019013101004186,GBLBS,1,25,10,443.00,"4,430.00"
2019-01-31,2019013101004185,GBLBS,1,13,70,443.00,"31,010.00"
2019-01-31,2019013101003949,GBLBS,5,41,10,442.00,"4,420.00"
2019-01-31,2019013101003912,GBLBS,5,33,35,442.00,"15,470.00"
2019-01-31,2019013101003910,GBLBS,5,51,10,442.00,"4,420.00"
2019-01-31,2019013101003814,GBLBS,5,16,55,442.00,"24,310.00"
2019-01-31,2019013101004023,GILB,44,59,106,"1,191.00","126,246.00"
2019-01-31,2019013101003893,GRDBL,43,59,200,104.00,"20,800.00"
2019-01-31,2019013101003892,GRDBL,41,59,100,104.00,"10,400.00"
2019-01-31,2019013101003891,GRDBL,25,59,500,104.00,"52,000.00"
2019-01-31,2019013101003890,GRDBL,58,59,200,104.00,"20,800.00"
2019-01-31,2019013101004276,HGI,42,49,50,391.00,"19,550.00"
2019-01-31,2019013101004275,HGI,40,49,15,391.00,"5,865.00"
2019-01-31,2019013101004274,HGI,46,49,300,391.00,"117,300.00"
2019-01-31,2019013101004148,HGI,16,39,25,394.00,"9,850.00"
2019-01-31,2019013101004012,HPPL,22,28,40,181.00,"7,240.00"
2019-01-31,2019013101004011,HPPL,22,28,10,184.00,"1,840.00"
2019-01-31,2019013101004106,ICFC,22,59,45,151.00,"6,795.00"
2019-01-31,2019013101004096,JBBL,57,28,30,137.00,"4,110.00"
2019-01-31,2019013101004239,JBNL,17,8,25,165.00,"4,125.00"
2019-01-31,2019013101004238,JBNL,48,8,145,165.00,"23,925.00"
2019-01-31,2019013101004062,JBNL,48,45,55,165.00,"9,075.00"
2019-01-31,2019013101004061,JBNL,36,45,82,165.00,"13,530.00"
2019-01-31,2019013101003856,JBNL,36,49,918,165.00,"151,470.00"
2019-01-31,2019013101003831,JBNL,22,49,"1,000",165.00,"165,000.00"
2019-01-31,2019013101003885,JEFL,57,13,300,129.00,"38,700.00"
2019-01-31,2019013101004118,KBBL,1,28,200,211.00,"42,200.00"
2019-01-31,2019013101003879,KBBL,1,48,145,211.00,"30,595.00"
2019-01-31,2019013101003878,KBBL,22,48,355,211.00,"74,905.00"
2019-01-31,2019013101004307,KBL,6,6,300,244.00,"73,200.00"
2019-01-31,2019013101004244,KBL,6,26,375,244.00,"91,500.00"
2019-01-31,2019013101004243,KBL,29,26,200,244.00,"48,800.00"
2019-01-31,2019013101004242,KBL,35,26,100,244.00,"24,400.00"
2019-01-31,2019013101004241,KBL,49,26,325,244.00,"79,300.00"
2019-01-31,2019013101004137,KBL,33,56,100,245.00,"24,500.00"
2019-01-31,2019013101004049,KBL,49,49,175,244.00,"42,700.00"
2019-01-31,2019013101004048,KBL,49,49,500,244.00,"122,000.00"
2019-01-31,2019013101004047,KBL,11,49,325,244.00,"79,300.00"
2019-01-31,2019013101004045,KBL,11,10,32,244.00,"7,808.00"
2019-01-31,2019013101003833,KBL,11,42,43,244.00,"10,492.00"
2019-01-31,2019013101003832,KBL,45,42,16,244.00,"3,904.00"
2019-01-31,2019013101004232,KMFL,44,22,24,990.00,"23,760.00"
2019-01-31,2019013101004212,KMFL,44,22,24,990.00,"23,760.00"
2019-01-31,2019013101004151,KMFL,44,56,50,990.00,"49,500.00"
2019-01-31,2019013101004095,KMFL,44,56,80,990.00,"79,200.00"
2019-01-31,2019013101004090,KMFL,58,56,41,991.00,"40,631.00"
2019-01-31,2019013101004089,KMFL,28,56,23,991.00,"22,793.00"
2019-01-31,2019013101003825,KPCL,45,29,10,95.00,950.00
2019-01-31,2019013101003877,KPCL,45,29,10,95.00,950.00
2019-01-31,2019013101003871,KPCL,45,42,10,95.00,950.00
2019-01-31,2019013101004017,KPCL,46,17,10,96.00,960.00
2019-01-31,2019013101004043,KPCL,52,46,10,97.00,970.00
2019-01-31,2019013101004042,KPCL,52,19,10,97.00,970.00
2019-01-31,2019013101004041,KPCL,52,59,10,97.00,970.00
2019-01-31,2019013101004153,KPCL,46,53,10,96.00,960.00
2019-01-31,2019013101004240,KPCL,46,34,10,96.00,960.00
2019-01-31,2019013101004309,KSBBL,51,16,12,136.00,"1,632.00"
2019-01-31,2019013101004161,KSBBL,44,44,13,137.00,"1,781.00"
2019-01-31,2019013101004077,KSBBL,43,33,200,137.00,"27,400.00"
2019-01-31,2019013101004053,KSBBL,57,33,800,137.00,"109,600.00"
2019-01-31,2019013101003913,KSBBL,57,57,200,137.00,"27,400.00"
2019-01-31,2019013101004132,LBBL,49,20,76,174.00,"13,224.00"
2019-01-31,2019013101004131,LBBL,25,20,86,174.00,"14,964.00"
2019-01-31,2019013101004130,LBBL,33,20,700,174.00,"121,800.00"
2019-01-31,2019013101004076,LBBL,33,26,300,174.00,"52,200.00"
2019-01-31,2019013101004026,LBBL,45,20,40,175.00,"7,000.00"
2019-01-31,2019013101004024,LBBL,53,20,298,175.00,"52,150.00"
2019-01-31,2019013101004201,LBL,40,49,47,198.00,"9,306.00"
2019-01-31,2019013101004200,LBL,49,49,553,198.00,"109,494.00"
2019-01-31,2019013101004147,LBL,49,49,400,198.00,"79,200.00"
2019-01-31,2019013101004094,LBL,1,28,300,199.00,"59,700.00"
2019-01-31,2019013101003894,LBL,49,28,"1,947",198.00,"385,506.00"
2019-01-31,2019013101004211,LGIL,52,55,38,533.00,"20,254.00"
2019-01-31,2019013101004152,LGIL,10,55,11,533.00,"5,863.00"
2019-01-31,2019013101004138,LGIL,10,16,609,532.00,"323,988.00"
2019-01-31,2019013101004135,LGIL,34,16,100,532.00,"53,200.00"
2019-01-31,2019013101004129,LGIL,34,16,100,532.00,"53,200.00"
2019-01-31,2019013101004088,LGIL,29,16,49,532.00,"26,068.00"
2019-01-31,2019013101004087,LGIL,40,16,200,532.00,"106,400.00"
2019-01-31,2019013101004156,LICN,28,1,20,"1,710.00","34,200.00"
2019-01-31,2019013101003931,LICN,28,47,80,"1,710.00","136,800.00"
2019-01-31,2019013101003930,LICN,59,47,200,"1,711.00","342,200.00"
2019-01-31,2019013101003929,LICN,49,47,20,"1,712.00","34,240.00"
2019-01-31,2019013101004280,LVF1,14,45,"5,000",10.00,"50,000.00"
2019-01-31,2019013101004263,MBL,32,1,188,210.00,"39,480.00"
2019-01-31,2019013101004184,MBL,32,57,50,210.00,"10,500.00"
2019-01-31,2019013101004183,MBL,32,8,762,210.00,"160,020.00"
2019-01-31,2019013101003937,MBL,46,8,148,210.00,"31,080.00"
2019-01-31,2019013101003936,MBL,47,8,"1,000",210.00,"210,000.00"
2019-01-31,2019013101003935,MBL,17,8,100,210.00,"21,000.00"
2019-01-31,2019013101003934,MBL,33,8,"1,000",210.00,"210,000.00"
2019-01-31,2019013101003933,MBL,52,8,50,210.00,"10,500.00"
2019-01-31,2019013101003932,MBL,5,8,159,210.00,"33,390.00"
2019-01-31,2019013101004203,MEGA,16,39,100,165.00,"16,500.00"
2019-01-31,2019013101004104,MEGA,50,39,200,165.00,"33,000.00"
2019-01-31,2019013101004103,MEGA,22,39,500,165.00,"82,500.00"
2019-01-31,2019013101004102,MEGA,20,39,10,165.00,"1,650.00"
2019-01-31,2019013101004101,MEGA,14,39,151,165.00,"24,915.00"
2019-01-31,2019013101003904,MEGA,14,13,49,165.00,"8,085.00"
2019-01-31,2019013101003903,MEGA,53,13,100,165.00,"16,500.00"
2019-01-31,2019013101003902,MEGA,56,13,51,165.00,"8,415.00"
2019-01-31,2019013101004273,MERO,45,43,51,"1,148.00","58,548.00"
2019-01-31,2019013101004193,MERO,17,35,79,"1,148.00","90,692.00"
2019-01-31,2019013101004192,MERO,17,34,100,"1,147.00","114,700.00"
2019-01-31,2019013101004125,MERO,43,26,71,"1,145.00","81,295.00"
2019-01-31,2019013101004124,MERO,56,26,43,"1,146.00","49,278.00"
2019-01-31,2019013101003851,MERO,37,29,40,"1,146.00","45,840.00"
2019-01-31,2019013101003837,MERO,37,17,10,"1,146.00","11,460.00"
2019-01-31,2019013101003836,MERO,28,17,40,"1,146.00","45,840.00"
2019-01-31,2019013101003924,MERO,1,11,8,"1,140.00","9,120.00"
2019-01-31,2019013101003898,MERO,34,35,20,"1,148.00","22,960.00"
2019-01-31,2019013101003852,MERO,56,29,41,"1,146.00","46,986.00"
2019-01-31,2019013101004074,MERO,56,17,16,"1,146.00","18,336.00"
2019-01-31,2019013101004168,MLBBL,43,21,27,626.00,"16,902.00"
2019-01-31,2019013101004115,MLBL,4,33,"1,000",173.00,"173,000.00"
2019-01-31,2019013101003965,MLBL,4,13,23,173.00,"3,979.00"
2019-01-31,2019013101003964,MLBL,4,13,73,173.00,"12,629.00"
2019-01-31,2019013101003915,MLBL,48,1,20,171.00,"3,420.00"
2019-01-31,2019013101004068,MLBL,48,13,50,171.00,"8,550.00"
2019-01-31,2019013101003969,MLBL,4,32,24,173.00,"4,152.00"
2019-01-31,2019013101003968,MLBL,4,4,54,173.00,"9,342.00"
2019-01-31,2019013101003967,MLBL,4,7,400,173.00,"69,200.00"
2019-01-31,2019013101003966,MLBL,4,54,37,173.00,"6,401.00"
2019-01-31,2019013101004308,MMFDB,25,59,100,"1,014.00","101,400.00"
2019-01-31,2019013101003824,MMFDB,54,38,19,"1,015.00","19,285.00"
2019-01-31,2019013101004066,MNBBL,47,42,200,349.00,"69,800.00"
2019-01-31,2019013101003886,MNBBL,41,56,30,350.00,"10,500.00"
2019-01-31,2019013101003854,MNBBL,47,46,12,349.00,"4,188.00"
2019-01-31,2019013101003853,MNBBL,38,46,138,349.00,"48,162.00"
2019-01-31,2019013101004207,MSLB,5,7,110,"1,496.00","164,560.00"
2019-01-31,2019013101003987,MSLB,57,38,75,"1,496.00","112,200.00"
2019-01-31,2019013101003986,MSLB,41,38,50,"1,496.00","74,800.00"
2019-01-31,2019013101003985,MSLB,28,38,10,"1,526.00","15,260.00"
2019-01-31,2019013101004248,MSMBS,49,25,50,555.00,"27,750.00"
2019-01-31,2019013101004079,NABIL,47,41,28,844.00,"23,632.00"
2019-01-31,2019013101003889,NABIL,43,41,82,844.00,"69,208.00"
2019-01-31,2019013101003888,NABIL,43,3,85,844.00,"71,740.00"
2019-01-31,2019013101003887,NABIL,43,11,33,843.00,"27,819.00"
2019-01-31,2019013101003876,NABIL,19,11,100,843.00,"84,300.00"
2019-01-31,2019013101004306,NADEP,10,41,60,783.00,"46,980.00"
2019-01-31,2019013101004305,NADEP,41,41,40,783.00,"31,320.00"
2019-01-31,2019013101004269,NADEP,41,51,10,783.00,"7,830.00"
2019-01-31,2019013101003922,NADEP,7,51,10,782.00,"7,820.00"
2019-01-31,2019013101004196,NBB,16,59,100,184.00,"18,400.00"
2019-01-31,2019013101004166,NBB,13,59,400,184.00,"73,600.00"
2019-01-31,2019013101004105,NBB,48,59,470,184.00,"86,480.00"
2019-01-31,2019013101004016,NBB,55,59,100,184.00,"18,400.00"
2019-01-31,2019013101004119,NBL,49,58,50,290.00,"14,500.00"
2019-01-31,2019013101003863,NBL,49,16,280,290.00,"81,200.00"
2019-01-31,2019013101003862,NBL,46,16,50,290.00,"14,500.00"
2019-01-31,2019013101003861,NBL,33,16,170,290.00,"49,300.00"
2019-01-31,2019013101004231,NCCB,43,7,580,212.00,"122,960.00"
2019-01-31,2019013101004058,NCCB,43,46,258,212.00,"54,696.00"
2019-01-31,2019013101004057,NCCB,49,46,100,212.00,"21,200.00"
2019-01-31,2019013101004056,NCCB,43,46,"1,000",212.00,"212,000.00"
2019-01-31,2019013101004055,NCCB,17,46,"1,500",212.00,"318,000.00"
2019-01-31,2019013101004054,NCCB,47,46,143,212.00,"30,316.00"
2019-01-31,2019013101003918,NCCB,47,39,103,212.00,"21,836.00"
2019-01-31,2019013101003847,NCCB,47,16,889,212.00,"188,468.00"
2019-01-31,2019013101003995,NGPL,35,1,22,129.00,"2,838.00"
2019-01-31,2019013101004221,NIB,16,5,20,532.00,"10,640.00"
2019-01-31,2019013101004195,NIB,50,5,50,532.00,"26,600.00"
2019-01-31,2019013101004025,NIB,45,45,5,532.00,"2,660.00"
2019-01-31,2019013101003997,NIB,51,41,23,531.00,"12,213.00"
2019-01-31,2019013101003973,NIB,51,41,23,531.00,"12,213.00"
2019-01-31,2019013101003948,NIB,51,41,23,531.00,"12,213.00"
2019-01-31,2019013101004182,NIBPO,42,59,100,484.00,"48,400.00"
2019-01-31,2019013101004255,NICA,43,21,100,392.00,"39,200.00"
2019-01-31,2019013101004254,NICA,47,21,400,392.00,"156,800.00"
2019-01-31,2019013101004253,NICA,43,21,100,392.00,"39,200.00"
2019-01-31,2019013101004252,NICA,49,21,50,392.00,"19,600.00"
2019-01-31,2019013101004251,NICA,34,21,120,392.00,"47,040.00"
2019-01-31,2019013101003962,NICA,55,38,57,393.00,"22,401.00"
2019-01-31,2019013101003961,NICA,55,45,500,393.00,"196,500.00"
2019-01-31,2019013101003960,NICA,55,1,100,393.00,"39,300.00"
2019-01-31,2019013101003959,NICA,55,5,100,393.00,"39,300.00"
2019-01-31,2019013101003958,NICA,55,42,393,393.00,"154,449.00"
2019-01-31,2019013101004225,NIL,21,44,10,538.00,"5,380.00"
2019-01-31,2019013101004160,NIL,22,44,515,536.00,"276,040.00"
2019-01-31,2019013101004133,NIL,22,33,200,536.00,"107,200.00"
2019-01-31,2019013101003925,NIL,33,51,500,539.00,"269,500.00"
2019-01-31,2019013101004247,NLG,41,7,31,841.00,"26,071.00"
2019-01-31,2019013101004246,NLG,53,7,20,841.00,"16,820.00"
2019-01-31,2019013101004122,NLG,53,10,10,855.00,"8,550.00"
2019-01-31,2019013101004227,NLIC,42,28,100,"1,090.00","109,000.00"
2019-01-31,2019013101004226,NLIC,42,5,25,"1,089.00","27,225.00"
2019-01-31,2019013101004206,NLIC,19,5,60,"1,089.00","65,340.00"
2019-01-31,2019013101004169,NLIC,44,53,507,"1,088.00","551,616.00"
2019-01-31,2019013101004085,NLIC,16,5,15,"1,089.00","16,335.00"
2019-01-31,2019013101003998,NLIC,45,45,5,"1,090.00","5,450.00"
2019-01-31,2019013101003921,NLIC,45,45,5,"1,090.00","5,450.00"
2019-01-31,2019013101003865,NLIC,26,53,25,"1,090.00","27,250.00"
2019-01-31,2019013101004214,NMB,50,33,100,317.00,"31,700.00"
2019-01-31,2019013101004205,NMB,11,47,50,316.00,"15,800.00"
2019-01-31,2019013101004111,NMB,51,33,63,317.00,"19,971.00"
2019-01-31,2019013101004002,NMB,11,41,100,316.00,"31,600.00"
2019-01-31,2019013101003982,NMB,38,42,100,317.00,"31,700.00"
2019-01-31,2019013101003981,NMB,43,42,100,317.00,"31,700.00"
2019-01-31,2019013101003980,NMB,43,42,58,317.00,"18,386.00"
2019-01-31,2019013101003909,NMB,26,45,25,318.00,"7,950.00"
2019-01-31,2019013101003901,NMB,41,45,30,318.00,"9,540.00"
2019-01-31,2019013101003975,NMBHF1,22,17,"1,000",9.20,"9,200.00"
2019-01-31,2019013101004268,NMFBS,46,7,80,"1,736.00","138,880.00"
2019-01-31,2019013101004267,NMFBS,13,7,20,"1,740.00","34,800.00"
2019-01-31,2019013101004134,NMFBS,55,45,10,"1,764.00","17,640.00"
2019-01-31,2019013101004100,NMFBS,33,45,10,"1,764.00","17,640.00"
2019-01-31,2019013101004020,NMFBS,33,16,26,"1,750.00","45,500.00"
2019-01-31,2019013101004284,NSEWA,11,51,10,621.00,"6,210.00"
2019-01-31,2019013101004208,NSEWA,14,45,50,625.00,"31,250.00"
2019-01-31,2019013101004155,NSEWA,21,45,100,628.00,"62,800.00"
2019-01-31,2019013101004154,NSEWA,11,45,100,629.00,"62,900.00"
2019-01-31,2019013101003883,NTC,38,40,444,727.00,"322,788.00"
2019-01-31,2019013101004007,NUBL,28,58,50,775.00,"38,750.00"
2019-01-31,2019013101004298,OHL,59,17,13,443.00,"5,759.00"
2019-01-31,2019013101004051,PCBL,49,45,611,320.00,"195,520.00"
2019-01-31,2019013101004050,PCBL,49,45,28,320.00,"8,960.00"
2019-01-31,2019013101003835,PFL,43,26,37,133.00,"4,921.00"
2019-01-31,2019013101003834,PFL,43,39,50,133.00,"6,650.00"
2019-01-31,2019013101004301,PIC,4,51,11,"1,039.00","11,429.00"
2019-01-31,2019013101004299,PIC,4,34,11,"1,039.00","11,429.00"
2019-01-31,2019013101004250,PIC,6,45,100,"1,043.00","104,300.00"
2019-01-31,2019013101004249,PIC,6,47,11,"1,043.00","11,473.00"
2019-01-31,2019013101004235,PIC,4,33,23,"1,039.00","23,897.00"
2019-01-31,2019013101004234,PIC,28,33,189,"1,039.00","196,371.00"
2019-01-31,2019013101003951,PIC,41,16,100,"1,040.00","104,000.00"
2019-01-31,2019013101003867,PIC,50,16,100,"1,040.00","104,000.00"
2019-01-31,2019013101004233,PIC,28,33,88,"1,040.00","91,520.00"
2019-01-31,2019013101003952,PIC,41,50,50,"1,040.00","52,000.00"
2019-01-31,2019013101004078,PICL,41,21,50,703.00,"35,150.00"
2019-01-31,2019013101003938,PICL,45,45,5,710.00,"3,550.00"
2019-01-31,2019013101004146,PLIC,41,44,520,487.00,"253,240.00"
2019-01-31,2019013101004145,PLIC,41,6,50,487.00,"24,350.00"
2019-01-31,2019013101004144,PLIC,41,57,430,486.00,"208,980.00"
2019-01-31,2019013101003994,PLIC,28,29,90,485.00,"43,650.00"
2019-01-31,2019013101003993,PLIC,22,29,10,485.00,"4,850.00"
2019-01-31,2019013101004302,PMHPL,33,58,10,107.00,"1,070.00"
2019-01-31,2019013101003884,PMHPL,33,29,10,107.00,"1,070.00"
2019-01-31,2019013101003850,PMHPL,33,42,10,107.00,"1,070.00"
2019-01-31,2019013101004303,PRIN,22,7,200,442.00,"88,400.00"
2019-01-31,2019013101003823,PRIN,50,37,350,442.00,"154,700.00"
2019-01-31,2019013101003822,PRIN,46,37,500,442.00,"221,000.00"
2019-01-31,2019013101003821,PRIN,56,37,200,442.00,"88,400.00"
2019-01-31,2019013101003820,PRIN,32,37,50,442.00,"22,100.00"
2019-01-31,2019013101003819,PRIN,51,37,50,442.00,"22,100.00"
2019-01-31,2019013101003818,PRIN,28,37,"1,000",443.00,"443,000.00"
2019-01-31,2019013101003817,PRIN,36,37,200,443.00,"88,600.00"
2019-01-31,2019013101003816,PRIN,58,37,80,443.00,"35,440.00"
2019-01-31,2019013101003815,PRIN,19,37,50,444.00,"22,200.00"
2019-01-31,2019013101004177,PRVU,43,38,224,240.00,"53,760.00"
2019-01-31,2019013101004176,PRVU,6,38,200,240.00,"48,000.00"
2019-01-31,2019013101004175,PRVU,59,38,100,240.00,"24,000.00"
2019-01-31,2019013101004174,PRVU,34,38,176,240.00,"42,240.00"
2019-01-31,2019013101004159,PRVU,34,32,824,240.00,"197,760.00"
2019-01-31,2019013101004037,PRVU,43,58,300,240.00,"72,000.00"
2019-01-31,2019013101004036,PRVU,56,58,300,240.00,"72,000.00"
2019-01-31,2019013101004035,PRVU,53,58,"1,000",240.00,"240,000.00"
2019-01-31,2019013101004034,PRVU,50,58,65,240.00,"15,600.00"
2019-01-31,2019013101003943,PRVU,50,32,60,241.00,"14,460.00"
2019-01-31,2019013101003906,PRVU,53,33,500,241.00,"120,500.00"
2019-01-31,2019013101004158,PRVU,59,32,889,240.00,"213,360.00"
2019-01-31,2019013101004117,PRVU,44,32,19,241.00,"4,579.00"
2019-01-31,2019013101004114,PRVU,59,44,19,240.00,"4,560.00"
2019-01-31,2019013101004040,PRVU,59,58,92,240.00,"22,080.00"
2019-01-31,2019013101004039,PRVU,56,58,100,240.00,"24,000.00"
2019-01-31,2019013101004038,PRVU,33,58,500,240.00,"120,000.00"
2019-01-31,2019013101004178,PURBL,14,13,106,154.00,"16,324.00"
2019-01-31,2019013101003868,PURBL,14,56,11,154.00,"1,694.00"
2019-01-31,2019013101003914,RADHI,13,29,11,163.00,"1,793.00"
2019-01-31,2019013101003855,RADHI,52,52,1,164.00,164.00
2019-01-31,2019013101003826,RADHI,52,52,1,164.00,164.00
2019-01-31,2019013101003976,RHPC,34,5,100,97.00,"9,700.00"
2019-01-31,2019013101003875,RMDC,41,19,30,548.00,"16,440.00"
2019-01-31,2019013101003858,RRHP,14,42,10,99.00,990.00
2019-01-31,2019013101004259,RSDC,43,56,43,386.00,"16,598.00"
2019-01-31,2019013101004258,RSDC,19,56,17,386.00,"6,562.00"
2019-01-31,2019013101003946,SADBL,28,13,434,141.00,"61,194.00"
2019-01-31,2019013101003945,SADBL,28,13,234,141.00,"32,994.00"
2019-01-31,2019013101003944,SADBL,43,13,200,141.00,"28,200.00"
2019-01-31,2019013101003920,SANIMA,34,55,"1,361",301.00,"409,661.00"
2019-01-31,2019013101003919,SANIMA,14,55,157,301.00,"47,257.00"
2019-01-31,2019013101003829,SANIMA,8,59,"2,000",302.00,"604,000.00"
2019-01-31,2019013101003828,SANIMA,8,46,274,302.00,"82,748.00"
2019-01-31,2019013101004261,SBI,40,28,102,379.00,"38,658.00"
2019-01-31,2019013101004190,SBI,45,52,161,380.00,"61,180.00"
2019-01-31,2019013101004189,SBI,45,25,39,380.00,"14,820.00"
2019-01-31,2019013101004086,SBI,45,25,30,380.00,"11,400.00"
2019-01-31,2019013101004060,SBI,40,43,113,379.00,"42,827.00"
2019-01-31,2019013101003999,SBI,38,25,50,380.00,"19,000.00"
2019-01-31,2019013101003979,SBI,28,25,50,380.00,"19,000.00"
2019-01-31,2019013101004067,SBL,43,45,100,286.00,"28,600.00"
2019-01-31,2019013101004059,SBL,43,10,60,286.00,"17,160.00"
2019-01-31,2019013101003907,SBL,43,26,22,286.00,"6,292.00"
2019-01-31,2019013101003881,SBL,43,56,95,286.00,"27,170.00"
2019-01-31,2019013101003880,SBL,49,56,50,286.00,"14,300.00"
2019-01-31,2019013101004278,SCB,28,13,20,565.00,"11,300.00"
2019-01-31,2019013101004277,SCB,28,13,20,565.00,"11,300.00"
2019-01-31,2019013101004165,SCB,17,21,84,564.00,"47,376.00"
2019-01-31,2019013101004091,SCB,17,28,30,564.00,"16,920.00"
2019-01-31,2019013101004084,SDESI,47,33,20,631.00,"12,620.00"
2019-01-31,2019013101004113,SEF,47,42,400,9.10,"3,640.00"
2019-01-31,2019013101004219,SEOS,28,51,"10,000",9.80,"98,000.00"
2019-01-31,2019013101004229,SHL,54,28,"1,619",205.00,"331,895.00"
2019-01-31,2019013101004228,SHL,54,17,500,205.00,"102,500.00"
2019-01-31,2019013101004287,SHPC,49,49,"1,357",230.00,"312,110.00"
2019-01-31,2019013101004286,SHPC,49,49,208,230.00,"47,840.00"
2019-01-31,2019013101004170,SHPC,49,59,292,230.00,"67,160.00"
2019-01-31,2019013101003942,SHPC,14,28,45,231.00,"10,395.00"
2019-01-31,2019013101003941,SHPC,14,55,120,231.00,"27,720.00"
2019-01-31,2019013101003917,SHPC,49,5,100,230.00,"23,000.00"
2019-01-31,2019013101003916,SHPC,49,48,835,230.00,"192,050.00"
2019-01-31,2019013101003864,SHPC,17,48,"1,634",230.00,"375,820.00"
2019-01-31,2019013101004285,SKBBL,42,45,100,866.00,"86,600.00"
2019-01-31,2019013101003923,SLBBL,34,1,100,521.00,"52,100.00"
2019-01-31,2019013101003905,SLBBL,34,45,100,521.00,"52,100.00"
2019-01-31,2019013101004073,SLBBL,57,21,140,521.00,"72,940.00"
2019-01-31,2019013101004181,SLBBL,21,1,40,521.00,"20,840.00"
2019-01-31,2019013101004180,SLBBL,57,1,60,521.00,"31,260.00"
2019-01-31,2019013101004245,SLBBL,10,28,213,524.00,"111,612.00"
2019-01-31,2019013101004197,SLBBL,47,42,50,523.00,"26,150.00"
2019-01-31,2019013101004194,SLBBL,52,42,50,523.00,"26,150.00"
2019-01-31,2019013101003874,SLBS,52,52,1,"1,024.00","1,024.00"
2019-01-31,2019013101004218,SLICL,58,6,10,549.00,"5,490.00"
2019-01-31,2019013101004188,SLICL,58,58,41,549.00,"22,509.00"
2019-01-31,2019013101004127,SLICL,58,5,59,549.00,"32,391.00"
2019-01-31,2019013101004126,SLICL,42,5,41,549.00,"22,509.00"
2019-01-31,2019013101004260,SMB,58,51,10,718.00,"7,180.00"
2019-01-31,2019013101004019,SMB,58,45,10,716.00,"7,160.00"
2019-01-31,2019013101003984,SMB,58,41,10,716.00,"7,160.00"
2019-01-31,2019013101003857,SMB,58,57,10,716.00,"7,160.00"
2019-01-31,2019013101003848,SMB,11,47,10,725.00,"7,250.00"
2019-01-31,2019013101003869,SMFDB,48,45,10,704.00,"7,040.00"
2019-01-31,2019013101003882,SRBL,26,16,50,212.00,"10,600.00"
2019-01-31,2019013101003849,SRBL,17,16,100,212.00,"21,200.00"
2019-01-31,2019013101004224,SWBBL,4,33,120,852.00,"102,240.00"
2019-01-31,2019013101004033,SWBBL,4,11,200,852.00,"170,400.00"
2019-01-31,2019013101004008,UIC,39,36,180,776.00,"139,680.00"
2019-01-31,2019013101004004,UIC,55,36,20,776.00,"15,520.00"
2019-01-31,2019013101004140,UMHL,13,29,45,116.00,"5,220.00"
2019-01-31,2019013101004018,UMHL,13,13,14,116.00,"1,624.00"
2019-01-31,2019013101004009,UMHL,13,13,14,116.00,"1,624.00"
2019-01-31,2019013101004000,UMHL,13,13,14,116.00,"1,624.00"
2019-01-31,2019013101003926,UNL,57,25,30,"19,657.00","589,710.00"
2019-01-31,2019013101004313,UPPER,33,39,12,258.00,"3,096.00"
2019-01-31,2019013101004312,UPPER,55,39,60,258.00,"15,480.00"
2019-01-31,2019013101004311,UPPER,55,51,40,258.00,"10,320.00"
2019-01-31,2019013101004310,UPPER,25,51,10,258.00,"2,580.00"
2019-01-31,2019013101004304,UPPER,25,56,40,258.00,"10,320.00"
2019-01-31,2019013101004292,UPPER,25,39,50,258.00,"12,900.00"
2019-01-31,2019013101003841,UPPER,36,43,100,258.00,"25,800.00"
2019-01-31,2019013101003840,UPPER,36,48,50,258.00,"12,900.00"
2019-01-31,2019013101003839,UPPER,36,14,50,258.00,"12,900.00"
2019-01-31,2019013101003838,UPPER,36,1,380,258.00,"98,040.00"
2019-01-31,2019013101003830,UPPER,38,39,50,257.00,"12,850.00"
2019-01-31,2019013101003860,UPPER,36,7,200,258.00,"51,600.00"
2019-01-31,2019013101003859,UPPER,36,13,50,258.00,"12,900.00"
2019-01-31,2019013101003845,UPPER,36,35,50,258.00,"12,900.00"
2019-01-31,2019013101003844,UPPER,36,48,40,258.00,"10,320.00"
2019-01-31,2019013101003843,UPPER,36,59,40,258.00,"10,320.00"
2019-01-31,2019013101003842,UPPER,36,48,40,258.00,"10,320.00"
2019-01-31,2019013101003899,UPPER,38,58,40,257.00,"10,280.00"
2019-01-31,2019013101003870,UPPER,38,29,40,257.00,"10,280.00"
2019-01-31,2019013101003983,UPPER,48,17,293,258.00,"75,594.00"
2019-01-31,2019013101003970,UPPER,48,36,50,258.00,"12,900.00"
2019-01-31,2019013101003957,UPPER,48,14,20,258.00,"5,160.00"
2019-01-31,2019013101003956,UPPER,48,52,300,258.00,"77,400.00"
2019-01-31,2019013101003955,UPPER,48,13,40,258.00,"10,320.00"
2019-01-31,2019013101003928,UPPER,38,36,40,257.00,"10,280.00"
2019-01-31,2019013101004021,UPPER,48,36,40,258.00,"10,320.00"
2019-01-31,2019013101004015,UPPER,48,36,50,258.00,"12,900.00"
2019-01-31,2019013101004003,UPPER,48,36,50,258.00,"12,900.00"
2019-01-31,2019013101003996,UPPER,48,36,50,258.00,"12,900.00"
2019-01-31,2019013101003988,UPPER,48,36,50,258.00,"12,900.00"
2019-01-31,2019013101004065,UPPER,48,47,40,258.00,"10,320.00"
2019-01-31,2019013101004052,UPPER,48,14,50,258.00,"12,900.00"
2019-01-31,2019013101004031,UPPER,48,26,50,258.00,"12,900.00"
2019-01-31,2019013101004093,UPPER,21,48,300,259.00,"77,700.00"
2019-01-31,2019013101004092,UPPER,48,26,40,258.00,"10,320.00"
2019-01-31,2019013101004082,UPPER,48,21,50,258.00,"12,900.00"
2019-01-31,2019013101004080,UPPER,48,25,50,258.00,"12,900.00"
2019-01-31,2019013101004075,UPPER,48,16,40,258.00,"10,320.00"
2019-01-31,2019013101004142,UPPER,48,25,300,258.00,"77,400.00"
2019-01-31,2019013101004141,UPPER,48,42,50,258.00,"12,900.00"
2019-01-31,2019013101004128,UPPER,48,41,40,258.00,"10,320.00"
2019-01-31,2019013101004120,UPPER,48,58,50,258.00,"12,900.00"
2019-01-31,2019013101004112,UPPER,48,58,150,258.00,"38,700.00"
2019-01-31,2019013101004097,UPPER,48,41,40,258.00,"10,320.00"
2019-01-31,2019013101004191,UPPER,48,13,40,258.00,"10,320.00"
2019-01-31,2019013101004171,UPPER,7,58,10,259.00,"2,590.00"
2019-01-31,2019013101004167,UPPER,48,28,50,258.00,"12,900.00"
2019-01-31,2019013101004256,UPPER,48,26,50,258.00,"12,900.00"
2019-01-31,2019013101004220,UPPER,48,21,40,258.00,"10,320.00"
2019-01-31,2019013101004291,UPPER,48,39,22,258.00,"5,676.00"
2019-01-31,2019013101004283,UPPER,48,39,293,258.00,"75,594.00"
2019-01-31,2019013101004279,UPPER,48,56,40,258.00,"10,320.00"
2019-01-31,2019013101004266,UPPER,48,57,72,258.00,"18,576.00"
2019-01-31,2019013101004262,UPPER,48,56,50,258.00,"12,900.00"
2019-01-31,2019013101004257,UPPER,48,57,50,258.00,"12,900.00"
2019-01-31,2019013101004272,WOMI,43,29,100,"1,127.00","112,700.00"
2019-01-31,2019013101004271,WOMI,42,29,19,"1,127.00","21,413.00"
2019-01-31,2019013101004270,WOMI,48,29,11,"1,130.00","12,430.00"
2019-01-31,2019013101003531,ADBL,26,17,238,340.00,"80,920.00"
2019-01-31,2019013101003530,ADBL,26,57,659,340.00,"224,060.00"
2019-01-31,2019013101003469,AKJCL,45,53,10,84.00,840.00
2019-01-31,2019013101003468,AKJCL,45,53,10,85.00,850.00
2019-01-31,2019013101003403,AKJCL,45,53,20,85.00,"1,700.00"
2019-01-31,2019013101003322,AKJCL,48,14,20,86.00,"1,720.00"
2019-01-31,2019013101003445,AKPL,28,36,26,185.00,"4,810.00"
2019-01-31,2019013101003648,AMFI,58,42,10,730.00,"7,300.00"
2019-01-31,2019013101003705,API,56,56,18,141.00,"2,538.00"
2019-01-31,2019013101003569,API,57,53,484,141.00,"68,244.00"
2019-01-31,2019013101003548,API,56,56,2,139.00,278.00
2019-01-31,2019013101003655,BHBL,1,52,100,142.00,"14,200.00"
2019-01-31,2019013101003654,BHBL,1,52,100,142.00,"14,200.00"
2019-01-31,2019013101003602,BNT,33,50,20,"6,303.00","126,060.00"
2019-01-31,2019013101003521,BOKL,6,25,216,252.00,"54,432.00"
2019-01-31,2019013101003520,BOKL,52,25,60,252.00,"15,120.00"
2019-01-31,2019013101003321,BOKL,52,21,100,252.00,"25,200.00"
2019-01-31,2019013101003437,BPCL,36,29,250,362.00,"90,500.00"
2019-01-31,2019013101003436,BPCL,36,51,450,362.00,"162,900.00"
2019-01-31,2019013101003417,BPCL,37,53,20,361.00,"7,220.00"
2019-01-31,2019013101003370,CBL,38,52,331,158.00,"52,298.00"
2019-01-31,2019013101003369,CBL,26,52,169,158.00,"26,702.00"
2019-01-31,2019013101003342,CBL,26,46,57,158.00,"9,006.00"
2019-01-31,2019013101003425,CCBL,14,35,643,168.00,"108,024.00"
2019-01-31,2019013101003757,CFCL,28,26,300,109.00,"32,700.00"
2019-01-31,2019013101003552,CFCL,11,26,500,109.00,"54,500.00"
2019-01-31,2019013101003551,CFCL,49,26,200,109.00,"21,800.00"
2019-01-31,2019013101003663,CHCL,17,40,40,523.00,"20,920.00"
2019-01-31,2019013101003455,CHCL,51,36,500,523.00,"261,500.00"
2019-01-31,2019013101003454,CHCL,51,36,100,523.00,"52,300.00"
2019-01-31,2019013101003453,CHCL,48,36,100,523.00,"52,300.00"
2019-01-31,2019013101003452,CHCL,28,36,134,523.00,"70,082.00"
2019-01-31,2019013101003343,CHCL,28,51,10,523.00,"5,230.00"
2019-01-31,2019013101003656,CHL,59,29,13,99.00,"1,287.00"
2019-01-31,2019013101003529,CHL,59,38,10,99.00,990.00
2019-01-31,2019013101003790,CIT,40,14,40,"2,770.00","110,800.00"
2019-01-31,2019013101003773,CIT,40,19,54,"2,770.00","149,580.00"
2019-01-31,2019013101003762,CIT,40,28,100,"2,770.00","277,000.00"
2019-01-31,2019013101003730,CIT,40,22,79,"2,780.00","219,620.00"
2019-01-31,2019013101003639,CIT,42,5,12,"2,790.00","33,480.00"
2019-01-31,2019013101003612,CIT,28,39,10,"2,800.00","28,000.00"
2019-01-31,2019013101003457,CIT,14,21,50,"2,767.00","138,350.00"
2019-01-31,2019013101003456,CIT,14,43,10,"2,766.00","27,660.00"
2019-01-31,2019013101003442,CIT,16,43,15,"2,766.00","41,490.00"
2019-01-31,2019013101003441,CIT,16,40,50,"2,765.00","138,250.00"
2019-01-31,2019013101003440,CIT,16,11,35,"2,765.00","96,775.00"
2019-01-31,2019013101003421,CIT,35,11,15,"2,765.00","41,475.00"
2019-01-31,2019013101003472,CIT,34,34,200,"2,768.00","553,600.00"
2019-01-31,2019013101003471,CIT,34,26,80,"2,768.00","221,440.00"
2019-01-31,2019013101003470,CIT,34,5,10,"2,768.00","27,680.00"
2019-01-31,2019013101003460,CIT,34,58,50,"2,767.00","138,350.00"
2019-01-31,2019013101003459,CIT,34,28,90,"2,767.00","249,030.00"
2019-01-31,2019013101003458,CIT,14,28,40,"2,767.00","110,680.00"
2019-01-31,2019013101003487,CIT,16,1,183,"2,775.00","507,825.00"
2019-01-31,2019013101003486,CIT,16,34,77,"2,775.00","213,675.00"
2019-01-31,2019013101003485,CIT,16,5,10,"2,770.00","27,700.00"
2019-01-31,2019013101003484,CIT,16,13,30,"2,770.00","83,100.00"
2019-01-31,2019013101003482,CIT,34,13,20,"2,770.00","55,400.00"
2019-01-31,2019013101003477,CIT,40,1,104,"2,769.00","287,976.00"
2019-01-31,2019013101003544,CIT,40,39,50,"2,785.00","139,250.00"
2019-01-31,2019013101003537,CIT,21,28,10,"2,783.00","27,830.00"
2019-01-31,2019013101003505,CIT,40,38,200,"2,780.00","556,000.00"
2019-01-31,2019013101003504,CIT,40,40,11,"2,780.00","30,580.00"
2019-01-31,2019013101003503,CIT,40,59,10,"2,780.00","27,800.00"
2019-01-31,2019013101003502,CIT,16,1,17,"2,775.00","47,175.00"
2019-01-31,2019013101003565,CIT,42,53,40,"2,790.00","111,600.00"
2019-01-31,2019013101003564,CIT,42,25,20,"2,790.00","55,800.00"
2019-01-31,2019013101003563,CIT,42,25,10,"2,790.00","27,900.00"
2019-01-31,2019013101003562,CIT,42,21,10,"2,787.00","27,870.00"
2019-01-31,2019013101003546,CIT,40,34,100,"2,785.00","278,500.00"
2019-01-31,2019013101003545,CIT,40,55,50,"2,785.00","139,250.00"
2019-01-31,2019013101003584,CIT,39,33,100,"2,799.00","279,900.00"
2019-01-31,2019013101003583,CIT,39,45,13,"2,799.00","36,387.00"
2019-01-31,2019013101003582,CIT,16,14,20,"2,798.00","55,960.00"
2019-01-31,2019013101003581,CIT,16,50,10,"2,797.00","27,970.00"
2019-01-31,2019013101003578,CIT,39,42,50,"2,795.00","139,750.00"
2019-01-31,2019013101003566,CIT,42,51,50,"2,790.00","139,500.00"
2019-01-31,2019013101003593,CIT,39,1,25,"2,800.00","70,000.00"
2019-01-31,2019013101003592,CIT,26,34,20,"2,800.00","56,000.00"
2019-01-31,2019013101003591,CIT,26,41,100,"2,800.00","280,000.00"
2019-01-31,2019013101003590,CIT,26,49,10,"2,800.00","28,000.00"
2019-01-31,2019013101003589,CIT,26,16,50,"2,800.00","140,000.00"
2019-01-31,2019013101003588,CIT,26,14,20,"2,800.00","56,000.00"
2019-01-31,2019013101003611,CIT,28,22,10,"2,800.00","28,000.00"
2019-01-31,2019013101003610,CIT,28,34,18,"2,800.00","50,400.00"
2019-01-31,2019013101003609,CIT,28,40,12,"2,798.00","33,576.00"
2019-01-31,2019013101003608,CIT,39,40,18,"2,799.00","50,382.00"
2019-01-31,2019013101003606,CIT,16,28,18,"2,798.00","50,364.00"
2019-01-31,2019013101003594,CIT,39,34,12,"2,800.00","33,600.00"
2019-01-31,2019013101003785,CZBIL,57,25,914,209.00,"191,026.00"
2019-01-31,2019013101003784,CZBIL,1,25,300,209.00,"62,700.00"
2019-01-31,2019013101003783,CZBIL,56,25,122,209.00,"25,498.00"
2019-01-31,2019013101003782,CZBIL,56,25,306,209.00,"63,954.00"
2019-01-31,2019013101003766,CZBIL,56,29,10,209.00,"2,090.00"
2019-01-31,2019013101003758,DBBL,58,4,13,126.00,"1,638.00"
2019-01-31,2019013101003756,DBBL,58,56,14,125.00,"1,750.00"
2019-01-31,2019013101003755,DBBL,58,26,945,125.00,"118,125.00"
2019-01-31,2019013101003692,DBBL,6,56,700,124.00,"86,800.00"
2019-01-31,2019013101003616,DBBL,56,26,14,125.00,"1,750.00"
2019-01-31,2019013101003550,DBBL,48,26,30,125.00,"3,750.00"
2019-01-31,2019013101003533,DBBL,49,26,11,125.00,"1,375.00"
2019-01-31,2019013101003764,DDBL,44,33,150,585.00,"87,750.00"
2019-01-31,2019013101003607,DDBL,44,34,200,585.00,"117,000.00"
2019-01-31,2019013101003718,EBL,45,5,100,525.00,"52,500.00"
2019-01-31,2019013101003697,EBL,45,56,105,525.00,"55,125.00"
2019-01-31,2019013101003605,EBL,45,42,50,525.00,"26,250.00"
2019-01-31,2019013101003797,EDBL,43,34,140,285.00,"39,900.00"
2019-01-31,2019013101003376,EDBL,43,51,225,285.00,"64,125.00"
2019-01-31,2019013101003811,FOWAD,48,26,245,"1,600.00","392,000.00"
2019-01-31,2019013101003727,FOWAD,26,26,58,"1,600.00","92,800.00"
2019-01-31,2019013101003726,FOWAD,26,33,31,"1,600.00","49,600.00"
2019-01-31,2019013101003725,FOWAD,26,7,20,"1,600.00","32,000.00"
2019-01-31,2019013101003724,FOWAD,26,6,41,"1,599.00","65,559.00"
2019-01-31,2019013101003427,GBBL,39,51,168,184.00,"30,912.00"
2019-01-31,2019013101003426,GBBL,45,51,639,184.00,"117,576.00"
2019-01-31,2019013101003508,GBIME,7,28,"1,000",269.00,"269,000.00"
2019-01-31,2019013101003371,GBIME,7,16,300,269.00,"80,700.00"
2019-01-31,2019013101003316,GBIME,7,55,100,269.00,"26,900.00"
2019-01-31,2019013101003314,GBIME,7,55,300,269.00,"80,700.00"
2019-01-31,2019013101003813,GBLBS,39,16,265,442.00,"117,130.00"
2019-01-31,2019013101003751,GBLBS,39,22,10,442.00,"4,420.00"
2019-01-31,2019013101003711,GBLBS,39,22,10,442.00,"4,420.00"
2019-01-31,2019013101003694,GBLBS,39,22,10,442.00,"4,420.00"
