Date,Transact. No.,Symbol,Buyer,Seller,Quantity,Rate,Amount
2020-07-23,2020072301028549,ADBL,44,45,10,428.00,"4,280.00"
2020-07-23,2020072301028503,ADBL,14,49,54,427.00,"23,058.00"
2020-07-23,2020072301028483,ADBL,50,45,50,428.00,"21,400.00"
2020-07-23,2020072301028389,ADBL,14,6,560,427.00,"239,120.00"
2020-07-23,2020072301028578,AKJCL,29,35,10,48.00,480.00
2020-07-23,2020072301028544,AKPL,45,25,20,119.00,"2,380.00"
2020-07-23,2020072301028543,AKPL,45,34,200,118.00,"23,600.00"
2020-07-23,2020072301028271,AKPL,19,38,"2,000",117.00,"234,000.00"
2020-07-23,2020072301028270,AKPL,42,38,569,117.00,"66,573.00"
2020-07-23,2020072301028235,ALICL,56,38,10,635.00,"6,350.00"
2020-07-23,2020072301028202,ALICL,38,38,10,635.00,"6,350.00"
2020-07-23,2020072301028540,API,25,36,132,111.00,"14,652.00"
2020-07-23,2020072301028539,API,25,35,198,111.00,"21,978.00"
2020-07-23,2020072301028536,API,26,46,320,110.00,"35,200.00"
2020-07-23,2020072301028638,BFC,52,41,40,107.00,"4,280.00"
2020-07-23,2020072301028629,BOKL,42,43,10,234.00,"2,340.00"
2020-07-23,2020072301028499,BOKL,48,43,95,234.00,"22,230.00"
2020-07-23,2020072301028498,BOKL,48,6,30,234.00,"7,020.00"
2020-07-23,2020072301028159,BOKL,6,7,647,232.00,"150,104.00"
2020-07-23,2020072301028158,BOKL,37,7,200,232.00,"46,400.00"
2020-07-23,2020072301028157,BOKL,22,7,100,232.00,"23,200.00"
2020-07-23,2020072301028156,BOKL,25,7,"1,000",232.00,"232,000.00"
2020-07-23,2020072301028155,BOKL,52,7,20,233.00,"4,660.00"
2020-07-23,2020072301028154,BOKL,34,7,100,233.00,"23,300.00"
2020-07-23,2020072301028153,BOKL,6,7,233,233.00,"54,289.00"
2020-07-23,2020072301028151,BOKL,4,6,20,234.00,"4,680.00"
2020-07-23,2020072301028233,CBBL,54,46,356,"1,080.00","384,480.00"
2020-07-23,2020072301028232,CBBL,54,19,86,"1,079.00","92,794.00"
2020-07-23,2020072301028231,CBBL,54,6,58,"1,078.00","62,524.00"
2020-07-23,2020072301028229,CBBL,17,6,50,"1,078.00","53,900.00"
2020-07-23,2020072301028228,CBBL,37,6,46,"1,078.00","49,588.00"
2020-07-23,2020072301028207,CBBL,53,53,3,"1,080.00","3,240.00"
2020-07-23,2020072301028528,CBL,47,45,50,145.00,"7,250.00"
2020-07-23,2020072301028305,CBL,44,45,"1,277",145.00,"185,165.00"
2020-07-23,2020072301028304,CBL,44,57,37,145.00,"5,365.00"
2020-07-23,2020072301028303,CBL,44,41,588,145.00,"85,260.00"
2020-07-23,2020072301028302,CBL,44,47,149,145.00,"21,605.00"
2020-07-23,2020072301028301,CBL,44,57,165,145.00,"23,925.00"
2020-07-23,2020072301028300,CBL,44,44,784,145.00,"113,680.00"
2020-07-23,2020072301028230,CCBL,46,38,35,177.00,"6,195.00"
2020-07-23,2020072301028571,CIT,17,46,30,"2,531.00","75,930.00"
2020-07-23,2020072301028314,CIT,42,49,10,"2,539.00","25,390.00"
2020-07-23,2020072301028592,EBL,16,42,90,759.00,"68,310.00"
2020-07-23,2020072301028584,EBL,16,35,79,762.00,"60,198.00"
2020-07-23,2020072301028583,EBL,16,38,20,761.00,"15,220.00"
2020-07-23,2020072301028582,EBL,16,13,401,760.00,"304,760.00"
2020-07-23,2020072301028507,EBL,28,13,212,760.00,"161,120.00"
2020-07-23,2020072301028506,EBL,40,13,87,761.00,"66,207.00"
2020-07-23,2020072301028493,EBL,16,35,50,762.00,"38,100.00"
2020-07-23,2020072301028388,EBL,40,43,25,761.00,"19,025.00"
2020-07-23,2020072301028504,EIC,33,57,235,409.00,"96,115.00"
2020-07-23,2020072301028579,FMDBL,17,36,165,548.00,"90,420.00"
2020-07-23,2020072301028569,FMDBL,34,44,54,547.00,"29,538.00"
2020-07-23,2020072301028274,FMDBL,34,52,100,547.00,"54,700.00"
2020-07-23,2020072301028175,FOWAD,37,58,46,"1,560.00","71,760.00"
2020-07-23,2020072301028174,FOWAD,58,58,25,"1,561.00","39,025.00"
2020-07-23,2020072301028529,GBBL,6,41,34,248.00,"8,432.00"
2020-07-23,2020072301028197,GBBL,49,39,268,247.00,"66,196.00"
2020-07-23,2020072301028196,GBBL,43,39,32,247.00,"7,904.00"
2020-07-23,2020072301028597,GBIME,50,25,100,263.00,"26,300.00"
2020-07-23,2020072301028647,GBLBS,25,42,100,519.00,"51,900.00"
2020-07-23,2020072301028626,GFCL,56,59,20,153.00,"3,060.00"
2020-07-23,2020072301028625,GFCL,36,59,40,153.00,"6,120.00"
2020-07-23,2020072301028624,GFCL,25,59,30,153.00,"4,590.00"
2020-07-23,2020072301028649,GGBSL,38,17,10,929.00,"9,290.00"
2020-07-23,2020072301028586,GGBSL,38,38,10,930.00,"9,300.00"
2020-07-23,2020072301028383,GLICL,58,11,50,470.00,"23,500.00"
2020-07-23,2020072301028206,GUFL,14,48,374,123.00,"46,002.00"
2020-07-23,2020072301028205,GUFL,14,1,126,123.00,"15,498.00"
2020-07-23,2020072301028628,HBL,14,43,25,572.00,"14,300.00"
2020-07-23,2020072301028640,HDL,52,51,100,"1,753.00","175,300.00"
2020-07-23,2020072301028580,HDL,51,11,50,"1,751.00","87,550.00"
2020-07-23,2020072301028556,HDL,51,55,30,"1,751.00","52,530.00"
2020-07-23,2020072301028370,HDL,58,21,30,"1,755.00","52,650.00"
2020-07-23,2020072301028369,HDL,58,41,100,"1,755.00","175,500.00"
2020-07-23,2020072301028368,HDL,58,25,10,"1,754.00","17,540.00"
2020-07-23,2020072301028349,HDL,58,25,10,"1,754.00","17,540.00"
2020-07-23,2020072301028348,HDL,58,21,100,"1,754.00","175,400.00"
2020-07-23,2020072301028347,HDL,58,26,50,"1,753.00","87,650.00"
2020-07-23,2020072301028346,HDL,58,49,40,"1,753.00","70,120.00"
2020-07-23,2020072301028636,HGI,49,42,10,425.00,"4,250.00"
2020-07-23,2020072301028552,HGI,56,51,81,424.00,"34,344.00"
2020-07-23,2020072301028551,HGI,56,14,50,424.00,"21,200.00"
2020-07-23,2020072301028550,HGI,56,49,40,424.00,"16,960.00"
2020-07-23,2020072301028365,HGI,22,49,10,424.00,"4,240.00"
2020-07-23,2020072301028312,HIDCL,10,1,49,130.00,"6,370.00"
2020-07-23,2020072301028221,ICFC,14,34,11,188.00,"2,068.00"
2020-07-23,2020072301028495,IGI,54,18,100,456.00,"45,600.00"
2020-07-23,2020072301028494,IGI,41,18,100,457.00,"45,700.00"
2020-07-23,2020072301028477,ILBS,13,44,11,790.00,"8,690.00"
2020-07-23,2020072301028630,JBBL,49,58,10,181.00,"1,810.00"
2020-07-23,2020072301028585,JBBL,59,58,200,181.00,"36,200.00"
2020-07-23,2020072301028355,JBBL,52,58,200,181.00,"36,200.00"
2020-07-23,2020072301028198,JOSHI,42,42,20,46.20,924.00
2020-07-23,2020072301028474,JSLBB,49,57,10,"1,630.00","16,300.00"
2020-07-23,2020072301028473,JSLBB,49,3,15,"1,630.00","24,450.00"
2020-07-23,2020072301028472,JSLBB,49,57,37,"1,630.00","60,310.00"
2020-07-23,2020072301028379,JSLBB,14,57,23,"1,630.00","37,490.00"
2020-07-23,2020072301028378,JSLBB,14,6,17,"1,629.00","27,693.00"
2020-07-23,2020072301028461,KMCDB,48,58,10,867.00,"8,670.00"
2020-07-23,2020072301028200,KRBL,35,48,62,104.00,"6,448.00"
2020-07-23,2020072301028542,KSBBL,14,19,29,156.00,"4,524.00"
2020-07-23,2020072301028639,LBBL,57,8,500,196.00,"98,000.00"
2020-07-23,2020072301028490,LGIL,58,34,20,474.00,"9,480.00"
2020-07-23,2020072301028215,LGIL,33,11,100,471.00,"47,100.00"
2020-07-23,2020072301028462,LICN,25,43,10,"1,455.00","14,550.00"
2020-07-23,2020072301028276,MBL,33,32,10,241.00,"2,410.00"
2020-07-23,2020072301028456,MEGA,28,16,50,239.00,"11,950.00"
2020-07-23,2020072301028455,MEGA,28,32,"1,643",238.00,"391,034.00"
2020-07-23,2020072301028269,MEGA,28,32,147,238.00,"34,986.00"
2020-07-23,2020072301028268,MEGA,28,58,250,238.00,"59,500.00"
2020-07-23,2020072301028267,MEGA,28,53,30,237.00,"7,110.00"
2020-07-23,2020072301028242,MEGA,28,34,300,235.00,"70,500.00"
2020-07-23,2020072301028241,MEGA,28,51,800,235.00,"188,000.00"
2020-07-23,2020072301028240,MEGA,28,10,87,234.00,"20,358.00"
2020-07-23,2020072301028239,MEGA,28,48,50,234.00,"11,700.00"
2020-07-23,2020072301028248,MEGA,28,57,300,235.00,"70,500.00"
2020-07-23,2020072301028247,MEGA,28,55,202,235.00,"47,470.00"
2020-07-23,2020072301028246,MEGA,28,45,"1,000",235.00,"235,000.00"
2020-07-23,2020072301028245,MEGA,28,57,45,235.00,"10,575.00"
2020-07-23,2020072301028244,MEGA,28,34,"1,010",235.00,"237,350.00"
2020-07-23,2020072301028243,MEGA,28,16,100,235.00,"23,500.00"
2020-07-23,2020072301028254,MEGA,28,58,100,235.00,"23,500.00"
2020-07-23,2020072301028253,MEGA,28,14,299,235.00,"70,265.00"
2020-07-23,2020072301028252,MEGA,28,25,200,235.00,"47,000.00"
2020-07-23,2020072301028251,MEGA,28,59,50,235.00,"11,750.00"
2020-07-23,2020072301028250,MEGA,28,45,100,235.00,"23,500.00"
2020-07-23,2020072301028249,MEGA,28,6,500,235.00,"117,500.00"
2020-07-23,2020072301028260,MEGA,28,34,"1,500",236.00,"354,000.00"
2020-07-23,2020072301028259,MEGA,28,51,120,236.00,"28,320.00"
2020-07-23,2020072301028258,MEGA,28,45,"1,000",236.00,"236,000.00"
2020-07-23,2020072301028257,MEGA,28,38,"1,685",236.00,"397,660.00"
2020-07-23,2020072301028256,MEGA,28,45,500,236.00,"118,000.00"
2020-07-23,2020072301028255,MEGA,28,11,300,236.00,"70,800.00"
2020-07-23,2020072301028266,MEGA,28,52,150,237.00,"35,550.00"
2020-07-23,2020072301028265,MEGA,28,58,300,237.00,"71,100.00"
2020-07-23,2020072301028264,MEGA,28,37,500,237.00,"118,500.00"
2020-07-23,2020072301028263,MEGA,28,43,250,237.00,"59,250.00"
2020-07-23,2020072301028262,MEGA,28,43,25,237.00,"5,925.00"
2020-07-23,2020072301028261,MEGA,28,43,100,237.00,"23,700.00"
2020-07-23,2020072301028186,MERO,21,35,200,647.00,"129,400.00"
2020-07-23,2020072301028377,MLBBL,45,58,50,800.00,"40,000.00"
2020-07-23,2020072301028471,MLBL,34,45,197,206.00,"40,582.00"
2020-07-23,2020072301028600,MNBBL,28,36,50,339.00,"16,950.00"
2020-07-23,2020072301028484,MNBBL,38,36,30,339.00,"10,170.00"
2020-07-23,2020072301028277,MNBBL,45,36,100,339.00,"33,900.00"
2020-07-23,2020072301028577,MSMBS,46,32,20,768.00,"15,360.00"
2020-07-23,2020072301028309,MSMBS,46,1,30,753.00,"22,590.00"
2020-07-23,2020072301028308,MSMBS,46,32,20,753.00,"15,060.00"
2020-07-23,2020072301028588,NABIL,50,35,200,850.00,"170,000.00"
2020-07-23,2020072301028306,NABIL,19,35,500,850.00,"425,000.00"
2020-07-23,2020072301028289,NABIL,37,35,500,850.00,"425,000.00"
2020-07-23,2020072301028589,NBB,37,55,200,210.00,"42,000.00"
2020-07-23,2020072301028199,NBB,13,1,100,211.00,"21,100.00"
2020-07-23,2020072301028180,NBB,36,55,500,210.00,"105,000.00"
2020-07-23,2020072301028179,NBB,1,55,100,210.00,"21,000.00"
2020-07-23,2020072301028178,NBB,6,55,130,210.00,"27,300.00"
2020-07-23,2020072301028644,NBL,6,45,100,265.00,"26,500.00"
2020-07-23,2020072301028190,NBL,5,58,"1,000",266.00,"266,000.00"
2020-07-23,2020072301028189,NBL,5,58,"1,000",266.00,"266,000.00"
2020-07-23,2020072301028188,NBL,42,58,50,266.00,"13,300.00"
2020-07-23,2020072301028183,NBL,5,19,50,267.00,"13,350.00"
2020-07-23,2020072301028182,NBL,5,35,883,267.00,"235,761.00"
2020-07-23,2020072301028181,NBL,5,49,67,267.00,"17,889.00"
2020-07-23,2020072301028463,NCCB,44,44,200,201.00,"40,200.00"
2020-07-23,2020072301028351,NCCB,44,44,10,201.00,"2,010.00"
2020-07-23,2020072301028173,NIB,35,44,16,459.00,"7,344.00"
2020-07-23,2020072301028637,NICA,49,16,20,579.00,"11,580.00"
2020-07-23,2020072301028313,NICL,17,33,100,463.00,"46,300.00"
2020-07-23,2020072301028601,NICLBSL,16,44,10,793.00,"7,930.00"
2020-07-23,2020072301028599,NICLBSL,16,22,10,793.00,"7,930.00"
2020-07-23,2020072301028596,NICLBSL,16,10,10,793.00,"7,930.00"
2020-07-23,2020072301028557,NICLBSL,16,59,10,793.00,"7,930.00"
2020-07-23,2020072301028534,NICLBSL,42,34,20,793.00,"15,860.00"
2020-07-23,2020072301028527,NICLBSL,42,20,10,793.00,"7,930.00"
2020-07-23,2020072301028150,NICLBSL,1,57,10,792.00,"7,920.00"
2020-07-23,2020072301028209,NICLBSL,48,8,10,794.00,"7,940.00"
2020-07-23,2020072301028208,NICLBSL,48,8,10,794.00,"7,940.00"
2020-07-23,2020072301028204,NICLBSL,1,47,10,792.00,"7,920.00"
2020-07-23,2020072301028176,NICLBSL,1,16,10,792.00,"7,920.00"
2020-07-23,2020072301028163,NICLBSL,1,39,10,792.00,"7,920.00"
2020-07-23,2020072301028160,NICLBSL,1,44,10,792.00,"7,920.00"
2020-07-23,2020072301028278,NICLBSL,29,41,10,792.00,"7,920.00"
2020-07-23,2020072301028275,NICLBSL,29,46,10,792.00,"7,920.00"
2020-07-23,2020072301028236,NICLBSL,29,51,10,792.00,"7,920.00"
2020-07-23,2020072301028234,NICLBSL,29,55,10,792.00,"7,920.00"
2020-07-23,2020072301028225,NICLBSL,55,20,10,792.00,"7,920.00"
2020-07-23,2020072301028224,NICLBSL,1,22,20,792.00,"15,840.00"
2020-07-23,2020072301028319,NICLBSL,29,50,10,794.00,"7,940.00"
2020-07-23,2020072301028318,NICLBSL,29,10,10,794.00,"7,940.00"
2020-07-23,2020072301028317,NICLBSL,29,56,10,794.00,"7,940.00"
2020-07-23,2020072301028316,NICLBSL,29,55,10,794.00,"7,940.00"
2020-07-23,2020072301028315,NICLBSL,29,44,10,792.00,"7,920.00"
2020-07-23,2020072301028297,NICLBSL,29,13,10,792.00,"7,920.00"
2020-07-23,2020072301028325,NICLBSL,29,16,10,795.00,"7,950.00"
2020-07-23,2020072301028324,NICLBSL,29,16,10,795.00,"7,950.00"
2020-07-23,2020072301028323,NICLBSL,29,26,10,795.00,"7,950.00"
2020-07-23,2020072301028322,NICLBSL,29,16,10,795.00,"7,950.00"
2020-07-23,2020072301028321,NICLBSL,29,16,10,795.00,"7,950.00"
2020-07-23,2020072301028320,NICLBSL,29,8,10,794.00,"7,940.00"
2020-07-23,2020072301028331,NICLBSL,29,8,10,795.00,"7,950.00"
2020-07-23,2020072301028330,NICLBSL,29,34,10,795.00,"7,950.00"
2020-07-23,2020072301028329,NICLBSL,29,16,10,795.00,"7,950.00"
2020-07-23,2020072301028328,NICLBSL,29,16,10,795.00,"7,950.00"
2020-07-23,2020072301028327,NICLBSL,29,41,10,795.00,"7,950.00"
2020-07-23,2020072301028326,NICLBSL,29,48,10,795.00,"7,950.00"
2020-07-23,2020072301028337,NICLBSL,29,34,10,795.00,"7,950.00"
2020-07-23,2020072301028336,NICLBSL,29,47,10,795.00,"7,950.00"
2020-07-23,2020072301028335,NICLBSL,29,34,10,795.00,"7,950.00"
2020-07-23,2020072301028334,NICLBSL,29,48,10,795.00,"7,950.00"
2020-07-23,2020072301028333,NICLBSL,29,48,10,795.00,"7,950.00"
2020-07-23,2020072301028332,NICLBSL,29,8,10,795.00,"7,950.00"
2020-07-23,2020072301028343,NICLBSL,29,25,10,795.00,"7,950.00"
2020-07-23,2020072301028342,NICLBSL,29,17,20,795.00,"15,900.00"
2020-07-23,2020072301028341,NICLBSL,29,45,10,795.00,"7,950.00"
2020-07-23,2020072301028340,NICLBSL,29,37,10,795.00,"7,950.00"
2020-07-23,2020072301028339,NICLBSL,29,50,10,795.00,"7,950.00"
2020-07-23,2020072301028338,NICLBSL,29,41,20,795.00,"15,900.00"
2020-07-23,2020072301028465,NICLBSL,3,59,20,792.00,"15,840.00"
2020-07-23,2020072301028457,NICLBSL,29,47,10,792.00,"7,920.00"
2020-07-23,2020072301028367,NICLBSL,29,20,10,792.00,"7,920.00"
2020-07-23,2020072301028350,NICLBSL,29,41,20,792.00,"15,840.00"
2020-07-23,2020072301028345,NICLBSL,29,48,10,795.00,"7,950.00"
2020-07-23,2020072301028344,NICLBSL,29,48,10,795.00,"7,950.00"
2020-07-23,2020072301028509,NICLBSL,57,22,20,794.00,"15,880.00"
2020-07-23,2020072301028500,NICLBSL,57,40,10,793.00,"7,930.00"
2020-07-23,2020072301028492,NICLBSL,3,18,10,792.00,"7,920.00"
2020-07-23,2020072301028488,NICLBSL,3,34,10,792.00,"7,920.00"
2020-07-23,2020072301028482,NICLBSL,3,10,10,792.00,"7,920.00"
2020-07-23,2020072301028466,NICLBSL,3,22,10,792.00,"7,920.00"
2020-07-23,2020072301028598,NIL,52,36,50,665.00,"33,250.00"
2020-07-23,2020072301028576,NIL,58,8,100,665.00,"66,500.00"
2020-07-23,2020072301028575,NIL,58,57,324,665.00,"215,460.00"
2020-07-23,2020072301028574,NIL,58,25,184,665.00,"122,360.00"
2020-07-23,2020072301028573,NIL,58,32,50,665.00,"33,250.00"
2020-07-23,2020072301028470,NIL,58,37,200,663.00,"132,600.00"
2020-07-23,2020072301028195,NIL,17,45,18,665.00,"11,970.00"
2020-07-23,2020072301028194,NIL,17,35,32,665.00,"21,280.00"
2020-07-23,2020072301028185,NIL,42,35,68,665.00,"45,220.00"
2020-07-23,2020072301028184,NIL,42,1,400,665.00,"266,000.00"
2020-07-23,2020072301028387,NIL,38,54,100,665.00,"66,500.00"
2020-07-23,2020072301028294,NIL,52,57,68,665.00,"45,220.00"
2020-07-23,2020072301028293,NIL,52,54,50,665.00,"33,250.00"
2020-07-23,2020072301028292,NIL,52,45,82,665.00,"54,530.00"
2020-07-23,2020072301028291,NIL,52,51,95,664.00,"63,080.00"
2020-07-23,2020072301028226,NIL,58,54,100,663.00,"66,300.00"
2020-07-23,2020072301028187,NLBBL,34,4,10,745.00,"7,450.00"
2020-07-23,2020072301028510,NLG,45,25,100,669.00,"66,900.00"
2020-07-23,2020072301028162,NLG,7,45,11,665.00,"7,315.00"
2020-07-23,2020072301028641,NLIC,25,26,100,"1,342.00","134,200.00"
2020-07-23,2020072301028502,NLIC,41,56,20,"1,344.00","26,880.00"
2020-07-23,2020072301028501,NLIC,26,56,54,"1,344.00","72,576.00"
2020-07-23,2020072301028491,NLIC,57,37,39,"1,345.00","52,455.00"
2020-07-23,2020072301028363,NLIC,26,57,21,"1,344.00","28,224.00"
2020-07-23,2020072301028296,NLIC,17,37,28,"1,345.00","37,660.00"
2020-07-23,2020072301028218,NLIC,45,57,22,"1,345.00","29,590.00"
2020-07-23,2020072301028212,NLIC,50,57,478,"1,345.00","642,910.00"
2020-07-23,2020072301028211,NLIC,50,57,22,"1,345.00","29,590.00"
2020-07-23,2020072301028295,NLIC,17,8,72,"1,345.00","96,840.00"
2020-07-23,2020072301028273,NLIC,26,42,25,"1,344.00","33,600.00"
2020-07-23,2020072301028272,NLIC,59,42,40,"1,344.00","53,760.00"
2020-07-23,2020072301028227,NLIC,59,5,200,"1,344.00","268,800.00"
2020-07-23,2020072301028223,NLIC,45,8,100,"1,345.00","134,500.00"
2020-07-23,2020072301028219,NLIC,45,8,78,"1,345.00","104,910.00"
2020-07-23,2020072301028553,NLICL,41,28,100,685.00,"68,500.00"
2020-07-23,2020072301028555,NMB,50,13,36,431.00,"15,516.00"
2020-07-23,2020072301028517,NMB,32,13,127,431.00,"54,737.00"
2020-07-23,2020072301028489,NMB,32,32,36,431.00,"15,516.00"
2020-07-23,2020072301028467,NMB,52,58,100,432.00,"43,200.00"
2020-07-23,2020072301028364,NMB,32,13,14,431.00,"6,034.00"
2020-07-23,2020072301028288,NMB,32,42,10,431.00,"4,310.00"
2020-07-23,2020072301028287,NMB,32,28,813,431.00,"350,403.00"
2020-07-23,2020072301028286,NMB,17,28,187,431.00,"80,597.00"
2020-07-23,2020072301028581,NMFBS,45,33,10,"1,680.00","16,800.00"
2020-07-23,2020072301028307,NMFBS,45,49,37,"1,679.00","62,123.00"
2020-07-23,2020072301028591,NRIC,28,46,10,545.00,"5,450.00"
2020-07-23,2020072301028587,NRIC,8,46,10,545.00,"5,450.00"
2020-07-23,2020072301028486,NRIC,56,5,10,542.00,"5,420.00"
2020-07-23,2020072301028485,NRIC,56,5,10,543.00,"5,430.00"
2020-07-23,2020072301028479,NRIC,56,55,40,543.00,"21,720.00"
2020-07-23,2020072301028454,NRIC,52,48,955,547.00,"522,385.00"
2020-07-23,2020072301028201,NRIC,39,41,20,542.00,"10,840.00"
2020-07-23,2020072301028165,NRIC,39,51,30,542.00,"16,260.00"
2020-07-23,2020072301028164,NRIC,39,38,40,542.00,"21,680.00"
2020-07-23,2020072301028152,NRIC,39,10,40,542.00,"21,680.00"
2020-07-23,2020072301028384,NRIC,28,33,60,543.00,"32,580.00"
2020-07-23,2020072301028359,NRIC,34,33,140,543.00,"76,020.00"
2020-07-23,2020072301028358,NRIC,34,36,40,543.00,"21,720.00"
2020-07-23,2020072301028357,NRIC,34,41,20,542.00,"10,840.00"
2020-07-23,2020072301028352,NRIC,28,22,40,541.00,"21,640.00"
2020-07-23,2020072301028238,NRIC,28,10,40,541.00,"21,640.00"
2020-07-23,2020072301028393,NRIC,52,54,500,544.00,"272,000.00"
2020-07-23,2020072301028392,NRIC,52,56,220,544.00,"119,680.00"
2020-07-23,2020072301028391,NRIC,52,40,780,543.00,"423,540.00"
2020-07-23,2020072301028390,NRIC,56,42,200,542.00,"108,400.00"
2020-07-23,2020072301028386,NRIC,28,40,260,543.00,"141,180.00"
2020-07-23,2020072301028385,NRIC,28,28,100,543.00,"54,300.00"
2020-07-23,2020072301028399,NRIC,52,35,40,545.00,"21,800.00"
2020-07-23,2020072301028398,NRIC,52,47,10,545.00,"5,450.00"
2020-07-23,2020072301028397,NRIC,52,59,50,545.00,"27,250.00"
2020-07-23,2020072301028396,NRIC,52,18,50,544.00,"27,200.00"
2020-07-23,2020072301028395,NRIC,52,28,300,544.00,"163,200.00"
2020-07-23,2020072301028394,NRIC,52,42,10,544.00,"5,440.00"
2020-07-23,2020072301028405,NRIC,52,44,40,545.00,"21,800.00"
2020-07-23,2020072301028404,NRIC,52,44,40,545.00,"21,800.00"
2020-07-23,2020072301028403,NRIC,52,52,50,545.00,"27,250.00"
2020-07-23,2020072301028402,NRIC,52,34,40,545.00,"21,800.00"
2020-07-23,2020072301028401,NRIC,52,36,430,545.00,"234,350.00"
2020-07-23,2020072301028400,NRIC,52,32,150,545.00,"81,750.00"
2020-07-23,2020072301028411,NRIC,52,39,40,545.00,"21,800.00"
2020-07-23,2020072301028410,NRIC,52,44,40,545.00,"21,800.00"
2020-07-23,2020072301028409,NRIC,52,45,10,545.00,"5,450.00"
2020-07-23,2020072301028408,NRIC,52,44,50,545.00,"27,250.00"
2020-07-23,2020072301028407,NRIC,52,41,40,545.00,"21,800.00"
2020-07-23,2020072301028406,NRIC,52,44,40,545.00,"21,800.00"
2020-07-23,2020072301028417,NRIC,52,44,40,545.00,"21,800.00"
2020-07-23,2020072301028416,NRIC,52,44,40,545.00,"21,800.00"
2020-07-23,2020072301028415,NRIC,52,44,50,545.00,"27,250.00"
2020-07-23,2020072301028414,NRIC,52,44,50,545.00,"27,250.00"
2020-07-23,2020072301028413,NRIC,52,44,40,545.00,"21,800.00"
2020-07-23,2020072301028412,NRIC,52,45,40,545.00,"21,800.00"
2020-07-23,2020072301028423,NRIC,52,55,40,545.00,"21,800.00"
2020-07-23,2020072301028422,NRIC,52,44,40,545.00,"21,800.00"
2020-07-23,2020072301028421,NRIC,52,42,10,545.00,"5,450.00"
2020-07-23,2020072301028420,NRIC,52,44,40,545.00,"21,800.00"
2020-07-23,2020072301028419,NRIC,52,44,40,545.00,"21,800.00"
2020-07-23,2020072301028418,NRIC,52,38,40,545.00,"21,800.00"
2020-07-23,2020072301028429,NRIC,52,40,50,545.00,"27,250.00"
2020-07-23,2020072301028428,NRIC,52,26,20,545.00,"10,900.00"
2020-07-23,2020072301028427,NRIC,52,42,20,545.00,"10,900.00"
2020-07-23,2020072301028426,NRIC,52,45,50,545.00,"27,250.00"
2020-07-23,2020072301028425,NRIC,52,49,50,545.00,"27,250.00"
2020-07-23,2020072301028424,NRIC,52,59,50,545.00,"27,250.00"
2020-07-23,2020072301028435,NRIC,52,47,40,546.00,"21,840.00"
2020-07-23,2020072301028434,NRIC,52,57,275,545.00,"149,875.00"
2020-07-23,2020072301028433,NRIC,52,55,40,545.00,"21,800.00"
2020-07-23,2020072301028432,NRIC,52,48,40,545.00,"21,800.00"
2020-07-23,2020072301028431,NRIC,52,48,40,545.00,"21,800.00"
2020-07-23,2020072301028430,NRIC,52,51,40,545.00,"21,800.00"
2020-07-23,2020072301028441,NRIC,52,21,20,546.00,"10,920.00"
2020-07-23,2020072301028440,NRIC,52,35,100,546.00,"54,600.00"
2020-07-23,2020072301028439,NRIC,52,14,200,546.00,"109,200.00"
2020-07-23,2020072301028438,NRIC,52,36,100,546.00,"54,600.00"
2020-07-23,2020072301028437,NRIC,52,42,40,546.00,"21,840.00"
2020-07-23,2020072301028436,NRIC,52,58,40,546.00,"21,840.00"
2020-07-23,2020072301028447,NRIC,52,45,40,547.00,"21,880.00"
2020-07-23,2020072301028446,NRIC,52,59,40,547.00,"21,880.00"
2020-07-23,2020072301028445,NRIC,52,45,500,546.00,"273,000.00"
2020-07-23,2020072301028444,NRIC,52,17,40,546.00,"21,840.00"
2020-07-23,2020072301028443,NRIC,52,40,50,546.00,"27,300.00"
2020-07-23,2020072301028442,NRIC,52,40,40,546.00,"21,840.00"
2020-07-23,2020072301028453,NRIC,52,48,200,547.00,"109,400.00"
2020-07-23,2020072301028452,NRIC,52,42,20,547.00,"10,940.00"
2020-07-23,2020072301028451,NRIC,52,50,40,547.00,"21,880.00"
2020-07-23,2020072301028450,NRIC,52,41,400,547.00,"218,800.00"
2020-07-23,2020072301028449,NRIC,52,57,20,547.00,"10,940.00"
2020-07-23,2020072301028448,NRIC,52,40,40,547.00,"21,880.00"
2020-07-23,2020072301028311,NSEWA,48,51,10,755.00,"7,550.00"
2020-07-23,2020072301028310,NSEWA,48,56,10,755.00,"7,550.00"
2020-07-23,2020072301028622,NUBL,37,39,200,999.00,"199,800.00"
2020-07-23,2020072301028642,PCBL,3,34,100,282.00,"28,200.00"
2020-07-23,2020072301028545,PCBL,21,34,18,282.00,"5,076.00"
2020-07-23,2020072301028531,PCBL,21,44,20,282.00,"5,640.00"
2020-07-23,2020072301028530,PCBL,21,34,212,282.00,"59,784.00"
2020-07-23,2020072301028216,PCBL,1,34,150,282.00,"42,300.00"
2020-07-23,2020072301028237,PIC,58,35,11,636.00,"6,996.00"
2020-07-23,2020072301028361,PMHPL,19,35,10,72.00,720.00
2020-07-23,2020072301028646,PRIN,10,50,50,514.00,"25,700.00"
2020-07-23,2020072301028645,PRIN,44,50,50,514.00,"25,700.00"
2020-07-23,2020072301028590,PRIN,56,46,10,515.00,"5,150.00"
2020-07-23,2020072301028547,PRIN,44,32,250,514.00,"128,500.00"
2020-07-23,2020072301028546,PRIN,56,32,50,514.00,"25,700.00"
2020-07-23,2020072301028487,PRIN,49,14,50,514.00,"25,700.00"
2020-07-23,2020072301028214,PRIN,49,36,50,514.00,"25,700.00"
2020-07-23,2020072301028213,PRIN,49,19,100,514.00,"51,400.00"
2020-07-23,2020072301028210,PRIN,5,36,100,509.00,"50,900.00"
2020-07-23,2020072301028371,PRVU,10,59,100,244.00,"24,400.00"
2020-07-23,2020072301028220,PRVU,34,59,10,244.00,"2,440.00"
2020-07-23,2020072301028468,RADHI,34,50,11,168.00,"1,848.00"
2020-07-23,2020072301028376,RHPL,42,36,20,149.00,"2,980.00"
2020-07-23,2020072301028634,RMDC,18,28,10,700.00,"7,000.00"
2020-07-23,2020072301028476,RMDC,18,57,259,695.00,"180,005.00"
2020-07-23,2020072301028475,RMDC,18,40,38,695.00,"26,410.00"
2020-07-23,2020072301028382,RSDC,32,42,18,521.00,"9,378.00"
2020-07-23,2020072301028381,RSDC,32,41,57,521.00,"29,697.00"
2020-07-23,2020072301028380,RSDC,32,41,10,521.00,"5,210.00"
2020-07-23,2020072301028635,SANIMA,14,48,100,366.00,"36,600.00"
2020-07-23,2020072301028459,SBI,41,34,10,451.00,"4,510.00"
2020-07-23,2020072301028458,SBI,41,50,240,451.00,"108,240.00"
2020-07-23,2020072301028568,SBL,45,58,40,313.00,"12,520.00"
2020-07-23,2020072301028567,SBL,35,58,100,313.00,"31,300.00"
2020-07-23,2020072301028566,SBL,21,58,100,313.00,"31,300.00"
2020-07-23,2020072301028565,SBL,50,58,200,313.00,"62,600.00"
2020-07-23,2020072301028564,SBL,6,58,269,313.00,"84,197.00"
2020-07-23,2020072301028563,SBL,48,58,317,314.00,"99,538.00"
2020-07-23,2020072301028497,SBL,39,14,106,318.00,"33,708.00"
2020-07-23,2020072301028496,SBL,39,49,280,318.00,"89,040.00"
2020-07-23,2020072301028562,SBL,10,58,50,314.00,"15,700.00"
2020-07-23,2020072301028561,SBL,37,58,281,314.00,"88,234.00"
2020-07-23,2020072301028560,SBL,53,58,30,315.00,"9,450.00"
2020-07-23,2020072301028559,SBL,19,58,60,315.00,"18,900.00"
2020-07-23,2020072301028558,SBL,53,58,50,315.00,"15,750.00"
2020-07-23,2020072301028508,SBL,49,14,94,318.00,"29,892.00"
2020-07-23,2020072301028627,SCB,46,29,15,688.00,"10,320.00"
2020-07-23,2020072301028299,SCB,57,44,100,685.00,"68,500.00"
2020-07-23,2020072301028298,SCB,14,44,19,685.00,"13,015.00"
2020-07-23,2020072301028290,SCB,16,29,20,688.00,"13,760.00"
2020-07-23,2020072301028519,SDESI,45,45,69,908.00,"62,652.00"
2020-07-23,2020072301028518,SDESI,45,40,28,908.00,"25,424.00"
2020-07-23,2020072301028554,SHIVM,58,21,500,616.00,"308,000.00"
2020-07-23,2020072301028526,SHIVM,58,38,"1,100",616.00,"677,600.00"
2020-07-23,2020072301028525,SHIVM,58,51,80,615.00,"49,200.00"
2020-07-23,2020072301028524,SHIVM,58,56,100,615.00,"61,500.00"
2020-07-23,2020072301028523,SHIVM,58,50,300,615.00,"184,500.00"
2020-07-23,2020072301028522,SHIVM,58,29,100,615.00,"61,500.00"
2020-07-23,2020072301028283,SHIVM,50,48,40,612.00,"24,480.00"
2020-07-23,2020072301028177,SHIVM,50,53,50,612.00,"30,600.00"
2020-07-23,2020072301028511,SHIVM,10,5,540,614.00,"331,560.00"
2020-07-23,2020072301028360,SHIVM,50,5,100,614.00,"61,400.00"
2020-07-23,2020072301028354,SHIVM,10,21,390,611.00,"238,290.00"
2020-07-23,2020072301028353,SHIVM,58,21,110,611.00,"67,210.00"
2020-07-23,2020072301028285,SHIVM,58,48,390,611.00,"238,290.00"
2020-07-23,2020072301028284,SHIVM,38,48,70,611.00,"42,770.00"
2020-07-23,2020072301028521,SHIVM,58,49,50,615.00,"30,750.00"
2020-07-23,2020072301028520,SHIVM,58,39,"1,000",615.00,"615,000.00"
2020-07-23,2020072301028515,SHIVM,16,21,500,613.00,"306,500.00"
2020-07-23,2020072301028514,SHIVM,10,21,100,614.00,"61,400.00"
2020-07-23,2020072301028513,SHIVM,10,22,200,614.00,"122,800.00"
2020-07-23,2020072301028512,SHIVM,10,21,100,614.00,"61,400.00"
2020-07-23,2020072301028621,SHL,42,57,100,173.00,"17,300.00"
2020-07-23,2020072301028620,SHL,25,57,200,173.00,"34,600.00"
2020-07-23,2020072301028619,SHL,26,57,100,173.00,"17,300.00"
2020-07-23,2020072301028618,SHL,41,57,100,173.00,"17,300.00"
2020-07-23,2020072301028362,SHL,51,57,100,174.00,"17,400.00"
2020-07-23,2020072301028617,SICL,58,45,216,"1,210.00","261,360.00"
2020-07-23,2020072301028616,SICL,58,19,100,"1,210.00","121,000.00"
2020-07-23,2020072301028615,SICL,58,32,184,"1,209.00","222,456.00"
2020-07-23,2020072301028614,SICL,58,51,120,"1,209.00","145,080.00"
2020-07-23,2020072301028613,SICL,58,39,100,"1,209.00","120,900.00"
2020-07-23,2020072301028612,SICL,58,36,40,"1,209.00","48,360.00"
2020-07-23,2020072301028537,SICL,34,44,50,"1,202.00","60,100.00"
2020-07-23,2020072301028535,SICL,56,14,50,"1,203.00","60,150.00"
2020-07-23,2020072301028469,SICL,46,14,50,"1,203.00","60,150.00"
2020-07-23,2020072301028217,SICL,49,14,100,"1,203.00","120,300.00"
2020-07-23,2020072301028605,SICL,58,41,50,"1,203.00","60,150.00"
2020-07-23,2020072301028604,SICL,58,14,100,"1,202.00","120,200.00"
2020-07-23,2020072301028603,SICL,58,11,10,"1,201.00","12,010.00"
2020-07-23,2020072301028602,SICL,58,35,50,"1,201.00","60,050.00"
2020-07-23,2020072301028548,SICL,4,35,50,"1,201.00","60,050.00"
2020-07-23,2020072301028538,SICL,4,44,50,"1,201.00","60,050.00"
2020-07-23,2020072301028611,SICL,58,55,300,"1,208.00","362,400.00"
2020-07-23,2020072301028610,SICL,58,33,50,"1,204.00","60,200.00"
2020-07-23,2020072301028609,SICL,58,53,50,"1,204.00","60,200.00"
2020-07-23,2020072301028608,SICL,58,38,400,"1,204.00","481,600.00"
2020-07-23,2020072301028607,SICL,58,5,30,"1,204.00","36,120.00"
2020-07-23,2020072301028606,SICL,58,21,200,"1,204.00","240,800.00"
2020-07-23,2020072301028570,SIL,58,44,20,628.00,"12,560.00"
2020-07-23,2020072301028478,SIL,7,22,300,628.00,"188,400.00"
2020-07-23,2020072301028282,SIL,59,5,104,627.00,"65,208.00"
2020-07-23,2020072301028281,SIL,59,44,200,627.00,"125,400.00"
2020-07-23,2020072301028623,SJCL,41,54,100,140.00,"14,000.00"
2020-07-23,2020072301028161,SJCL,41,13,10,138.00,"1,380.00"
2020-07-23,2020072301028464,SKBBL,34,34,10,"1,287.00","12,870.00"
2020-07-23,2020072301028222,SLBBL,18,40,150,914.00,"137,100.00"
2020-07-23,2020072301028203,SLBBL,49,41,73,913.00,"66,649.00"
2020-07-23,2020072301028633,SLBS,13,51,37,"1,004.00","37,148.00"
2020-07-23,2020072301028632,SLBS,13,42,37,"1,000.00","37,000.00"
2020-07-23,2020072301028631,SLBS,13,50,10,"1,000.00","10,000.00"
2020-07-23,2020072301028533,SLBS,13,56,13,995.00,"12,935.00"
2020-07-23,2020072301028532,SLBS,35,56,24,997.00,"23,928.00"
2020-07-23,2020072301028594,SLICL,4,8,10,458.00,"4,580.00"
2020-07-23,2020072301028460,SLICL,36,33,190,457.00,"86,830.00"
2020-07-23,2020072301028375,SMFBS,41,34,165,945.00,"155,925.00"
2020-07-23,2020072301028374,SMFBS,41,38,10,945.00,"9,450.00"
2020-07-23,2020072301028373,SMFBS,41,52,15,945.00,"14,175.00"
2020-07-23,2020072301028372,SMFBS,41,48,10,940.00,"9,400.00"
2020-07-23,2020072301028648,SPDL,45,7,100,101.00,"10,100.00"
2020-07-23,2020072301028593,SPDL,45,7,10,101.00,"1,010.00"
2020-07-23,2020072301028172,SPDL,44,7,960,97.00,"93,120.00"
2020-07-23,2020072301028171,SPDL,34,7,10,97.00,970.00
2020-07-23,2020072301028170,SPDL,58,7,300,97.00,"29,100.00"
2020-07-23,2020072301028169,SPDL,14,7,200,97.00,"19,400.00"
2020-07-23,2020072301028168,SPDL,47,7,500,97.00,"48,500.00"
2020-07-23,2020072301028167,SPDL,6,7,25,97.00,"2,425.00"
2020-07-23,2020072301028166,SPDL,41,7,40,98.00,"3,920.00"
2020-07-23,2020072301028481,SWBBL,44,21,50,"1,210.00","60,500.00"
2020-07-23,2020072301028480,SWBBL,44,44,190,"1,210.00","229,900.00"
2020-07-23,2020072301028366,SWBBL,5,44,10,"1,210.00","12,100.00"
2020-07-23,2020072301028572,TMDBL,42,22,250,179.00,"44,750.00"
2020-07-23,2020072301028595,UFL,17,53,200,186.00,"37,200.00"
2020-07-23,2020072301028643,UIC,53,43,125,382.00,"47,750.00"
2020-07-23,2020072301028516,UIC,58,43,100,383.00,"38,300.00"
2020-07-23,2020072301028505,UIC,48,43,150,383.00,"57,450.00"
2020-07-23,2020072301028541,UPPER,51,35,50,232.00,"11,600.00"
2020-07-23,2020072301028280,UPPER,25,59,10,234.00,"2,340.00"
2020-07-23,2020072301028279,UPPER,25,41,10,233.00,"2,330.00"
2020-07-23,2020072301028193,UPPER,51,33,358,232.00,"83,056.00"
2020-07-23,2020072301028192,UPPER,1,33,110,232.00,"25,520.00"
2020-07-23,2020072301028191,UPPER,49,33,32,232.00,"7,424.00"
2020-07-23,2020072301028356,WOMI,53,7,100,975.00,"97,500.00"
2020-07-23,2020072301027944,ADBL,52,38,29,429.00,"12,441.00"
2020-07-23,2020072301027887,AKPL,42,42,10,117.00,"1,170.00"
2020-07-23,2020072301028066,BOKL,6,52,113,233.00,"26,329.00"
2020-07-23,2020072301028092,BPCL,41,13,150,358.00,"53,700.00"
2020-07-23,2020072301028091,BPCL,32,13,50,358.00,"17,900.00"
2020-07-23,2020072301028090,BPCL,6,13,39,358.00,"13,962.00"
2020-07-23,2020072301027722,CBBL,53,49,3,"1,080.00","3,240.00"
2020-07-23,2020072301027826,CBBL,35,46,144,"1,080.00","155,520.00"
2020-07-23,2020072301027889,CBBL,45,46,80,"1,080.00","86,400.00"
2020-07-23,2020072301027888,CBBL,45,14,50,"1,079.00","53,950.00"
2020-07-23,2020072301027727,CCBL,45,43,25,176.00,"4,400.00"
2020-07-23,2020072301027928,CHCL,59,13,500,404.00,"202,000.00"
2020-07-23,2020072301027927,CHCL,8,13,100,404.00,"40,400.00"
2020-07-23,2020072301027761,CHCL,1,45,100,407.00,"40,700.00"
2020-07-23,2020072301028026,CHL,1,22,10,81.00,810.00
2020-07-23,2020072301028093,CIT,19,49,94,"2,539.00","238,666.00"
2020-07-23,2020072301028025,CIT,19,49,100,"2,539.00","253,900.00"
2020-07-23,2020072301028139,CZBIL,45,45,400,201.00,"80,400.00"
2020-07-23,2020072301028138,CZBIL,45,28,100,201.00,"20,100.00"
2020-07-23,2020072301028144,DDBL,33,5,10,860.00,"8,600.00"
2020-07-23,2020072301028126,EBL,40,5,121,761.00,"92,081.00"
2020-07-23,2020072301028125,EBL,40,49,50,761.00,"38,050.00"
2020-07-23,2020072301028124,EBL,40,52,17,761.00,"12,937.00"
2020-07-23,2020072301027975,EBL,28,25,38,760.00,"28,880.00"
2020-07-23,2020072301027948,EIC,33,57,200,408.00,"81,600.00"
2020-07-23,2020072301027667,EIC,29,57,180,408.00,"73,440.00"
2020-07-23,2020072301027666,EIC,49,57,20,410.00,"8,200.00"
2020-07-23,2020072301028067,FMDBL,16,52,100,547.00,"54,700.00"
2020-07-23,2020072301027949,FMDBL,32,42,30,546.00,"16,380.00"
2020-07-23,2020072301027968,GBBL,52,41,90,248.00,"22,320.00"
2020-07-23,2020072301027951,GBBL,39,38,200,248.00,"49,600.00"
2020-07-23,2020072301028084,GBIME,57,25,700,263.00,"184,100.00"
2020-07-23,2020072301028070,GBIME,21,25,264,263.00,"69,432.00"
2020-07-23,2020072301028069,GBIME,21,16,559,263.00,"147,017.00"
2020-07-23,2020072301028024,GBIME,14,16,41,263.00,"10,783.00"
2020-07-23,2020072301028023,GBIME,34,16,100,263.00,"26,300.00"
2020-07-23,2020072301027959,GBIME,1,16,300,264.00,"79,200.00"
2020-07-23,2020072301027856,GBIME,14,58,92,263.00,"24,196.00"
2020-07-23,2020072301027678,GBIME,54,58,15,263.00,"3,945.00"
2020-07-23,2020072301028059,GBLBS,44,44,200,520.00,"104,000.00"
2020-07-23,2020072301028058,GBLBS,44,53,10,520.00,"5,200.00"
2020-07-23,2020072301028057,GBLBS,44,51,85,520.00,"44,200.00"
2020-07-23,2020072301028056,GBLBS,44,13,"1,000",520.00,"520,000.00"
2020-07-23,2020072301028055,GBLBS,44,48,10,520.00,"5,200.00"
2020-07-23,2020072301028054,GBLBS,44,28,400,520.00,"208,000.00"
2020-07-23,2020072301028053,GBLBS,44,57,100,520.00,"52,000.00"
2020-07-23,2020072301027830,GGBSL,38,54,20,912.00,"18,240.00"
2020-07-23,2020072301027832,GIMES1,49,37,"15,000",8.50,"127,500.00"
2020-07-23,2020072301028097,GLICL,36,11,10,471.00,"4,710.00"
2020-07-23,2020072301027739,GLICL,34,11,400,471.00,"188,400.00"
2020-07-23,2020072301027738,GLICL,56,11,18,471.00,"8,478.00"
2020-07-23,2020072301027737,GLICL,58,11,20,472.00,"9,440.00"
2020-07-23,2020072301027736,GLICL,46,11,54,473.00,"25,542.00"
2020-07-23,2020072301027734,GLICL,46,19,46,473.00,"21,758.00"
2020-07-23,2020072301028129,HDL,16,17,20,"1,751.00","35,020.00"
2020-07-23,2020072301028061,HDL,58,56,50,"1,750.00","87,500.00"
2020-07-23,2020072301027853,HDL,38,17,20,"1,751.00","35,020.00"
2020-07-23,2020072301027757,HDL,38,57,230,"1,751.00","402,730.00"
2020-07-23,2020072301028006,HIDCL,10,42,25,130.00,"3,250.00"
2020-07-23,2020072301028072,HPPL,53,50,20,133.00,"2,660.00"
2020-07-23,2020072301028068,HPPL,53,42,10,133.00,"1,330.00"
2020-07-23,2020072301028128,HURJA,41,42,20,93.00,"1,860.00"
2020-07-23,2020072301027981,ILBS,26,49,12,798.00,"9,576.00"
2020-07-23,2020072301027980,ILBS,26,53,11,798.00,"8,778.00"
2020-07-23,2020072301027979,ILBS,26,49,11,797.00,"8,767.00"
2020-07-23,2020072301027978,ILBS,26,49,11,796.00,"8,756.00"
2020-07-23,2020072301028108,JBBL,57,35,"4,250",182.00,"773,500.00"
2020-07-23,2020072301027982,JBBL,57,32,"1,017",181.00,"184,077.00"
2020-07-23,2020072301027660,JBBL,58,35,250,182.00,"45,500.00"
2020-07-23,2020072301027961,JSLBB,7,37,40,"1,620.00","64,800.00"
2020-07-23,2020072301028081,KBL,10,48,10,200.00,"2,000.00"
2020-07-23,2020072301028080,KBL,10,14,869,200.00,"173,800.00"
2020-07-23,2020072301028079,KBL,10,44,68,200.00,"13,600.00"
2020-07-23,2020072301028078,KBL,10,16,300,200.00,"60,000.00"
2020-07-23,2020072301028077,KBL,10,42,20,200.00,"4,000.00"
2020-07-23,2020072301028076,KBL,10,40,150,200.00,"30,000.00"
2020-07-23,2020072301027814,KBL,53,58,88,200.00,"17,600.00"
2020-07-23,2020072301027813,KBL,53,38,400,200.00,"80,000.00"
2020-07-23,2020072301028075,KBL,10,22,"1,398",200.00,"279,600.00"
2020-07-23,2020072301027886,KBL,57,32,200,199.00,"39,800.00"
2020-07-23,2020072301027883,KBL,6,32,300,199.00,"59,700.00"
2020-07-23,2020072301027816,KBL,53,22,502,200.00,"100,400.00"
2020-07-23,2020072301027815,KBL,53,22,10,200.00,"2,000.00"
2020-07-23,2020072301028121,KMCDB,33,10,46,867.00,"39,882.00"
2020-07-23,2020072301027998,KMCDB,33,13,10,867.00,"8,670.00"
2020-07-23,2020072301027894,KMCDB,14,56,200,867.00,"173,400.00"
2020-07-23,2020072301027811,KMCDB,48,25,50,867.00,"43,350.00"
2020-07-23,2020072301027721,KMCDB,48,49,10,867.00,"8,670.00"
2020-07-23,2020072301027720,KMCDB,48,35,10,860.00,"8,600.00"
2020-07-23,2020072301027836,KPCL,39,13,100,108.00,"10,800.00"
2020-07-23,2020072301027810,KPCL,39,55,10,106.00,"1,060.00"
2020-07-23,2020072301027809,KPCL,39,59,10,106.00,"1,060.00"
2020-07-23,2020072301027808,KPCL,39,45,10,105.00,"1,050.00"
2020-07-23,2020072301027807,KPCL,39,45,10,105.00,"1,050.00"
2020-07-23,2020072301027806,KPCL,39,34,970,105.00,"101,850.00"
2020-07-23,2020072301027653,KPCL,39,35,430,104.00,"44,720.00"
2020-07-23,2020072301027652,KPCL,39,42,10,104.00,"1,040.00"
2020-07-23,2020072301027651,KPCL,39,34,10,103.00,"1,030.00"
2020-07-23,2020072301027650,KPCL,39,49,10,103.00,"1,030.00"
2020-07-23,2020072301027805,KPCL,39,35,10,105.00,"1,050.00"
2020-07-23,2020072301027804,KPCL,39,14,10,105.00,"1,050.00"
2020-07-23,2020072301027803,KPCL,39,45,10,105.00,"1,050.00"
2020-07-23,2020072301027802,KPCL,39,56,50,105.00,"5,250.00"
2020-07-23,2020072301027801,KPCL,39,50,10,105.00,"1,050.00"
2020-07-23,2020072301027773,KRBL,35,8,248,104.00,"25,792.00"
2020-07-23,2020072301027772,KRBL,25,8,202,105.00,"21,210.00"
2020-07-23,2020072301027778,KSBBL,14,19,100,156.00,"15,600.00"
2020-07-23,2020072301027984,LBBL,1,38,300,195.00,"58,500.00"
2020-07-23,2020072301027983,LBBL,25,38,200,195.00,"39,000.00"
2020-07-23,2020072301027930,LBL,10,49,300,231.00,"69,300.00"
2020-07-23,2020072301027916,LBL,10,26,"1,670",232.00,"387,440.00"
2020-07-23,2020072301027915,LBL,10,25,200,232.00,"46,400.00"
2020-07-23,2020072301027914,LBL,10,17,"1,670",232.00,"387,440.00"
2020-07-23,2020072301027913,LBL,10,44,499,232.00,"115,768.00"
2020-07-23,2020072301028149,LICN,59,33,100,"1,450.00","145,000.00"
2020-07-23,2020072301028148,LICN,59,40,100,"1,450.00","145,000.00"
2020-07-23,2020072301028147,LICN,59,5,63,"1,450.00","91,350.00"
2020-07-23,2020072301027958,LICN,33,22,44,"1,450.00","63,800.00"
2020-07-23,2020072301027957,LICN,33,25,50,"1,449.00","72,450.00"
2020-07-23,2020072301027956,LICN,33,7,26,"1,445.00","37,570.00"
2020-07-23,2020072301027955,LICN,33,1,100,"1,444.00","144,400.00"
2020-07-23,2020072301027954,LICN,33,1,80,"1,444.00","115,520.00"
2020-07-23,2020072301028127,MBL,48,22,"1,000",239.00,"239,000.00"
2020-07-23,2020072301028096,MBL,34,32,10,241.00,"2,410.00"
2020-07-23,2020072301027936,MBL,48,46,56,239.00,"13,384.00"
2020-07-23,2020072301027935,MBL,13,46,344,240.00,"82,560.00"
2020-07-23,2020072301027784,MDB,59,58,287,330.00,"94,710.00"
2020-07-23,2020072301027989,MEGA,14,48,100,234.00,"23,400.00"
2020-07-23,2020072301028048,MFIL,19,38,500,295.00,"147,500.00"
2020-07-23,2020072301027800,MFIL,55,57,460,294.00,"135,240.00"
2020-07-23,2020072301027960,MLBBL,45,38,10,800.00,"8,000.00"
2020-07-23,2020072301027890,MLBBL,45,40,44,790.00,"34,760.00"
2020-07-23,2020072301027730,MNBBL,42,36,11,339.00,"3,729.00"
2020-07-23,2020072301027655,MSMBS,45,40,22,739.00,"16,258.00"
2020-07-23,2020072301028131,NABIL,17,17,106,849.00,"89,994.00"
2020-07-23,2020072301028122,NABIL,50,26,63,848.00,"53,424.00"
2020-07-23,2020072301027963,NABIL,49,35,100,850.00,"85,000.00"
2020-07-23,2020072301027962,NABIL,49,57,100,849.00,"84,900.00"
2020-07-23,2020072301027829,NABIL,37,19,14,846.00,"11,844.00"
2020-07-23,2020072301027663,NADEP,26,22,23,651.00,"14,973.00"
2020-07-23,2020072301027965,NBB,53,1,100,211.00,"21,100.00"
2020-07-23,2020072301027964,NBB,53,26,900,211.00,"189,900.00"
2020-07-23,2020072301027777,NBB,46,26,100,211.00,"21,100.00"
2020-07-23,2020072301027716,NBB,6,19,370,210.00,"77,700.00"
2020-07-23,2020072301027715,NBB,45,19,100,210.00,"21,000.00"
2020-07-23,2020072301027714,NBB,45,19,100,210.00,"21,000.00"
2020-07-23,2020072301027713,NBB,45,19,100,210.00,"21,000.00"
2020-07-23,2020072301027712,NBB,38,19,100,210.00,"21,000.00"
2020-07-23,2020072301027711,NBB,45,19,50,210.00,"10,500.00"
2020-07-23,2020072301027710,NBB,45,19,180,210.00,"37,800.00"
2020-07-23,2020072301028120,NBL,5,49,183,267.00,"48,861.00"
2020-07-23,2020072301028119,NBL,5,4,150,267.00,"40,050.00"
2020-07-23,2020072301028118,NBL,5,16,667,267.00,"178,089.00"
2020-07-23,2020072301027774,NBL,52,16,200,267.00,"53,400.00"
2020-07-23,2020072301028130,NCCB,39,44,200,201.00,"40,200.00"
2020-07-23,2020072301028041,NCCB,44,44,16,201.00,"3,216.00"
2020-07-23,2020072301028040,NCCB,44,13,87,200.00,"17,400.00"
2020-07-23,2020072301028039,NCCB,44,56,500,200.00,"100,000.00"
2020-07-23,2020072301028038,NCCB,44,37,500,200.00,"100,000.00"
2020-07-23,2020072301028037,NCCB,44,8,200,200.00,"40,000.00"
2020-07-23,2020072301027831,NCCB,14,22,200,200.00,"40,000.00"
2020-07-23,2020072301028030,NCCB,44,49,882,200.00,"176,400.00"
2020-07-23,2020072301027879,NCCB,38,8,113,199.00,"22,487.00"
2020-07-23,2020072301027878,NCCB,41,8,286,199.00,"56,914.00"
2020-07-23,2020072301027863,NCCB,48,49,118,200.00,"23,600.00"
2020-07-23,2020072301027862,NCCB,48,42,20,200.00,"4,000.00"
2020-07-23,2020072301027861,NCCB,48,22,343,200.00,"68,600.00"
2020-07-23,2020072301028036,NCCB,44,48,75,200.00,"15,000.00"
2020-07-23,2020072301028035,NCCB,44,26,100,200.00,"20,000.00"
2020-07-23,2020072301028034,NCCB,44,1,500,200.00,"100,000.00"
2020-07-23,2020072301028033,NCCB,44,45,40,200.00,"8,000.00"
2020-07-23,2020072301028032,NCCB,44,45,200,200.00,"40,000.00"
2020-07-23,2020072301028031,NCCB,44,34,100,200.00,"20,000.00"
2020-07-23,2020072301027945,NIB,35,57,66,459.00,"30,294.00"
2020-07-23,2020072301027758,NIB,45,19,86,461.00,"39,646.00"
2020-07-23,2020072301028087,NICA,8,48,200,575.00,"115,000.00"
2020-07-23,2020072301028052,NICA,40,16,95,579.00,"55,005.00"
2020-07-23,2020072301028051,NICA,40,58,459,576.00,"264,384.00"
2020-07-23,2020072301027994,NICA,8,58,50,576.00,"28,800.00"
2020-07-23,2020072301027993,NICA,22,58,200,576.00,"115,200.00"
2020-07-23,2020072301027992,NICA,25,58,100,576.00,"57,600.00"
2020-07-23,2020072301027680,NICA,48,33,40,577.00,"23,080.00"
2020-07-23,2020072301027674,NICA,40,58,200,578.00,"115,600.00"
2020-07-23,2020072301027905,NICA,16,58,500,578.00,"289,000.00"
2020-07-23,2020072301027904,NICA,40,58,81,578.00,"46,818.00"
2020-07-23,2020072301027882,NICA,40,46,300,578.00,"173,400.00"
2020-07-23,2020072301027845,NICA,40,25,50,578.00,"28,900.00"
2020-07-23,2020072301027682,NICA,33,33,60,577.00,"34,620.00"
2020-07-23,2020072301027681,NICA,48,33,100,577.00,"57,700.00"
2020-07-23,2020072301027991,NICA,45,58,191,576.00,"110,016.00"
2020-07-23,2020072301027910,NICA,45,58,309,576.00,"177,984.00"
2020-07-23,2020072301027909,NICA,45,58,400,576.00,"230,400.00"
2020-07-23,2020072301027908,NICA,28,58,20,576.00,"11,520.00"
2020-07-23,2020072301027907,NICA,34,58,150,577.00,"86,550.00"
2020-07-23,2020072301027906,NICA,33,58,40,577.00,"23,080.00"
2020-07-23,2020072301027943,NICL,28,48,38,470.00,"17,860.00"
2020-07-23,2020072301027942,NICL,28,59,100,470.00,"47,000.00"
2020-07-23,2020072301027941,NICL,28,47,26,470.00,"12,220.00"
2020-07-23,2020072301027940,NICL,28,6,"1,000",469.00,"469,000.00"
2020-07-23,2020072301027939,NICL,28,45,20,465.00,"9,300.00"
2020-07-23,2020072301027938,NICL,28,44,287,465.00,"133,455.00"
2020-07-23,2020072301027696,NICL,33,56,80,462.00,"36,960.00"
2020-07-23,2020072301027695,NICL,33,13,404,462.00,"186,648.00"
2020-07-23,2020072301027840,NICL,50,35,100,464.00,"46,400.00"
2020-07-23,2020072301027839,NICL,50,29,29,464.00,"13,456.00"
2020-07-23,2020072301027838,NICL,50,44,100,464.00,"46,400.00"
2020-07-23,2020072301027741,NICL,50,44,521,463.00,"241,223.00"
2020-07-23,2020072301027740,NICL,50,51,60,463.00,"27,780.00"
2020-07-23,2020072301027937,NICL,28,44,29,464.00,"13,456.00"
2020-07-23,2020072301027843,NICL,50,44,471,464.00,"218,544.00"
2020-07-23,2020072301027842,NICL,50,44,300,464.00,"139,200.00"
2020-07-23,2020072301027841,NICL,50,41,300,464.00,"139,200.00"
2020-07-23,2020072301028143,NICLBSL,1,36,10,792.00,"7,920.00"
2020-07-23,2020072301028137,NICLBSL,1,20,10,792.00,"7,920.00"
2020-07-23,2020072301028132,NICLBSL,1,55,10,792.00,"7,920.00"
2020-07-23,2020072301028123,NICLBSL,1,56,10,792.00,"7,920.00"
2020-07-23,2020072301028109,NICLBSL,1,22,10,792.00,"7,920.00"
2020-07-23,2020072301028105,NICLBSL,1,42,10,792.00,"7,920.00"
2020-07-23,2020072301027723,NICLBSL,35,45,10,791.00,"7,910.00"
2020-07-23,2020072301027702,NICLBSL,35,22,10,791.00,"7,910.00"
2020-07-23,2020072301027697,NICLBSL,35,16,10,791.00,"7,910.00"
2020-07-23,2020072301027683,NICLBSL,35,46,10,791.00,"7,910.00"
2020-07-23,2020072301027677,NICLBSL,35,29,10,791.00,"7,910.00"
2020-07-23,2020072301027746,NICLBSL,45,8,10,794.00,"7,940.00"
2020-07-23,2020072301027745,NICLBSL,45,8,10,794.00,"7,940.00"
2020-07-23,2020072301027744,NICLBSL,45,38,10,793.00,"7,930.00"
2020-07-23,2020072301027743,NICLBSL,45,57,10,793.00,"7,930.00"
2020-07-23,2020072301027742,NICLBSL,45,29,10,793.00,"7,930.00"
2020-07-23,2020072301027733,NICLBSL,35,29,10,791.00,"7,910.00"
2020-07-23,2020072301027752,NICLBSL,29,44,10,792.00,"7,920.00"
2020-07-23,2020072301027751,NICLBSL,45,8,10,794.00,"7,940.00"
2020-07-23,2020072301027750,NICLBSL,45,8,10,794.00,"7,940.00"
2020-07-23,2020072301027749,NICLBSL,45,8,10,794.00,"7,940.00"
2020-07-23,2020072301027748,NICLBSL,45,34,10,794.00,"7,940.00"
2020-07-23,2020072301027747,NICLBSL,45,8,10,794.00,"7,940.00"
2020-07-23,2020072301027799,NICLBSL,29,58,10,792.00,"7,920.00"
2020-07-23,2020072301027783,NICLBSL,29,22,10,792.00,"7,920.00"
2020-07-23,2020072301027782,NICLBSL,29,58,10,792.00,"7,920.00"
2020-07-23,2020072301027780,NICLBSL,29,29,10,792.00,"7,920.00"
2020-07-23,2020072301027765,NICLBSL,29,51,10,792.00,"7,920.00"
2020-07-23,2020072301027763,NICLBSL,29,16,10,792.00,"7,920.00"
2020-07-23,2020072301027844,NICLBSL,29,29,10,792.00,"7,920.00"
2020-07-23,2020072301027837,NICLBSL,29,58,20,792.00,"15,840.00"
2020-07-23,2020072301027835,NICLBSL,29,41,10,792.00,"7,920.00"
2020-07-23,2020072301027833,NICLBSL,29,26,10,792.00,"7,920.00"
2020-07-23,2020072301027824,NICLBSL,29,42,10,792.00,"7,920.00"
2020-07-23,2020072301027818,NICLBSL,29,22,10,792.00,"7,920.00"
2020-07-23,2020072301027870,NICLBSL,25,47,10,793.00,"7,930.00"
2020-07-23,2020072301027869,NICLBSL,25,34,10,793.00,"7,930.00"
2020-07-23,2020072301027858,NICLBSL,25,45,10,793.00,"7,930.00"
2020-07-23,2020072301027855,NICLBSL,25,51,10,793.00,"7,930.00"
2020-07-23,2020072301027850,NICLBSL,25,16,10,793.00,"7,930.00"
2020-07-23,2020072301027847,NICLBSL,25,41,10,793.00,"7,930.00"
2020-07-23,2020072301027926,NICLBSL,29,44,10,792.00,"7,920.00"
2020-07-23,2020072301027912,NICLBSL,29,41,10,792.00,"7,920.00"
2020-07-23,2020072301027903,NICLBSL,29,51,10,792.00,"7,920.00"
2020-07-23,2020072301027893,NICLBSL,29,10,10,792.00,"7,920.00"
2020-07-23,2020072301027881,NICLBSL,29,29,10,792.00,"7,920.00"
2020-07-23,2020072301027875,NICLBSL,25,58,10,793.00,"7,930.00"
2020-07-23,2020072301027967,NICLBSL,29,22,10,792.00,"7,920.00"
2020-07-23,2020072301027947,NICLBSL,29,29,10,792.00,"7,920.00"
2020-07-23,2020072301027946,NICLBSL,29,10,10,792.00,"7,920.00"
2020-07-23,2020072301027934,NICLBSL,29,16,10,792.00,"7,920.00"
2020-07-23,2020072301027933,NICLBSL,29,56,10,792.00,"7,920.00"
2020-07-23,2020072301027932,NICLBSL,29,58,10,792.00,"7,920.00"
2020-07-23,2020072301027985,NICLBSL,29,58,10,792.00,"7,920.00"
2020-07-23,2020072301027977,NICLBSL,29,46,10,792.00,"7,920.00"
2020-07-23,2020072301027976,NICLBSL,29,55,10,792.00,"7,920.00"
2020-07-23,2020072301027974,NICLBSL,29,51,10,792.00,"7,920.00"
2020-07-23,2020072301027971,NICLBSL,29,34,10,792.00,"7,920.00"
2020-07-23,2020072301027969,NICLBSL,38,22,10,793.00,"7,930.00"
2020-07-23,2020072301028019,NICLBSL,29,22,10,792.00,"7,920.00"
2020-07-23,2020072301028018,NICLBSL,29,16,10,792.00,"7,920.00"
2020-07-23,2020072301028016,NICLBSL,29,56,10,792.00,"7,920.00"
2020-07-23,2020072301028015,NICLBSL,29,29,10,792.00,"7,920.00"
2020-07-23,2020072301027997,NICLBSL,29,58,10,792.00,"7,920.00"
2020-07-23,2020072301027988,NICLBSL,29,1,10,792.00,"7,920.00"
2020-07-23,2020072301028095,NICLBSL,1,16,10,792.00,"7,920.00"
2020-07-23,2020072301028074,NICLBSL,1,46,10,792.00,"7,920.00"
2020-07-23,2020072301028073,NICLBSL,29,29,10,792.00,"7,920.00"
2020-07-23,2020072301028071,NICLBSL,29,56,10,792.00,"7,920.00"
2020-07-23,2020072301028065,NICLBSL,29,20,10,792.00,"7,920.00"
2020-07-23,2020072301028022,NICLBSL,29,20,10,792.00,"7,920.00"
2020-07-23,2020072301028088,NIL,58,42,100,663.00,"66,300.00"
2020-07-23,2020072301028014,NIL,58,28,100,663.00,"66,300.00"
2020-07-23,2020072301028013,NIL,58,56,161,663.00,"106,743.00"
2020-07-23,2020072301028012,NIL,58,55,50,662.00,"33,100.00"
2020-07-23,2020072301028011,NIL,58,1,30,662.00,"19,860.00"
2020-07-23,2020072301027665,NIL,50,1,20,662.00,"13,240.00"
2020-07-23,2020072301028005,NLG,55,56,60,660.00,"39,600.00"
2020-07-23,2020072301027676,NLG,38,28,15,659.00,"9,885.00"
2020-07-23,2020072301028064,NLIC,54,57,378,"1,345.00","508,410.00"
2020-07-23,2020072301028063,NLIC,54,13,122,"1,345.00","164,090.00"
2020-07-23,2020072301028060,NLIC,59,49,13,"1,344.00","17,472.00"
2020-07-23,2020072301028047,NLIC,59,42,500,"1,344.00","672,000.00"
2020-07-23,2020072301027921,NLIC,59,53,70,"1,344.00","94,080.00"
2020-07-23,2020072301027917,NLIC,59,42,50,"1,344.00","67,200.00"
2020-07-23,2020072301027864,NLIC,59,41,50,"1,344.00","67,200.00"
2020-07-23,2020072301027849,NLIC,7,13,200,"1,345.00","269,000.00"
2020-07-23,2020072301027848,NLIC,7,48,200,"1,345.00","269,000.00"
2020-07-23,2020072301027817,NLIC,59,48,62,"1,344.00","83,328.00"
2020-07-23,2020072301027684,NLIC,59,13,100,"1,345.00","134,500.00"
2020-07-23,2020072301027675,NLIC,44,13,50,"1,345.00","67,250.00"
2020-07-23,2020072301028146,NLICL,42,36,200,682.00,"136,400.00"
2020-07-23,2020072301027896,NLICL,42,36,100,682.00,"68,200.00"
2020-07-23,2020072301028082,NMB,17,21,13,431.00,"5,603.00"
2020-07-23,2020072301027996,NMB,56,21,100,431.00,"43,100.00"
2020-07-23,2020072301027973,NMB,57,58,50,432.00,"21,600.00"
2020-07-23,2020072301027972,NMB,4,58,"1,000",432.00,"432,000.00"
2020-07-23,2020072301027877,NMB,48,58,100,431.00,"43,100.00"
2020-07-23,2020072301027718,NMB,29,58,10,431.00,"4,310.00"
2020-07-23,2020072301027656,NMB,14,28,"1,000",431.00,"431,000.00"
2020-07-23,2020072301027673,NMFBS,45,36,15,"1,679.00","25,185.00"
2020-07-23,2020072301027672,NMFBS,45,10,20,"1,676.00","33,520.00"
2020-07-23,2020072301027671,NMFBS,45,29,50,"1,670.00","83,500.00"
2020-07-23,2020072301027670,NMFBS,45,49,10,"1,670.00","16,700.00"
2020-07-23,2020072301027669,NMFBS,45,33,10,"1,670.00","16,700.00"
2020-07-23,2020072301027668,NMFBS,45,44,37,"1,669.00","61,753.00"
2020-07-23,2020072301028142,NRIC,39,47,40,542.00,"21,680.00"
2020-07-23,2020072301028136,NRIC,39,46,30,542.00,"16,260.00"
2020-07-23,2020072301028135,NRIC,36,46,10,542.00,"5,420.00"
2020-07-23,2020072301028101,NRIC,49,51,20,543.00,"10,860.00"
2020-07-23,2020072301028099,NRIC,49,14,20,543.00,"10,860.00"
2020-07-23,2020072301028098,NRIC,45,14,180,543.00,"97,740.00"
2020-07-23,2020072301027686,NRIC,39,32,30,542.00,"16,260.00"
2020-07-23,2020072301027679,NRIC,38,44,40,541.00,"21,640.00"
2020-07-23,2020072301027664,NRIC,38,41,40,541.00,"21,640.00"
2020-07-23,2020072301027658,NRIC,38,25,30,541.00,"16,230.00"
2020-07-23,2020072301027654,NRIC,38,10,40,541.00,"21,640.00"
2020-07-23,2020072301027692,NRIC,39,19,50,542.00,"27,100.00"
2020-07-23,2020072301027691,NRIC,39,14,10,542.00,"5,420.00"
2020-07-23,2020072301027690,NRIC,39,7,50,542.00,"27,100.00"
2020-07-23,2020072301027689,NRIC,39,7,20,542.00,"10,840.00"
2020-07-23,2020072301027688,NRIC,39,41,50,542.00,"27,100.00"
2020-07-23,2020072301027687,NRIC,39,42,40,542.00,"21,680.00"
2020-07-23,2020072301027762,NRIC,36,38,40,542.00,"21,680.00"
2020-07-23,2020072301027735,NRIC,36,4,10,542.00,"5,420.00"
2020-07-23,2020072301027704,NRIC,28,54,10,541.00,"5,410.00"
2020-07-23,2020072301027703,NRIC,38,54,10,541.00,"5,410.00"
2020-07-23,2020072301027694,NRIC,39,4,30,542.00,"16,260.00"
2020-07-23,2020072301027693,NRIC,39,19,20,542.00,"10,840.00"
2020-07-23,2020072301027790,NRIC,52,33,40,543.00,"21,720.00"
2020-07-23,2020072301027789,NRIC,52,58,30,543.00,"16,290.00"
2020-07-23,2020072301027788,NRIC,52,55,40,543.00,"21,720.00"
2020-07-23,2020072301027787,NRIC,52,4,10,543.00,"5,430.00"
2020-07-23,2020072301027786,NRIC,52,50,40,543.00,"21,720.00"
2020-07-23,2020072301027785,NRIC,36,26,10,542.00,"5,420.00"
2020-07-23,2020072301027796,NRIC,52,59,100,544.00,"54,400.00"
2020-07-23,2020072301027795,NRIC,52,32,40,544.00,"21,760.00"
2020-07-23,2020072301027794,NRIC,52,5,40,543.00,"21,720.00"
2020-07-23,2020072301027793,NRIC,52,48,10,543.00,"5,430.00"
2020-07-23,2020072301027792,NRIC,52,41,40,543.00,"21,720.00"
2020-07-23,2020072301027791,NRIC,52,32,50,543.00,"27,150.00"
2020-07-23,2020072301027854,NRIC,42,26,60,543.00,"32,580.00"
2020-07-23,2020072301027834,NRIC,28,26,30,543.00,"16,290.00"
2020-07-23,2020072301027825,NRIC,28,34,50,543.00,"27,150.00"
2020-07-23,2020072301027812,NRIC,28,46,40,543.00,"21,720.00"
2020-07-23,2020072301027798,NRIC,52,34,10,544.00,"5,440.00"
2020-07-23,2020072301027797,NRIC,52,14,50,544.00,"27,200.00"
2020-07-23,2020072301027897,NRIC,39,34,30,544.00,"16,320.00"
2020-07-23,2020072301027892,NRIC,38,48,40,543.00,"21,720.00"
2020-07-23,2020072301027876,NRIC,38,45,10,543.00,"5,430.00"
2020-07-23,2020072301027872,NRIC,38,18,40,543.00,"21,720.00"
2020-07-23,2020072301027871,NRIC,38,26,50,543.00,"27,150.00"
2020-07-23,2020072301027859,NRIC,32,26,260,543.00,"141,180.00"
2020-07-23,2020072301027950,NRIC,38,47,50,543.00,"27,150.00"
2020-07-23,2020072301027929,NRIC,38,41,40,543.00,"21,720.00"
2020-07-23,2020072301027920,NRIC,38,51,50,543.00,"27,150.00"
2020-07-23,2020072301027900,NRIC,39,56,70,544.00,"38,080.00"
2020-07-23,2020072301027899,NRIC,39,4,40,544.00,"21,760.00"
2020-07-23,2020072301027898,NRIC,39,48,40,544.00,"21,760.00"
2020-07-23,2020072301028094,NRIC,8,56,10,544.00,"5,440.00"
2020-07-23,2020072301028050,NRIC,45,22,10,543.00,"5,430.00"
2020-07-23,2020072301028049,NRIC,45,40,10,543.00,"5,430.00"
2020-07-23,2020072301028043,NRIC,36,38,30,542.00,"16,260.00"
2020-07-23,2020072301028042,NRIC,38,38,10,543.00,"5,430.00"
2020-07-23,2020072301027966,NRIC,38,40,10,543.00,"5,430.00"
2020-07-23,2020072301027873,NTC,11,6,100,655.00,"65,500.00"
2020-07-23,2020072301027781,NUBL,11,39,100,999.00,"99,900.00"
2020-07-23,2020072301027990,OHL,25,55,10,399.00,"3,990.00"
2020-07-23,2020072301027919,PCBL,40,34,300,282.00,"84,600.00"
2020-07-23,2020072301027852,PCBL,17,34,100,282.00,"28,200.00"
2020-07-23,2020072301027661,PCBL,53,34,100,282.00,"28,200.00"
2020-07-23,2020072301027885,PIC,51,42,50,637.00,"31,850.00"
2020-07-23,2020072301027823,PIC,57,37,20,635.00,"12,700.00"
2020-07-23,2020072301027822,PIC,57,58,30,635.00,"19,050.00"
2020-07-23,2020072301027821,PIC,57,57,10,635.00,"6,350.00"
2020-07-23,2020072301028002,PLIC,22,49,289,555.00,"160,395.00"
2020-07-23,2020072301028001,PLIC,22,19,11,555.00,"6,105.00"
2020-07-23,2020072301028000,PLIC,22,56,100,554.00,"55,400.00"
2020-07-23,2020072301027999,PLIC,22,45,600,554.00,"332,400.00"
2020-07-23,2020072301027764,PLIC,22,34,"1,000",552.00,"552,000.00"
2020-07-23,2020072301028107,PRIN,54,36,100,509.00,"50,900.00"
2020-07-23,2020072301028106,PRIN,58,36,100,509.00,"50,900.00"
2020-07-23,2020072301027953,PRIN,54,26,200,510.00,"102,000.00"
2020-07-23,2020072301027884,PRIN,49,36,451,513.00,"231,363.00"
2020-07-23,2020072301027819,PRIN,21,45,100,514.00,"51,400.00"
2020-07-23,2020072301027726,PRIN,49,41,300,513.00,"153,900.00"
2020-07-23,2020072301027725,PRIN,49,32,239,512.00,"122,368.00"
2020-07-23,2020072301027724,PRIN,49,32,10,512.00,"5,120.00"
2020-07-23,2020072301027911,PRVU,51,58,50,243.00,"12,150.00"
2020-07-23,2020072301027880,PRVU,34,16,150,242.00,"36,300.00"
2020-07-23,2020072301028010,RHPL,42,14,40,147.00,"5,880.00"
2020-07-23,2020072301028009,RHPL,42,4,20,147.00,"2,940.00"
2020-07-23,2020072301027895,SABSL,7,41,11,810.00,"8,910.00"
2020-07-23,2020072301027729,SABSL,50,22,11,798.00,"8,778.00"
2020-07-23,2020072301028004,SADBL,5,59,816,153.00,"124,848.00"
2020-07-23,2020072301028003,SADBL,5,32,184,152.00,"27,968.00"
2020-07-23,2020072301027868,SADBL,5,59,800,153.00,"122,400.00"
2020-07-23,2020072301028145,SANIMA,14,48,500,366.00,"183,000.00"
2020-07-23,2020072301027701,SANIMA,14,14,100,366.00,"36,600.00"
2020-07-23,2020072301027700,SANIMA,14,45,110,366.00,"40,260.00"
2020-07-23,2020072301027699,SANIMA,14,57,900,366.00,"329,400.00"
2020-07-23,2020072301027698,SANIMA,14,41,110,366.00,"40,260.00"
2020-07-23,2020072301028017,SBI,35,57,100,450.00,"45,000.00"
2020-07-23,2020072301027731,SBI,57,6,50,448.00,"22,400.00"
2020-07-23,2020072301028140,SBL,19,49,200,318.00,"63,600.00"
2020-07-23,2020072301028046,SBL,39,49,114,316.00,"36,024.00"
2020-07-23,2020072301028045,SBL,29,49,87,316.00,"27,492.00"
2020-07-23,2020072301027987,SBL,29,5,13,316.00,"4,108.00"
2020-07-23,2020072301027986,SBL,8,5,187,316.00,"59,092.00"
2020-07-23,2020072301027952,SBL,34,49,500,318.00,"159,000.00"
2020-07-23,2020072301027902,SBL,8,25,13,316.00,"4,108.00"
2020-07-23,2020072301027901,SBL,10,25,197,316.00,"62,252.00"
2020-07-23,2020072301027851,SBL,17,56,217,317.00,"68,789.00"
2020-07-23,2020072301027719,SBL,17,6,200,317.00,"63,400.00"
2020-07-23,2020072301028086,SCB,14,26,30,685.00,"20,550.00"
2020-07-23,2020072301028085,SCB,45,26,20,686.00,"13,720.00"
2020-07-23,2020072301027924,SDESI,33,35,204,900.00,"183,600.00"
2020-07-23,2020072301027923,SDESI,50,35,139,901.00,"125,239.00"
2020-07-23,2020072301027922,SDESI,52,35,26,902.00,"23,452.00"
2020-07-23,2020072301027925,SEF,1,52,"10,000",10.00,"100,000.00"
2020-07-23,2020072301027657,SEF,49,47,"50,000",9.99,"499,500.00"
2020-07-23,2020072301027732,SHINE,6,53,100,243.00,"24,300.00"
2020-07-23,2020072301028089,SHL,35,1,500,174.00,"87,000.00"
2020-07-23,2020072301027857,SHL,45,1,150,174.00,"26,100.00"
2020-07-23,2020072301027828,SHL,45,1,150,174.00,"26,100.00"
2020-07-23,2020072301027685,SHL,5,1,200,174.00,"34,800.00"
2020-07-23,2020072301027662,SHL,14,1,100,174.00,"17,400.00"
2020-07-23,2020072301028083,SHPC,22,6,15,227.00,"3,405.00"
2020-07-23,2020072301027970,SHPC,1,42,50,224.00,"11,200.00"
2020-07-23,2020072301028117,SIC,22,17,234,740.00,"173,160.00"
2020-07-23,2020072301028116,SIC,22,39,100,740.00,"74,000.00"
2020-07-23,2020072301028115,SIC,22,59,118,740.00,"87,320.00"
2020-07-23,2020072301028114,SIC,22,28,20,739.00,"14,780.00"
2020-07-23,2020072301028113,SIC,22,1,193,739.00,"142,627.00"
2020-07-23,2020072301028112,SIC,22,34,120,739.00,"88,680.00"
2020-07-23,2020072301028111,SIC,22,19,15,739.00,"11,085.00"
2020-07-23,2020072301028110,SIC,22,57,100,738.00,"73,800.00"
2020-07-23,2020072301027860,SIC,22,39,100,737.00,"73,700.00"
2020-07-23,2020072301028100,SICL,58,48,100,"1,200.00","120,000.00"
2020-07-23,2020072301027995,SICL,8,1,110,"1,202.00","132,220.00"
2020-07-23,2020072301027931,SICL,4,14,50,"1,201.00","60,050.00"
2020-07-23,2020072301027827,SICL,4,1,100,"1,202.00","120,200.00"
2020-07-23,2020072301027779,SICL,17,1,50,"1,202.00","60,100.00"
2020-07-23,2020072301027776,SICL,4,59,50,"1,201.00","60,050.00"
2020-07-23,2020072301027775,SICL,58,59,50,"1,201.00","60,050.00"
2020-07-23,2020072301027760,SICL,46,42,50,"1,201.00","60,050.00"
2020-07-23,2020072301027759,SICL,4,1,200,"1,202.00","240,400.00"
2020-07-23,2020072301028141,SIL,38,44,400,627.00,"250,800.00"
2020-07-23,2020072301028007,SIL,59,11,100,625.00,"62,500.00"
2020-07-23,2020072301027918,SIL,59,14,87,625.00,"54,375.00"
2020-07-23,2020072301027891,SIL,5,44,200,627.00,"125,400.00"
2020-07-23,2020072301027820,SIL,38,6,100,626.00,"62,600.00"
2020-07-23,2020072301027753,SIL,38,44,100,627.00,"62,700.00"
2020-07-23,2020072301027728,SIL,41,44,100,627.00,"62,700.00"
2020-07-23,2020072301027659,SIL,16,33,115,627.00,"72,105.00"
2020-07-23,2020072301028021,SLBSL,25,54,10,896.00,"8,960.00"
2020-07-23,2020072301028134,SLICL,4,33,10,459.00,"4,590.00"
2020-07-23,2020072301028133,SLICL,4,42,100,458.00,"45,800.00"
2020-07-23,2020072301027709,SPARS,25,57,10,935.00,"9,350.00"
2020-07-23,2020072301027708,SPARS,25,6,10,928.00,"9,280.00"
2020-07-23,2020072301027707,SPARS,25,52,10,920.00,"9,200.00"
2020-07-23,2020072301027706,SPARS,25,49,10,920.00,"9,200.00"
2020-07-23,2020072301027705,SPARS,25,17,30,919.00,"27,570.00"
2020-07-23,2020072301027867,SPDL,32,7,500,98.00,"49,000.00"
2020-07-23,2020072301027866,SPDL,6,7,340,98.00,"33,320.00"
2020-07-23,2020072301027865,SPDL,6,7,500,98.00,"49,000.00"
2020-07-23,2020072301027771,SPDL,26,7,200,99.00,"19,800.00"
2020-07-23,2020072301027770,SPDL,47,7,"1,015",99.00,"100,485.00"
2020-07-23,2020072301027769,SPDL,1,7,500,99.00,"49,500.00"
2020-07-23,2020072301027768,SPDL,48,7,300,99.00,"29,700.00"
2020-07-23,2020072301027767,SPDL,26,7,100,99.00,"9,900.00"
2020-07-23,2020072301027766,SPDL,26,7,10,99.00,990.00
2020-07-23,2020072301028008,SRBL,46,6,500,249.00,"124,500.00"
2020-07-23,2020072301028062,SWBBL,44,33,20,"1,209.00","24,180.00"
2020-07-23,2020072301028020,SWBBL,44,29,100,"1,207.00","120,700.00"
2020-07-23,2020072301028044,UIC,34,43,100,386.00,"38,600.00"
2020-07-23,2020072301027846,UIC,56,43,10,386.00,"3,860.00"
2020-07-23,2020072301027874,UPCL,50,35,86,71.00,"6,106.00"
2020-07-23,2020072301027717,UPPER,1,35,40,232.00,"9,280.00"
2020-07-23,2020072301028104,VLBS,33,41,188,980.00,"184,240.00"
2020-07-23,2020072301028103,VLBS,7,41,10,980.00,"9,800.00"
2020-07-23,2020072301028102,VLBS,25,41,79,981.00,"77,499.00"
2020-07-23,2020072301028029,VLBS,25,41,21,981.00,"20,601.00"
2020-07-23,2020072301028028,VLBS,56,41,87,981.00,"85,347.00"
2020-07-23,2020072301028027,VLBS,49,41,20,982.00,"19,640.00"
2020-07-23,2020072301027756,VLBS,49,13,200,982.00,"196,400.00"
2020-07-23,2020072301027755,VLBS,52,13,25,982.00,"24,550.00"
2020-07-23,2020072301027754,VLBS,50,13,10,982.00,"9,820.00"
2020-07-23,2020072301027282,ADBL,14,50,112,427.00,"47,824.00"
2020-07-23,2020072301027266,ADBL,57,57,1,425.00,425.00
2020-07-23,2020072301027592,AKJCL,29,35,20,48.00,960.00
2020-07-23,2020072301027586,AKPL,19,38,"1,000",118.00,"118,000.00"
2020-07-23,2020072301027482,AKPL,42,40,421,117.00,"49,257.00"
2020-07-23,2020072301027481,AKPL,39,40,116,117.00,"13,572.00"
2020-07-23,2020072301027480,ALBSL,25,1,11,739.00,"8,129.00"
2020-07-23,2020072301027479,ALBSL,25,46,10,738.00,"7,380.00"
2020-07-23,2020072301027478,ALBSL,25,57,11,736.00,"8,096.00"
2020-07-23,2020072301027544,BFC,42,8,10,102.00,"1,020.00"
2020-07-23,2020072301027388,BFC,38,35,50,104.00,"5,200.00"
2020-07-23,2020072301027548,BOKL,6,59,654,233.00,"152,382.00"
2020-07-23,2020072301027547,BOKL,28,59,50,233.00,"11,650.00"
2020-07-23,2020072301027546,BOKL,1,59,15,233.00,"3,495.00"
2020-07-23,2020072301027287,BOKL,1,8,85,233.00,"19,805.00"
2020-07-23,2020072301027286,BOKL,33,8,50,233.00,"11,650.00"
2020-07-23,2020072301027285,BOKL,49,8,10,233.00,"2,330.00"
2020-07-23,2020072301027284,BOKL,44,8,229,233.00,"53,357.00"
2020-07-23,2020072301027631,BPCL,6,44,11,358.00,"3,938.00"
2020-07-23,2020072301027534,CBBL,54,46,66,"1,080.00","71,280.00"
2020-07-23,2020072301027367,CBBL,43,34,516,"1,081.00","557,796.00"
2020-07-23,2020072301027366,CBBL,43,34,66,"1,080.00","71,280.00"
2020-07-23,2020072301027227,CBBL,55,34,50,"1,080.00","54,000.00"
2020-07-23,2020072301027226,CBBL,57,34,20,"1,080.00","21,600.00"
2020-07-23,2020072301027225,CBBL,55,34,200,"1,080.00","216,000.00"
2020-07-23,2020072301027224,CBBL,25,34,50,"1,080.00","54,000.00"
2020-07-23,2020072301027223,CBBL,55,34,200,"1,080.00","216,000.00"
2020-07-23,2020072301027222,CBBL,29,34,414,"1,080.00","447,120.00"
2020-07-23,2020072301027217,CBBL,53,53,7,"1,080.00","7,560.00"
2020-07-23,2020072301027172,CBBL,43,43,"3,000","1,081.00","3,243,000.00"
2020-07-23,2020072301027267,CBL,42,44,100,145.00,"14,500.00"
2020-07-23,2020072301027264,CCBL,35,37,144,178.00,"25,632.00"
2020-07-23,2020072301027171,CCBL,7,43,335,177.00,"59,295.00"
2020-07-23,2020072301027537,CZBIL,3,25,100,201.00,"20,100.00"
2020-07-23,2020072301027353,CZBIL,32,25,100,201.00,"20,100.00"
2020-07-23,2020072301027214,CZBIL,41,55,145,200.00,"29,000.00"
2020-07-23,2020072301027213,CZBIL,45,55,34,200.00,"6,800.00"
2020-07-23,2020072301027189,EBL,14,53,68,760.00,"51,680.00"
2020-07-23,2020072301027358,EBL,34,52,483,761.00,"367,563.00"
2020-07-23,2020072301027357,EBL,34,35,50,761.00,"38,050.00"
2020-07-23,2020072301027356,EBL,34,5,157,761.00,"119,477.00"
2020-07-23,2020072301027355,EBL,34,46,10,760.00,"7,600.00"
2020-07-23,2020072301027221,EBL,16,6,18,759.00,"13,662.00"
2020-07-23,2020072301027220,EBL,38,6,100,759.00,"75,900.00"
2020-07-23,2020072301027540,EDBL,29,19,100,324.00,"32,400.00"
2020-07-23,2020072301027418,EIC,14,36,252,409.00,"103,068.00"
2020-07-23,2020072301027625,FMDBL,57,57,351,545.00,"191,295.00"
2020-07-23,2020072301027485,FMDBL,35,39,200,546.00,"109,200.00"
2020-07-23,2020072301027273,FOWAD,37,58,10,"1,566.00","15,660.00"
2020-07-23,2020072301027272,FOWAD,50,58,10,"1,567.00","15,670.00"
2020-07-23,2020072301027425,GBIME,6,58,125,263.00,"32,875.00"
2020-07-23,2020072301027555,GGBSL,38,22,10,913.00,"9,130.00"
2020-07-23,2020072301027531,GILB,47,45,30,"1,298.00","38,940.00"
2020-07-23,2020072301027460,GLICL,57,41,300,476.00,"142,800.00"
2020-07-23,2020072301027459,GLICL,57,55,100,476.00,"47,600.00"
2020-07-23,2020072301027599,GMFBS,14,34,10,826.00,"8,260.00"
2020-07-23,2020072301027562,GMFBS,14,26,10,822.00,"8,220.00"
2020-07-23,2020072301027561,GMFBS,14,44,10,818.00,"8,180.00"
2020-07-23,2020072301027580,HDL,37,57,20,"1,754.00","35,080.00"
2020-07-23,2020072301027374,HDL,37,56,30,"1,754.00","52,620.00"
2020-07-23,2020072301027363,HDL,42,56,50,"1,754.00","87,700.00"
2020-07-23,2020072301027166,HDL,57,56,200,"1,754.00","350,800.00"
2020-07-23,2020072301027393,HGI,33,19,390,420.00,"163,800.00"
2020-07-23,2020072301027392,HGI,32,19,110,420.00,"46,200.00"
2020-07-23,2020072301027263,HIDCL,10,45,755,130.00,"98,150.00"
2020-07-23,2020072301027262,HIDCL,49,45,250,130.00,"32,500.00"
2020-07-23,2020072301027634,IGI,45,14,50,458.00,"22,900.00"
2020-07-23,2020072301027633,IGI,54,14,100,458.00,"45,800.00"
2020-07-23,2020072301027556,JBBL,58,50,24,182.00,"4,368.00"
2020-07-23,2020072301027512,JBBL,59,50,224,182.00,"40,768.00"
2020-07-23,2020072301027511,JBBL,59,47,26,182.00,"4,732.00"
2020-07-23,2020072301027365,JBBL,57,22,19,181.00,"3,439.00"
2020-07-23,2020072301027450,JSLBB,14,37,50,"1,628.00","81,400.00"
2020-07-23,2020072301027269,JSLBB,58,37,10,"1,628.00","16,280.00"
2020-07-23,2020072301027582,KBL,51,38,100,200.00,"20,000.00"
2020-07-23,2020072301027440,KBL,10,32,"1,000",199.00,"199,000.00"
2020-07-23,2020072301027439,KBL,10,57,507,199.00,"100,893.00"
2020-07-23,2020072301027438,KBL,10,32,"1,000",199.00,"199,000.00"
2020-07-23,2020072301027535,KMCDB,33,48,77,856.00,"65,912.00"
2020-07-23,2020072301027522,KMCDB,33,28,100,867.00,"86,700.00"
2020-07-23,2020072301027521,KMCDB,33,10,44,867.00,"38,148.00"
2020-07-23,2020072301027514,KMCDB,33,22,10,856.00,"8,560.00"
2020-07-23,2020072301027499,KMCDB,33,36,10,856.00,"8,560.00"
2020-07-23,2020072301027403,KMCDB,48,10,20,867.00,"17,340.00"
2020-07-23,2020072301027211,KMCDB,33,54,10,856.00,"8,560.00"
2020-07-23,2020072301027402,KMCDB,48,20,90,867.00,"78,030.00"
2020-07-23,2020072301027373,KMCDB,11,34,100,859.00,"85,900.00"
2020-07-23,2020072301027259,KMCDB,33,5,10,856.00,"8,560.00"
2020-07-23,2020072301027258,KMCDB,33,22,10,856.00,"8,560.00"
2020-07-23,2020072301027583,KPCL,51,16,10,102.00,"1,020.00"
2020-07-23,2020072301027436,KPCL,51,16,10,102.00,"1,020.00"
2020-07-23,2020072301027382,KPCL,51,16,10,102.00,"1,020.00"
2020-07-23,2020072301027288,KPCL,16,16,10,103.00,"1,030.00"
2020-07-23,2020072301027241,KPCL,16,16,10,103.00,"1,030.00"
2020-07-23,2020072301027230,KPCL,16,28,10,103.00,"1,030.00"
2020-07-23,2020072301027181,KPCL,16,38,10,103.00,"1,030.00"
2020-07-23,2020072301027414,LBBL,8,8,890,195.00,"173,550.00"
2020-07-23,2020072301027411,LBL,10,22,12,231.00,"2,772.00"
2020-07-23,2020072301027248,LBL,10,34,96,231.00,"22,176.00"
2020-07-23,2020072301027590,LGIL,33,41,24,471.00,"11,304.00"
2020-07-23,2020072301027589,LGIL,56,41,54,471.00,"25,434.00"
2020-07-23,2020072301027588,LGIL,29,41,10,471.00,"4,710.00"
2020-07-23,2020072301027527,LGIL,58,5,551,475.00,"261,725.00"
2020-07-23,2020072301027526,LGIL,58,17,33,475.00,"15,675.00"
2020-07-23,2020072301027525,LGIL,58,48,166,475.00,"78,850.00"
2020-07-23,2020072301027524,LGIL,58,42,50,474.00,"23,700.00"
2020-07-23,2020072301027448,LGIL,58,48,834,475.00,"396,150.00"
2020-07-23,2020072301027447,LGIL,58,14,136,475.00,"64,600.00"
2020-07-23,2020072301027446,LGIL,58,34,30,475.00,"14,250.00"
2020-07-23,2020072301027445,LGIL,58,36,50,474.00,"23,700.00"
2020-07-23,2020072301027444,LGIL,58,14,450,474.00,"213,300.00"
2020-07-23,2020072301027487,LLBS,11,40,10,"1,160.00","11,600.00"
2020-07-23,2020072301027342,MBL,13,1,156,240.00,"37,440.00"
2020-07-23,2020072301027341,MBL,19,1,210,240.00,"50,400.00"
2020-07-23,2020072301027340,MBL,59,1,134,240.00,"32,160.00"
2020-07-23,2020072301027572,MEGA,14,34,123,233.00,"28,659.00"
2020-07-23,2020072301027571,MEGA,35,34,20,233.00,"4,660.00"
2020-07-23,2020072301027570,MEGA,52,34,24,233.00,"5,592.00"
2020-07-23,2020072301027254,MEGA,36,48,50,234.00,"11,700.00"
2020-07-23,2020072301027168,MEGA,33,51,500,235.00,"117,500.00"
2020-07-23,2020072301027167,MEGA,33,39,500,235.00,"117,500.00"
2020-07-23,2020072301027536,MFIL,51,57,40,294.00,"11,760.00"
2020-07-23,2020072301027368,MFIL,48,38,10,295.00,"2,950.00"
2020-07-23,2020072301027153,MFIL,55,38,100,294.00,"29,400.00"
2020-07-23,2020072301027152,MFIL,55,57,490,294.00,"144,060.00"
2020-07-23,2020072301027151,MFIL,55,47,200,294.00,"58,800.00"
2020-07-23,2020072301027360,MLBBL,45,32,150,780.00,"117,000.00"
2020-07-23,2020072301027371,MLBL,16,45,36,207.00,"7,452.00"
2020-07-23,2020072301027370,MLBL,16,50,150,207.00,"31,050.00"
2020-07-23,2020072301027648,MNBBL,25,36,20,339.00,"6,780.00"
2020-07-23,2020072301027497,MNBBL,54,41,100,338.00,"33,800.00"
2020-07-23,2020072301027496,MNBBL,28,41,30,338.00,"10,140.00"
2020-07-23,2020072301027424,MNBBL,1,36,"1,838",339.00,"623,082.00"
2020-07-23,2020072301027423,MNBBL,1,47,12,339.00,"4,068.00"
2020-07-23,2020072301027422,MNBBL,1,1,150,339.00,"50,850.00"
2020-07-23,2020072301027400,MNBBL,28,47,18,339.00,"6,102.00"
2020-07-23,2020072301027399,MNBBL,28,46,32,339.00,"10,848.00"
2020-07-23,2020072301027415,NABIL,44,45,30,846.00,"25,380.00"
2020-07-23,2020072301027244,NABIL,28,45,70,846.00,"59,220.00"
2020-07-23,2020072301027196,NABIL,44,35,36,850.00,"30,600.00"
2020-07-23,2020072301027195,NABIL,44,41,14,849.00,"11,886.00"
2020-07-23,2020072301027614,NBB,45,8,320,210.00,"67,200.00"
2020-07-23,2020072301027156,NBB,34,26,280,211.00,"59,080.00"
2020-07-23,2020072301027569,NBL,42,13,50,266.00,"13,300.00"
2020-07-23,2020072301027568,NBL,57,13,100,266.00,"26,600.00"
2020-07-23,2020072301027567,NBL,58,13,50,266.00,"13,300.00"
2020-07-23,2020072301027566,NBL,14,13,200,266.00,"53,200.00"
2020-07-23,2020072301027467,NBL,45,16,83,267.00,"22,161.00"
2020-07-23,2020072301027585,NCCB,41,22,40,200.00,"8,000.00"
2020-07-23,2020072301027274,NCCB,41,14,300,199.00,"59,700.00"
2020-07-23,2020072301027157,NCCB,41,52,199,199.00,"39,601.00"
2020-07-23,2020072301027632,NEF,1,13,"2,414",9.14,"22,063.96"
2020-07-23,2020072301027379,NEF,1,38,500,9.14,"4,570.00"
2020-07-23,2020072301027565,NIB,13,16,100,460.00,"46,000.00"
2020-07-23,2020072301027564,NIB,36,16,300,460.00,"138,000.00"
2020-07-23,2020072301027563,NIB,20,16,15,460.00,"6,900.00"
2020-07-23,2020072301027378,NIB,48,10,100,461.00,"46,100.00"
2020-07-23,2020072301027352,NIBPO,48,34,40,392.00,"15,680.00"
2020-07-23,2020072301027523,NICA,57,16,50,579.00,"28,950.00"
2020-07-23,2020072301027369,NICA,44,46,"1,922",577.00,"1,108,994.00"
2020-07-23,2020072301027261,NICA,55,46,78,577.00,"45,006.00"
2020-07-23,2020072301027260,NICA,55,47,122,577.00,"70,394.00"
2020-07-23,2020072301027250,NICA,38,47,300,577.00,"173,100.00"
2020-07-23,2020072301027187,NICA,45,47,100,577.00,"57,700.00"
2020-07-23,2020072301027186,NICA,44,47,"1,478",577.00,"852,806.00"
2020-07-23,2020072301027401,NICL,28,13,10,462.00,"4,620.00"
2020-07-23,2020072301027649,NICLBSL,35,16,10,791.00,"7,910.00"
2020-07-23,2020072301027639,NICLBSL,35,29,10,791.00,"7,910.00"
2020-07-23,2020072301027636,NICLBSL,35,36,10,791.00,"7,910.00"
2020-07-23,2020072301027635,NICLBSL,19,58,10,792.00,"7,920.00"
2020-07-23,2020072301027630,NICLBSL,19,55,10,792.00,"7,920.00"
2020-07-23,2020072301027624,NICLBSL,19,22,10,792.00,"7,920.00"
2020-07-23,2020072301027185,NICLBSL,49,51,10,789.00,"7,890.00"
2020-07-23,2020072301027182,NICLBSL,49,16,10,789.00,"7,890.00"
2020-07-23,2020072301027170,NICLBSL,49,29,10,789.00,"7,890.00"
2020-07-23,2020072301027169,NICLBSL,49,17,10,789.00,"7,890.00"
2020-07-23,2020072301027162,NICLBSL,49,29,10,789.00,"7,890.00"
2020-07-23,2020072301027161,NICLBSL,49,41,10,789.00,"7,890.00"
2020-07-23,2020072301027206,NICLBSL,10,37,10,790.00,"7,900.00"
2020-07-23,2020072301027205,NICLBSL,10,40,20,790.00,"15,800.00"
2020-07-23,2020072301027200,NICLBSL,50,29,10,789.00,"7,890.00"
2020-07-23,2020072301027198,NICLBSL,50,17,10,789.00,"7,890.00"
2020-07-23,2020072301027197,NICLBSL,50,29,10,789.00,"7,890.00"
2020-07-23,2020072301027192,NICLBSL,50,8,20,789.00,"15,780.00"
2020-07-23,2020072301027231,NICLBSL,10,34,20,790.00,"15,800.00"
2020-07-23,2020072301027218,NICLBSL,10,36,10,790.00,"7,900.00"
2020-07-23,2020072301027216,NICLBSL,10,44,10,790.00,"7,900.00"
2020-07-23,2020072301027212,NICLBSL,10,16,10,790.00,"7,900.00"
2020-07-23,2020072301027208,NICLBSL,10,51,10,790.00,"7,900.00"
2020-07-23,2020072301027207,NICLBSL,10,40,10,790.00,"7,900.00"
2020-07-23,2020072301027251,NICLBSL,10,34,10,790.00,"7,900.00"
2020-07-23,2020072301027249,NICLBSL,10,29,10,790.00,"7,900.00"
2020-07-23,2020072301027247,NICLBSL,10,33,10,790.00,"7,900.00"
2020-07-23,2020072301027240,NICLBSL,10,58,10,790.00,"7,900.00"
2020-07-23,2020072301027233,NICLBSL,10,37,20,790.00,"15,800.00"
2020-07-23,2020072301027232,NICLBSL,10,29,10,790.00,"7,900.00"
2020-07-23,2020072301027291,NICLBSL,10,10,10,790.00,"7,900.00"
2020-07-23,2020072301027290,NICLBSL,10,22,10,790.00,"7,900.00"
2020-07-23,2020072301027283,NICLBSL,10,22,10,790.00,"7,900.00"
2020-07-23,2020072301027279,NICLBSL,10,55,10,790.00,"7,900.00"
2020-07-23,2020072301027268,NICLBSL,10,29,10,790.00,"7,900.00"
2020-07-23,2020072301027253,NICLBSL,10,51,20,790.00,"15,800.00"
2020-07-23,2020072301027332,NICLBSL,21,36,10,791.00,"7,910.00"
2020-07-23,2020072301027331,NICLBSL,21,48,10,791.00,"7,910.00"
2020-07-23,2020072301027324,NICLBSL,21,46,10,791.00,"7,910.00"
2020-07-23,2020072301027323,NICLBSL,21,42,20,791.00,"15,820.00"
2020-07-23,2020072301027302,NICLBSL,10,57,10,790.00,"7,900.00"
2020-07-23,2020072301027301,NICLBSL,10,29,10,790.00,"7,900.00"
2020-07-23,2020072301027395,NICLBSL,10,29,10,790.00,"7,900.00"
2020-07-23,2020072301027387,NICLBSL,10,10,10,790.00,"7,900.00"
2020-07-23,2020072301027380,NICLBSL,10,16,10,790.00,"7,900.00"
2020-07-23,2020072301027372,NICLBSL,10,42,10,790.00,"7,900.00"
2020-07-23,2020072301027361,NICLBSL,10,44,10,790.00,"7,900.00"
2020-07-23,2020072301027354,NICLBSL,21,55,10,791.00,"7,910.00"
2020-07-23,2020072301027432,NICLBSL,35,46,10,791.00,"7,910.00"
2020-07-23,2020072301027420,NICLBSL,10,34,10,790.00,"7,900.00"
2020-07-23,2020072301027419,NICLBSL,10,29,10,790.00,"7,900.00"
2020-07-23,2020072301027412,NICLBSL,10,55,10,790.00,"7,900.00"
2020-07-23,2020072301027407,NICLBSL,10,36,10,790.00,"7,900.00"
2020-07-23,2020072301027406,NICLBSL,10,44,10,790.00,"7,900.00"
2020-07-23,2020072301027443,NICLBSL,19,49,10,792.00,"7,920.00"
2020-07-23,2020072301027442,NICLBSL,19,4,10,792.00,"7,920.00"
2020-07-23,2020072301027441,NICLBSL,19,43,10,792.00,"7,920.00"
2020-07-23,2020072301027437,NICLBSL,35,58,10,791.00,"7,910.00"
2020-07-23,2020072301027434,NICLBSL,35,26,10,791.00,"7,910.00"
2020-07-23,2020072301027433,NICLBSL,35,22,10,791.00,"7,910.00"
2020-07-23,2020072301027475,NICLBSL,35,55,10,791.00,"7,910.00"
2020-07-23,2020072301027462,NICLBSL,35,36,10,791.00,"7,910.00"
2020-07-23,2020072301027458,NICLBSL,35,29,10,791.00,"7,910.00"
2020-07-23,2020072301027457,NICLBSL,35,44,10,791.00,"7,910.00"
2020-07-23,2020072301027456,NICLBSL,35,16,10,791.00,"7,910.00"
2020-07-23,2020072301027449,NICLBSL,19,22,10,792.00,"7,920.00"
2020-07-23,2020072301027507,NICLBSL,19,36,10,792.00,"7,920.00"
2020-07-23,2020072301027502,NICLBSL,19,22,10,792.00,"7,920.00"
2020-07-23,2020072301027501,NICLBSL,19,16,10,792.00,"7,920.00"
2020-07-23,2020072301027500,NICLBSL,19,46,10,792.00,"7,920.00"
2020-07-23,2020072301027484,NICLBSL,35,26,10,791.00,"7,910.00"
2020-07-23,2020072301027483,NICLBSL,35,35,10,791.00,"7,910.00"
2020-07-23,2020072301027573,NICLBSL,19,52,10,792.00,"7,920.00"
2020-07-23,2020072301027554,NICLBSL,19,44,10,792.00,"7,920.00"
2020-07-23,2020072301027541,NICLBSL,19,16,10,792.00,"7,920.00"
2020-07-23,2020072301027538,NICLBSL,19,58,10,792.00,"7,920.00"
2020-07-23,2020072301027515,NICLBSL,19,44,10,792.00,"7,920.00"
2020-07-23,2020072301027513,NICLBSL,19,17,10,792.00,"7,920.00"
2020-07-23,2020072301027598,NICLBSL,19,29,10,792.00,"7,920.00"
2020-07-23,2020072301027593,NICLBSL,19,48,10,792.00,"7,920.00"
2020-07-23,2020072301027587,NICLBSL,19,46,10,792.00,"7,920.00"
2020-07-23,2020072301027581,NICLBSL,19,47,10,792.00,"7,920.00"
2020-07-23,2020072301027579,NICLBSL,19,36,10,792.00,"7,920.00"
2020-07-23,2020072301027578,NICLBSL,19,22,10,792.00,"7,920.00"
2020-07-23,2020072301027621,NICLBSL,1,52,10,793.00,"7,930.00"
2020-07-23,2020072301027620,NICLBSL,1,48,10,793.00,"7,930.00"
2020-07-23,2020072301027619,NICLBSL,1,48,10,793.00,"7,930.00"
2020-07-23,2020072301027618,NICLBSL,1,48,10,793.00,"7,930.00"
2020-07-23,2020072301027617,NICLBSL,1,48,10,793.00,"7,930.00"
2020-07-23,2020072301027600,NICLBSL,19,16,10,792.00,"7,920.00"
2020-07-23,2020072301027616,NIL,42,29,32,660.00,"21,120.00"
2020-07-23,2020072301027321,NIL,51,29,168,660.00,"110,880.00"
2020-07-23,2020072301027320,NIL,51,45,324,660.00,"213,840.00"
2020-07-23,2020072301027319,NIL,51,44,200,660.00,"132,000.00"
2020-07-23,2020072301027318,NIL,51,43,50,660.00,"33,000.00"
2020-07-23,2020072301027317,NIL,51,6,10,660.00,"6,600.00"
2020-07-23,2020072301027255,NIL,49,34,100,659.00,"65,900.00"
2020-07-23,2020072301027163,NIL,44,10,146,657.00,"95,922.00"
2020-07-23,2020072301027160,NIL,44,55,58,657.00,"38,106.00"
2020-07-23,2020072301027159,NIL,29,55,110,657.00,"72,270.00"
2020-07-23,2020072301027158,NIL,49,55,41,658.00,"26,978.00"
2020-07-23,2020072301027316,NIL,51,19,200,660.00,"132,000.00"
2020-07-23,2020072301027315,NIL,51,11,40,660.00,"26,400.00"
2020-07-23,2020072301027314,NIL,51,35,150,660.00,"99,000.00"
2020-07-23,2020072301027313,NIL,51,36,"1,400",659.00,"922,600.00"
2020-07-23,2020072301027312,NIL,51,34,417,659.00,"274,803.00"
2020-07-23,2020072301027311,NIL,51,6,41,658.00,"26,978.00"
2020-07-23,2020072301027394,NLBBL,42,45,290,743.00,"215,470.00"
2020-07-23,2020072301027210,NLG,35,28,200,659.00,"131,800.00"
2020-07-23,2020072301027613,NLIC,59,13,28,"1,345.00","37,660.00"
2020-07-23,2020072301027612,NLIC,59,32,60,"1,345.00","80,700.00"
2020-07-23,2020072301027611,NLIC,59,34,10,"1,345.00","13,450.00"
2020-07-23,2020072301027610,NLIC,59,5,50,"1,345.00","67,250.00"
2020-07-23,2020072301027609,NLIC,59,1,50,"1,345.00","67,250.00"
2020-07-23,2020072301027608,NLIC,59,32,10,"1,345.00","13,450.00"
2020-07-23,2020072301027190,NLIC,51,22,20,"1,344.00","26,880.00"
2020-07-23,2020072301027155,NLIC,51,5,50,"1,344.00","67,200.00"
2020-07-23,2020072301027154,NLIC,51,8,102,"1,343.00","136,986.00"
2020-07-23,2020072301027350,NLIC,58,19,300,"1,344.00","403,200.00"
2020-07-23,2020072301027343,NLIC,51,54,128,"1,345.00","172,160.00"
2020-07-23,2020072301027296,NLIC,7,54,280,"1,345.00","376,600.00"
2020-07-23,2020072301027295,NLIC,7,41,45,"1,345.00","60,525.00"
2020-07-23,2020072301027294,NLIC,7,48,500,"1,345.00","672,500.00"
2020-07-23,2020072301027293,NLIC,7,39,175,"1,345.00","235,375.00"
2020-07-23,2020072301027528,NLIC,19,41,70,"1,344.00","94,080.00"
2020-07-23,2020072301027516,NLIC,26,41,15,"1,344.00","20,160.00"
2020-07-23,2020072301027510,NLIC,50,41,450,"1,344.00","604,800.00"
2020-07-23,2020072301027509,NLIC,50,19,550,"1,344.00","739,200.00"
2020-07-23,2020072301027454,NLIC,57,19,150,"1,344.00","201,600.00"
2020-07-23,2020072301027362,NLIC,35,41,30,"1,342.00","40,260.00"
2020-07-23,2020072301027607,NLIC,59,13,700,"1,345.00","941,500.00"
2020-07-23,2020072301027606,NLIC,59,39,400,"1,345.00","538,000.00"
2020-07-23,2020072301027605,NLIC,59,55,100,"1,345.00","134,500.00"
2020-07-23,2020072301027604,NLIC,59,54,92,"1,345.00","123,740.00"
2020-07-23,2020072301027558,NLIC,59,32,100,"1,344.00","134,400.00"
2020-07-23,2020072301027557,NLIC,59,41,"1,965","1,344.00","2,640,960.00"
2020-07-23,2020072301027328,NLICL,42,36,100,682.00,"68,200.00"
2020-07-23,2020072301027645,NMB,17,57,100,432.00,"43,200.00"
2020-07-23,2020072301027644,NMB,17,14,896,432.00,"387,072.00"
2020-07-23,2020072301027461,NMB,36,44,41,430.00,"17,630.00"
2020-07-23,2020072301027435,NMB,36,25,100,430.00,"43,000.00"
2020-07-23,2020072301027410,NMB,29,14,104,432.00,"44,928.00"
2020-07-23,2020072301027409,NMB,29,39,40,432.00,"17,280.00"
2020-07-23,2020072301027252,NMB,33,28,50,431.00,"21,550.00"
2020-07-23,2020072301027219,NMB,57,28,"1,000",431.00,"431,000.00"
2020-07-23,2020072301027209,NMB,42,28,50,431.00,"21,550.00"
2020-07-23,2020072301027191,NMB,8,28,200,431.00,"86,200.00"
2020-07-23,2020072301027408,NMB,29,48,56,432.00,"24,192.00"
2020-07-23,2020072301027309,NMB,36,59,24,430.00,"10,320.00"
2020-07-23,2020072301027308,NMB,16,59,129,431.00,"55,599.00"
2020-07-23,2020072301027303,NMB,16,45,50,431.00,"21,550.00"
2020-07-23,2020072301027289,NMB,16,28,473,431.00,"203,863.00"
2020-07-23,2020072301027265,NMB,26,28,150,431.00,"64,650.00"
2020-07-23,2020072301027642,NMBMF,50,34,51,780.00,"39,780.00"
2020-07-23,2020072301027488,NMFBS,33,34,21,"1,669.00","35,049.00"
2020-07-23,2020072301027229,NMFBS,44,7,100,"1,665.00","166,500.00"
2020-07-23,2020072301027228,NMFBS,44,28,20,"1,660.00","33,200.00"
2020-07-23,2020072301027637,NRIC,59,51,50,540.00,"27,000.00"
2020-07-23,2020072301027623,NRIC,59,57,400,540.00,"216,000.00"
2020-07-23,2020072301027622,NRIC,36,57,100,541.00,"54,100.00"
2020-07-23,2020072301027603,NRIC,36,40,10,541.00,"5,410.00"
2020-07-23,2020072301027602,NRIC,36,44,40,541.00,"21,640.00"
2020-07-23,2020072301027601,NRIC,36,21,50,541.00,"27,050.00"
2020-07-23,2020072301027242,NRIC,28,46,40,538.00,"21,520.00"
2020-07-23,2020072301027203,NRIC,28,22,40,538.00,"21,520.00"
2020-07-23,2020072301027193,NRIC,28,36,40,538.00,"21,520.00"
2020-07-23,2020072301027184,NRIC,28,29,40,538.00,"21,520.00"
2020-07-23,2020072301027177,NRIC,45,10,20,539.00,"10,780.00"
2020-07-23,2020072301027275,NRIC,28,34,40,538.00,"21,520.00"
2020-07-23,2020072301027271,NRIC,48,46,30,539.00,"16,170.00"
2020-07-23,2020072301027270,NRIC,48,10,20,539.00,"10,780.00"
2020-07-23,2020072301027256,NRIC,28,38,40,538.00,"21,520.00"
2020-07-23,2020072301027245,NRIC,28,29,50,538.00,"26,900.00"
2020-07-23,2020072301027243,NRIC,28,34,40,538.00,"21,520.00"
2020-07-23,2020072301027330,NRIC,52,57,20,539.00,"10,780.00"
2020-07-23,2020072301027329,NRIC,52,34,10,539.00,"5,390.00"
2020-07-23,2020072301027310,NRIC,52,40,40,539.00,"21,560.00"
2020-07-23,2020072301027300,NRIC,46,28,100,540.00,"54,000.00"
2020-07-23,2020072301027281,NRIC,52,29,50,539.00,"26,950.00"
2020-07-23,2020072301027280,NRIC,52,46,10,539.00,"5,390.00"
2020-07-23,2020072301027349,NRIC,52,52,10,540.00,"5,400.00"
2020-07-23,2020072301027348,NRIC,52,49,10,540.00,"5,400.00"
2020-07-23,2020072301027347,NRIC,52,28,10,540.00,"5,400.00"
2020-07-23,2020072301027346,NRIC,52,45,50,540.00,"27,000.00"
2020-07-23,2020072301027345,NRIC,52,10,40,540.00,"21,600.00"
2020-07-23,2020072301027344,NRIC,52,28,230,540.00,"124,200.00"
2020-07-23,2020072301027413,NRIC,51,21,50,540.00,"27,000.00"
2020-07-23,2020072301027405,NRIC,51,46,40,540.00,"21,600.00"
2020-07-23,2020072301027381,NRIC,51,49,10,540.00,"5,400.00"
2020-07-23,2020072301027377,NRIC,35,49,30,540.00,"16,200.00"
2020-07-23,2020072301027376,NRIC,35,41,40,540.00,"21,600.00"
2020-07-23,2020072301027375,NRIC,35,52,30,540.00,"16,200.00"
2020-07-23,2020072301027474,NRIC,39,33,20,539.00,"10,780.00"
2020-07-23,2020072301027473,NRIC,52,33,370,539.00,"199,430.00"
2020-07-23,2020072301027472,NRIC,52,33,10,540.00,"5,400.00"
2020-07-23,2020072301027455,NRIC,42,14,40,541.00,"21,640.00"
2020-07-23,2020072301027451,NRIC,52,46,40,540.00,"21,600.00"
2020-07-23,2020072301027421,NRIC,52,10,50,540.00,"27,000.00"
2020-07-23,2020072301027506,NRIC,39,47,40,540.00,"21,600.00"
2020-07-23,2020072301027493,NRIC,50,35,100,541.00,"54,100.00"
2020-07-23,2020072301027492,NRIC,50,26,10,541.00,"5,410.00"
2020-07-23,2020072301027491,NRIC,50,51,40,541.00,"21,640.00"
2020-07-23,2020072301027490,NRIC,50,46,10,541.00,"5,410.00"
2020-07-23,2020072301027489,NRIC,50,14,40,541.00,"21,640.00"
2020-07-23,2020072301027595,NRIC,59,44,40,540.00,"21,600.00"
2020-07-23,2020072301027594,NRIC,39,44,10,540.00,"5,400.00"
2020-07-23,2020072301027577,NRIC,39,19,40,540.00,"21,600.00"
2020-07-23,2020072301027543,NRIC,13,32,10,542.00,"5,420.00"
2020-07-23,2020072301027542,NRIC,13,10,40,541.00,"21,640.00"
2020-07-23,2020072301027533,NRIC,39,40,10,540.00,"5,400.00"
2020-07-23,2020072301027239,OHL,16,34,"1,000",399.00,"399,000.00"
2020-07-23,2020072301027238,OHL,16,54,200,397.00,"79,400.00"
2020-07-23,2020072301027237,OHL,16,34,500,397.00,"198,500.00"
2020-07-23,2020072301027236,OHL,16,57,41,397.00,"16,277.00"
2020-07-23,2020072301027235,OHL,16,43,25,397.00,"9,925.00"
2020-07-23,2020072301027234,OHL,16,22,34,397.00,"13,498.00"
2020-07-23,2020072301027560,PCBL,50,41,450,281.00,"126,450.00"
2020-07-23,2020072301027559,PCBL,29,41,50,281.00,"14,050.00"
2020-07-23,2020072301027503,PCBL,48,34,138,282.00,"38,916.00"
2020-07-23,2020072301027495,PCBL,48,52,100,282.00,"28,200.00"
2020-07-23,2020072301027494,PCBL,48,49,107,282.00,"30,174.00"
2020-07-23,2020072301027327,PCBL,25,49,25,282.00,"7,050.00"
2020-07-23,2020072301027326,PCBL,45,49,50,282.00,"14,100.00"
2020-07-23,2020072301027325,PCBL,28,49,118,282.00,"33,276.00"
2020-07-23,2020072301027176,PCBL,5,41,568,283.00,"160,744.00"
2020-07-23,2020072301027175,PCBL,5,22,200,283.00,"56,600.00"
2020-07-23,2020072301027174,PCBL,5,6,132,283.00,"37,356.00"
2020-07-23,2020072301027641,PIC,42,26,150,632.00,"94,800.00"
2020-07-23,2020072301027505,PIC,42,35,11,632.00,"6,952.00"
2020-07-23,2020072301027199,PIC,16,57,490,635.00,"311,150.00"
2020-07-23,2020072301027508,PLIC,22,19,28,548.00,"15,344.00"
2020-07-23,2020072301027183,PLIC,22,4,80,548.00,"43,840.00"
2020-07-23,2020072301027576,PPCL,53,22,30,115.00,"3,450.00"
2020-07-23,2020072301027575,PPCL,53,41,20,115.00,"2,300.00"
2020-07-23,2020072301027574,PPCL,53,25,20,115.00,"2,300.00"
2020-07-23,2020072301027173,PPCL,32,26,20,114.00,"2,280.00"
2020-07-23,2020072301027477,PRIN,51,32,50,512.00,"25,600.00"
2020-07-23,2020072301027476,PRIN,51,17,200,512.00,"102,400.00"
2020-07-23,2020072301027384,PRIN,44,46,500,510.00,"255,000.00"
2020-07-23,2020072301027383,PRIN,44,14,200,510.00,"102,000.00"
2020-07-23,2020072301027257,PRVU,42,13,32,243.00,"7,776.00"
2020-07-23,2020072301027202,PRVU,51,13,50,243.00,"12,150.00"
2020-07-23,2020072301027201,PRVU,38,13,66,243.00,"16,038.00"
2020-07-23,2020072301027188,PRVU,38,41,34,243.00,"8,262.00"
2020-07-23,2020072301027545,RADHI,34,35,12,168.00,"2,016.00"
2020-07-23,2020072301027468,RBCL,59,22,14,"9,645.00","135,030.00"
2020-07-23,2020072301027246,RHPL,43,13,40,146.00,"5,840.00"
2020-07-23,2020072301027498,RRHP,37,58,10,90.00,900.00
2020-07-23,2020072301027391,RSDC,32,21,50,522.00,"26,100.00"
2020-07-23,2020072301027390,RSDC,32,50,12,521.00,"6,252.00"
2020-07-23,2020072301027389,RSDC,32,11,83,521.00,"43,243.00"
2020-07-23,2020072301027519,SABSL,7,42,24,813.00,"19,512.00"
2020-07-23,2020072301027518,SABSL,7,45,108,813.00,"87,804.00"
2020-07-23,2020072301027517,SABSL,7,48,11,813.00,"8,943.00"
2020-07-23,2020072301027204,SADBL,21,16,886,152.00,"134,672.00"
2020-07-23,2020072301027640,SANIMA,52,41,220,365.00,"80,300.00"
2020-07-23,2020072301027307,SANIMA,39,17,75,364.00,"27,300.00"
2020-07-23,2020072301027306,SANIMA,21,17,390,364.00,"141,960.00"
2020-07-23,2020072301027305,SANIMA,38,17,35,365.00,"12,775.00"
2020-07-23,2020072301027466,SBI,57,59,163,448.00,"73,024.00"
2020-07-23,2020072301027465,SBI,46,59,80,449.00,"35,920.00"
2020-07-23,2020072301027404,SBL,10,57,200,316.00,"63,200.00"
2020-07-23,2020072301027629,SCB,14,35,54,685.00,"36,990.00"
2020-07-23,2020072301027628,SCB,33,35,37,685.00,"25,345.00"
2020-07-23,2020072301027627,SCB,22,35,25,686.00,"17,150.00"
2020-07-23,2020072301027278,SDESI,25,38,10,908.00,"9,080.00"
2020-07-23,2020072301027530,SEF,1,13,"2,500",9.80,"24,500.00"
2020-07-23,2020072301027529,SEF,1,36,500,9.80,"4,900.00"
2020-07-23,2020072301027596,SHINE,17,41,500,242.00,"121,000.00"
2020-07-23,2020072301027504,SHINE,53,53,120,243.00,"29,160.00"
2020-07-23,2020072301027431,SHINE,17,32,"1,050",242.00,"254,100.00"
2020-07-23,2020072301027430,SHINE,45,32,50,242.00,"12,100.00"
2020-07-23,2020072301027429,SHINE,32,32,100,242.00,"24,200.00"
2020-07-23,2020072301027364,SHINE,6,53,250,243.00,"60,750.00"
2020-07-23,2020072301027486,SHIVM,43,5,90,614.00,"55,260.00"
2020-07-23,2020072301027427,SHIVM,46,5,50,614.00,"30,700.00"
2020-07-23,2020072301027426,SHIVM,46,41,50,613.00,"30,650.00"
2020-07-23,2020072301027322,SHIVM,50,34,10,612.00,"6,120.00"
2020-07-23,2020072301027277,SHPC,36,37,"1,000",224.00,"224,000.00"
2020-07-23,2020072301027276,SHPC,36,34,42,224.00,"9,408.00"
2020-07-23,2020072301027591,SIC,45,54,50,730.00,"36,500.00"
2020-07-23,2020072301027359,SIC,37,54,15,729.00,"10,935.00"
2020-07-23,2020072301027638,SICL,58,49,40,"1,200.00","48,000.00"
2020-07-23,2020072301027584,SICL,58,58,500,"1,201.00","600,500.00"
2020-07-23,2020072301027464,SICL,58,6,"2,000","1,200.00","2,400,000.00"
2020-07-23,2020072301027417,SICL,58,34,50,"1,200.00","60,000.00"
2020-07-23,2020072301027416,SICL,45,1,40,"1,202.00","48,080.00"
2020-07-23,2020072301027333,SICL,39,6,400,"1,202.00","480,800.00"
2020-07-23,2020072301027150,SICL,45,11,40,"1,203.00","48,120.00"
2020-07-23,2020072301027338,SICL,58,6,712,"1,200.00","854,400.00"
2020-07-23,2020072301027337,SICL,58,6,50,"1,201.00","60,050.00"
2020-07-23,2020072301027336,SICL,58,6,20,"1,201.00","24,020.00"
2020-07-23,2020072301027335,SICL,14,6,300,"1,201.00","360,300.00"
2020-07-23,2020072301027334,SICL,32,6,283,"1,201.00","339,883.00"
2020-07-23,2020072301027643,SIL,38,6,100,625.00,"62,500.00"
2020-07-23,2020072301027520,SIL,13,33,85,627.00,"53,295.00"
2020-07-23,2020072301027428,SIL,13,36,50,627.00,"31,350.00"
2020-07-23,2020072301027304,SIL,40,44,585,627.00,"366,795.00"
2020-07-23,2020072301027180,SIL,48,44,30,627.00,"18,810.00"
2020-07-23,2020072301027597,SKBBL,50,36,150,"1,282.00","192,300.00"
2020-07-23,2020072301027471,SKBBL,50,7,350,"1,282.00","448,700.00"
2020-07-23,2020072301027470,SKBBL,55,7,100,"1,283.00","128,300.00"
2020-07-23,2020072301027469,SKBBL,55,7,50,"1,284.00","64,200.00"
2020-07-23,2020072301027339,SKBBL,4,34,318,"1,287.00","409,266.00"
2020-07-23,2020072301027179,SLBBL,49,34,50,913.00,"45,650.00"
2020-07-23,2020072301027178,SLBBL,49,6,177,910.00,"161,070.00"
2020-07-23,2020072301027165,SLBS,34,50,30,996.00,"29,880.00"
2020-07-23,2020072301027164,SLBS,10,50,40,996.00,"39,840.00"
2020-07-23,2020072301027396,SLICL,41,49,100,457.00,"45,700.00"
2020-07-23,2020072301027386,SLICL,25,28,"1,000",454.00,"454,000.00"
2020-07-23,2020072301027385,SLICL,25,28,370,455.00,"168,350.00"
2020-07-23,2020072301027299,SLICL,25,56,117,455.00,"53,235.00"
2020-07-23,2020072301027298,SLICL,4,56,500,456.00,"228,000.00"
2020-07-23,2020072301027297,SLICL,17,56,40,457.00,"18,280.00"
2020-07-23,2020072301027292,SLICL,19,55,200,458.00,"91,600.00"
2020-07-23,2020072301027194,SLICL,36,13,"1,555",458.00,"712,190.00"
2020-07-23,2020072301027539,SPARS,16,26,20,918.00,"18,360.00"
2020-07-23,2020072301027647,SWBBL,5,14,50,"1,205.00","60,250.00"
2020-07-23,2020072301027646,SWBBL,5,57,100,"1,204.00","120,400.00"
2020-07-23,2020072301027453,SWBBL,18,47,100,"1,203.00","120,300.00"
2020-07-23,2020072301027452,SWBBL,18,42,60,"1,203.00","72,180.00"
2020-07-23,2020072301027398,UFL,17,36,223,185.00,"41,255.00"
2020-07-23,2020072301027397,UFL,28,36,277,185.00,"51,245.00"
2020-07-23,2020072301027626,UIC,5,45,190,385.00,"73,150.00"
2020-07-23,2020072301027615,UIC,5,5,50,385.00,"19,250.00"
2020-07-23,2020072301027553,UIC,5,32,100,385.00,"38,500.00"
2020-07-23,2020072301027552,UIC,5,26,200,385.00,"77,000.00"
2020-07-23,2020072301027551,UIC,5,45,200,385.00,"77,000.00"
2020-07-23,2020072301027550,UIC,5,5,50,384.00,"19,200.00"
2020-07-23,2020072301027549,UIC,5,14,200,384.00,"76,800.00"
2020-07-23,2020072301027532,UIC,45,14,100,384.00,"38,400.00"
2020-07-23,2020072301027351,UIC,33,45,10,385.00,"3,850.00"
2020-07-23,2020072301027215,UPPER,25,54,14,234.00,"3,276.00"
2020-07-23,2020072301027463,VLBS,58,41,10,985.00,"9,850.00"
2020-07-23,2020072301026946,ADBL,33,38,494,429.00,"211,926.00"
2020-07-23,2020072301026945,ADBL,33,25,406,429.00,"174,174.00"
2020-07-23,2020072301026944,ADBL,33,14,100,428.00,"42,800.00"
2020-07-23,2020072301026913,ADBL,45,14,400,428.00,"171,200.00"
2020-07-23,2020072301027057,AKJCL,29,49,10,48.00,480.00
2020-07-23,2020072301027123,AKPL,39,46,884,117.00,"103,428.00"
2020-07-23,2020072301027122,AKPL,47,46,"2,000",117.00,"234,000.00"
2020-07-23,2020072301027121,AKPL,43,46,100,117.00,"11,700.00"
2020-07-23,2020072301027120,AKPL,29,46,216,117.00,"25,272.00"
2020-07-23,2020072301026746,AKPL,1,57,10,118.00,"1,180.00"
2020-07-23,2020072301026786,ALBSL,18,25,15,736.00,"11,040.00"
2020-07-23,2020072301027099,ALICL,14,28,14,629.00,"8,806.00"
2020-07-23,2020072301027098,ALICL,46,28,100,630.00,"63,000.00"
2020-07-23,2020072301027097,ALICL,57,28,100,630.00,"63,000.00"
2020-07-23,2020072301027096,ALICL,57,28,100,630.00,"63,000.00"
2020-07-23,2020072301027095,ALICL,6,28,100,630.00,"63,000.00"
2020-07-23,2020072301027031,ALICL,21,28,500,631.00,"315,500.00"
2020-07-23,2020072301026861,ALICL,50,28,50,634.00,"31,700.00"
2020-07-23,2020072301026836,ALICL,44,14,400,633.00,"253,200.00"
2020-07-23,2020072301026835,ALICL,44,32,200,633.00,"126,600.00"
2020-07-23,2020072301026834,ALICL,44,19,70,633.00,"44,310.00"
2020-07-23,2020072301027132,API,34,46,100,110.00,"11,000.00"
2020-07-23,2020072301026806,BOKL,38,6,50,234.00,"11,700.00"
2020-07-23,2020072301026665,CBBL,29,56,10,"1,080.00","10,800.00"
2020-07-23,2020072301026664,CBBL,29,45,26,"1,080.00","28,080.00"
2020-07-23,2020072301027054,CBL,47,44,50,145.00,"7,250.00"
2020-07-23,2020072301026726,CHCL,14,25,159,403.00,"64,077.00"
2020-07-23,2020072301026725,CHCL,44,25,19,403.00,"7,657.00"
2020-07-23,2020072301026724,CHCL,32,25,30,404.00,"12,120.00"
2020-07-23,2020072301026723,CHCL,25,25,92,405.00,"37,260.00"
2020-07-23,2020072301026826,CIT,19,33,50,"2,530.00","126,500.00"
2020-07-23,2020072301026784,CIT,25,33,50,"2,530.00","126,500.00"
2020-07-23,2020072301026768,CIT,1,33,150,"2,530.00","379,500.00"
2020-07-23,2020072301027119,CZBIL,45,49,166,200.00,"33,200.00"
2020-07-23,2020072301027118,CZBIL,34,49,100,200.00,"20,000.00"
2020-07-23,2020072301027117,CZBIL,45,49,200,200.00,"40,000.00"
2020-07-23,2020072301027041,CZBIL,45,4,10,200.00,"2,000.00"
2020-07-23,2020072301026953,CZBIL,45,45,40,200.00,"8,000.00"
2020-07-23,2020072301026952,CZBIL,34,45,114,200.00,"22,800.00"
2020-07-23,2020072301026924,CZBIL,34,59,86,200.00,"17,200.00"
2020-07-23,2020072301026923,CZBIL,35,59,214,200.00,"42,800.00"
2020-07-23,2020072301026971,DDBL,45,51,180,857.00,"154,260.00"
2020-07-23,2020072301026970,DDBL,45,51,20,858.00,"17,160.00"
2020-07-23,2020072301026969,DDBL,45,51,120,858.00,"102,960.00"
2020-07-23,2020072301026968,DDBL,4,51,170,859.00,"146,030.00"
2020-07-23,2020072301026967,DDBL,44,51,10,860.00,"8,600.00"
2020-07-23,2020072301026986,EBL,14,11,100,760.00,"76,000.00"
2020-07-23,2020072301026865,EBL,14,41,26,760.00,"19,760.00"
2020-07-23,2020072301026745,EBL,14,25,350,760.00,"266,000.00"
2020-07-23,2020072301026985,FMDBL,25,52,500,547.00,"273,500.00"
2020-07-23,2020072301026893,FMDBL,32,39,100,545.00,"54,500.00"
2020-07-23,2020072301026833,FMDBL,5,11,140,546.00,"76,440.00"
2020-07-23,2020072301026832,FMDBL,5,38,73,546.00,"39,858.00"
2020-07-23,2020072301026717,FMDBL,33,39,100,545.00,"54,500.00"
2020-07-23,2020072301026716,FMDBL,35,39,10,545.00,"5,450.00"
2020-07-23,2020072301027137,GBBL,49,38,13,248.00,"3,224.00"
2020-07-23,2020072301027011,GBBL,49,38,100,248.00,"24,800.00"
2020-07-23,2020072301026950,GBBL,49,38,37,248.00,"9,176.00"
2020-07-23,2020072301026949,GBBL,49,41,50,248.00,"12,400.00"
2020-07-23,2020072301026673,GBBL,43,39,100,247.00,"24,700.00"
2020-07-23,2020072301026752,GBIME,59,58,647,263.00,"170,161.00"
2020-07-23,2020072301026751,GBIME,59,7,500,263.00,"131,500.00"
2020-07-23,2020072301026750,GBIME,59,55,853,263.00,"224,339.00"
2020-07-23,2020072301026998,GBLBS,10,45,15,518.00,"7,770.00"
2020-07-23,2020072301026975,GBLBS,36,14,500,519.00,"259,500.00"
2020-07-23,2020072301026933,GBLBS,36,44,100,519.00,"51,900.00"
2020-07-23,2020072301026708,GBLBS,10,37,15,518.00,"7,770.00"
2020-07-23,2020072301027070,GGBSL,38,22,10,913.00,"9,130.00"
2020-07-23,2020072301027069,GGBSL,38,22,30,897.00,"26,910.00"
2020-07-23,2020072301026854,GGBSL,38,22,10,897.00,"8,970.00"
2020-07-23,2020072301026818,GGBSL,33,38,20,880.00,"17,600.00"
2020-07-23,2020072301027045,GILB,47,56,29,"1,295.00","37,555.00"
2020-07-23,2020072301027092,GLBSL,43,44,10,855.00,"8,550.00"
2020-07-23,2020072301027053,GLBSL,43,41,40,845.00,"33,800.00"
2020-07-23,2020072301027052,GLBSL,43,14,10,844.00,"8,440.00"
2020-07-23,2020072301027051,GLBSL,43,41,15,839.00,"12,585.00"
2020-07-23,2020072301027050,GLBSL,43,1,10,839.00,"8,390.00"
2020-07-23,2020072301026995,GLBSL,43,6,32,835.00,"26,720.00"
2020-07-23,2020072301026714,GLBSL,43,35,21,819.00,"17,199.00"
2020-07-23,2020072301026713,GLBSL,43,53,50,819.00,"40,950.00"
2020-07-23,2020072301026712,GLBSL,43,40,10,816.00,"8,160.00"
2020-07-23,2020072301026681,GLBSL,43,35,10,810.00,"8,100.00"
2020-07-23,2020072301026680,GLBSL,43,1,10,810.00,"8,100.00"
2020-07-23,2020072301026994,GLBSL,43,54,10,834.00,"8,340.00"
2020-07-23,2020072301026993,GLBSL,43,6,50,830.00,"41,500.00"
2020-07-23,2020072301026992,GLBSL,43,52,10,829.00,"8,290.00"
2020-07-23,2020072301026991,GLBSL,43,32,190,828.00,"157,320.00"
2020-07-23,2020072301026737,GLBSL,43,32,10,828.00,"8,280.00"
2020-07-23,2020072301026688,GMFBS,28,58,10,806.00,"8,060.00"
2020-07-23,2020072301026979,HDL,38,38,50,"1,752.00","87,600.00"
2020-07-23,2020072301026976,HDL,38,10,50,"1,751.00","87,550.00"
2020-07-23,2020072301026907,HDL,5,38,100,"1,752.00","175,200.00"
2020-07-23,2020072301026906,HDL,25,38,10,"1,753.00","17,530.00"
2020-07-23,2020072301026905,HDL,57,38,200,"1,754.00","350,800.00"
2020-07-23,2020072301026904,HDL,36,38,25,"1,755.00","43,875.00"
2020-07-23,2020072301026903,HDL,14,38,65,"1,756.00","114,140.00"
2020-07-23,2020072301026862,HDL,14,55,10,"1,756.00","17,560.00"
2020-07-23,2020072301026730,HDL,14,19,65,"1,756.00","114,140.00"
2020-07-23,2020072301026739,HIDCL,7,10,132,130.00,"17,160.00"
2020-07-23,2020072301026738,HIDCL,7,6,13,130.00,"1,690.00"
2020-07-23,2020072301026749,HPPL,53,37,20,133.00,"2,660.00"
2020-07-23,2020072301026948,ILBS,45,22,11,787.00,"8,657.00"
2020-07-23,2020072301026919,JBBL,57,45,32,181.00,"5,792.00"
2020-07-23,2020072301026850,JBBL,18,47,50,182.00,"9,100.00"
2020-07-23,2020072301026849,JBBL,18,35,50,182.00,"9,100.00"
2020-07-23,2020072301027124,KBL,33,57,100,199.00,"19,900.00"
2020-07-23,2020072301027111,KBL,49,57,76,199.00,"15,124.00"
2020-07-23,2020072301027079,KBL,49,17,35,199.00,"6,965.00"
2020-07-23,2020072301027039,KBL,49,45,89,199.00,"17,711.00"
2020-07-23,2020072301026659,KBL,56,41,10,198.00,"1,980.00"
