Date,Transact. No.,Symbol,Buyer,Seller,Quantity,Rate,Amount
2019-01-03,2019010301003463,ADBL,16,43,559,345.00,"192,855.00"
2019-01-03,2019010301003462,ADBL,40,43,100,345.00,"34,500.00"
2019-01-03,2019010301003461,ADBL,14,43,341,345.00,"117,645.00"
2019-01-03,2019010301003365,ADBL,14,43,159,345.00,"54,855.00"
2019-01-03,2019010301003364,ADBL,16,43,72,345.00,"24,840.00"
2019-01-03,2019010301003260,ADBL,16,36,104,345.00,"35,880.00"
2019-01-03,2019010301003699,ALICL,45,56,10,611.00,"6,110.00"
2019-01-03,2019010301003663,ALICL,16,13,10,615.00,"6,150.00"
2019-01-03,2019010301003561,ALICL,45,53,460,611.00,"281,060.00"
2019-01-03,2019010301003560,ALICL,34,53,40,611.00,"24,440.00"
2019-01-03,2019010301003506,ALICL,45,34,200,614.00,"122,800.00"
2019-01-03,2019010301003432,ALICL,34,7,160,611.00,"97,760.00"
2019-01-03,2019010301003305,ALICL,45,16,100,614.00,"61,400.00"
2019-01-03,2019010301003451,AMFI,58,56,10,720.00,"7,200.00"
2019-01-03,2019010301003722,API,4,47,500,157.00,"78,500.00"
2019-01-03,2019010301003721,API,4,47,500,157.00,"78,500.00"
2019-01-03,2019010301003707,API,25,47,50,159.00,"7,950.00"
2019-01-03,2019010301003695,API,33,57,500,158.00,"79,000.00"
2019-01-03,2019010301003603,API,25,47,50,159.00,"7,950.00"
2019-01-03,2019010301003602,API,25,56,150,158.00,"23,700.00"
2019-01-03,2019010301003453,API,45,29,390,157.00,"61,230.00"
2019-01-03,2019010301003447,API,49,48,490,158.00,"77,420.00"
2019-01-03,2019010301003566,API,1,56,350,158.00,"55,300.00"
2019-01-03,2019010301003489,API,25,47,100,159.00,"15,900.00"
2019-01-03,2019010301003488,API,25,50,200,158.00,"31,600.00"
2019-01-03,2019010301003475,API,34,50,300,158.00,"47,400.00"
2019-01-03,2019010301003471,API,25,47,150,159.00,"23,850.00"
2019-01-03,2019010301003454,API,13,29,110,156.00,"17,160.00"
2019-01-03,2019010301003708,BHBL,52,20,720,145.00,"104,400.00"
2019-01-03,2019010301003502,BHBL,52,1,100,143.00,"14,300.00"
2019-01-03,2019010301003697,BOKL,25,10,950,328.00,"311,600.00"
2019-01-03,2019010301003696,BOKL,49,10,50,328.00,"16,400.00"
2019-01-03,2019010301003287,BOKL,49,5,50,328.00,"16,400.00"
2019-01-03,2019010301003286,BOKL,45,5,500,328.00,"164,000.00"
2019-01-03,2019010301003285,BOKL,37,5,50,328.00,"16,400.00"
2019-01-03,2019010301003284,BOKL,43,5,50,328.00,"16,400.00"
2019-01-03,2019010301003283,BOKL,38,5,150,328.00,"49,200.00"
2019-01-03,2019010301003282,BOKL,55,5,100,328.00,"32,800.00"
2019-01-03,2019010301003281,BOKL,28,5,100,328.00,"32,800.00"
2019-01-03,2019010301003263,BOKL,49,48,101,329.00,"33,229.00"
2019-01-03,2019010301003649,CBL,33,48,411,162.00,"66,582.00"
2019-01-03,2019010301003648,CBL,5,48,200,162.00,"32,400.00"
2019-01-03,2019010301003647,CBL,43,48,389,162.00,"63,018.00"
2019-01-03,2019010301003597,CBL,43,41,968,162.00,"156,816.00"
2019-01-03,2019010301003302,CBL,43,28,443,162.00,"71,766.00"
2019-01-03,2019010301003301,CBL,17,28,557,162.00,"90,234.00"
2019-01-03,2019010301003278,CBL,17,36,143,162.00,"23,166.00"
2019-01-03,2019010301003241,CBL,17,49,500,162.00,"81,000.00"
2019-01-03,2019010301003581,CCBL,33,37,11,170.00,"1,870.00"
2019-01-03,2019010301003519,CCBL,52,37,125,170.00,"21,250.00"
2019-01-03,2019010301003518,CCBL,52,36,125,170.00,"21,250.00"
2019-01-03,2019010301003358,CCBL,47,58,86,168.00,"14,448.00"
2019-01-03,2019010301003298,CCBL,47,36,31,168.00,"5,208.00"
2019-01-03,2019010301003297,CCBL,19,36,51,169.00,"8,619.00"
2019-01-03,2019010301003280,CCBL,19,29,49,169.00,"8,281.00"
2019-01-03,2019010301003642,CHCL,5,10,140,555.00,"77,700.00"
2019-01-03,2019010301003641,CHCL,56,10,100,556.00,"55,600.00"
2019-01-03,2019010301003640,CHCL,59,10,100,556.00,"55,600.00"
2019-01-03,2019010301003600,CHCL,56,55,500,557.00,"278,500.00"
2019-01-03,2019010301003599,CHCL,56,43,100,557.00,"55,700.00"
2019-01-03,2019010301003524,CHCL,5,45,200,555.00,"111,000.00"
2019-01-03,2019010301003396,CHCL,5,55,160,555.00,"88,800.00"
2019-01-03,2019010301003238,CHCL,6,55,40,555.00,"22,200.00"
2019-01-03,2019010301003579,CIT,45,22,40,"2,100.00","84,000.00"
2019-01-03,2019010301003543,CIT,48,57,50,"2,099.00","104,950.00"
2019-01-03,2019010301003389,CLBSL,45,58,30,690.00,"20,700.00"
2019-01-03,2019010301003388,CLBSL,45,57,90,690.00,"62,100.00"
2019-01-03,2019010301003387,CLBSL,45,36,10,690.00,"6,900.00"
2019-01-03,2019010301003604,CZBIL,44,43,500,212.00,"106,000.00"
2019-01-03,2019010301003574,CZBIL,44,16,30,212.00,"6,360.00"
2019-01-03,2019010301003486,CZBIL,17,1,700,213.00,"149,100.00"
2019-01-03,2019010301003485,CZBIL,17,21,300,213.00,"63,900.00"
2019-01-03,2019010301003303,CZBIL,44,36,419,212.00,"88,828.00"
2019-01-03,2019010301003627,DBBL,52,35,"1,000",126.00,"126,000.00"
2019-01-03,2019010301003580,DBBL,26,41,300,126.00,"37,800.00"
2019-01-03,2019010301003435,DDBL,43,16,50,640.00,"32,000.00"
2019-01-03,2019010301003664,EBL,1,13,41,535.00,"21,935.00"
2019-01-03,2019010301003325,EBL,45,13,20,535.00,"10,700.00"
2019-01-03,2019010301003324,EBL,56,13,50,535.00,"26,750.00"
2019-01-03,2019010301003544,EBL,1,50,311,535.00,"166,385.00"
2019-01-03,2019010301003327,EBL,1,13,142,535.00,"75,970.00"
2019-01-03,2019010301003326,EBL,22,13,400,535.00,"214,000.00"
2019-01-03,2019010301003331,FMDBL,28,25,15,389.00,"5,835.00"
2019-01-03,2019010301003330,FMDBL,28,1,30,388.00,"11,640.00"
2019-01-03,2019010301003478,FOWAD,39,21,10,"1,495.00","14,950.00"
2019-01-03,2019010301003692,GBBL,45,47,300,192.00,"57,600.00"
2019-01-03,2019010301003691,GBBL,45,39,250,192.00,"48,000.00"
2019-01-03,2019010301003690,GBBL,45,42,"1,000",192.00,"192,000.00"
2019-01-03,2019010301003689,GBBL,45,17,130,192.00,"24,960.00"
2019-01-03,2019010301003688,GBBL,45,33,100,192.00,"19,200.00"
2019-01-03,2019010301003687,GBBL,45,53,300,192.00,"57,600.00"
2019-01-03,2019010301003452,GBBL,45,16,500,191.00,"95,500.00"
2019-01-03,2019010301003677,GBIME,32,6,13,268.00,"3,484.00"
2019-01-03,2019010301003676,GBIME,13,6,200,268.00,"53,600.00"
2019-01-03,2019010301003675,GBIME,19,6,100,269.00,"26,900.00"
2019-01-03,2019010301003674,GBIME,19,6,100,269.00,"26,900.00"
2019-01-03,2019010301003673,GBIME,14,6,200,269.00,"53,800.00"
2019-01-03,2019010301003672,GBIME,32,6,200,269.00,"53,800.00"
2019-01-03,2019010301003671,GBIME,33,6,89,269.00,"23,941.00"
2019-01-03,2019010301003670,GBIME,16,6,50,270.00,"13,500.00"
2019-01-03,2019010301003669,GBIME,19,6,100,270.00,"27,000.00"
2019-01-03,2019010301003258,GBLBS,59,45,100,432.00,"43,200.00"
2019-01-03,2019010301003482,GDBL,45,1,500,190.00,"95,000.00"
2019-01-03,2019010301003230,GDBL,35,1,50,190.00,"9,500.00"
2019-01-03,2019010301003259,GDBL,45,1,394,190.00,"74,860.00"
2019-01-03,2019010301003623,GILB,50,17,13,"1,132.00","14,716.00"
2019-01-03,2019010301003601,GILB,50,17,19,"1,132.00","21,508.00"
2019-01-03,2019010301003308,GLICL,28,36,47,715.00,"33,605.00"
2019-01-03,2019010301003307,GLICL,57,36,37,716.00,"26,492.00"
2019-01-03,2019010301003497,HBL,6,58,15,474.00,"7,110.00"
2019-01-03,2019010301003636,HGI,59,25,32,407.00,"13,024.00"
2019-01-03,2019010301003570,HGI,59,25,230,407.00,"93,610.00"
2019-01-03,2019010301003569,HGI,59,26,100,406.00,"40,600.00"
2019-01-03,2019010301003568,HGI,59,49,370,406.00,"150,220.00"
2019-01-03,2019010301003638,HIDCL,39,45,26,151.00,"3,926.00"
2019-01-03,2019010301003621,HIDCL,29,21,56,150.00,"8,400.00"
2019-01-03,2019010301003614,HIDCL,29,34,70,150.00,"10,500.00"
2019-01-03,2019010301003366,HIDCL,37,45,313,151.00,"47,263.00"
2019-01-03,2019010301003322,HIDCL,37,36,56,151.00,"8,456.00"
2019-01-03,2019010301003626,HPPL,10,21,20,186.00,"3,720.00"
2019-01-03,2019010301003391,HPPL,10,21,10,186.00,"1,860.00"
2019-01-03,2019010301003363,HPPL,10,21,10,186.00,"1,860.00"
2019-01-03,2019010301003567,ICFC,28,41,57,153.00,"8,721.00"
2019-01-03,2019010301003449,IGI,41,7,100,472.00,"47,200.00"
2019-01-03,2019010301003654,JBBL,35,46,100,136.00,"13,600.00"
2019-01-03,2019010301003607,JBBL,6,19,71,135.00,"9,585.00"
2019-01-03,2019010301003474,JBBL,6,25,400,135.00,"54,000.00"
2019-01-03,2019010301003350,JBBL,6,19,30,135.00,"4,050.00"
2019-01-03,2019010301003335,JBBL,6,19,30,135.00,"4,050.00"
2019-01-03,2019010301003328,JBBL,6,36,45,135.00,"6,075.00"
2019-01-03,2019010301003277,JBBL,6,19,"1,269",135.00,"171,315.00"
2019-01-03,2019010301003651,JBNL,10,41,58,169.00,"9,802.00"
2019-01-03,2019010301003551,JBNL,4,41,42,169.00,"7,098.00"
2019-01-03,2019010301003337,JBNL,4,36,355,169.00,"59,995.00"
2019-01-03,2019010301003274,JBNL,4,50,603,169.00,"101,907.00"
2019-01-03,2019010301003273,JBNL,29,50,30,169.00,"5,070.00"
2019-01-03,2019010301003272,JBNL,55,50,367,169.00,"62,023.00"
2019-01-03,2019010301003227,JBNL,55,49,133,169.00,"22,477.00"
2019-01-03,2019010301003226,JBNL,29,49,30,169.00,"5,070.00"
2019-01-03,2019010301003225,JBNL,5,49,837,169.00,"141,453.00"
2019-01-03,2019010301003598,JEFL,28,21,50,111.00,"5,550.00"
2019-01-03,2019010301003658,JSLBB,10,22,58,"2,592.00","150,336.00"
2019-01-03,2019010301003539,KBBL,47,38,100,216.00,"21,600.00"
2019-01-03,2019010301003595,KBL,17,50,44,246.00,"10,824.00"
2019-01-03,2019010301003594,KBL,16,50,40,246.00,"9,840.00"
2019-01-03,2019010301003509,KBL,16,14,100,246.00,"24,600.00"
2019-01-03,2019010301003296,KBL,16,10,360,246.00,"88,560.00"
2019-01-03,2019010301003705,KMCDB,19,55,100,"1,027.00","102,700.00"
2019-01-03,2019010301003481,KMCDB,48,57,10,"1,045.00","10,450.00"
2019-01-03,2019010301003336,KMCDB,48,49,100,"1,025.00","102,500.00"
2019-01-03,2019010301003505,KPCL,21,16,10,100.00,"1,000.00"
2019-01-03,2019010301003484,KPCL,36,54,90,102.00,"9,180.00"
2019-01-03,2019010301003459,KPCL,53,54,100,102.00,"10,200.00"
2019-01-03,2019010301003429,KSBBL,53,44,486,137.00,"66,582.00"
2019-01-03,2019010301003353,KSBBL,53,36,51,137.00,"6,987.00"
2019-01-03,2019010301003583,LBBL,32,35,600,172.00,"103,200.00"
2019-01-03,2019010301003300,LBBL,6,35,176,172.00,"30,272.00"
2019-01-03,2019010301003522,LBBL,21,57,100,171.00,"17,100.00"
2019-01-03,2019010301003521,LBBL,28,57,900,171.00,"153,900.00"
2019-01-03,2019010301003608,LBL,34,49,38,220.00,"8,360.00"
2019-01-03,2019010301003593,LBL,1,49,962,220.00,"211,640.00"
2019-01-03,2019010301003592,LBL,1,55,38,220.00,"8,360.00"
2019-01-03,2019010301003591,LBL,26,55,262,220.00,"57,640.00"
2019-01-03,2019010301003445,LBL,38,17,50,221.00,"11,050.00"
2019-01-03,2019010301003355,LBL,26,11,338,220.00,"74,360.00"
2019-01-03,2019010301003354,LBL,5,11,227,220.00,"49,940.00"
2019-01-03,2019010301003706,LICN,59,44,20,"1,670.00","33,400.00"
2019-01-03,2019010301003622,LICN,59,22,50,"1,665.00","83,250.00"
2019-01-03,2019010301003562,LVF1,14,13,"1,000",10.30,"10,300.00"
2019-01-03,2019010301003242,MBL,28,32,405,207.00,"83,835.00"
2019-01-03,2019010301003417,MDB,1,29,265,290.00,"76,850.00"
2019-01-03,2019010301003709,MEGA,36,33,500,173.00,"86,500.00"
2019-01-03,2019010301003703,MEGA,13,28,113,171.00,"19,323.00"
2019-01-03,2019010301003702,MEGA,34,28,11,171.00,"1,881.00"
2019-01-03,2019010301003701,MEGA,34,28,76,172.00,"13,072.00"
2019-01-03,2019010301003665,MEGA,34,32,924,172.00,"158,928.00"
2019-01-03,2019010301003650,MEGA,7,32,800,172.00,"137,600.00"
2019-01-03,2019010301003266,MEGA,28,50,253,172.00,"43,516.00"
2019-01-03,2019010301003265,MEGA,10,50,47,172.00,"8,084.00"
2019-01-03,2019010301003646,MEGA,34,17,16,171.00,"2,736.00"
2019-01-03,2019010301003572,MEGA,34,19,127,171.00,"21,717.00"
2019-01-03,2019010301003510,MEGA,55,32,300,172.00,"51,600.00"
2019-01-03,2019010301003490,MEGA,34,41,46,171.00,"7,866.00"
2019-01-03,2019010301003268,MEGA,41,32,50,172.00,"8,600.00"
2019-01-03,2019010301003267,MEGA,28,32,647,172.00,"111,284.00"
2019-01-03,2019010301003700,MERO,39,57,16,"1,048.00","16,768.00"
2019-01-03,2019010301003559,MERO,34,17,16,"1,041.00","16,656.00"
2019-01-03,2019010301003511,MERO,25,17,16,"1,040.00","16,640.00"
2019-01-03,2019010301003240,MERO,25,1,100,"1,040.00","104,000.00"
2019-01-03,2019010301003723,MNBBL,26,25,300,347.00,"104,100.00"
2019-01-03,2019010301003613,MNBBL,49,54,423,344.00,"145,512.00"
2019-01-03,2019010301003612,MNBBL,45,54,500,344.00,"172,000.00"
2019-01-03,2019010301003611,MNBBL,58,54,77,345.00,"26,565.00"
2019-01-03,2019010301003582,MNBBL,58,54,210,345.00,"72,450.00"
2019-01-03,2019010301003448,MNBBL,45,54,30,346.00,"10,380.00"
2019-01-03,2019010301003415,MNBBL,25,54,200,346.00,"69,200.00"
2019-01-03,2019010301003362,MNBBL,58,36,213,345.00,"73,485.00"
2019-01-03,2019010301003357,MNBBL,6,54,60,346.00,"20,760.00"
2019-01-03,2019010301003643,NABIL,1,52,100,841.00,"84,100.00"
2019-01-03,2019010301003618,NABIL,6,52,50,842.00,"42,100.00"
2019-01-03,2019010301003617,NABIL,14,52,100,842.00,"84,200.00"
2019-01-03,2019010301003384,NABIL,25,3,"3,000",842.00,"2,526,000.00"
2019-01-03,2019010301003383,NABIL,38,3,200,842.00,"168,400.00"
2019-01-03,2019010301003382,NABIL,22,3,300,843.00,"252,900.00"
2019-01-03,2019010301003342,NABIL,43,49,118,846.00,"99,828.00"
2019-01-03,2019010301003341,NABIL,29,49,82,846.00,"69,372.00"
2019-01-03,2019010301003306,NABIL,17,33,50,847.00,"42,350.00"
2019-01-03,2019010301003381,NABIL,52,3,50,843.00,"42,150.00"
2019-01-03,2019010301003380,NABIL,11,3,50,844.00,"42,200.00"
2019-01-03,2019010301003379,NABIL,57,3,500,845.00,"422,500.00"
2019-01-03,2019010301003378,NABIL,33,3,50,845.00,"42,250.00"
2019-01-03,2019010301003377,NABIL,53,3,100,845.00,"84,500.00"
2019-01-03,2019010301003376,NABIL,43,3,82,846.00,"69,372.00"
2019-01-03,2019010301003575,NADEP,28,21,10,787.00,"7,870.00"
2019-01-03,2019010301003528,NADEP,28,21,10,787.00,"7,870.00"
2019-01-03,2019010301003487,NADEP,28,35,70,787.00,"55,090.00"
2019-01-03,2019010301003457,NADEP,41,21,10,786.00,"7,860.00"
2019-01-03,2019010301003419,NADEP,34,11,130,788.00,"102,440.00"
2019-01-03,2019010301003386,NADEP,41,21,10,786.00,"7,860.00"
2019-01-03,2019010301003359,NADEP,32,21,10,787.00,"7,870.00"
2019-01-03,2019010301003316,NADEP,32,21,10,787.00,"7,870.00"
2019-01-03,2019010301003314,NADEP,7,11,30,788.00,"23,640.00"
2019-01-03,2019010301003304,NADEP,33,11,30,788.00,"23,640.00"
2019-01-03,2019010301003424,NBB,17,56,"1,000",192.00,"192,000.00"
2019-01-03,2019010301003367,NBB,45,56,10,192.00,"1,920.00"
2019-01-03,2019010301003634,NBL,26,32,230,309.00,"71,070.00"
2019-01-03,2019010301003633,NBL,26,44,"2,000",309.00,"618,000.00"
2019-01-03,2019010301003632,NBL,26,41,100,309.00,"30,900.00"
2019-01-03,2019010301003631,NBL,26,22,"1,000",309.00,"309,000.00"
2019-01-03,2019010301003630,NBL,26,57,100,309.00,"30,900.00"
2019-01-03,2019010301003629,NBL,26,44,70,309.00,"21,630.00"
2019-01-03,2019010301003571,NBL,36,44,200,309.00,"61,800.00"
2019-01-03,2019010301003508,NBL,13,44,100,309.00,"30,900.00"
2019-01-03,2019010301003404,NBL,17,44,"1,000",309.00,"309,000.00"
2019-01-03,2019010301003694,NCCB,34,58,10,213.00,"2,130.00"
2019-01-03,2019010301003679,NCCB,58,46,10,215.00,"2,150.00"
2019-01-03,2019010301003662,NCCB,34,32,10,213.00,"2,130.00"
2019-01-03,2019010301003645,NCCB,34,58,500,214.00,"107,000.00"
2019-01-03,2019010301003577,NCCB,33,57,100,214.00,"21,400.00"
2019-01-03,2019010301003545,NCCB,58,46,10,215.00,"2,150.00"
2019-01-03,2019010301003414,NCCB,32,43,148,214.00,"31,672.00"
2019-01-03,2019010301003413,NCCB,32,10,251,214.00,"53,714.00"
2019-01-03,2019010301003412,NCCB,32,45,600,214.00,"128,400.00"
2019-01-03,2019010301003411,NCCB,32,44,478,214.00,"102,292.00"
2019-01-03,2019010301003443,NCCB,1,49,488,214.00,"104,432.00"
2019-01-03,2019010301003428,NCCB,1,41,210,214.00,"44,940.00"
2019-01-03,2019010301003427,NCCB,1,1,200,214.00,"42,800.00"
2019-01-03,2019010301003426,NCCB,1,29,102,214.00,"21,828.00"
2019-01-03,2019010301003423,NCCB,1,29,398,214.00,"85,172.00"
2019-01-03,2019010301003422,NCCB,1,43,602,214.00,"128,828.00"
2019-01-03,2019010301003542,NCCB,17,57,388,214.00,"83,032.00"
2019-01-03,2019010301003520,NCCB,17,35,500,214.00,"107,000.00"
2019-01-03,2019010301003483,NCCB,17,36,100,214.00,"21,400.00"
2019-01-03,2019010301003479,NCCB,17,44,12,214.00,"2,568.00"
2019-01-03,2019010301003460,NCCB,32,44,988,214.00,"211,432.00"
2019-01-03,2019010301003444,NCCB,32,49,12,214.00,"2,568.00"
2019-01-03,2019010301003334,NGPL,42,22,93,125.00,"11,625.00"
2019-01-03,2019010301003333,NGPL,42,22,93,125.00,"11,625.00"
2019-01-03,2019010301003332,NGPL,42,40,11,125.00,"1,375.00"
2019-01-03,2019010301003232,NHPC,37,22,50,69.00,"3,450.00"
2019-01-03,2019010301003231,NHPC,14,22,250,69.00,"17,250.00"
2019-01-03,2019010301003540,NIB,49,45,200,550.00,"110,000.00"
2019-01-03,2019010301003349,NIB,47,47,25,548.00,"13,700.00"
2019-01-03,2019010301003348,NIB,19,47,100,548.00,"54,800.00"
2019-01-03,2019010301003347,NIB,45,47,100,548.00,"54,800.00"
2019-01-03,2019010301003346,NIB,57,47,100,548.00,"54,800.00"
2019-01-03,2019010301003345,NIB,5,47,"1,175",548.00,"643,900.00"
2019-01-03,2019010301003686,NICA,54,34,250,383.00,"95,750.00"
2019-01-03,2019010301003680,NICA,17,34,500,382.00,"191,000.00"
2019-01-03,2019010301003588,NICA,17,5,275,382.00,"105,050.00"
2019-01-03,2019010301003552,NICA,17,43,150,382.00,"57,300.00"
2019-01-03,2019010301003402,NICA,34,11,166,381.00,"63,246.00"
2019-01-03,2019010301003401,NICA,55,11,40,381.00,"15,240.00"
2019-01-03,2019010301003400,NICA,13,11,200,382.00,"76,400.00"
2019-01-03,2019010301003368,NICA,55,36,96,381.00,"36,576.00"
2019-01-03,2019010301003666,NICL,22,45,80,564.00,"45,120.00"
2019-01-03,2019010301003450,NICL,57,34,200,563.00,"112,600.00"
2019-01-03,2019010301003394,NICL,57,25,10,563.00,"5,630.00"
2019-01-03,2019010301003678,NIL,45,21,100,545.00,"54,500.00"
2019-01-03,2019010301003434,NIL,22,7,185,544.00,"100,640.00"
2019-01-03,2019010301003433,NIL,36,7,15,544.00,"8,160.00"
2019-01-03,2019010301003291,NIL,36,28,35,544.00,"19,040.00"
2019-01-03,2019010301003290,NIL,14,28,50,544.00,"27,200.00"
2019-01-03,2019010301003289,NIL,26,28,15,544.00,"8,160.00"
2019-01-03,2019010301003264,NIL,45,56,345,545.00,"188,025.00"
2019-01-03,2019010301003262,NLG,40,43,100,862.00,"86,200.00"
2019-01-03,2019010301003261,NLG,45,43,93,863.00,"80,259.00"
2019-01-03,2019010301003596,NLIC,21,21,3,"1,090.00","3,270.00"
2019-01-03,2019010301003476,NLIC,42,1,19,"1,112.00","21,128.00"
2019-01-03,2019010301003442,NLIC,42,39,177,"1,112.00","196,824.00"
2019-01-03,2019010301003441,NLIC,42,45,200,"1,112.00","222,400.00"
2019-01-03,2019010301003440,NLIC,42,34,17,"1,111.00","18,887.00"
2019-01-03,2019010301003439,NLIC,42,39,17,"1,111.00","18,887.00"
2019-01-03,2019010301003276,NLIC,48,56,100,"1,110.00","111,000.00"
2019-01-03,2019010301003438,NLIC,42,41,20,"1,111.00","22,220.00"
2019-01-03,2019010301003437,NLIC,42,7,100,"1,111.00","111,100.00"
2019-01-03,2019010301003436,NLIC,42,14,50,"1,110.00","55,500.00"
2019-01-03,2019010301003385,NLIC,34,36,35,"1,108.00","38,780.00"
2019-01-03,2019010301003361,NLIC,45,16,100,"1,110.00","111,000.00"
2019-01-03,2019010301003344,NLIC,21,21,3,"1,088.00","3,264.00"
2019-01-03,2019010301003711,NLICL,33,3,180,713.00,"128,340.00"
2019-01-03,2019010301003693,NLICL,43,5,400,710.00,"284,000.00"
2019-01-03,2019010301003576,NLICL,34,39,50,711.00,"35,550.00"
2019-01-03,2019010301003547,NLICL,33,33,3,711.00,"2,133.00"
2019-01-03,2019010301003229,NLICL,33,45,500,711.00,"355,500.00"
2019-01-03,2019010301003228,NLICL,33,58,20,711.00,"14,220.00"
2019-01-03,2019010301003517,NMB,42,21,500,323.00,"161,500.00"
2019-01-03,2019010301003516,NMB,42,57,100,323.00,"32,300.00"
2019-01-03,2019010301003515,NMB,42,41,200,323.00,"64,600.00"
2019-01-03,2019010301003514,NMB,42,58,317,323.00,"102,391.00"
2019-01-03,2019010301003513,NMB,42,4,150,322.00,"48,300.00"
2019-01-03,2019010301003512,NMB,42,14,126,322.00,"40,572.00"
2019-01-03,2019010301003416,NMB,51,14,10,322.00,"3,220.00"
2019-01-03,2019010301003405,NMB,51,36,24,321.00,"7,704.00"
2019-01-03,2019010301003395,NMB,17,36,162,321.00,"52,002.00"
2019-01-03,2019010301003390,NMB,51,14,10,322.00,"3,220.00"
2019-01-03,2019010301003351,NMB,17,47,838,321.00,"268,998.00"
2019-01-03,2019010301003244,NMB,42,47,100,321.00,"32,100.00"
2019-01-03,2019010301003239,NMBHF1,56,34,"1,248",9.02,"11,256.96"
2019-01-03,2019010301003590,NMBSF1,25,52,"8,700",10.75,"93,525.00"
2019-01-03,2019010301003589,NMBSF1,4,52,"1,100",10.78,"11,858.00"
2019-01-03,2019010301003610,NSEWA,58,39,10,575.00,"5,750.00"
2019-01-03,2019010301003609,NSEWA,58,39,10,575.00,"5,750.00"
2019-01-03,2019010301003587,NSEWA,14,25,27,570.00,"15,390.00"
2019-01-03,2019010301003586,NSEWA,58,25,103,571.00,"58,813.00"
2019-01-03,2019010301003585,NSEWA,32,25,50,571.00,"28,550.00"
2019-01-03,2019010301003584,NSEWA,48,25,20,572.00,"11,440.00"
2019-01-03,2019010301003392,NSEWA,17,52,10,571.00,"5,710.00"
2019-01-03,2019010301003538,NUBL,42,39,100,769.00,"76,900.00"
2019-01-03,2019010301003465,NUBL,17,17,7,760.00,"5,320.00"
2019-01-03,2019010301003288,NUBL,42,59,50,768.00,"38,400.00"
2019-01-03,2019010301003473,OHL,56,32,40,436.00,"17,440.00"
2019-01-03,2019010301003472,OHL,33,32,50,437.00,"21,850.00"
2019-01-03,2019010301003295,OHL,59,32,500,436.00,"218,000.00"
2019-01-03,2019010301003294,OHL,56,32,500,437.00,"218,500.00"
2019-01-03,2019010301003293,OHL,33,32,23,438.00,"10,074.00"
2019-01-03,2019010301003292,OHL,55,32,37,439.00,"16,243.00"
2019-01-03,2019010301003704,PCBL,45,40,50,333.00,"16,650.00"
2019-01-03,2019010301003403,PCBL,34,40,329,333.00,"109,557.00"
2019-01-03,2019010301003408,PFL,14,33,41,137.00,"5,617.00"
2019-01-03,2019010301003233,PIC,42,19,20,"1,020.00","20,400.00"
2019-01-03,2019010301003625,PICL,53,5,40,706.00,"28,240.00"
2019-01-03,2019010301003624,PICL,22,5,50,707.00,"35,350.00"
2019-01-03,2019010301003657,PLIC,49,51,100,500.00,"50,000.00"
2019-01-03,2019010301003656,PLIC,16,51,200,501.00,"100,200.00"
2019-01-03,2019010301003504,PLIC,16,45,500,501.00,"250,500.00"
2019-01-03,2019010301003399,PLIC,49,28,100,500.00,"50,000.00"
2019-01-03,2019010301003224,PLIC,38,49,200,498.00,"99,600.00"
2019-01-03,2019010301003655,PMHPL,10,25,100,116.00,"11,600.00"
2019-01-03,2019010301003637,PMHPL,10,21,10,114.00,"1,140.00"
2019-01-03,2019010301003541,PMHPL,10,21,10,114.00,"1,140.00"
2019-01-03,2019010301003464,PMHPL,10,21,10,114.00,"1,140.00"
2019-01-03,2019010301003398,PMHPL,10,21,10,114.00,"1,140.00"
2019-01-03,2019010301003369,PMHPL,10,21,10,114.00,"1,140.00"
2019-01-03,2019010301003407,PRVU,13,36,433,246.00,"106,518.00"
2019-01-03,2019010301003406,PRVU,13,36,14,246.00,"3,444.00"
2019-01-03,2019010301003356,PRVU,13,51,50,246.00,"12,300.00"
2019-01-03,2019010301003257,PRVU,38,11,100,246.00,"24,600.00"
2019-01-03,2019010301003256,PRVU,17,11,347,246.00,"85,362.00"
2019-01-03,2019010301003279,PRVU,21,11,50,246.00,"12,300.00"
2019-01-03,2019010301003352,PRVU,13,11,503,246.00,"123,738.00"
2019-01-03,2019010301003313,PRVU,13,5,80,245.00,"19,600.00"
2019-01-03,2019010301003312,PRVU,38,5,500,245.00,"122,500.00"
2019-01-03,2019010301003311,PRVU,21,5,500,245.00,"122,500.00"
2019-01-03,2019010301003310,PRVU,56,5,100,245.00,"24,500.00"
2019-01-03,2019010301003309,PRVU,42,5,20,245.00,"4,900.00"
2019-01-03,2019010301003644,RADHI,50,21,11,165.00,"1,815.00"
2019-01-03,2019010301003578,RADHI,50,21,11,165.00,"1,815.00"
2019-01-03,2019010301003546,RADHI,50,41,11,165.00,"1,815.00"
2019-01-03,2019010301003323,RADHI,50,21,11,165.00,"1,815.00"
2019-01-03,2019010301003372,RHPC,38,57,24,100.00,"2,400.00"
2019-01-03,2019010301003371,RHPC,38,38,58,100.00,"5,800.00"
2019-01-03,2019010301003370,RHPC,38,17,18,100.00,"1,800.00"
2019-01-03,2019010301003237,RSDC,50,53,165,394.00,"65,010.00"
2019-01-03,2019010301003236,RSDC,6,53,50,395.00,"19,750.00"
2019-01-03,2019010301003558,SADBL,59,32,822,136.00,"111,792.00"
2019-01-03,2019010301003557,SADBL,7,32,178,136.00,"24,208.00"
2019-01-03,2019010301003635,SANIMA,34,45,466,308.00,"143,528.00"
2019-01-03,2019010301003628,SANIMA,34,37,811,307.00,"248,977.00"
2019-01-03,2019010301003477,SANIMA,42,37,20,308.00,"6,160.00"
2019-01-03,2019010301003375,SANIMA,18,37,100,308.00,"30,800.00"
2019-01-03,2019010301003374,SANIMA,34,37,465,308.00,"143,220.00"
2019-01-03,2019010301003271,SANIMA,34,5,35,308.00,"10,780.00"
2019-01-03,2019010301003270,SANIMA,36,5,500,308.00,"154,000.00"
2019-01-03,2019010301003269,SANIMA,17,5,65,308.00,"20,020.00"
2019-01-03,2019010301003661,SBBLJ,29,41,915,202.00,"184,830.00"
2019-01-03,2019010301003660,SBBLJ,29,41,100,203.00,"20,300.00"
2019-01-03,2019010301003659,SBBLJ,34,41,100,203.00,"20,300.00"
2019-01-03,2019010301003616,SBI,28,6,171,391.00,"66,861.00"
2019-01-03,2019010301003615,SBI,25,6,400,392.00,"156,800.00"
2019-01-03,2019010301003421,SBI,25,52,100,392.00,"39,200.00"
2019-01-03,2019010301003420,SBI,10,52,100,392.00,"39,200.00"
2019-01-03,2019010301003418,SBI,38,56,71,394.00,"27,974.00"
2019-01-03,2019010301003373,SBI,42,56,40,394.00,"15,760.00"
2019-01-03,2019010301003315,SBI,11,56,100,394.00,"39,400.00"
2019-01-03,2019010301003275,SBI,42,56,27,394.00,"10,638.00"
2019-01-03,2019010301003720,SBL,21,43,100,292.00,"29,200.00"
2019-01-03,2019010301003719,SBL,43,43,200,292.00,"58,400.00"
2019-01-03,2019010301003718,SBL,17,43,"1,000",292.00,"292,000.00"
2019-01-03,2019010301003717,SBL,53,43,200,292.00,"58,400.00"
2019-01-03,2019010301003716,SBL,39,43,240,292.00,"70,080.00"
2019-01-03,2019010301003715,SBL,54,43,"1,000",292.00,"292,000.00"
2019-01-03,2019010301003234,SBL,21,33,102,293.00,"29,886.00"
2019-01-03,2019010301003254,SBL,56,5,"1,000",292.00,"292,000.00"
2019-01-03,2019010301003253,SBL,21,5,115,293.00,"33,695.00"
2019-01-03,2019010301003252,SBL,58,5,200,293.00,"58,600.00"
2019-01-03,2019010301003251,SBL,36,5,500,293.00,"146,500.00"
2019-01-03,2019010301003250,SBL,19,5,96,293.00,"28,128.00"
2019-01-03,2019010301003235,SBL,19,33,149,293.00,"43,657.00"
2019-01-03,2019010301003714,SBL,57,43,86,292.00,"25,112.00"
2019-01-03,2019010301003713,SBL,54,43,474,293.00,"138,882.00"
2019-01-03,2019010301003712,SBL,36,43,23,294.00,"6,762.00"
2019-01-03,2019010301003523,SBL,36,49,77,294.00,"22,638.00"
2019-01-03,2019010301003480,SBL,57,59,325,292.00,"94,900.00"
2019-01-03,2019010301003255,SBL,57,5,"1,089",292.00,"317,988.00"
2019-01-03,2019010301003550,SEF,43,36,500,9.15,"4,575.00"
2019-01-03,2019010301003503,SEF,51,38,"2,500",9.20,"23,000.00"
2019-01-03,2019010301003683,SHINE,29,49,65,240.00,"15,600.00"
2019-01-03,2019010301003682,SHINE,34,49,100,241.00,"24,100.00"
2019-01-03,2019010301003681,SHINE,34,49,117,243.00,"28,431.00"
2019-01-03,2019010301003606,SHINE,34,49,139,243.00,"33,777.00"
2019-01-03,2019010301003605,SHINE,26,49,143,244.00,"34,892.00"
2019-01-03,2019010301003455,SHINE,28,28,12,247.00,"2,964.00"
2019-01-03,2019010301003410,SHINE,26,36,157,244.00,"38,308.00"
2019-01-03,2019010301003409,SHINE,28,36,123,245.00,"30,135.00"
2019-01-03,2019010301003501,SHPC,17,49,766,230.00,"176,180.00"
2019-01-03,2019010301003393,SHPC,17,49,234,230.00,"53,820.00"
2019-01-03,2019010301003249,SHPC,17,28,52,229.00,"11,908.00"
2019-01-03,2019010301003248,SHPC,57,28,100,229.00,"22,900.00"
2019-01-03,2019010301003247,SHPC,53,28,200,229.00,"45,800.00"
2019-01-03,2019010301003246,SHPC,21,28,200,229.00,"45,800.00"
2019-01-03,2019010301003245,SHPC,49,28,98,229.00,"22,442.00"
2019-01-03,2019010301003507,SKBBL,33,57,32,"1,051.00","33,632.00"
2019-01-03,2019010301003496,SKBBL,45,57,20,"1,051.00","21,020.00"
2019-01-03,2019010301003493,SKBBL,53,57,48,"1,051.00","50,448.00"
2019-01-03,2019010301003470,SKBBL,53,11,240,"1,051.00","252,240.00"
2019-01-03,2019010301003469,SKBBL,22,11,10,"1,051.00","10,510.00"
2019-01-03,2019010301003468,SKBBL,51,11,100,"1,052.00","105,200.00"
2019-01-03,2019010301003467,SKBBL,34,11,50,"1,054.00","52,700.00"
2019-01-03,2019010301003466,SKBBL,4,11,100,"1,055.00","105,500.00"
2019-01-03,2019010301003340,SKBBL,53,5,250,"1,056.00","264,000.00"
2019-01-03,2019010301003339,SKBBL,55,5,50,"1,056.00","52,800.00"
2019-01-03,2019010301003338,SKBBL,42,5,200,"1,057.00","211,400.00"
2019-01-03,2019010301003431,SLBBL,28,42,30,546.00,"16,380.00"
2019-01-03,2019010301003685,SLBS,42,17,18,"1,049.00","18,882.00"
2019-01-03,2019010301003639,SLBS,42,21,10,"1,049.00","10,490.00"
2019-01-03,2019010301003549,SLBS,42,17,200,"1,064.00","212,800.00"
2019-01-03,2019010301003548,SLBS,42,56,15,"1,060.00","15,900.00"
2019-01-03,2019010301003684,SLICL,39,4,90,556.00,"50,040.00"
2019-01-03,2019010301003653,SLICL,39,5,30,556.00,"16,680.00"
2019-01-03,2019010301003652,SLICL,58,5,20,557.00,"11,140.00"
2019-01-03,2019010301003425,SLICL,39,36,61,556.00,"33,916.00"
2019-01-03,2019010301003343,SLICL,39,1,62,555.00,"34,410.00"
2019-01-03,2019010301003329,SLICL,22,1,438,555.00,"243,090.00"
2019-01-03,2019010301003321,SLICL,22,1,62,555.00,"34,410.00"
2019-01-03,2019010301003320,SLICL,36,1,178,555.00,"98,790.00"
2019-01-03,2019010301003319,SLICL,45,1,20,555.00,"11,100.00"
2019-01-03,2019010301003318,SLICL,59,1,90,556.00,"50,040.00"
2019-01-03,2019010301003317,SLICL,16,1,150,557.00,"83,550.00"
2019-01-03,2019010301003553,SRBL,26,21,69,215.00,"14,835.00"
2019-01-03,2019010301003495,SRBL,26,28,466,215.00,"100,190.00"
2019-01-03,2019010301003494,SRBL,26,36,500,215.00,"107,500.00"
2019-01-03,2019010301003243,SRBL,26,33,903,215.00,"194,145.00"
2019-01-03,2019010301003565,SWBBL,16,43,177,855.00,"151,335.00"
2019-01-03,2019010301003564,SWBBL,13,43,20,855.00,"17,100.00"
2019-01-03,2019010301003563,SWBBL,42,43,88,856.00,"75,328.00"
2019-01-03,2019010301003556,SWBBL,42,48,112,856.00,"95,872.00"
2019-01-03,2019010301003555,SWBBL,53,48,388,856.00,"332,128.00"
2019-01-03,2019010301003554,SWBBL,53,48,100,857.00,"85,700.00"
2019-01-03,2019010301003458,TRH,33,48,10,246.00,"2,460.00"
2019-01-03,2019010301003397,TRH,45,48,500,242.00,"121,000.00"
2019-01-03,2019010301003710,UIC,16,42,20,814.00,"16,280.00"
2019-01-03,2019010301003698,UIC,16,48,41,810.00,"33,210.00"
2019-01-03,2019010301003668,UIC,7,6,300,807.00,"242,100.00"
2019-01-03,2019010301003667,UIC,7,41,180,805.00,"144,900.00"
2019-01-03,2019010301003620,UIC,16,41,10,805.00,"8,050.00"
2019-01-03,2019010301003619,UIC,16,33,50,804.00,"40,200.00"
2019-01-03,2019010301003525,UIC,39,38,90,798.00,"71,820.00"
2019-01-03,2019010301003456,UIC,16,34,100,791.00,"79,100.00"
2019-01-03,2019010301003299,UIC,38,13,11,790.00,"8,690.00"
2019-01-03,2019010301003532,UIC,5,5,500,790.00,"395,000.00"
2019-01-03,2019010301003531,UIC,58,5,20,790.00,"15,800.00"
2019-01-03,2019010301003530,UIC,38,5,229,790.00,"180,910.00"
2019-01-03,2019010301003529,UIC,16,5,200,791.00,"158,200.00"
2019-01-03,2019010301003527,UIC,39,40,274,800.00,"219,200.00"
2019-01-03,2019010301003526,UIC,39,36,136,799.00,"108,664.00"
2019-01-03,2019010301003573,UIC,16,40,26,800.00,"20,800.00"
2019-01-03,2019010301003537,UIC,16,5,341,789.00,"269,049.00"
2019-01-03,2019010301003536,UIC,16,5,300,789.00,"236,700.00"
2019-01-03,2019010301003535,UIC,16,5,700,789.00,"552,300.00"
2019-01-03,2019010301003534,UIC,7,5,200,789.00,"157,800.00"
2019-01-03,2019010301003533,UIC,49,5,10,789.00,"7,890.00"
2019-01-03,2019010301003492,UMHL,41,59,300,126.00,"37,800.00"
2019-01-03,2019010301003491,UMHL,41,11,400,125.00,"50,000.00"
2019-01-03,2019010301003446,UMHL,13,43,28,124.00,"3,472.00"
2019-01-03,2019010301003430,UMHL,13,43,28,124.00,"3,472.00"
2019-01-03,2019010301003360,UMHL,42,11,100,125.00,"12,500.00"
2019-01-03,2019010301003189,ADBL,16,34,24,345.00,"8,280.00"
2019-01-03,2019010301003146,ADBL,6,43,307,346.00,"106,222.00"
2019-01-03,2019010301003145,ADBL,45,43,500,346.00,"173,000.00"
2019-01-03,2019010301002916,ADBL,16,48,300,345.00,"103,500.00"
2019-01-03,2019010301002979,AKJCL,55,5,10,93.00,930.00
2019-01-03,2019010301002934,AKPL,42,22,23,185.00,"4,255.00"
2019-01-03,2019010301002869,AKPL,42,42,26,185.00,"4,810.00"
2019-01-03,2019010301002867,AKPL,39,39,10,184.00,"1,840.00"
2019-01-03,2019010301002728,AKPL,33,49,50,183.00,"9,150.00"
2019-01-03,2019010301002727,AKPL,19,49,50,184.00,"9,200.00"
2019-01-03,2019010301003190,ALICL,33,56,100,614.00,"61,400.00"
2019-01-03,2019010301002962,ALICL,13,46,17,615.00,"10,455.00"
2019-01-03,2019010301002933,ALICL,55,14,19,609.00,"11,571.00"
2019-01-03,2019010301002862,ALICL,45,46,13,615.00,"7,995.00"
2019-01-03,2019010301002861,ALICL,45,45,200,615.00,"123,000.00"
2019-01-03,2019010301002860,ALICL,45,43,100,615.00,"61,500.00"
2019-01-03,2019010301002756,ALICL,33,6,24,613.00,"14,712.00"
2019-01-03,2019010301002733,ALICL,51,51,28,613.00,"17,164.00"
2019-01-03,2019010301002853,ALICL,45,43,31,615.00,"19,065.00"
2019-01-03,2019010301002852,ALICL,45,43,31,615.00,"19,065.00"
2019-01-03,2019010301002851,ALICL,45,43,62,615.00,"38,130.00"
2019-01-03,2019010301002850,ALICL,45,56,200,614.00,"122,800.00"
2019-01-03,2019010301002849,ALICL,45,50,46,614.00,"28,244.00"
2019-01-03,2019010301002809,ALICL,51,58,20,612.00,"12,240.00"
2019-01-03,2019010301002859,ALICL,45,43,62,615.00,"38,130.00"
2019-01-03,2019010301002858,ALICL,45,43,31,615.00,"19,065.00"
2019-01-03,2019010301002857,ALICL,45,43,46,615.00,"28,290.00"
2019-01-03,2019010301002856,ALICL,45,43,78,615.00,"47,970.00"
2019-01-03,2019010301002855,ALICL,45,43,48,615.00,"29,520.00"
2019-01-03,2019010301002854,ALICL,45,43,52,615.00,"31,980.00"
2019-01-03,2019010301003087,AMFI,19,53,90,706.00,"63,540.00"
2019-01-03,2019010301003086,AMFI,19,37,10,705.00,"7,050.00"
2019-01-03,2019010301003135,API,25,47,50,159.00,"7,950.00"
2019-01-03,2019010301003108,API,45,48,100,157.00,"15,700.00"
2019-01-03,2019010301003034,API,25,47,50,159.00,"7,950.00"
2019-01-03,2019010301003026,API,45,25,"1,800",157.00,"282,600.00"
2019-01-03,2019010301003025,API,59,25,200,157.00,"31,400.00"
2019-01-03,2019010301002915,API,25,47,69,159.00,"10,971.00"
2019-01-03,2019010301002794,API,25,7,100,157.00,"15,700.00"
2019-01-03,2019010301002779,API,40,7,300,157.00,"47,100.00"
2019-01-03,2019010301002763,API,40,51,200,158.00,"31,600.00"
2019-01-03,2019010301003035,BOKL,7,48,199,329.00,"65,471.00"
2019-01-03,2019010301002998,BOKL,45,1,111,330.00,"36,630.00"
2019-01-03,2019010301002997,BOKL,45,10,89,330.00,"29,370.00"
2019-01-03,2019010301002948,BOKL,22,10,200,330.00,"66,000.00"
2019-01-03,2019010301002930,BOKL,11,10,100,330.00,"33,000.00"
2019-01-03,2019010301002829,BPCL,46,5,60,373.00,"22,380.00"
2019-01-03,2019010301002828,BPCL,37,5,40,374.00,"14,960.00"
2019-01-03,2019010301002827,BPCL,5,5,150,375.00,"56,250.00"
2019-01-03,2019010301003036,CBBL,53,57,100,858.00,"85,800.00"
2019-01-03,2019010301002935,CBBL,37,37,50,855.00,"42,750.00"
2019-01-03,2019010301002784,CBBL,45,57,100,858.00,"85,800.00"
2019-01-03,2019010301003143,CBL,17,49,500,162.00,"81,000.00"
2019-01-03,2019010301002804,CBL,38,21,199,163.00,"32,437.00"
2019-01-03,2019010301002731,CBL,38,19,101,163.00,"16,463.00"
2019-01-03,2019010301003195,CCBL,41,29,100,169.00,"16,900.00"
2019-01-03,2019010301003194,CCBL,19,29,51,169.00,"8,619.00"
2019-01-03,2019010301003028,CCBL,38,36,25,170.00,"4,250.00"
2019-01-03,2019010301003027,CCBL,38,38,55,170.00,"9,350.00"
2019-01-03,2019010301002968,CCBL,25,47,100,169.00,"16,900.00"
2019-01-03,2019010301002967,CCBL,45,47,"1,000",169.00,"169,000.00"
2019-01-03,2019010301002741,CCBL,17,58,41,169.00,"6,929.00"
2019-01-03,2019010301002925,CCBL,11,38,45,170.00,"7,650.00"
2019-01-03,2019010301002868,CCBL,46,42,175,170.00,"29,750.00"
2019-01-03,2019010301002792,CCBL,7,42,246,170.00,"41,820.00"
2019-01-03,2019010301002791,CCBL,7,13,139,170.00,"23,630.00"
2019-01-03,2019010301002790,CCBL,7,39,15,170.00,"2,550.00"
2019-01-03,2019010301002742,CCBL,52,58,79,169.00,"13,351.00"
2019-01-03,2019010301002966,CCBL,19,47,100,169.00,"16,900.00"
2019-01-03,2019010301002965,CCBL,25,47,"1,000",169.00,"169,000.00"
2019-01-03,2019010301002964,CCBL,25,47,459,169.00,"77,571.00"
2019-01-03,2019010301002954,CCBL,25,22,41,169.00,"6,929.00"
2019-01-03,2019010301002953,CCBL,38,22,500,169.00,"84,500.00"
2019-01-03,2019010301002952,CCBL,52,22,421,169.00,"71,149.00"
2019-01-03,2019010301002921,CHCL,58,36,10,553.00,"5,530.00"
2019-01-03,2019010301002920,CHCL,17,36,40,554.00,"22,160.00"
2019-01-03,2019010301002883,CHCL,19,55,375,555.00,"208,125.00"
2019-01-03,2019010301002848,CHCL,17,57,50,554.00,"27,700.00"
2019-01-03,2019010301002847,CHCL,17,19,10,554.00,"5,540.00"
2019-01-03,2019010301002881,CHL,39,39,10,103.00,"1,030.00"
2019-01-03,2019010301003075,CIT,57,25,10,"2,092.00","20,920.00"
2019-01-03,2019010301003074,CIT,16,26,10,"2,100.00","21,000.00"
2019-01-03,2019010301003052,CIT,22,25,20,"2,092.00","41,840.00"
2019-01-03,2019010301002888,CIT,47,5,20,"2,090.00","41,800.00"
2019-01-03,2019010301002886,CIT,16,6,50,"2,091.00","104,550.00"
2019-01-03,2019010301002846,CIT,16,6,40,"2,091.00","83,640.00"
2019-01-03,2019010301002845,CIT,1,6,20,"2,091.00","41,820.00"
2019-01-03,2019010301002844,CIT,25,6,50,"2,092.00","104,600.00"
2019-01-03,2019010301002843,CIT,43,6,40,"2,095.00","83,800.00"
2019-01-03,2019010301002838,CIT,18,52,20,"2,100.00","42,000.00"
2019-01-03,2019010301002734,CIT,22,52,20,"2,100.00","42,000.00"
2019-01-03,2019010301003148,CZBIL,44,33,168,212.00,"35,616.00"
2019-01-03,2019010301003147,CZBIL,5,33,25,212.00,"5,300.00"
2019-01-03,2019010301003219,DBBL,32,35,431,126.00,"54,306.00"
2019-01-03,2019010301003153,DBBL,21,35,200,126.00,"25,200.00"
2019-01-03,2019010301003152,DBBL,32,35,369,126.00,"46,494.00"
2019-01-03,2019010301003002,DBBL,32,58,131,126.00,"16,506.00"
2019-01-03,2019010301003001,DBBL,57,58,79,126.00,"9,954.00"
2019-01-03,2019010301002781,DDBL,37,6,100,640.00,"64,000.00"
2019-01-03,2019010301002780,DDBL,7,6,30,645.00,"19,350.00"
2019-01-03,2019010301002936,DHPL,16,6,10,100.00,"1,000.00"
2019-01-03,2019010301002899,EBL,56,48,50,535.00,"26,750.00"
2019-01-03,2019010301002898,EBL,41,48,50,535.00,"26,750.00"
2019-01-03,2019010301002787,EIC,19,55,10,840.00,"8,400.00"
2019-01-03,2019010301002786,EIC,26,55,50,842.00,"42,100.00"
2019-01-03,2019010301003104,FMDBL,14,53,100,385.00,"38,500.00"
2019-01-03,2019010301002972,FMDBL,53,34,50,384.00,"19,200.00"
2019-01-03,2019010301002955,FMDBL,14,53,110,385.00,"42,350.00"
2019-01-03,2019010301002795,FMDBL,14,57,189,384.00,"72,576.00"
2019-01-03,2019010301002900,FOWAD,11,37,15,"1,500.00","22,500.00"
2019-01-03,2019010301003208,GBBL,45,43,53,191.00,"10,123.00"
2019-01-03,2019010301003089,GBBL,45,38,256,191.00,"48,896.00"
2019-01-03,2019010301002818,GBBL,45,20,732,190.00,"139,080.00"
2019-01-03,2019010301002817,GBBL,59,20,100,190.00,"19,000.00"
2019-01-03,2019010301002816,GBBL,48,20,"1,000",190.00,"190,000.00"
2019-01-03,2019010301002815,GBBL,58,20,17,190.00,"3,230.00"
2019-01-03,2019010301003092,GBIME,33,6,14,270.00,"3,780.00"
2019-01-03,2019010301002996,GBIME,33,5,11,269.00,"2,959.00"
2019-01-03,2019010301003197,GBLBS,36,40,10,431.00,"4,310.00"
2019-01-03,2019010301003172,GBLBS,33,34,150,434.00,"65,100.00"
2019-01-03,2019010301003144,GBLBS,33,55,70,433.00,"30,310.00"
2019-01-03,2019010301003115,GBLBS,33,14,200,433.00,"86,600.00"
2019-01-03,2019010301003047,GBLBS,36,21,200,431.00,"86,200.00"
2019-01-03,2019010301002914,GBLBS,39,39,10,434.00,"4,340.00"
2019-01-03,2019010301002814,GBLBS,44,44,490,434.00,"212,660.00"
2019-01-03,2019010301003085,GDBL,6,1,"1,000",190.00,"190,000.00"
2019-01-03,2019010301003084,GDBL,45,1,10,190.00,"1,900.00"
2019-01-03,2019010301003083,GDBL,56,1,46,190.00,"8,740.00"
2019-01-03,2019010301002971,GDBL,48,1,"1,041",191.00,"198,831.00"
2019-01-03,2019010301002970,GDBL,28,1,"1,000",192.00,"192,000.00"
2019-01-03,2019010301002969,GDBL,35,1,50,192.00,"9,600.00"
2019-01-03,2019010301003126,GLICL,57,21,63,716.00,"45,108.00"
2019-01-03,2019010301003125,GLICL,6,21,100,717.00,"71,700.00"
2019-01-03,2019010301003124,GLICL,5,21,17,718.00,"12,206.00"
2019-01-03,2019010301003123,GLICL,49,21,20,719.00,"14,380.00"
2019-01-03,2019010301003046,GLICL,5,6,83,718.00,"59,594.00"
2019-01-03,2019010301003009,GLICL,57,39,40,720.00,"28,800.00"
2019-01-03,2019010301003008,GLICL,58,39,282,720.00,"203,040.00"
2019-01-03,2019010301002963,GLICL,58,22,185,720.00,"133,200.00"
2019-01-03,2019010301002957,GLICL,58,6,33,720.00,"23,760.00"
2019-01-03,2019010301003063,GRDBL,45,16,40,109.00,"4,360.00"
2019-01-03,2019010301002990,GUFL,25,28,100,103.00,"10,300.00"
2019-01-03,2019010301003069,HBL,6,58,195,474.00,"92,430.00"
2019-01-03,2019010301003042,HBL,11,7,200,475.00,"95,000.00"
2019-01-03,2019010301002993,HBL,6,19,105,474.00,"49,770.00"
2019-01-03,2019010301002840,HBL,42,19,10,474.00,"4,740.00"
2019-01-03,2019010301002793,HGI,59,42,50,401.00,"20,050.00"
2019-01-03,2019010301002878,IGI,45,55,10,471.00,"4,710.00"
2019-01-03,2019010301003019,JBBL,6,38,266,135.00,"35,910.00"
2019-01-03,2019010301003018,JBBL,26,38,84,135.00,"11,340.00"
2019-01-03,2019010301002960,JBBL,26,6,42,135.00,"5,670.00"
2019-01-03,2019010301002776,JBBL,26,6,10,135.00,"1,350.00"
2019-01-03,2019010301002732,JBBL,26,44,22,135.00,"2,970.00"
2019-01-03,2019010301003218,JBNL,5,11,163,169.00,"27,547.00"
2019-01-03,2019010301003217,JBNL,17,11,837,169.00,"141,453.00"
2019-01-03,2019010301003160,JBNL,17,29,400,169.00,"67,600.00"
2019-01-03,2019010301003053,JBNL,17,26,600,169.00,"101,400.00"
2019-01-03,2019010301003021,JBNL,19,41,51,170.00,"8,670.00"
2019-01-03,2019010301003004,JBNL,11,41,273,170.00,"46,410.00"
2019-01-03,2019010301003003,JBNL,11,48,27,170.00,"4,590.00"
2019-01-03,2019010301002905,JEFL,5,1,310,113.00,"35,030.00"
2019-01-03,2019010301002832,JEFL,5,48,190,113.00,"21,470.00"
2019-01-03,2019010301002831,JEFL,28,48,10,113.00,"1,130.00"
2019-01-03,2019010301002981,KBBL,47,39,300,215.00,"64,500.00"
2019-01-03,2019010301002980,KBBL,47,11,200,214.00,"42,800.00"
2019-01-03,2019010301003072,KBL,44,44,500,246.00,"123,000.00"
2019-01-03,2019010301003071,KBL,44,22,48,246.00,"11,808.00"
2019-01-03,2019010301003005,KBL,13,22,52,246.00,"12,792.00"
2019-01-03,2019010301002887,KBL,44,49,700,246.00,"172,200.00"
2019-01-03,2019010301003193,KKHC,21,37,10,92.00,920.00
2019-01-03,2019010301003192,KKHC,21,44,16,92.00,"1,472.00"
2019-01-03,2019010301003191,KKHC,21,44,10,92.00,920.00
2019-01-03,2019010301003142,KMCDB,21,58,129,"1,010.00","130,290.00"
2019-01-03,2019010301003113,KMCDB,21,35,48,"1,010.00","48,480.00"
2019-01-03,2019010301003112,KMCDB,48,35,70,"1,010.00","70,700.00"
2019-01-03,2019010301002726,KMCDB,18,56,40,"1,016.00","40,640.00"
2019-01-03,2019010301003079,KMCDB,48,45,100,"1,010.00","101,000.00"
2019-01-03,2019010301003014,KMCDB,48,49,30,"1,010.00","30,300.00"
2019-01-03,2019010301003013,KMCDB,22,49,20,"1,010.00","20,200.00"
2019-01-03,2019010301003012,KMCDB,42,49,10,"1,011.00","10,110.00"
2019-01-03,2019010301003011,KMCDB,20,49,30,"1,012.00","30,360.00"
2019-01-03,2019010301003010,KMCDB,18,49,10,"1,016.00","10,160.00"
2019-01-03,2019010301002988,KPCL,34,39,10,101.00,"1,010.00"
2019-01-03,2019010301002956,KPCL,34,39,10,101.00,"1,010.00"
2019-01-03,2019010301002870,KPCL,55,54,10,102.00,"1,020.00"
2019-01-03,2019010301003116,KSBBL,53,38,260,138.00,"35,880.00"
2019-01-03,2019010301003080,KSBBL,34,57,100,136.00,"13,600.00"
2019-01-03,2019010301003049,LBBL,32,49,"1,000",172.00,"172,000.00"
2019-01-03,2019010301003212,LBL,5,49,273,220.00,"60,060.00"
2019-01-03,2019010301003211,LBL,56,49,727,220.00,"159,940.00"
2019-01-03,2019010301003078,LBL,56,10,273,220.00,"60,060.00"
2019-01-03,2019010301002942,LBL,14,17,100,221.00,"22,100.00"
2019-01-03,2019010301002941,LBL,54,17,193,221.00,"42,653.00"
2019-01-03,2019010301002940,LBL,1,17,80,221.00,"17,680.00"
2019-01-03,2019010301002939,LBL,11,17,100,221.00,"22,100.00"
2019-01-03,2019010301002938,LBL,36,17,200,221.00,"44,200.00"
2019-01-03,2019010301002937,LBL,14,17,232,221.00,"51,272.00"
2019-01-03,2019010301002761,LBL,17,17,50,222.00,"11,100.00"
2019-01-03,2019010301003051,LGIL,33,39,200,539.00,"107,800.00"
2019-01-03,2019010301002987,LGIL,57,39,300,536.00,"160,800.00"
2019-01-03,2019010301002770,LGIL,57,6,"1,000",533.00,"533,000.00"
2019-01-03,2019010301002769,LGIL,53,6,50,535.00,"26,750.00"
2019-01-03,2019010301002768,LGIL,21,6,100,535.00,"53,500.00"
2019-01-03,2019010301002767,LGIL,29,6,50,535.00,"26,750.00"
2019-01-03,2019010301002766,LGIL,33,6,200,536.00,"107,200.00"
2019-01-03,2019010301002765,LGIL,14,6,91,536.00,"48,776.00"
2019-01-03,2019010301003188,MBL,28,33,195,207.00,"40,365.00"
2019-01-03,2019010301003187,MBL,34,33,83,207.00,"17,181.00"
2019-01-03,2019010301003175,MBL,34,55,140,207.00,"28,980.00"
2019-01-03,2019010301003107,MBL,34,33,770,207.00,"159,390.00"
2019-01-03,2019010301002978,MBL,34,20,121,207.00,"25,047.00"
2019-01-03,2019010301002977,MBL,34,39,386,207.00,"79,902.00"
2019-01-03,2019010301002976,MBL,37,39,114,207.00,"23,598.00"
2019-01-03,2019010301003181,MEGA,10,21,"1,953",172.00,"335,916.00"
2019-01-03,2019010301003180,MEGA,58,21,500,172.00,"86,000.00"
2019-01-03,2019010301003179,MEGA,47,21,47,172.00,"8,084.00"
2019-01-03,2019010301003044,MEGA,47,5,"1,000",172.00,"172,000.00"
2019-01-03,2019010301002975,MEGA,36,28,200,173.00,"34,600.00"
2019-01-03,2019010301002974,MEGA,36,45,111,173.00,"19,203.00"
2019-01-03,2019010301002746,MEGA,47,58,108,172.00,"18,576.00"
2019-01-03,2019010301002738,MEGA,47,38,345,172.00,"59,340.00"
2019-01-03,2019010301002737,MEGA,39,38,55,172.00,"9,460.00"
2019-01-03,2019010301002736,MEGA,39,58,45,172.00,"7,740.00"
2019-01-03,2019010301002735,MEGA,22,58,63,172.00,"10,836.00"
2019-01-03,2019010301002865,MERO,26,18,19,"1,038.00","19,722.00"
2019-01-03,2019010301002864,MERO,35,18,10,"1,038.00","10,380.00"
2019-01-03,2019010301002863,MERO,32,18,25,"1,048.00","26,200.00"
2019-01-03,2019010301002830,MERO,32,56,25,"1,048.00","26,200.00"
2019-01-03,2019010301003207,MMFDB,34,49,14,999.00,"13,986.00"
2019-01-03,2019010301003206,MMFDB,34,45,100,995.00,"99,500.00"
2019-01-03,2019010301003205,MMFDB,34,21,100,995.00,"99,500.00"
2019-01-03,2019010301003140,MNBBL,56,22,20,345.00,"6,900.00"
2019-01-03,2019010301003082,MNBBL,22,22,80,345.00,"27,600.00"
2019-01-03,2019010301002945,MNBBL,49,54,200,344.00,"68,800.00"
2019-01-03,2019010301002944,MNBBL,28,54,300,344.00,"103,200.00"
2019-01-03,2019010301002943,MNBBL,14,22,100,345.00,"34,500.00"
2019-01-03,2019010301002771,MNBBL,28,6,200,346.00,"69,200.00"
2019-01-03,2019010301002907,MNBBL,35,22,150,345.00,"51,750.00"
2019-01-03,2019010301002835,MNBBL,14,22,100,345.00,"34,500.00"
2019-01-03,2019010301002834,MNBBL,17,22,289,345.00,"99,705.00"
2019-01-03,2019010301002774,MNBBL,17,6,711,345.00,"245,295.00"
2019-01-03,2019010301002773,MNBBL,42,6,100,345.00,"34,500.00"
2019-01-03,2019010301002772,MNBBL,51,6,50,346.00,"17,300.00"
2019-01-03,2019010301003170,MSLB,43,33,20,"1,270.00","25,400.00"
2019-01-03,2019010301002724,MSMBS,35,48,11,540.00,"5,940.00"
2019-01-03,2019010301003141,NABIL,34,33,50,847.00,"42,350.00"
2019-01-03,2019010301002893,NABIL,29,14,180,846.00,"152,280.00"
2019-01-03,2019010301002803,NABIL,39,33,30,847.00,"25,410.00"
2019-01-03,2019010301002802,NABIL,39,57,10,845.00,"8,450.00"
2019-01-03,2019010301002757,NABIL,50,57,50,845.00,"42,250.00"
2019-01-03,2019010301002755,NABIL,1,57,40,845.00,"33,800.00"
2019-01-03,2019010301003158,NABILP,22,34,10,713.00,"7,130.00"
2019-01-03,2019010301003157,NABILP,14,34,20,713.00,"14,260.00"
2019-01-03,2019010301002882,NABILP,45,5,300,715.00,"214,500.00"
2019-01-03,2019010301002892,NADEP,19,46,10,790.00,"7,900.00"
2019-01-03,2019010301002891,NADEP,19,56,10,790.00,"7,900.00"
2019-01-03,2019010301003171,NBB,42,56,100,192.00,"19,200.00"
2019-01-03,2019010301003122,NBB,55,6,26,190.00,"4,940.00"
2019-01-03,2019010301003121,NBB,25,6,"1,500",190.00,"285,000.00"
2019-01-03,2019010301003120,NBB,19,6,200,191.00,"38,200.00"
2019-01-03,2019010301003119,NBB,55,6,500,191.00,"95,500.00"
2019-01-03,2019010301003118,NBB,11,6,200,191.00,"38,200.00"
2019-01-03,2019010301002760,NBB,7,45,344,191.00,"65,704.00"
2019-01-03,2019010301002759,NBB,41,45,200,191.00,"38,200.00"
2019-01-03,2019010301002758,NBB,17,45,156,191.00,"29,796.00"
2019-01-03,2019010301003117,NBB,25,6,574,191.00,"109,634.00"
2019-01-03,2019010301003103,NBB,25,37,780,191.00,"148,980.00"
2019-01-03,2019010301002973,NBB,25,46,202,191.00,"38,582.00"
2019-01-03,2019010301002825,NBB,25,22,444,191.00,"84,804.00"
2019-01-03,2019010301002824,NBB,7,22,56,191.00,"10,696.00"
2019-01-03,2019010301002748,NBBL,58,47,10,763.00,"7,630.00"
2019-01-03,2019010301002745,NBBL,54,47,11,764.00,"8,404.00"
2019-01-03,2019010301003214,NBL,42,44,100,309.00,"30,900.00"
2019-01-03,2019010301003091,NBL,59,44,130,309.00,"40,170.00"
2019-01-03,2019010301002959,NBL,38,44,390,308.00,"120,120.00"
2019-01-03,2019010301002909,NBL,38,46,500,308.00,"154,000.00"
2019-01-03,2019010301002906,NBL,11,44,100,309.00,"30,900.00"
2019-01-03,2019010301002904,NBL,38,48,"1,378",308.00,"424,424.00"
2019-01-03,2019010301002753,NBL,43,35,200,308.00,"61,600.00"
2019-01-03,2019010301002752,NBL,54,35,200,308.00,"61,600.00"
2019-01-03,2019010301002751,NBL,59,35,500,308.00,"154,000.00"
2019-01-03,2019010301002750,NBL,34,35,22,308.00,"6,776.00"
2019-01-03,2019010301002903,NBL,35,48,100,308.00,"30,800.00"
2019-01-03,2019010301002902,NBL,43,48,500,308.00,"154,000.00"
2019-01-03,2019010301002901,NBL,34,48,22,308.00,"6,776.00"
2019-01-03,2019010301002874,NBL,16,44,"1,300",309.00,"401,700.00"
2019-01-03,2019010301002873,NBL,16,49,700,309.00,"216,300.00"
2019-01-03,2019010301002754,NBL,34,35,78,308.00,"24,024.00"
2019-01-03,2019010301003216,NCCB,33,44,"1,000",213.00,"213,000.00"
2019-01-03,2019010301003215,NCCB,33,55,300,213.00,"63,900.00"
2019-01-03,2019010301003037,NCCB,32,53,493,212.00,"104,516.00"
2019-01-03,2019010301002923,NCCB,58,17,"2,500",213.00,"532,500.00"
2019-01-03,2019010301002922,NCCB,58,40,500,213.00,"106,500.00"
2019-01-03,2019010301002880,NCCB,32,34,30,212.00,"6,360.00"
2019-01-03,2019010301003173,NEF,43,50,368,8.30,"3,054.40"
2019-01-03,2019010301003169,NIB,5,38,25,548.00,"13,700.00"
2019-01-03,2019010301003168,NIB,57,38,50,548.00,"27,400.00"
2019-01-03,2019010301003167,NIB,44,38,50,548.00,"27,400.00"
2019-01-03,2019010301003166,NIB,56,38,50,548.00,"27,400.00"
2019-01-03,2019010301003165,NIB,29,38,10,548.00,"5,480.00"
2019-01-03,2019010301003164,NIB,58,38,40,548.00,"21,920.00"
2019-01-03,2019010301002777,NIB,50,45,50,550.00,"27,500.00"
2019-01-03,2019010301003022,NIB,34,45,50,550.00,"27,500.00"
2019-01-03,2019010301002951,NIB,56,34,93,549.00,"51,057.00"
2019-01-03,2019010301002950,NIB,35,34,200,549.00,"109,800.00"
2019-01-03,2019010301002949,NIB,42,34,57,549.00,"31,293.00"
2019-01-03,2019010301002833,NIB,42,25,37,549.00,"20,313.00"
2019-01-03,2019010301002813,NIB,42,22,300,549.00,"164,700.00"
2019-01-03,2019010301003163,NIB,1,38,100,549.00,"54,900.00"
2019-01-03,2019010301003162,NIB,47,38,65,549.00,"35,685.00"
2019-01-03,2019010301003161,NIB,21,38,110,549.00,"60,390.00"
2019-01-03,2019010301003081,NIB,21,16,40,549.00,"21,960.00"
2019-01-03,2019010301003065,NIB,21,56,50,549.00,"27,450.00"
2019-01-03,2019010301003064,NIB,44,56,50,549.00,"27,450.00"
2019-01-03,2019010301003111,NIBPO,36,59,300,489.00,"146,700.00"
2019-01-03,2019010301003183,NICA,55,49,64,381.00,"24,384.00"
2019-01-03,2019010301003182,NICA,17,49,37,381.00,"14,097.00"
2019-01-03,2019010301003136,NICA,45,34,500,382.00,"191,000.00"
2019-01-03,2019010301003073,NICA,57,16,45,382.00,"17,190.00"
2019-01-03,2019010301002877,NICA,45,49,500,383.00,"191,500.00"
2019-01-03,2019010301002876,NICA,45,58,50,383.00,"19,150.00"
2019-01-03,2019010301002744,NICA,45,45,300,383.00,"114,900.00"
2019-01-03,2019010301002743,NICA,45,53,700,383.00,"268,100.00"
2019-01-03,2019010301003223,NICL,22,28,222,561.00,"124,542.00"
2019-01-03,2019010301003222,NICL,21,28,18,561.00,"10,098.00"
2019-01-03,2019010301003221,NICL,19,28,250,562.00,"140,500.00"
2019-01-03,2019010301002866,NICL,42,28,10,565.00,"5,650.00"
2019-01-03,2019010301003201,NIL,45,56,155,545.00,"84,475.00"
2019-01-03,2019010301003200,NIL,45,56,45,545.00,"24,525.00"
2019-01-03,2019010301003185,NIL,45,28,55,545.00,"29,975.00"
2019-01-03,2019010301003184,NIL,58,28,445,545.00,"242,525.00"
2019-01-03,2019010301003156,NIL,58,21,555,545.00,"302,475.00"
2019-01-03,2019010301003007,NIL,42,56,300,546.00,"163,800.00"
2019-01-03,2019010301002799,NIL,35,49,163,547.00,"89,161.00"
2019-01-03,2019010301003093,NLG,45,48,100,863.00,"86,300.00"
2019-01-03,2019010301002796,NLG,41,43,30,870.00,"26,100.00"
2019-01-03,2019010301002788,NLG,41,43,80,870.00,"69,600.00"
2019-01-03,2019010301002749,NLG,41,19,40,870.00,"34,800.00"
2019-01-03,2019010301003159,NLIC,45,49,90,"1,110.00","99,900.00"
2019-01-03,2019010301003155,NLIC,38,25,5,"1,110.00","5,550.00"
2019-01-03,2019010301003154,NLIC,38,40,45,"1,110.00","49,950.00"
2019-01-03,2019010301002926,NLIC,42,56,17,"1,110.00","18,870.00"
2019-01-03,2019010301002836,NLIC,42,58,10,"1,110.00","11,100.00"
2019-01-03,2019010301003015,NLICL,49,5,"1,000",708.00,"708,000.00"
2019-01-03,2019010301002947,NLICL,33,14,200,710.00,"142,000.00"
2019-01-03,2019010301002783,NLICL,55,5,100,709.00,"70,900.00"
2019-01-03,2019010301003210,NMB,45,47,500,321.00,"160,500.00"
2019-01-03,2019010301003209,NMB,28,47,62,321.00,"19,902.00"
2019-01-03,2019010301003203,NMB,28,53,438,321.00,"140,598.00"
2019-01-03,2019010301003202,NMB,57,53,562,321.00,"180,402.00"
2019-01-03,2019010301003132,NMB,57,38,438,321.00,"140,598.00"
2019-01-03,2019010301003131,NMB,1,38,200,321.00,"64,200.00"
2019-01-03,2019010301002927,NMB,17,35,312,322.00,"100,464.00"
2019-01-03,2019010301002884,NMB,17,22,45,322.00,"14,490.00"
2019-01-03,2019010301002798,NMB,50,58,100,323.00,"32,300.00"
2019-01-03,2019010301003130,NMB,52,38,100,321.00,"32,100.00"
2019-01-03,2019010301003129,NMB,56,38,100,322.00,"32,200.00"
2019-01-03,2019010301003128,NMB,22,38,50,322.00,"16,100.00"
2019-01-03,2019010301003127,NMB,29,38,112,322.00,"36,064.00"
2019-01-03,2019010301003006,NMB,29,20,200,322.00,"64,400.00"
2019-01-03,2019010301002928,NMB,29,35,188,322.00,"60,536.00"
2019-01-03,2019010301002785,NSEWA,58,25,177,574.00,"101,598.00"
2019-01-03,2019010301002725,NTC,34,49,40,730.00,"29,200.00"
2019-01-03,2019010301002999,NTC,43,7,275,731.00,"201,025.00"
2019-01-03,2019010301002995,NUBL,17,16,50,768.00,"38,400.00"
2019-01-03,2019010301002994,NUBL,17,45,15,767.00,"11,505.00"
2019-01-03,2019010301002782,NUBL,44,44,"1,000",766.00,"766,000.00"
2019-01-03,2019010301002810,OHL,55,42,63,439.00,"27,657.00"
2019-01-03,2019010301003070,PCBL,34,14,671,333.00,"223,443.00"
2019-01-03,2019010301003045,PCBL,14,48,300,332.00,"99,600.00"
2019-01-03,2019010301003016,PCBL,38,14,500,333.00,"166,500.00"
2019-01-03,2019010301002991,PCBL,35,37,240,332.00,"79,680.00"
2019-01-03,2019010301002961,PCBL,35,20,100,332.00,"33,200.00"
2019-01-03,2019010301002908,PFL,14,49,37,137.00,"5,069.00"
2019-01-03,2019010301003204,PIC,22,34,11,"1,013.00","11,143.00"
2019-01-03,2019010301003174,PIC,32,19,100,"1,020.00","102,000.00"
2019-01-03,2019010301003017,PIC,33,5,10,"1,019.00","10,190.00"
2019-01-03,2019010301002764,PIC,57,58,10,"1,014.00","10,140.00"
2019-01-03,2019010301003106,PICL,53,5,287,706.00,"202,622.00"
2019-01-03,2019010301003105,PICL,49,5,100,706.00,"70,600.00"
2019-01-03,2019010301002889,PLIC,29,28,20,499.00,"9,980.00"
2019-01-03,2019010301002879,PLIC,6,49,29,500.00,"14,500.00"
2019-01-03,2019010301002839,PLIC,6,47,21,500.00,"10,500.00"
2019-01-03,2019010301003000,PMHPL,10,39,10,114.00,"1,140.00"
2019-01-03,2019010301002775,PMHPL,10,13,10,114.00,"1,140.00"
2019-01-03,2019010301003196,PRIN,35,57,100,458.00,"45,800.00"
2019-01-03,2019010301003186,PRIN,14,57,50,458.00,"22,900.00"
2019-01-03,2019010301003114,PRIN,39,28,120,457.00,"54,840.00"
2019-01-03,2019010301003077,PRIN,39,56,200,457.00,"91,400.00"
2019-01-03,2019010301003050,PRIN,39,59,17,457.00,"7,769.00"
2019-01-03,2019010301003024,PRIN,45,53,100,456.00,"45,600.00"
2019-01-03,2019010301003023,PRIN,49,53,50,456.00,"22,800.00"
2019-01-03,2019010301002932,PRIN,49,49,100,456.00,"45,600.00"
2019-01-03,2019010301002797,PRIN,49,42,50,456.00,"22,800.00"
2019-01-03,2019010301003110,PRVU,17,49,253,246.00,"62,238.00"
2019-01-03,2019010301003109,PRVU,5,49,247,246.00,"60,762.00"
2019-01-03,2019010301002872,PRVU,57,28,253,246.00,"62,238.00"
2019-01-03,2019010301002871,PRVU,13,28,747,246.00,"183,762.00"
2019-01-03,2019010301002820,PRVU,13,11,253,246.00,"62,238.00"
2019-01-03,2019010301002819,PRVU,25,11,"1,747",246.00,"429,762.00"
2019-01-03,2019010301002924,PRVU,5,49,700,246.00,"172,200.00"
2019-01-03,2019010301002912,PRVU,5,35,53,246.00,"13,038.00"
2019-01-03,2019010301002911,PRVU,55,35,100,246.00,"24,600.00"
2019-01-03,2019010301002910,PRVU,57,35,47,246.00,"11,562.00"
2019-01-03,2019010301003020,RADHI,41,39,11,167.00,"1,837.00"
2019-01-03,2019010301003220,RMDC,42,34,13,540.00,"7,020.00"
2019-01-03,2019010301003178,RMDC,17,5,500,543.00,"271,500.00"
2019-01-03,2019010301003177,RMDC,37,5,300,543.00,"162,900.00"
2019-01-03,2019010301003176,RMDC,37,5,200,544.00,"108,800.00"
2019-01-03,2019010301003151,RSDC,17,53,80,398.00,"31,840.00"
2019-01-03,2019010301003068,RSDC,17,53,160,398.00,"63,680.00"
2019-01-03,2019010301003067,RSDC,32,53,20,400.00,"8,000.00"
2019-01-03,2019010301002826,RSDC,42,53,20,402.00,"8,040.00"
2019-01-03,2019010301002808,RSDC,17,34,260,398.00,"103,480.00"
2019-01-03,2019010301002807,RSDC,37,34,100,398.00,"39,800.00"
2019-01-03,2019010301002806,RSDC,11,34,80,398.00,"31,840.00"
2019-01-03,2019010301002805,RSDC,32,34,20,400.00,"8,000.00"
2019-01-03,2019010301002730,RSDC,36,53,50,400.00,"20,000.00"
2019-01-03,2019010301003094,SANIMA,28,42,327,309.00,"101,043.00"
2019-01-03,2019010301003076,SANIMA,17,16,55,308.00,"16,940.00"
2019-01-03,2019010301002931,SANIMA,17,57,100,308.00,"30,800.00"
2019-01-03,2019010301002800,SANIMA,17,22,500,308.00,"154,000.00"
2019-01-03,2019010301002789,SANIMA,17,49,100,308.00,"30,800.00"
2019-01-03,2019010301003041,SBI,42,56,10,394.00,"3,940.00"
2019-01-03,2019010301003040,SBI,57,56,50,394.00,"19,700.00"
2019-01-03,2019010301003039,SBI,38,56,20,394.00,"7,880.00"
2019-01-03,2019010301003038,SBI,22,56,182,394.00,"71,708.00"
2019-01-03,2019010301003033,SBI,11,6,54,396.00,"21,384.00"
2019-01-03,2019010301003032,SBI,11,19,146,395.00,"57,670.00"
2019-01-03,2019010301003031,SBI,22,19,50,395.00,"19,750.00"
2019-01-03,2019010301003030,SBI,37,19,100,395.00,"39,500.00"
2019-01-03,2019010301003029,SBI,28,19,104,395.00,"41,080.00"
2019-01-03,2019010301002822,SBI,50,17,50,397.00,"19,850.00"
2019-01-03,2019010301002747,SBI,38,7,65,398.00,"25,870.00"
2019-01-03,2019010301003055,SBL,21,1,17,293.00,"4,981.00"
2019-01-03,2019010301002897,SBL,21,6,81,293.00,"23,733.00"
2019-01-03,2019010301002896,SBL,50,6,200,293.00,"58,600.00"
2019-01-03,2019010301002895,SBL,53,6,300,293.00,"87,900.00"
2019-01-03,2019010301002894,SBL,22,6,169,293.00,"49,517.00"
2019-01-03,2019010301003057,SCB,28,47,50,606.00,"30,300.00"
2019-01-03,2019010301002918,SCB,11,3,50,612.00,"30,600.00"
2019-01-03,2019010301002917,SCB,11,16,50,612.00,"30,600.00"
2019-01-03,2019010301003133,SDESI,17,49,140,655.00,"91,700.00"
2019-01-03,2019010301003088,SDESI,33,37,82,660.00,"54,120.00"
2019-01-03,2019010301003043,SDESI,17,40,60,655.00,"39,300.00"
2019-01-03,2019010301003137,SHPC,49,49,200,230.00,"46,000.00"
2019-01-03,2019010301003134,SHPC,53,49,200,230.00,"46,000.00"
2019-01-03,2019010301003048,SICL,46,52,58,920.00,"53,360.00"
2019-01-03,2019010301002919,SICL,46,50,10,915.00,"9,150.00"
2019-01-03,2019010301002885,SICL,45,49,34,915.00,"31,110.00"
2019-01-03,2019010301002841,SICL,56,49,15,915.00,"13,725.00"
2019-01-03,2019010301003199,SIL,45,10,152,652.00,"99,104.00"
2019-01-03,2019010301003090,SIL,34,22,100,653.00,"65,300.00"
2019-01-03,2019010301003056,SIL,42,5,15,655.00,"9,825.00"
2019-01-03,2019010301002821,SIL,39,56,70,655.00,"45,850.00"
2019-01-03,2019010301003150,SKBBL,42,5,100,"1,057.00","105,700.00"
2019-01-03,2019010301003149,SKBBL,19,5,200,"1,057.00","211,400.00"
2019-01-03,2019010301002986,SKBBL,55,26,11,"1,060.00","11,660.00"
2019-01-03,2019010301002985,SKBBL,55,55,12,"1,060.00","12,720.00"
2019-01-03,2019010301002929,SKBBL,32,59,100,"1,060.00","106,000.00"
2019-01-03,2019010301002890,SKBBL,32,6,200,"1,060.00","212,000.00"
2019-01-03,2019010301003102,SLBBL,43,21,50,536.00,"26,800.00"
2019-01-03,2019010301003101,SLBBL,10,21,200,537.00,"107,400.00"
2019-01-03,2019010301003100,SLBBL,25,21,100,538.00,"53,800.00"
2019-01-03,2019010301003099,SLBBL,43,21,100,540.00,"54,000.00"
2019-01-03,2019010301002778,SLBBL,10,56,120,543.00,"65,160.00"
2019-01-03,2019010301002875,SLICL,53,6,34,557.00,"18,938.00"
2019-01-03,2019010301002812,SLICL,7,4,100,556.00,"55,600.00"
2019-01-03,2019010301002811,SLICL,7,4,200,556.00,"111,200.00"
2019-01-03,2019010301002729,SLICL,7,46,100,556.00,"55,600.00"
2019-01-03,2019010301002946,SMATA,1,28,100,"1,091.00","109,100.00"
2019-01-03,2019010301003139,SMB,17,21,50,620.00,"31,000.00"
2019-01-03,2019010301003138,SMB,21,21,150,621.00,"93,150.00"
2019-01-03,2019010301002823,SMFDB,22,43,20,716.00,"14,320.00"
2019-01-03,2019010301002958,SPDL,56,7,400,93.00,"37,200.00"
2019-01-03,2019010301002837,SPDL,42,7,100,93.00,"9,300.00"
2019-01-03,2019010301003213,SRBL,42,28,148,216.00,"31,968.00"
2019-01-03,2019010301003062,SRBL,48,28,386,216.00,"83,376.00"
2019-01-03,2019010301003061,SRBL,48,49,700,216.00,"151,200.00"
2019-01-03,2019010301003060,SRBL,48,17,100,216.00,"21,600.00"
2019-01-03,2019010301003059,SRBL,48,54,650,216.00,"140,400.00"
2019-01-03,2019010301003058,SRBL,48,55,164,216.00,"35,424.00"
2019-01-03,2019010301002801,SRBL,26,58,50,215.00,"10,750.00"
2019-01-03,2019010301002762,SRBL,26,6,12,215.00,"2,580.00"
2019-01-03,2019010301003098,SWBBL,53,43,112,856.00,"95,872.00"
2019-01-03,2019010301003097,SWBBL,34,43,40,856.00,"34,240.00"
2019-01-03,2019010301003096,SWBBL,5,43,100,857.00,"85,700.00"
2019-01-03,2019010301003095,SWBBL,58,43,25,858.00,"21,450.00"
2019-01-03,2019010301002982,TRH,33,22,30,246.00,"7,380.00"
2019-01-03,2019010301003198,UIC,16,5,80,791.00,"63,280.00"
2019-01-03,2019010301003066,UIC,16,5,200,791.00,"158,200.00"
2019-01-03,2019010301002842,UIC,16,55,50,791.00,"39,550.00"
2019-01-03,2019010301002740,UMHL,13,39,200,124.00,"24,800.00"
2019-01-03,2019010301002739,UMHL,13,13,12,124.00,"1,488.00"
2019-01-03,2019010301002989,WOMI,33,38,10,962.00,"9,620.00"
2019-01-03,2019010301002385,ADBL,41,39,50,346.00,"17,300.00"
2019-01-03,2019010301002290,ADBL,32,43,500,348.00,"174,000.00"
2019-01-03,2019010301002507,AHPC,45,51,30,107.00,"3,210.00"
2019-01-03,2019010301002395,AHPC,52,51,20,107.00,"2,140.00"
2019-01-03,2019010301002243,AHPC,48,6,55,106.00,"5,830.00"
2019-01-03,2019010301002241,AKJCL,29,47,10,93.00,930.00
2019-01-03,2019010301002240,AKJCL,29,47,20,93.00,"1,860.00"
2019-01-03,2019010301002690,AKPL,58,42,13,185.00,"2,405.00"
2019-01-03,2019010301002688,AKPL,35,58,13,184.00,"2,392.00"
2019-01-03,2019010301002697,ALICL,45,51,400,613.00,"245,200.00"
2019-01-03,2019010301002519,ALICL,45,51,300,613.00,"183,900.00"
2019-01-03,2019010301002393,ALICL,45,51,300,613.00,"183,900.00"
2019-01-03,2019010301002276,ALICL,45,28,510,613.00,"312,630.00"
2019-01-03,2019010301002275,ALICL,45,43,57,612.00,"34,884.00"
2019-01-03,2019010301002274,ALICL,45,43,132,612.00,"80,784.00"
2019-01-03,2019010301002273,ALICL,45,43,201,612.00,"123,012.00"
2019-01-03,2019010301002272,ALICL,45,45,100,610.00,"61,000.00"
2019-01-03,2019010301002586,AMFI,5,53,10,706.00,"7,060.00"
2019-01-03,2019010301002564,AMFI,11,19,10,700.00,"7,000.00"
2019-01-03,2019010301002429,AMFI,19,53,100,693.00,"69,300.00"
2019-01-03,2019010301002428,AMFI,42,53,100,695.00,"69,500.00"
2019-01-03,2019010301002280,API,13,28,307,156.00,"47,892.00"
2019-01-03,2019010301002279,API,37,28,100,156.00,"15,600.00"
2019-01-03,2019010301002278,API,37,28,200,156.00,"31,200.00"
2019-01-03,2019010301002277,API,42,28,93,156.00,"14,508.00"
2019-01-03,2019010301002635,BHBL,52,50,20,141.00,"2,820.00"
2019-01-03,2019010301002266,BHBL,4,16,870,143.00,"124,410.00"
2019-01-03,2019010301002265,BHBL,4,42,119,142.00,"16,898.00"
2019-01-03,2019010301002264,BHBL,4,50,500,142.00,"71,000.00"
2019-01-03,2019010301002647,BOKL,45,10,30,330.00,"9,900.00"
2019-01-03,2019010301002614,BOKL,7,34,70,329.00,"23,030.00"
2019-01-03,2019010301002572,BOKL,7,51,11,329.00,"3,619.00"
2019-01-03,2019010301002430,BOKL,7,39,50,329.00,"16,450.00"
2019-01-03,2019010301002341,BOKL,22,10,300,330.00,"99,000.00"
2019-01-03,2019010301002609,BPCL,37,41,10,374.00,"3,740.00"
2019-01-03,2019010301002707,CBL,58,58,66,163.00,"10,758.00"
2019-01-03,2019010301002308,CBL,33,34,307,163.00,"50,041.00"
2019-01-03,2019010301002431,CCBL,17,28,54,169.00,"9,126.00"
2019-01-03,2019010301002367,CCBL,25,39,100,170.00,"17,000.00"
2019-01-03,2019010301002366,CCBL,57,39,35,170.00,"5,950.00"
2019-01-03,2019010301002307,CCBL,57,43,10,170.00,"1,700.00"
2019-01-03,2019010301002228,CCBL,57,36,300,170.00,"51,000.00"
2019-01-03,2019010301002512,CHCL,58,5,190,553.00,"105,070.00"
2019-01-03,2019010301002315,CHCL,50,58,407,554.00,"225,478.00"
2019-01-03,2019010301002267,CHCL,56,58,46,554.00,"25,484.00"
2019-01-03,2019010301002248,CHCL,19,58,200,554.00,"110,800.00"
2019-01-03,2019010301002242,CHCL,50,58,248,554.00,"137,392.00"
2019-01-03,2019010301002714,CIT,11,38,14,"2,105.00","29,470.00"
2019-01-03,2019010301002303,CIT,5,34,30,"2,100.00","63,000.00"
2019-01-03,2019010301002302,CIT,1,34,50,"2,100.00","105,000.00"
2019-01-03,2019010301002301,CIT,26,34,25,"2,101.00","52,525.00"
2019-01-03,2019010301002300,CIT,38,34,10,"2,102.00","21,020.00"
2019-01-03,2019010301002299,CIT,5,34,100,"2,103.00","210,300.00"
2019-01-03,2019010301002227,CIT,34,45,11,"2,120.00","23,320.00"
2019-01-03,2019010301002365,CLBSL,45,42,20,680.00,"13,600.00"
2019-01-03,2019010301002364,CLBSL,52,42,30,680.00,"20,400.00"
2019-01-03,2019010301002629,CZBIL,17,4,285,212.00,"60,420.00"
2019-01-03,2019010301002427,CZBIL,17,29,145,212.00,"30,740.00"
2019-01-03,2019010301002388,CZBIL,17,42,100,212.00,"21,200.00"
2019-01-03,2019010301002356,CZBIL,17,37,12,212.00,"2,544.00"
2019-01-03,2019010301002355,CZBIL,17,58,249,212.00,"52,788.00"
2019-01-03,2019010301002354,CZBIL,17,43,209,212.00,"44,308.00"
2019-01-03,2019010301002589,DBBL,40,51,13,125.00,"1,625.00"
2019-01-03,2019010301002498,DBBL,16,58,100,126.00,"12,600.00"
2019-01-03,2019010301002497,DBBL,32,58,316,126.00,"39,816.00"
2019-01-03,2019010301002453,DBBL,32,22,100,126.00,"12,600.00"
2019-01-03,2019010301002261,DBBL,33,19,65,127.00,"8,255.00"
2019-01-03,2019010301002260,DBBL,33,10,135,127.00,"17,145.00"
2019-01-03,2019010301002663,DDBL,48,13,100,646.00,"64,600.00"
2019-01-03,2019010301002583,DDBL,48,7,44,646.00,"28,424.00"
2019-01-03,2019010301002582,DDBL,33,7,15,646.00,"9,690.00"
2019-01-03,2019010301002387,DDBL,33,13,85,646.00,"54,910.00"
2019-01-03,2019010301002386,DDBL,37,13,70,647.00,"45,290.00"
2019-01-03,2019010301002471,EBL,25,42,80,535.00,"42,800.00"
2019-01-03,2019010301002332,EBL,25,39,120,535.00,"64,200.00"
2019-01-03,2019010301002331,EBL,56,39,100,536.00,"53,600.00"
2019-01-03,2019010301002330,EBL,58,39,20,536.00,"10,720.00"
2019-01-03,2019010301002679,FMDBL,11,57,100,384.00,"38,400.00"
2019-01-03,2019010301002535,FMDBL,33,53,90,385.00,"34,650.00"
2019-01-03,2019010301002492,FMDBL,33,58,10,385.00,"3,850.00"
2019-01-03,2019010301002491,FMDBL,38,58,10,385.00,"3,850.00"
2019-01-03,2019010301002490,FMDBL,59,58,200,386.00,"77,200.00"
2019-01-03,2019010301002489,FMDBL,28,58,30,386.00,"11,580.00"
2019-01-03,2019010301002392,FMDBL,28,19,20,386.00,"7,720.00"
2019-01-03,2019010301002375,FMDBL,28,42,50,386.00,"19,300.00"
2019-01-03,2019010301002232,FOWAD,55,43,76,"1,491.00","113,316.00"
2019-01-03,2019010301002231,FOWAD,55,43,10,"1,492.00","14,920.00"
2019-01-03,2019010301002230,FOWAD,56,43,10,"1,492.00","14,920.00"
2019-01-03,2019010301002229,FOWAD,38,43,20,"1,493.00","29,860.00"
2019-01-03,2019010301002563,GBIME,33,58,86,270.00,"23,220.00"
2019-01-03,2019010301002562,GBIME,26,58,100,270.00,"27,000.00"
2019-01-03,2019010301002561,GBIME,39,58,200,270.00,"54,000.00"
2019-01-03,2019010301002560,GBIME,35,58,400,270.00,"108,000.00"
2019-01-03,2019010301002559,GBIME,39,58,200,270.00,"54,000.00"
2019-01-03,2019010301002558,GBIME,1,58,500,270.00,"135,000.00"
2019-01-03,2019010301002557,GBIME,26,58,490,270.00,"132,300.00"
2019-01-03,2019010301002234,GBIME,6,6,50,271.00,"13,550.00"
2019-01-03,2019010301002689,GBLBS,39,48,570,434.00,"247,380.00"
2019-01-03,2019010301002633,GBLBS,36,58,100,431.00,"43,100.00"
2019-01-03,2019010301002581,GBLBS,58,58,10,433.00,"4,330.00"
2019-01-03,2019010301002571,GBLBS,36,49,85,431.00,"36,635.00"
2019-01-03,2019010301002482,GBLBS,36,13,10,431.00,"4,310.00"
2019-01-03,2019010301002287,GBLBS,42,49,50,430.00,"21,500.00"
2019-01-03,2019010301002286,GBLBS,50,49,10,430.00,"4,300.00"
2019-01-03,2019010301002285,GBLBS,34,49,500,430.00,"215,000.00"
2019-01-03,2019010301002284,GBLBS,13,49,80,430.00,"34,400.00"
2019-01-03,2019010301002283,GBLBS,14,49,50,431.00,"21,550.00"
2019-01-03,2019010301002282,GBLBS,17,49,20,432.00,"8,640.00"
2019-01-03,2019010301002244,GBLBS,39,39,10,433.00,"4,330.00"
2019-01-03,2019010301002691,GDBL,51,46,10,194.00,"1,940.00"
2019-01-03,2019010301002327,GDBL,45,34,500,193.00,"96,500.00"
2019-01-03,2019010301002326,GDBL,45,6,123,192.00,"23,616.00"
2019-01-03,2019010301002325,GDBL,45,56,356,192.00,"68,352.00"
2019-01-03,2019010301002328,GDBL,45,37,300,193.00,"57,900.00"
2019-01-03,2019010301002419,HBL,6,14,200,473.00,"94,600.00"
2019-01-03,2019010301002407,HBL,49,19,200,474.00,"94,800.00"
2019-01-03,2019010301002621,HGI,59,40,150,399.00,"59,850.00"
2019-01-03,2019010301002620,HGI,54,40,200,400.00,"80,000.00"
2019-01-03,2019010301002619,HGI,26,40,100,400.00,"40,000.00"
2019-01-03,2019010301002618,HGI,26,40,500,400.00,"200,000.00"
2019-01-03,2019010301002617,HGI,1,40,50,400.00,"20,000.00"
2019-01-03,2019010301002605,HGI,33,21,200,405.00,"81,000.00"
2019-01-03,2019010301002487,HGI,47,14,100,403.00,"40,300.00"
2019-01-03,2019010301002486,HGI,53,14,100,403.00,"40,300.00"
2019-01-03,2019010301002410,HGI,51,14,50,404.00,"20,200.00"
2019-01-03,2019010301002399,HGI,51,10,80,404.00,"32,320.00"
2019-01-03,2019010301002551,HGI,1,14,150,400.00,"60,000.00"
2019-01-03,2019010301002550,HGI,39,14,50,400.00,"20,000.00"
2019-01-03,2019010301002541,HGI,39,58,17,401.00,"6,817.00"
2019-01-03,2019010301002511,HGI,22,58,100,401.00,"40,100.00"
2019-01-03,2019010301002510,HGI,38,58,50,402.00,"20,100.00"
2019-01-03,2019010301002509,HGI,33,58,500,402.00,"201,000.00"
2019-01-03,2019010301002653,HIDCL,37,36,31,151.00,"4,681.00"
2019-01-03,2019010301002652,HIDCL,35,36,10,152.00,"1,520.00"
2019-01-03,2019010301002651,HIDCL,22,36,15,152.00,"2,280.00"
2019-01-03,2019010301002414,HIDCL,58,46,56,153.00,"8,568.00"
2019-01-03,2019010301002400,HIDCL,22,58,56,152.00,"8,512.00"
2019-01-03,2019010301002358,HIDCL,19,46,24,153.00,"3,672.00"
2019-01-03,2019010301002544,HPPL,58,58,20,186.00,"3,720.00"
2019-01-03,2019010301002411,HPPL,10,42,10,186.00,"1,860.00"
2019-01-03,2019010301002333,HPPL,10,45,70,189.00,"13,230.00"
2019-01-03,2019010301002591,IGI,45,17,100,471.00,"47,100.00"
2019-01-03,2019010301002672,JBBL,58,46,75,136.00,"10,200.00"
2019-01-03,2019010301002671,JBBL,58,58,37,136.00,"5,032.00"
2019-01-03,2019010301002661,JBBL,26,58,42,135.00,"5,670.00"
2019-01-03,2019010301002660,JBBL,25,58,70,135.00,"9,450.00"
2019-01-03,2019010301002685,JBNL,46,48,153,170.00,"26,010.00"
2019-01-03,2019010301002684,JBNL,46,38,47,170.00,"7,990.00"
2019-01-03,2019010301002682,JBNL,17,58,32,169.00,"5,408.00"
2019-01-03,2019010301002676,JBNL,58,38,32,170.00,"5,440.00"
2019-01-03,2019010301002594,JBNL,17,39,131,169.00,"22,139.00"
2019-01-03,2019010301002593,JBNL,6,39,100,169.00,"16,900.00"
2019-01-03,2019010301002592,JBNL,22,39,19,169.00,"3,211.00"
2019-01-03,2019010301002412,JBNL,22,39,100,169.00,"16,900.00"
2019-01-03,2019010301002426,JFL,14,13,100,173.00,"17,300.00"
2019-01-03,2019010301002425,JFL,14,3,500,173.00,"86,500.00"
2019-01-03,2019010301002404,JFL,58,22,398,170.00,"67,660.00"
2019-01-03,2019010301002403,JFL,1,22,102,170.00,"17,340.00"
2019-01-03,2019010301002552,KBL,33,44,200,246.00,"49,200.00"
2019-01-03,2019010301002401,KBL,44,46,62,245.00,"15,190.00"
2019-01-03,2019010301002353,KBL,44,10,39,245.00,"9,555.00"
2019-01-03,2019010301002677,KEBL,14,25,36,212.00,"7,632.00"
2019-01-03,2019010301002601,KEBL,51,51,12,210.00,"2,520.00"
2019-01-03,2019010301002546,KEBL,51,51,12,210.00,"2,520.00"
2019-01-03,2019010301002523,KEBL,51,4,208,210.00,"43,680.00"
2019-01-03,2019010301002719,KMCDB,38,56,40,"1,020.00","40,800.00"
2019-01-03,2019010301002709,KMCDB,13,56,120,"1,023.00","122,760.00"
2019-01-03,2019010301002708,KMCDB,48,56,120,"1,027.00","123,240.00"
2019-01-03,2019010301002695,KMCDB,48,48,90,"1,027.00","92,430.00"
2019-01-03,2019010301002670,KMCDB,19,58,96,"1,024.00","98,304.00"
2019-01-03,2019010301002669,KMCDB,57,58,74,"1,025.00","75,850.00"
2019-01-03,2019010301002251,KMCDB,34,40,70,"1,037.00","72,590.00"
2019-01-03,2019010301002668,KMCDB,13,58,50,"1,026.00","51,300.00"
2019-01-03,2019010301002667,KMCDB,22,58,10,"1,029.00","10,290.00"
2019-01-03,2019010301002666,KMCDB,13,58,20,"1,030.00","20,600.00"
2019-01-03,2019010301002445,KMCDB,13,40,30,"1,030.00","30,900.00"
2019-01-03,2019010301002700,KSBBL,34,49,34,136.00,"4,624.00"
2019-01-03,2019010301002448,KSBBL,34,49,107,136.00,"14,552.00"
2019-01-03,2019010301002357,KSBBL,33,49,100,136.00,"13,600.00"
2019-01-03,2019010301002323,KSBBL,16,49,100,136.00,"13,600.00"
2019-01-03,2019010301002322,KSBBL,33,49,"1,000",136.00,"136,000.00"
2019-01-03,2019010301002321,KSBBL,34,49,"2,000",136.00,"272,000.00"
2019-01-03,2019010301002320,KSBBL,34,49,312,136.00,"42,432.00"
2019-01-03,2019010301002249,KSBBL,34,19,21,136.00,"2,856.00"
2019-01-03,2019010301002716,LBBL,32,10,185,172.00,"31,820.00"
2019-01-03,2019010301002696,LBBL,58,10,88,172.00,"15,136.00"
2019-01-03,2019010301002245,LBBL,58,19,62,172.00,"10,664.00"
2019-01-03,2019010301002692,LBL,14,55,500,221.00,"110,500.00"
2019-01-03,2019010301002637,LGIL,14,28,109,536.00,"58,424.00"
2019-01-03,2019010301002636,LGIL,32,28,100,536.00,"53,600.00"
2019-01-03,2019010301002455,LGIL,34,28,50,539.00,"26,950.00"
2019-01-03,2019010301002454,LGIL,46,28,241,540.00,"130,140.00"
2019-01-03,2019010301002616,LLBS,58,58,24,796.00,"19,104.00"
2019-01-03,2019010301002628,MBL,37,5,86,207.00,"17,802.00"
2019-01-03,2019010301002627,MBL,6,5,14,207.00,"2,898.00"
2019-01-03,2019010301002424,MBL,6,46,186,207.00,"38,502.00"
2019-01-03,2019010301002226,MBL,53,49,"1,258",206.00,"259,148.00"
2019-01-03,2019010301002225,MBL,33,49,10,206.00,"2,060.00"
2019-01-03,2019010301002224,MBL,56,49,70,206.00,"14,420.00"
2019-01-03,2019010301002349,MDB,17,29,50,290.00,"14,500.00"
2019-01-03,2019010301002588,MEGA,55,36,380,173.00,"65,740.00"
2019-01-03,2019010301002460,MEGA,22,13,37,172.00,"6,364.00"
2019-01-03,2019010301002459,MEGA,21,13,87,172.00,"14,964.00"
2019-01-03,2019010301002444,MEGA,58,36,34,173.00,"5,882.00"
2019-01-03,2019010301002435,MEGA,21,58,34,172.00,"5,848.00"
2019-01-03,2019010301002432,MERO,39,59,40,"1,050.00","42,000.00"
2019-01-03,2019010301002421,MERO,39,59,17,"1,045.00","17,765.00"
2019-01-03,2019010301002413,MERO,25,59,30,"1,045.00","31,350.00"
2019-01-03,2019010301002380,MERO,25,37,70,"1,045.00","73,150.00"
2019-01-03,2019010301002379,MERO,7,37,30,"1,046.00","31,380.00"
2019-01-03,2019010301002580,MLBL,59,29,156,168.00,"26,208.00"
2019-01-03,2019010301002717,MMFDB,11,49,10,999.00,"9,990.00"
2019-01-03,2019010301002433,MPFL,1,26,10,173.00,"1,730.00"
2019-01-03,2019010301002626,MSLB,57,41,13,"1,271.00","16,523.00"
2019-01-03,2019010301002568,MSLB,57,52,25,"1,271.00","31,775.00"
2019-01-03,2019010301002456,NABIL,17,16,50,845.00,"42,250.00"
2019-01-03,2019010301002402,NABIL,49,33,30,847.00,"25,410.00"
2019-01-03,2019010301002373,NABIL,34,33,100,847.00,"84,700.00"
2019-01-03,2019010301002372,NABIL,52,33,50,847.00,"42,350.00"
2019-01-03,2019010301002371,NABIL,57,33,50,848.00,"42,400.00"
2019-01-03,2019010301002370,NABIL,25,33,200,848.00,"169,600.00"
2019-01-03,2019010301002369,NABIL,40,33,20,849.00,"16,980.00"
2019-01-03,2019010301002368,NABIL,29,33,30,849.00,"25,470.00"
2019-01-03,2019010301002382,NABILP,59,5,11,715.00,"7,865.00"
2019-01-03,2019010301002381,NABILP,59,5,500,715.00,"357,500.00"
2019-01-03,2019010301002408,NADEP,33,19,10,788.00,"7,880.00"
2019-01-03,2019010301002488,NBB,17,45,170,191.00,"32,470.00"
2019-01-03,2019010301002452,NBB,17,46,267,191.00,"50,997.00"
2019-01-03,2019010301002416,NBB,45,56,100,192.00,"19,200.00"
2019-01-03,2019010301002383,NBB,17,56,500,192.00,"96,000.00"
2019-01-03,2019010301002657,NBL,38,58,500,309.00,"154,500.00"
2019-01-03,2019010301002656,NBL,38,41,300,309.00,"92,700.00"
2019-01-03,2019010301002655,NBL,38,45,500,309.00,"154,500.00"
2019-01-03,2019010301002654,NBL,38,44,"4,100",309.00,"1,266,900.00"
2019-01-03,2019010301002630,NBL,49,44,900,309.00,"278,100.00"
2019-01-03,2019010301002570,NBL,34,44,"4,978",308.00,"1,533,224.00"
2019-01-03,2019010301002569,NBL,54,44,22,308.00,"6,776.00"
2019-01-03,2019010301002376,NBL,26,34,"1,500",309.00,"463,500.00"
2019-01-03,2019010301002263,NBL,17,34,500,309.00,"154,500.00"
2019-01-03,2019010301002246,NBL,38,41,500,309.00,"154,500.00"
2019-01-03,2019010301002615,NCCB,42,44,22,214.00,"4,708.00"
2019-01-03,2019010301002579,NCCB,58,21,"1,000",213.00,"213,000.00"
2019-01-03,2019010301002578,NCCB,58,58,500,213.00,"106,500.00"
2019-01-03,2019010301002537,NCCB,33,46,400,212.00,"84,800.00"
2019-01-03,2019010301002536,NCCB,33,56,"1,700",212.00,"360,400.00"
2019-01-03,2019010301002529,NCCB,38,38,751,211.00,"158,461.00"
2019-01-03,2019010301002281,NCCB,38,56,"3,048",212.00,"646,176.00"
2019-01-03,2019010301002259,NCCB,38,6,275,212.00,"58,300.00"
2019-01-03,2019010301002235,NCCB,4,40,500,213.00,"106,500.00"
2019-01-03,2019010301002528,NCCB,55,38,318,211.00,"67,098.00"
2019-01-03,2019010301002504,NCCB,55,49,652,211.00,"137,572.00"
2019-01-03,2019010301002458,NCCB,6,40,448,212.00,"94,976.00"
2019-01-03,2019010301002447,NCCB,6,51,52,212.00,"11,024.00"
2019-01-03,2019010301002446,NCCB,20,51,148,212.00,"31,376.00"
2019-01-03,2019010301002305,NCCB,20,56,252,212.00,"53,424.00"
2019-01-03,2019010301002584,NCDBPO,57,49,"5,000",105.00,"525,000.00"
2019-01-03,2019010301002262,NGPL,39,39,11,125.00,"1,375.00"
2019-01-03,2019010301002662,NIB,42,36,33,549.00,"18,117.00"
2019-01-03,2019010301002649,NIB,42,22,34,549.00,"18,666.00"
2019-01-03,2019010301002450,NIB,57,45,50,550.00,"27,500.00"
2019-01-03,2019010301002374,NIB,42,29,39,549.00,"21,411.00"
2019-01-03,2019010301002306,NIB,6,45,10,550.00,"5,500.00"
2019-01-03,2019010301002292,NIB,26,45,100,550.00,"55,000.00"
2019-01-03,2019010301002239,NIB,17,49,94,549.00,"51,606.00"
2019-01-03,2019010301002238,NIB,45,49,500,549.00,"274,500.00"
2019-01-03,2019010301002237,NIB,54,49,63,549.00,"34,587.00"
2019-01-03,2019010301002438,NICA,34,21,50,382.00,"19,100.00"
2019-01-03,2019010301002437,NICA,45,21,142,382.00,"54,244.00"
2019-01-03,2019010301002350,NICA,45,21,200,382.00,"76,400.00"
2019-01-03,2019010301002311,NICA,45,17,158,382.00,"60,356.00"
2019-01-03,2019010301002310,NICA,25,17,100,382.00,"38,200.00"
2019-01-03,2019010301002309,NICA,33,17,120,382.00,"45,840.00"
2019-01-03,2019010301002681,NICL,21,16,82,561.00,"46,002.00"
2019-01-03,2019010301002680,NICL,44,16,178,561.00,"99,858.00"
2019-01-03,2019010301002678,NICL,44,22,102,561.00,"57,222.00"
2019-01-03,2019010301002640,NICL,44,10,220,561.00,"123,420.00"
2019-01-03,2019010301002639,NICL,14,10,30,562.00,"16,860.00"
2019-01-03,2019010301002638,NICL,48,10,50,562.00,"28,100.00"
2019-01-03,2019010301002645,NIL,44,49,350,547.00,"191,450.00"
2019-01-03,2019010301002644,NIL,21,49,180,548.00,"98,640.00"
2019-01-03,2019010301002643,NIL,33,49,30,549.00,"16,470.00"
2019-01-03,2019010301002481,NIL,11,34,50,550.00,"27,500.00"
2019-01-03,2019010301002674,NLBBL,21,22,306,482.00,"147,492.00"
2019-01-03,2019010301002473,NLBBL,25,34,300,473.00,"141,900.00"
2019-01-03,2019010301002472,NLBBL,44,34,10,475.00,"4,750.00"
2019-01-03,2019010301002418,NLBBL,43,19,10,481.00,"4,810.00"
2019-01-03,2019010301002417,NLBBL,25,19,10,481.00,"4,810.00"
2019-01-03,2019010301002316,NLG,45,5,307,863.00,"264,941.00"
2019-01-03,2019010301002268,NLG,56,45,50,863.00,"43,150.00"
2019-01-03,2019010301002665,NLIC,32,36,17,"1,105.00","18,785.00"
2019-01-03,2019010301002608,NLIC,5,46,10,"1,111.00","11,110.00"
2019-01-03,2019010301002600,NLIC,7,36,495,"1,111.00","549,945.00"
2019-01-03,2019010301002599,NLIC,7,42,38,"1,111.00","42,218.00"
2019-01-03,2019010301002598,NLIC,7,56,100,"1,110.00","111,000.00"
2019-01-03,2019010301002597,NLIC,7,5,17,"1,110.00","18,870.00"
2019-01-03,2019010301002360,NLIC,28,6,17,"1,107.00","18,819.00"
2019-01-03,2019010301002312,NLIC,58,58,17,"1,110.00","18,870.00"
2019-01-03,2019010301002258,NLIC,45,5,600,"1,109.00","665,400.00"
2019-01-03,2019010301002257,NLIC,45,34,67,"1,108.00","74,236.00"
2019-01-03,2019010301002484,NLIC,45,5,15,"1,109.00","16,635.00"
2019-01-03,2019010301002449,NLIC,58,58,17,"1,108.00","18,836.00"
2019-01-03,2019010301002443,NLIC,16,34,38,"1,105.00","41,990.00"
2019-01-03,2019010301002442,NLIC,28,34,66,"1,107.00","73,062.00"
2019-01-03,2019010301002420,NLIC,58,58,17,"1,108.00","18,836.00"
2019-01-03,2019010301002394,NLIC,58,58,17,"1,108.00","18,836.00"
2019-01-03,2019010301002596,NLIC,7,21,500,"1,109.00","554,500.00"
2019-01-03,2019010301002506,NLIC,45,51,44,"1,109.00","48,796.00"
2019-01-03,2019010301002496,NLIC,45,13,100,"1,110.00","111,000.00"
2019-01-03,2019010301002495,NLIC,45,35,92,"1,110.00","102,120.00"
2019-01-03,2019010301002494,NLIC,45,6,10,"1,110.00","11,100.00"
2019-01-03,2019010301002485,NLIC,45,43,100,"1,109.00","110,900.00"
2019-01-03,2019010301002359,NLICL,58,42,14,708.00,"9,912.00"
2019-01-03,2019010301002351,NLICL,19,42,40,708.00,"28,320.00"
2019-01-03,2019010301002340,NLICL,58,42,100,709.00,"70,900.00"
2019-01-03,2019010301002339,NLICL,35,42,100,709.00,"70,900.00"
2019-01-03,2019010301002338,NLICL,59,42,200,710.00,"142,000.00"
2019-01-03,2019010301002337,NLICL,58,42,500,710.00,"355,000.00"
2019-01-03,2019010301002336,NLICL,32,42,200,710.00,"142,000.00"
2019-01-03,2019010301002335,NLICL,16,42,100,710.00,"71,000.00"
2019-01-03,2019010301002334,NLICL,49,42,246,711.00,"174,906.00"
2019-01-03,2019010301002304,NLICL,49,3,"4,754",711.00,"3,380,094.00"
2019-01-03,2019010301002298,NLICL,49,3,200,711.00,"142,200.00"
2019-01-03,2019010301002297,NLICL,26,3,46,712.00,"32,752.00"
2019-01-03,2019010301002642,NMB,17,46,13,322.00,"4,186.00"
2019-01-03,2019010301002604,NMB,17,20,130,322.00,"41,860.00"
2019-01-03,2019010301002603,NMB,33,20,100,322.00,"32,200.00"
2019-01-03,2019010301002602,NMB,42,20,270,322.00,"86,940.00"
2019-01-03,2019010301002521,NMB,17,58,583,323.00,"188,309.00"
2019-01-03,2019010301002480,NMB,17,57,417,323.00,"134,691.00"
2019-01-03,2019010301002479,NMB,11,57,100,323.00,"32,300.00"
2019-01-03,2019010301002478,NMB,45,57,483,323.00,"156,009.00"
2019-01-03,2019010301002390,NMB,52,11,10,324.00,"3,240.00"
2019-01-03,2019010301002289,NMB,45,58,17,323.00,"5,491.00"
2019-01-03,2019010301002659,NMFBS,33,49,317,"1,530.00","485,010.00"
2019-01-03,2019010301002658,NMFBS,33,7,18,"1,530.00","27,540.00"
2019-01-03,2019010301002687,NSEWA,58,47,10,574.00,"5,740.00"
2019-01-03,2019010301002712,NTC,52,57,100,731.00,"73,100.00"
2019-01-03,2019010301002549,NTC,44,44,"10,000",731.00,"7,310,000.00"
2019-01-03,2019010301002324,NTC,34,36,200,730.00,"146,000.00"
2019-01-03,2019010301002318,NTC,34,29,100,730.00,"73,000.00"
2019-01-03,2019010301002457,OHL,16,38,"1,379",440.00,"606,760.00"
2019-01-03,2019010301002641,PCBL,45,37,30,333.00,"9,990.00"
2019-01-03,2019010301002610,PCBL,35,51,11,332.00,"3,652.00"
2019-01-03,2019010301002555,PCBL,35,51,11,332.00,"3,652.00"
2019-01-03,2019010301002348,PCBL,35,49,32,332.00,"10,624.00"
2019-01-03,2019010301002347,PCBL,34,49,200,332.00,"66,400.00"
2019-01-03,2019010301002346,PCBL,45,49,100,332.00,"33,200.00"
2019-01-03,2019010301002345,PCBL,17,49,56,332.00,"18,592.00"
2019-01-03,2019010301002344,PCBL,46,49,100,332.00,"33,200.00"
2019-01-03,2019010301002343,PCBL,6,49,60,332.00,"19,920.00"
2019-01-03,2019010301002342,PCBL,46,49,52,332.00,"17,264.00"
2019-01-03,2019010301002622,PFL,14,41,12,137.00,"1,644.00"
2019-01-03,2019010301002405,PFL,14,58,110,137.00,"15,070.00"
2019-01-03,2019010301002378,PFL,45,22,100,137.00,"13,700.00"
2019-01-03,2019010301002634,PIC,44,41,11,"1,012.00","11,132.00"
2019-01-03,2019010301002556,PIC,33,29,11,"1,015.00","11,165.00"
2019-01-03,2019010301002434,PIC,44,19,11,"1,012.00","11,132.00"
2019-01-03,2019010301002250,PIC,39,3,11,"1,012.00","11,132.00"
2019-01-03,2019010301002646,PICL,49,57,500,706.00,"353,000.00"
2019-01-03,2019010301002525,PICL,53,5,200,707.00,"141,400.00"
2019-01-03,2019010301002524,PICL,53,5,80,707.00,"56,560.00"
2019-01-03,2019010301002548,PLIC,38,45,178,500.00,"89,000.00"
2019-01-03,2019010301002534,PLIC,58,10,100,495.00,"49,500.00"
2019-01-03,2019010301002533,PLIC,58,10,100,495.00,"49,500.00"
2019-01-03,2019010301002532,PLIC,43,10,100,496.00,"49,600.00"
2019-01-03,2019010301002256,PLIC,36,32,80,501.00,"40,080.00"
2019-01-03,2019010301002255,PLIC,13,32,30,501.00,"15,030.00"
2019-01-03,2019010301002254,PLIC,58,32,200,501.00,"100,200.00"
2019-01-03,2019010301002253,PLIC,43,32,100,501.00,"50,100.00"
2019-01-03,2019010301002252,PLIC,33,32,57,502.00,"28,614.00"
2019-01-03,2019010301002233,PLIC,33,19,13,502.00,"6,526.00"
2019-01-03,2019010301002363,PLIC,17,28,200,500.00,"100,000.00"
2019-01-03,2019010301002362,PLIC,55,28,600,500.00,"300,000.00"
2019-01-03,2019010301002352,PLIC,35,32,33,503.00,"16,599.00"
2019-01-03,2019010301002295,PLIC,55,57,400,500.00,"200,000.00"
2019-01-03,2019010301002294,PLIC,26,57,100,500.00,"50,000.00"
2019-01-03,2019010301002293,PLIC,33,57,500,500.00,"250,000.00"
2019-01-03,2019010301002531,PLIC,21,10,100,496.00,"49,600.00"
2019-01-03,2019010301002530,PLIC,34,10,100,497.00,"49,700.00"
2019-01-03,2019010301002398,PLIC,42,51,100,500.00,"50,000.00"
2019-01-03,2019010301002397,PLIC,38,51,20,500.00,"10,000.00"
2019-01-03,2019010301002396,PLIC,17,51,750,500.00,"375,000.00"
2019-01-03,2019010301002384,PLIC,17,42,50,500.00,"25,000.00"
2019-01-03,2019010301002711,PMHPL,36,13,10,114.00,"1,140.00"
2019-01-03,2019010301002319,PMHPL,36,43,10,114.00,"1,140.00"
2019-01-03,2019010301002631,PRIN,16,59,240,457.00,"109,680.00"
2019-01-03,2019010301002624,PRIN,43,59,93,457.00,"42,501.00"
2019-01-03,2019010301002543,PRIN,43,10,307,457.00,"140,299.00"
2019-01-03,2019010301002542,PRIN,55,10,451,457.00,"206,107.00"
2019-01-03,2019010301002269,PRIN,43,7,200,460.00,"92,000.00"
2019-01-03,2019010301002706,PRVU,57,43,60,247.00,"14,820.00"
2019-01-03,2019010301002664,PRVU,25,51,11,246.00,"2,706.00"
2019-01-03,2019010301002613,PRVU,45,43,30,247.00,"7,410.00"
2019-01-03,2019010301002577,PRVU,25,51,11,246.00,"2,706.00"
2019-01-03,2019010301002317,PRVU,6,20,20,248.00,"4,960.00"
2019-01-03,2019010301002576,PRVU,25,21,231,246.00,"56,826.00"
2019-01-03,2019010301002575,PRVU,26,21,300,246.00,"73,800.00"
2019-01-03,2019010301002574,PRVU,58,21,500,246.00,"123,000.00"
2019-01-03,2019010301002573,PRVU,17,21,969,246.00,"238,374.00"
2019-01-03,2019010301002451,RADHI,50,19,11,165.00,"1,815.00"
2019-01-03,2019010301002632,RRHP,33,10,10,107.00,"1,070.00"
2019-01-03,2019010301002623,RRHP,33,48,10,106.00,"1,060.00"
2019-01-03,2019010301002673,RSDC,36,22,20,400.00,"8,000.00"
2019-01-03,2019010301002648,RSDC,16,34,100,401.00,"40,100.00"
2019-01-03,2019010301002505,RSDC,36,34,50,400.00,"20,000.00"
2019-01-03,2019010301002493,RSDC,36,42,80,400.00,"32,000.00"
2019-01-03,2019010301002477,RSDC,11,19,20,398.00,"7,960.00"
2019-01-03,2019010301002296,RSDC,38,53,10,402.00,"4,020.00"
2019-01-03,2019010301002288,RSDC,6,53,25,402.00,"10,050.00"
2019-01-03,2019010301002520,SADBL,47,45,15,138.00,"2,070.00"
2019-01-03,2019010301002515,SADBL,7,35,222,136.00,"30,192.00"
2019-01-03,2019010301002514,SADBL,59,35,628,136.00,"85,408.00"
2019-01-03,2019010301002441,SADBL,59,28,372,136.00,"50,592.00"
2019-01-03,2019010301002440,SADBL,55,28,30,138.00,"4,140.00"
2019-01-03,2019010301002439,SADBL,49,28,135,138.00,"18,630.00"
2019-01-03,2019010301002625,SANIMA,17,46,30,308.00,"9,240.00"
2019-01-03,2019010301002612,SANIMA,17,49,150,308.00,"46,200.00"
2019-01-03,2019010301002611,SANIMA,11,49,750,308.00,"231,000.00"
2019-01-03,2019010301002607,SANIMA,37,42,152,309.00,"46,968.00"
2019-01-03,2019010301002606,SANIMA,33,42,21,309.00,"6,489.00"
2019-01-03,2019010301002236,SANIMA,34,49,"1,620",309.00,"500,580.00"
2019-01-03,2019010301002723,SBI,38,7,30,398.00,"11,940.00"
2019-01-03,2019010301002683,SBL,22,51,14,293.00,"4,102.00"
2019-01-03,2019010301002590,SBL,22,51,11,293.00,"3,223.00"
2019-01-03,2019010301002585,SBL,46,49,100,294.00,"29,400.00"
2019-01-03,2019010301002483,SBL,46,49,50,294.00,"14,700.00"
2019-01-03,2019010301002361,SBL,43,49,200,294.00,"58,800.00"
2019-01-03,2019010301002409,SCB,45,42,50,607.00,"30,350.00"
2019-01-03,2019010301002539,SHINE,34,49,244,243.00,"59,292.00"
2019-01-03,2019010301002538,SHINE,28,49,38,243.00,"9,234.00"
2019-01-03,2019010301002508,SHINE,28,49,282,243.00,"68,526.00"
2019-01-03,2019010301002423,SHINE,28,28,680,243.00,"165,240.00"
2019-01-03,2019010301002422,SHINE,42,28,20,245.00,"4,900.00"
2019-01-03,2019010301002595,SHL,49,43,135,205.00,"27,675.00"
2019-01-03,2019010301002587,SHL,49,49,"10,229",207.00,"2,117,403.00"
2019-01-03,2019010301002314,SHL,49,5,"1,265",205.00,"259,325.00"
2019-01-03,2019010301002313,SHL,49,42,100,205.00,"20,500.00"
2019-01-03,2019010301002463,SHPC,43,49,500,230.00,"115,000.00"
2019-01-03,2019010301002462,SHPC,57,49,100,230.00,"23,000.00"
2019-01-03,2019010301002461,SHPC,53,49,100,230.00,"23,000.00"
2019-01-03,2019010301002502,SIC,11,28,19,"1,320.00","25,080.00"
2019-01-03,2019010301002694,SICL,34,49,40,915.00,"36,600.00"
2019-01-03,2019010301002693,SICL,58,49,11,916.00,"10,076.00"
2019-01-03,2019010301002527,SICL,58,37,89,916.00,"81,524.00"
2019-01-03,2019010301002526,SICL,58,37,11,917.00,"10,087.00"
2019-01-03,2019010301002271,SIFC,16,33,100,136.00,"13,600.00"
2019-01-03,2019010301002270,SIFC,16,17,10,136.00,"1,360.00"
2019-01-03,2019010301002705,SIL,48,56,200,652.00,"130,400.00"
2019-01-03,2019010301002704,SIL,53,56,100,652.00,"65,200.00"
2019-01-03,2019010301002703,SIL,11,56,250,652.00,"163,000.00"
2019-01-03,2019010301002702,SIL,48,56,200,653.00,"130,600.00"
2019-01-03,2019010301002701,SIL,39,56,180,653.00,"117,540.00"
2019-01-03,2019010301002686,SIL,39,10,100,653.00,"65,300.00"
2019-01-03,2019010301002650,SIL,39,35,20,653.00,"13,060.00"
2019-01-03,2019010301002501,SIL,48,5,200,654.00,"130,800.00"
2019-01-03,2019010301002500,SIL,43,5,50,654.00,"32,700.00"
2019-01-03,2019010301002406,SIL,43,42,101,654.00,"66,054.00"
2019-01-03,2019010301002389,SIL,58,22,77,655.00,"50,435.00"
2019-01-03,2019010301002329,SIL,58,20,23,655.00,"15,065.00"
2019-01-03,2019010301002436,SKBBL,53,19,50,"1,075.00","53,750.00"
2019-01-03,2019010301002291,SKBBL,16,59,50,"1,072.00","53,600.00"
2019-01-03,2019010301002722,SLBBL,28,45,10,553.00,"5,530.00"
2019-01-03,2019010301002721,SLBBL,28,45,10,551.00,"5,510.00"
2019-01-03,2019010301002720,SLBBL,28,40,50,550.00,"27,500.00"
2019-01-03,2019010301002718,SLBBL,28,56,20,545.00,"10,900.00"
2019-01-03,2019010301002547,SLBBL,25,10,86,535.00,"46,010.00"
2019-01-03,2019010301002518,SLBBL,32,48,100,536.00,"53,600.00"
2019-01-03,2019010301002517,SLBBL,35,49,900,540.00,"486,000.00"
2019-01-03,2019010301002516,SLBBL,35,21,10,539.00,"5,390.00"
2019-01-03,2019010301002499,SLBS,45,50,10,"1,070.00","10,700.00"
2019-01-03,2019010301002710,SLICL,39,25,141,555.00,"78,255.00"
2019-01-03,2019010301002675,SLICL,36,40,12,561.00,"6,732.00"
2019-01-03,2019010301002567,SLICL,39,28,50,555.00,"27,750.00"
2019-01-03,2019010301002566,SLICL,25,28,50,556.00,"27,800.00"
2019-01-03,2019010301002565,SLICL,48,28,400,557.00,"222,800.00"
2019-01-03,2019010301002540,SLICL,36,40,78,561.00,"43,758.00"
2019-01-03,2019010301002415,SLICL,48,42,100,557.00,"55,700.00"
2019-01-03,2019010301002247,SLICL,17,4,10,562.00,"5,620.00"
2019-01-03,2019010301002715,SMATA,58,58,18,"1,113.00","20,034.00"
2019-01-03,2019010301002545,SMATA,58,49,50,"1,103.00","55,150.00"
2019-01-03,2019010301002470,SMATA,58,18,50,"1,103.00","55,150.00"
2019-01-03,2019010301002469,SMATA,57,18,100,"1,108.00","110,800.00"
2019-01-03,2019010301002468,SMATA,43,18,10,"1,108.00","11,080.00"
2019-01-03,2019010301002467,SMATA,58,18,100,"1,109.00","110,900.00"
2019-01-03,2019010301002466,SMATA,17,18,114,"1,110.00","126,540.00"
2019-01-03,2019010301002465,SMATA,58,18,20,"1,111.00","22,220.00"
2019-01-03,2019010301002464,SMATA,58,18,18,"1,112.00","20,016.00"
2019-01-03,2019010301002377,SMATA,58,34,12,"1,112.00","13,344.00"
2019-01-03,2019010301002554,SWBBL,58,48,175,858.00,"150,150.00"
2019-01-03,2019010301002553,SWBBL,29,48,25,860.00,"21,500.00"
2019-01-03,2019010301002476,UIC,16,16,170,791.00,"134,470.00"
2019-01-03,2019010301002475,UIC,19,16,30,795.00,"23,850.00"
2019-01-03,2019010301002391,UIC,19,42,20,795.00,"15,900.00"
2019-01-03,2019010301002474,UMHL,58,58,14,122.00,"1,708.00"
2019-01-03,2019010301002522,WOMI,58,51,25,951.00,"23,775.00"
2019-01-03,2019010301002513,WOMI,58,51,33,951.00,"31,383.00"
2019-01-03,2019010301002503,WOMI,6,51,25,952.00,"23,800.00"
2019-01-03,2019010301002162,ADBL,21,21,3,347.00,"1,041.00"
2019-01-03,2019010301002037,ADBL,21,21,3,347.00,"1,041.00"
2019-01-03,2019010301001957,ADBL,42,57,"1,895",348.00,"659,460.00"
2019-01-03,2019010301001956,ADBL,42,43,128,348.00,"44,544.00"
2019-01-03,2019010301001955,ADBL,42,17,77,347.00,"26,719.00"
2019-01-03,2019010301002123,AKJCL,52,47,20,94.00,"1,880.00"
2019-01-03,2019010301002110,AKJCL,52,47,10,94.00,940.00
2019-01-03,2019010301002053,AKJCL,52,37,20,94.00,"1,880.00"
2019-01-03,2019010301002041,AKJCL,52,37,20,94.00,"1,880.00"
2019-01-03,2019010301001976,AKJCL,52,37,20,94.00,"1,880.00"
2019-01-03,2019010301001929,AKJCL,52,17,10,94.00,940.00
2019-01-03,2019010301001738,AKJCL,52,37,10,94.00,940.00
2019-01-03,2019010301001732,AKJCL,52,37,10,94.00,940.00
2019-01-03,2019010301001725,AKJCL,52,37,10,94.00,940.00
2019-01-03,2019010301001868,AKJCL,52,37,20,94.00,"1,880.00"
2019-01-03,2019010301001857,AKJCL,52,37,10,94.00,940.00
2019-01-03,2019010301001844,AKJCL,52,37,10,94.00,940.00
2019-01-03,2019010301001825,AKJCL,52,37,20,94.00,"1,880.00"
2019-01-03,2019010301001758,AKJCL,52,49,20,94.00,"1,880.00"
2019-01-03,2019010301001746,AKJCL,52,37,10,94.00,940.00
2019-01-03,2019010301001925,AKJCL,52,37,10,94.00,940.00
2019-01-03,2019010301001915,AKJCL,52,37,10,94.00,940.00
2019-01-03,2019010301001906,AKJCL,52,37,20,94.00,"1,880.00"
2019-01-03,2019010301001892,AKJCL,52,37,20,94.00,"1,880.00"
2019-01-03,2019010301001886,AKJCL,52,37,10,94.00,940.00
2019-01-03,2019010301001872,AKJCL,52,37,10,94.00,940.00
2019-01-03,2019010301002178,AKPL,35,39,10,184.00,"1,840.00"
2019-01-03,2019010301002177,AKPL,39,54,10,185.00,"1,850.00"
2019-01-03,2019010301002043,ALICL,21,21,8,610.00,"4,880.00"
2019-01-03,2019010301001983,ALICL,45,56,120,612.00,"73,440.00"
2019-01-03,2019010301001814,ALICL,45,43,363,614.00,"222,882.00"
2019-01-03,2019010301001813,ALICL,45,43,80,614.00,"49,120.00"
2019-01-03,2019010301001812,ALICL,45,43,57,614.00,"34,998.00"
2019-01-03,2019010301001811,ALICL,45,43,46,614.00,"28,244.00"
2019-01-03,2019010301001804,ALICL,45,56,123,613.00,"75,399.00"
2019-01-03,2019010301001774,AMFI,58,39,100,706.00,"70,600.00"
2019-01-03,2019010301001773,AMFI,25,39,30,706.00,"21,180.00"
2019-01-03,2019010301001772,AMFI,58,39,50,706.00,"35,300.00"
2019-01-03,2019010301001771,AMFI,11,39,10,706.00,"7,060.00"
2019-01-03,2019010301001770,AMFI,1,39,100,710.00,"71,000.00"
2019-01-03,2019010301001769,AMFI,21,39,200,712.00,"142,400.00"
2019-01-03,2019010301002216,API,7,47,145,157.00,"22,765.00"
2019-01-03,2019010301002215,API,45,47,500,157.00,"78,500.00"
2019-01-03,2019010301002214,API,22,47,"1,000",157.00,"157,000.00"
2019-01-03,2019010301002213,API,46,47,200,157.00,"31,400.00"
2019-01-03,2019010301002212,API,32,47,500,157.00,"78,500.00"
2019-01-03,2019010301002211,API,4,47,500,157.00,"78,500.00"
2019-01-03,2019010301001830,API,32,57,100,158.00,"15,800.00"
2019-01-03,2019010301001829,API,32,45,290,158.00,"45,820.00"
2019-01-03,2019010301001836,API,32,7,400,159.00,"63,600.00"
2019-01-03,2019010301001835,API,32,56,500,159.00,"79,500.00"
2019-01-03,2019010301001834,API,32,39,100,159.00,"15,900.00"
2019-01-03,2019010301001833,API,32,42,780,159.00,"124,020.00"
2019-01-03,2019010301001832,API,32,49,"1,000",158.00,"158,000.00"
2019-01-03,2019010301001831,API,32,38,29,158.00,"4,582.00"
2019-01-03,2019010301002008,API,25,57,107,160.00,"17,120.00"
2019-01-03,2019010301001998,API,45,44,"1,000",159.00,"159,000.00"
2019-01-03,2019010301001996,API,58,25,"1,500",158.00,"237,000.00"
2019-01-03,2019010301001984,API,58,39,50,159.00,"7,950.00"
2019-01-03,2019010301001876,API,25,57,193,160.00,"30,880.00"
2019-01-03,2019010301001875,API,25,35,18,160.00,"2,880.00"
2019-01-03,2019010301002210,API,38,47,311,157.00,"48,827.00"
2019-01-03,2019010301002209,API,50,47,500,158.00,"79,000.00"
2019-01-03,2019010301002208,API,58,47,500,158.00,"79,000.00"
2019-01-03,2019010301002207,API,49,47,25,159.00,"3,975.00"
2019-01-03,2019010301002030,API,43,42,300,160.00,"48,000.00"
2019-01-03,2019010301002029,API,43,57,700,160.00,"112,000.00"
2019-01-03,2019010301002175,BHBL,43,38,100,141.00,"14,100.00"
2019-01-03,2019010301002174,BHBL,43,50,80,141.00,"11,280.00"
2019-01-03,2019010301002154,BHBL,52,17,"2,150",140.00,"301,000.00"
2019-01-03,2019010301002109,BHBL,44,14,50,139.00,"6,950.00"
2019-01-03,2019010301001950,BHBL,44,1,"1,000",139.00,"139,000.00"
2019-01-03,2019010301001891,BHBL,44,21,453,139.00,"62,967.00"
2019-01-03,2019010301001890,BHBL,33,21,150,139.00,"20,850.00"
2019-01-03,2019010301002054,BOKL,19,10,100,330.00,"33,000.00"
2019-01-03,2019010301002040,BOKL,7,49,270,329.00,"88,830.00"
2019-01-03,2019010301002039,BOKL,19,49,300,329.00,"98,700.00"
2019-01-03,2019010301002038,BOKL,32,49,110,329.00,"36,190.00"
2019-01-03,2019010301001778,BOKL,17,10,181,330.00,"59,730.00"
2019-01-03,2019010301001777,BOKL,17,32,19,330.00,"6,270.00"
2019-01-03,2019010301001755,BPCL,46,39,200,375.00,"75,000.00"
2019-01-03,2019010301001754,BPCL,46,47,100,375.00,"37,500.00"
2019-01-03,2019010301001753,BPCL,46,25,110,375.00,"41,250.00"
2019-01-03,2019010301001752,BPCL,46,13,10,374.00,"3,740.00"
2019-01-03,2019010301001948,CBBL,7,45,28,860.00,"24,080.00"
2019-01-03,2019010301001865,CBBL,54,33,723,858.00,"620,334.00"
2019-01-03,2019010301002186,CBL,17,21,21,162.00,"3,402.00"
2019-01-03,2019010301002065,CBL,44,37,720,163.00,"117,360.00"
2019-01-03,2019010301002059,CBL,17,50,"1,279",162.00,"207,198.00"
2019-01-03,2019010301002058,CBL,17,50,161,162.00,"26,082.00"
2019-01-03,2019010301001995,CBL,17,14,"1,152",162.00,"186,624.00"
2019-01-03,2019010301001979,CBL,44,54,136,163.00,"22,168.00"
2019-01-03,2019010301001978,CBL,44,45,500,163.00,"81,500.00"
2019-01-03,2019010301001860,CBL,17,47,380,162.00,"61,560.00"
2019-01-03,2019010301001733,CBL,54,47,100,163.00,"16,300.00"
2019-01-03,2019010301002124,CCBL,57,38,155,170.00,"26,350.00"
2019-01-03,2019010301002067,CCBL,44,38,100,170.00,"17,000.00"
2019-01-03,2019010301002056,CCBL,48,22,192,170.00,"32,640.00"
2019-01-03,2019010301001931,CCBL,38,22,300,170.00,"51,000.00"
2019-01-03,2019010301001930,CCBL,10,22,35,170.00,"5,950.00"
2019-01-03,2019010301001905,CCBL,10,17,298,170.00,"50,660.00"
2019-01-03,2019010301001901,CCBL,10,37,228,170.00,"38,760.00"
2019-01-03,2019010301001879,CCBL,10,38,439,170.00,"74,630.00"
2019-01-03,2019010301001862,CCBL,17,1,10,169.00,"1,690.00"
2019-01-03,2019010301001822,CCBL,45,38,10,170.00,"1,700.00"
2019-01-03,2019010301001728,CCBL,1,45,9,168.00,"1,512.00"
2019-01-03,2019010301002204,CHCL,19,55,50,555.00,"27,750.00"
2019-01-03,2019010301002179,CHCL,19,55,50,555.00,"27,750.00"
2019-01-03,2019010301002173,CHCL,50,21,52,554.00,"28,808.00"
2019-01-03,2019010301002172,CHCL,34,21,25,554.00,"13,850.00"
2019-01-03,2019010301002128,CHCL,38,55,25,555.00,"13,875.00"
2019-01-03,2019010301002021,CHCL,34,59,25,554.00,"13,850.00"
2019-01-03,2019010301001888,CHCL,33,59,26,554.00,"14,404.00"
2019-01-03,2019010301001782,CHCL,33,45,10,554.00,"5,540.00"
2019-01-03,2019010301002032,CIT,41,42,20,"2,110.00","42,200.00"
2019-01-03,2019010301001796,CIT,33,11,200,"2,110.00","422,000.00"
2019-01-03,2019010301002206,CZBIL,17,43,500,211.00,"105,500.00"
2019-01-03,2019010301002074,CZBIL,17,44,119,211.00,"25,109.00"
2019-01-03,2019010301001793,CZBIL,19,21,91,211.00,"19,201.00"
2019-01-03,2019010301001784,CZBIL,21,43,91,212.00,"19,292.00"
2019-01-03,2019010301002073,CZBIL,22,44,150,211.00,"31,650.00"
2019-01-03,2019010301002072,CZBIL,59,44,300,211.00,"63,300.00"
2019-01-03,2019010301002071,CZBIL,19,44,213,211.00,"44,943.00"
2019-01-03,2019010301001982,DBBL,32,22,84,126.00,"10,584.00"
2019-01-03,2019010301002163,DDBL,48,32,100,648.00,"64,800.00"
2019-01-03,2019010301002011,DHPL,16,17,11,100.00,"1,100.00"
2019-01-03,2019010301001999,DHPL,16,17,11,100.00,"1,100.00"
