Date,Transact. No.,Symbol,Buyer,Seller,Quantity,Rate,Amount
2019-04-17,2019041701009471,ADBL,4,1,300,338.00,"101,400.00"
2019-04-17,2019041701009470,ADBL,4,33,34,337.00,"11,458.00"
2019-04-17,2019041701009469,ADBL,4,59,410,337.00,"138,170.00"
2019-04-17,2019041701009468,ADBL,4,59,100,337.00,"33,700.00"
2019-04-17,2019041701009467,ADBL,4,28,100,337.00,"33,700.00"
2019-04-17,2019041701009102,ADBL,29,10,200,336.00,"67,200.00"
2019-04-17,2019041701009451,AKPL,41,53,10,169.00,"1,690.00"
2019-04-17,2019041701009450,AKPL,41,7,10,168.00,"1,680.00"
2019-04-17,2019041701009253,ALBSL,47,37,10,471.00,"4,710.00"
2019-04-17,2019041701009232,ALICL,58,54,10,414.00,"4,140.00"
2019-04-17,2019041701009231,ALICL,58,58,37,412.00,"15,244.00"
2019-04-17,2019041701009372,API,42,45,"1,800",132.00,"237,600.00"
2019-04-17,2019041701009328,API,53,45,100,132.00,"13,200.00"
2019-04-17,2019041701009472,BOKL,26,34,244,267.00,"65,148.00"
2019-04-17,2019041701009448,BOKL,26,34,756,267.00,"201,852.00"
2019-04-17,2019041701009419,BOKL,39,5,250,266.00,"66,500.00"
2019-04-17,2019041701009169,BOKL,13,34,500,267.00,"133,500.00"
2019-04-17,2019041701009418,BOKL,22,5,50,266.00,"13,300.00"
2019-04-17,2019041701009400,BOKL,55,34,500,267.00,"133,500.00"
2019-04-17,2019041701009352,BOKL,22,25,200,266.00,"53,200.00"
2019-04-17,2019041701009312,BOKL,22,26,250,266.00,"66,500.00"
2019-04-17,2019041701009261,BOKL,51,34,244,267.00,"65,148.00"
2019-04-17,2019041701009233,BOKL,51,34,256,267.00,"68,352.00"
2019-04-17,2019041701009314,BPCL,11,58,99,369.00,"36,531.00"
2019-04-17,2019041701009313,BPCL,11,42,115,368.00,"42,320.00"
2019-04-17,2019041701009486,CBBL,36,42,10,970.00,"9,700.00"
2019-04-17,2019041701009412,CBL,32,4,537,167.00,"89,679.00"
2019-04-17,2019041701009334,CBL,42,4,"1,000",168.00,"168,000.00"
2019-04-17,2019041701009197,CBL,14,4,15,168.00,"2,520.00"
2019-04-17,2019041701009196,CBL,34,4,313,168.00,"52,584.00"
2019-04-17,2019041701009195,CBL,48,4,"1,057",168.00,"177,576.00"
2019-04-17,2019041701009502,CCBL,48,48,"1,500",170.00,"255,000.00"
2019-04-17,2019041701009377,CCBL,58,48,324,170.00,"55,080.00"
2019-04-17,2019041701009349,CCBL,58,58,176,170.00,"29,920.00"
2019-04-17,2019041701009278,CCBL,26,58,200,170.00,"34,000.00"
2019-04-17,2019041701009259,CCBL,17,58,500,170.00,"85,000.00"
2019-04-17,2019041701009258,CCBL,17,28,"2,000",170.00,"340,000.00"
2019-04-17,2019041701009479,CHLBS,32,56,10,515.00,"5,150.00"
2019-04-17,2019041701009478,CHLBS,32,56,10,514.00,"5,140.00"
2019-04-17,2019041701009218,CHLBS,32,56,10,514.00,"5,140.00"
2019-04-17,2019041701009309,CIT,49,10,30,"2,525.00","75,750.00"
2019-04-17,2019041701009308,CIT,29,42,10,"2,526.00","25,260.00"
2019-04-17,2019041701009351,CZBIL,32,51,20,234.00,"4,680.00"
2019-04-17,2019041701009350,CZBIL,45,51,10,234.00,"2,340.00"
2019-04-17,2019041701009333,CZBIL,49,6,3,230.00,690.00
2019-04-17,2019041701009267,CZBIL,51,25,"1,000",233.00,"233,000.00"
2019-04-17,2019041701009166,CZBIL,45,25,10,232.00,"2,320.00"
2019-04-17,2019041701009165,CZBIL,45,57,152,232.00,"35,264.00"
2019-04-17,2019041701009164,CZBIL,45,41,62,232.00,"14,384.00"
2019-04-17,2019041701009163,CZBIL,45,52,27,232.00,"6,264.00"
2019-04-17,2019041701009268,DBBL,49,57,435,130.00,"56,550.00"
2019-04-17,2019041701009215,DBBL,49,42,565,130.00,"73,450.00"
2019-04-17,2019041701009214,DBBL,32,42,435,130.00,"56,550.00"
2019-04-17,2019041701009168,DBBL,32,52,100,130.00,"13,000.00"
2019-04-17,2019041701009167,DBBL,32,28,465,130.00,"60,450.00"
2019-04-17,2019041701009408,DDBL,50,25,348,655.00,"227,940.00"
2019-04-17,2019041701009407,DDBL,38,25,50,656.00,"32,800.00"
2019-04-17,2019041701009150,DDBL,1,17,100,658.00,"65,800.00"
2019-04-17,2019041701009307,EBL,57,50,55,620.00,"34,100.00"
2019-04-17,2019041701009244,EBL,57,7,300,620.00,"186,000.00"
2019-04-17,2019041701009217,EBL,57,53,100,620.00,"62,000.00"
2019-04-17,2019041701009141,EBL,57,34,150,619.00,"92,850.00"
2019-04-17,2019041701009140,EBL,57,51,95,616.00,"58,520.00"
2019-04-17,2019041701009184,EBL,57,17,345,620.00,"213,900.00"
2019-04-17,2019041701009146,EBL,57,17,155,620.00,"96,100.00"
2019-04-17,2019041701009145,EBL,57,58,50,620.00,"31,000.00"
2019-04-17,2019041701009144,EBL,57,41,285,620.00,"176,700.00"
2019-04-17,2019041701009143,EBL,57,51,365,620.00,"226,300.00"
2019-04-17,2019041701009142,EBL,57,6,300,619.00,"185,700.00"
2019-04-17,2019041701009483,EIC,43,44,45,996.00,"44,820.00"
2019-04-17,2019041701009482,EIC,19,44,50,"1,000.00","50,000.00"
2019-04-17,2019041701009481,EIC,38,44,10,"1,000.00","10,000.00"
2019-04-17,2019041701009480,EIC,43,44,27,"1,000.00","27,000.00"
2019-04-17,2019041701009299,EIC,43,58,23,"1,000.00","23,000.00"
2019-04-17,2019041701009298,EIC,39,58,17,"1,002.00","17,034.00"
2019-04-17,2019041701009106,EIC,11,29,20,"1,003.00","20,060.00"
2019-04-17,2019041701009435,FMDBL,1,48,598,389.00,"232,622.00"
2019-04-17,2019041701009434,FMDBL,52,48,100,390.00,"39,000.00"
2019-04-17,2019041701009433,FMDBL,55,48,100,390.00,"39,000.00"
2019-04-17,2019041701009432,FMDBL,19,48,290,390.00,"113,100.00"
2019-04-17,2019041701009265,FMDBL,57,42,10,396.00,"3,960.00"
2019-04-17,2019041701009264,FMDBL,57,21,30,395.00,"11,850.00"
2019-04-17,2019041701009181,FMDBL,41,25,200,393.00,"78,600.00"
2019-04-17,2019041701009155,GBBL,22,48,500,201.00,"100,500.00"
2019-04-17,2019041701009154,GBBL,22,48,"1,000",201.00,"201,000.00"
2019-04-17,2019041701009153,GBBL,39,48,150,201.00,"30,150.00"
2019-04-17,2019041701009199,GBIME,19,58,50,286.00,"14,300.00"
2019-04-17,2019041701009131,GBIME,39,37,700,287.00,"200,900.00"
2019-04-17,2019041701009119,GBLBS,58,10,20,358.00,"7,160.00"
2019-04-17,2019041701009273,GLICL,32,5,50,526.00,"26,300.00"
2019-04-17,2019041701009493,HBL,50,17,10,510.00,"5,100.00"
2019-04-17,2019041701009209,HIDCL,32,58,"1,105",140.00,"154,700.00"
2019-04-17,2019041701009208,HIDCL,32,22,500,140.00,"70,000.00"
2019-04-17,2019041701009207,HIDCL,32,16,25,140.00,"3,500.00"
2019-04-17,2019041701009206,HIDCL,32,53,114,140.00,"15,960.00"
2019-04-17,2019041701009205,HIDCL,32,51,100,140.00,"14,000.00"
2019-04-17,2019041701009204,HIDCL,32,45,41,140.00,"5,740.00"
2019-04-17,2019041701009101,HIDCL,44,45,10,140.00,"1,400.00"
2019-04-17,2019041701009100,HIDCL,44,50,480,139.00,"66,720.00"
2019-04-17,2019041701009099,HIDCL,44,56,131,139.00,"18,209.00"
2019-04-17,2019041701009098,HIDCL,44,43,300,139.00,"41,700.00"
2019-04-17,2019041701009406,HPPL,37,45,96,187.00,"17,952.00"
2019-04-17,2019041701009405,HPPL,37,34,10,186.00,"1,860.00"
2019-04-17,2019041701009371,HPPL,37,48,10,185.00,"1,850.00"
2019-04-17,2019041701009370,HPPL,37,48,10,185.00,"1,850.00"
2019-04-17,2019041701009369,HPPL,37,48,20,185.00,"3,700.00"
2019-04-17,2019041701009368,HPPL,37,19,10,185.00,"1,850.00"
2019-04-17,2019041701009475,IGI,42,28,10,412.00,"4,120.00"
2019-04-17,2019041701009411,IGI,7,58,500,410.00,"205,000.00"
2019-04-17,2019041701009410,IGI,7,29,100,410.00,"41,000.00"
2019-04-17,2019041701009409,IGI,7,44,235,406.00,"95,410.00"
2019-04-17,2019041701009243,JBBL,32,49,17,141.00,"2,397.00"
2019-04-17,2019041701009242,JBBL,32,25,12,141.00,"1,692.00"
2019-04-17,2019041701009241,JBBL,32,34,71,141.00,"10,011.00"
2019-04-17,2019041701009499,JBNL,29,57,500,189.00,"94,500.00"
2019-04-17,2019041701009404,JBNL,33,57,10,189.00,"1,890.00"
2019-04-17,2019041701009403,JBNL,33,38,20,187.00,"3,740.00"
2019-04-17,2019041701009325,JBNL,39,38,140,187.00,"26,180.00"
2019-04-17,2019041701009305,JBNL,39,38,110,187.00,"20,570.00"
2019-04-17,2019041701009304,JBNL,37,38,50,187.00,"9,350.00"
2019-04-17,2019041701009177,JBNL,38,17,50,187.00,"9,350.00"
2019-04-17,2019041701009176,JBNL,41,17,950,187.00,"177,650.00"
2019-04-17,2019041701009156,JBNL,41,38,200,187.00,"37,400.00"
2019-04-17,2019041701009262,JBNL,38,38,150,187.00,"28,050.00"
2019-04-17,2019041701009230,JBNL,38,41,250,187.00,"46,750.00"
2019-04-17,2019041701009216,JBNL,38,38,150,187.00,"28,050.00"
2019-04-17,2019041701009194,JBNL,38,38,200,187.00,"37,400.00"
2019-04-17,2019041701009192,JBNL,48,57,10,189.00,"1,890.00"
2019-04-17,2019041701009178,JBNL,38,38,200,187.00,"37,400.00"
2019-04-17,2019041701009266,JSLBB,34,32,14,"2,096.00","29,344.00"
2019-04-17,2019041701009360,KBL,34,50,264,258.00,"68,112.00"
2019-04-17,2019041701009359,KBL,52,50,300,258.00,"77,400.00"
2019-04-17,2019041701009358,KBL,21,50,500,258.00,"129,000.00"
2019-04-17,2019041701009357,KBL,7,50,200,258.00,"51,600.00"
2019-04-17,2019041701009356,KBL,51,50,500,258.00,"129,000.00"
2019-04-17,2019041701009332,KBL,16,57,500,259.00,"129,500.00"
2019-04-17,2019041701009132,KBL,52,26,14,259.00,"3,626.00"
2019-04-17,2019041701009190,KBL,4,42,329,259.00,"85,211.00"
2019-04-17,2019041701009189,KBL,32,42,100,259.00,"25,900.00"
2019-04-17,2019041701009188,KBL,6,42,100,259.00,"25,900.00"
2019-04-17,2019041701009187,KBL,56,42,30,259.00,"7,770.00"
2019-04-17,2019041701009186,KBL,47,42,135,259.00,"34,965.00"
2019-04-17,2019041701009185,KBL,52,42,506,259.00,"131,054.00"
2019-04-17,2019041701009224,KBL,45,50,100,259.00,"25,900.00"
2019-04-17,2019041701009223,KBL,52,50,81,259.00,"20,979.00"
2019-04-17,2019041701009222,KBL,51,50,"1,000",259.00,"259,000.00"
2019-04-17,2019041701009221,KBL,22,50,300,259.00,"77,700.00"
2019-04-17,2019041701009220,KBL,4,50,221,259.00,"57,239.00"
2019-04-17,2019041701009191,KBL,4,57,200,259.00,"51,800.00"
2019-04-17,2019041701009236,KBL,16,14,152,259.00,"39,368.00"
2019-04-17,2019041701009229,KBL,16,50,348,259.00,"90,132.00"
2019-04-17,2019041701009228,KBL,58,50,"1,000",259.00,"259,000.00"
2019-04-17,2019041701009227,KBL,46,50,250,259.00,"64,750.00"
2019-04-17,2019041701009226,KBL,1,50,500,259.00,"129,500.00"
2019-04-17,2019041701009225,KBL,1,50,200,259.00,"51,800.00"
2019-04-17,2019041701009297,KBL,48,50,"2,000",258.00,"516,000.00"
2019-04-17,2019041701009296,KBL,39,50,200,258.00,"51,600.00"
2019-04-17,2019041701009295,KBL,29,50,500,258.00,"129,000.00"
2019-04-17,2019041701009294,KBL,1,50,50,258.00,"12,900.00"
2019-04-17,2019041701009252,KBL,36,57,234,259.00,"60,606.00"
2019-04-17,2019041701009251,KBL,36,14,266,259.00,"68,894.00"
2019-04-17,2019041701009284,KMCDB,19,51,10,840.00,"8,400.00"
2019-04-17,2019041701009272,KMCDB,19,48,20,831.00,"16,620.00"
2019-04-17,2019041701009366,KMFL,34,41,100,831.00,"83,100.00"
2019-04-17,2019041701009365,KMFL,6,41,50,832.00,"41,600.00"
2019-04-17,2019041701009335,KMFL,41,41,10,846.00,"8,460.00"
2019-04-17,2019041701009457,LBL,49,39,49,218.00,"10,682.00"
2019-04-17,2019041701009118,LBL,22,17,500,218.00,"109,000.00"
2019-04-17,2019041701009201,LGIL,32,6,20,519.00,"10,380.00"
2019-04-17,2019041701009315,LLBS,26,49,120,810.00,"97,200.00"
2019-04-17,2019041701009203,LLBS,26,49,100,810.00,"81,000.00"
2019-04-17,2019041701009302,LVF1,26,33,"1,000",9.62,"9,620.00"
2019-04-17,2019041701009507,MBL,34,58,21,259.00,"5,439.00"
2019-04-17,2019041701009503,MBL,34,56,317,259.00,"82,103.00"
2019-04-17,2019041701009485,MBL,45,58,30,257.00,"7,710.00"
2019-04-17,2019041701009477,MBL,36,53,50,260.00,"13,000.00"
2019-04-17,2019041701009459,MBL,45,58,31,257.00,"7,967.00"
2019-04-17,2019041701009458,MBL,50,58,69,259.00,"17,871.00"
2019-04-17,2019041701009422,MBL,36,21,50,258.00,"12,900.00"
2019-04-17,2019041701009395,MBL,45,58,20,257.00,"5,140.00"
2019-04-17,2019041701009374,MBL,51,21,150,258.00,"38,700.00"
2019-04-17,2019041701009329,MBL,51,1,300,258.00,"77,400.00"
2019-04-17,2019041701009326,MBL,51,58,50,258.00,"12,900.00"
2019-04-17,2019041701009456,MBL,36,53,20,260.00,"5,200.00"
2019-04-17,2019041701009447,MBL,50,46,15,259.00,"3,885.00"
2019-04-17,2019041701009446,MBL,50,29,379,259.00,"98,161.00"
2019-04-17,2019041701009445,MBL,50,57,"3,919",259.00,"1,015,021.00"
2019-04-17,2019041701009444,MBL,50,8,118,259.00,"30,562.00"
2019-04-17,2019041701009423,MBL,36,57,11,259.00,"2,849.00"
2019-04-17,2019041701009127,MEGA,59,45,200,177.00,"35,400.00"
2019-04-17,2019041701009126,MEGA,41,45,100,177.00,"17,700.00"
2019-04-17,2019041702000090,MHNL,40,26,20,101.00,"2,020.00"
2019-04-17,2019041702000089,MHNL,18,49,40,103.00,"4,120.00"
2019-04-17,2019041702000088,MHNL,18,49,40,103.00,"4,120.00"
2019-04-17,2019041702000087,MHNL,18,39,40,103.00,"4,120.00"
2019-04-17,2019041702000086,MHNL,18,42,30,103.00,"3,090.00"
2019-04-17,2019041702000085,MHNL,40,11,40,101.00,"4,040.00"
2019-04-17,2019041702000006,MHNL,26,39,30,106.00,"3,180.00"
2019-04-17,2019041702000005,MHNL,40,49,30,104.00,"3,120.00"
2019-04-17,2019041702000004,MHNL,26,29,40,102.00,"4,080.00"
2019-04-17,2019041702000003,MHNL,26,4,30,102.00,"3,060.00"
2019-04-17,2019041702000002,MHNL,26,18,30,102.00,"3,060.00"
2019-04-17,2019041702000001,MHNL,38,48,10,100.00,"1,000.00"
2019-04-17,2019041702000012,MHNL,40,29,30,107.00,"3,210.00"
2019-04-17,2019041702000011,MHNL,40,19,40,107.00,"4,280.00"
2019-04-17,2019041702000010,MHNL,40,34,30,107.00,"3,210.00"
2019-04-17,2019041702000009,MHNL,40,19,40,107.00,"4,280.00"
2019-04-17,2019041702000008,MHNL,39,49,40,108.00,"4,320.00"
2019-04-17,2019041702000007,MHNL,26,22,10,106.00,"1,060.00"
2019-04-17,2019041702000018,MHNL,40,29,30,107.00,"3,210.00"
2019-04-17,2019041702000017,MHNL,40,29,40,107.00,"4,280.00"
2019-04-17,2019041702000016,MHNL,40,29,40,107.00,"4,280.00"
2019-04-17,2019041702000015,MHNL,40,29,40,107.00,"4,280.00"
2019-04-17,2019041702000014,MHNL,40,29,40,107.00,"4,280.00"
2019-04-17,2019041702000013,MHNL,40,49,30,107.00,"3,210.00"
2019-04-17,2019041702000024,MHNL,26,49,30,106.00,"3,180.00"
2019-04-17,2019041702000023,MHNL,26,58,20,106.00,"2,120.00"
2019-04-17,2019041702000022,MHNL,40,29,30,107.00,"3,210.00"
2019-04-17,2019041702000021,MHNL,40,29,40,107.00,"4,280.00"
2019-04-17,2019041702000020,MHNL,40,39,30,107.00,"3,210.00"
2019-04-17,2019041702000019,MHNL,40,29,40,107.00,"4,280.00"
2019-04-17,2019041702000030,MHNL,26,58,30,106.00,"3,180.00"
2019-04-17,2019041702000029,MHNL,26,58,30,106.00,"3,180.00"
2019-04-17,2019041702000028,MHNL,26,58,40,106.00,"4,240.00"
2019-04-17,2019041702000027,MHNL,26,49,40,106.00,"4,240.00"
2019-04-17,2019041702000026,MHNL,26,58,30,106.00,"3,180.00"
2019-04-17,2019041702000025,MHNL,26,39,30,106.00,"3,180.00"
2019-04-17,2019041702000036,MHNL,40,38,30,105.00,"3,150.00"
2019-04-17,2019041702000035,MHNL,40,21,30,105.00,"3,150.00"
2019-04-17,2019041702000034,MHNL,40,35,40,105.00,"4,200.00"
2019-04-17,2019041702000033,MHNL,26,42,40,106.00,"4,240.00"
2019-04-17,2019041702000032,MHNL,26,58,40,106.00,"4,240.00"
2019-04-17,2019041702000031,MHNL,26,58,30,106.00,"3,180.00"
2019-04-17,2019041702000042,MHNL,40,49,40,105.00,"4,200.00"
2019-04-17,2019041702000041,MHNL,40,40,40,105.00,"4,200.00"
2019-04-17,2019041702000040,MHNL,40,49,40,105.00,"4,200.00"
2019-04-17,2019041702000039,MHNL,40,41,40,105.00,"4,200.00"
2019-04-17,2019041702000038,MHNL,40,41,30,105.00,"3,150.00"
2019-04-17,2019041702000037,MHNL,40,40,40,105.00,"4,200.00"
2019-04-17,2019041702000048,MHNL,34,45,40,104.00,"4,160.00"
2019-04-17,2019041702000047,MHNL,34,34,30,104.00,"3,120.00"
2019-04-17,2019041702000046,MHNL,40,56,30,104.00,"3,120.00"
2019-04-17,2019041702000045,MHNL,40,26,30,104.00,"3,120.00"
2019-04-17,2019041702000044,MHNL,40,59,10,104.00,"1,040.00"
2019-04-17,2019041702000043,MHNL,40,59,30,105.00,"3,150.00"
2019-04-17,2019041702000054,MHNL,43,41,10,105.00,"1,050.00"
2019-04-17,2019041702000053,MHNL,43,49,40,105.00,"4,200.00"
2019-04-17,2019041702000052,MHNL,34,32,30,104.00,"3,120.00"
2019-04-17,2019041702000051,MHNL,34,50,30,104.00,"3,120.00"
2019-04-17,2019041702000050,MHNL,34,39,40,104.00,"4,160.00"
2019-04-17,2019041702000049,MHNL,34,34,40,104.00,"4,160.00"
2019-04-17,2019041702000060,MHNL,38,42,30,104.00,"3,120.00"
2019-04-17,2019041702000059,MHNL,38,21,40,104.00,"4,160.00"
2019-04-17,2019041702000058,MHNL,34,21,40,104.00,"4,160.00"
2019-04-17,2019041702000057,MHNL,34,21,40,104.00,"4,160.00"
2019-04-17,2019041702000056,MHNL,34,52,30,104.00,"3,120.00"
2019-04-17,2019041702000055,MHNL,34,29,40,104.00,"4,160.00"
2019-04-17,2019041702000066,MHNL,26,10,30,102.00,"3,060.00"
2019-04-17,2019041702000065,MHNL,26,10,40,102.00,"4,080.00"
2019-04-17,2019041702000064,MHNL,26,10,30,102.00,"3,060.00"
2019-04-17,2019041702000063,MHNL,26,10,40,102.00,"4,080.00"
2019-04-17,2019041702000062,MHNL,26,29,40,102.00,"4,080.00"
2019-04-17,2019041702000061,MHNL,26,55,30,102.00,"3,060.00"
2019-04-17,2019041702000072,MHNL,26,42,20,102.00,"2,040.00"
2019-04-17,2019041702000071,MHNL,26,10,40,102.00,"4,080.00"
2019-04-17,2019041702000070,MHNL,26,16,40,102.00,"4,080.00"
2019-04-17,2019041702000069,MHNL,26,42,10,102.00,"1,020.00"
2019-04-17,2019041702000068,MHNL,26,56,40,102.00,"4,080.00"
2019-04-17,2019041702000067,MHNL,26,41,40,102.00,"4,080.00"
2019-04-17,2019041702000078,MHNL,40,53,40,101.00,"4,040.00"
2019-04-17,2019041702000077,MHNL,40,47,40,101.00,"4,040.00"
2019-04-17,2019041702000076,MHNL,35,43,30,102.00,"3,060.00"
2019-04-17,2019041702000075,MHNL,35,47,30,102.00,"3,060.00"
2019-04-17,2019041702000074,MHNL,35,22,30,102.00,"3,060.00"
2019-04-17,2019041702000073,MHNL,35,42,10,102.00,"1,020.00"
2019-04-17,2019041702000084,MHNL,40,41,30,101.00,"3,030.00"
2019-04-17,2019041702000083,MHNL,40,11,40,101.00,"4,040.00"
2019-04-17,2019041702000082,MHNL,40,57,30,101.00,"3,030.00"
2019-04-17,2019041702000081,MHNL,40,54,40,101.00,"4,040.00"
2019-04-17,2019041702000080,MHNL,40,42,30,101.00,"3,030.00"
2019-04-17,2019041702000079,MHNL,40,45,30,101.00,"3,030.00"
2019-04-17,2019041701009421,MLBL,20,33,"1,000",178.00,"178,000.00"
2019-04-17,2019041701009420,MLBL,20,28,502,177.00,"88,854.00"
2019-04-17,2019041701009105,MNBBL,32,14,50,375.00,"18,750.00"
2019-04-17,2019041701009492,MSLB,53,33,20,"1,227.00","24,540.00"
2019-04-17,2019041701009491,MSLB,5,33,27,"1,229.00","33,183.00"
2019-04-17,2019041701009490,MSLB,49,33,20,"1,230.00","24,600.00"
2019-04-17,2019041701009376,NABIL,5,49,273,773.00,"211,029.00"
2019-04-17,2019041701009375,NABIL,5,45,77,773.00,"59,521.00"
2019-04-17,2019041701009179,NABIL,16,58,50,772.00,"38,600.00"
2019-04-17,2019041701009115,NABIL,33,45,15,773.00,"11,595.00"
2019-04-17,2019041701009248,NABILP,59,52,10,745.00,"7,450.00"
2019-04-17,2019041701009247,NABILP,59,17,50,739.00,"36,950.00"
2019-04-17,2019041701009219,NABILP,59,17,100,739.00,"73,900.00"
2019-04-17,2019041701009501,NADEP,17,14,10,620.00,"6,200.00"
2019-04-17,2019041701009452,NADEP,17,14,10,620.00,"6,200.00"
2019-04-17,2019041701009394,NADEP,26,28,260,624.00,"162,240.00"
2019-04-17,2019041701009393,NADEP,26,14,10,624.00,"6,240.00"
2019-04-17,2019041701009367,NADEP,26,14,10,624.00,"6,240.00"
2019-04-17,2019041701009109,NADEP,26,28,200,624.00,"124,800.00"
2019-04-17,2019041701009108,NADEP,26,25,10,623.00,"6,230.00"
2019-04-17,2019041701009107,NADEP,26,44,10,619.00,"6,190.00"
2019-04-17,2019041701009239,NADEP,58,28,15,627.00,"9,405.00"
2019-04-17,2019041701009461,NBB,34,56,50,217.00,"10,850.00"
2019-04-17,2019041701009387,NBB,25,56,126,217.00,"27,342.00"
2019-04-17,2019041701009386,NBB,25,20,74,217.00,"16,058.00"
2019-04-17,2019041701009355,NBB,25,10,50,216.00,"10,800.00"
2019-04-17,2019041701009134,NBB,25,55,284,216.00,"61,344.00"
2019-04-17,2019041701009263,NBB,25,6,267,216.00,"57,672.00"
2019-04-17,2019041701009136,NBB,25,55,16,216.00,"3,456.00"
2019-04-17,2019041701009135,NBB,25,55,200,216.00,"43,200.00"
2019-04-17,2019041701009496,NBL,33,49,13,299.00,"3,887.00"
2019-04-17,2019041701009495,NBL,33,47,619,298.00,"184,462.00"
2019-04-17,2019041701009494,NBL,33,17,18,298.00,"5,364.00"
2019-04-17,2019041701009398,NBL,45,17,32,298.00,"9,536.00"
2019-04-17,2019041701009397,NBL,45,4,368,298.00,"109,664.00"
2019-04-17,2019041701009363,NBL,20,4,132,298.00,"39,336.00"
2019-04-17,2019041701009362,NBL,20,46,220,298.00,"65,560.00"
2019-04-17,2019041701009506,NCCB,53,4,50,227.00,"11,350.00"
2019-04-17,2019041701009474,NCCB,34,4,100,227.00,"22,700.00"
2019-04-17,2019041701009429,NCCB,34,4,68,227.00,"15,436.00"
2019-04-17,2019041701009428,NCCB,34,29,432,227.00,"98,064.00"
2019-04-17,2019041701009382,NCCB,53,29,500,227.00,"113,500.00"
2019-04-17,2019041701009381,NCCB,34,29,"1,808",227.00,"410,416.00"
2019-04-17,2019041701009338,NCCB,53,39,192,227.00,"43,584.00"
2019-04-17,2019041701009337,NCCB,41,39,500,227.00,"113,500.00"
2019-04-17,2019041701009336,NCCB,21,39,280,227.00,"63,560.00"
2019-04-17,2019041701009373,NCCB,47,4,100,228.00,"22,800.00"
2019-04-17,2019041701009346,NCCB,34,35,192,227.00,"43,584.00"
2019-04-17,2019041701009345,NCCB,28,35,"1,000",227.00,"227,000.00"
2019-04-17,2019041701009344,NCCB,36,35,500,227.00,"113,500.00"
2019-04-17,2019041701009343,NCCB,1,35,200,227.00,"45,400.00"
2019-04-17,2019041701009342,NCCB,53,35,308,227.00,"69,916.00"
2019-04-17,2019041701009487,NHPC,48,37,500,70.00,"35,000.00"
2019-04-17,2019041701009330,NHPC,58,37,300,70.00,"21,000.00"
2019-04-17,2019041701009183,NHPC,56,32,"2,000",69.00,"138,000.00"
2019-04-17,2019041701009449,NIB,35,1,57,552.00,"31,464.00"
2019-04-17,2019041701009385,NIB,48,1,143,552.00,"78,936.00"
2019-04-17,2019041701009384,NIB,48,21,200,552.00,"110,400.00"
2019-04-17,2019041701009383,NIB,48,52,57,552.00,"31,464.00"
2019-04-17,2019041701009250,NIB,35,52,43,552.00,"23,736.00"
2019-04-17,2019041701009249,NIB,35,50,30,552.00,"16,560.00"
2019-04-17,2019041701009245,NIB,26,13,60,551.00,"33,060.00"
2019-04-17,2019041701009500,NICA,50,49,100,487.00,"48,700.00"
2019-04-17,2019041701009489,NICA,50,40,100,487.00,"48,700.00"
2019-04-17,2019041701009488,NICA,54,40,"1,000",487.00,"487,000.00"
2019-04-17,2019041701009431,NICA,17,40,900,487.00,"438,300.00"
2019-04-17,2019041701009399,NICA,33,59,150,488.00,"73,200.00"
2019-04-17,2019041701009392,NICA,17,47,100,487.00,"48,700.00"
2019-04-17,2019041701009114,NICA,42,36,100,490.00,"49,000.00"
2019-04-17,2019041701009103,NICA,49,35,"1,000",490.00,"490,000.00"
2019-04-17,2019041701009391,NICA,58,47,900,487.00,"438,300.00"
2019-04-17,2019041701009323,NICA,57,38,53,488.00,"25,864.00"
2019-04-17,2019041701009238,NICA,57,44,12,488.00,"5,856.00"
2019-04-17,2019041701009237,NICA,57,58,100,488.00,"48,800.00"
2019-04-17,2019041701009124,NICA,58,42,100,487.00,"48,700.00"
2019-04-17,2019041701009117,NICA,8,58,300,488.00,"146,400.00"
2019-04-17,2019041701009427,NICL,21,34,50,378.00,"18,900.00"
2019-04-17,2019041701009426,NICL,21,34,50,378.00,"18,900.00"
2019-04-17,2019041701009425,NICL,45,34,100,378.00,"37,800.00"
2019-04-17,2019041701009424,NICL,42,34,919,378.00,"347,382.00"
2019-04-17,2019041701009388,NICL,42,16,500,378.00,"189,000.00"
2019-04-17,2019041701009133,NICL,57,4,50,380.00,"19,000.00"
2019-04-17,2019041701009120,NLG,45,25,53,827.00,"43,831.00"
2019-04-17,2019041701009260,NLIC,6,41,33,"1,110.00","36,630.00"
2019-04-17,2019041701009193,NLIC,32,57,20,"1,116.00","22,320.00"
2019-04-17,2019041701009175,NLICL,32,34,20,599.00,"11,980.00"
2019-04-17,2019041701009162,NLICL,7,35,100,590.00,"59,000.00"
2019-04-17,2019041701009161,NLICL,39,35,200,590.00,"118,000.00"
2019-04-17,2019041701009160,NLICL,41,35,150,591.00,"88,650.00"
2019-04-17,2019041701009159,NLICL,29,35,50,592.00,"29,600.00"
2019-04-17,2019041701009139,NLICL,29,33,100,592.00,"59,200.00"
2019-04-17,2019041701009466,NMB,4,25,30,389.00,"11,670.00"
2019-04-17,2019041701009465,NMB,4,58,470,388.00,"182,360.00"
2019-04-17,2019041701009417,NMB,59,58,500,388.00,"194,000.00"
2019-04-17,2019041701009416,NMB,1,58,30,388.00,"11,640.00"
2019-04-17,2019041701009380,NMB,50,28,"2,530",388.00,"981,640.00"
2019-04-17,2019041701009379,NMB,50,45,"1,000",388.00,"388,000.00"
2019-04-17,2019041701009234,NMB,4,7,850,385.00,"327,250.00"
2019-04-17,2019041701009173,NMB,4,25,31,389.00,"12,059.00"
2019-04-17,2019041701009172,NMB,4,29,500,388.00,"194,000.00"
2019-04-17,2019041701009171,NMB,4,45,500,388.00,"194,000.00"
2019-04-17,2019041701009170,NMB,4,56,469,388.00,"181,972.00"
2019-04-17,2019041701009147,NMB,45,50,585,387.00,"226,395.00"
2019-04-17,2019041701009378,NMB,50,37,379,388.00,"147,052.00"
2019-04-17,2019041701009361,NMB,4,48,85,387.00,"32,895.00"
2019-04-17,2019041701009354,NMB,4,7,500,387.00,"193,500.00"
2019-04-17,2019041701009353,NMB,4,46,180,387.00,"69,660.00"
2019-04-17,2019041701009327,NMB,32,46,20,387.00,"7,740.00"
2019-04-17,2019041701009235,NMB,26,7,200,385.00,"77,000.00"
2019-04-17,2019041701009125,NMBMF,36,49,10,"1,032.00","10,320.00"
2019-04-17,2019041701009464,NTC,38,11,190,680.00,"129,200.00"
2019-04-17,2019041701009303,NTC,48,33,10,682.00,"6,820.00"
2019-04-17,2019041701009271,NTC,38,11,740,680.00,"503,200.00"
2019-04-17,2019041701009270,NTC,47,11,60,680.00,"40,800.00"
2019-04-17,2019041701009269,NTC,13,11,200,681.00,"136,200.00"
2019-04-17,2019041701009484,NUBL,49,22,100,805.00,"80,500.00"
2019-04-17,2019041701009340,PCBL,21,56,200,341.00,"68,200.00"
2019-04-17,2019041701009476,PFL,42,59,26,135.00,"3,510.00"
2019-04-17,2019041701009364,PIC,32,6,14,"1,017.00","14,238.00"
2019-04-17,2019041701009200,PIC,33,33,100,"1,015.00","101,500.00"
2019-04-17,2019041701009149,PIC,32,6,400,"1,017.00","406,800.00"
2019-04-17,2019041701009148,PIC,20,6,86,"1,017.00","87,462.00"
2019-04-17,2019041701009130,PIC,20,1,14,"1,017.00","14,238.00"
2019-04-17,2019041701009129,PIC,33,1,168,"1,017.00","170,856.00"
2019-04-17,2019041701009443,PICL,26,34,200,716.00,"143,200.00"
2019-04-17,2019041701009402,PICL,26,22,200,712.00,"142,400.00"
2019-04-17,2019041701009401,PICL,26,6,150,712.00,"106,800.00"
2019-04-17,2019041701009498,PLIC,58,51,10,473.00,"4,730.00"
2019-04-17,2019041701009497,PLIC,58,17,80,469.00,"37,520.00"
2019-04-17,2019041701009463,PRVU,32,58,200,269.00,"53,800.00"
2019-04-17,2019041701009462,PRVU,42,58,122,269.00,"32,818.00"
2019-04-17,2019041701009460,PRVU,5,11,100,270.00,"27,000.00"
2019-04-17,2019041701009389,PRVU,28,11,50,270.00,"13,500.00"
2019-04-17,2019041701009285,PRVU,42,56,278,269.00,"74,782.00"
2019-04-17,2019041701009277,PRVU,36,11,26,270.00,"7,020.00"
2019-04-17,2019041701009198,PRVU,39,48,300,269.00,"80,700.00"
2019-04-17,2019041701009123,PRVU,45,19,190,269.00,"51,110.00"
2019-04-17,2019041701009122,PRVU,45,41,300,269.00,"80,700.00"
2019-04-17,2019041701009121,PRVU,45,7,103,269.00,"27,707.00"
2019-04-17,2019041701009396,RBCL,3,52,19,"9,200.00","174,800.00"
2019-04-17,2019041701009430,RMDC,28,48,100,584.00,"58,400.00"
2019-04-17,2019041701009390,SANIMA,45,48,190,334.00,"63,460.00"
2019-04-17,2019041701009110,SANIMA,45,16,10,334.00,"3,340.00"
2019-04-17,2019041701009341,SBBLJ,17,36,60,196.00,"11,760.00"
2019-04-17,2019041701009473,SBI,14,29,50,436.00,"21,800.00"
2019-04-17,2019041701009505,SBL,4,34,50,345.00,"17,250.00"
2019-04-17,2019041701009504,SBL,4,16,"1,350",344.00,"464,400.00"
2019-04-17,2019041701009322,SBL,4,16,150,344.00,"51,600.00"
2019-04-17,2019041701009321,SBL,4,51,230,344.00,"79,120.00"
2019-04-17,2019041701009320,SBL,4,42,500,344.00,"172,000.00"
2019-04-17,2019041701009319,SBL,4,57,30,343.00,"10,290.00"
2019-04-17,2019041701009180,SBL,40,57,900,342.00,"307,800.00"
2019-04-17,2019041701009280,SBL,4,38,"1,000",341.00,"341,000.00"
2019-04-17,2019041701009279,SBL,4,45,50,341.00,"17,050.00"
2019-04-17,2019041701009213,SBL,36,16,85,339.00,"28,815.00"
2019-04-17,2019041701009212,SBL,56,16,200,339.00,"67,800.00"
2019-04-17,2019041701009211,SBL,25,16,500,340.00,"170,000.00"
2019-04-17,2019041701009210,SBL,4,16,136,340.00,"46,240.00"
2019-04-17,2019041701009318,SBL,4,43,887,343.00,"304,241.00"
2019-04-17,2019041701009317,SBL,4,21,203,342.00,"69,426.00"
2019-04-17,2019041701009311,SBL,4,21,50,342.00,"17,100.00"
2019-04-17,2019041701009283,SBL,4,29,100,342.00,"34,200.00"
2019-04-17,2019041701009282,SBL,4,57,800,342.00,"273,600.00"
2019-04-17,2019041701009281,SBL,4,38,"1,000",341.00,"341,000.00"
2019-04-17,2019041701009306,SCB,35,6,20,600.00,"12,000.00"
2019-04-17,2019041701009256,SCB,35,11,10,600.00,"6,000.00"
2019-04-17,2019041701009255,SCB,17,11,90,600.00,"54,000.00"
2019-04-17,2019041701009158,SCB,17,58,10,600.00,"6,000.00"
2019-04-17,2019041701009157,SCB,35,58,40,600.00,"24,000.00"
2019-04-17,2019041701009128,SCB,35,16,10,600.00,"6,000.00"
2019-04-17,2019041701009246,SDESI,59,43,50,568.00,"28,400.00"
2019-04-17,2019041701009182,SEF,26,19,"5,000",9.43,"47,150.00"
2019-04-17,2019041701009174,SEF,28,36,"10,000",9.50,"95,000.00"
2019-04-17,2019041701009442,SHIVM,43,58,20,305.00,"6,100.00"
2019-04-17,2019041701009441,SHIVM,19,58,"1,000",305.00,"305,000.00"
2019-04-17,2019041701009440,SHIVM,16,58,360,305.00,"109,800.00"
2019-04-17,2019041701009439,SHIVM,45,58,500,305.00,"152,500.00"
2019-04-17,2019041701009438,SHIVM,50,58,100,305.00,"30,500.00"
2019-04-17,2019041701009437,SHIVM,34,58,"1,020",306.00,"312,120.00"
2019-04-17,2019041701009310,SHIVM,37,58,50,307.00,"15,350.00"
2019-04-17,2019041701009254,SHIVM,34,33,500,306.00,"153,000.00"
2019-04-17,2019041701009113,SHIVM,34,57,480,306.00,"146,880.00"
2019-04-17,2019041701009112,SHIVM,34,57,100,306.00,"30,600.00"
2019-04-17,2019041701009111,SHIVM,44,57,420,306.00,"128,520.00"
2019-04-17,2019041701009436,SHL,41,49,100,210.00,"21,000.00"
2019-04-17,2019041701009454,SHPC,16,7,286,228.00,"65,208.00"
2019-04-17,2019041701009453,SHPC,17,7,14,228.00,"3,192.00"
2019-04-17,2019041701009339,SHPC,17,11,450,228.00,"102,600.00"
2019-04-17,2019041701009415,SIC,42,32,24,"1,300.00","31,200.00"
2019-04-17,2019041701009414,SIC,49,32,100,"1,300.00","130,000.00"
2019-04-17,2019041701009413,SIC,49,32,26,"1,305.00","33,930.00"
2019-04-17,2019041701009331,SIC,20,7,100,"1,308.00","130,800.00"
2019-04-17,2019041701009138,SINDU,29,51,190,132.00,"25,080.00"
2019-04-17,2019041701009137,SINDU,29,42,10,132.00,"1,320.00"
2019-04-17,2019041701009116,SINDU,29,57,262,130.00,"34,060.00"
2019-04-17,2019041701009301,SKBBL,45,42,100,976.00,"97,600.00"
2019-04-17,2019041701009300,SKBBL,45,42,88,976.00,"85,888.00"
2019-04-17,2019041701009348,SLICL,28,25,37,554.00,"20,498.00"
2019-04-17,2019041701009347,SLICL,28,35,63,554.00,"34,902.00"
2019-04-17,2019041701009316,SRBL,45,51,49,245.00,"12,005.00"
2019-04-17,2019041701009104,SRBL,4,28,50,246.00,"12,300.00"
2019-04-17,2019041701009257,UIC,17,16,343,848.00,"290,864.00"
2019-04-17,2019041701009240,UIC,17,16,250,848.00,"212,000.00"
2019-04-17,2019041701009202,UIC,32,32,90,843.00,"75,870.00"
2019-04-17,2019041701009151,UIC,32,17,150,845.00,"126,750.00"
2019-04-17,2019041701009455,UPCL,58,48,10,95.00,950.00
2019-04-17,2019041701009324,UPCL,54,45,100,94.00,"9,400.00"
2019-04-17,2019041701009293,UPCL,6,14,50,92.00,"4,600.00"
2019-04-17,2019041701009292,UPCL,6,59,50,92.00,"4,600.00"
2019-04-17,2019041701009291,UPCL,6,46,50,92.00,"4,600.00"
2019-04-17,2019041701009290,UPCL,6,46,50,92.00,"4,600.00"
2019-04-17,2019041701009274,UPCL,6,56,90,91.00,"8,190.00"
2019-04-17,2019041701009152,UPCL,56,26,50,90.00,"4,500.00"
2019-04-17,2019041701009289,UPCL,6,22,50,92.00,"4,600.00"
2019-04-17,2019041701009288,UPCL,6,22,50,92.00,"4,600.00"
2019-04-17,2019041701009287,UPCL,6,1,100,92.00,"9,200.00"
2019-04-17,2019041701009286,UPCL,6,45,80,92.00,"7,360.00"
2019-04-17,2019041701009276,UPCL,6,41,300,91.00,"27,300.00"
2019-04-17,2019041701009275,UPCL,6,41,200,91.00,"18,200.00"
2019-04-17,2019041701009056,ADBL,29,16,86,336.00,"28,896.00"
2019-04-17,2019041701009055,ADBL,29,16,25,336.00,"8,400.00"
2019-04-17,2019041701009054,ADBL,29,51,500,336.00,"168,000.00"
2019-04-17,2019041701009053,ADBL,29,25,43,336.00,"14,448.00"
2019-04-17,2019041701008854,ADBL,4,25,57,336.00,"19,152.00"
2019-04-17,2019041701008853,ADBL,4,20,500,336.00,"168,000.00"
2019-04-17,2019041701008733,ADBL,4,6,400,335.00,"134,000.00"
2019-04-17,2019041701008852,ADBL,4,11,420,336.00,"141,120.00"
2019-04-17,2019041701008851,ADBL,4,28,29,336.00,"9,744.00"
2019-04-17,2019041701008850,ADBL,4,46,20,335.00,"6,700.00"
2019-04-17,2019041701008849,ADBL,4,51,974,335.00,"326,290.00"
2019-04-17,2019041701008830,ADBL,35,51,26,335.00,"8,710.00"
2019-04-17,2019041701008734,ADBL,4,5,200,335.00,"67,000.00"
2019-04-17,2019041701008865,AHPC,10,28,800,101.00,"80,800.00"
2019-04-17,2019041701009079,AKJCL,25,13,20,81.00,"1,620.00"
2019-04-17,2019041701009044,AKPL,22,21,"1,200",166.00,"199,200.00"
2019-04-17,2019041701008936,ALBSL,20,42,10,469.00,"4,690.00"
2019-04-17,2019041701008923,ALBSL,20,42,10,469.00,"4,690.00"
2019-04-17,2019041701008912,ALBSL,20,42,10,469.00,"4,690.00"
2019-04-17,2019041701008905,ALBSL,20,42,10,469.00,"4,690.00"
2019-04-17,2019041701008895,ALBSL,20,42,10,469.00,"4,690.00"
2019-04-17,2019041701008882,ALBSL,1,42,10,470.00,"4,700.00"
2019-04-17,2019041701008873,ALBSL,1,42,10,470.00,"4,700.00"
2019-04-17,2019041701008868,ALBSL,1,26,10,470.00,"4,700.00"
2019-04-17,2019041701008798,ALBSL,1,26,10,470.00,"4,700.00"
2019-04-17,2019041701008816,ALICL,34,22,130,409.00,"53,170.00"
2019-04-17,2019041701008815,ALICL,48,22,20,410.00,"8,200.00"
2019-04-17,2019041701008656,ALICL,55,58,63,412.00,"25,956.00"
2019-04-17,2019041701008613,ALICL,55,34,51,412.00,"21,012.00"
2019-04-17,2019041701009071,API,45,45,100,132.00,"13,200.00"
2019-04-17,2019041701008986,API,6,45,"2,000",132.00,"264,000.00"
2019-04-17,2019041701008887,API,25,59,27,133.00,"3,591.00"
2019-04-17,2019041701009072,BOKL,22,34,244,267.00,"65,148.00"
2019-04-17,2019041701009030,BOKL,13,25,500,267.00,"133,500.00"
2019-04-17,2019041701009029,BOKL,13,25,92,267.00,"24,564.00"
2019-04-17,2019041701009028,BOKL,13,20,86,267.00,"22,962.00"
2019-04-17,2019041701009027,BOKL,13,56,500,267.00,"133,500.00"
2019-04-17,2019041701009026,BOKL,13,6,130,267.00,"34,710.00"
2019-04-17,2019041701008728,BOKL,22,6,20,267.00,"5,340.00"
2019-04-17,2019041701008710,BOKL,22,40,100,267.00,"26,700.00"
2019-04-17,2019041701008620,BOKL,26,33,132,266.00,"35,112.00"
2019-04-17,2019041701008619,BOKL,26,49,192,266.00,"51,072.00"
2019-04-17,2019041701009087,BPCL,48,43,22,368.00,"8,096.00"
2019-04-17,2019041701009086,BPCL,48,43,22,368.00,"8,096.00"
2019-04-17,2019041701009085,BPCL,48,43,22,368.00,"8,096.00"
2019-04-17,2019041701009084,BPCL,48,43,22,368.00,"8,096.00"
2019-04-17,2019041701009083,BPCL,48,43,22,368.00,"8,096.00"
2019-04-17,2019041701009082,BPCL,48,58,470,368.00,"172,960.00"
2019-04-17,2019041701009022,BPCL,5,58,30,368.00,"11,040.00"
2019-04-17,2019041701009000,BPCL,22,58,"1,000",364.00,"364,000.00"
2019-04-17,2019041701008992,BPCL,5,43,20,368.00,"7,360.00"
2019-04-17,2019041701009007,CBBL,42,16,20,969.00,"19,380.00"
2019-04-17,2019041701008910,CBBL,26,45,603,955.00,"575,865.00"
2019-04-17,2019041701008735,CBBL,26,42,60,955.00,"57,300.00"
2019-04-17,2019041701008602,CBBL,50,6,23,965.00,"22,195.00"
2019-04-17,2019041701008601,CBBL,50,53,200,965.00,"193,000.00"
2019-04-17,2019041701009051,CBL,48,22,200,168.00,"33,600.00"
2019-04-17,2019041701009050,CBL,48,32,743,168.00,"124,824.00"
2019-04-17,2019041701008973,CBL,48,32,257,168.00,"43,176.00"
2019-04-17,2019041701008972,CBL,48,28,"2,000",168.00,"336,000.00"
2019-04-17,2019041701008971,CBL,48,58,"2,843",168.00,"477,624.00"
2019-04-17,2019041701008970,CBL,48,5,"1,500",168.00,"252,000.00"
2019-04-17,2019041701008926,CBL,17,41,50,167.00,"8,350.00"
2019-04-17,2019041701008925,CBL,40,41,200,167.00,"33,400.00"
2019-04-17,2019041701008924,CBL,22,41,"1,063",167.00,"177,521.00"
2019-04-17,2019041701008833,CBL,42,6,"2,000",168.00,"336,000.00"
2019-04-17,2019041701008787,CBL,22,58,200,167.00,"33,400.00"
2019-04-17,2019041701008969,CBL,48,40,"2,000",168.00,"336,000.00"
2019-04-17,2019041701008968,CBL,48,58,200,168.00,"33,600.00"
2019-04-17,2019041701008967,CBL,48,59,200,168.00,"33,600.00"
2019-04-17,2019041701008966,CBL,48,1,500,168.00,"84,000.00"
2019-04-17,2019041701008965,CBL,48,11,500,168.00,"84,000.00"
2019-04-17,2019041701008927,CBL,34,41,687,167.00,"114,729.00"
2019-04-17,2019041701009075,CCBL,49,11,500,169.00,"84,500.00"
2019-04-17,2019041701008763,CCBL,49,58,"2,000",170.00,"340,000.00"
2019-04-17,2019041701008762,CCBL,49,32,97,170.00,"16,490.00"
2019-04-17,2019041701008761,CCBL,49,58,"1,105",170.00,"187,850.00"
2019-04-17,2019041701008706,CCBL,49,28,20,169.00,"3,380.00"
2019-04-17,2019041701009040,CHCL,17,57,160,506.00,"80,960.00"
2019-04-17,2019041701008960,CHCL,17,17,275,506.00,"139,150.00"
2019-04-17,2019041701008959,CHCL,41,17,70,507.00,"35,490.00"
2019-04-17,2019041701008900,CHL,13,39,200,102.00,"20,400.00"
2019-04-17,2019041701008899,CHL,58,39,156,102.00,"15,912.00"
2019-04-17,2019041701008879,CHL,42,39,77,103.00,"7,931.00"
2019-04-17,2019041701009070,CHLBS,32,39,10,514.00,"5,140.00"
2019-04-17,2019041701009037,CHLBS,45,7,10,511.00,"5,110.00"
2019-04-17,2019041701008866,CHLBS,42,34,10,500.00,"5,000.00"
2019-04-17,2019041701008840,CHLBS,17,42,10,501.00,"5,010.00"
2019-04-17,2019041701008738,CHLBS,17,41,200,510.00,"102,000.00"
2019-04-17,2019041701008769,CIT,35,35,35,"2,523.00","88,305.00"
2019-04-17,2019041701009057,CZBIL,49,16,10,228.00,"2,280.00"
2019-04-17,2019041701008989,CZBIL,43,25,853,231.00,"197,043.00"
2019-04-17,2019041701008988,CZBIL,43,51,100,231.00,"23,100.00"
2019-04-17,2019041701008983,CZBIL,49,17,400,230.00,"92,000.00"
2019-04-17,2019041701008982,CZBIL,49,45,97,229.00,"22,213.00"
2019-04-17,2019041701008714,CZBIL,34,49,109,229.00,"24,961.00"
2019-04-17,2019041701008608,CZBIL,49,17,500,228.00,"114,000.00"
2019-04-17,2019041701008906,DDBL,38,19,50,656.00,"32,800.00"
2019-04-17,2019041701008781,DHPL,46,29,10,82.00,820.00
2019-04-17,2019041701008692,DHPL,46,29,10,82.00,820.00
2019-04-17,2019041701009073,EBL,11,16,10,614.00,"6,140.00"
2019-04-17,2019041701008757,EBL,19,40,380,616.00,"234,080.00"
2019-04-17,2019041701009088,EIC,11,29,40,"1,003.00","40,120.00"
2019-04-17,2019041701009078,EIC,11,29,20,"1,003.00","20,060.00"
2019-04-17,2019041701009065,EIC,11,29,90,"1,003.00","90,270.00"
2019-04-17,2019041701008956,EIC,39,28,23,"1,002.00","23,046.00"
2019-04-17,2019041701008605,FMDBL,57,42,10,396.00,"3,960.00"
2019-04-17,2019041701009092,GBBL,32,43,100,203.00,"20,300.00"
2019-04-17,2019041701008955,GBBL,39,55,50,201.00,"10,050.00"
2019-04-17,2019041701008764,GBBL,18,43,100,203.00,"20,300.00"
2019-04-17,2019041701008751,GBBL,22,17,300,202.00,"60,600.00"
2019-04-17,2019041701008625,GBBL,1,17,700,202.00,"141,400.00"
2019-04-17,2019041701008624,GBBL,1,26,200,202.00,"40,400.00"
2019-04-17,2019041701008961,GBIME,19,26,200,286.00,"57,200.00"
2019-04-17,2019041701008783,GBIME,5,49,837,285.00,"238,545.00"
2019-04-17,2019041701008766,GBIME,11,49,300,285.00,"85,500.00"
2019-04-17,2019041701008752,GBIME,38,59,350,284.00,"99,400.00"
2019-04-17,2019041701008700,GBIME,22,59,100,284.00,"28,400.00"
2019-04-17,2019041701008695,GBIME,33,59,200,284.00,"56,800.00"
2019-04-17,2019041701008694,GBIME,42,59,50,284.00,"14,200.00"
2019-04-17,2019041701009089,GFCL,34,6,990,120.00,"118,800.00"
2019-04-17,2019041701008729,GFCL,6,10,100,122.00,"12,200.00"
2019-04-17,2019041701008711,GLICL,50,21,20,525.00,"10,500.00"
2019-04-17,2019041701008987,HDL,25,28,200,"1,380.00","276,000.00"
2019-04-17,2019041701009074,HGI,10,6,450,392.00,"176,400.00"
2019-04-17,2019041701009067,HGI,16,6,30,392.00,"11,760.00"
2019-04-17,2019041701009097,HIDCL,44,14,61,138.00,"8,418.00"
2019-04-17,2019041701009096,HIDCL,44,35,200,138.00,"27,600.00"
2019-04-17,2019041701009064,HIDCL,5,35,20,138.00,"2,760.00"
2019-04-17,2019041701008874,HIDCL,25,11,100,137.00,"13,700.00"
2019-04-17,2019041701008637,HIDCL,25,37,99,137.00,"13,563.00"
2019-04-17,2019041701009012,HPPL,37,57,20,182.00,"3,640.00"
2019-04-17,2019041701009011,HPPL,37,58,10,182.00,"1,820.00"
2019-04-17,2019041701008646,HPPL,1,40,10,181.00,"1,810.00"
2019-04-17,2019041701009081,JBNL,41,38,150,187.00,"28,050.00"
2019-04-17,2019041701009068,JBNL,41,38,250,187.00,"46,750.00"
2019-04-17,2019041701009033,JBNL,41,38,300,187.00,"56,100.00"
2019-04-17,2019041701009031,JBNL,41,45,150,187.00,"28,050.00"
2019-04-17,2019041701009010,JBNL,41,38,600,187.00,"112,200.00"
2019-04-17,2019041701008911,JBNL,16,16,300,187.00,"56,100.00"
2019-04-17,2019041701008604,JBNL,48,34,"2,000",187.00,"374,000.00"
2019-04-17,2019041701008603,JBNL,48,34,210,187.00,"39,270.00"
2019-04-17,2019041701008716,JBNL,48,38,265,186.00,"49,290.00"
2019-04-17,2019041701008691,JBNL,48,38,235,186.00,"43,710.00"
2019-04-17,2019041701008690,JBNL,22,38,100,186.00,"18,600.00"
2019-04-17,2019041701008689,JBNL,56,38,33,186.00,"6,138.00"
2019-04-17,2019041701008688,JBNL,16,38,32,187.00,"5,984.00"
2019-04-17,2019041701008638,JBNL,16,38,168,187.00,"31,416.00"
2019-04-17,2019041701008902,JBNL,20,16,200,187.00,"37,400.00"
2019-04-17,2019041701008863,JBNL,32,54,100,186.00,"18,600.00"
2019-04-17,2019041701008809,JBNL,32,38,435,186.00,"80,910.00"
2019-04-17,2019041701008808,JBNL,34,38,165,186.00,"30,690.00"
2019-04-17,2019041701008744,JBNL,34,38,300,186.00,"55,800.00"
2019-04-17,2019041701008717,JBNL,34,38,535,186.00,"99,510.00"
2019-04-17,2019041701008913,KBBL,38,48,240,220.00,"52,800.00"
2019-04-17,2019041701008886,KBBL,38,48,95,220.00,"20,900.00"
2019-04-17,2019041701008885,KBBL,38,34,45,219.00,"9,855.00"
2019-04-17,2019041701008878,KBBL,38,34,55,219.00,"12,045.00"
2019-04-17,2019041701008847,KBBL,38,34,60,219.00,"13,140.00"
2019-04-17,2019041701008843,KBBL,38,47,250,217.00,"54,250.00"
2019-04-17,2019041701008792,KBBL,38,56,234,220.00,"51,480.00"
2019-04-17,2019041701008791,KBBL,38,5,56,219.00,"12,264.00"
2019-04-17,2019041701008790,KBBL,38,41,100,218.00,"21,800.00"
2019-04-17,2019041701008623,KBBL,47,41,300,218.00,"65,400.00"
2019-04-17,2019041701008842,KBBL,38,47,19,217.00,"4,123.00"
2019-04-17,2019041701008836,KBBL,38,34,140,219.00,"30,660.00"
2019-04-17,2019041701008825,KBBL,38,48,60,220.00,"13,200.00"
2019-04-17,2019041701008820,KBBL,38,48,200,220.00,"44,000.00"
2019-04-17,2019041701008810,KBBL,38,48,330,220.00,"72,600.00"
2019-04-17,2019041701008801,KBBL,38,56,60,220.00,"13,200.00"
2019-04-17,2019041701009060,KBL,52,26,14,259.00,"3,626.00"
2019-04-17,2019041701009015,KBL,52,26,14,259.00,"3,626.00"
2019-04-17,2019041701009009,KBL,45,21,39,260.00,"10,140.00"
2019-04-17,2019041701009008,KBL,45,7,61,260.00,"15,860.00"
2019-04-17,2019041701008990,KBL,17,7,600,260.00,"156,000.00"
2019-04-17,2019041701008985,KBL,47,7,189,260.00,"49,140.00"
2019-04-17,2019041701008894,KBL,13,50,80,260.00,"20,800.00"
2019-04-17,2019041701008855,KBL,29,50,200,260.00,"52,000.00"
2019-04-17,2019041701008772,KBL,46,50,409,260.00,"106,340.00"
2019-04-17,2019041701008771,KBL,46,1,191,260.00,"49,660.00"
2019-04-17,2019041701008760,KBL,16,1,20,260.00,"5,200.00"
2019-04-17,2019041701008723,KBL,16,1,500,260.00,"130,000.00"
2019-04-17,2019041701008984,KBL,47,50,311,260.00,"80,860.00"
2019-04-17,2019041701008933,KBL,52,50,"1,452",259.00,"376,068.00"
2019-04-17,2019041701008932,KBL,21,50,75,259.00,"19,425.00"
2019-04-17,2019041701008931,KBL,48,50,"1,600",259.00,"414,400.00"
2019-04-17,2019041701008930,KBL,51,50,"1,500",259.00,"388,500.00"
2019-04-17,2019041701008929,KBL,28,50,"1,003",259.00,"259,777.00"
2019-04-17,2019041701008890,KKHC,45,29,10,80.00,800.00
2019-04-17,2019041701008747,KKHC,45,29,10,80.00,800.00
2019-04-17,2019041701008724,KKHC,45,29,10,80.00,800.00
2019-04-17,2019041701008707,KKHC,45,29,10,80.00,800.00
2019-04-17,2019041701008650,KKHC,45,29,10,80.00,800.00
2019-04-17,2019041701008633,KKHC,45,45,10,80.00,800.00
2019-04-17,2019041701008612,KKHC,45,29,10,80.00,800.00
2019-04-17,2019041701009090,KMFL,49,49,10,863.00,"8,630.00"
2019-04-17,2019041701008686,KMFL,49,34,25,847.00,"21,175.00"
2019-04-17,2019041701008641,KPCL,52,45,10,90.00,900.00
2019-04-17,2019041701008864,KRBL,57,42,252,102.00,"25,704.00"
2019-04-17,2019041701008896,KSBBL,42,17,10,146.00,"1,460.00"
2019-04-17,2019041701008720,LBBL,22,28,20,176.00,"3,520.00"
2019-04-17,2019041701008909,LBL,43,4,364,220.00,"80,080.00"
2019-04-17,2019041701008908,LBL,43,34,150,220.00,"33,000.00"
2019-04-17,2019041701008907,LBL,43,6,486,219.00,"106,434.00"
2019-04-17,2019041701008648,LBL,52,29,50,218.00,"10,900.00"
2019-04-17,2019041701008631,LBL,52,29,50,218.00,"10,900.00"
2019-04-17,2019041701009039,LLBS,58,49,100,806.00,"80,600.00"
2019-04-17,2019041701009042,MBL,32,57,70,259.00,"18,130.00"
2019-04-17,2019041701009041,MBL,32,34,30,259.00,"7,770.00"
2019-04-17,2019041701009006,MBL,17,57,200,258.00,"51,600.00"
2019-04-17,2019041701009005,MBL,17,43,378,258.00,"97,524.00"
2019-04-17,2019041701008980,MBL,46,43,500,258.00,"129,000.00"
2019-04-17,2019041701008928,MBL,45,55,50,257.00,"12,850.00"
2019-04-17,2019041701008773,MBL,20,43,100,258.00,"25,800.00"
2019-04-17,2019041701008607,MBL,49,29,100,255.00,"25,500.00"
2019-04-17,2019041701009080,MEGA,52,55,10,178.00,"1,780.00"
2019-04-17,2019041701008636,MEGA,48,56,400,177.00,"70,800.00"
2019-04-17,2019041701008635,MEGA,48,56,980,177.00,"173,460.00"
2019-04-17,2019041701008999,MLBL,20,20,32,176.00,"5,632.00"
2019-04-17,2019041701008621,MLBL,20,28,60,175.00,"10,500.00"
2019-04-17,2019041701008848,MNBBL,34,1,591,375.00,"221,625.00"
2019-04-17,2019041701008831,MSMBS,46,49,11,534.00,"5,874.00"
2019-04-17,2019041701008805,MSMBS,46,49,11,534.00,"5,874.00"
2019-04-17,2019041701008785,MSMBS,46,49,11,543.00,"5,973.00"
2019-04-17,2019041701008917,NABIL,38,45,100,773.00,"77,300.00"
2019-04-17,2019041701008916,NABIL,10,45,200,773.00,"154,600.00"
2019-04-17,2019041701008915,NABIL,29,45,100,773.00,"77,300.00"
2019-04-17,2019041701008828,NABIL,41,45,20,776.00,"15,520.00"
2019-04-17,2019041701008827,NABIL,41,7,30,776.00,"23,280.00"
2019-04-17,2019041701008819,NABIL,32,38,146,775.00,"113,150.00"
2019-04-17,2019041701008818,NABIL,32,38,169,775.00,"130,975.00"
2019-04-17,2019041701008630,NABIL,17,38,50,775.00,"38,750.00"
2019-04-17,2019041701009077,NABILP,28,17,50,739.00,"36,950.00"
2019-04-17,2019041701009025,NADEP,25,44,100,619.00,"61,900.00"
2019-04-17,2019041701009024,NADEP,25,44,300,619.00,"185,700.00"
2019-04-17,2019041701009023,NADEP,3,44,90,619.00,"55,710.00"
2019-04-17,2019041701008996,NBB,25,52,716,216.00,"154,656.00"
2019-04-17,2019041701008995,NBB,25,52,100,216.00,"21,600.00"
2019-04-17,2019041701008994,NBB,25,52,184,216.00,"39,744.00"
2019-04-17,2019041701008993,NBB,25,6,55,216.00,"11,880.00"
2019-04-17,2019041701008958,NBB,32,20,38,217.00,"8,246.00"
2019-04-17,2019041701008957,NBB,32,26,62,217.00,"13,454.00"
2019-04-17,2019041701008628,NBB,25,7,280,216.00,"60,480.00"
2019-04-17,2019041701008627,NBB,25,21,100,216.00,"21,600.00"
2019-04-17,2019041701008626,NBB,25,55,120,216.00,"25,920.00"
2019-04-17,2019041701008877,NBB,25,41,761,216.00,"164,376.00"
2019-04-17,2019041701008876,NBB,16,41,39,216.00,"8,424.00"
2019-04-17,2019041701008784,NBB,16,11,61,216.00,"13,176.00"
2019-04-17,2019041701008775,NBB,16,26,400,216.00,"86,400.00"
2019-04-17,2019041701008655,NBB,25,7,220,216.00,"47,520.00"
2019-04-17,2019041701009094,NBL,20,7,100,298.00,"29,800.00"
2019-04-17,2019041701008945,NBL,42,11,244,298.00,"72,712.00"
2019-04-17,2019041701008944,NBL,42,34,100,298.00,"29,800.00"
2019-04-17,2019041701008737,NBL,20,19,148,297.00,"43,956.00"
2019-04-17,2019041701008698,NBL,10,19,100,297.00,"29,700.00"
2019-04-17,2019041701008697,NBL,10,21,400,297.00,"118,800.00"
2019-04-17,2019041701009061,NCCB,32,4,100,228.00,"22,800.00"
2019-04-17,2019041701008964,NCCB,42,56,"2,000",228.00,"456,000.00"
2019-04-17,2019041701008963,NCCB,42,26,270,228.00,"61,560.00"
2019-04-17,2019041701008893,NCCB,21,1,200,227.00,"45,400.00"
2019-04-17,2019041701008721,NCCB,21,28,20,227.00,"4,540.00"
2019-04-17,2019041701009059,NEF,6,17,383,8.36,"3,201.88"
2019-04-17,2019041701009058,NEF,6,59,100,8.36,836.00
2019-04-17,2019041701008649,NGPL,1,45,11,122.00,"1,342.00"
2019-04-17,2019041701008719,NHDL,39,32,70,125.00,"8,750.00"
2019-04-17,2019041701009052,NIB,26,50,70,552.00,"38,640.00"
2019-04-17,2019041701008829,NIB,29,50,100,552.00,"55,200.00"
2019-04-17,2019041701008653,NIB,32,1,200,552.00,"110,400.00"
2019-04-17,2019041701008652,NIB,32,28,204,552.00,"112,608.00"
2019-04-17,2019041701008651,NIB,32,1,100,552.00,"55,200.00"
2019-04-17,2019041701009048,NICA,50,4,"2,943",487.00,"1,433,241.00"
2019-04-17,2019041701009004,NICA,49,4,"1,000",487.00,"487,000.00"
2019-04-17,2019041701008948,NICA,55,43,121,486.00,"58,806.00"
2019-04-17,2019041701008922,NICA,3,4,100,487.00,"48,700.00"
2019-04-17,2019041701008897,NICA,55,16,"1,100",486.00,"534,600.00"
2019-04-17,2019041701008859,NICA,55,50,80,486.00,"38,880.00"
2019-04-17,2019041701008609,NICA,45,43,100,489.00,"48,900.00"
2019-04-17,2019041701008606,NICA,19,43,500,489.00,"244,500.00"
2019-04-17,2019041701008746,NICA,54,4,557,487.00,"271,259.00"
2019-04-17,2019041701008736,NICA,49,56,66,489.00,"32,274.00"
2019-04-17,2019041701008699,NICA,54,21,13,487.00,"6,331.00"
2019-04-17,2019041701008639,NICA,45,56,300,489.00,"146,700.00"
2019-04-17,2019041701008616,NICA,45,56,134,489.00,"65,526.00"
2019-04-17,2019041701008615,NICA,45,43,366,489.00,"178,974.00"
2019-04-17,2019041701008858,NICA,19,50,20,486.00,"9,720.00"
2019-04-17,2019041701008857,NICA,35,50,100,486.00,"48,600.00"
2019-04-17,2019041701008856,NICA,8,50,300,486.00,"145,800.00"
2019-04-17,2019041701008780,NICA,44,4,100,487.00,"48,700.00"
2019-04-17,2019041701008777,NICA,19,4,100,487.00,"48,700.00"
2019-04-17,2019041701008755,NICA,45,4,200,487.00,"97,400.00"
2019-04-17,2019041701008861,NICL,58,4,30,380.00,"11,400.00"
2019-04-17,2019041701009069,NIL,49,35,300,525.00,"157,500.00"
2019-04-17,2019041701008991,NIL,29,35,200,525.00,"105,000.00"
2019-04-17,2019041701008841,NLG,6,21,100,826.00,"82,600.00"
2019-04-17,2019041701009038,NLIC,10,6,17,"1,115.00","18,955.00"
2019-04-17,2019041701008898,NLIC,34,39,24,"1,108.00","26,592.00"
2019-04-17,2019041701008880,NLIC,34,33,37,"1,108.00","40,996.00"
2019-04-17,2019041701008765,NLIC,34,41,11,"1,108.00","12,188.00"
2019-04-17,2019041701008731,NLIC,42,41,11,"1,110.00","12,210.00"
2019-04-17,2019041701009047,NLICL,28,19,160,593.00,"94,880.00"
2019-04-17,2019041701009043,NMB,59,56,20,388.00,"7,760.00"
2019-04-17,2019041701009036,NMB,49,56,500,388.00,"194,000.00"
2019-04-17,2019041701009035,NMB,49,59,200,388.00,"77,600.00"
2019-04-17,2019041701009034,NMB,49,8,300,387.00,"116,100.00"
2019-04-17,2019041701009021,NMB,4,21,150,385.00,"57,750.00"
2019-04-17,2019041701009020,NMB,33,21,300,385.00,"115,500.00"
2019-04-17,2019041701008645,NMB,53,7,36,385.00,"13,860.00"
2019-04-17,2019041701008644,NMB,53,46,20,385.00,"7,700.00"
2019-04-17,2019041701008643,NMB,53,51,600,385.00,"231,000.00"
2019-04-17,2019041701008642,NMB,53,57,200,385.00,"77,000.00"
2019-04-17,2019041701008708,NMB,22,55,7,384.00,"2,688.00"
2019-04-17,2019041701008685,NMB,28,8,500,386.00,"193,000.00"
2019-04-17,2019041701008684,NMB,28,39,50,386.00,"19,300.00"
2019-04-17,2019041701008683,NMB,28,49,500,386.00,"193,000.00"
2019-04-17,2019041701008682,NMB,28,48,102,386.00,"39,372.00"
2019-04-17,2019041701008681,NMB,28,57,100,386.00,"38,600.00"
2019-04-17,2019041701008937,NMB,4,43,545,387.00,"210,915.00"
2019-04-17,2019041701008901,NMB,4,43,455,387.00,"176,085.00"
2019-04-17,2019041701008826,NMB,4,42,45,386.00,"17,370.00"
2019-04-17,2019041701008803,NMB,4,57,80,386.00,"30,880.00"
2019-04-17,2019041701008789,NMB,4,21,200,386.00,"77,200.00"
2019-04-17,2019041701008788,NMB,4,50,220,386.00,"84,920.00"
2019-04-17,2019041701008943,NMB,4,32,121,388.00,"46,948.00"
2019-04-17,2019041701008942,NMB,4,19,12,388.00,"4,656.00"
2019-04-17,2019041701008941,NMB,4,56,"1,969",388.00,"763,972.00"
2019-04-17,2019041701008940,NMB,4,43,15,387.00,"5,805.00"
2019-04-17,2019041701008939,NMB,4,34,440,387.00,"170,280.00"
2019-04-17,2019041701008938,NMB,4,11,300,387.00,"116,100.00"
2019-04-17,2019041701009019,NMB,43,21,50,385.00,"19,250.00"
2019-04-17,2019041701009002,NMB,43,8,450,385.00,"173,250.00"
2019-04-17,2019041701009001,NMB,18,8,50,386.00,"19,300.00"
2019-04-17,2019041701008976,NMB,32,56,11,388.00,"4,268.00"
2019-04-17,2019041701008975,NMB,32,44,10,388.00,"3,880.00"
2019-04-17,2019041701008974,NMB,32,32,279,388.00,"108,252.00"
2019-04-17,2019041701008862,NNLB,1,58,20,444.00,"8,880.00"
2019-04-17,2019041701008748,NSEWA,11,17,10,502.00,"5,020.00"
2019-04-17,2019041701008712,NSEWA,11,39,10,502.00,"5,020.00"
2019-04-17,2019041701008767,NTC,22,11,700,684.00,"478,800.00"
2019-04-17,2019041701008770,NUBL,47,16,150,800.00,"120,000.00"
2019-04-17,2019041701009014,PCBL,49,56,500,341.00,"170,500.00"
2019-04-17,2019041701009013,PCBL,49,34,500,341.00,"170,500.00"
2019-04-17,2019041701008998,PCBL,43,38,250,340.00,"85,000.00"
2019-04-17,2019041701008846,PCBL,43,21,500,340.00,"170,000.00"
2019-04-17,2019041701008758,PCBL,17,52,100,339.00,"33,900.00"
2019-04-17,2019041701009016,PFL,42,42,23,135.00,"3,105.00"
2019-04-17,2019041701008997,PFL,42,42,94,135.00,"12,690.00"
2019-04-17,2019041701008981,PFL,42,42,100,135.00,"13,500.00"
2019-04-17,2019041701008812,PFL,42,25,34,135.00,"4,590.00"
2019-04-17,2019041701008795,PFL,42,41,389,135.00,"52,515.00"
2019-04-17,2019041701008794,PFL,41,41,49,135.00,"6,615.00"
2019-04-17,2019041701008718,PIC,33,33,205,"1,017.00","208,485.00"
2019-04-17,2019041701008935,PICL,17,10,200,703.00,"140,600.00"
2019-04-17,2019041701009091,PLIC,59,16,10,461.00,"4,610.00"
2019-04-17,2019041701008824,PLIC,10,17,10,469.00,"4,690.00"
2019-04-17,2019041701009063,PRVU,46,7,100,269.00,"26,900.00"
2019-04-17,2019041701009018,PRVU,29,7,500,269.00,"134,500.00"
2019-04-17,2019041701009017,PRVU,29,43,"1,000",269.00,"269,000.00"
2019-04-17,2019041701008934,PRVU,28,47,70,268.00,"18,760.00"
2019-04-17,2019041701008914,PRVU,28,47,100,268.00,"26,800.00"
2019-04-17,2019041701008904,PRVU,28,57,235,268.00,"62,980.00"
2019-04-17,2019041701008696,PRVU,56,50,950,269.00,"255,550.00"
2019-04-17,2019041701008677,PRVU,3,47,10,267.00,"2,670.00"
2019-04-17,2019041701008676,PRVU,45,47,70,267.00,"18,690.00"
2019-04-17,2019041701008640,PRVU,45,47,270,267.00,"72,090.00"
2019-04-17,2019041701008618,PRVU,45,47,160,267.00,"42,720.00"
2019-04-17,2019041701008617,PRVU,41,47,40,268.00,"10,720.00"
2019-04-17,2019041701008745,PRVU,1,47,130,267.00,"34,710.00"
2019-04-17,2019041701008730,PRVU,46,11,50,270.00,"13,500.00"
2019-04-17,2019041701008722,PRVU,1,47,180,267.00,"48,060.00"
2019-04-17,2019041701008715,PRVU,46,11,24,270.00,"6,480.00"
2019-04-17,2019041701008705,PRVU,1,47,190,267.00,"50,730.00"
2019-04-17,2019041701008704,PRVU,3,47,110,267.00,"29,370.00"
2019-04-17,2019041701008804,PRVU,43,47,70,267.00,"18,690.00"
2019-04-17,2019041701008800,PRVU,5,47,50,267.00,"13,350.00"
2019-04-17,2019041701008797,PRVU,36,29,100,269.00,"26,900.00"
2019-04-17,2019041701008782,PRVU,5,47,200,267.00,"53,400.00"
2019-04-17,2019041701008768,PRVU,5,47,130,267.00,"34,710.00"
2019-04-17,2019041701008754,PRVU,5,47,120,267.00,"32,040.00"
2019-04-17,2019041701008845,PRVU,48,47,125,268.00,"33,500.00"
2019-04-17,2019041701008844,PRVU,36,4,100,269.00,"26,900.00"
2019-04-17,2019041701008839,PRVU,48,29,100,268.00,"26,800.00"
2019-04-17,2019041701008817,PRVU,36,50,840,267.00,"224,280.00"
2019-04-17,2019041701008807,PRVU,43,50,160,267.00,"42,720.00"
2019-04-17,2019041701008806,PRVU,43,47,70,267.00,"18,690.00"
2019-04-17,2019041701008903,PRVU,48,57,65,268.00,"17,420.00"
2019-04-17,2019041701008888,PRVU,48,47,75,268.00,"20,100.00"
2019-04-17,2019041701008884,PRVU,38,7,100,269.00,"26,900.00"
2019-04-17,2019041701008883,PRVU,38,4,400,269.00,"107,600.00"
2019-04-17,2019041701008875,PRVU,48,47,60,268.00,"16,080.00"
2019-04-17,2019041701008867,PRVU,48,47,75,268.00,"20,100.00"
2019-04-17,2019041701008753,RRHP,45,58,10,93.00,930.00
2019-04-17,2019041701008657,RRHP,45,45,10,93.00,930.00
2019-04-17,2019041701008750,SANIMA,45,48,124,334.00,"41,416.00"
2019-04-17,2019041701008749,SANIMA,45,17,76,334.00,"25,384.00"
2019-04-17,2019041701008732,SANIMA,45,17,500,334.00,"167,000.00"
2019-04-17,2019041701008727,SANIMA,45,17,584,334.00,"195,056.00"
2019-04-17,2019041701008726,SANIMA,45,10,20,334.00,"6,680.00"
2019-04-17,2019041701008725,SANIMA,45,57,396,334.00,"132,264.00"
2019-04-17,2019041701008713,SANIMA,19,57,254,334.00,"84,836.00"
2019-04-17,2019041701008703,SANIMA,57,38,700,331.00,"231,700.00"
2019-04-17,2019041701008702,SANIMA,45,56,500,333.00,"166,500.00"
2019-04-17,2019041701008701,SANIMA,45,51,90,333.00,"29,970.00"
2019-04-17,2019041701008675,SANIMA,57,38,"1,500",331.00,"496,500.00"
2019-04-17,2019041701009062,SBBLJ,17,22,500,196.00,"98,000.00"
2019-04-17,2019041701009046,SBI,1,21,20,435.00,"8,700.00"
2019-04-17,2019041701008871,SBI,1,49,21,435.00,"9,135.00"
2019-04-17,2019041701008870,SBI,50,49,279,435.00,"121,365.00"
2019-04-17,2019041701008813,SBI,50,53,21,435.00,"9,135.00"
2019-04-17,2019041701009076,SBL,25,57,300,342.00,"102,600.00"
2019-04-17,2019041701008954,SBL,28,29,"1,000",341.00,"341,000.00"
2019-04-17,2019041701008953,SBL,45,29,300,341.00,"102,300.00"
2019-04-17,2019041701008952,SBL,40,29,"1,000",342.00,"342,000.00"
2019-04-17,2019041701008837,SBL,4,43,113,342.00,"38,646.00"
2019-04-17,2019041701008834,SBL,4,25,200,342.00,"68,400.00"
2019-04-17,2019041701008658,SBL,4,21,101,340.00,"34,340.00"
2019-04-17,2019041701008599,SBL,4,39,100,342.00,"34,200.00"
2019-04-17,2019041701008598,SBL,4,33,200,342.00,"68,400.00"
2019-04-17,2019041701008664,SBL,4,21,55,344.00,"18,920.00"
2019-04-17,2019041701008663,SBL,4,39,29,344.00,"9,976.00"
2019-04-17,2019041701008662,SBL,4,8,100,344.00,"34,400.00"
2019-04-17,2019041701008661,SBL,4,1,380,343.00,"130,340.00"
2019-04-17,2019041701008660,SBL,4,16,"1,000",343.00,"343,000.00"
2019-04-17,2019041701008659,SBL,4,19,67,343.00,"22,981.00"
2019-04-17,2019041701008670,SBL,4,50,200,345.00,"69,000.00"
2019-04-17,2019041701008669,SBL,4,45,50,344.00,"17,200.00"
2019-04-17,2019041701008668,SBL,4,45,33,344.00,"11,352.00"
2019-04-17,2019041701008667,SBL,4,42,"1,000",344.00,"344,000.00"
2019-04-17,2019041701008666,SBL,4,42,"1,000",344.00,"344,000.00"
2019-04-17,2019041701008665,SBL,4,46,500,344.00,"172,000.00"
2019-04-17,2019041701008802,SBL,4,53,18,340.00,"6,120.00"
2019-04-17,2019041701008786,SBL,45,43,500,345.00,"172,500.00"
2019-04-17,2019041701008674,SBL,4,41,"1,000",345.00,"345,000.00"
2019-04-17,2019041701008673,SBL,4,29,300,345.00,"103,500.00"
2019-04-17,2019041701008672,SBL,4,29,150,345.00,"51,750.00"
2019-04-17,2019041701008671,SBL,4,49,"1,000",345.00,"345,000.00"
2019-04-17,2019041701008793,SCB,28,1,33,603.00,"19,899.00"
2019-04-17,2019041701008759,SCB,28,17,10,603.00,"6,030.00"
2019-04-17,2019041701008679,SCB,28,49,50,603.00,"30,150.00"
2019-04-17,2019041701008951,SDESI,59,48,100,568.00,"56,800.00"
2019-04-17,2019041701008950,SDESI,59,21,135,568.00,"76,680.00"
2019-04-17,2019041701008949,SDESI,59,34,67,567.00,"37,989.00"
2019-04-17,2019041701008921,SDESI,59,34,100,565.00,"56,500.00"
2019-04-17,2019041701008920,SDESI,59,19,10,564.00,"5,640.00"
2019-04-17,2019041701008919,SDESI,59,47,23,560.00,"12,880.00"
2019-04-17,2019041701008918,SDESI,59,34,22,555.00,"12,210.00"
2019-04-17,2019041701008881,SDESI,7,34,50,555.00,"27,750.00"
2019-04-17,2019041701008860,SEF,45,42,600,9.42,"5,652.00"
2019-04-17,2019041701008680,SFFIL,59,22,10,226.00,"2,260.00"
2019-04-17,2019041701009049,SHINE,38,25,121,233.00,"28,193.00"
2019-04-17,2019041701008962,SHIVM,44,45,550,306.00,"168,300.00"
2019-04-17,2019041701008892,SHIVM,19,58,500,307.00,"153,500.00"
2019-04-17,2019041701008889,SHIVM,44,49,30,306.00,"9,180.00"
2019-04-17,2019041701008814,SHIVM,45,58,100,307.00,"30,700.00"
2019-04-17,2019041701008654,SHIVM,39,58,300,307.00,"92,100.00"
2019-04-17,2019041701008979,SICL,54,22,71,890.00,"63,190.00"
2019-04-17,2019041701008978,SICL,54,6,129,890.00,"114,810.00"
2019-04-17,2019041701008977,SICL,54,34,129,889.00,"114,681.00"
2019-04-17,2019041701008946,SICL,54,21,100,886.00,"88,600.00"
2019-04-17,2019041701008869,SICL,43,22,88,886.00,"77,968.00"
2019-04-17,2019041701009095,SINDU,29,6,222,129.00,"28,638.00"
2019-04-17,2019041701008822,SKBBL,45,53,12,976.00,"11,712.00"
2019-04-17,2019041701008776,SLBSL,25,42,10,652.00,"6,520.00"
2019-04-17,2019041701008835,SLICL,10,35,10,554.00,"5,540.00"
2019-04-17,2019041701008743,SLICL,17,50,200,550.00,"110,000.00"
2019-04-17,2019041701008742,SLICL,17,48,100,549.00,"54,900.00"
2019-04-17,2019041701009045,SRBL,6,28,900,246.00,"221,400.00"
2019-04-17,2019041701008947,SRBL,34,6,34,244.00,"8,296.00"
2019-04-17,2019041701008872,SRBL,33,40,"1,706",245.00,"417,970.00"
2019-04-17,2019041701008774,SRBL,44,40,294,245.00,"72,030.00"
2019-04-17,2019041701008687,SRBL,44,48,478,245.00,"117,110.00"
2019-04-17,2019041701008629,SRBL,44,32,100,245.00,"24,500.00"
2019-04-17,2019041701008611,SRBL,44,38,400,245.00,"98,000.00"
2019-04-17,2019041701008610,SRBL,44,38,228,245.00,"55,860.00"
2019-04-17,2019041701008600,SRBL,59,17,241,244.00,"58,804.00"
2019-04-17,2019041701008634,SWBBL,47,5,100,884.00,"88,400.00"
2019-04-17,2019041701009093,UIC,22,17,50,845.00,"42,250.00"
2019-04-17,2019041701008709,UIC,58,16,100,842.00,"84,200.00"
2019-04-17,2019041701008693,UIC,58,28,100,842.00,"84,200.00"
2019-04-17,2019041701009066,UPCL,56,26,50,90.00,"4,500.00"
2019-04-17,2019041701009032,UPCL,56,26,50,90.00,"4,500.00"
2019-04-17,2019041701008832,UPCL,58,56,10,91.00,910.00
2019-04-17,2019041701008799,UPCL,56,38,100,90.00,"9,000.00"
2019-04-17,2019041701008756,UPCL,56,50,230,90.00,"20,700.00"
2019-04-17,2019041701008678,UPCL,56,54,50,90.00,"4,500.00"
2019-04-17,2019041701008632,UPCL,56,54,50,90.00,"4,500.00"
2019-04-17,2019041701008614,UPCL,56,54,50,90.00,"4,500.00"
2019-04-17,2019041701008891,UPPER,42,26,50,229.00,"11,450.00"
2019-04-17,2019041701008838,UPPER,42,49,50,229.00,"11,450.00"
2019-04-17,2019041701008823,UPPER,42,25,50,229.00,"11,450.00"
2019-04-17,2019041701008821,UPPER,42,49,50,229.00,"11,450.00"
2019-04-17,2019041701008811,UPPER,1,51,40,230.00,"9,200.00"
2019-04-17,2019041701008796,UPPER,42,49,40,229.00,"9,160.00"
2019-04-17,2019041701008779,UPPER,42,39,40,229.00,"9,160.00"
2019-04-17,2019041701008778,UPPER,42,17,50,229.00,"11,450.00"
2019-04-17,2019041701008647,UPPER,42,39,107,229.00,"24,503.00"
2019-04-17,2019041701008622,UPPER,50,39,50,228.00,"11,400.00"
2019-04-17,2019041701008741,VLBS,54,6,100,600.00,"60,000.00"
2019-04-17,2019041701008740,VLBS,32,6,24,604.00,"14,496.00"
2019-04-17,2019041701008739,VLBS,52,6,30,605.00,"18,150.00"
2019-04-17,2019041701008512,ADBL,49,6,50,335.00,"16,750.00"
2019-04-17,2019041701008478,ADBL,49,32,100,334.00,"33,400.00"
2019-04-17,2019041701008340,ADBL,4,47,500,335.00,"167,500.00"
2019-04-17,2019041701008339,ADBL,4,58,250,334.00,"83,500.00"
2019-04-17,2019041701008214,ADBL,4,35,500,334.00,"167,000.00"
2019-04-17,2019041701008534,AKJCL,48,4,20,80.00,"1,600.00"
2019-04-17,2019041701008522,AKJCL,48,11,100,80.00,"8,000.00"
2019-04-17,2019041701008476,AKJCL,48,16,20,80.00,"1,600.00"
2019-04-17,2019041701008365,ALBSL,20,17,10,469.00,"4,690.00"
2019-04-17,2019041701008257,ALBSL,20,47,10,469.00,"4,690.00"
2019-04-17,2019041701008160,ALBSL,20,44,10,469.00,"4,690.00"
2019-04-17,2019041701008533,ALICL,1,54,20,414.00,"8,280.00"
2019-04-17,2019041701008473,ALICL,55,57,50,412.00,"20,600.00"
2019-04-17,2019041701008139,ALICL,55,6,36,412.00,"14,832.00"
2019-04-17,2019041701008138,ALICL,34,6,464,412.00,"191,168.00"
2019-04-17,2019041701008375,API,6,36,"1,354",132.00,"178,728.00"
2019-04-17,2019041701008449,BOKL,22,54,150,265.00,"39,750.00"
2019-04-17,2019041701008443,BOKL,22,20,99,265.00,"26,235.00"
2019-04-17,2019041701008168,BOKL,22,58,507,265.00,"134,355.00"
2019-04-17,2019041701008167,BOKL,32,58,486,265.00,"128,790.00"
2019-04-17,2019041701008535,BPCL,25,29,11,364.00,"4,004.00"
2019-04-17,2019041701008472,BPCL,25,43,22,364.00,"8,008.00"
2019-04-17,2019041701008482,CBBL,26,28,100,955.00,"95,500.00"
2019-04-17,2019041701008341,CBBL,57,34,200,956.00,"191,200.00"
2019-04-17,2019041701008169,CBBL,50,25,120,960.00,"115,200.00"
2019-04-17,2019041701008562,CBL,22,39,737,167.00,"123,079.00"
2019-04-17,2019041701008468,CBL,8,20,20,167.00,"3,340.00"
2019-04-17,2019041701008403,CBL,8,16,480,167.00,"80,160.00"
2019-04-17,2019041701008402,CBL,58,16,200,167.00,"33,400.00"
2019-04-17,2019041701008401,CBL,41,16,320,167.00,"53,440.00"
2019-04-17,2019041701008221,CBL,41,39,407,167.00,"67,969.00"
2019-04-17,2019041701008127,CBL,42,49,157,167.00,"26,219.00"
2019-04-17,2019041701008181,CBL,41,56,"2,130",167.00,"355,710.00"
2019-04-17,2019041701008147,CBL,41,37,143,167.00,"23,881.00"
2019-04-17,2019041701008146,CBL,6,37,500,167.00,"83,500.00"
2019-04-17,2019041701008145,CBL,11,37,357,167.00,"59,619.00"
2019-04-17,2019041701008129,CBL,11,49,143,167.00,"23,881.00"
2019-04-17,2019041701008128,CBL,49,49,200,167.00,"33,400.00"
2019-04-17,2019041701008573,CCBL,49,28,40,169.00,"6,760.00"
2019-04-17,2019041701008480,CCBL,25,58,10,170.00,"1,700.00"
2019-04-17,2019041701008398,CCBL,49,26,300,169.00,"50,700.00"
2019-04-17,2019041701008376,CCBL,14,58,500,170.00,"85,000.00"
2019-04-17,2019041701008372,CCBL,49,52,823,169.00,"139,087.00"
2019-04-17,2019041701008371,CCBL,28,52,77,169.00,"13,013.00"
2019-04-17,2019041701008166,CCBL,26,58,200,170.00,"34,000.00"
2019-04-17,2019041701008163,CCBL,29,58,10,170.00,"1,700.00"
2019-04-17,2019041701008223,CEFL,17,58,220,102.00,"22,440.00"
2019-04-17,2019041701008550,CHLBS,17,33,40,510.00,"20,400.00"
2019-04-17,2019041701008549,CHLBS,17,41,10,508.00,"5,080.00"
2019-04-17,2019041701008503,CHLBS,32,56,500,502.00,"251,000.00"
2019-04-17,2019041701008502,CHLBS,16,56,660,502.00,"331,320.00"
2019-04-17,2019041701008501,CHLBS,58,56,50,503.00,"25,150.00"
2019-04-17,2019041701008500,CHLBS,17,56,500,506.00,"253,000.00"
2019-04-17,2019041701008352,CHLBS,35,35,100,507.00,"50,700.00"
2019-04-17,2019041701008101,CHLBS,51,33,100,510.00,"51,000.00"
2019-04-17,2019041701008568,CZBIL,51,17,200,228.00,"45,600.00"
2019-04-17,2019041701008554,CZBIL,51,17,200,228.00,"45,600.00"
2019-04-17,2019041701008125,CZBIL,19,47,10,227.00,"2,270.00"
2019-04-17,2019041701008360,DBBL,49,10,"2,000",129.00,"258,000.00"
2019-04-17,2019041701008461,DDBL,25,55,10,653.00,"6,530.00"
2019-04-17,2019041701008378,DDBL,55,55,150,663.00,"99,450.00"
2019-04-17,2019041701008350,DDBL,55,16,50,663.00,"33,150.00"
2019-04-17,2019041701008299,DDBL,35,45,41,652.00,"26,732.00"
2019-04-17,2019041701008215,DDBL,50,26,400,653.00,"261,200.00"
2019-04-17,2019041701008175,DDBL,7,26,100,653.00,"65,300.00"
2019-04-17,2019041701008384,EBL,36,40,11,616.00,"6,776.00"
2019-04-17,2019041701008315,EIC,36,48,209,"1,003.00","209,627.00"
2019-04-17,2019041701008314,EIC,36,5,80,"1,003.00","80,240.00"
2019-04-17,2019041701008313,EIC,36,34,178,"1,000.00","178,000.00"
2019-04-17,2019041701008569,FMDBL,57,35,75,392.00,"29,400.00"
2019-04-17,2019041701008417,FMDBL,19,42,200,390.00,"78,000.00"
2019-04-17,2019041701008383,FMDBL,42,34,230,391.00,"89,930.00"
2019-04-17,2019041701008346,FMDBL,19,4,10,390.00,"3,900.00"
2019-04-17,2019041701008345,FMDBL,6,4,290,390.00,"113,100.00"
2019-04-17,2019041701008420,GBIME,50,43,50,284.00,"14,200.00"
2019-04-17,2019041701008419,GBIME,45,43,239,284.00,"67,876.00"
2019-04-17,2019041701008270,GBIME,13,36,100,285.00,"28,500.00"
2019-04-17,2019041701008269,GBIME,54,36,483,285.00,"137,655.00"
2019-04-17,2019041701008547,GBLBS,13,20,10,354.00,"3,540.00"
2019-04-17,2019041701008434,GBLBS,42,40,500,360.00,"180,000.00"
2019-04-17,2019041701008433,GBLBS,42,5,100,360.00,"36,000.00"
2019-04-17,2019041701008432,GBLBS,42,32,480,359.00,"172,320.00"
2019-04-17,2019041701008431,GBLBS,42,51,300,358.00,"107,400.00"
2019-04-17,2019041701008409,GBLBS,13,56,50,354.00,"17,700.00"
2019-04-17,2019041701008408,GBLBS,29,56,50,355.00,"17,750.00"
2019-04-17,2019041701008296,GBLBS,42,52,"2,000",356.00,"712,000.00"
2019-04-17,2019041701008295,GBLBS,42,52,100,356.00,"35,600.00"
2019-04-17,2019041701008511,GDBL,1,35,30,194.00,"5,820.00"
2019-04-17,2019041701008452,GLICL,17,56,380,524.00,"199,120.00"
2019-04-17,2019041701008451,GLICL,19,56,20,525.00,"10,500.00"
2019-04-17,2019041701008450,GLICL,39,56,100,525.00,"52,500.00"
2019-04-17,2019041701008362,GLICL,39,11,50,525.00,"26,250.00"
2019-04-17,2019041701008577,GRDBL,43,56,183,106.00,"19,398.00"
2019-04-17,2019041701008576,GRDBL,43,56,85,106.00,"9,010.00"
2019-04-17,2019041701008230,HGI,33,59,69,390.00,"26,910.00"
2019-04-17,2019041701008229,HGI,56,59,101,391.00,"39,491.00"
2019-04-17,2019041701008119,HGI,56,25,99,391.00,"38,709.00"
2019-04-17,2019041701008118,HGI,51,25,75,391.00,"29,325.00"
2019-04-17,2019041701008117,HGI,53,25,50,392.00,"19,600.00"
2019-04-17,2019041701008116,HGI,51,25,290,392.00,"113,680.00"
2019-04-17,2019041701008537,HIDCL,25,17,31,137.00,"4,247.00"
2019-04-17,2019041701008519,HIDCL,25,17,31,137.00,"4,247.00"
2019-04-17,2019041701008499,HIDCL,25,17,31,137.00,"4,247.00"
2019-04-17,2019041701008479,HIDCL,25,20,13,137.00,"1,781.00"
2019-04-17,2019041701008415,HPPL,1,40,10,181.00,"1,810.00"
2019-04-17,2019041701008399,HPPL,1,40,10,181.00,"1,810.00"
2019-04-17,2019041701008243,JBBL,26,34,10,141.00,"1,410.00"
2019-04-17,2019041701008320,JBNL,56,58,200,186.00,"37,200.00"
2019-04-17,2019041701008276,JBNL,56,19,267,186.00,"49,662.00"
2019-04-17,2019041701008275,JBNL,38,19,733,186.00,"136,338.00"
2019-04-17,2019041701008216,JBNL,38,45,722,186.00,"134,292.00"
2019-04-17,2019041701008109,JBNL,38,34,"2,545",186.00,"473,370.00"
2019-04-17,2019041701008108,JBNL,58,34,250,186.00,"46,500.00"
2019-04-17,2019041701008107,JBNL,45,34,205,186.00,"38,130.00"
2019-04-17,2019041701008527,KBBL,47,5,200,218.00,"43,600.00"
2019-04-17,2019041701008103,KBBL,38,5,244,219.00,"53,436.00"
2019-04-17,2019041701008518,KBL,51,1,189,260.00,"49,140.00"
2019-04-17,2019041701008517,KBL,51,17,"1,000",260.00,"260,000.00"
2019-04-17,2019041701008516,KBL,51,26,611,260.00,"158,860.00"
2019-04-17,2019041701008509,KBL,28,20,17,259.00,"4,403.00"
2019-04-17,2019041701008467,KBL,1,26,100,260.00,"26,000.00"
2019-04-17,2019041701008428,KBL,19,26,289,260.00,"75,140.00"
2019-04-17,2019041701008427,KBL,19,26,211,260.00,"54,860.00"
2019-04-17,2019041701008267,KBL,54,26,190,260.00,"49,400.00"
2019-04-17,2019041701008525,KKHC,45,45,10,80.00,800.00
2019-04-17,2019041701008349,KKHC,45,45,10,80.00,800.00
2019-04-17,2019041701008287,KKHC,45,45,16,81.00,"1,296.00"
2019-04-17,2019041701008277,KKHC,45,26,226,81.00,"18,306.00"
2019-04-17,2019041701008551,KNBL,39,25,500,129.00,"64,500.00"
2019-04-17,2019041701008493,KPCL,52,45,10,90.00,900.00
2019-04-17,2019041701008133,KPCL,52,41,10,90.00,900.00
2019-04-17,2019041701008368,KPCL,52,17,10,90.00,900.00
2019-04-17,2019041701008317,KPCL,52,45,10,90.00,900.00
2019-04-17,2019041701008567,KSBBL,26,36,200,145.00,"29,000.00"
2019-04-17,2019041701008566,KSBBL,25,36,300,145.00,"43,500.00"
2019-04-17,2019041701008565,KSBBL,1,36,"1,730",145.00,"250,850.00"
2019-04-17,2019041701008564,KSBBL,47,36,100,145.00,"14,500.00"
2019-04-17,2019041701008459,KSBBL,50,43,13,145.00,"1,885.00"
2019-04-17,2019041701008416,KSBBL,1,17,20,146.00,"2,920.00"
2019-04-17,2019041701008571,LBL,52,29,"1,000",218.00,"218,000.00"
2019-04-17,2019041701008529,LBL,52,40,460,217.00,"99,820.00"
2019-04-17,2019041701008507,LBL,21,40,200,217.00,"43,400.00"
2019-04-17,2019041701008494,LBL,21,40,500,217.00,"108,500.00"
2019-04-17,2019041701008374,LBL,43,5,700,216.00,"151,200.00"
2019-04-17,2019041701008373,LBL,41,5,200,216.00,"43,200.00"
2019-04-17,2019041701008213,LBL,39,40,"1,000",217.00,"217,000.00"
2019-04-17,2019041701008212,LBL,52,40,460,217.00,"99,820.00"
2019-04-17,2019041701008539,LGIL,48,38,200,512.00,"102,400.00"
2019-04-17,2019041701008524,LGIL,55,38,200,512.00,"102,400.00"
2019-04-17,2019041701008523,LGIL,39,38,100,512.00,"51,200.00"
2019-04-17,2019041701008505,LGIL,48,25,"1,000",515.00,"515,000.00"
2019-04-17,2019041701008396,LICN,59,59,10,"1,570.00","15,700.00"
2019-04-17,2019041701008526,MBL,46,43,22,258.00,"5,676.00"
2019-04-17,2019041701008514,MBL,34,6,209,256.00,"53,504.00"
2019-04-17,2019041701008486,MBL,38,48,374,255.00,"95,370.00"
2019-04-17,2019041701008485,MBL,38,33,"1,476",255.00,"376,380.00"
2019-04-17,2019041701008471,MBL,46,33,24,255.00,"6,120.00"
2019-04-17,2019041701008222,MBL,44,56,735,253.00,"185,955.00"
2019-04-17,2019041701008191,MBL,44,1,200,253.00,"50,600.00"
2019-04-17,2019041701008126,MBL,14,56,100,253.00,"25,300.00"
2019-04-17,2019041701008470,MDB,3,29,28,243.00,"6,804.00"
2019-04-17,2019041701008366,MDB,42,21,10,245.00,"2,450.00"
2019-04-17,2019041701008462,MEGA,13,51,250,175.00,"43,750.00"
2019-04-17,2019041701008309,MEGA,13,50,20,175.00,"3,500.00"
2019-04-17,2019041701008308,MEGA,45,50,478,175.00,"83,650.00"
2019-04-17,2019041701008255,MEGA,5,17,500,176.00,"88,000.00"
2019-04-17,2019041701008154,MEGA,45,34,522,175.00,"91,350.00"
2019-04-17,2019041701008153,MEGA,11,34,"1,000",175.00,"175,000.00"
2019-04-17,2019041701008152,MEGA,52,34,500,175.00,"87,500.00"
2019-04-17,2019041701008151,MEGA,56,34,200,175.00,"35,000.00"
2019-04-17,2019041701008150,MEGA,44,34,"2,000",175.00,"350,000.00"
2019-04-17,2019041701008149,MEGA,22,34,500,175.00,"87,500.00"
2019-04-17,2019041701008148,MEGA,57,34,500,175.00,"87,500.00"
2019-04-17,2019041701008115,MEGA,51,17,500,176.00,"88,000.00"
2019-04-17,2019041701008370,MNBBL,1,57,"1,000",373.00,"373,000.00"
2019-04-17,2019041701008369,MNBBL,41,57,150,373.00,"55,950.00"
2019-04-17,2019041701008351,MNBBL,35,17,100,374.00,"37,400.00"
2019-04-17,2019041701008347,MNBBL,35,25,100,374.00,"37,400.00"
2019-04-17,2019041701008246,MNBBL,35,17,83,374.00,"31,042.00"
2019-04-17,2019041701008174,MNBBL,35,57,217,374.00,"81,158.00"
2019-04-17,2019041701008173,MNBBL,21,57,133,375.00,"49,875.00"
2019-04-17,2019041701008121,MNBBL,21,35,167,375.00,"62,625.00"
2019-04-17,2019041701008120,MNBBL,6,35,50,376.00,"18,800.00"
2019-04-17,2019041701008456,NABIL,29,28,100,773.00,"77,300.00"
2019-04-17,2019041701008445,NABIL,13,19,75,774.00,"58,050.00"
2019-04-17,2019041701008385,NABIL,13,35,60,774.00,"46,440.00"
2019-04-17,2019041701008411,NABILP,28,44,950,739.00,"702,050.00"
2019-04-17,2019041701008410,NABILP,19,44,50,739.00,"36,950.00"
2019-04-17,2019041701008389,NABILP,49,19,100,740.00,"74,000.00"
2019-04-17,2019041701008388,NABILP,33,19,100,741.00,"74,100.00"
2019-04-17,2019041701008572,NADEP,3,29,10,619.00,"6,190.00"
2019-04-17,2019041701008157,NADEP,28,41,10,618.00,"6,180.00"
2019-04-17,2019041701008123,NADEP,26,41,10,618.00,"6,180.00"
2019-04-17,2019041701008105,NBB,32,42,100,215.00,"21,500.00"
2019-04-17,2019041701008104,NBB,33,42,640,215.00,"137,600.00"
2019-04-17,2019041701008156,NBB,28,17,357,215.00,"76,755.00"
2019-04-17,2019041701008155,NBB,58,17,644,215.00,"138,460.00"
2019-04-17,2019041701008140,NBB,58,58,"1,200",215.00,"258,000.00"
2019-04-17,2019041701008106,NBB,58,42,156,215.00,"33,540.00"
2019-04-17,2019041701008555,NBL,21,21,100,297.00,"29,700.00"
2019-04-17,2019041701008484,NBL,58,16,300,296.00,"88,800.00"
2019-04-17,2019041701008298,NBL,58,59,271,296.00,"80,216.00"
2019-04-17,2019041701008297,NBL,37,59,729,297.00,"216,513.00"
2019-04-17,2019041701008178,NBL,19,34,200,298.00,"59,600.00"
2019-04-17,2019041701008144,NBL,37,50,271,297.00,"80,487.00"
2019-04-17,2019041701008143,NBL,45,50,50,297.00,"14,850.00"
2019-04-17,2019041701008142,NBL,40,50,200,297.00,"59,400.00"
2019-04-17,2019041701008141,NBL,28,50,129,297.00,"38,313.00"
2019-04-17,2019041701008102,NBL,28,54,50,297.00,"14,850.00"
2019-04-17,2019041701008575,NCCB,5,26,30,228.00,"6,840.00"
2019-04-17,2019041701008381,NCCB,16,52,106,226.00,"23,956.00"
2019-04-17,2019041701008380,NCCB,36,52,394,226.00,"89,044.00"
2019-04-17,2019041701008280,NCCB,36,47,10,226.00,"2,260.00"
2019-04-17,2019041701008536,NGPL,1,45,11,122.00,"1,342.00"
2019-04-17,2019041701008488,NGPL,1,45,10,122.00,"1,220.00"
2019-04-17,2019041701008497,NHDL,47,45,10,125.00,"1,250.00"
2019-04-17,2019041701008498,NHPC,58,16,200,70.00,"14,000.00"
2019-04-17,2019041701008226,NHPC,17,16,"1,000",70.00,"70,000.00"
2019-04-17,2019041701008225,NHPC,11,16,400,70.00,"28,000.00"
2019-04-17,2019041701008224,NHPC,21,16,400,70.00,"28,000.00"
2019-04-17,2019041701008481,NIB,19,42,70,550.00,"38,500.00"
2019-04-17,2019041701008469,NIB,19,1,188,550.00,"103,400.00"
2019-04-17,2019041701008430,NIB,29,1,40,550.00,"22,000.00"
2019-04-17,2019041701008583,NICA,54,6,430,488.00,"209,840.00"
2019-04-17,2019041701008545,NICA,59,6,20,488.00,"9,760.00"
2019-04-17,2019041701008538,NICA,45,43,100,487.00,"48,700.00"
2019-04-17,2019041701008510,NICA,29,32,200,485.00,"97,000.00"
2019-04-17,2019041701008491,NICA,50,13,500,487.00,"243,500.00"
2019-04-17,2019041701008490,NICA,50,29,131,487.00,"63,797.00"
2019-04-17,2019041701008186,NICA,56,56,100,484.00,"48,400.00"
2019-04-17,2019041701008185,NICA,56,56,480,484.00,"232,320.00"
2019-04-17,2019041701008124,NICA,19,41,100,485.00,"48,500.00"
2019-04-17,2019041701008208,NICA,42,44,50,485.00,"24,250.00"
2019-04-17,2019041701008207,NICA,42,56,876,485.00,"424,860.00"
2019-04-17,2019041701008206,NICA,42,41,"1,241",485.00,"601,885.00"
2019-04-17,2019041701008189,NICA,11,56,100,484.00,"48,400.00"
2019-04-17,2019041701008188,NICA,32,56,200,484.00,"96,800.00"
2019-04-17,2019041701008187,NICA,39,56,100,484.00,"48,400.00"
2019-04-17,2019041701008447,NICA,44,22,22,486.00,"10,692.00"
2019-04-17,2019041701008316,NICA,5,22,10,486.00,"4,860.00"
2019-04-17,2019041701008279,NICA,48,56,500,485.00,"242,500.00"
2019-04-17,2019041701008278,NICA,48,25,40,485.00,"19,400.00"
2019-04-17,2019041701008271,NICA,6,32,300,484.00,"145,200.00"
2019-04-17,2019041701008262,NICA,52,32,200,484.00,"96,800.00"
2019-04-17,2019041701008489,NICA,50,43,678,486.00,"329,508.00"
2019-04-17,2019041701008477,NICA,34,43,200,486.00,"97,200.00"
2019-04-17,2019041701008466,NICA,49,43,78,486.00,"37,908.00"
2019-04-17,2019041701008465,NICA,49,17,422,486.00,"205,092.00"
2019-04-17,2019041701008453,NICA,49,17,50,486.00,"24,300.00"
2019-04-17,2019041701008448,NICA,44,17,28,486.00,"13,608.00"
2019-04-17,2019041701008570,NICL,58,6,20,380.00,"7,600.00"
2019-04-17,2019041701008556,NICL,42,34,362,378.00,"136,836.00"
2019-04-17,2019041701008463,NICL,1,6,30,380.00,"11,400.00"
2019-04-17,2019041701008446,NICL,42,43,11,378.00,"4,158.00"
2019-04-17,2019041701008098,NICL,45,44,250,382.00,"95,500.00"
2019-04-17,2019041701008228,NICL,34,48,100,379.00,"37,900.00"
2019-04-17,2019041701008177,NICL,34,6,100,380.00,"38,000.00"
2019-04-17,2019041701008176,NICL,32,6,50,380.00,"19,000.00"
2019-04-17,2019041701008137,NICL,48,44,500,381.00,"190,500.00"
2019-04-17,2019041701008136,NICL,48,44,500,381.00,"190,500.00"
2019-04-17,2019041701008343,NIL,57,35,50,525.00,"26,250.00"
2019-04-17,2019041701008342,NIL,57,50,20,524.00,"10,480.00"
2019-04-17,2019041701008286,NIL,16,38,"1,400",523.00,"732,200.00"
2019-04-17,2019041701008184,NIL,16,53,600,523.00,"313,800.00"
2019-04-17,2019041701008183,NIL,35,53,100,523.00,"52,300.00"
2019-04-17,2019041701008182,NIL,52,53,100,523.00,"52,300.00"
2019-04-17,2019041701008521,NLBBL,50,52,100,472.00,"47,200.00"
2019-04-17,2019041701008272,NLBBL,44,52,14,472.00,"6,608.00"
2019-04-17,2019041701008266,NLBBL,44,21,100,472.00,"47,200.00"
2019-04-17,2019041701008331,NLIC,42,42,33,"1,117.00","36,861.00"
2019-04-17,2019041701008305,NLIC,42,42,47,"1,117.00","52,499.00"
2019-04-17,2019041701008304,NLIC,42,17,171,"1,116.00","190,836.00"
2019-04-17,2019041701008303,NLIC,42,25,300,"1,115.00","334,500.00"
2019-04-17,2019041701008302,NLIC,42,47,17,"1,115.00","18,955.00"
2019-04-17,2019041701008301,NLIC,42,48,10,"1,113.00","11,130.00"
2019-04-17,2019041701008245,NLIC,41,45,16,"1,113.00","17,808.00"
2019-04-17,2019041701008162,NLIC,41,29,17,"1,113.00","18,921.00"
2019-04-17,2019041701008300,NLIC,42,45,105,"1,113.00","116,865.00"
2019-04-17,2019041701008253,NLIC,34,5,157,"1,108.00","173,956.00"
2019-04-17,2019041701008252,NLIC,34,5,400,"1,108.00","443,200.00"
2019-04-17,2019041701008251,NLIC,43,5,100,"1,109.00","110,900.00"
2019-04-17,2019041701008250,NLIC,50,5,100,"1,110.00","111,000.00"
2019-04-17,2019041701008249,NLIC,41,5,99,"1,110.00","109,890.00"
2019-04-17,2019041701008584,NMB,59,57,10,385.00,"3,850.00"
2019-04-17,2019041701008561,NMB,53,43,17,384.00,"6,528.00"
2019-04-17,2019041701008560,NMB,53,54,379,384.00,"145,536.00"
2019-04-17,2019041701008559,NMB,53,6,50,384.00,"19,200.00"
2019-04-17,2019041701008553,NMB,43,6,150,384.00,"57,600.00"
2019-04-17,2019041701008552,NMB,43,6,150,384.00,"57,600.00"
2019-04-17,2019041701008132,NMB,44,32,176,381.00,"67,056.00"
2019-04-17,2019041701008131,NMB,54,32,24,381.00,"9,144.00"
2019-04-17,2019041701008386,NMB,4,43,252,382.00,"96,264.00"
2019-04-17,2019041701008361,NMB,59,53,50,383.00,"19,150.00"
2019-04-17,2019041701008334,NMB,4,50,211,382.00,"80,602.00"
2019-04-17,2019041701008274,NMB,4,44,37,382.00,"14,134.00"
2019-04-17,2019041701008247,NMB,59,50,10,384.00,"3,840.00"
2019-04-17,2019041701008190,NMB,4,50,500,382.00,"191,000.00"
2019-04-17,2019041701008540,NMB,5,6,100,384.00,"38,400.00"
2019-04-17,2019041701008515,NMB,59,42,12,383.00,"4,596.00"
2019-04-17,2019041701008496,NMB,4,16,850,382.00,"324,700.00"
2019-04-17,2019041701008495,NMB,45,16,150,383.00,"57,450.00"
2019-04-17,2019041701008475,NMB,45,50,150,383.00,"57,450.00"
2019-04-17,2019041701008387,NMB,4,43,748,382.00,"285,736.00"
2019-04-17,2019041701008172,NMBSF1,50,55,"50,000",10.71,"535,500.00"
2019-04-17,2019041701008557,NTC,1,11,40,684.00,"27,360.00"
2019-04-17,2019041701008548,NTC,49,11,60,684.00,"41,040.00"
2019-04-17,2019041701008260,NTC,33,11,10,684.00,"6,840.00"
2019-04-17,2019041701008259,NTC,33,49,10,684.00,"6,840.00"
2019-04-17,2019041701008258,NTC,33,25,80,683.00,"54,640.00"
2019-04-17,2019041701008171,NTC,22,43,10,681.00,"6,810.00"
2019-04-17,2019041701008170,NTC,25,43,10,682.00,"6,820.00"
2019-04-17,2019041701008122,NTC,25,48,20,682.00,"13,640.00"
2019-04-17,2019041701008530,NUBL,1,42,560,801.00,"448,560.00"
2019-04-17,2019041701008397,NUBL,1,42,40,801.00,"32,040.00"
2019-04-17,2019041701008377,NUBL,44,17,50,801.00,"40,050.00"
2019-04-17,2019041701008288,NUBL,47,21,35,802.00,"28,070.00"
2019-04-17,2019041701008574,PCBL,28,38,250,339.00,"84,750.00"
2019-04-17,2019041701008421,PCBL,5,43,21,338.00,"7,098.00"
2019-04-17,2019041701008390,PCBL,5,17,13,338.00,"4,394.00"
2019-04-17,2019041701008244,PCBL,52,38,250,339.00,"84,750.00"
2019-04-17,2019041701008211,PCBL,52,6,50,339.00,"16,950.00"
2019-04-17,2019041701008209,PCBL,52,5,600,339.00,"203,400.00"
2019-04-17,2019041701008159,PCBL,52,44,"1,000",339.00,"339,000.00"
2019-04-17,2019041701008532,PFL,41,11,151,135.00,"20,385.00"
2019-04-17,2019041701008418,PIC,33,48,11,"1,017.00","11,187.00"
2019-04-17,2019041701008414,PIC,33,36,11,"1,017.00","11,187.00"
2019-04-17,2019041701008130,PICL,43,50,500,702.00,"351,000.00"
2019-04-17,2019041701008520,PLIC,58,17,10,469.00,"4,690.00"
2019-04-17,2019041701008348,PLIC,48,32,200,457.00,"91,400.00"
2019-04-17,2019041701008312,PLIC,34,17,300,461.00,"138,300.00"
2019-04-17,2019041701008113,PLIC,25,28,80,466.00,"37,280.00"
2019-04-17,2019041701008112,PLIC,17,28,500,467.00,"233,500.00"
2019-04-17,2019041701008111,PLIC,25,28,220,468.00,"102,960.00"
2019-04-17,2019041701008110,PLIC,39,28,200,468.00,"93,600.00"
2019-04-17,2019041701008290,PLIC,48,17,50,461.00,"23,050.00"
2019-04-17,2019041701008289,PLIC,32,17,50,462.00,"23,100.00"
2019-04-17,2019041701008268,PLIC,39,17,200,465.00,"93,000.00"
2019-04-17,2019041701008264,PLIC,39,17,621,466.00,"289,386.00"
2019-04-17,2019041701008180,PLIC,39,17,379,466.00,"176,614.00"
2019-04-17,2019041701008179,PLIC,25,17,128,466.00,"59,648.00"
2019-04-17,2019041701008311,PLIC,1,17,111,461.00,"51,171.00"
2019-04-17,2019041701008310,PLIC,28,17,150,461.00,"69,150.00"
2019-04-17,2019041701008294,PLIC,28,17,50,461.00,"23,050.00"
2019-04-17,2019041701008293,PLIC,35,17,200,461.00,"92,200.00"
2019-04-17,2019041701008292,PLIC,17,17,100,461.00,"46,100.00"
2019-04-17,2019041701008291,PLIC,14,17,50,461.00,"23,050.00"
2019-04-17,2019041701008134,PMHPL,16,47,10,111.00,"1,110.00"
2019-04-17,2019041701008164,PRIN,17,28,500,418.00,"209,000.00"
2019-04-17,2019041701008158,PRIN,45,32,200,419.00,"83,800.00"
2019-04-17,2019041701008135,PRIN,51,32,160,420.00,"67,200.00"
2019-04-17,2019041701008508,PRVU,46,50,50,269.00,"13,450.00"
2019-04-17,2019041701008464,PRVU,52,50,200,268.00,"53,600.00"
2019-04-17,2019041701008406,PRVU,52,50,800,268.00,"214,400.00"
2019-04-17,2019041701008405,PRVU,52,47,150,268.00,"40,200.00"
2019-04-17,2019041701008404,PRVU,52,34,50,268.00,"13,400.00"
2019-04-17,2019041701008367,PRVU,25,43,"1,000",267.00,"267,000.00"
2019-04-17,2019041701008359,PRVU,46,34,75,268.00,"20,100.00"
2019-04-17,2019041701008333,PRVU,33,46,"1,800",267.00,"480,600.00"
2019-04-17,2019041701008248,PRVU,26,33,200,266.00,"53,200.00"
2019-04-17,2019041701008114,PRVU,26,5,20,266.00,"5,320.00"
2019-04-17,2019041701008563,RLFL,44,41,10,121.00,"1,210.00"
2019-04-17,2019041701008544,RRHP,45,45,10,93.00,930.00
2019-04-17,2019041701008506,RRHP,45,45,10,93.00,930.00
2019-04-17,2019041701008332,RRHP,45,45,10,93.00,930.00
2019-04-17,2019041701008581,RSDC,34,34,131,385.00,"50,435.00"
2019-04-17,2019041701008580,RSDC,19,34,10,386.00,"3,860.00"
2019-04-17,2019041701008579,RSDC,6,34,41,386.00,"15,826.00"
2019-04-17,2019041701008578,RSDC,28,34,38,388.00,"14,744.00"
2019-04-17,2019041701008492,RSDC,28,26,520,388.00,"201,760.00"
2019-04-17,2019041701008285,RSDC,28,53,442,388.00,"171,496.00"
2019-04-17,2019041701008284,RSDC,28,53,11,389.00,"4,279.00"
2019-04-17,2019041701008457,SANIMA,47,45,200,330.00,"66,000.00"
2019-04-17,2019041701008329,SANIMA,47,57,84,330.00,"27,720.00"
2019-04-17,2019041701008328,SANIMA,17,57,"1,000",330.00,"330,000.00"
2019-04-17,2019041701008327,SANIMA,19,57,200,330.00,"66,000.00"
2019-04-17,2019041701008326,SANIMA,29,57,100,330.00,"33,000.00"
2019-04-17,2019041701008325,SANIMA,25,57,"2,000",330.00,"660,000.00"
2019-04-17,2019041701008283,SANIMA,13,44,150,332.00,"49,800.00"
2019-04-17,2019041701008282,SANIMA,40,44,420,332.00,"139,440.00"
2019-04-17,2019041701008324,SANIMA,45,57,50,330.00,"16,500.00"
2019-04-17,2019041701008323,SANIMA,28,57,500,330.00,"165,000.00"
2019-04-17,2019041701008322,SANIMA,25,57,"1,000",331.00,"331,000.00"
2019-04-17,2019041701008321,SANIMA,53,57,66,331.00,"21,846.00"
2019-04-17,2019041701008307,SANIMA,53,21,34,331.00,"11,254.00"
2019-04-17,2019041701008306,SANIMA,21,21,100,331.00,"33,100.00"
2019-04-17,2019041701008558,SBI,58,6,369,436.00,"160,884.00"
2019-04-17,2019041701008543,SBI,58,49,50,435.00,"21,750.00"
2019-04-17,2019041701008597,SBL,4,34,300,342.00,"102,600.00"
2019-04-17,2019041701008596,SBL,4,53,500,342.00,"171,000.00"
2019-04-17,2019041701008595,SBL,4,45,100,342.00,"34,200.00"
2019-04-17,2019041701008594,SBL,4,59,500,342.00,"171,000.00"
2019-04-17,2019041701008593,SBL,4,19,300,341.00,"102,300.00"
2019-04-17,2019041701008592,SBL,4,57,200,341.00,"68,200.00"
2019-04-17,2019041701008237,SBL,4,6,169,339.00,"57,291.00"
2019-04-17,2019041701008236,SBL,4,46,246,339.00,"83,394.00"
2019-04-17,2019041701008235,SBL,4,47,28,339.00,"9,492.00"
2019-04-17,2019041701008265,SBL,4,49,"2,000",337.00,"674,000.00"
2019-04-17,2019041701008242,SBL,4,38,210,340.00,"71,400.00"
2019-04-17,2019041701008241,SBL,4,43,500,340.00,"170,000.00"
2019-04-17,2019041701008240,SBL,4,43,647,340.00,"219,980.00"
2019-04-17,2019041701008239,SBL,4,48,200,339.00,"67,800.00"
2019-04-17,2019041701008238,SBL,4,16,500,339.00,"169,500.00"
2019-04-17,2019041701008585,SBL,4,38,90,340.00,"30,600.00"
2019-04-17,2019041701008460,SBL,56,32,300,339.00,"101,700.00"
2019-04-17,2019041701008444,SBL,4,34,240,337.00,"80,880.00"
2019-04-17,2019041701008413,SBL,4,43,14,337.00,"4,718.00"
2019-04-17,2019041701008407,SBL,4,43,500,337.00,"168,500.00"
2019-04-17,2019041701008364,SBL,4,49,582,337.00,"196,134.00"
2019-04-17,2019041701008591,SBL,4,41,164,341.00,"55,924.00"
2019-04-17,2019041701008590,SBL,4,10,400,341.00,"136,400.00"
2019-04-17,2019041701008589,SBL,4,44,200,341.00,"68,200.00"
2019-04-17,2019041701008588,SBL,4,46,500,340.00,"170,000.00"
2019-04-17,2019041701008587,SBL,4,38,500,340.00,"170,000.00"
2019-04-17,2019041701008586,SBL,4,34,14,340.00,"4,760.00"
2019-04-17,2019041701008263,SCB,28,41,50,603.00,"30,150.00"
2019-04-17,2019041701008218,SCB,28,45,57,603.00,"34,371.00"
2019-04-17,2019041701008217,SCB,20,45,163,603.00,"98,289.00"
2019-04-17,2019041701008161,SCB,20,41,50,603.00,"30,150.00"
2019-04-17,2019041701008100,SCB,34,34,14,604.00,"8,456.00"
2019-04-17,2019041701008363,SDESI,33,46,12,560.00,"6,720.00"
2019-04-17,2019041701008344,SDESI,33,52,114,555.00,"63,270.00"
2019-04-17,2019041701008442,SHIVM,43,28,100,306.00,"30,600.00"
2019-04-17,2019041701008441,SHIVM,42,28,100,306.00,"30,600.00"
2019-04-17,2019041701008440,SHIVM,28,28,500,306.00,"153,000.00"
2019-04-17,2019041701008439,SHIVM,56,28,200,306.00,"61,200.00"
2019-04-17,2019041701008438,SHIVM,32,28,"1,000",306.00,"306,000.00"
2019-04-17,2019041701008437,SHIVM,47,28,500,306.00,"153,000.00"
2019-04-17,2019041701008436,SHIVM,34,28,200,306.00,"61,200.00"
2019-04-17,2019041701008435,SHIVM,14,28,50,306.00,"15,300.00"
2019-04-17,2019041701008256,SHIVM,14,45,50,306.00,"15,300.00"
2019-04-17,2019041701008254,SHIVM,44,58,341,307.00,"104,687.00"
2019-04-17,2019041701008210,SHIVM,44,58,300,307.00,"92,100.00"
2019-04-17,2019041701008338,SHL,25,49,100,210.00,"21,000.00"
2019-04-17,2019041701008227,SHL,56,49,102,210.00,"21,420.00"
2019-04-17,2019041701008099,SICL,43,21,412,886.00,"365,032.00"
2019-04-17,2019041701008474,SIFC,43,1,500,140.00,"70,000.00"
2019-04-17,2019041701008379,SIFC,43,6,175,141.00,"24,675.00"
2019-04-17,2019041701008261,SIL,58,25,45,615.00,"27,675.00"
2019-04-17,2019041701008234,SIL,58,44,"1,000",608.00,"608,000.00"
2019-04-17,2019041701008233,SIL,29,44,500,609.00,"304,500.00"
2019-04-17,2019041701008232,SIL,56,44,100,609.00,"60,900.00"
2019-04-17,2019041701008231,SIL,39,44,220,610.00,"134,200.00"
2019-04-17,2019041701008358,SKBBL,42,45,180,974.00,"175,320.00"
2019-04-17,2019041701008357,SKBBL,47,45,20,975.00,"19,500.00"
2019-04-17,2019041701008337,SKBBL,47,45,180,975.00,"175,500.00"
2019-04-17,2019041701008336,SKBBL,17,45,100,975.00,"97,500.00"
2019-04-17,2019041701008335,SKBBL,22,45,20,976.00,"19,520.00"
2019-04-17,2019041701008319,SKBBL,22,14,180,976.00,"175,680.00"
2019-04-17,2019041701008318,SKBBL,22,14,120,976.00,"117,120.00"
2019-04-17,2019041701008220,SKBBL,22,7,10,977.00,"9,770.00"
2019-04-17,2019041701008219,SKBBL,22,45,70,977.00,"68,390.00"
2019-04-17,2019041701008542,SLICL,17,43,500,545.00,"272,500.00"
2019-04-17,2019041701008541,SLICL,17,43,500,545.00,"272,500.00"
2019-04-17,2019041701008192,SLICL,16,50,500,545.00,"272,500.00"
2019-04-17,2019041701008165,SLICL,17,1,500,546.00,"273,000.00"
2019-04-17,2019041701008582,SRBL,33,17,100,244.00,"24,400.00"
2019-04-17,2019041701008487,SRBL,1,17,30,244.00,"7,320.00"
2019-04-17,2019041701008395,SWBBL,47,5,97,884.00,"85,748.00"
2019-04-17,2019041701008394,SWBBL,47,5,200,884.00,"176,800.00"
2019-04-17,2019041701008393,SWBBL,47,5,200,885.00,"177,000.00"
2019-04-17,2019041701008392,SWBBL,47,5,100,885.00,"88,500.00"
2019-04-17,2019041701008391,SWBBL,47,5,100,885.00,"88,500.00"
2019-04-17,2019041701008531,UIC,32,39,170,844.00,"143,480.00"
2019-04-17,2019041701008426,UIC,17,16,440,840.00,"369,600.00"
2019-04-17,2019041701008425,UIC,44,16,50,840.00,"42,000.00"
2019-04-17,2019041701008424,UIC,17,16,500,843.00,"421,500.00"
2019-04-17,2019041701008423,UIC,6,16,10,843.00,"8,430.00"
2019-04-17,2019041701008356,UIC,29,39,200,844.00,"168,800.00"
2019-04-17,2019041701008355,UIC,19,39,200,845.00,"169,000.00"
2019-04-17,2019041701008354,UIC,47,39,10,845.00,"8,450.00"
2019-04-17,2019041701008353,UIC,46,39,20,845.00,"16,900.00"
2019-04-17,2019041701008504,UMHL,41,11,62,112.00,"6,944.00"
2019-04-17,2019041701008513,UPCL,1,50,10,91.00,910.00
2019-04-17,2019041701008400,UPCL,56,17,50,90.00,"4,500.00"
2019-04-17,2019041701008382,UPCL,56,18,200,90.00,"18,000.00"
2019-04-17,2019041701008330,UPCL,56,41,80,90.00,"7,200.00"
2019-04-17,2019041701008281,UPCL,56,41,50,90.00,"4,500.00"
2019-04-17,2019041701008546,UPPER,50,39,40,228.00,"9,120.00"
2019-04-17,2019041701008528,UPPER,45,39,50,229.00,"11,450.00"
2019-04-17,2019041701008483,UPPER,41,39,100,229.00,"22,900.00"
2019-04-17,2019041701008458,UPPER,45,39,138,229.00,"31,602.00"
2019-04-17,2019041701008455,UPPER,50,52,40,228.00,"9,120.00"
2019-04-17,2019041701008193,UPPER,58,51,550,229.00,"125,950.00"
2019-04-17,2019041701008199,UPPER,26,51,300,229.00,"68,700.00"
2019-04-17,2019041701008198,UPPER,22,51,50,229.00,"11,450.00"
2019-04-17,2019041701008197,UPPER,59,51,50,229.00,"11,450.00"
2019-04-17,2019041701008196,UPPER,46,51,50,229.00,"11,450.00"
2019-04-17,2019041701008195,UPPER,10,51,50,229.00,"11,450.00"
2019-04-17,2019041701008194,UPPER,21,51,500,229.00,"114,500.00"
2019-04-17,2019041701008205,UPPER,17,51,100,229.00,"22,900.00"
2019-04-17,2019041701008204,UPPER,17,51,25,229.00,"5,725.00"
2019-04-17,2019041701008203,UPPER,49,51,230,229.00,"52,670.00"
2019-04-17,2019041701008202,UPPER,35,51,70,229.00,"16,030.00"
2019-04-17,2019041701008201,UPPER,42,51,100,229.00,"22,900.00"
2019-04-17,2019041701008200,UPPER,29,51,500,229.00,"114,500.00"
2019-04-17,2019041701008454,UPPER,11,52,260,228.00,"59,280.00"
2019-04-17,2019041701008422,UPPER,11,36,40,228.00,"9,120.00"
2019-04-17,2019041701008412,UPPER,32,39,400,229.00,"91,600.00"
2019-04-17,2019041701008273,UPPER,8,39,"1,000",229.00,"229,000.00"
2019-04-17,2019041701008429,VLBS,52,43,100,606.00,"60,600.00"
2019-04-17,2019041701007872,ADBL,14,51,300,333.00,"99,900.00"
2019-04-17,2019041701007871,ADBL,40,51,207,333.00,"68,931.00"
2019-04-17,2019041701007863,ADBL,4,26,401,334.00,"133,934.00"
2019-04-17,2019041701007789,ADBL,40,3,100,333.00,"33,300.00"
2019-04-17,2019041701007723,ADBL,4,58,250,334.00,"83,500.00"
2019-04-17,2019041701008026,AKJCL,48,34,20,80.00,"1,600.00"
2019-04-17,2019041701007998,AKJCL,48,7,20,80.00,"1,600.00"
2019-04-17,2019041701007993,AKJCL,48,41,20,80.00,"1,600.00"
2019-04-17,2019041701007602,AKJCL,48,47,10,80.00,800.00
2019-04-17,2019041701007601,AKJCL,38,47,10,80.00,800.00
2019-04-17,2019041701007924,ALBSL,38,13,50,470.00,"23,500.00"
2019-04-17,2019041701007923,ALBSL,17,13,100,471.00,"47,100.00"
2019-04-17,2019041701007922,ALBSL,49,13,80,471.00,"37,680.00"
2019-04-17,2019041701007921,ALBSL,41,13,100,471.00,"47,100.00"
2019-04-17,2019041701007920,ALBSL,20,13,10,471.00,"4,710.00"
2019-04-17,2019041701007919,ALBSL,17,13,200,472.00,"94,400.00"
2019-04-17,2019041701007899,ALBSL,17,50,10,475.00,"4,750.00"
2019-04-17,2019041701007892,ALBSL,17,59,10,475.00,"4,750.00"
2019-04-17,2019041701007788,ALBSL,17,36,10,475.00,"4,750.00"
2019-04-17,2019041701007724,ALBSL,11,17,10,476.00,"4,760.00"
2019-04-17,2019041701007918,ALBSL,44,13,20,472.00,"9,440.00"
2019-04-17,2019041701007917,ALBSL,29,13,190,473.00,"89,870.00"
2019-04-17,2019041701007916,ALBSL,42,13,30,473.00,"14,190.00"
2019-04-17,2019041701007915,ALBSL,17,13,50,473.00,"23,650.00"
2019-04-17,2019041701007914,ALBSL,1,13,100,474.00,"47,400.00"
2019-04-17,2019041701007913,ALBSL,17,13,20,475.00,"9,500.00"
2019-04-17,2019041701008030,ALICL,34,13,36,412.00,"14,832.00"
2019-04-17,2019041701007891,ALICL,47,13,100,413.00,"41,300.00"
2019-04-17,2019041701007843,ALICL,8,34,350,414.00,"144,900.00"
2019-04-17,2019041701007824,ALICL,8,1,50,414.00,"20,700.00"
2019-04-17,2019041701007778,ALICL,8,6,100,414.00,"41,400.00"
2019-04-17,2019041701007609,ALICL,35,54,200,415.00,"83,000.00"
2019-04-17,2019041701007608,ALICL,48,54,57,415.00,"23,655.00"
2019-04-17,2019041701007662,AMFI,41,41,10,633.00,"6,330.00"
2019-04-17,2019041701007672,API,6,40,"1,646",132.00,"217,272.00"
2019-04-17,2019041701007671,API,42,40,254,132.00,"33,528.00"
2019-04-17,2019041701007691,BARUN,45,35,10,95.00,950.00
2019-04-17,2019041701007668,BARUN,45,35,10,95.00,950.00
2019-04-17,2019041701007815,BHBL,38,33,70,169.00,"11,830.00"
2019-04-17,2019041701007762,BHBL,42,33,30,170.00,"5,100.00"
2019-04-17,2019041701008007,BOKL,32,20,14,265.00,"3,710.00"
2019-04-17,2019041701008006,BOKL,41,20,47,265.00,"12,455.00"
2019-04-17,2019041701007898,BOKL,57,34,"1,100",266.00,"292,600.00"
2019-04-17,2019041701007739,BOKL,41,41,153,265.00,"40,545.00"
2019-04-17,2019041701007738,BOKL,47,41,323,265.00,"85,595.00"
2019-04-17,2019041701007684,BOKL,47,34,177,265.00,"46,905.00"
2019-04-17,2019041701007651,BPCL,25,16,22,364.00,"8,008.00"
2019-04-17,2019041701007930,CBBL,26,58,49,955.00,"46,795.00"
2019-04-17,2019041701007779,CBBL,26,46,100,955.00,"95,500.00"
2019-04-17,2019041701007741,CBBL,26,22,50,955.00,"47,750.00"
2019-04-17,2019041701007679,CBBL,26,51,10,955.00,"9,550.00"
2019-04-17,2019041701007678,CBBL,14,51,90,955.00,"85,950.00"
2019-04-17,2019041701008033,CBL,42,17,843,167.00,"140,781.00"
2019-04-17,2019041701008032,CBL,41,17,157,167.00,"26,219.00"
2019-04-17,2019041701008022,CBL,41,20,43,167.00,"7,181.00"
2019-04-17,2019041701008021,CBL,58,56,200,168.00,"33,600.00"
2019-04-17,2019041701007989,CBL,51,56,100,168.00,"16,800.00"
2019-04-17,2019041701007986,CBL,41,58,300,167.00,"50,100.00"
2019-04-17,2019041701007883,CCBL,28,28,"1,923",169.00,"324,987.00"
2019-04-17,2019041701007882,CCBL,32,28,77,169.00,"13,013.00"
2019-04-17,2019041701007840,CCBL,32,28,923,169.00,"155,987.00"
2019-04-17,2019041701007839,CCBL,42,28,"1,077",169.00,"182,013.00"
2019-04-17,2019041701007800,CCBL,42,28,"2,000",169.00,"338,000.00"
2019-04-17,2019041701007755,CCBL,42,41,294,169.00,"49,686.00"
2019-04-17,2019041701007656,CCBL,25,51,29,169.00,"4,901.00"
2019-04-17,2019041701007754,CCBL,42,46,"1,629",169.00,"275,301.00"
2019-04-17,2019041701007753,CCBL,39,46,100,169.00,"16,900.00"
2019-04-17,2019041701007752,CCBL,25,46,271,169.00,"45,799.00"
2019-04-17,2019041701007735,CCBL,41,58,10,170.00,"1,700.00"
2019-04-17,2019041701007637,CEFL,17,4,50,104.00,"5,200.00"
2019-04-17,2019041701007660,CHCL,41,41,130,507.00,"65,910.00"
2019-04-17,2019041701007912,CHLBS,32,49,120,511.00,"61,320.00"
2019-04-17,2019041701007832,CHLBS,38,25,10,511.00,"5,110.00"
2019-04-17,2019041701007687,CHLBS,38,50,10,511.00,"5,110.00"
2019-04-17,2019041701007631,CHLBS,38,21,10,511.00,"5,110.00"
2019-04-17,2019041701008082,CIT,52,42,50,"2,525.00","126,250.00"
2019-04-17,2019041701008081,CIT,59,42,20,"2,525.00","50,500.00"
2019-04-17,2019041701008080,CIT,45,42,50,"2,525.00","126,250.00"
2019-04-17,2019041701008079,CIT,57,42,10,"2,526.00","25,260.00"
2019-04-17,2019041701008078,CIT,47,42,100,"2,526.00","252,600.00"
2019-04-17,2019041701008077,CIT,1,42,50,"2,526.00","126,300.00"
2019-04-17,2019041701008076,CIT,29,42,10,"2,530.00","25,300.00"
2019-04-17,2019041701008064,CZBIL,19,47,10,227.00,"2,270.00"
2019-04-17,2019041701008038,CZBIL,19,20,78,227.00,"17,706.00"
2019-04-17,2019041701007938,CZBIL,49,17,100,228.00,"22,800.00"
2019-04-17,2019041701007937,CZBIL,46,17,"1,000",228.00,"228,000.00"
2019-04-17,2019041701007929,CZBIL,55,50,200,228.00,"45,600.00"
2019-04-17,2019041701007906,CZBIL,55,51,597,228.00,"136,116.00"
2019-04-17,2019041701007905,CZBIL,28,51,403,228.00,"91,884.00"
2019-04-17,2019041701007630,CZBIL,28,25,97,228.00,"22,116.00"
2019-04-17,2019041701007821,DDBL,17,55,200,657.00,"131,400.00"
2019-04-17,2019041701007820,DDBL,17,55,200,657.00,"131,400.00"
2019-04-17,2019041701007819,DDBL,52,55,200,657.00,"131,400.00"
2019-04-17,2019041701007730,DDBL,39,16,100,660.00,"66,000.00"
2019-04-17,2019041701007729,DDBL,28,16,200,661.00,"132,200.00"
2019-04-17,2019041701007611,DDBL,39,47,200,664.00,"132,800.00"
2019-04-17,2019041701007610,DDBL,4,47,100,665.00,"66,500.00"
2019-04-17,2019041701007599,DDBL,17,55,70,666.00,"46,620.00"
2019-04-17,2019041701008019,EBL,36,38,59,613.00,"36,167.00"
2019-04-17,2019041701007995,EBL,36,25,210,613.00,"128,730.00"
2019-04-17,2019041701007994,EBL,14,25,23,613.00,"14,099.00"
2019-04-17,2019041701007988,EBL,14,38,50,613.00,"30,650.00"
2019-04-17,2019041701007979,EBL,14,38,40,613.00,"24,520.00"
2019-04-17,2019041701007618,EBL,49,17,200,614.00,"122,800.00"
2019-04-17,2019041701007617,EBL,58,17,84,615.00,"51,660.00"
2019-04-17,2019041701007606,EBL,58,38,50,615.00,"30,750.00"
2019-04-17,2019041701007836,EBL,14,46,800,613.00,"490,400.00"
2019-04-17,2019041701007835,EBL,48,46,100,613.00,"61,300.00"
2019-04-17,2019041701007834,EBL,59,46,100,613.00,"61,300.00"
2019-04-17,2019041701007997,EIC,43,49,45,999.00,"44,955.00"
2019-04-17,2019041701007626,EIC,58,49,70,995.00,"69,650.00"
2019-04-17,2019041701007625,EIC,6,49,10,995.00,"9,950.00"
2019-04-17,2019041701008069,FMDBL,6,21,50,390.00,"19,500.00"
2019-04-17,2019041701007996,FMDBL,6,6,200,390.00,"78,000.00"
2019-04-17,2019041701007885,FMDBL,6,26,50,390.00,"19,500.00"
2019-04-17,2019041701007881,FMDBL,17,34,100,391.00,"39,100.00"
2019-04-17,2019041701007880,FMDBL,28,34,150,391.00,"58,650.00"
2019-04-17,2019041701007895,FOWAD,34,20,10,"1,545.00","15,450.00"
2019-04-17,2019041701008088,GBIME,54,35,17,285.00,"4,845.00"
2019-04-17,2019041701007931,GBIME,54,21,500,285.00,"142,500.00"
2019-04-17,2019041701007858,GBIME,57,49,100,286.00,"28,600.00"
2019-04-17,2019041701007857,GBIME,41,49,"1,000",286.00,"286,000.00"
2019-04-17,2019041701007856,GBIME,14,49,100,286.00,"28,600.00"
2019-04-17,2019041701007855,GBIME,58,49,100,287.00,"28,700.00"
2019-04-17,2019041701007770,GBIME,56,32,200,287.00,"57,400.00"
