Date,Transact. No.,Symbol,Buyer,Seller,Quantity,Rate,Amount
2020-12-29,2020122904001732,BBC,42,44,10,"2,548.00","25,480.00"
2020-12-29,2020122904001731,BBC,42,44,10,"2,548.00","25,480.00"
2020-12-29,2020122904001720,BBC,45,10,35,"2,560.00","89,600.00"
2020-12-29,2020122904001714,BBC,45,34,65,"2,560.00","166,400.00"
2020-12-29,2020122904001660,BBC,17,3,20,"2,560.00","51,200.00"
2020-12-29,2020122904001368,BBC,42,32,10,"2,548.00","25,480.00"
2020-12-29,2020122904001751,GIC,38,38,400,535.00,"214,000.00"
2020-12-29,2020122904001749,GIC,29,38,100,535.00,"53,500.00"
2020-12-29,2020122904001748,GIC,45,38,50,535.00,"26,750.00"
2020-12-29,2020122904001747,GIC,32,38,200,535.00,"107,000.00"
2020-12-29,2020122904001746,GIC,58,38,200,535.00,"107,000.00"
2020-12-29,2020122904001745,GIC,59,38,90,535.00,"48,150.00"
2020-12-29,2020122904001252,GIC,26,39,10,536.00,"5,360.00"
2020-12-29,2020122904001263,GIC,26,14,10,536.00,"5,360.00"
2020-12-29,2020122904001260,GIC,26,46,10,536.00,"5,360.00"
2020-12-29,2020122904001258,GIC,26,46,10,536.00,"5,360.00"
2020-12-29,2020122904001255,GIC,28,28,300,537.00,"161,100.00"
2020-12-29,2020122904001254,GIC,26,49,10,536.00,"5,360.00"
2020-12-29,2020122904001253,GIC,32,28,20,537.00,"10,740.00"
2020-12-29,2020122904001281,GIC,21,40,10,537.00,"5,370.00"
2020-12-29,2020122904001280,GIC,21,45,10,537.00,"5,370.00"
2020-12-29,2020122904001279,GIC,21,4,10,537.00,"5,370.00"
2020-12-29,2020122904001278,GIC,21,28,138,537.00,"74,106.00"
2020-12-29,2020122904001273,GIC,26,14,10,536.00,"5,360.00"
2020-12-29,2020122904001267,GIC,26,38,10,536.00,"5,360.00"
2020-12-29,2020122904001287,GIC,21,19,10,537.00,"5,370.00"
2020-12-29,2020122904001286,GIC,21,40,10,537.00,"5,370.00"
2020-12-29,2020122904001285,GIC,21,40,10,537.00,"5,370.00"
2020-12-29,2020122904001284,GIC,21,45,10,537.00,"5,370.00"
2020-12-29,2020122904001283,GIC,21,16,10,537.00,"5,370.00"
2020-12-29,2020122904001282,GIC,21,42,10,537.00,"5,370.00"
2020-12-29,2020122904001293,GIC,21,14,10,537.00,"5,370.00"
2020-12-29,2020122904001292,GIC,21,57,10,537.00,"5,370.00"
2020-12-29,2020122904001291,GIC,21,58,10,537.00,"5,370.00"
2020-12-29,2020122904001290,GIC,21,58,10,537.00,"5,370.00"
2020-12-29,2020122904001289,GIC,21,58,10,537.00,"5,370.00"
2020-12-29,2020122904001288,GIC,21,35,10,537.00,"5,370.00"
2020-12-29,2020122904001299,GIC,21,58,10,537.00,"5,370.00"
2020-12-29,2020122904001298,GIC,21,22,10,537.00,"5,370.00"
2020-12-29,2020122904001297,GIC,21,14,10,537.00,"5,370.00"
2020-12-29,2020122904001296,GIC,21,53,10,537.00,"5,370.00"
2020-12-29,2020122904001295,GIC,21,47,10,537.00,"5,370.00"
2020-12-29,2020122904001294,GIC,21,14,10,537.00,"5,370.00"
2020-12-29,2020122904001310,GIC,11,35,10,538.00,"5,380.00"
2020-12-29,2020122904001309,GIC,11,1,10,538.00,"5,380.00"
2020-12-29,2020122904001308,GIC,11,13,10,538.00,"5,380.00"
2020-12-29,2020122904001307,GIC,11,4,10,538.00,"5,380.00"
2020-12-29,2020122904001306,GIC,21,3,10,537.00,"5,370.00"
2020-12-29,2020122904001300,GIC,21,28,10,537.00,"5,370.00"
2020-12-29,2020122904001321,GIC,10,29,10,537.00,"5,370.00"
2020-12-29,2020122904001320,GIC,10,14,10,537.00,"5,370.00"
2020-12-29,2020122904001317,GIC,10,22,10,537.00,"5,370.00"
2020-12-29,2020122904001316,GIC,10,34,10,537.00,"5,370.00"
2020-12-29,2020122904001315,GIC,10,49,10,537.00,"5,370.00"
2020-12-29,2020122904001311,GIC,11,38,10,538.00,"5,380.00"
2020-12-29,2020122904001353,GIC,26,20,10,536.00,"5,360.00"
2020-12-29,2020122904001352,GIC,26,56,10,536.00,"5,360.00"
2020-12-29,2020122904001350,GIC,26,21,10,536.00,"5,360.00"
2020-12-29,2020122904001347,GIC,26,48,10,536.00,"5,360.00"
2020-12-29,2020122904001346,GIC,26,14,10,536.00,"5,360.00"
2020-12-29,2020122904001327,GIC,26,38,10,536.00,"5,360.00"
2020-12-29,2020122904001362,GIC,38,22,10,537.00,"5,370.00"
2020-12-29,2020122904001361,GIC,38,21,10,537.00,"5,370.00"
2020-12-29,2020122904001360,GIC,38,56,10,537.00,"5,370.00"
2020-12-29,2020122904001359,GIC,38,22,10,537.00,"5,370.00"
2020-12-29,2020122904001358,GIC,38,42,10,537.00,"5,370.00"
2020-12-29,2020122904001354,GIC,26,48,10,536.00,"5,360.00"
2020-12-29,2020122904001388,GIC,26,48,10,536.00,"5,360.00"
2020-12-29,2020122904001386,GIC,26,48,10,536.00,"5,360.00"
2020-12-29,2020122904001379,GIC,42,47,10,537.00,"5,370.00"
2020-12-29,2020122904001369,GIC,38,20,10,537.00,"5,370.00"
2020-12-29,2020122904001365,GIC,38,20,10,537.00,"5,370.00"
2020-12-29,2020122904001363,GIC,38,22,10,537.00,"5,370.00"
2020-12-29,2020122904001415,GIC,55,47,10,536.00,"5,360.00"
2020-12-29,2020122904001402,GIC,55,38,10,536.00,"5,360.00"
2020-12-29,2020122904001400,GIC,55,38,10,536.00,"5,360.00"
2020-12-29,2020122904001394,GIC,55,38,10,536.00,"5,360.00"
2020-12-29,2020122904001392,GIC,58,43,10,536.00,"5,360.00"
2020-12-29,2020122904001389,GIC,26,38,10,536.00,"5,360.00"
2020-12-29,2020122904001440,GIC,55,58,10,536.00,"5,360.00"
2020-12-29,2020122904001437,GIC,55,11,10,536.00,"5,360.00"
2020-12-29,2020122904001430,GIC,55,17,10,536.00,"5,360.00"
2020-12-29,2020122904001418,GIC,55,48,10,536.00,"5,360.00"
2020-12-29,2020122904001417,GIC,55,16,10,536.00,"5,360.00"
2020-12-29,2020122904001416,GIC,55,38,10,536.00,"5,360.00"
2020-12-29,2020122904001471,GIC,21,40,10,536.00,"5,360.00"
2020-12-29,2020122904001467,GIC,55,29,10,536.00,"5,360.00"
2020-12-29,2020122904001465,GIC,55,32,10,536.00,"5,360.00"
2020-12-29,2020122904001459,GIC,55,40,10,536.00,"5,360.00"
2020-12-29,2020122904001455,GIC,55,11,10,536.00,"5,360.00"
2020-12-29,2020122904001441,GIC,55,11,10,536.00,"5,360.00"
2020-12-29,2020122904001486,GIC,21,52,10,536.00,"5,360.00"
2020-12-29,2020122904001485,GIC,21,49,10,536.00,"5,360.00"
2020-12-29,2020122904001475,GIC,21,52,10,536.00,"5,360.00"
2020-12-29,2020122904001474,GIC,21,38,10,536.00,"5,360.00"
2020-12-29,2020122904001473,GIC,21,7,200,536.00,"107,200.00"
2020-12-29,2020122904001472,GIC,21,11,10,536.00,"5,360.00"
2020-12-29,2020122904001511,GIC,21,33,10,536.00,"5,360.00"
2020-12-29,2020122904001510,GIC,21,42,10,536.00,"5,360.00"
2020-12-29,2020122904001499,GIC,21,46,10,536.00,"5,360.00"
2020-12-29,2020122904001494,GIC,21,52,10,536.00,"5,360.00"
2020-12-29,2020122904001493,GIC,21,44,10,536.00,"5,360.00"
2020-12-29,2020122904001490,GIC,21,52,10,536.00,"5,360.00"
2020-12-29,2020122904001524,GIC,21,56,10,536.00,"5,360.00"
2020-12-29,2020122904001523,GIC,11,20,10,537.00,"5,370.00"
2020-12-29,2020122904001522,GIC,11,11,10,537.00,"5,370.00"
2020-12-29,2020122904001521,GIC,11,40,10,537.00,"5,370.00"
2020-12-29,2020122904001520,GIC,11,11,10,537.00,"5,370.00"
2020-12-29,2020122904001519,GIC,11,11,10,537.00,"5,370.00"
2020-12-29,2020122904001549,GIC,21,38,10,536.00,"5,360.00"
2020-12-29,2020122904001548,GIC,21,49,10,536.00,"5,360.00"
2020-12-29,2020122904001543,GIC,21,5,10,536.00,"5,360.00"
2020-12-29,2020122904001536,GIC,21,45,10,536.00,"5,360.00"
2020-12-29,2020122904001529,GIC,21,17,10,536.00,"5,360.00"
2020-12-29,2020122904001527,GIC,21,45,10,536.00,"5,360.00"
2020-12-29,2020122904001566,GIC,21,46,10,536.00,"5,360.00"
2020-12-29,2020122904001562,GIC,21,43,10,536.00,"5,360.00"
2020-12-29,2020122904001560,GIC,21,4,10,536.00,"5,360.00"
2020-12-29,2020122904001559,GIC,21,20,10,536.00,"5,360.00"
2020-12-29,2020122904001556,GIC,21,42,10,536.00,"5,360.00"
2020-12-29,2020122904001551,GIC,21,4,10,536.00,"5,360.00"
2020-12-29,2020122904001582,GIC,56,28,10,537.00,"5,370.00"
2020-12-29,2020122904001581,GIC,56,54,10,537.00,"5,370.00"
2020-12-29,2020122904001580,GIC,56,16,10,537.00,"5,370.00"
2020-12-29,2020122904001579,GIC,56,36,10,537.00,"5,370.00"
2020-12-29,2020122904001578,GIC,56,25,10,537.00,"5,370.00"
2020-12-29,2020122904001568,GIC,21,4,10,536.00,"5,360.00"
2020-12-29,2020122904001588,GIC,56,58,10,537.00,"5,370.00"
2020-12-29,2020122904001587,GIC,56,39,10,537.00,"5,370.00"
2020-12-29,2020122904001586,GIC,56,44,10,537.00,"5,370.00"
2020-12-29,2020122904001585,GIC,56,16,10,537.00,"5,370.00"
2020-12-29,2020122904001584,GIC,56,14,10,537.00,"5,370.00"
2020-12-29,2020122904001583,GIC,56,40,10,537.00,"5,370.00"
2020-12-29,2020122904001594,GIC,56,20,10,537.00,"5,370.00"
2020-12-29,2020122904001593,GIC,56,38,10,537.00,"5,370.00"
2020-12-29,2020122904001592,GIC,56,20,10,537.00,"5,370.00"
2020-12-29,2020122904001591,GIC,56,4,10,537.00,"5,370.00"
2020-12-29,2020122904001590,GIC,56,40,10,537.00,"5,370.00"
2020-12-29,2020122904001589,GIC,56,21,10,537.00,"5,370.00"
2020-12-29,2020122904001609,GIC,43,39,10,537.00,"5,370.00"
2020-12-29,2020122904001607,GIC,43,58,10,537.00,"5,370.00"
2020-12-29,2020122904001598,GIC,56,7,10,537.00,"5,370.00"
2020-12-29,2020122904001597,GIC,56,22,10,537.00,"5,370.00"
2020-12-29,2020122904001596,GIC,56,22,10,537.00,"5,370.00"
2020-12-29,2020122904001595,GIC,56,32,10,537.00,"5,370.00"
2020-12-29,2020122904001630,GIC,41,39,10,536.00,"5,360.00"
2020-12-29,2020122904001626,GIC,41,59,10,536.00,"5,360.00"
2020-12-29,2020122904001621,GIC,21,58,10,536.00,"5,360.00"
2020-12-29,2020122904001618,GIC,21,14,10,536.00,"5,360.00"
2020-12-29,2020122904001617,GIC,21,6,10,536.00,"5,360.00"
2020-12-29,2020122904001614,GIC,21,58,10,536.00,"5,360.00"
2020-12-29,2020122904001642,GIC,13,41,10,536.00,"5,360.00"
2020-12-29,2020122904001640,GIC,52,59,10,536.00,"5,360.00"
2020-12-29,2020122904001637,GIC,52,45,40,536.00,"21,440.00"
2020-12-29,2020122904001636,GIC,41,45,60,536.00,"32,160.00"
2020-12-29,2020122904001634,GIC,41,56,10,536.00,"5,360.00"
2020-12-29,2020122904001632,GIC,41,43,10,536.00,"5,360.00"
2020-12-29,2020122904001648,GIC,52,38,100,536.00,"53,600.00"
2020-12-29,2020122904001647,GIC,51,38,100,536.00,"53,600.00"
2020-12-29,2020122904001646,GIC,29,38,80,536.00,"42,880.00"
2020-12-29,2020122904001645,GIC,29,57,10,536.00,"5,360.00"
2020-12-29,2020122904001644,GIC,29,56,10,536.00,"5,360.00"
2020-12-29,2020122904001643,GIC,13,45,10,536.00,"5,360.00"
2020-12-29,2020122904001661,GIC,17,42,10,535.00,"5,350.00"
2020-12-29,2020122904001659,GIC,17,19,10,535.00,"5,350.00"
2020-12-29,2020122904001655,GIC,17,42,10,535.00,"5,350.00"
2020-12-29,2020122904001654,GIC,17,52,10,535.00,"5,350.00"
2020-12-29,2020122904001652,GIC,17,42,10,535.00,"5,350.00"
2020-12-29,2020122904001651,GIC,17,28,10,535.00,"5,350.00"
2020-12-29,2020122904001675,GIC,11,20,10,535.00,"5,350.00"
2020-12-29,2020122904001673,GIC,11,42,10,535.00,"5,350.00"
2020-12-29,2020122904001671,GIC,17,6,10,535.00,"5,350.00"
2020-12-29,2020122904001670,GIC,17,20,10,535.00,"5,350.00"
2020-12-29,2020122904001667,GIC,17,42,10,535.00,"5,350.00"
2020-12-29,2020122904001664,GIC,17,42,10,535.00,"5,350.00"
2020-12-29,2020122904001695,GIC,11,44,10,535.00,"5,350.00"
2020-12-29,2020122904001690,GIC,11,29,10,535.00,"5,350.00"
2020-12-29,2020122904001686,GIC,11,58,10,535.00,"5,350.00"
2020-12-29,2020122904001685,GIC,11,39,10,535.00,"5,350.00"
2020-12-29,2020122904001683,GIC,11,44,10,535.00,"5,350.00"
2020-12-29,2020122904001680,GIC,11,41,10,535.00,"5,350.00"
2020-12-29,2020122904001705,GIC,13,26,10,536.00,"5,360.00"
2020-12-29,2020122904001704,GIC,13,16,10,536.00,"5,360.00"
2020-12-29,2020122904001703,GIC,13,39,10,536.00,"5,360.00"
2020-12-29,2020122904001702,GIC,13,38,20,536.00,"10,720.00"
2020-12-29,2020122904001701,GIC,11,20,10,535.00,"5,350.00"
2020-12-29,2020122904001697,GIC,41,38,10,536.00,"5,360.00"
2020-12-29,2020122904001737,GIC,25,41,10,536.00,"5,360.00"
2020-12-29,2020122904001736,GIC,25,58,10,536.00,"5,360.00"
2020-12-29,2020122904001730,GIC,43,48,20,536.00,"10,720.00"
2020-12-29,2020122904001717,GIC,13,38,35,536.00,"18,760.00"
2020-12-29,2020122904001716,GIC,13,34,10,536.00,"5,360.00"
2020-12-29,2020122904001713,GIC,13,58,105,536.00,"56,280.00"
2020-12-29,2020122904001744,GIC,34,38,100,535.00,"53,500.00"
2020-12-29,2020122904001743,GIC,35,38,40,535.00,"21,400.00"
2020-12-29,2020122904001742,GIC,42,38,100,535.00,"53,500.00"
2020-12-29,2020122904001741,GIC,11,38,10,535.00,"5,350.00"
2020-12-29,2020122904001740,GIC,25,38,20,536.00,"10,720.00"
2020-12-29,2020122904001739,GIC,25,20,10,536.00,"5,360.00"
2020-12-29,2020122904001625,GIMES1,7,7,"9,000",11.11,"99,990.00"
2020-12-29,2020122904001305,GIMES1,7,59,"1,500",11.11,"16,665.00"
2020-12-29,2020122904001518,KBLD86,42,6,10,"1,060.00","10,600.00"
2020-12-29,2020122904001322,LEMF,53,25,"2,000",9.77,"19,540.00"
2020-12-29,2020122904001335,LEMF,17,25,922,9.75,"8,989.50"
2020-12-29,2020122904001331,LEMF,53,25,"4,000",9.76,"39,040.00"
2020-12-29,2020122904001698,LUK,7,17,100,9.39,939.00
2020-12-29,2020122904001692,LUK,7,58,600,9.39,"5,634.00"
2020-12-29,2020122904001601,LUK,7,11,600,9.39,"5,634.00"
2020-12-29,2020122904001528,LUK,7,43,400,9.39,"3,756.00"
2020-12-29,2020122904001513,LUK,7,42,100,9.30,930.00
2020-12-29,2020122904001512,LUK,7,21,100,9.30,930.00
2020-12-29,2020122904001436,LUK,38,58,100,9.13,913.00
2020-12-29,2020122904001414,LUK,19,59,100,9.12,912.00
2020-12-29,2020122904001326,LUK,19,59,100,9.12,912.00
2020-12-29,2020122904001502,NBF2,10,45,520,9.40,"4,888.00"
2020-12-29,2020122904001470,NBF2,10,10,"5,021",9.40,"47,197.40"
2020-12-29,2020122904001469,NBF2,35,10,179,9.41,"1,684.39"
2020-12-29,2020122904001434,NBF2,13,6,"28,790",9.50,"273,505.00"
2020-12-29,2020122904001432,NBF2,35,17,200,9.41,"1,882.00"
2020-12-29,2020122904001398,NBF2,35,43,200,9.41,"1,882.00"
2020-12-29,2020122904001396,NBF2,35,17,"1,500",9.41,"14,115.00"
2020-12-29,2020122904001395,NBF2,57,17,500,9.41,"4,705.00"
2020-12-29,2020122904001377,NBF2,57,57,200,9.41,"1,882.00"
2020-12-29,2020122904001332,NBF2,57,59,200,9.41,"1,882.00"
2020-12-29,2020122904001725,NEF,6,39,"1,207",9.81,"11,840.67"
2020-12-29,2020122904001498,NEF,17,16,"1,207",9.80,"11,828.60"
2020-12-29,2020122904001480,NEF,17,10,"35,278",9.80,"345,724.40"
2020-12-29,2020122904001479,NEF,10,10,"6,000",9.81,"58,860.00"
2020-12-29,2020122904001478,NEF,38,10,"2,000",9.85,"19,700.00"
2020-12-29,2020122904001477,NEF,50,10,548,9.87,"5,408.76"
2020-12-29,2020122904001420,NEF,13,13,483,10.05,"4,854.15"
2020-12-29,2020122904001419,NEF,13,39,132,10.05,"1,326.60"
2020-12-29,2020122904001271,NEF,50,29,"1,127",9.87,"11,123.49"
2020-12-29,2020122904001476,NEF,13,10,"5,000",9.88,"49,400.00"
2020-12-29,2020122904001464,NEF,50,10,"34,238",9.87,"337,929.06"
2020-12-29,2020122904001463,NEF,44,10,"7,000",9.88,"69,160.00"
2020-12-29,2020122904001462,NEF,13,10,762,10.05,"7,658.10"
2020-12-29,2020122904001422,NEF,13,36,"2,414",10.05,"24,260.70"
2020-12-29,2020122904001421,NEF,13,22,"21,209",10.05,"213,150.45"
2020-12-29,2020122904001729,NIBLPF,45,39,"1,263",10.06,"12,705.78"
2020-12-29,2020122904001599,NIBLPF,45,14,505,10.06,"5,080.30"
2020-12-29,2020122904001750,NIBPO,16,58,978,444.00,"434,232.00"
2020-12-29,2020122904001738,NIBPO,3,58,500,442.00,"221,000.00"
2020-12-29,2020122904001711,NIBPO,58,35,10,445.00,"4,450.00"
2020-12-29,2020122904001656,NIBPO,16,19,122,441.00,"53,802.00"
2020-12-29,2020122904001622,NIBPO,17,32,500,442.00,"221,000.00"
2020-12-29,2020122904001547,NIBPO,58,35,10,445.00,"4,450.00"
2020-12-29,2020122904001423,NIBPO,45,32,200,442.00,"88,400.00"
2020-12-29,2020122904001672,NIBSF1,7,19,"1,978",11.16,"22,074.48"
2020-12-29,2020122904001496,NIBSF1,36,22,"10,000",11.25,"112,500.00"
2020-12-29,2020122904001495,NIBSF1,36,22,"5,000",11.26,"56,300.00"
2020-12-29,2020122904001489,NICBF,48,29,100,9.81,981.00
2020-12-29,2020122904001375,NICBF,48,57,200,9.81,"1,962.00"
2020-12-29,2020122904001343,NICBF,48,59,100,9.81,981.00
2020-12-29,2020122904001553,NICD83/84,58,58,90,"1,055.00","94,950.00"
2020-12-29,2020122904001552,NICD83/84,17,58,10,"1,058.00","10,580.00"
2020-12-29,2020122904001577,NICGF,6,14,300,10.39,"3,117.00"
2020-12-29,2020122904001542,NICGF,22,8,"1,500",10.38,"15,570.00"
2020-12-29,2020122904001619,NMB50,8,4,"3,000",10.20,"30,600.00"
2020-12-29,2020122904001615,NMB50,8,38,100,10.20,"1,020.00"
2020-12-29,2020122904001349,NMB50,8,59,100,10.20,"1,020.00"
2020-12-29,2020122904001733,NMBHF1,8,39,"2,080",10.00,"20,800.00"
2020-12-29,2020122904001425,NMBHF1,8,26,832,10.00,"8,320.00"
2020-12-29,2020122904001266,NMBHF1,8,29,"1,577",10.00,"15,770.00"
2020-12-29,2020122904001688,RBCLPO,33,33,29,"13,232.00","383,728.00"
2020-12-29,2020122904001687,RBCLPO,33,42,21,"13,230.00","277,830.00"
2020-12-29,2020122904001412,RBCLPO,59,56,20,"13,232.00","264,640.00"
2020-12-29,2020122904001491,SAEF,13,13,"8,000",11.16,"89,280.00"
2020-12-29,2020122904001488,SAEF,7,13,"12,000",11.16,"133,920.00"
2020-12-29,2020122904001487,SAEF,21,13,"5,000",11.17,"55,850.00"
2020-12-29,2020122904001445,SAEF,13,13,"5,000",11.38,"56,900.00"
2020-12-29,2020122904001443,SAEF,13,25,500,11.32,"5,660.00"
2020-12-29,2020122904001342,SAEF,45,47,500,11.15,"5,575.00"
2020-12-29,2020122904001341,SAEF,45,47,"2,000",11.20,"22,400.00"
2020-12-29,2020122904001313,SAEF,17,47,"5,000",11.25,"56,250.00"
2020-12-29,2020122904001257,SAEF,17,56,"10,000",11.25,"112,500.00"
2020-12-29,2020122904001696,SEF,21,58,"9,000",10.37,"93,330.00"
2020-12-29,2020122904001682,SEF,57,19,"2,000",10.31,"20,620.00"
2020-12-29,2020122904001679,SEF,21,58,"1,000",10.37,"10,370.00"
2020-12-29,2020122904001678,SEF,21,45,"1,500",10.37,"15,555.00"
2020-12-29,2020122904001677,SEF,21,45,"1,000",10.37,"10,370.00"
2020-12-29,2020122904001676,SEF,21,43,"3,000",10.36,"31,080.00"
2020-12-29,2020122904001501,SEF,17,49,"16,200",10.30,"166,860.00"
2020-12-29,2020122904001500,SEF,47,49,"3,800",10.31,"39,178.00"
2020-12-29,2020122904001391,SEF,47,45,"1,000",10.31,"10,310.00"
2020-12-29,2020122904001384,SEF,47,29,"1,000",10.31,"10,310.00"
2020-12-29,2020122904001727,SGI,21,41,10,559.00,"5,590.00"
2020-12-29,2020122904001726,SGI,21,58,10,559.00,"5,590.00"
2020-12-29,2020122904001724,SGI,20,39,10,564.00,"5,640.00"
2020-12-29,2020122904001723,SGI,20,14,10,560.00,"5,600.00"
2020-12-29,2020122904001722,SGI,20,32,10,560.00,"5,600.00"
2020-12-29,2020122904001721,SGI,20,7,10,560.00,"5,600.00"
2020-12-29,2020122904001259,SGI,41,39,10,560.00,"5,600.00"
2020-12-29,2020122904001256,SGI,41,42,10,560.00,"5,600.00"
2020-12-29,2020122904001269,SGI,41,28,10,560.00,"5,600.00"
2020-12-29,2020122904001268,SGI,41,25,10,560.00,"5,600.00"
2020-12-29,2020122904001265,SGI,41,42,10,560.00,"5,600.00"
2020-12-29,2020122904001264,SGI,41,28,10,560.00,"5,600.00"
2020-12-29,2020122904001262,SGI,41,26,10,560.00,"5,600.00"
2020-12-29,2020122904001261,SGI,41,14,10,560.00,"5,600.00"
2020-12-29,2020122904001277,SGI,17,36,10,560.00,"5,600.00"
2020-12-29,2020122904001276,SGI,51,45,10,560.00,"5,600.00"
2020-12-29,2020122904001275,SGI,51,42,10,560.00,"5,600.00"
2020-12-29,2020122904001274,SGI,45,48,10,560.00,"5,600.00"
2020-12-29,2020122904001272,SGI,45,56,10,560.00,"5,600.00"
2020-12-29,2020122904001270,SGI,45,46,10,560.00,"5,600.00"
2020-12-29,2020122904001314,SGI,36,16,10,561.00,"5,610.00"
2020-12-29,2020122904001312,SGI,36,14,10,561.00,"5,610.00"
2020-12-29,2020122904001304,SGI,41,14,10,560.00,"5,600.00"
2020-12-29,2020122904001303,SGI,41,20,10,560.00,"5,600.00"
2020-12-29,2020122904001302,SGI,41,41,10,560.00,"5,600.00"
2020-12-29,2020122904001301,SGI,17,25,10,560.00,"5,600.00"
2020-12-29,2020122904001329,SGI,11,25,10,562.00,"5,620.00"
2020-12-29,2020122904001328,SGI,11,56,10,562.00,"5,620.00"
2020-12-29,2020122904001325,SGI,11,29,10,562.00,"5,620.00"
2020-12-29,2020122904001324,SGI,11,25,10,562.00,"5,620.00"
2020-12-29,2020122904001323,SGI,11,52,20,562.00,"11,240.00"
2020-12-29,2020122904001319,SGI,36,56,10,561.00,"5,610.00"
2020-12-29,2020122904001340,SGI,34,20,10,564.00,"5,640.00"
2020-12-29,2020122904001339,SGI,34,29,10,564.00,"5,640.00"
2020-12-29,2020122904001336,SGI,41,36,10,560.00,"5,600.00"
2020-12-29,2020122904001334,SGI,36,56,10,561.00,"5,610.00"
2020-12-29,2020122904001333,SGI,36,25,10,561.00,"5,610.00"
2020-12-29,2020122904001330,SGI,34,57,10,563.00,"5,630.00"
2020-12-29,2020122904001357,SGI,41,20,10,560.00,"5,600.00"
2020-12-29,2020122904001355,SGI,21,56,10,561.00,"5,610.00"
2020-12-29,2020122904001351,SGI,41,25,10,560.00,"5,600.00"
2020-12-29,2020122904001348,SGI,34,39,10,564.00,"5,640.00"
2020-12-29,2020122904001345,SGI,34,25,10,564.00,"5,640.00"
2020-12-29,2020122904001344,SGI,34,39,10,564.00,"5,640.00"
2020-12-29,2020122904001374,SGI,41,48,10,560.00,"5,600.00"
2020-12-29,2020122904001372,SGI,41,47,10,560.00,"5,600.00"
2020-12-29,2020122904001371,SGI,41,11,10,560.00,"5,600.00"
2020-12-29,2020122904001370,SGI,41,13,10,560.00,"5,600.00"
2020-12-29,2020122904001367,SGI,41,20,10,560.00,"5,600.00"
2020-12-29,2020122904001364,SGI,21,22,10,561.00,"5,610.00"
2020-12-29,2020122904001383,SGI,42,48,10,560.00,"5,600.00"
2020-12-29,2020122904001382,SGI,42,40,10,560.00,"5,600.00"
2020-12-29,2020122904001381,SGI,41,20,10,560.00,"5,600.00"
2020-12-29,2020122904001380,SGI,41,3,10,560.00,"5,600.00"
2020-12-29,2020122904001378,SGI,41,25,10,560.00,"5,600.00"
2020-12-29,2020122904001376,SGI,41,48,10,560.00,"5,600.00"
2020-12-29,2020122904001401,SGI,20,38,10,559.00,"5,590.00"
2020-12-29,2020122904001397,SGI,20,48,10,559.00,"5,590.00"
2020-12-29,2020122904001393,SGI,20,48,10,559.00,"5,590.00"
2020-12-29,2020122904001390,SGI,20,37,10,559.00,"5,590.00"
2020-12-29,2020122904001387,SGI,34,25,10,560.00,"5,600.00"
2020-12-29,2020122904001385,SGI,34,38,10,560.00,"5,600.00"
2020-12-29,2020122904001408,SGI,45,11,10,560.00,"5,600.00"
2020-12-29,2020122904001407,SGI,45,52,10,560.00,"5,600.00"
2020-12-29,2020122904001406,SGI,45,56,10,560.00,"5,600.00"
2020-12-29,2020122904001405,SGI,45,16,10,560.00,"5,600.00"
2020-12-29,2020122904001404,SGI,45,11,10,560.00,"5,600.00"
2020-12-29,2020122904001403,SGI,45,38,10,560.00,"5,600.00"
2020-12-29,2020122904001426,SGI,7,38,10,559.00,"5,590.00"
2020-12-29,2020122904001424,SGI,7,16,10,559.00,"5,590.00"
2020-12-29,2020122904001413,SGI,57,38,10,559.00,"5,590.00"
2020-12-29,2020122904001411,SGI,57,38,10,559.00,"5,590.00"
2020-12-29,2020122904001410,SGI,45,45,10,560.00,"5,600.00"
2020-12-29,2020122904001409,SGI,45,36,10,560.00,"5,600.00"
2020-12-29,2020122904001435,SGI,7,17,10,559.00,"5,590.00"
2020-12-29,2020122904001433,SGI,7,45,10,559.00,"5,590.00"
2020-12-29,2020122904001431,SGI,7,11,10,559.00,"5,590.00"
2020-12-29,2020122904001429,SGI,49,3,10,560.00,"5,600.00"
2020-12-29,2020122904001428,SGI,49,48,10,560.00,"5,600.00"
2020-12-29,2020122904001427,SGI,49,16,10,560.00,"5,600.00"
2020-12-29,2020122904001448,SGI,17,49,10,560.00,"5,600.00"
2020-12-29,2020122904001447,SGI,17,45,10,560.00,"5,600.00"
2020-12-29,2020122904001446,SGI,17,44,10,560.00,"5,600.00"
2020-12-29,2020122904001442,SGI,7,45,10,559.00,"5,590.00"
2020-12-29,2020122904001439,SGI,7,46,10,559.00,"5,590.00"
2020-12-29,2020122904001438,SGI,7,45,10,559.00,"5,590.00"
2020-12-29,2020122904001454,SGI,50,45,90,560.00,"50,400.00"
2020-12-29,2020122904001453,SGI,17,45,30,560.00,"16,800.00"
2020-12-29,2020122904001452,SGI,17,48,10,560.00,"5,600.00"
2020-12-29,2020122904001451,SGI,17,22,10,560.00,"5,600.00"
2020-12-29,2020122904001450,SGI,17,58,10,560.00,"5,600.00"
2020-12-29,2020122904001449,SGI,17,40,10,560.00,"5,600.00"
2020-12-29,2020122904001468,SGI,46,40,10,559.00,"5,590.00"
2020-12-29,2020122904001466,SGI,46,38,10,559.00,"5,590.00"
2020-12-29,2020122904001461,SGI,11,39,10,559.00,"5,590.00"
2020-12-29,2020122904001460,SGI,11,56,10,559.00,"5,590.00"
2020-12-29,2020122904001457,SGI,7,11,10,559.00,"5,590.00"
2020-12-29,2020122904001456,SGI,7,39,10,559.00,"5,590.00"
2020-12-29,2020122904001497,SGI,46,52,10,559.00,"5,590.00"
2020-12-29,2020122904001492,SGI,46,52,10,559.00,"5,590.00"
2020-12-29,2020122904001484,SGI,46,38,10,559.00,"5,590.00"
2020-12-29,2020122904001483,SGI,45,52,10,560.00,"5,600.00"
2020-12-29,2020122904001482,SGI,45,38,10,560.00,"5,600.00"
2020-12-29,2020122904001481,SGI,45,45,80,560.00,"44,800.00"
2020-12-29,2020122904001508,SGI,32,58,10,560.00,"5,600.00"
2020-12-29,2020122904001507,SGI,32,41,10,560.00,"5,600.00"
2020-12-29,2020122904001506,SGI,32,56,10,559.00,"5,590.00"
2020-12-29,2020122904001505,SGI,32,1,10,559.00,"5,590.00"
2020-12-29,2020122904001504,SGI,32,6,10,559.00,"5,590.00"
2020-12-29,2020122904001503,SGI,32,14,10,559.00,"5,590.00"
2020-12-29,2020122904001525,SGI,32,42,10,560.00,"5,600.00"
2020-12-29,2020122904001517,SGI,11,58,10,561.00,"5,610.00"
2020-12-29,2020122904001516,SGI,11,49,10,561.00,"5,610.00"
2020-12-29,2020122904001515,SGI,11,16,10,561.00,"5,610.00"
2020-12-29,2020122904001514,SGI,11,22,10,561.00,"5,610.00"
2020-12-29,2020122904001509,SGI,32,26,10,560.00,"5,600.00"
2020-12-29,2020122904001541,SGI,32,40,10,560.00,"5,600.00"
2020-12-29,2020122904001540,SGI,32,58,10,560.00,"5,600.00"
2020-12-29,2020122904001539,SGI,32,20,10,560.00,"5,600.00"
2020-12-29,2020122904001538,SGI,32,5,10,560.00,"5,600.00"
2020-12-29,2020122904001535,SGI,32,44,10,560.00,"5,600.00"
2020-12-29,2020122904001526,SGI,32,54,10,560.00,"5,600.00"
2020-12-29,2020122904001555,SGI,32,44,10,560.00,"5,600.00"
2020-12-29,2020122904001554,SGI,32,45,10,560.00,"5,600.00"
2020-12-29,2020122904001550,SGI,32,43,10,560.00,"5,600.00"
2020-12-29,2020122904001546,SGI,32,5,10,560.00,"5,600.00"
2020-12-29,2020122904001545,SGI,32,45,10,560.00,"5,600.00"
2020-12-29,2020122904001544,SGI,32,4,10,560.00,"5,600.00"
2020-12-29,2020122904001565,SGI,32,43,10,560.00,"5,600.00"
2020-12-29,2020122904001564,SGI,32,55,10,560.00,"5,600.00"
2020-12-29,2020122904001563,SGI,32,55,10,560.00,"5,600.00"
2020-12-29,2020122904001561,SGI,32,45,10,560.00,"5,600.00"
2020-12-29,2020122904001558,SGI,32,20,10,560.00,"5,600.00"
2020-12-29,2020122904001557,SGI,32,3,10,560.00,"5,600.00"
2020-12-29,2020122904001600,SGI,8,38,10,560.00,"5,600.00"
2020-12-29,2020122904001576,SGI,8,40,10,560.00,"5,600.00"
2020-12-29,2020122904001575,SGI,32,16,10,560.00,"5,600.00"
2020-12-29,2020122904001574,SGI,32,4,10,560.00,"5,600.00"
2020-12-29,2020122904001573,SGI,32,39,10,560.00,"5,600.00"
2020-12-29,2020122904001567,SGI,32,56,10,560.00,"5,600.00"
2020-12-29,2020122904001608,SGI,48,43,10,558.00,"5,580.00"
2020-12-29,2020122904001606,SGI,34,53,10,562.00,"5,620.00"
2020-12-29,2020122904001605,SGI,34,11,10,562.00,"5,620.00"
2020-12-29,2020122904001604,SGI,48,42,310,558.00,"172,980.00"
2020-12-29,2020122904001603,SGI,43,42,100,559.00,"55,900.00"
2020-12-29,2020122904001602,SGI,8,42,80,560.00,"44,800.00"
2020-12-29,2020122904001623,SGI,21,6,10,559.00,"5,590.00"
2020-12-29,2020122904001620,SGI,21,45,10,559.00,"5,590.00"
2020-12-29,2020122904001616,SGI,21,16,10,559.00,"5,590.00"
2020-12-29,2020122904001613,SGI,48,39,10,558.00,"5,580.00"
2020-12-29,2020122904001612,SGI,48,58,10,558.00,"5,580.00"
2020-12-29,2020122904001611,SGI,48,4,10,558.00,"5,580.00"
2020-12-29,2020122904001633,SGI,49,59,10,559.00,"5,590.00"
2020-12-29,2020122904001631,SGI,49,40,10,559.00,"5,590.00"
2020-12-29,2020122904001629,SGI,49,6,10,559.00,"5,590.00"
2020-12-29,2020122904001628,SGI,49,39,10,559.00,"5,590.00"
2020-12-29,2020122904001627,SGI,49,38,10,559.00,"5,590.00"
2020-12-29,2020122904001624,SGI,49,59,10,559.00,"5,590.00"
2020-12-29,2020122904001650,SGI,21,40,10,559.00,"5,590.00"
2020-12-29,2020122904001649,SGI,48,56,10,558.00,"5,580.00"
2020-12-29,2020122904001641,SGI,48,40,10,558.00,"5,580.00"
2020-12-29,2020122904001639,SGI,49,39,10,559.00,"5,590.00"
2020-12-29,2020122904001638,SGI,49,38,10,559.00,"5,590.00"
2020-12-29,2020122904001635,SGI,49,45,10,559.00,"5,590.00"
2020-12-29,2020122904001666,SGI,6,4,10,559.00,"5,590.00"
2020-12-29,2020122904001665,SGI,6,42,10,559.00,"5,590.00"
2020-12-29,2020122904001663,SGI,6,59,10,559.00,"5,590.00"
2020-12-29,2020122904001662,SGI,6,42,10,559.00,"5,590.00"
2020-12-29,2020122904001658,SGI,6,42,10,559.00,"5,590.00"
2020-12-29,2020122904001653,SGI,48,42,10,558.00,"5,580.00"
2020-12-29,2020122904001691,SGI,4,58,10,559.00,"5,590.00"
2020-12-29,2020122904001689,SGI,4,45,10,559.00,"5,590.00"
2020-12-29,2020122904001684,SGI,4,45,10,559.00,"5,590.00"
2020-12-29,2020122904001681,SGI,4,52,10,559.00,"5,590.00"
2020-12-29,2020122904001674,SGI,4,26,10,559.00,"5,590.00"
2020-12-29,2020122904001668,SGI,4,58,10,559.00,"5,590.00"
2020-12-29,2020122904001715,SGI,21,58,10,559.00,"5,590.00"
2020-12-29,2020122904001712,SGI,21,58,10,559.00,"5,590.00"
2020-12-29,2020122904001700,SGI,4,41,10,559.00,"5,590.00"
2020-12-29,2020122904001699,SGI,4,44,10,559.00,"5,590.00"
2020-12-29,2020122904001694,SGI,4,41,10,559.00,"5,590.00"
2020-12-29,2020122904001693,SGI,4,52,10,559.00,"5,590.00"
2020-12-29,2020122904001318,SLICLP,44,4,"150,000",316.00,"47,400,000.00"
2020-12-29,2020122904001735,STC,41,58,10,"5,191.00","51,910.00"
2020-12-29,2020122904001734,STC,41,10,10,"5,190.00","51,900.00"
2020-12-29,2020122904001728,STC,20,10,10,"5,190.00","51,900.00"
2020-12-29,2020122904001719,STC,41,10,40,"5,190.00","207,600.00"
2020-12-29,2020122904001718,STC,41,10,10,"5,185.00","51,850.00"
2020-12-29,2020122904001710,STC,38,10,50,"5,185.00","259,250.00"
2020-12-29,2020122904001337,STC,56,55,10,"5,189.00","51,890.00"
2020-12-29,2020122904001444,STC,58,10,50,"5,290.00","264,500.00"
2020-12-29,2020122904001399,STC,38,55,44,"5,200.00","228,800.00"
2020-12-29,2020122904001373,STC,58,55,40,"5,195.00","207,800.00"
2020-12-29,2020122904001366,STC,58,55,10,"5,195.00","51,950.00"
2020-12-29,2020122904001356,STC,52,55,10,"5,190.00","51,900.00"
2020-12-29,2020122904001338,STC,5,55,50,"5,189.00","259,450.00"
2020-12-29,2020122904001534,STC,58,55,10,"5,193.00","51,930.00"
2020-12-29,2020122904001533,STC,58,58,50,"5,195.00","259,750.00"
2020-12-29,2020122904001532,STC,56,58,30,"5,201.00","156,030.00"
2020-12-29,2020122904001531,STC,57,58,10,"5,202.00","52,020.00"
2020-12-29,2020122904001530,STC,56,58,30,"5,205.00","156,150.00"
2020-12-29,2020122904001458,STC,58,40,50,"5,290.00","264,500.00"
2020-12-29,2020122904001610,STC,39,10,20,"5,200.00","104,000.00"
2020-12-29,2020122904001572,STC,38,10,76,"5,190.00","394,440.00"
2020-12-29,2020122904001571,STC,56,10,20,"5,192.00","103,840.00"
2020-12-29,2020122904001570,STC,58,10,40,"5,193.00","207,720.00"
2020-12-29,2020122904001569,STC,45,10,10,"5,194.00","51,940.00"
2020-12-29,2020122904001537,STC,38,58,80,"5,195.00","415,600.00"
2020-12-29,2020122904001709,STC,56,10,10,"5,190.00","51,900.00"
2020-12-29,2020122904001708,STC,56,10,10,"5,190.00","51,900.00"
2020-12-29,2020122904001707,STC,56,10,20,"5,200.00","104,000.00"
2020-12-29,2020122904001706,STC,58,10,40,"5,200.00","208,000.00"
2020-12-29,2020122904001669,STC,13,13,"5,000","5,205.00","26,025,000.00"
2020-12-29,2020122904001657,STC,58,13,10,"5,195.00","51,950.00"
2020-12-29,2020122904001235,BBC,55,49,20,"2,600.00","52,000.00"
2020-12-29,2020122904001234,BBC,55,58,40,"2,600.00","104,000.00"
2020-12-29,2020122904001161,BBC,7,58,10,"2,600.00","26,000.00"
2020-12-29,2020122904001032,CCBLPO,34,3,"107,000",112.00,"11,984,000.00"
2020-12-29,2020122904000878,CCBLPO,34,21,"21,000",112.00,"2,352,000.00"
2020-12-29,2020122904000910,CMF1,22,38,500,9.85,"4,925.00"
2020-12-29,2020122904001250,GIC,26,49,10,536.00,"5,360.00"
2020-12-29,2020122904001240,GIC,26,21,10,536.00,"5,360.00"
2020-12-29,2020122904001228,GIC,32,28,20,537.00,"10,740.00"
2020-12-29,2020122904001214,GIC,26,26,10,536.00,"5,360.00"
2020-12-29,2020122904001202,GIC,21,16,10,536.00,"5,360.00"
2020-12-29,2020122904001180,GIC,21,38,10,536.00,"5,360.00"
2020-12-29,2020122904000752,GIC,41,25,10,539.00,"5,390.00"
2020-12-29,2020122904000764,GIC,41,8,10,539.00,"5,390.00"
2020-12-29,2020122904000758,GIC,41,21,10,539.00,"5,390.00"
2020-12-29,2020122904000756,GIC,41,22,10,539.00,"5,390.00"
2020-12-29,2020122904000755,GIC,41,25,10,539.00,"5,390.00"
2020-12-29,2020122904000754,GIC,41,25,10,539.00,"5,390.00"
2020-12-29,2020122904000753,GIC,41,25,10,539.00,"5,390.00"
2020-12-29,2020122904000780,GIC,34,11,10,538.00,"5,380.00"
2020-12-29,2020122904000778,GIC,34,39,10,538.00,"5,380.00"
2020-12-29,2020122904000776,GIC,34,44,10,538.00,"5,380.00"
2020-12-29,2020122904000771,GIC,34,17,10,538.00,"5,380.00"
2020-12-29,2020122904000768,GIC,34,38,10,538.00,"5,380.00"
2020-12-29,2020122904000767,GIC,41,47,10,539.00,"5,390.00"
2020-12-29,2020122904000793,GIC,49,46,10,540.00,"5,400.00"
2020-12-29,2020122904000792,GIC,49,44,10,540.00,"5,400.00"
2020-12-29,2020122904000791,GIC,49,44,10,540.00,"5,400.00"
2020-12-29,2020122904000790,GIC,49,44,10,540.00,"5,400.00"
2020-12-29,2020122904000789,GIC,34,48,10,538.00,"5,380.00"
2020-12-29,2020122904000785,GIC,34,26,10,538.00,"5,380.00"
2020-12-29,2020122904000821,GIC,49,44,10,540.00,"5,400.00"
2020-12-29,2020122904000818,GIC,49,38,10,539.00,"5,390.00"
2020-12-29,2020122904000807,GIC,49,38,10,538.00,"5,380.00"
2020-12-29,2020122904000805,GIC,34,38,100,538.00,"53,800.00"
2020-12-29,2020122904000796,GIC,34,38,10,538.00,"5,380.00"
2020-12-29,2020122904000794,GIC,49,55,10,540.00,"5,400.00"
2020-12-29,2020122904000833,GIC,55,44,10,540.00,"5,400.00"
2020-12-29,2020122904000832,GIC,55,44,10,540.00,"5,400.00"
2020-12-29,2020122904000831,GIC,55,42,10,540.00,"5,400.00"
2020-12-29,2020122904000830,GIC,55,57,10,540.00,"5,400.00"
2020-12-29,2020122904000829,GIC,55,35,10,540.00,"5,400.00"
2020-12-29,2020122904000822,GIC,49,41,10,540.00,"5,400.00"
2020-12-29,2020122904000844,GIC,55,44,70,540.00,"37,800.00"
2020-12-29,2020122904000843,GIC,55,56,10,540.00,"5,400.00"
2020-12-29,2020122904000842,GIC,55,56,10,540.00,"5,400.00"
2020-12-29,2020122904000841,GIC,55,11,10,540.00,"5,400.00"
2020-12-29,2020122904000835,GIC,7,51,10,538.00,"5,380.00"
2020-12-29,2020122904000834,GIC,55,43,100,540.00,"54,000.00"
2020-12-29,2020122904000853,GIC,55,3,10,538.00,"5,380.00"
2020-12-29,2020122904000852,GIC,55,44,120,540.00,"64,800.00"
2020-12-29,2020122904000851,GIC,55,39,10,539.00,"5,390.00"
2020-12-29,2020122904000850,GIC,55,33,10,538.00,"5,380.00"
2020-12-29,2020122904000849,GIC,55,38,10,538.00,"5,380.00"
2020-12-29,2020122904000846,GIC,55,56,10,537.00,"5,370.00"
2020-12-29,2020122904000867,GIC,55,26,10,537.00,"5,370.00"
2020-12-29,2020122904000863,GIC,55,49,10,537.00,"5,370.00"
2020-12-29,2020122904000857,GIC,55,29,10,540.00,"5,400.00"
2020-12-29,2020122904000856,GIC,55,51,10,540.00,"5,400.00"
2020-12-29,2020122904000855,GIC,55,44,10,540.00,"5,400.00"
2020-12-29,2020122904000854,GIC,55,25,10,540.00,"5,400.00"
2020-12-29,2020122904000874,GIC,5,26,10,538.00,"5,380.00"
2020-12-29,2020122904000873,GIC,5,34,10,538.00,"5,380.00"
2020-12-29,2020122904000872,GIC,5,17,10,538.00,"5,380.00"
2020-12-29,2020122904000871,GIC,5,38,10,538.00,"5,380.00"
2020-12-29,2020122904000870,GIC,5,38,10,538.00,"5,380.00"
2020-12-29,2020122904000868,GIC,55,49,10,537.00,"5,370.00"
2020-12-29,2020122904000894,GIC,8,36,10,538.00,"5,380.00"
2020-12-29,2020122904000893,GIC,8,26,10,538.00,"5,380.00"
2020-12-29,2020122904000892,GIC,8,38,10,538.00,"5,380.00"
2020-12-29,2020122904000891,GIC,8,17,10,538.00,"5,380.00"
2020-12-29,2020122904000880,GIC,55,52,10,537.00,"5,370.00"
2020-12-29,2020122904000876,GIC,55,49,10,537.00,"5,370.00"
2020-12-29,2020122904000904,GIC,34,41,10,540.00,"5,400.00"
2020-12-29,2020122904000903,GIC,34,41,10,538.00,"5,380.00"
2020-12-29,2020122904000902,GIC,49,57,10,537.00,"5,370.00"
2020-12-29,2020122904000900,GIC,49,5,10,537.00,"5,370.00"
2020-12-29,2020122904000896,GIC,55,48,10,537.00,"5,370.00"
2020-12-29,2020122904000895,GIC,8,13,10,538.00,"5,380.00"
2020-12-29,2020122904000914,GIC,38,57,10,540.00,"5,400.00"
2020-12-29,2020122904000909,GIC,34,52,10,540.00,"5,400.00"
2020-12-29,2020122904000908,GIC,34,5,10,540.00,"5,400.00"
2020-12-29,2020122904000907,GIC,34,35,10,540.00,"5,400.00"
2020-12-29,2020122904000906,GIC,34,58,10,540.00,"5,400.00"
2020-12-29,2020122904000905,GIC,34,45,10,540.00,"5,400.00"
2020-12-29,2020122904000937,GIC,49,44,10,537.00,"5,370.00"
2020-12-29,2020122904000928,GIC,49,50,10,537.00,"5,370.00"
2020-12-29,2020122904000920,GIC,38,58,10,540.00,"5,400.00"
2020-12-29,2020122904000917,GIC,38,49,10,540.00,"5,400.00"
2020-12-29,2020122904000916,GIC,38,56,10,540.00,"5,400.00"
2020-12-29,2020122904000915,GIC,38,22,10,540.00,"5,400.00"
2020-12-29,2020122904000988,GIC,55,59,10,537.00,"5,370.00"
2020-12-29,2020122904000985,GIC,55,38,10,537.00,"5,370.00"
2020-12-29,2020122904000982,GIC,55,38,10,537.00,"5,370.00"
2020-12-29,2020122904000966,GIC,55,28,10,537.00,"5,370.00"
2020-12-29,2020122904000944,GIC,41,49,10,538.00,"5,380.00"
2020-12-29,2020122904000943,GIC,41,46,10,538.00,"5,380.00"
2020-12-29,2020122904001011,GIC,55,38,10,537.00,"5,370.00"
2020-12-29,2020122904000993,GIC,48,52,10,538.00,"5,380.00"
2020-12-29,2020122904000992,GIC,48,52,10,538.00,"5,380.00"
2020-12-29,2020122904000991,GIC,48,59,10,538.00,"5,380.00"
2020-12-29,2020122904000990,GIC,48,42,10,538.00,"5,380.00"
2020-12-29,2020122904000989,GIC,48,36,10,538.00,"5,380.00"
2020-12-29,2020122904001036,GIC,17,59,10,537.00,"5,370.00"
2020-12-29,2020122904001029,GIC,17,38,10,537.00,"5,370.00"
2020-12-29,2020122904001027,GIC,55,38,10,537.00,"5,370.00"
2020-12-29,2020122904001017,GIC,55,21,10,537.00,"5,370.00"
2020-12-29,2020122904001015,GIC,55,21,10,537.00,"5,370.00"
2020-12-29,2020122904001013,GIC,55,21,10,537.00,"5,370.00"
2020-12-29,2020122904001073,GIC,17,3,10,537.00,"5,370.00"
2020-12-29,2020122904001070,GIC,48,39,10,538.00,"5,380.00"
2020-12-29,2020122904001069,GIC,48,4,10,538.00,"5,380.00"
2020-12-29,2020122904001067,GIC,17,54,10,537.00,"5,370.00"
2020-12-29,2020122904001060,GIC,17,38,10,537.00,"5,370.00"
2020-12-29,2020122904001037,GIC,17,21,10,537.00,"5,370.00"
2020-12-29,2020122904001080,GIC,17,59,10,537.00,"5,370.00"
2020-12-29,2020122904001079,GIC,17,14,10,537.00,"5,370.00"
2020-12-29,2020122904001078,GIC,17,32,10,537.00,"5,370.00"
2020-12-29,2020122904001076,GIC,17,35,10,537.00,"5,370.00"
2020-12-29,2020122904001075,GIC,45,4,10,538.00,"5,380.00"
2020-12-29,2020122904001074,GIC,17,32,10,537.00,"5,370.00"
2020-12-29,2020122904001094,GIC,17,6,10,537.00,"5,370.00"
2020-12-29,2020122904001093,GIC,17,16,10,537.00,"5,370.00"
2020-12-29,2020122904001092,GIC,17,19,10,537.00,"5,370.00"
2020-12-29,2020122904001084,GIC,17,19,10,537.00,"5,370.00"
2020-12-29,2020122904001082,GIC,17,54,10,537.00,"5,370.00"
2020-12-29,2020122904001081,GIC,17,52,10,537.00,"5,370.00"
2020-12-29,2020122904001109,GIC,17,49,10,537.00,"5,370.00"
2020-12-29,2020122904001107,GIC,17,57,10,537.00,"5,370.00"
2020-12-29,2020122904001104,GIC,17,17,10,537.00,"5,370.00"
2020-12-29,2020122904001099,GIC,17,52,10,537.00,"5,370.00"
2020-12-29,2020122904001097,GIC,58,4,10,538.00,"5,380.00"
2020-12-29,2020122904001096,GIC,58,45,10,538.00,"5,380.00"
2020-12-29,2020122904001117,GIC,14,28,200,537.00,"107,400.00"
2020-12-29,2020122904001116,GIC,19,28,16,537.00,"8,592.00"
2020-12-29,2020122904001115,GIC,17,28,270,537.00,"144,990.00"
2020-12-29,2020122904001114,GIC,58,28,36,537.00,"19,332.00"
2020-12-29,2020122904001112,GIC,17,17,10,537.00,"5,370.00"
2020-12-29,2020122904001110,GIC,17,17,10,537.00,"5,370.00"
2020-12-29,2020122904001145,GIC,45,41,10,536.00,"5,360.00"
2020-12-29,2020122904001141,GIC,45,47,10,536.00,"5,360.00"
2020-12-29,2020122904001137,GIC,45,41,10,536.00,"5,360.00"
2020-12-29,2020122904001135,GIC,45,38,10,536.00,"5,360.00"
2020-12-29,2020122904001129,GIC,45,45,10,536.00,"5,360.00"
2020-12-29,2020122904001118,GIC,45,3,10,536.00,"5,360.00"
2020-12-29,2020122904001178,GIC,21,14,10,536.00,"5,360.00"
2020-12-29,2020122904001163,GIC,21,38,10,536.00,"5,360.00"
2020-12-29,2020122904001159,GIC,21,33,10,536.00,"5,360.00"
2020-12-29,2020122904001158,GIC,45,38,10,536.00,"5,360.00"
2020-12-29,2020122904001154,GIC,45,41,10,536.00,"5,360.00"
2020-12-29,2020122904001149,GIC,45,39,10,536.00,"5,360.00"
2020-12-29,2020122904001086,GIMES1,7,47,"1,000",11.11,"11,110.00"
2020-12-29,2020122904000945,GIMES1,7,58,"2,500",11.15,"27,875.00"
2020-12-29,2020122904000862,GIMES1,47,10,"10,000",11.22,"112,200.00"
2020-12-29,2020122904000861,GIMES1,47,10,"10,000",11.21,"112,100.00"
2020-12-29,2020122904000860,GIMES1,47,10,"10,000",11.20,"112,000.00"
2020-12-29,2020122904000859,GIMES1,47,10,"8,293",11.19,"92,798.67"
2020-12-29,2020122904000858,GIMES1,47,26,"2,100",11.17,"23,457.00"
2020-12-29,2020122904000801,GIMES1,7,57,"5,000",11.17,"55,850.00"
2020-12-29,2020122904001183,LEMF,53,59,"1,000",9.77,"9,770.00"
2020-12-29,2020122904001103,LUK,19,45,500,9.12,"4,560.00"
2020-12-29,2020122904001035,LUK,19,26,100,9.12,912.00
2020-12-29,2020122904000977,LUK,38,41,100,9.30,930.00
2020-12-29,2020122904000760,LUK,6,49,100,9.36,936.00
2020-12-29,2020122904000759,LUK,6,22,500,9.36,"4,680.00"
2020-12-29,2020122904001176,NBF2,57,29,100,9.41,941.00
2020-12-29,2020122904001100,NBF2,36,45,"2,000",9.42,"18,840.00"
2020-12-29,2020122904001083,NBF2,10,6,"10,000",9.50,"95,000.00"
2020-12-29,2020122904001053,NBF2,38,6,"5,010",9.50,"47,595.00"
2020-12-29,2020122904001052,NBF2,45,6,"1,000",9.50,"9,500.00"
2020-12-29,2020122904001047,NBF2,10,6,"11,400",9.60,"109,440.00"
2020-12-29,2020122904001008,NBF2,10,45,"1,000",9.60,"9,600.00"
2020-12-29,2020122904001007,NBF2,10,58,"8,600",9.57,"82,302.00"
2020-12-29,2020122904000912,NBF2,6,58,"1,400",9.57,"13,398.00"
2020-12-29,2020122904000773,NBF2,6,38,100,9.57,957.00
2020-12-29,2020122904000772,NBF2,42,38,"1,000",9.59,"9,590.00"
2020-12-29,2020122904000777,NCCBPO,22,46,"6,403",114.00,"729,942.00"
2020-12-29,2020122904001238,NEF,50,1,"1,207",9.87,"11,913.09"
2020-12-29,2020122904001227,NEF,5,39,351,10.05,"3,527.55"
2020-12-29,2020122904001226,NEF,5,13,483,10.00,"4,830.00"
2020-12-29,2020122904001225,NEF,50,39,724,9.87,"7,145.88"
2020-12-29,2020122904001224,NEF,50,36,"2,156",9.87,"21,279.72"
2020-12-29,2020122904001223,NEF,44,36,258,9.89,"2,551.62"
2020-12-29,2020122904000959,NEF,28,11,241,10.00,"2,410.00"
2020-12-29,2020122904000798,NEF,5,49,483,9.85,"4,757.55"
2020-12-29,2020122904000787,NEF,5,57,241,9.85,"2,373.85"
2020-12-29,2020122904000770,NEF,5,59,"1,207",9.85,"11,888.95"
2020-12-29,2020122904000969,NEF,28,43,724,10.04,"7,268.96"
2020-12-29,2020122904000968,NEF,28,11,966,10.04,"9,698.64"
2020-12-29,2020122904000963,NEF,28,14,"5,000",10.00,"50,000.00"
2020-12-29,2020122904000962,NEF,28,35,"1,127",10.00,"11,270.00"
2020-12-29,2020122904000961,NEF,28,20,"2,253",10.00,"22,530.00"
2020-12-29,2020122904000960,NEF,28,52,500,10.00,"5,000.00"
2020-12-29,2020122904001033,NEF,28,6,648,10.05,"6,512.40"
2020-12-29,2020122904000974,NEF,28,56,"2,414",10.05,"24,260.70"
2020-12-29,2020122904000973,NEF,28,42,"2,028",10.05,"20,381.40"
2020-12-29,2020122904000972,NEF,28,22,"20,000",10.05,"201,000.00"
2020-12-29,2020122904000971,NEF,28,4,"2,414",10.05,"24,260.70"
2020-12-29,2020122904000970,NEF,28,11,806,10.05,"8,100.30"
2020-12-29,2020122904001206,NEF,44,36,"2,414",9.89,"23,874.46"
2020-12-29,2020122904001199,NEF,44,59,328,9.89,"3,243.92"
2020-12-29,2020122904001198,NEF,28,59,879,10.00,"8,790.00"
2020-12-29,2020122904001057,NEF,50,17,510,10.06,"5,130.60"
2020-12-29,2020122904001056,NEF,50,6,"1,766",10.05,"17,748.30"
2020-12-29,2020122904001055,NEF,50,38,"1,966",10.04,"19,738.64"
2020-12-29,2020122904001148,NIBLPF,53,29,"3,821",10.06,"38,439.26"
2020-12-29,2020122904001144,NIBLPF,3,36,505,10.05,"5,075.25"
2020-12-29,2020122904001140,NIBLPF,26,29,475,10.06,"4,778.50"
2020-12-29,2020122904001038,NIBLPF,26,38,"2,525",10.06,"25,401.50"
2020-12-29,2020122904001025,NIBLPF,3,17,"2,525",10.05,"25,376.25"
2020-12-29,2020122904000958,NIBLPF,28,29,360,10.25,"3,690.00"
2020-12-29,2020122904000951,NIBLPF,28,52,510,10.15,"5,176.50"
2020-12-29,2020122904000950,NIBLPF,28,58,"1,000",10.15,"10,150.00"
2020-12-29,2020122904000848,NIBLPF,28,16,505,10.10,"5,100.50"
2020-12-29,2020122904000847,NIBLPF,28,25,"2,525",10.10,"25,502.50"
2020-12-29,2020122904000800,NIBLPF,52,26,200,10.07,"2,014.00"
2020-12-29,2020122904000957,NIBLPF,28,52,"2,525",10.25,"25,881.25"
2020-12-29,2020122904000956,NIBLPF,28,57,"2,525",10.25,"25,881.25"
2020-12-29,2020122904000955,NIBLPF,28,37,"1,560",10.20,"15,912.00"
2020-12-29,2020122904000954,NIBLPF,28,37,965,10.20,"9,843.00"
2020-12-29,2020122904000953,NIBLPF,28,17,"2,525",10.20,"25,755.00"
2020-12-29,2020122904000952,NIBLPF,28,17,"5,000",10.20,"51,000.00"
2020-12-29,2020122904001179,NIBPO,17,29,500,440.00,"220,000.00"
2020-12-29,2020122904000986,NIBPO,58,33,"2,875",440.00,"1,265,000.00"
2020-12-29,2020122904000981,NIBPO,58,33,125,440.00,"55,000.00"
2020-12-29,2020122904000979,NIBPO,4,42,779,442.00,"344,318.00"
2020-12-29,2020122904000978,NIBPO,4,42,"1,500",442.00,"663,000.00"
2020-12-29,2020122904000967,NIBPO,11,46,50,441.00,"22,050.00"
2020-12-29,2020122904000766,NIBPO,39,25,50,438.00,"21,900.00"
2020-12-29,2020122904000765,NIBPO,11,25,439,438.00,"192,282.00"
2020-12-29,2020122904000761,NIBPO,11,25,61,438.00,"26,718.00"
2020-12-29,2020122904000939,NIBPO,49,35,"2,000",440.00,"880,000.00"
2020-12-29,2020122904000913,NIBPO,58,35,875,440.00,"385,000.00"
2020-12-29,2020122904000897,NIBPO,17,35,"1,000",440.00,"440,000.00"
2020-12-29,2020122904000825,NIBPO,3,52,61,439.00,"26,779.00"
2020-12-29,2020122904000819,NIBPO,40,25,97,438.00,"42,486.00"
2020-12-29,2020122904000769,NIBPO,39,25,17,438.00,"7,446.00"
2020-12-29,2020122904001239,NIBSF1,34,42,100,11.32,"1,132.00"
2020-12-29,2020122904001216,NIBSF1,36,26,"2,000",11.26,"22,520.00"
2020-12-29,2020122904001190,NIBSF1,36,26,"1,500",11.26,"16,890.00"
2020-12-29,2020122904001182,NIBSF1,36,26,"1,500",11.26,"16,890.00"
2020-12-29,2020122904001170,NIBSF1,59,22,"5,000",11.29,"56,450.00"
2020-12-29,2020122904001152,NIBSF1,36,22,"5,000",11.30,"56,500.00"
2020-12-29,2020122904001151,NIBSF1,36,22,"9,700",11.31,"109,707.00"
2020-12-29,2020122904001150,NIBSF1,47,22,"5,000",11.32,"56,600.00"
2020-12-29,2020122904000942,NIBSF1,59,42,583,11.32,"6,599.56"
2020-12-29,2020122904000941,NIBSF1,59,58,500,11.32,"5,660.00"
2020-12-29,2020122904000845,NIBSF1,36,38,300,11.31,"3,393.00"
2020-12-29,2020122904000815,NIBSF1,36,58,"2,000",11.32,"22,640.00"
2020-12-29,2020122904001177,NICAD8283,40,29,25,"1,150.00","28,750.00"
2020-12-29,2020122904000998,NICBF,58,28,900,10.01,"9,009.00"
2020-12-29,2020122904001188,NICD83/84,19,29,100,"1,060.00","106,000.00"
2020-12-29,2020122904000889,NICGF,22,38,500,10.38,"5,190.00"
2020-12-29,2020122904000783,NICGF,6,26,250,10.37,"2,592.50"
2020-12-29,2020122904000782,NICGF,6,59,800,10.37,"8,296.00"
2020-12-29,2020122904001231,NMBHF1,8,39,"4,161",10.00,"41,610.00"
2020-12-29,2020122904001229,NMBHF1,8,36,"4,078",10.00,"40,780.00"
2020-12-29,2020122904001219,NMBHF1,8,39,499,10.00,"4,990.00"
2020-12-29,2020122904001213,NMBHF1,8,59,832,10.00,"8,320.00"
2020-12-29,2020122904001212,NMBHF1,8,45,"10,241",10.00,"102,410.00"
2020-12-29,2020122904001210,NMBHF1,8,36,"4,078",10.00,"40,780.00"
2020-12-29,2020122904000806,NMBHF1,8,59,832,10.00,"8,320.00"
2020-12-29,2020122904001130,NMBHF1,22,28,"3,021",10.03,"30,300.63"
2020-12-29,2020122904001043,NMBHF1,22,38,"2,332",10.03,"23,389.96"
2020-12-29,2020122904000911,NMBHF1,22,14,832,10.03,"8,344.96"
2020-12-29,2020122904000839,NMBHF1,22,16,416,10.03,"4,172.48"
2020-12-29,2020122904000838,NMBHF1,22,11,416,10.03,"4,172.48"
2020-12-29,2020122904000827,NMBHF1,8,26,416,10.00,"4,160.00"
2020-12-29,2020122904001208,NMBHF1,8,39,499,10.00,"4,990.00"
2020-12-29,2020122904001201,NMBHF1,8,36,"1,095",10.00,"10,950.00"
2020-12-29,2020122904001196,NMBHF1,22,36,"2,983",10.03,"29,919.49"
2020-12-29,2020122904001134,NMBHF1,29,17,"1,289",10.05,"12,954.45"
2020-12-29,2020122904001133,NMBHF1,29,42,"1,577",10.05,"15,848.85"
2020-12-29,2020122904001132,NMBHF1,29,43,"2,134",10.04,"21,425.36"
2020-12-29,2020122904001186,RBCLPO,6,7,10,"13,300.00","133,000.00"
2020-12-29,2020122904001185,RBCLPO,26,7,10,"13,350.00","133,500.00"
2020-12-29,2020122904000824,RBCLPO,26,6,10,"13,490.00","134,900.00"
2020-12-29,2020122904001251,SAEF,17,56,"10,000",11.25,"112,500.00"
2020-12-29,2020122904001243,SAEF,45,56,"2,000",11.26,"22,520.00"
2020-12-29,2020122904001242,SAEF,21,56,"2,000",11.26,"22,520.00"
2020-12-29,2020122904001197,SAEF,21,47,"2,000",11.26,"22,520.00"
2020-12-29,2020122904001157,SAEF,21,56,"4,000",11.26,"45,040.00"
2020-12-29,2020122904001046,SAEF,21,38,"2,000",11.26,"22,520.00"
2020-12-29,2020122904000864,SAEF,47,53,"2,500",11.37,"28,425.00"
2020-12-29,2020122904000816,SAEF,29,59,800,11.32,"9,056.00"
2020-12-29,2020122904000888,SAEF,42,34,"30,000",11.31,"339,300.00"
2020-12-29,2020122904000887,SAEF,42,34,"20,000",11.31,"226,200.00"
2020-12-29,2020122904000886,SAEF,47,34,"30,000",11.32,"339,600.00"
2020-12-29,2020122904000885,SAEF,29,34,"1,000",11.32,"11,320.00"
2020-12-29,2020122904000866,SAEF,47,45,550,11.38,"6,259.00"
2020-12-29,2020122904000865,SAEF,47,13,"5,000",11.38,"56,900.00"
2020-12-29,2020122904001221,SAND2085,26,6,50,"1,040.00","52,000.00"
2020-12-29,2020122904000840,SAND2085,43,45,75,"1,045.00","78,375.00"
2020-12-29,2020122904000823,SAND2085,43,45,25,"1,045.00","26,125.00"
2020-12-29,2020122904000946,SBLD2082,58,45,25,"1,075.00","26,875.00"
2020-12-29,2020122904001194,SEF,19,25,220,10.31,"2,268.20"
2020-12-29,2020122904001193,SEF,19,41,"1,000",10.31,"10,310.00"
2020-12-29,2020122904001192,SEF,19,41,"1,000",10.31,"10,310.00"
2020-12-29,2020122904001160,SEF,17,41,"1,000",10.30,"10,300.00"
2020-12-29,2020122904001127,SEF,43,41,500,10.31,"5,155.00"
2020-12-29,2020122904000828,SEF,17,59,"1,000",10.30,"10,300.00"
2020-12-29,2020122904000804,SEF,43,38,"1,000",10.31,"10,310.00"
2020-12-29,2020122904000803,SEF,43,28,500,10.31,"5,155.00"
2020-12-29,2020122904000762,SEF,17,16,300,10.30,"3,090.00"
2020-12-29,2020122904001249,SGI,41,49,10,560.00,"5,600.00"
2020-12-29,2020122904001248,SGI,41,42,10,560.00,"5,600.00"
2020-12-29,2020122904001247,SGI,48,37,10,560.00,"5,600.00"
2020-12-29,2020122904001246,SGI,49,34,10,560.00,"5,600.00"
2020-12-29,2020122904001245,SGI,49,42,10,560.00,"5,600.00"
2020-12-29,2020122904001244,SGI,52,36,10,560.00,"5,600.00"
2020-12-29,2020122904000757,SGI,36,8,10,561.00,"5,610.00"
2020-12-29,2020122904000784,SGI,36,51,10,561.00,"5,610.00"
2020-12-29,2020122904000781,SGI,36,39,10,561.00,"5,610.00"
2020-12-29,2020122904000779,SGI,36,17,10,561.00,"5,610.00"
2020-12-29,2020122904000775,SGI,21,42,10,562.00,"5,620.00"
2020-12-29,2020122904000774,SGI,21,47,10,562.00,"5,620.00"
2020-12-29,2020122904000763,SGI,36,10,10,561.00,"5,610.00"
2020-12-29,2020122904000802,SGI,36,38,10,561.00,"5,610.00"
2020-12-29,2020122904000799,SGI,36,38,10,561.00,"5,610.00"
2020-12-29,2020122904000797,SGI,36,17,10,561.00,"5,610.00"
2020-12-29,2020122904000795,SGI,36,26,10,561.00,"5,610.00"
2020-12-29,2020122904000788,SGI,36,17,10,561.00,"5,610.00"
2020-12-29,2020122904000786,SGI,36,38,10,561.00,"5,610.00"
2020-12-29,2020122904000813,SGI,36,38,10,563.00,"5,630.00"
2020-12-29,2020122904000812,SGI,36,38,10,563.00,"5,630.00"
2020-12-29,2020122904000811,SGI,50,38,10,562.00,"5,620.00"
2020-12-29,2020122904000810,SGI,50,45,10,562.00,"5,620.00"
2020-12-29,2020122904000809,SGI,50,38,10,562.00,"5,620.00"
2020-12-29,2020122904000808,SGI,36,38,10,561.00,"5,610.00"
2020-12-29,2020122904000837,SGI,36,38,10,563.00,"5,630.00"
2020-12-29,2020122904000836,SGI,36,37,10,563.00,"5,630.00"
2020-12-29,2020122904000826,SGI,36,50,10,563.00,"5,630.00"
2020-12-29,2020122904000820,SGI,36,8,10,563.00,"5,630.00"
2020-12-29,2020122904000817,SGI,36,38,10,563.00,"5,630.00"
2020-12-29,2020122904000814,SGI,36,26,10,563.00,"5,630.00"
2020-12-29,2020122904000882,SGI,36,56,10,563.00,"5,630.00"
2020-12-29,2020122904000881,SGI,36,17,10,563.00,"5,630.00"
2020-12-29,2020122904000879,SGI,36,17,10,563.00,"5,630.00"
2020-12-29,2020122904000877,SGI,36,26,10,563.00,"5,630.00"
2020-12-29,2020122904000875,SGI,36,26,10,563.00,"5,630.00"
2020-12-29,2020122904000869,SGI,36,20,10,563.00,"5,630.00"
2020-12-29,2020122904000901,SGI,36,47,10,563.00,"5,630.00"
2020-12-29,2020122904000899,SGI,36,28,10,563.00,"5,630.00"
2020-12-29,2020122904000898,SGI,36,17,10,563.00,"5,630.00"
2020-12-29,2020122904000890,SGI,36,26,10,563.00,"5,630.00"
2020-12-29,2020122904000884,SGI,36,58,10,563.00,"5,630.00"
2020-12-29,2020122904000883,SGI,36,46,10,563.00,"5,630.00"
2020-12-29,2020122904000924,SGI,36,38,10,563.00,"5,630.00"
2020-12-29,2020122904000923,SGI,36,56,10,563.00,"5,630.00"
2020-12-29,2020122904000922,SGI,36,47,10,563.00,"5,630.00"
2020-12-29,2020122904000921,SGI,36,56,10,563.00,"5,630.00"
2020-12-29,2020122904000919,SGI,36,58,10,563.00,"5,630.00"
2020-12-29,2020122904000918,SGI,36,49,10,563.00,"5,630.00"
2020-12-29,2020122904000931,SGI,52,21,10,565.00,"5,650.00"
2020-12-29,2020122904000930,SGI,52,57,10,565.00,"5,650.00"
2020-12-29,2020122904000929,SGI,52,1,10,565.00,"5,650.00"
2020-12-29,2020122904000927,SGI,36,36,10,563.00,"5,630.00"
2020-12-29,2020122904000926,SGI,36,42,10,563.00,"5,630.00"
2020-12-29,2020122904000925,SGI,36,36,10,563.00,"5,630.00"
2020-12-29,2020122904000938,SGI,52,49,10,565.00,"5,650.00"
2020-12-29,2020122904000936,SGI,52,49,10,565.00,"5,650.00"
2020-12-29,2020122904000935,SGI,52,44,10,565.00,"5,650.00"
2020-12-29,2020122904000934,SGI,52,58,10,565.00,"5,650.00"
2020-12-29,2020122904000933,SGI,52,53,20,565.00,"11,300.00"
2020-12-29,2020122904000932,SGI,52,33,10,565.00,"5,650.00"
2020-12-29,2020122904000965,SGI,55,42,10,565.00,"5,650.00"
2020-12-29,2020122904000964,SGI,55,49,10,565.00,"5,650.00"
2020-12-29,2020122904000949,SGI,36,57,10,563.00,"5,630.00"
2020-12-29,2020122904000948,SGI,36,44,10,563.00,"5,630.00"
2020-12-29,2020122904000947,SGI,36,49,10,563.00,"5,630.00"
2020-12-29,2020122904000940,SGI,36,56,10,563.00,"5,630.00"
2020-12-29,2020122904000994,SGI,50,34,10,562.00,"5,620.00"
2020-12-29,2020122904000984,SGI,50,34,10,562.00,"5,620.00"
2020-12-29,2020122904000983,SGI,50,38,10,562.00,"5,620.00"
2020-12-29,2020122904000980,SGI,50,32,10,562.00,"5,620.00"
2020-12-29,2020122904000976,SGI,36,48,10,563.00,"5,630.00"
2020-12-29,2020122904000975,SGI,36,34,10,563.00,"5,630.00"
2020-12-29,2020122904001001,SGI,29,34,100,562.00,"56,200.00"
2020-12-29,2020122904001000,SGI,50,34,25,562.00,"14,050.00"
2020-12-29,2020122904000999,SGI,39,34,10,565.00,"5,650.00"
2020-12-29,2020122904000997,SGI,39,52,10,565.00,"5,650.00"
2020-12-29,2020122904000996,SGI,39,14,10,565.00,"5,650.00"
2020-12-29,2020122904000995,SGI,39,55,10,565.00,"5,650.00"
2020-12-29,2020122904001009,SGI,36,13,10,560.00,"5,600.00"
2020-12-29,2020122904001006,SGI,36,34,75,560.00,"42,000.00"
2020-12-29,2020122904001005,SGI,48,34,50,561.00,"28,050.00"
2020-12-29,2020122904001004,SGI,45,34,60,561.00,"33,660.00"
2020-12-29,2020122904001003,SGI,58,34,20,562.00,"11,240.00"
2020-12-29,2020122904001002,SGI,56,34,200,562.00,"112,400.00"
2020-12-29,2020122904001019,SGI,36,58,10,560.00,"5,600.00"
2020-12-29,2020122904001018,SGI,36,4,10,560.00,"5,600.00"
2020-12-29,2020122904001016,SGI,39,56,10,565.00,"5,650.00"
2020-12-29,2020122904001014,SGI,39,49,10,565.00,"5,650.00"
2020-12-29,2020122904001012,SGI,39,39,10,565.00,"5,650.00"
2020-12-29,2020122904001010,SGI,39,21,10,565.00,"5,650.00"
2020-12-29,2020122904001026,SGI,36,57,10,560.00,"5,600.00"
2020-12-29,2020122904001024,SGI,36,4,10,560.00,"5,600.00"
2020-12-29,2020122904001023,SGI,36,28,10,560.00,"5,600.00"
2020-12-29,2020122904001022,SGI,36,52,10,560.00,"5,600.00"
2020-12-29,2020122904001021,SGI,36,38,10,560.00,"5,600.00"
2020-12-29,2020122904001020,SGI,36,29,10,560.00,"5,600.00"
2020-12-29,2020122904001040,SGI,1,38,10,561.00,"5,610.00"
2020-12-29,2020122904001039,SGI,1,16,10,561.00,"5,610.00"
2020-12-29,2020122904001034,SGI,1,38,10,561.00,"5,610.00"
2020-12-29,2020122904001031,SGI,1,52,10,561.00,"5,610.00"
2020-12-29,2020122904001030,SGI,36,38,10,560.00,"5,600.00"
2020-12-29,2020122904001028,SGI,36,6,10,560.00,"5,600.00"
2020-12-29,2020122904001049,SGI,36,38,10,560.00,"5,600.00"
2020-12-29,2020122904001048,SGI,36,38,10,560.00,"5,600.00"
2020-12-29,2020122904001045,SGI,38,7,10,564.00,"5,640.00"
2020-12-29,2020122904001044,SGI,36,38,10,560.00,"5,600.00"
2020-12-29,2020122904001042,SGI,36,36,10,560.00,"5,600.00"
2020-12-29,2020122904001041,SGI,36,38,10,560.00,"5,600.00"
2020-12-29,2020122904001061,SGI,36,38,10,560.00,"5,600.00"
2020-12-29,2020122904001059,SGI,36,38,10,560.00,"5,600.00"
2020-12-29,2020122904001058,SGI,36,52,10,560.00,"5,600.00"
2020-12-29,2020122904001054,SGI,36,26,10,560.00,"5,600.00"
2020-12-29,2020122904001051,SGI,36,38,10,560.00,"5,600.00"
2020-12-29,2020122904001050,SGI,36,43,10,560.00,"5,600.00"
2020-12-29,2020122904001068,SGI,45,38,10,561.00,"5,610.00"
2020-12-29,2020122904001066,SGI,45,57,10,561.00,"5,610.00"
2020-12-29,2020122904001065,SGI,45,38,10,561.00,"5,610.00"
2020-12-29,2020122904001064,SGI,45,38,10,561.00,"5,610.00"
2020-12-29,2020122904001063,SGI,45,38,10,561.00,"5,610.00"
2020-12-29,2020122904001062,SGI,45,38,10,561.00,"5,610.00"
2020-12-29,2020122904001088,SGI,49,58,10,565.00,"5,650.00"
2020-12-29,2020122904001087,SGI,49,49,10,565.00,"5,650.00"
2020-12-29,2020122904001085,SGI,45,38,10,560.00,"5,600.00"
2020-12-29,2020122904001077,SGI,45,3,10,561.00,"5,610.00"
2020-12-29,2020122904001072,SGI,45,26,10,561.00,"5,610.00"
2020-12-29,2020122904001071,SGI,45,40,10,561.00,"5,610.00"
2020-12-29,2020122904001101,SGI,45,3,10,560.00,"5,600.00"
2020-12-29,2020122904001098,SGI,45,38,10,560.00,"5,600.00"
2020-12-29,2020122904001095,SGI,45,39,10,560.00,"5,600.00"
2020-12-29,2020122904001091,SGI,49,35,10,568.00,"5,680.00"
2020-12-29,2020122904001090,SGI,49,58,10,568.00,"5,680.00"
2020-12-29,2020122904001089,SGI,49,41,10,565.00,"5,650.00"
2020-12-29,2020122904001113,SGI,45,17,10,560.00,"5,600.00"
2020-12-29,2020122904001111,SGI,45,47,10,560.00,"5,600.00"
2020-12-29,2020122904001108,SGI,45,17,10,560.00,"5,600.00"
2020-12-29,2020122904001106,SGI,45,38,10,560.00,"5,600.00"
2020-12-29,2020122904001105,SGI,45,17,10,560.00,"5,600.00"
2020-12-29,2020122904001102,SGI,45,17,10,560.00,"5,600.00"
2020-12-29,2020122904001124,SGI,45,35,50,560.00,"28,000.00"
2020-12-29,2020122904001123,SGI,57,35,50,561.00,"28,050.00"
2020-12-29,2020122904001122,SGI,45,56,10,560.00,"5,600.00"
2020-12-29,2020122904001121,SGI,45,49,10,560.00,"5,600.00"
2020-12-29,2020122904001120,SGI,45,38,10,560.00,"5,600.00"
2020-12-29,2020122904001119,SGI,45,38,10,560.00,"5,600.00"
2020-12-29,2020122904001138,SGI,6,42,10,560.00,"5,600.00"
2020-12-29,2020122904001136,SGI,6,16,10,560.00,"5,600.00"
2020-12-29,2020122904001131,SGI,6,39,10,560.00,"5,600.00"
2020-12-29,2020122904001128,SGI,6,44,10,560.00,"5,600.00"
2020-12-29,2020122904001126,SGI,6,35,50,560.00,"28,000.00"
2020-12-29,2020122904001125,SGI,57,35,50,560.00,"28,000.00"
2020-12-29,2020122904001153,SGI,34,41,10,560.00,"5,600.00"
2020-12-29,2020122904001147,SGI,34,41,10,560.00,"5,600.00"
2020-12-29,2020122904001146,SGI,34,29,10,560.00,"5,600.00"
2020-12-29,2020122904001143,SGI,34,52,10,560.00,"5,600.00"
2020-12-29,2020122904001142,SGI,34,38,10,560.00,"5,600.00"
2020-12-29,2020122904001139,SGI,6,41,10,560.00,"5,600.00"
2020-12-29,2020122904001166,SGI,34,16,10,560.00,"5,600.00"
2020-12-29,2020122904001165,SGI,34,58,10,560.00,"5,600.00"
2020-12-29,2020122904001164,SGI,34,35,10,560.00,"5,600.00"
2020-12-29,2020122904001162,SGI,34,33,10,560.00,"5,600.00"
2020-12-29,2020122904001156,SGI,22,40,10,561.00,"5,610.00"
2020-12-29,2020122904001155,SGI,34,3,10,560.00,"5,600.00"
2020-12-29,2020122904001175,SGI,34,47,10,560.00,"5,600.00"
2020-12-29,2020122904001174,SGI,8,14,10,561.00,"5,610.00"
2020-12-29,2020122904001173,SGI,8,42,10,561.00,"5,610.00"
2020-12-29,2020122904001172,SGI,34,39,10,560.00,"5,600.00"
2020-12-29,2020122904001171,SGI,34,39,10,560.00,"5,600.00"
2020-12-29,2020122904001167,SGI,34,37,10,560.00,"5,600.00"
2020-12-29,2020122904001195,SGI,55,19,10,561.00,"5,610.00"
2020-12-29,2020122904001191,SGI,55,55,10,561.00,"5,610.00"
2020-12-29,2020122904001189,SGI,55,40,10,561.00,"5,610.00"
2020-12-29,2020122904001187,SGI,55,22,10,561.00,"5,610.00"
2020-12-29,2020122904001184,SGI,55,54,10,561.00,"5,610.00"
2020-12-29,2020122904001181,SGI,34,39,10,560.00,"5,600.00"
2020-12-29,2020122904001209,SGI,34,16,10,560.00,"5,600.00"
2020-12-29,2020122904001207,SGI,34,17,10,560.00,"5,600.00"
2020-12-29,2020122904001205,SGI,34,16,10,560.00,"5,600.00"
2020-12-29,2020122904001204,SGI,34,42,10,560.00,"5,600.00"
2020-12-29,2020122904001203,SGI,34,20,10,560.00,"5,600.00"
2020-12-29,2020122904001200,SGI,34,39,10,560.00,"5,600.00"
2020-12-29,2020122904001222,SGI,7,42,10,560.00,"5,600.00"
2020-12-29,2020122904001220,SGI,7,21,10,560.00,"5,600.00"
2020-12-29,2020122904001218,SGI,7,21,10,560.00,"5,600.00"
2020-12-29,2020122904001217,SGI,7,21,10,560.00,"5,600.00"
2020-12-29,2020122904001215,SGI,34,45,10,560.00,"5,600.00"
2020-12-29,2020122904001211,SGI,34,26,10,560.00,"5,600.00"
2020-12-29,2020122904001241,SGI,7,58,10,560.00,"5,600.00"
2020-12-29,2020122904001237,SGI,7,33,10,560.00,"5,600.00"
2020-12-29,2020122904001236,SGI,7,42,10,560.00,"5,600.00"
2020-12-29,2020122904001233,SGI,7,56,10,560.00,"5,600.00"
2020-12-29,2020122904001232,SGI,7,42,10,560.00,"5,600.00"
2020-12-29,2020122904001230,SGI,7,41,10,560.00,"5,600.00"
2020-12-29,2020122904001169,STC,39,55,10,"5,200.00","52,000.00"
2020-12-29,2020122904001168,STC,58,55,10,"5,205.00","52,050.00"
2020-12-29,2020122904000987,STC,45,46,10,"5,209.00","52,090.00"
2020-12-29,2020122904000321,BBC,49,34,30,"2,590.00","77,700.00"
2020-12-29,2020122904000381,CBBLPO,34,33,"30,000",570.00,"17,100,000.00"
2020-12-29,2020122904000372,CBBLPO,34,33,"27,000",570.00,"15,390,000.00"
2020-12-29,2020122904000370,CBBLPO,34,33,"3,000",570.00,"1,710,000.00"
2020-12-29,2020122904000368,CBBLPO,34,33,"60,000",570.00,"34,200,000.00"
2020-12-29,2020122904000714,CCBLPO,34,39,"150,000",112.00,"16,800,000.00"
2020-12-29,2020122904000574,CCBLPO,34,51,"15,775",112.00,"1,766,800.00"
2020-12-29,2020122904000468,CCBLPO,34,49,"245,000",112.00,"27,440,000.00"
2020-12-29,2020122904000400,CCBLPO,34,32,"21,000",112.00,"2,352,000.00"
2020-12-29,2020122904000728,CMF1,41,59,800,9.82,"7,856.00"
2020-12-29,2020122904000751,GIC,41,25,10,539.00,"5,390.00"
2020-12-29,2020122904000750,GIC,41,25,10,539.00,"5,390.00"
2020-12-29,2020122904000749,GIC,41,25,10,539.00,"5,390.00"
2020-12-29,2020122904000748,GIC,41,25,10,539.00,"5,390.00"
2020-12-29,2020122904000747,GIC,41,25,10,539.00,"5,390.00"
2020-12-29,2020122904000746,GIC,41,25,10,539.00,"5,390.00"
2020-12-29,2020122904000253,GIC,5,16,10,537.00,"5,370.00"
2020-12-29,2020122904000252,GIC,5,16,10,537.00,"5,370.00"
2020-12-29,2020122904000259,GIC,5,46,10,537.00,"5,370.00"
2020-12-29,2020122904000258,GIC,5,38,10,537.00,"5,370.00"
2020-12-29,2020122904000257,GIC,5,16,10,537.00,"5,370.00"
2020-12-29,2020122904000256,GIC,5,16,10,537.00,"5,370.00"
2020-12-29,2020122904000255,GIC,5,16,10,537.00,"5,370.00"
2020-12-29,2020122904000254,GIC,5,42,10,537.00,"5,370.00"
2020-12-29,2020122904000267,GIC,29,16,10,537.00,"5,370.00"
2020-12-29,2020122904000266,GIC,29,43,10,537.00,"5,370.00"
2020-12-29,2020122904000265,GIC,29,58,10,537.00,"5,370.00"
2020-12-29,2020122904000264,GIC,34,16,10,536.00,"5,360.00"
2020-12-29,2020122904000262,GIC,39,46,100,537.00,"53,700.00"
2020-12-29,2020122904000261,GIC,34,16,10,536.00,"5,360.00"
2020-12-29,2020122904000295,GIC,13,36,10,536.00,"5,360.00"
2020-12-29,2020122904000289,GIC,21,38,10,536.00,"5,360.00"
2020-12-29,2020122904000286,GIC,21,7,10,536.00,"5,360.00"
2020-12-29,2020122904000284,GIC,29,14,50,537.00,"26,850.00"
2020-12-29,2020122904000278,GIC,29,14,10,537.00,"5,370.00"
2020-12-29,2020122904000276,GIC,29,38,10,537.00,"5,370.00"
2020-12-29,2020122904000311,GIC,13,28,10,536.00,"5,360.00"
2020-12-29,2020122904000305,GIC,13,52,10,536.00,"5,360.00"
2020-12-29,2020122904000302,GIC,41,58,10,538.00,"5,380.00"
2020-12-29,2020122904000301,GIC,41,41,10,538.00,"5,380.00"
2020-12-29,2020122904000298,GIC,13,58,10,536.00,"5,360.00"
2020-12-29,2020122904000297,GIC,29,14,50,537.00,"26,850.00"
2020-12-29,2020122904000338,GIC,13,58,10,536.00,"5,360.00"
2020-12-29,2020122904000337,GIC,13,6,10,536.00,"5,360.00"
2020-12-29,2020122904000323,GIC,13,51,10,536.00,"5,360.00"
2020-12-29,2020122904000315,GIC,13,58,10,536.00,"5,360.00"
2020-12-29,2020122904000313,GIC,41,45,10,537.00,"5,370.00"
2020-12-29,2020122904000312,GIC,13,42,10,536.00,"5,360.00"
2020-12-29,2020122904000358,GIC,21,26,10,536.00,"5,360.00"
2020-12-29,2020122904000357,GIC,21,52,10,536.00,"5,360.00"
2020-12-29,2020122904000356,GIC,35,44,10,536.00,"5,360.00"
2020-12-29,2020122904000355,GIC,35,1,10,536.00,"5,360.00"
2020-12-29,2020122904000346,GIC,17,21,10,536.00,"5,360.00"
2020-12-29,2020122904000344,GIC,13,58,10,536.00,"5,360.00"
2020-12-29,2020122904000375,GIC,56,32,10,536.00,"5,360.00"
2020-12-29,2020122904000374,GIC,56,28,10,536.00,"5,360.00"
2020-12-29,2020122904000369,GIC,56,14,10,536.00,"5,360.00"
2020-12-29,2020122904000362,GIC,21,49,10,536.00,"5,360.00"
2020-12-29,2020122904000361,GIC,21,14,10,536.00,"5,360.00"
2020-12-29,2020122904000359,GIC,21,34,10,536.00,"5,360.00"
2020-12-29,2020122904000389,GIC,52,21,10,536.00,"5,360.00"
2020-12-29,2020122904000387,GIC,52,21,10,536.00,"5,360.00"
2020-12-29,2020122904000386,GIC,52,21,10,536.00,"5,360.00"
2020-12-29,2020122904000383,GIC,52,26,10,536.00,"5,360.00"
2020-12-29,2020122904000380,GIC,56,29,10,536.00,"5,360.00"
2020-12-29,2020122904000379,GIC,56,32,10,536.00,"5,360.00"
2020-12-29,2020122904000403,GIC,45,21,10,536.00,"5,360.00"
2020-12-29,2020122904000402,GIC,45,21,10,536.00,"5,360.00"
2020-12-29,2020122904000401,GIC,45,21,10,536.00,"5,360.00"
2020-12-29,2020122904000397,GIC,45,21,10,536.00,"5,360.00"
2020-12-29,2020122904000394,GIC,45,21,10,536.00,"5,360.00"
2020-12-29,2020122904000390,GIC,45,21,10,536.00,"5,360.00"
2020-12-29,2020122904000409,GIC,28,21,10,537.00,"5,370.00"
2020-12-29,2020122904000408,GIC,45,22,10,536.00,"5,360.00"
2020-12-29,2020122904000407,GIC,45,21,10,536.00,"5,360.00"
2020-12-29,2020122904000406,GIC,45,21,10,536.00,"5,360.00"
2020-12-29,2020122904000405,GIC,45,21,10,536.00,"5,360.00"
2020-12-29,2020122904000404,GIC,45,51,10,536.00,"5,360.00"
2020-12-29,2020122904000416,GIC,28,22,10,537.00,"5,370.00"
2020-12-29,2020122904000415,GIC,28,21,10,537.00,"5,370.00"
2020-12-29,2020122904000414,GIC,28,52,10,537.00,"5,370.00"
2020-12-29,2020122904000413,GIC,28,43,10,537.00,"5,370.00"
2020-12-29,2020122904000411,GIC,28,8,10,537.00,"5,370.00"
2020-12-29,2020122904000410,GIC,28,43,10,537.00,"5,370.00"
2020-12-29,2020122904000437,GIC,28,21,10,537.00,"5,370.00"
2020-12-29,2020122904000426,GIC,28,21,10,537.00,"5,370.00"
2020-12-29,2020122904000422,GIC,28,26,10,537.00,"5,370.00"
2020-12-29,2020122904000421,GIC,28,21,10,537.00,"5,370.00"
2020-12-29,2020122904000419,GIC,28,21,10,537.00,"5,370.00"
2020-12-29,2020122904000417,GIC,28,21,10,537.00,"5,370.00"
2020-12-29,2020122904000450,GIC,44,7,10,538.00,"5,380.00"
2020-12-29,2020122904000449,GIC,44,58,10,538.00,"5,380.00"
2020-12-29,2020122904000447,GIC,44,22,10,538.00,"5,380.00"
2020-12-29,2020122904000443,GIC,44,7,10,538.00,"5,380.00"
2020-12-29,2020122904000442,GIC,44,13,10,538.00,"5,380.00"
2020-12-29,2020122904000439,GIC,28,21,10,537.00,"5,370.00"
2020-12-29,2020122904000460,GIC,44,47,10,538.00,"5,380.00"
2020-12-29,2020122904000459,GIC,44,42,10,538.00,"5,380.00"
2020-12-29,2020122904000457,GIC,32,11,10,539.00,"5,390.00"
2020-12-29,2020122904000456,GIC,32,58,10,539.00,"5,390.00"
2020-12-29,2020122904000455,GIC,44,21,10,538.00,"5,380.00"
2020-12-29,2020122904000454,GIC,42,34,10,539.00,"5,390.00"
2020-12-29,2020122904000471,GIC,11,47,10,538.00,"5,380.00"
2020-12-29,2020122904000469,GIC,11,21,10,538.00,"5,380.00"
2020-12-29,2020122904000467,GIC,22,58,10,539.00,"5,390.00"
2020-12-29,2020122904000465,GIC,11,21,10,538.00,"5,380.00"
2020-12-29,2020122904000462,GIC,44,44,10,538.00,"5,380.00"
2020-12-29,2020122904000461,GIC,44,21,10,538.00,"5,380.00"
2020-12-29,2020122904000485,GIC,11,21,10,538.00,"5,380.00"
2020-12-29,2020122904000482,GIC,11,21,10,538.00,"5,380.00"
2020-12-29,2020122904000480,GIC,11,21,10,538.00,"5,380.00"
2020-12-29,2020122904000478,GIC,11,21,10,538.00,"5,380.00"
2020-12-29,2020122904000475,GIC,11,38,10,538.00,"5,380.00"
2020-12-29,2020122904000473,GIC,11,32,10,538.00,"5,380.00"
2020-12-29,2020122904000502,GIC,29,21,10,538.00,"5,380.00"
2020-12-29,2020122904000500,GIC,29,21,10,538.00,"5,380.00"
2020-12-29,2020122904000499,GIC,29,48,10,538.00,"5,380.00"
2020-12-29,2020122904000498,GIC,29,41,10,538.00,"5,380.00"
2020-12-29,2020122904000496,GIC,28,21,10,537.00,"5,370.00"
2020-12-29,2020122904000487,GIC,11,21,10,538.00,"5,380.00"
2020-12-29,2020122904000514,GIC,29,21,10,538.00,"5,380.00"
2020-12-29,2020122904000513,GIC,29,48,10,538.00,"5,380.00"
2020-12-29,2020122904000511,GIC,29,38,10,538.00,"5,380.00"
2020-12-29,2020122904000510,GIC,29,21,10,538.00,"5,380.00"
2020-12-29,2020122904000508,GIC,29,21,10,538.00,"5,380.00"
2020-12-29,2020122904000505,GIC,29,38,10,538.00,"5,380.00"
2020-12-29,2020122904000522,GIC,29,21,10,538.00,"5,380.00"
2020-12-29,2020122904000520,GIC,29,21,10,538.00,"5,380.00"
2020-12-29,2020122904000519,GIC,29,21,10,538.00,"5,380.00"
2020-12-29,2020122904000517,GIC,29,21,10,538.00,"5,380.00"
2020-12-29,2020122904000516,GIC,29,58,10,538.00,"5,380.00"
2020-12-29,2020122904000515,GIC,29,21,10,538.00,"5,380.00"
2020-12-29,2020122904000529,GIC,29,42,10,538.00,"5,380.00"
2020-12-29,2020122904000528,GIC,29,48,10,538.00,"5,380.00"
2020-12-29,2020122904000527,GIC,29,42,10,538.00,"5,380.00"
2020-12-29,2020122904000526,GIC,29,42,10,538.00,"5,380.00"
2020-12-29,2020122904000525,GIC,29,42,10,538.00,"5,380.00"
2020-12-29,2020122904000524,GIC,29,21,10,538.00,"5,380.00"
2020-12-29,2020122904000541,GIC,29,48,10,538.00,"5,380.00"
2020-12-29,2020122904000537,GIC,29,58,10,538.00,"5,380.00"
2020-12-29,2020122904000536,GIC,29,38,10,538.00,"5,380.00"
2020-12-29,2020122904000535,GIC,29,38,10,538.00,"5,380.00"
2020-12-29,2020122904000532,GIC,29,36,10,538.00,"5,380.00"
2020-12-29,2020122904000531,GIC,29,44,10,538.00,"5,380.00"
2020-12-29,2020122904000553,GIC,29,59,10,538.00,"5,380.00"
2020-12-29,2020122904000552,GIC,29,38,10,538.00,"5,380.00"
2020-12-29,2020122904000550,GIC,29,38,10,538.00,"5,380.00"
2020-12-29,2020122904000549,GIC,29,38,10,538.00,"5,380.00"
2020-12-29,2020122904000545,GIC,29,58,10,538.00,"5,380.00"
2020-12-29,2020122904000543,GIC,29,8,10,538.00,"5,380.00"
2020-12-29,2020122904000567,GIC,29,22,10,538.00,"5,380.00"
2020-12-29,2020122904000565,GIC,29,50,10,538.00,"5,380.00"
2020-12-29,2020122904000563,GIC,29,38,10,538.00,"5,380.00"
2020-12-29,2020122904000561,GIC,29,48,10,538.00,"5,380.00"
2020-12-29,2020122904000557,GIC,29,38,10,538.00,"5,380.00"
2020-12-29,2020122904000556,GIC,29,59,10,538.00,"5,380.00"
2020-12-29,2020122904000581,GIC,29,48,10,538.00,"5,380.00"
2020-12-29,2020122904000580,GIC,29,16,10,538.00,"5,380.00"
2020-12-29,2020122904000575,GIC,29,48,10,538.00,"5,380.00"
2020-12-29,2020122904000572,GIC,29,59,10,538.00,"5,380.00"
2020-12-29,2020122904000571,GIC,29,58,10,538.00,"5,380.00"
2020-12-29,2020122904000568,GIC,29,8,10,538.00,"5,380.00"
2020-12-29,2020122904000606,GIC,26,46,10,538.00,"5,380.00"
2020-12-29,2020122904000605,GIC,50,59,10,537.00,"5,370.00"
2020-12-29,2020122904000592,GIC,29,48,10,538.00,"5,380.00"
2020-12-29,2020122904000591,GIC,29,41,10,538.00,"5,380.00"
2020-12-29,2020122904000585,GIC,29,58,10,538.00,"5,380.00"
2020-12-29,2020122904000582,GIC,29,11,10,538.00,"5,380.00"
2020-12-29,2020122904000624,GIC,50,47,10,537.00,"5,370.00"
2020-12-29,2020122904000623,GIC,50,38,10,537.00,"5,370.00"
2020-12-29,2020122904000610,GIC,26,46,10,538.00,"5,380.00"
2020-12-29,2020122904000609,GIC,26,38,10,538.00,"5,380.00"
2020-12-29,2020122904000608,GIC,26,22,10,538.00,"5,380.00"
2020-12-29,2020122904000607,GIC,26,6,10,538.00,"5,380.00"
2020-12-29,2020122904000640,GIC,25,52,10,538.00,"5,380.00"
2020-12-29,2020122904000631,GIC,49,46,10,538.00,"5,380.00"
2020-12-29,2020122904000629,GIC,49,58,10,538.00,"5,380.00"
2020-12-29,2020122904000628,GIC,49,32,10,538.00,"5,380.00"
2020-12-29,2020122904000627,GIC,49,58,10,538.00,"5,380.00"
2020-12-29,2020122904000626,GIC,49,22,10,538.00,"5,380.00"
2020-12-29,2020122904000662,GIC,41,42,10,538.00,"5,380.00"
2020-12-29,2020122904000654,GIC,49,49,10,538.00,"5,380.00"
2020-12-29,2020122904000650,GIC,25,29,10,538.00,"5,380.00"
2020-12-29,2020122904000649,GIC,25,52,10,538.00,"5,380.00"
2020-12-29,2020122904000648,GIC,25,41,10,538.00,"5,380.00"
2020-12-29,2020122904000643,GIC,25,38,10,538.00,"5,380.00"
2020-12-29,2020122904000683,GIC,56,6,10,538.00,"5,380.00"
2020-12-29,2020122904000682,GIC,56,16,10,538.00,"5,380.00"
2020-12-29,2020122904000681,GIC,56,32,10,538.00,"5,380.00"
2020-12-29,2020122904000680,GIC,56,37,10,538.00,"5,380.00"
2020-12-29,2020122904000673,GIC,50,44,10,537.00,"5,370.00"
2020-12-29,2020122904000671,GIC,41,38,10,538.00,"5,380.00"
2020-12-29,2020122904000697,GIC,50,5,10,537.00,"5,370.00"
2020-12-29,2020122904000693,GIC,50,38,10,537.00,"5,370.00"
2020-12-29,2020122904000690,GIC,50,6,10,537.00,"5,370.00"
2020-12-29,2020122904000686,GIC,50,38,10,537.00,"5,370.00"
2020-12-29,2020122904000685,GIC,50,17,10,537.00,"5,370.00"
2020-12-29,2020122904000684,GIC,56,16,10,538.00,"5,380.00"
2020-12-29,2020122904000716,GIC,55,22,10,537.00,"5,370.00"
2020-12-29,2020122904000712,GIC,55,38,10,537.00,"5,370.00"
2020-12-29,2020122904000710,GIC,14,38,10,537.00,"5,370.00"
2020-12-29,2020122904000707,GIC,14,38,10,537.00,"5,370.00"
2020-12-29,2020122904000704,GIC,14,58,10,537.00,"5,370.00"
2020-12-29,2020122904000702,GIC,50,28,10,537.00,"5,370.00"
2020-12-29,2020122904000739,GIC,41,25,10,539.00,"5,390.00"
2020-12-29,2020122904000738,GIC,41,11,10,539.00,"5,390.00"
2020-12-29,2020122904000734,GIC,34,51,10,538.00,"5,380.00"
2020-12-29,2020122904000729,GIC,34,44,10,538.00,"5,380.00"
2020-12-29,2020122904000727,GIC,55,38,10,537.00,"5,370.00"
2020-12-29,2020122904000726,GIC,36,26,10,538.00,"5,380.00"
2020-12-29,2020122904000745,GIC,41,25,10,539.00,"5,390.00"
2020-12-29,2020122904000744,GIC,41,25,10,539.00,"5,390.00"
2020-12-29,2020122904000743,GIC,41,36,10,539.00,"5,390.00"
2020-12-29,2020122904000742,GIC,41,21,10,539.00,"5,390.00"
2020-12-29,2020122904000741,GIC,41,25,10,539.00,"5,390.00"
2020-12-29,2020122904000740,GIC,41,25,10,539.00,"5,390.00"
2020-12-29,2020122904000326,GIMES1,34,7,"1,000",11.39,"11,390.00"
2020-12-29,2020122904000392,KBLPO,52,25,"30,000",110.00,"3,300,000.00"
2020-12-29,2020122904000388,KBLPO,52,25,"20,000",110.00,"2,200,000.00"
2020-12-29,2020122904000595,KSBBLP,1,25,"10,421",123.00,"1,281,783.00"
2020-12-29,2020122904000701,LEMF,17,59,"1,200",9.75,"11,700.00"
2020-12-29,2020122904000304,LEMF,17,39,"5,000",9.75,"48,750.00"
2020-12-29,2020122904000294,LEMF,17,39,"5,000",9.75,"48,750.00"
2020-12-29,2020122904000288,LEMF,17,39,"5,000",9.75,"48,750.00"
2020-12-29,2020122904000509,LEMF,17,44,500,9.75,"4,875.00"
2020-12-29,2020122904000501,LEMF,17,44,500,9.75,"4,875.00"
2020-12-29,2020122904000733,LUK,6,1,100,9.35,935.00
2020-12-29,2020122904000700,LUK,38,7,900,9.30,"8,370.00"
2020-12-29,2020122904000676,LUK,38,7,"2,000",9.30,"18,600.00"
2020-12-29,2020122904000674,LUK,38,7,"2,000",9.30,"18,600.00"
2020-12-29,2020122904000507,LUK,6,45,100,9.18,918.00
2020-12-29,2020122904000308,LUK,6,26,200,9.18,"1,836.00"
2020-12-29,2020122904000711,NBF2,10,45,"1,000",9.60,"9,600.00"
2020-12-29,2020122904000679,NBF2,10,13,100,9.60,960.00
2020-12-29,2020122904000636,NBF2,10,42,300,9.60,"2,880.00"
2020-12-29,2020122904000596,NBF2,11,49,100,9.75,975.00
2020-12-29,2020122904000588,NBF2,11,49,100,9.75,975.00
2020-12-29,2020122904000287,NBF2,6,41,500,9.56,"4,780.00"
2020-12-29,2020122904000587,NBF2,11,28,"4,000",9.75,"39,000.00"
2020-12-29,2020122904000586,NBF2,11,1,100,9.73,973.00
2020-12-29,2020122904000396,NBF2,10,26,300,9.60,"2,880.00"
2020-12-29,2020122904000395,NBF2,10,16,100,9.60,960.00
2020-12-29,2020122904000666,NEF,5,28,235,9.85,"2,314.75"
2020-12-29,2020122904000665,NEF,21,28,248,9.90,"2,455.20"
2020-12-29,2020122904000656,NEF,21,41,"1,999",9.90,"19,790.10"
2020-12-29,2020122904000642,NEF,18,41,415,9.95,"4,129.25"
2020-12-29,2020122904000604,NEF,18,11,"1,448",9.95,"14,407.60"
2020-12-29,2020122904000560,NEF,18,49,"2,414",9.95,"24,019.30"
2020-12-29,2020122904000273,NEF,25,17,100,9.90,990.00
2020-12-29,2020122904000272,NEF,6,17,"2,000",9.90,"19,800.00"
2020-12-29,2020122904000427,NEF,5,11,483,9.99,"4,825.17"
2020-12-29,2020122904000320,NEF,38,11,241,9.99,"2,407.59"
2020-12-29,2020122904000319,NEF,38,11,241,9.99,"2,407.59"
2020-12-29,2020122904000318,NEF,38,43,"1,127",9.99,"11,258.73"
2020-12-29,2020122904000317,NEF,38,40,"1,207",9.99,"12,057.93"
2020-12-29,2020122904000274,NEF,21,17,"2,753",9.90,"27,254.70"
2020-12-29,2020122904000433,NEF,5,41,"2,414",10.05,"24,260.70"
2020-12-29,2020122904000432,NEF,5,25,"2,414",10.00,"24,140.00"
2020-12-29,2020122904000431,NEF,5,49,"2,414",10.00,"24,140.00"
2020-12-29,2020122904000430,NEF,5,42,"1,690",10.00,"16,900.00"
2020-12-29,2020122904000429,NEF,5,10,"1,127",10.00,"11,270.00"
2020-12-29,2020122904000428,NEF,5,11,263,9.99,"2,627.37"
2020-12-29,2020122904000506,NEF,18,44,241,9.95,"2,397.95"
2020-12-29,2020122904000490,NEF,18,44,241,9.95,"2,397.95"
2020-12-29,2020122904000488,NEF,18,44,241,9.95,"2,397.95"
2020-12-29,2020122904000436,NEF,5,11,"2,574",10.05,"25,868.70"
2020-12-29,2020122904000435,NEF,5,44,"2,414",10.05,"24,260.70"
2020-12-29,2020122904000434,NEF,5,11,"1,207",10.05,"12,130.35"
2020-12-29,2020122904000590,NIBLPF,26,11,152,10.10,"1,535.20"
2020-12-29,2020122904000589,NIBLPF,26,11,152,10.10,"1,535.20"
2020-12-29,2020122904000351,NIBLPF,34,11,495,10.10,"4,999.50"
2020-12-29,2020122904000350,NIBLPF,34,11,505,10.10,"5,100.50"
2020-12-29,2020122904000307,NIBLPF,53,39,"2,525",10.05,"25,376.25"
2020-12-29,2020122904000306,NIBLPF,3,39,"2,525",10.03,"25,325.75"
2020-12-29,2020122904000291,NIBLPF,3,39,"2,525",10.03,"25,325.75"
2020-12-29,2020122904000576,NIBPO,39,39,8,435.00,"3,480.00"
2020-12-29,2020122904000486,NIBPO,17,50,500,440.00,"220,000.00"
2020-12-29,2020122904000484,NIBPO,17,42,500,440.00,"220,000.00"
2020-12-29,2020122904000275,NIBSF1,25,13,500,11.50,"5,750.00"
2020-12-29,2020122904000639,NICAD8283,19,1,100,"1,150.00","115,000.00"
2020-12-29,2020122904000664,NICBF,58,21,"1,000",9.84,"9,840.00"
2020-12-29,2020122904000663,NICBF,58,49,200,9.80,"1,960.00"
2020-12-29,2020122904000615,NICBF,13,26,500,9.77,"4,885.00"
2020-12-29,2020122904000715,NICGF,43,58,"2,000",10.36,"20,720.00"
2020-12-29,2020122904000688,NICGF,58,37,500,10.36,"5,180.00"
2020-12-29,2020122904000495,NICGF,58,25,"1,500",10.40,"15,600.00"
2020-12-29,2020122904000494,NICGF,58,26,800,10.40,"8,320.00"
2020-12-29,2020122904000493,NICGF,58,6,600,10.36,"6,216.00"
2020-12-29,2020122904000385,NICGF,52,6,200,10.36,"2,072.00"
2020-12-29,2020122904000292,NICGF,17,4,"2,000",10.35,"20,700.00"
2020-12-29,2020122904000709,NMB50,19,49,200,10.30,"2,060.00"
2020-12-29,2020122904000446,NMB50,19,53,"3,800",10.40,"39,520.00"
2020-12-29,2020122904000445,NMB50,19,49,200,10.40,"2,080.00"
2020-12-29,2020122904000391,NMB50,8,29,240,10.20,"2,448.00"
2020-12-29,2020122904000364,NMB50,34,29,100,10.37,"1,037.00"
2020-12-29,2020122904000263,NMB50,8,45,"3,500",10.20,"35,700.00"
2020-12-29,2020122904000691,NMBHF1,8,28,416,10.00,"4,160.00"
2020-12-29,2020122904000539,NMBHF1,8,41,"4,161",10.00,"41,610.00"
2020-12-29,2020122904000521,NMBHF1,8,8,"4,161",10.00,"41,610.00"
2020-12-29,2020122904000491,NMBHF1,8,44,"1,632",10.00,"16,320.00"
2020-12-29,2020122904000489,NMBHF1,8,47,"1,664",10.00,"16,640.00"
2020-12-29,2020122904000483,NMBHF1,8,44,832,10.00,"8,320.00"
2020-12-29,2020122904000281,NMBHF1,19,57,"2,000",10.10,"20,200.00"
2020-12-29,2020122904000280,NMBHF1,19,25,903,10.10,"9,120.30"
2020-12-29,2020122904000279,NMBHF1,19,11,250,10.08,"2,520.00"
2020-12-29,2020122904000324,RBCLPO,26,33,10,"13,500.00","135,000.00"
2020-12-29,2020122904000309,RBCLPO,16,33,10,"13,500.00","135,000.00"
2020-12-29,2020122904000732,SAEF,29,58,500,11.32,"5,660.00"
2020-12-29,2020122904000672,SAEF,29,37,500,11.32,"5,660.00"
2020-12-29,2020122904000661,SAEF,6,52,"1,000",11.35,"11,350.00"
2020-12-29,2020122904000660,SAEF,6,58,"1,000",11.35,"11,350.00"
2020-12-29,2020122904000659,SAEF,6,39,400,11.35,"4,540.00"
2020-12-29,2020122904000423,SAEF,58,47,"3,600",11.35,"40,860.00"
2020-12-29,2020122904000412,SAEF,29,40,"10,000",11.32,"113,200.00"
2020-12-29,2020122904000366,SAEF,29,28,"4,500",11.32,"50,940.00"
2020-12-29,2020122904000365,SAEF,52,28,500,11.34,"5,670.00"
2020-12-29,2020122904000340,SAEF,34,29,"1,000",11.35,"11,350.00"
2020-12-29,2020122904000310,SAEF,29,43,"1,000",11.30,"11,300.00"
2020-12-29,2020122904000290,SAEF,29,21,"1,700",11.30,"19,210.00"
2020-12-29,2020122904000630,SAND2085,19,45,25,"1,040.00","26,000.00"
2020-12-29,2020122904000617,SAND2085,41,45,25,"1,040.00","26,000.00"
2020-12-29,2020122904000303,SAND2085,43,33,25,"1,040.00","26,000.00"
2020-12-29,2020122904000724,SEF,17,28,500,10.30,"5,150.00"
2020-12-29,2020122904000670,SEF,43,28,500,10.31,"5,155.00"
2020-12-29,2020122904000668,SEF,43,37,500,10.31,"5,155.00"
2020-12-29,2020122904000632,SEF,17,58,500,10.30,"5,150.00"
2020-12-29,2020122904000578,SEF,17,45,"1,000",10.30,"10,300.00"
2020-12-29,2020122904000577,SEF,17,4,500,10.30,"5,150.00"
2020-12-29,2020122904000399,SEF,35,4,"5,000",10.31,"51,550.00"
2020-12-29,2020122904000382,SEF,35,47,500,10.31,"5,155.00"
2020-12-29,2020122904000377,SEF,35,40,500,10.31,"5,155.00"
2020-12-29,2020122904000328,SEF,35,4,"1,500",10.35,"15,525.00"
2020-12-29,2020122904000558,SEF,17,40,"5,000",10.30,"51,500.00"
2020-12-29,2020122904000551,SEF,29,40,"5,000",10.31,"51,550.00"
2020-12-29,2020122904000464,SEF,18,10,500,10.40,"5,200.00"
2020-12-29,2020122904000438,SEF,17,40,"5,000",10.30,"51,500.00"
2020-12-29,2020122904000425,SEF,17,40,"6,000",10.30,"61,800.00"
2020-12-29,2020122904000424,SEF,35,40,"4,000",10.31,"41,240.00"
2020-12-29,2020122904000737,SGI,21,44,10,562.00,"5,620.00"
2020-12-29,2020122904000736,SGI,21,42,67,562.00,"37,654.00"
2020-12-29,2020122904000735,SGI,36,38,10,561.00,"5,610.00"
2020-12-29,2020122904000731,SGI,36,45,10,561.00,"5,610.00"
2020-12-29,2020122904000730,SGI,36,28,10,561.00,"5,610.00"
2020-12-29,2020122904000725,SGI,36,38,10,560.00,"5,600.00"
2020-12-29,2020122904000268,SGI,5,38,10,561.00,"5,610.00"
2020-12-29,2020122904000260,SGI,5,20,10,561.00,"5,610.00"
2020-12-29,2020122904000283,SGI,5,58,10,561.00,"5,610.00"
2020-12-29,2020122904000282,SGI,5,38,10,561.00,"5,610.00"
2020-12-29,2020122904000277,SGI,5,16,10,561.00,"5,610.00"
2020-12-29,2020122904000271,SGI,5,16,10,561.00,"5,610.00"
2020-12-29,2020122904000270,SGI,5,16,10,561.00,"5,610.00"
2020-12-29,2020122904000269,SGI,5,16,10,561.00,"5,610.00"
2020-12-29,2020122904000314,SGI,49,17,10,561.00,"5,610.00"
2020-12-29,2020122904000300,SGI,49,46,10,561.00,"5,610.00"
2020-12-29,2020122904000299,SGI,49,58,10,561.00,"5,610.00"
2020-12-29,2020122904000296,SGI,49,57,10,561.00,"5,610.00"
2020-12-29,2020122904000293,SGI,5,38,10,561.00,"5,610.00"
2020-12-29,2020122904000285,SGI,5,42,10,561.00,"5,610.00"
2020-12-29,2020122904000330,SGI,1,39,10,562.00,"5,620.00"
2020-12-29,2020122904000329,SGI,1,45,10,562.00,"5,620.00"
2020-12-29,2020122904000327,SGI,1,39,10,562.00,"5,620.00"
2020-12-29,2020122904000325,SGI,1,38,10,562.00,"5,620.00"
2020-12-29,2020122904000322,SGI,49,52,10,561.00,"5,610.00"
2020-12-29,2020122904000316,SGI,49,17,10,561.00,"5,610.00"
2020-12-29,2020122904000336,SGI,1,39,10,562.00,"5,620.00"
2020-12-29,2020122904000335,SGI,21,11,10,564.00,"5,640.00"
2020-12-29,2020122904000334,SGI,21,11,10,564.00,"5,640.00"
2020-12-29,2020122904000333,SGI,21,11,10,564.00,"5,640.00"
2020-12-29,2020122904000332,SGI,21,58,10,564.00,"5,640.00"
2020-12-29,2020122904000331,SGI,1,39,10,562.00,"5,620.00"
2020-12-29,2020122904000353,SGI,49,51,10,561.00,"5,610.00"
2020-12-29,2020122904000352,SGI,49,38,10,561.00,"5,610.00"
2020-12-29,2020122904000347,SGI,49,38,10,561.00,"5,610.00"
2020-12-29,2020122904000343,SGI,1,14,20,562.00,"11,240.00"
2020-12-29,2020122904000342,SGI,1,39,10,562.00,"5,620.00"
2020-12-29,2020122904000341,SGI,1,39,10,562.00,"5,620.00"
2020-12-29,2020122904000373,SGI,17,32,10,562.00,"5,620.00"
2020-12-29,2020122904000371,SGI,17,41,10,562.00,"5,620.00"
2020-12-29,2020122904000367,SGI,49,38,10,561.00,"5,610.00"
2020-12-29,2020122904000363,SGI,22,14,80,562.00,"44,960.00"
2020-12-29,2020122904000360,SGI,49,44,10,561.00,"5,610.00"
2020-12-29,2020122904000354,SGI,49,34,10,561.00,"5,610.00"
2020-12-29,2020122904000418,SGI,17,58,10,562.00,"5,620.00"
2020-12-29,2020122904000398,SGI,17,28,10,562.00,"5,620.00"
2020-12-29,2020122904000393,SGI,17,58,10,562.00,"5,620.00"
2020-12-29,2020122904000384,SGI,17,26,10,562.00,"5,620.00"
2020-12-29,2020122904000378,SGI,17,7,10,562.00,"5,620.00"
2020-12-29,2020122904000376,SGI,17,28,10,562.00,"5,620.00"
2020-12-29,2020122904000451,SGI,13,52,10,561.00,"5,610.00"
2020-12-29,2020122904000448,SGI,13,37,10,561.00,"5,610.00"
2020-12-29,2020122904000444,SGI,13,8,10,561.00,"5,610.00"
2020-12-29,2020122904000441,SGI,13,52,10,561.00,"5,610.00"
2020-12-29,2020122904000440,SGI,13,58,10,561.00,"5,610.00"
2020-12-29,2020122904000420,SGI,13,29,10,561.00,"5,610.00"
2020-12-29,2020122904000470,SGI,13,56,10,561.00,"5,610.00"
2020-12-29,2020122904000466,SGI,13,44,10,561.00,"5,610.00"
2020-12-29,2020122904000463,SGI,13,42,10,561.00,"5,610.00"
2020-12-29,2020122904000458,SGI,22,11,10,564.00,"5,640.00"
2020-12-29,2020122904000453,SGI,13,38,10,561.00,"5,610.00"
2020-12-29,2020122904000452,SGI,13,56,10,561.00,"5,610.00"
2020-12-29,2020122904000481,SGI,13,21,10,561.00,"5,610.00"
2020-12-29,2020122904000479,SGI,13,17,10,561.00,"5,610.00"
2020-12-29,2020122904000477,SGI,13,59,10,561.00,"5,610.00"
2020-12-29,2020122904000476,SGI,13,38,10,561.00,"5,610.00"
2020-12-29,2020122904000474,SGI,13,25,10,561.00,"5,610.00"
2020-12-29,2020122904000472,SGI,13,17,10,561.00,"5,610.00"
2020-12-29,2020122904000518,SGI,45,35,10,560.00,"5,600.00"
2020-12-29,2020122904000512,SGI,35,38,10,560.00,"5,600.00"
2020-12-29,2020122904000504,SGI,35,38,10,560.00,"5,600.00"
2020-12-29,2020122904000503,SGI,13,48,10,561.00,"5,610.00"
2020-12-29,2020122904000497,SGI,13,41,10,561.00,"5,610.00"
2020-12-29,2020122904000492,SGI,13,57,10,561.00,"5,610.00"
2020-12-29,2020122904000540,SGI,54,32,10,560.00,"5,600.00"
2020-12-29,2020122904000538,SGI,54,38,10,560.00,"5,600.00"
2020-12-29,2020122904000534,SGI,17,42,10,560.00,"5,600.00"
2020-12-29,2020122904000533,SGI,21,44,10,560.00,"5,600.00"
2020-12-29,2020122904000530,SGI,21,48,10,560.00,"5,600.00"
2020-12-29,2020122904000523,SGI,45,21,10,560.00,"5,600.00"
2020-12-29,2020122904000554,SGI,56,37,10,560.00,"5,600.00"
2020-12-29,2020122904000548,SGI,42,46,10,561.00,"5,610.00"
2020-12-29,2020122904000547,SGI,56,8,10,560.00,"5,600.00"
2020-12-29,2020122904000546,SGI,56,38,10,560.00,"5,600.00"
2020-12-29,2020122904000544,SGI,56,59,10,560.00,"5,600.00"
2020-12-29,2020122904000542,SGI,56,8,10,560.00,"5,600.00"
2020-12-29,2020122904000569,SGI,48,58,10,562.00,"5,620.00"
2020-12-29,2020122904000566,SGI,48,38,10,562.00,"5,620.00"
2020-12-29,2020122904000564,SGI,56,59,10,561.00,"5,610.00"
2020-12-29,2020122904000562,SGI,56,48,10,561.00,"5,610.00"
2020-12-29,2020122904000559,SGI,45,38,10,560.00,"5,600.00"
2020-12-29,2020122904000555,SGI,38,38,10,560.00,"5,600.00"
2020-12-29,2020122904000593,SGI,48,4,10,562.00,"5,620.00"
2020-12-29,2020122904000584,SGI,48,57,10,562.00,"5,620.00"
2020-12-29,2020122904000583,SGI,48,38,10,562.00,"5,620.00"
2020-12-29,2020122904000579,SGI,48,58,10,562.00,"5,620.00"
2020-12-29,2020122904000573,SGI,48,8,10,562.00,"5,620.00"
2020-12-29,2020122904000570,SGI,48,8,10,562.00,"5,620.00"
2020-12-29,2020122904000601,SGI,48,22,10,562.00,"5,620.00"
2020-12-29,2020122904000600,SGI,48,6,10,562.00,"5,620.00"
2020-12-29,2020122904000599,SGI,48,38,10,562.00,"5,620.00"
2020-12-29,2020122904000598,SGI,48,38,10,562.00,"5,620.00"
2020-12-29,2020122904000597,SGI,48,22,10,562.00,"5,620.00"
2020-12-29,2020122904000594,SGI,48,38,10,562.00,"5,620.00"
2020-12-29,2020122904000614,SGI,48,6,10,562.00,"5,620.00"
2020-12-29,2020122904000613,SGI,48,38,10,562.00,"5,620.00"
2020-12-29,2020122904000612,SGI,48,22,10,562.00,"5,620.00"
2020-12-29,2020122904000611,SGI,48,58,10,562.00,"5,620.00"
2020-12-29,2020122904000603,SGI,48,38,10,562.00,"5,620.00"
2020-12-29,2020122904000602,SGI,48,38,10,562.00,"5,620.00"
2020-12-29,2020122904000622,SGI,56,58,10,561.00,"5,610.00"
2020-12-29,2020122904000621,SGI,56,47,10,561.00,"5,610.00"
2020-12-29,2020122904000620,SGI,56,38,10,561.00,"5,610.00"
2020-12-29,2020122904000619,SGI,56,58,10,561.00,"5,610.00"
2020-12-29,2020122904000618,SGI,56,47,10,561.00,"5,610.00"
2020-12-29,2020122904000616,SGI,56,37,10,561.00,"5,610.00"
2020-12-29,2020122904000638,SGI,56,16,10,561.00,"5,610.00"
2020-12-29,2020122904000637,SGI,56,47,10,561.00,"5,610.00"
2020-12-29,2020122904000635,SGI,56,57,10,561.00,"5,610.00"
2020-12-29,2020122904000634,SGI,56,40,10,561.00,"5,610.00"
2020-12-29,2020122904000633,SGI,56,47,10,561.00,"5,610.00"
2020-12-29,2020122904000625,SGI,56,38,10,561.00,"5,610.00"
2020-12-29,2020122904000651,SGI,56,58,10,561.00,"5,610.00"
2020-12-29,2020122904000647,SGI,56,47,10,561.00,"5,610.00"
2020-12-29,2020122904000646,SGI,34,36,10,562.00,"5,620.00"
2020-12-29,2020122904000645,SGI,34,26,10,562.00,"5,620.00"
2020-12-29,2020122904000644,SGI,56,47,10,561.00,"5,610.00"
2020-12-29,2020122904000641,SGI,56,38,10,561.00,"5,610.00"
2020-12-29,2020122904000667,SGI,56,38,10,561.00,"5,610.00"
2020-12-29,2020122904000658,SGI,58,42,10,562.00,"5,620.00"
2020-12-29,2020122904000657,SGI,56,16,10,561.00,"5,610.00"
2020-12-29,2020122904000655,SGI,56,38,10,561.00,"5,610.00"
2020-12-29,2020122904000653,SGI,56,48,10,561.00,"5,610.00"
2020-12-29,2020122904000652,SGI,56,52,10,561.00,"5,610.00"
2020-12-29,2020122904000689,SGI,56,38,10,561.00,"5,610.00"
2020-12-29,2020122904000687,SGI,1,42,200,562.00,"112,400.00"
2020-12-29,2020122904000678,SGI,56,47,10,561.00,"5,610.00"
2020-12-29,2020122904000677,SGI,56,38,10,561.00,"5,610.00"
2020-12-29,2020122904000675,SGI,56,5,10,561.00,"5,610.00"
2020-12-29,2020122904000669,SGI,56,38,10,561.00,"5,610.00"
2020-12-29,2020122904000699,SGI,56,47,10,561.00,"5,610.00"
2020-12-29,2020122904000698,SGI,56,38,10,561.00,"5,610.00"
2020-12-29,2020122904000696,SGI,56,38,10,561.00,"5,610.00"
2020-12-29,2020122904000695,SGI,56,51,10,561.00,"5,610.00"
2020-12-29,2020122904000694,SGI,56,16,10,561.00,"5,610.00"
2020-12-29,2020122904000692,SGI,56,58,10,561.00,"5,610.00"
2020-12-29,2020122904000717,SGI,56,38,10,561.00,"5,610.00"
2020-12-29,2020122904000713,SGI,56,47,10,561.00,"5,610.00"
2020-12-29,2020122904000708,SGI,56,59,10,561.00,"5,610.00"
2020-12-29,2020122904000706,SGI,56,47,10,561.00,"5,610.00"
2020-12-29,2020122904000705,SGI,56,38,10,561.00,"5,610.00"
2020-12-29,2020122904000703,SGI,56,5,10,561.00,"5,610.00"
2020-12-29,2020122904000723,SGI,36,53,70,560.00,"39,200.00"
2020-12-29,2020122904000722,SGI,45,53,190,560.00,"106,400.00"
2020-12-29,2020122904000721,SGI,49,53,50,561.00,"28,050.00"
2020-12-29,2020122904000720,SGI,35,53,100,561.00,"56,100.00"
2020-12-29,2020122904000719,SGI,56,53,90,561.00,"50,490.00"
2020-12-29,2020122904000718,SGI,56,47,10,561.00,"5,610.00"
2020-12-29,2020122904000349,STC,56,10,10,"5,293.00","52,930.00"
2020-12-29,2020122904000348,STC,56,10,40,"5,293.00","211,720.00"
2020-12-29,2020122904000345,STC,56,10,60,"5,293.00","317,580.00"
2020-12-29,2020122904000339,STC,56,40,40,"5,292.00","211,680.00"
2020-12-29,2020122903011946,ALBSL,34,1,10,955.00,"9,550.00"
2020-12-29,2020122903011865,ALICL,29,16,110,918.00,"100,980.00"
2020-12-29,2020122903011992,CBBL,49,34,172,"1,385.00","238,220.00"
2020-12-29,2020122903011991,CBBL,10,34,15,"1,385.00","20,775.00"
2020-12-29,2020122903011990,CBBL,51,34,13,"1,385.00","18,005.00"
2020-12-29,2020122903011945,CBBL,19,17,50,"1,385.00","69,250.00"
2020-12-29,2020122903011944,CBBL,36,14,23,"1,386.00","31,878.00"
2020-12-29,2020122903011943,CBBL,36,6,177,"1,386.00","245,322.00"
2020-12-29,2020122903011842,CBBL,41,6,20,"1,385.00","27,700.00"
2020-12-29,2020122903011841,CBBL,16,6,410,"1,385.00","567,850.00"
2020-12-29,2020122903011837,CBBL,16,50,10,"1,385.00","13,850.00"
2020-12-29,2020122903011836,CBBL,16,8,50,"1,385.00","69,250.00"
2020-12-29,2020122903011941,CBBL,29,6,50,"1,386.00","69,300.00"
2020-12-29,2020122903011932,CBBL,50,6,10,"1,386.00","13,860.00"
2020-12-29,2020122903011873,CBBL,32,6,50,"1,386.00","69,300.00"
2020-12-29,2020122903011861,CBBL,21,6,11,"1,386.00","15,246.00"
2020-12-29,2020122903011860,CBBL,21,6,15,"1,385.00","20,775.00"
2020-12-29,2020122903011843,CBBL,36,6,55,"1,385.00","76,175.00"
2020-12-29,2020122904000067,CBBLPO,39,44,50,570.00,"28,500.00"
2020-12-29,2020122904000166,CCBLPO,34,26,"17,567",112.00,"1,967,504.00"
2020-12-29,2020122903012029,CLBSL,52,7,46,788.00,"36,248.00"
2020-12-29,2020122903012028,CLBSL,44,7,10,788.00,"7,880.00"
2020-12-29,2020122903011953,CLBSL,7,7,200,789.00,"157,800.00"
2020-12-29,2020122903011952,CLBSL,35,7,500,790.00,"395,000.00"
2020-12-29,2020122903011951,CLBSL,16,7,244,799.00,"194,956.00"
2020-12-29,2020122903011936,CLBSL,16,57,256,799.00,"204,544.00"
2020-12-29,2020122903011935,CLBSL,35,57,244,799.00,"194,956.00"
2020-12-29,2020122903012054,DDBL,44,6,100,"1,350.00","135,000.00"
2020-12-29,2020122903012045,DDBL,11,6,100,"1,350.00","135,000.00"
2020-12-29,2020122903012042,DDBL,13,6,100,"1,350.00","135,000.00"
2020-12-29,2020122903012039,DDBL,51,6,10,"1,350.00","13,500.00"
2020-12-29,2020122903012030,DDBL,54,6,50,"1,350.00","67,500.00"
2020-12-29,2020122903011963,DDBL,34,6,"2,000","1,350.00","2,700,000.00"
2020-12-29,2020122903011956,DDBL,54,6,178,"1,350.00","240,300.00"
2020-12-29,2020122903011955,DDBL,33,6,10,"1,355.00","13,550.00"
2020-12-29,2020122903011859,DDBL,44,39,135,"1,359.00","183,465.00"
2020-12-29,2020122903011962,DDBL,49,6,50,"1,350.00","67,500.00"
2020-12-29,2020122903011961,DDBL,35,6,50,"1,350.00","67,500.00"
2020-12-29,2020122903011960,DDBL,21,6,25,"1,350.00","33,750.00"
2020-12-29,2020122903011959,DDBL,4,6,150,"1,350.00","202,500.00"
2020-12-29,2020122903011958,DDBL,57,6,100,"1,350.00","135,000.00"
2020-12-29,2020122903011957,DDBL,49,6,30,"1,350.00","40,500.00"
2020-12-29,2020122903012034,FMDBL,19,49,75,570.00,"42,750.00"
2020-12-29,2020122903012033,FMDBL,32,49,10,570.00,"5,700.00"
2020-12-29,2020122903012032,FMDBL,19,49,15,570.00,"8,550.00"
2020-12-29,2020122903011835,FMDBL,34,49,50,571.00,"28,550.00"
2020-12-29,2020122903011811,FMDBL,19,49,160,571.00,"91,360.00"
2020-12-29,2020122903011967,FOWAD,34,34,10,"2,280.00","22,800.00"
2020-12-29,2020122903011964,FOWAD,3,3,6,"2,262.00","13,572.00"
2020-12-29,2020122903011925,FOWAD,34,58,10,"2,279.00","22,790.00"
2020-12-29,2020122903011933,GBBL,41,44,100,302.00,"30,200.00"
2020-12-29,2020122903011862,GBBL,7,35,30,301.00,"9,030.00"
2020-12-29,2020122903011896,GBLBS,13,42,10,567.00,"5,670.00"
2020-12-29,2020122903011875,GBLBS,58,7,66,568.00,"37,488.00"
2020-12-29,2020122903011874,GBLBS,58,44,15,568.00,"8,520.00"
2020-12-29,2020122903011942,GFCL,51,57,50,206.00,"10,300.00"
2020-12-29,2020122904000251,GIC,5,52,10,537.00,"5,370.00"
2020-12-29,2020122904000250,GIC,5,38,10,537.00,"5,370.00"
2020-12-29,2020122904000248,GIC,34,44,10,536.00,"5,360.00"
2020-12-29,2020122904000231,GIC,34,21,10,536.00,"5,360.00"
2020-12-29,2020122904000225,GIC,34,6,10,536.00,"5,360.00"
2020-12-29,2020122904000221,GIC,34,14,10,536.00,"5,360.00"
2020-12-29,2020122904000018,GIC,20,50,10,537.00,"5,370.00"
2020-12-29,2020122904000016,GIC,20,41,10,537.00,"5,370.00"
2020-12-29,2020122904000012,GIC,20,32,10,537.00,"5,370.00"
2020-12-29,2020122904000010,GIC,20,21,10,537.00,"5,370.00"
2020-12-29,2020122904000031,GIC,20,58,10,537.00,"5,370.00"
2020-12-29,2020122904000030,GIC,57,41,10,540.00,"5,400.00"
2020-12-29,2020122904000029,GIC,20,56,10,537.00,"5,370.00"
2020-12-29,2020122904000027,GIC,20,56,10,537.00,"5,370.00"
2020-12-29,2020122904000025,GIC,20,45,10,537.00,"5,370.00"
2020-12-29,2020122904000020,GIC,20,14,10,537.00,"5,370.00"
2020-12-29,2020122904000045,GIC,22,8,10,537.00,"5,370.00"
2020-12-29,2020122904000039,GIC,22,26,10,537.00,"5,370.00"
2020-12-29,2020122904000038,GIC,22,29,10,537.00,"5,370.00"
2020-12-29,2020122904000036,GIC,22,34,10,537.00,"5,370.00"
2020-12-29,2020122904000034,GIC,22,26,10,537.00,"5,370.00"
2020-12-29,2020122904000033,GIC,20,34,10,537.00,"5,370.00"
2020-12-29,2020122904000066,GIC,22,58,10,537.00,"5,370.00"
2020-12-29,2020122904000059,GIC,22,38,10,537.00,"5,370.00"
2020-12-29,2020122904000058,GIC,22,22,10,537.00,"5,370.00"
2020-12-29,2020122904000057,GIC,22,13,10,537.00,"5,370.00"
2020-12-29,2020122904000050,GIC,22,38,10,537.00,"5,370.00"
2020-12-29,2020122904000047,GIC,45,48,10,539.00,"5,390.00"
2020-12-29,2020122904000081,GIC,43,16,10,537.00,"5,370.00"
2020-12-29,2020122904000077,GIC,43,38,10,537.00,"5,370.00"
2020-12-29,2020122904000074,GIC,43,38,10,537.00,"5,370.00"
2020-12-29,2020122904000073,GIC,43,45,10,537.00,"5,370.00"
2020-12-29,2020122904000070,GIC,43,33,10,537.00,"5,370.00"
2020-12-29,2020122904000069,GIC,21,42,10,538.00,"5,380.00"
2020-12-29,2020122904000105,GIC,33,42,10,537.00,"5,370.00"
2020-12-29,2020122904000102,GIC,43,38,10,537.00,"5,370.00"
2020-12-29,2020122904000098,GIC,43,38,10,537.00,"5,370.00"
2020-12-29,2020122904000089,GIC,43,38,10,537.00,"5,370.00"
2020-12-29,2020122904000088,GIC,43,38,10,537.00,"5,370.00"
2020-12-29,2020122904000083,GIC,43,47,10,537.00,"5,370.00"
2020-12-29,2020122904000128,GIC,33,43,10,537.00,"5,370.00"
2020-12-29,2020122904000121,GIC,33,39,10,537.00,"5,370.00"
2020-12-29,2020122904000120,GIC,33,38,10,537.00,"5,370.00"
2020-12-29,2020122904000111,GIC,33,42,10,537.00,"5,370.00"
2020-12-29,2020122904000110,GIC,33,38,10,537.00,"5,370.00"
2020-12-29,2020122904000106,GIC,33,38,10,537.00,"5,370.00"
2020-12-29,2020122904000135,GIC,45,38,10,539.00,"5,390.00"
2020-12-29,2020122904000134,GIC,45,59,10,538.00,"5,380.00"
2020-12-29,2020122904000132,GIC,33,53,10,537.00,"5,370.00"
2020-12-29,2020122904000131,GIC,43,42,10,538.00,"5,380.00"
2020-12-29,2020122904000130,GIC,43,41,10,538.00,"5,380.00"
2020-12-29,2020122904000129,GIC,33,38,10,537.00,"5,370.00"
2020-12-29,2020122904000165,GIC,56,32,10,537.00,"5,370.00"
2020-12-29,2020122904000158,GIC,56,58,10,537.00,"5,370.00"
2020-12-29,2020122904000146,GIC,56,52,10,537.00,"5,370.00"
2020-12-29,2020122904000141,GIC,56,28,10,537.00,"5,370.00"
2020-12-29,2020122904000139,GIC,56,45,10,537.00,"5,370.00"
2020-12-29,2020122904000136,GIC,33,53,10,537.00,"5,370.00"
2020-12-29,2020122904000191,GIC,34,45,10,536.00,"5,360.00"
2020-12-29,2020122904000179,GIC,34,29,70,536.00,"37,520.00"
2020-12-29,2020122904000178,GIC,21,29,20,537.00,"10,740.00"
2020-12-29,2020122904000177,GIC,43,29,10,537.00,"5,370.00"
2020-12-29,2020122904000174,GIC,43,22,10,537.00,"5,370.00"
2020-12-29,2020122904000172,GIC,43,47,10,537.00,"5,370.00"
2020-12-29,2020122904000219,GIC,34,21,10,536.00,"5,360.00"
2020-12-29,2020122904000218,GIC,34,38,10,536.00,"5,360.00"
2020-12-29,2020122904000217,GIC,34,29,10,536.00,"5,360.00"
2020-12-29,2020122904000204,GIC,34,1,10,536.00,"5,360.00"
2020-12-29,2020122904000195,GIC,34,38,10,536.00,"5,360.00"
2020-12-29,2020122904000194,GIC,34,38,10,536.00,"5,360.00"
2020-12-29,2020122903011997,GILB,25,44,40,"1,732.00","69,280.00"
2020-12-29,2020122903011996,GILB,14,44,300,"1,733.00","519,900.00"
2020-12-29,2020122903011995,GILB,54,44,60,"1,735.00","104,100.00"
2020-12-29,2020122903011994,GILB,54,44,90,"1,736.00","156,240.00"
2020-12-29,2020122903011993,GILB,38,44,10,"1,737.00","17,370.00"
2020-12-29,2020122903011989,GILB,16,42,18,"1,738.00","31,284.00"
2020-12-29,2020122903011973,GILB,57,42,50,"1,738.00","86,900.00"
2020-12-29,2020122903011922,GILB,54,37,10,"1,736.00","17,360.00"
2020-12-29,2020122903011881,GILB,49,37,43,"1,736.00","74,648.00"
2020-12-29,2020122903011857,GILB,5,42,200,"1,738.00","347,600.00"
2020-12-29,2020122903011872,GLICL,32,35,50,617.00,"30,850.00"
2020-12-29,2020122903012004,GMFIL,59,1,150,198.00,"29,700.00"
2020-12-29,2020122903011852,HIDCL,52,57,61,254.00,"15,494.00"
2020-12-29,2020122903011834,HIDCL,38,48,89,255.00,"22,695.00"
2020-12-29,2020122903011833,HIDCL,38,40,61,255.00,"15,555.00"
2020-12-29,2020122903011971,ILBS,29,41,11,996.00,"10,956.00"
2020-12-29,2020122903011832,ILBS,34,52,11,999.00,"10,989.00"
2020-12-29,2020122903011831,ILBS,34,52,11,999.00,"10,989.00"
2020-12-29,2020122903011828,KMCDB,25,8,40,859.00,"34,360.00"
2020-12-29,2020122903011827,KMCDB,25,48,10,857.00,"8,570.00"
2020-12-29,2020122903012037,KRBL,34,32,10,133.00,"1,330.00"
2020-12-29,2020122903012036,KRBL,34,43,150,131.00,"19,650.00"
2020-12-29,2020122903011931,KSBBL,34,40,50,218.00,"10,900.00"
2020-12-29,2020122903011930,KSBBL,34,54,50,217.00,"10,850.00"
2020-12-29,2020122903011848,KSBBL,21,38,121,216.00,"26,136.00"
2020-12-29,2020122903011847,KSBBL,11,38,50,216.00,"10,800.00"
2020-12-29,2020122903011846,KSBBL,39,38,79,216.00,"17,064.00"
2020-12-29,2020122903011840,KSBBL,39,26,171,216.00,"36,936.00"
2020-12-29,2020122903011839,KSBBL,33,26,129,216.00,"27,864.00"
2020-12-29,2020122903011937,LBBL,56,4,20,200.00,"4,000.00"
2020-12-29,2020122903011888,LBBL,51,6,11,201.00,"2,211.00"
