Date,Transact. No.,Symbol,Buyer,Seller,Quantity,Rate,Amount
2021-04-29,2021042905003014,JLI,36,17,10,842.00,"8,420.00"
2021-04-29,2021042905003012,JLI,25,57,10,844.00,"8,440.00"
2021-04-29,2021042905003011,JLI,36,14,10,842.00,"8,420.00"
2021-04-29,2021042905003010,JLI,26,57,10,844.00,"8,440.00"
2021-04-29,2021042905003009,JLI,6,57,10,844.00,"8,440.00"
2021-04-29,2021042905003008,JLI,38,57,10,844.00,"8,440.00"
2021-04-29,2021042905002516,JLI,57,58,5,845.00,"4,225.00"
2021-04-29,2021042905002525,JLI,51,58,10,846.00,"8,460.00"
2021-04-29,2021042905002524,JLI,51,38,10,846.00,"8,460.00"
2021-04-29,2021042905002523,JLI,51,17,10,846.00,"8,460.00"
2021-04-29,2021042905002522,JLI,42,16,10,845.00,"8,450.00"
2021-04-29,2021042905002520,JLI,19,42,10,845.00,"8,450.00"
2021-04-29,2021042905002517,JLI,19,38,10,845.00,"8,450.00"
2021-04-29,2021042905002535,JLI,42,38,10,846.00,"8,460.00"
2021-04-29,2021042905002534,JLI,42,13,10,846.00,"8,460.00"
2021-04-29,2021042905002532,JLI,26,45,10,846.00,"8,460.00"
2021-04-29,2021042905002531,JLI,26,16,10,846.00,"8,460.00"
2021-04-29,2021042905002527,JLI,51,4,10,846.00,"8,460.00"
2021-04-29,2021042905002526,JLI,51,56,10,846.00,"8,460.00"
2021-04-29,2021042905002543,JLI,11,21,10,846.00,"8,460.00"
2021-04-29,2021042905002541,JLI,11,7,10,846.00,"8,460.00"
2021-04-29,2021042905002540,JLI,11,57,10,846.00,"8,460.00"
2021-04-29,2021042905002538,JLI,11,21,10,846.00,"8,460.00"
2021-04-29,2021042905002537,JLI,11,38,10,846.00,"8,460.00"
2021-04-29,2021042905002536,JLI,42,7,10,846.00,"8,460.00"
2021-04-29,2021042905002556,JLI,45,57,70,846.00,"59,220.00"
2021-04-29,2021042905002555,JLI,42,57,20,846.00,"16,920.00"
2021-04-29,2021042905002554,JLI,11,57,20,846.00,"16,920.00"
2021-04-29,2021042905002551,JLI,11,1,10,846.00,"8,460.00"
2021-04-29,2021042905002549,JLI,11,58,10,846.00,"8,460.00"
2021-04-29,2021042905002547,JLI,11,44,10,846.00,"8,460.00"
2021-04-29,2021042905002562,JLI,54,57,20,844.00,"16,880.00"
2021-04-29,2021042905002561,JLI,26,57,50,845.00,"42,250.00"
2021-04-29,2021042905002560,JLI,13,57,30,845.00,"25,350.00"
2021-04-29,2021042905002559,JLI,45,57,10,845.00,"8,450.00"
2021-04-29,2021042905002558,JLI,42,57,190,845.00,"160,550.00"
2021-04-29,2021042905002557,JLI,10,57,50,845.00,"42,250.00"
2021-04-29,2021042905002568,JLI,56,57,20,842.00,"16,840.00"
2021-04-29,2021042905002567,JLI,22,57,10,842.00,"8,420.00"
2021-04-29,2021042905002566,JLI,8,57,50,843.00,"42,150.00"
2021-04-29,2021042905002565,JLI,42,57,50,843.00,"42,150.00"
2021-04-29,2021042905002564,JLI,57,57,10,843.00,"8,430.00"
2021-04-29,2021042905002563,JLI,45,57,400,843.00,"337,200.00"
2021-04-29,2021042905002578,JLI,55,44,10,846.00,"8,460.00"
2021-04-29,2021042905002577,JLI,55,57,10,846.00,"8,460.00"
2021-04-29,2021042905002576,JLI,55,58,10,846.00,"8,460.00"
2021-04-29,2021042905002575,JLI,55,51,10,845.00,"8,450.00"
2021-04-29,2021042905002574,JLI,55,13,10,845.00,"8,450.00"
2021-04-29,2021042905002572,JLI,56,38,10,842.00,"8,420.00"
2021-04-29,2021042905002587,JLI,11,45,10,841.00,"8,410.00"
2021-04-29,2021042905002585,JLI,11,16,10,841.00,"8,410.00"
2021-04-29,2021042905002584,JLI,57,45,10,842.00,"8,420.00"
2021-04-29,2021042905002581,JLI,57,21,10,842.00,"8,420.00"
2021-04-29,2021042905002580,JLI,56,17,10,842.00,"8,420.00"
2021-04-29,2021042905002579,JLI,56,38,10,842.00,"8,420.00"
2021-04-29,2021042905002600,JLI,8,57,10,841.00,"8,410.00"
2021-04-29,2021042905002599,JLI,8,4,10,841.00,"8,410.00"
2021-04-29,2021042905002598,JLI,8,19,10,841.00,"8,410.00"
2021-04-29,2021042905002596,JLI,11,3,10,841.00,"8,410.00"
2021-04-29,2021042905002595,JLI,11,14,10,841.00,"8,410.00"
2021-04-29,2021042905002594,JLI,11,1,10,841.00,"8,410.00"
2021-04-29,2021042905002606,JLI,50,26,10,842.00,"8,420.00"
2021-04-29,2021042905002605,JLI,50,11,10,842.00,"8,420.00"
2021-04-29,2021042905002604,JLI,50,14,10,842.00,"8,420.00"
2021-04-29,2021042905002603,JLI,50,26,10,842.00,"8,420.00"
2021-04-29,2021042905002602,JLI,50,7,10,842.00,"8,420.00"
2021-04-29,2021042905002601,JLI,8,45,10,841.00,"8,410.00"
2021-04-29,2021042905002623,JLI,34,14,10,841.00,"8,410.00"
2021-04-29,2021042905002621,JLI,34,14,10,841.00,"8,410.00"
2021-04-29,2021042905002620,JLI,34,7,10,841.00,"8,410.00"
2021-04-29,2021042905002618,JLI,57,14,10,842.00,"8,420.00"
2021-04-29,2021042905002613,JLI,57,14,10,841.00,"8,410.00"
2021-04-29,2021042905002612,JLI,25,14,10,842.00,"8,420.00"
2021-04-29,2021042905002633,JLI,39,53,10,843.00,"8,430.00"
2021-04-29,2021042905002632,JLI,39,57,10,842.00,"8,420.00"
2021-04-29,2021042905002631,JLI,39,11,10,842.00,"8,420.00"
2021-04-29,2021042905002630,JLI,34,21,10,841.00,"8,410.00"
2021-04-29,2021042905002629,JLI,34,51,10,841.00,"8,410.00"
2021-04-29,2021042905002627,JLI,34,14,10,841.00,"8,410.00"
2021-04-29,2021042905002639,JLI,39,16,10,845.00,"8,450.00"
2021-04-29,2021042905002638,JLI,39,42,10,845.00,"8,450.00"
2021-04-29,2021042905002637,JLI,39,58,10,845.00,"8,450.00"
2021-04-29,2021042905002636,JLI,39,44,10,845.00,"8,450.00"
2021-04-29,2021042905002635,JLI,39,44,10,845.00,"8,450.00"
2021-04-29,2021042905002634,JLI,39,58,10,845.00,"8,450.00"
2021-04-29,2021042905002655,JLI,39,11,10,845.00,"8,450.00"
2021-04-29,2021042905002654,JLI,39,26,10,845.00,"8,450.00"
2021-04-29,2021042905002652,JLI,39,6,10,845.00,"8,450.00"
2021-04-29,2021042905002645,JLI,39,35,10,845.00,"8,450.00"
2021-04-29,2021042905002641,JLI,39,4,10,845.00,"8,450.00"
2021-04-29,2021042905002640,JLI,39,58,10,845.00,"8,450.00"
2021-04-29,2021042905002664,JLI,39,50,150,845.00,"126,750.00"
2021-04-29,2021042905002663,JLI,39,6,10,845.00,"8,450.00"
2021-04-29,2021042905002662,JLI,39,58,10,845.00,"8,450.00"
2021-04-29,2021042905002661,JLI,39,36,10,845.00,"8,450.00"
2021-04-29,2021042905002658,JLI,39,4,10,845.00,"8,450.00"
2021-04-29,2021042905002656,JLI,39,32,10,845.00,"8,450.00"
2021-04-29,2021042905002687,JLI,52,38,10,846.00,"8,460.00"
2021-04-29,2021042905002686,JLI,52,49,10,846.00,"8,460.00"
2021-04-29,2021042905002685,JLI,52,59,10,846.00,"8,460.00"
2021-04-29,2021042905002682,JLI,52,35,10,846.00,"8,460.00"
2021-04-29,2021042905002680,JLI,52,44,10,846.00,"8,460.00"
2021-04-29,2021042905002677,JLI,39,51,10,845.00,"8,450.00"
2021-04-29,2021042905002703,JLI,39,57,10,845.00,"8,450.00"
2021-04-29,2021042905002697,JLI,52,19,10,846.00,"8,460.00"
2021-04-29,2021042905002696,JLI,52,19,10,846.00,"8,460.00"
2021-04-29,2021042905002695,JLI,52,58,10,846.00,"8,460.00"
2021-04-29,2021042905002691,JLI,52,21,10,846.00,"8,460.00"
2021-04-29,2021042905002688,JLI,52,59,10,846.00,"8,460.00"
2021-04-29,2021042905002709,JLI,39,57,10,845.00,"8,450.00"
2021-04-29,2021042905002708,JLI,39,57,10,845.00,"8,450.00"
2021-04-29,2021042905002707,JLI,8,49,10,846.00,"8,460.00"
2021-04-29,2021042905002706,JLI,8,4,10,846.00,"8,460.00"
2021-04-29,2021042905002705,JLI,8,46,10,846.00,"8,460.00"
2021-04-29,2021042905002704,JLI,39,49,10,845.00,"8,450.00"
2021-04-29,2021042905002715,JLI,8,34,10,845.00,"8,450.00"
2021-04-29,2021042905002714,JLI,8,58,10,845.00,"8,450.00"
2021-04-29,2021042905002713,JLI,8,19,10,845.00,"8,450.00"
2021-04-29,2021042905002712,JLI,42,32,10,845.00,"8,450.00"
2021-04-29,2021042905002711,JLI,34,57,10,845.00,"8,450.00"
2021-04-29,2021042905002710,JLI,1,19,10,845.00,"8,450.00"
2021-04-29,2021042905002721,JLI,49,35,10,845.00,"8,450.00"
2021-04-29,2021042905002720,JLI,49,19,10,845.00,"8,450.00"
2021-04-29,2021042905002719,JLI,8,56,10,845.00,"8,450.00"
2021-04-29,2021042905002718,JLI,8,32,10,845.00,"8,450.00"
2021-04-29,2021042905002717,JLI,8,57,10,845.00,"8,450.00"
2021-04-29,2021042905002716,JLI,8,19,10,845.00,"8,450.00"
2021-04-29,2021042905002735,JLI,57,3,10,843.00,"8,430.00"
2021-04-29,2021042905002733,JLI,57,7,10,843.00,"8,430.00"
2021-04-29,2021042905002732,JLI,57,14,10,843.00,"8,430.00"
2021-04-29,2021042905002731,JLI,57,57,10,843.00,"8,430.00"
2021-04-29,2021042905002727,JLI,51,57,10,845.00,"8,450.00"
2021-04-29,2021042905002725,JLI,49,45,10,845.00,"8,450.00"
2021-04-29,2021042905002744,JLI,42,19,10,846.00,"8,460.00"
2021-04-29,2021042905002743,JLI,38,7,10,845.00,"8,450.00"
2021-04-29,2021042905002741,JLI,38,8,10,845.00,"8,450.00"
2021-04-29,2021042905002740,JLI,38,3,10,845.00,"8,450.00"
2021-04-29,2021042905002739,JLI,34,7,10,842.00,"8,420.00"
2021-04-29,2021042905002738,JLI,57,57,10,843.00,"8,430.00"
2021-04-29,2021042905002753,JLI,34,7,10,842.00,"8,420.00"
2021-04-29,2021042905002751,JLI,34,57,10,842.00,"8,420.00"
2021-04-29,2021042905002750,JLI,52,37,50,846.00,"42,300.00"
2021-04-29,2021042905002749,JLI,38,38,70,845.00,"59,150.00"
2021-04-29,2021042905002748,JLI,22,37,30,846.00,"25,380.00"
2021-04-29,2021042905002745,JLI,42,37,150,846.00,"126,900.00"
2021-04-29,2021042905002769,JLI,33,36,10,845.00,"8,450.00"
2021-04-29,2021042905002768,JLI,33,6,10,845.00,"8,450.00"
2021-04-29,2021042905002767,JLI,33,34,10,845.00,"8,450.00"
2021-04-29,2021042905002761,JLI,26,49,10,844.00,"8,440.00"
2021-04-29,2021042905002757,JLI,34,57,10,842.00,"8,420.00"
2021-04-29,2021042905002754,JLI,34,57,10,842.00,"8,420.00"
2021-04-29,2021042905002775,JLI,33,45,10,845.00,"8,450.00"
2021-04-29,2021042905002774,JLI,33,32,10,845.00,"8,450.00"
2021-04-29,2021042905002773,JLI,33,34,10,845.00,"8,450.00"
2021-04-29,2021042905002772,JLI,33,41,10,845.00,"8,450.00"
2021-04-29,2021042905002771,JLI,33,8,10,845.00,"8,450.00"
2021-04-29,2021042905002770,JLI,33,36,10,845.00,"8,450.00"
2021-04-29,2021042905002782,JLI,58,19,10,845.00,"8,450.00"
2021-04-29,2021042905002781,JLI,58,51,10,845.00,"8,450.00"
2021-04-29,2021042905002780,JLI,58,14,20,845.00,"16,900.00"
2021-04-29,2021042905002779,JLI,58,25,10,845.00,"8,450.00"
2021-04-29,2021042905002778,JLI,58,3,10,845.00,"8,450.00"
2021-04-29,2021042905002776,JLI,33,13,10,845.00,"8,450.00"
2021-04-29,2021042905002802,JLI,59,52,10,845.00,"8,450.00"
2021-04-29,2021042905002800,JLI,22,57,10,845.00,"8,450.00"
2021-04-29,2021042905002799,JLI,22,45,10,845.00,"8,450.00"
2021-04-29,2021042905002785,JLI,45,57,10,845.00,"8,450.00"
2021-04-29,2021042905002784,JLI,58,49,10,845.00,"8,450.00"
2021-04-29,2021042905002783,JLI,58,49,10,845.00,"8,450.00"
2021-04-29,2021042905002813,JLI,58,18,10,845.00,"8,450.00"
2021-04-29,2021042905002812,JLI,58,11,10,845.00,"8,450.00"
2021-04-29,2021042905002811,JLI,38,52,10,845.00,"8,450.00"
2021-04-29,2021042905002810,JLI,38,39,10,845.00,"8,450.00"
2021-04-29,2021042905002809,JLI,55,13,10,845.00,"8,450.00"
2021-04-29,2021042905002803,JLI,59,57,10,845.00,"8,450.00"
2021-04-29,2021042905002819,JLI,34,59,10,845.00,"8,450.00"
2021-04-29,2021042905002818,JLI,34,35,10,845.00,"8,450.00"
2021-04-29,2021042905002817,JLI,34,35,10,845.00,"8,450.00"
2021-04-29,2021042905002816,JLI,58,36,10,845.00,"8,450.00"
2021-04-29,2021042905002815,JLI,58,49,10,845.00,"8,450.00"
2021-04-29,2021042905002814,JLI,58,56,10,845.00,"8,450.00"
2021-04-29,2021042905002831,JLI,17,59,10,845.00,"8,450.00"
2021-04-29,2021042905002830,JLI,39,38,10,844.00,"8,440.00"
2021-04-29,2021042905002827,JLI,34,34,10,845.00,"8,450.00"
2021-04-29,2021042905002826,JLI,34,56,10,845.00,"8,450.00"
2021-04-29,2021042905002824,JLI,34,59,10,845.00,"8,450.00"
2021-04-29,2021042905002820,JLI,34,38,10,845.00,"8,450.00"
2021-04-29,2021042905002841,JLI,17,39,10,845.00,"8,450.00"
2021-04-29,2021042905002840,JLI,48,37,175,846.00,"148,050.00"
2021-04-29,2021042905002839,JLI,17,59,10,845.00,"8,450.00"
2021-04-29,2021042905002838,JLI,17,34,10,845.00,"8,450.00"
2021-04-29,2021042905002837,JLI,17,32,10,845.00,"8,450.00"
2021-04-29,2021042905002835,JLI,17,52,10,845.00,"8,450.00"
2021-04-29,2021042905002862,JLI,22,14,10,845.00,"8,450.00"
2021-04-29,2021042905002852,JLI,36,4,10,845.00,"8,450.00"
2021-04-29,2021042905002848,JLI,36,34,10,845.00,"8,450.00"
2021-04-29,2021042905002845,JLI,36,57,10,845.00,"8,450.00"
2021-04-29,2021042905002844,JLI,36,26,10,845.00,"8,450.00"
2021-04-29,2021042905002843,JLI,17,47,10,845.00,"8,450.00"
2021-04-29,2021042905002868,JLI,44,36,10,845.00,"8,450.00"
2021-04-29,2021042905002867,JLI,44,34,10,845.00,"8,450.00"
2021-04-29,2021042905002866,JLI,44,51,10,845.00,"8,450.00"
2021-04-29,2021042905002865,JLI,34,34,10,845.00,"8,450.00"
2021-04-29,2021042905002864,JLI,34,41,10,845.00,"8,450.00"
2021-04-29,2021042905002863,JLI,34,34,10,845.00,"8,450.00"
2021-04-29,2021042905002881,JLI,34,55,10,845.00,"8,450.00"
2021-04-29,2021042905002877,JLI,34,32,10,845.00,"8,450.00"
2021-04-29,2021042905002876,JLI,22,4,10,845.00,"8,450.00"
2021-04-29,2021042905002875,JLI,22,21,10,845.00,"8,450.00"
2021-04-29,2021042905002870,JLI,22,34,10,845.00,"8,450.00"
2021-04-29,2021042905002869,JLI,44,37,70,846.00,"59,220.00"
2021-04-29,2021042905002895,JLI,53,58,50,843.00,"42,150.00"
2021-04-29,2021042905002894,JLI,58,58,50,843.00,"42,150.00"
2021-04-29,2021042905002893,JLI,35,58,50,844.00,"42,200.00"
2021-04-29,2021042905002887,JLI,34,55,10,845.00,"8,450.00"
2021-04-29,2021042905002884,JLI,43,55,100,845.00,"84,500.00"
2021-04-29,2021042905002882,JLI,14,55,100,845.00,"84,500.00"
2021-04-29,2021042905002903,JLI,26,55,70,845.00,"59,150.00"
2021-04-29,2021042905002901,JLI,55,55,20,845.00,"16,900.00"
2021-04-29,2021042905002900,JLI,22,55,20,845.00,"16,900.00"
2021-04-29,2021042905002899,JLI,22,55,30,845.00,"25,350.00"
2021-04-29,2021042905002897,JLI,44,58,10,842.00,"8,420.00"
2021-04-29,2021042905002896,JLI,57,58,300,843.00,"252,900.00"
2021-04-29,2021042905002913,JLI,43,38,10,845.00,"8,450.00"
2021-04-29,2021042905002912,JLI,43,4,10,845.00,"8,450.00"
2021-04-29,2021042905002911,JLI,43,6,10,845.00,"8,450.00"
2021-04-29,2021042905002910,JLI,43,36,10,845.00,"8,450.00"
2021-04-29,2021042905002909,JLI,43,6,10,845.00,"8,450.00"
2021-04-29,2021042905002905,JLI,44,14,10,842.00,"8,420.00"
2021-04-29,2021042905002936,JLI,28,59,30,845.00,"25,350.00"
2021-04-29,2021042905002931,JLI,22,41,10,845.00,"8,450.00"
2021-04-29,2021042905002930,JLI,22,21,10,845.00,"8,450.00"
2021-04-29,2021042905002928,JLI,45,34,10,843.00,"8,430.00"
2021-04-29,2021042905002916,JLI,45,34,10,843.00,"8,430.00"
2021-04-29,2021042905002914,JLI,43,41,10,845.00,"8,450.00"
2021-04-29,2021042905002942,JLI,45,55,10,845.00,"8,450.00"
2021-04-29,2021042905002941,JLI,45,57,10,845.00,"8,450.00"
2021-04-29,2021042905002940,JLI,45,38,80,845.00,"67,600.00"
2021-04-29,2021042905002939,JLI,45,48,10,845.00,"8,450.00"
2021-04-29,2021042905002938,JLI,45,46,10,845.00,"8,450.00"
2021-04-29,2021042905002937,JLI,28,58,10,845.00,"8,450.00"
2021-04-29,2021042905002950,JLI,20,55,100,845.00,"84,500.00"
2021-04-29,2021042905002947,JLI,39,1,10,843.00,"8,430.00"
2021-04-29,2021042905002946,JLI,51,1,30,843.00,"25,290.00"
2021-04-29,2021042905002945,JLI,45,34,10,845.00,"8,450.00"
2021-04-29,2021042905002944,JLI,45,58,10,845.00,"8,450.00"
2021-04-29,2021042905002943,JLI,45,21,10,845.00,"8,450.00"
2021-04-29,2021042905002964,JLI,22,55,200,845.00,"169,000.00"
2021-04-29,2021042905002961,JLI,42,55,140,845.00,"118,300.00"
2021-04-29,2021042905002956,JLI,39,48,10,843.00,"8,430.00"
2021-04-29,2021042905002955,JLI,45,55,10,845.00,"8,450.00"
2021-04-29,2021042905002952,JLI,38,55,100,845.00,"84,500.00"
2021-04-29,2021042905002951,JLI,21,55,100,845.00,"84,500.00"
2021-04-29,2021042905002988,JLI,26,33,10,845.00,"8,450.00"
2021-04-29,2021042905002984,JLI,40,57,60,844.00,"50,640.00"
2021-04-29,2021042905002977,JLI,40,58,10,844.00,"8,440.00"
2021-04-29,2021042905002974,JLI,40,48,10,844.00,"8,440.00"
2021-04-29,2021042905002973,JLI,40,42,10,844.00,"8,440.00"
2021-04-29,2021042905002972,JLI,40,42,10,844.00,"8,440.00"
2021-04-29,2021042905002995,JLI,6,57,30,844.00,"25,320.00"
2021-04-29,2021042905002994,JLI,36,28,40,842.00,"33,680.00"
2021-04-29,2021042905002993,JLI,44,28,180,842.00,"151,560.00"
2021-04-29,2021042905002992,JLI,34,28,30,843.00,"25,290.00"
2021-04-29,2021042905002990,JLI,17,57,20,844.00,"16,880.00"
2021-04-29,2021042905002989,JLI,26,57,90,844.00,"75,960.00"
2021-04-29,2021042905003003,JLI,52,57,10,844.00,"8,440.00"
2021-04-29,2021042905003002,JLI,58,55,20,845.00,"16,900.00"
2021-04-29,2021042905002999,JLI,55,55,10,845.00,"8,450.00"
2021-04-29,2021042905002998,JLI,55,29,10,844.00,"8,440.00"
2021-04-29,2021042905002997,JLI,36,57,10,842.00,"8,420.00"
2021-04-29,2021042905002996,JLI,6,55,70,845.00,"59,150.00"
2021-04-29,2021042905002929,MLBSL,57,59,10,"3,125.00","31,250.00"
2021-04-29,2021042905002790,MLBSL,57,49,10,"3,125.00","31,250.00"
2021-04-29,2021042905002625,MLBSL,57,52,10,"3,125.00","31,250.00"
2021-04-29,2021042905002611,MLBSL,57,45,10,"3,125.00","31,250.00"
2021-04-29,2021042905002593,MLBSL,57,45,10,"3,125.00","31,250.00"
2021-04-29,2021042905002586,MLBSL,57,17,10,"3,125.00","31,250.00"
2021-04-29,2021042905002550,MLBSL,57,45,10,"3,125.00","31,250.00"
2021-04-29,2021042905002530,MLBSL,57,58,10,"3,125.00","31,250.00"
2021-04-29,2021042905003015,NICLBSL,32,49,10,"1,726.00","17,260.00"
2021-04-29,2021042905003013,NICLBSL,42,1,10,"1,726.00","17,260.00"
2021-04-29,2021042905003007,NICLBSL,42,11,20,"1,726.00","34,520.00"
2021-04-29,2021042905003006,NICLBSL,42,41,20,"1,726.00","34,520.00"
2021-04-29,2021042905003005,NICLBSL,42,59,10,"1,726.00","17,260.00"
2021-04-29,2021042905003004,NICLBSL,42,57,10,"1,726.00","17,260.00"
2021-04-29,2021042905002529,NICLBSL,50,54,13,"1,729.00","22,477.00"
2021-04-29,2021042905002528,NICLBSL,50,7,87,"1,729.00","150,423.00"
2021-04-29,2021042905002521,NICLBSL,21,58,10,"1,728.00","17,280.00"
2021-04-29,2021042905002519,NICLBSL,21,4,10,"1,728.00","17,280.00"
2021-04-29,2021042905002518,NICLBSL,21,21,100,"1,728.00","172,800.00"
2021-04-29,2021042905002546,NICLBSL,50,50,20,"1,728.00","34,560.00"
2021-04-29,2021042905002545,NICLBSL,7,56,10,"1,728.00","17,280.00"
2021-04-29,2021042905002544,NICLBSL,7,47,10,"1,728.00","17,280.00"
2021-04-29,2021042905002542,NICLBSL,21,52,30,"1,728.00","51,840.00"
2021-04-29,2021042905002539,NICLBSL,21,1,10,"1,728.00","17,280.00"
2021-04-29,2021042905002533,NICLBSL,21,57,10,"1,728.00","17,280.00"
2021-04-29,2021042905002571,NICLBSL,49,1,10,"1,727.00","17,270.00"
2021-04-29,2021042905002570,NICLBSL,42,50,10,"1,728.00","17,280.00"
2021-04-29,2021042905002569,NICLBSL,42,51,20,"1,728.00","34,560.00"
2021-04-29,2021042905002553,NICLBSL,42,1,10,"1,728.00","17,280.00"
2021-04-29,2021042905002552,NICLBSL,42,51,10,"1,728.00","17,280.00"
2021-04-29,2021042905002548,NICLBSL,49,1,10,"1,728.00","17,280.00"
2021-04-29,2021042905002590,NICLBSL,28,35,30,"1,727.00","51,810.00"
2021-04-29,2021042905002589,NICLBSL,28,38,10,"1,727.00","17,270.00"
2021-04-29,2021042905002588,NICLBSL,28,17,20,"1,727.00","34,540.00"
2021-04-29,2021042905002583,NICLBSL,36,3,10,"1,727.00","17,270.00"
2021-04-29,2021042905002582,NICLBSL,49,34,10,"1,727.00","17,270.00"
2021-04-29,2021042905002573,NICLBSL,49,1,10,"1,727.00","17,270.00"
2021-04-29,2021042905002609,NICLBSL,13,59,45,"1,727.00","77,715.00"
2021-04-29,2021042905002608,NICLBSL,13,3,10,"1,727.00","17,270.00"
2021-04-29,2021042905002607,NICLBSL,16,3,10,"1,727.00","17,270.00"
2021-04-29,2021042905002597,NICLBSL,38,17,10,"1,727.00","17,270.00"
2021-04-29,2021042905002592,NICLBSL,28,3,10,"1,727.00","17,270.00"
2021-04-29,2021042905002591,NICLBSL,28,38,30,"1,727.00","51,810.00"
2021-04-29,2021042905002619,NICLBSL,50,59,10,"1,727.00","17,270.00"
2021-04-29,2021042905002617,NICLBSL,36,59,35,"1,727.00","60,445.00"
2021-04-29,2021042905002616,NICLBSL,21,54,31,"1,726.00","53,506.00"
2021-04-29,2021042905002615,NICLBSL,1,54,20,"1,726.00","34,520.00"
2021-04-29,2021042905002614,NICLBSL,43,54,10,"1,726.00","17,260.00"
2021-04-29,2021042905002610,NICLBSL,11,59,10,"1,727.00","17,270.00"
2021-04-29,2021042905002643,NICLBSL,21,44,10,"1,726.00","17,260.00"
2021-04-29,2021042905002642,NICLBSL,43,45,10,"1,727.00","17,270.00"
2021-04-29,2021042905002628,NICLBSL,21,10,10,"1,726.00","17,260.00"
2021-04-29,2021042905002626,NICLBSL,21,44,10,"1,726.00","17,260.00"
2021-04-29,2021042905002624,NICLBSL,21,46,10,"1,726.00","17,260.00"
2021-04-29,2021042905002622,NICLBSL,50,13,10,"1,728.00","17,280.00"
2021-04-29,2021042905002650,NICLBSL,21,45,20,"1,727.00","34,540.00"
2021-04-29,2021042905002649,NICLBSL,21,38,10,"1,727.00","17,270.00"
2021-04-29,2021042905002648,NICLBSL,21,51,10,"1,727.00","17,270.00"
2021-04-29,2021042905002647,NICLBSL,21,35,10,"1,727.00","17,270.00"
2021-04-29,2021042905002646,NICLBSL,21,44,10,"1,726.00","17,260.00"
2021-04-29,2021042905002644,NICLBSL,21,21,10,"1,726.00","17,260.00"
2021-04-29,2021042905002665,NICLBSL,43,10,190,"1,726.00","327,940.00"
2021-04-29,2021042905002660,NICLBSL,43,35,10,"1,726.00","17,260.00"
2021-04-29,2021042905002659,NICLBSL,39,45,10,"1,727.00","17,270.00"
2021-04-29,2021042905002657,NICLBSL,33,44,10,"1,726.00","17,260.00"
2021-04-29,2021042905002653,NICLBSL,33,44,10,"1,726.00","17,260.00"
2021-04-29,2021042905002651,NICLBSL,33,35,10,"1,726.00","17,260.00"
2021-04-29,2021042905002671,NICLBSL,53,28,10,"1,725.00","17,250.00"
2021-04-29,2021042905002670,NICLBSL,53,38,10,"1,725.00","17,250.00"
2021-04-29,2021042905002669,NICLBSL,53,28,20,"1,725.00","34,500.00"
2021-04-29,2021042905002668,NICLBSL,39,10,10,"1,726.00","17,260.00"
2021-04-29,2021042905002667,NICLBSL,35,10,40,"1,726.00","69,040.00"
2021-04-29,2021042905002666,NICLBSL,22,10,100,"1,726.00","172,600.00"
2021-04-29,2021042905002678,NICLBSL,57,59,10,"1,726.00","17,260.00"
2021-04-29,2021042905002676,NICLBSL,34,47,60,"1,727.00","103,620.00"
2021-04-29,2021042905002675,NICLBSL,34,45,20,"1,727.00","34,540.00"
2021-04-29,2021042905002674,NICLBSL,34,54,10,"1,726.00","17,260.00"
2021-04-29,2021042905002673,NICLBSL,34,10,10,"1,726.00","17,260.00"
2021-04-29,2021042905002672,NICLBSL,53,36,10,"1,725.00","17,250.00"
2021-04-29,2021042905002690,NICLBSL,38,6,10,"1,727.00","17,270.00"
2021-04-29,2021042905002689,NICLBSL,38,49,10,"1,727.00","17,270.00"
2021-04-29,2021042905002684,NICLBSL,29,36,20,"1,727.00","34,540.00"
2021-04-29,2021042905002683,NICLBSL,29,35,10,"1,727.00","17,270.00"
2021-04-29,2021042905002681,NICLBSL,29,51,10,"1,727.00","17,270.00"
2021-04-29,2021042905002679,NICLBSL,29,34,10,"1,727.00","17,270.00"
2021-04-29,2021042905002700,NICLBSL,46,34,20,"1,727.00","34,540.00"
2021-04-29,2021042905002699,NICLBSL,46,6,10,"1,727.00","17,270.00"
2021-04-29,2021042905002698,NICLBSL,46,52,10,"1,727.00","17,270.00"
2021-04-29,2021042905002694,NICLBSL,26,57,20,"1,726.00","34,520.00"
2021-04-29,2021042905002693,NICLBSL,38,57,80,"1,727.00","138,160.00"
2021-04-29,2021042905002692,NICLBSL,38,38,100,"1,727.00","172,700.00"
2021-04-29,2021042905002726,NICLBSL,16,14,10,"1,727.00","17,270.00"
2021-04-29,2021042905002724,NICLBSL,16,4,20,"1,727.00","34,540.00"
2021-04-29,2021042905002723,NICLBSL,16,6,10,"1,727.00","17,270.00"
2021-04-29,2021042905002722,NICLBSL,16,49,10,"1,727.00","17,270.00"
2021-04-29,2021042905002702,NICLBSL,46,22,10,"1,728.00","17,280.00"
2021-04-29,2021042905002701,NICLBSL,46,45,10,"1,728.00","17,280.00"
2021-04-29,2021042905002737,NICLBSL,16,14,10,"1,727.00","17,270.00"
2021-04-29,2021042905002736,NICLBSL,16,34,10,"1,727.00","17,270.00"
2021-04-29,2021042905002734,NICLBSL,16,34,10,"1,727.00","17,270.00"
2021-04-29,2021042905002730,NICLBSL,16,35,10,"1,727.00","17,270.00"
2021-04-29,2021042905002729,NICLBSL,16,51,10,"1,727.00","17,270.00"
2021-04-29,2021042905002728,NICLBSL,53,5,500,"1,727.00","863,500.00"
2021-04-29,2021042905002756,NICLBSL,54,49,10,"1,727.00","17,270.00"
2021-04-29,2021042905002755,NICLBSL,54,54,10,"1,727.00","17,270.00"
2021-04-29,2021042905002752,NICLBSL,54,34,10,"1,727.00","17,270.00"
2021-04-29,2021042905002747,NICLBSL,54,14,10,"1,727.00","17,270.00"
2021-04-29,2021042905002746,NICLBSL,54,46,10,"1,727.00","17,270.00"
2021-04-29,2021042905002742,NICLBSL,26,34,10,"1,726.00","17,260.00"
2021-04-29,2021042905002764,NICLBSL,26,59,40,"1,726.00","69,040.00"
2021-04-29,2021042905002763,NICLBSL,26,35,10,"1,726.00","17,260.00"
2021-04-29,2021042905002762,NICLBSL,26,44,10,"1,726.00","17,260.00"
2021-04-29,2021042905002760,NICLBSL,26,38,10,"1,726.00","17,260.00"
2021-04-29,2021042905002759,NICLBSL,54,41,26,"1,727.00","44,902.00"
2021-04-29,2021042905002758,NICLBSL,54,34,20,"1,727.00","34,540.00"
2021-04-29,2021042905002788,NICLBSL,41,56,10,"1,726.00","17,260.00"
2021-04-29,2021042905002787,NICLBSL,41,39,10,"1,726.00","17,260.00"
2021-04-29,2021042905002786,NICLBSL,41,59,10,"1,725.00","17,250.00"
2021-04-29,2021042905002777,NICLBSL,45,58,20,"1,726.00","34,520.00"
2021-04-29,2021042905002766,NICLBSL,47,59,10,"1,726.00","17,260.00"
2021-04-29,2021042905002765,NICLBSL,41,59,50,"1,726.00","86,300.00"
2021-04-29,2021042905002795,NICLBSL,34,55,50,"1,725.00","86,250.00"
2021-04-29,2021042905002794,NICLBSL,34,55,10,"1,725.00","17,250.00"
2021-04-29,2021042905002793,NICLBSL,35,55,100,"1,725.00","172,500.00"
2021-04-29,2021042905002792,NICLBSL,14,55,100,"1,725.00","172,500.00"
2021-04-29,2021042905002791,NICLBSL,41,55,30,"1,725.00","51,750.00"
2021-04-29,2021042905002789,NICLBSL,41,44,10,"1,725.00","17,250.00"
2021-04-29,2021042905002805,NICLBSL,47,25,11,"1,726.00","18,986.00"
2021-04-29,2021042905002804,NICLBSL,16,51,10,"1,725.00","17,250.00"
2021-04-29,2021042905002801,NICLBSL,28,25,30,"1,726.00","51,780.00"
2021-04-29,2021042905002798,NICLBSL,16,55,20,"1,725.00","34,500.00"
2021-04-29,2021042905002797,NICLBSL,41,55,10,"1,725.00","17,250.00"
2021-04-29,2021042905002796,NICLBSL,47,55,100,"1,725.00","172,500.00"
2021-04-29,2021042905002823,NICLBSL,55,59,10,"1,726.00","17,260.00"
2021-04-29,2021042905002822,NICLBSL,39,55,30,"1,726.00","51,780.00"
2021-04-29,2021042905002821,NICLBSL,29,38,10,"1,727.00","17,270.00"
2021-04-29,2021042905002808,NICLBSL,39,20,10,"1,726.00","17,260.00"
2021-04-29,2021042905002807,NICLBSL,39,34,10,"1,726.00","17,260.00"
2021-04-29,2021042905002806,NICLBSL,47,58,10,"1,726.00","17,260.00"
2021-04-29,2021042905002834,NICLBSL,21,14,10,"1,726.00","17,260.00"
2021-04-29,2021042905002833,NICLBSL,33,14,50,"1,726.00","86,300.00"
2021-04-29,2021042905002832,NICLBSL,16,20,10,"1,726.00","17,260.00"
2021-04-29,2021042905002829,NICLBSL,55,32,10,"1,726.00","17,260.00"
2021-04-29,2021042905002828,NICLBSL,55,57,10,"1,726.00","17,260.00"
2021-04-29,2021042905002825,NICLBSL,55,57,20,"1,726.00","34,520.00"
2021-04-29,2021042905002850,NICLBSL,55,13,10,"1,726.00","17,260.00"
2021-04-29,2021042905002849,NICLBSL,55,14,20,"1,726.00","34,520.00"
2021-04-29,2021042905002847,NICLBSL,16,34,10,"1,725.00","17,250.00"
2021-04-29,2021042905002846,NICLBSL,49,14,10,"1,726.00","17,260.00"
2021-04-29,2021042905002842,NICLBSL,16,38,10,"1,725.00","17,250.00"
2021-04-29,2021042905002836,NICLBSL,16,1,10,"1,725.00","17,250.00"
2021-04-29,2021042905002857,NICLBSL,10,32,10,"1,727.00","17,270.00"
2021-04-29,2021042905002856,NICLBSL,10,58,10,"1,727.00","17,270.00"
2021-04-29,2021042905002855,NICLBSL,10,47,50,"1,727.00","86,350.00"
2021-04-29,2021042905002854,NICLBSL,17,46,10,"1,726.00","17,260.00"
2021-04-29,2021042905002853,NICLBSL,16,32,20,"1,725.00","34,500.00"
2021-04-29,2021042905002851,NICLBSL,55,56,20,"1,726.00","34,520.00"
2021-04-29,2021042905002872,NICLBSL,22,28,10,"1,727.00","17,270.00"
2021-04-29,2021042905002871,NICLBSL,22,25,10,"1,727.00","17,270.00"
2021-04-29,2021042905002861,NICLBSL,49,39,10,"1,726.00","17,260.00"
2021-04-29,2021042905002860,NICLBSL,47,19,30,"1,726.00","51,780.00"
2021-04-29,2021042905002859,NICLBSL,41,19,10,"1,726.00","17,260.00"
2021-04-29,2021042905002858,NICLBSL,10,19,30,"1,727.00","51,810.00"
2021-04-29,2021042905002883,NICLBSL,19,36,30,"1,727.00","51,810.00"
2021-04-29,2021042905002880,NICLBSL,21,49,55,"1,726.00","94,930.00"
2021-04-29,2021042905002879,NICLBSL,36,49,50,"1,726.00","86,300.00"
2021-04-29,2021042905002878,NICLBSL,35,49,30,"1,726.00","51,780.00"
2021-04-29,2021042905002874,NICLBSL,35,44,10,"1,726.00","17,260.00"
2021-04-29,2021042905002873,NICLBSL,22,36,10,"1,727.00","17,270.00"
2021-04-29,2021042905002891,NICLBSL,16,13,35,"1,726.00","60,410.00"
2021-04-29,2021042905002890,NICLBSL,21,13,45,"1,726.00","77,670.00"
2021-04-29,2021042905002889,NICLBSL,59,13,10,"1,727.00","17,270.00"
2021-04-29,2021042905002888,NICLBSL,6,13,10,"1,727.00","17,270.00"
2021-04-29,2021042905002886,NICLBSL,6,47,50,"1,727.00","86,350.00"
2021-04-29,2021042905002885,NICLBSL,6,36,60,"1,727.00","103,620.00"
2021-04-29,2021042905002907,NICLBSL,34,57,20,"1,727.00","34,540.00"
2021-04-29,2021042905002906,NICLBSL,34,53,50,"1,727.00","86,350.00"
2021-04-29,2021042905002904,NICLBSL,14,1,10,"1,726.00","17,260.00"
2021-04-29,2021042905002902,NICLBSL,14,32,10,"1,726.00","17,260.00"
2021-04-29,2021042905002898,NICLBSL,14,32,10,"1,726.00","17,260.00"
2021-04-29,2021042905002892,NICLBSL,21,58,30,"1,727.00","51,810.00"
2021-04-29,2021042905002920,NICLBSL,43,57,50,"1,727.00","86,350.00"
2021-04-29,2021042905002919,NICLBSL,43,52,110,"1,727.00","189,970.00"
2021-04-29,2021042905002918,NICLBSL,14,22,10,"1,726.00","17,260.00"
2021-04-29,2021042905002917,NICLBSL,14,59,10,"1,726.00","17,260.00"
2021-04-29,2021042905002915,NICLBSL,14,55,10,"1,726.00","17,260.00"
2021-04-29,2021042905002908,NICLBSL,57,57,25,"1,727.00","43,175.00"
2021-04-29,2021042905002926,NICLBSL,57,14,20,"1,726.00","34,520.00"
2021-04-29,2021042905002925,NICLBSL,6,14,100,"1,726.00","172,600.00"
2021-04-29,2021042905002924,NICLBSL,22,14,30,"1,726.00","51,780.00"
2021-04-29,2021042905002923,NICLBSL,14,14,130,"1,726.00","224,380.00"
2021-04-29,2021042905002922,NICLBSL,14,41,10,"1,726.00","17,260.00"
2021-04-29,2021042905002921,NICLBSL,11,57,10,"1,727.00","17,270.00"
2021-04-29,2021042905002948,NICLBSL,48,34,20,"1,726.00","34,520.00"
2021-04-29,2021042905002935,NICLBSL,48,5,20,"1,726.00","34,520.00"
2021-04-29,2021042905002934,NICLBSL,58,5,200,"1,726.00","345,200.00"
2021-04-29,2021042905002933,NICLBSL,26,5,80,"1,726.00","138,080.00"
2021-04-29,2021042905002932,NICLBSL,6,57,40,"1,727.00","69,080.00"
2021-04-29,2021042905002927,NICLBSL,26,14,20,"1,726.00","34,520.00"
2021-04-29,2021042905002959,NICLBSL,17,59,20,"1,726.00","34,520.00"
2021-04-29,2021042905002958,NICLBSL,17,1,20,"1,726.00","34,520.00"
2021-04-29,2021042905002957,NICLBSL,17,28,10,"1,726.00","17,260.00"
2021-04-29,2021042905002954,NICLBSL,29,28,10,"1,726.00","17,260.00"
2021-04-29,2021042905002953,NICLBSL,21,28,30,"1,726.00","51,780.00"
2021-04-29,2021042905002949,NICLBSL,48,53,10,"1,726.00","17,260.00"
2021-04-29,2021042905002967,NICLBSL,43,1,10,"1,726.00","17,260.00"
2021-04-29,2021042905002966,NICLBSL,43,49,34,"1,726.00","58,684.00"
2021-04-29,2021042905002965,NICLBSL,33,49,10,"1,726.00","17,260.00"
2021-04-29,2021042905002963,NICLBSL,37,49,40,"1,726.00","69,040.00"
2021-04-29,2021042905002962,NICLBSL,37,59,10,"1,726.00","17,260.00"
2021-04-29,2021042905002960,NICLBSL,16,59,10,"1,725.00","17,250.00"
2021-04-29,2021042905002976,NICLBSL,14,56,10,"1,726.00","17,260.00"
2021-04-29,2021042905002975,NICLBSL,14,25,20,"1,726.00","34,520.00"
2021-04-29,2021042905002971,NICLBSL,16,49,65,"1,725.00","112,125.00"
2021-04-29,2021042905002970,NICLBSL,43,25,80,"1,726.00","138,080.00"
2021-04-29,2021042905002969,NICLBSL,43,54,10,"1,726.00","17,260.00"
2021-04-29,2021042905002968,NICLBSL,43,38,10,"1,726.00","17,260.00"
2021-04-29,2021042905002983,NICLBSL,17,48,20,"1,726.00","34,520.00"
2021-04-29,2021042905002982,NICLBSL,14,48,30,"1,726.00","51,780.00"
2021-04-29,2021042905002981,NICLBSL,14,51,10,"1,726.00","17,260.00"
2021-04-29,2021042905002980,NICLBSL,14,34,10,"1,726.00","17,260.00"
2021-04-29,2021042905002979,NICLBSL,14,50,10,"1,726.00","17,260.00"
2021-04-29,2021042905002978,NICLBSL,14,48,10,"1,726.00","17,260.00"
2021-04-29,2021042905003001,NICLBSL,59,57,50,"1,727.00","86,350.00"
2021-04-29,2021042905003000,NICLBSL,42,52,10,"1,726.00","17,260.00"
2021-04-29,2021042905002991,NICLBSL,42,58,10,"1,726.00","17,260.00"
2021-04-29,2021042905002987,NICLBSL,42,29,10,"1,726.00","17,260.00"
2021-04-29,2021042905002986,NICLBSL,41,57,200,"1,727.00","345,400.00"
2021-04-29,2021042905002985,NICLBSL,17,41,10,"1,726.00","17,260.00"
2021-04-29,2021042905002514,JLI,55,44,10,845.00,"8,450.00"
2021-04-29,2021042905002510,JLI,34,47,10,849.00,"8,490.00"
2021-04-29,2021042905002509,JLI,57,35,10,847.00,"8,470.00"
2021-04-29,2021042905002508,JLI,55,58,10,845.00,"8,450.00"
2021-04-29,2021042905002507,JLI,59,58,10,845.00,"8,450.00"
2021-04-29,2021042905002506,JLI,58,1,10,848.00,"8,480.00"
2021-04-29,2021042905002019,JLI,40,21,10,854.00,"8,540.00"
2021-04-29,2021042905002018,JLI,40,14,10,855.00,"8,550.00"
2021-04-29,2021042905002016,JLI,40,16,10,854.00,"8,540.00"
2021-04-29,2021042905002033,JLI,40,52,10,854.00,"8,540.00"
2021-04-29,2021042905002031,JLI,40,58,10,854.00,"8,540.00"
2021-04-29,2021042905002030,JLI,40,14,10,854.00,"8,540.00"
2021-04-29,2021042905002029,JLI,40,21,10,854.00,"8,540.00"
2021-04-29,2021042905002028,JLI,40,11,10,854.00,"8,540.00"
2021-04-29,2021042905002026,JLI,40,21,10,854.00,"8,540.00"
2021-04-29,2021042905002039,JLI,39,22,10,854.00,"8,540.00"
2021-04-29,2021042905002038,JLI,39,47,10,854.00,"8,540.00"
2021-04-29,2021042905002037,JLI,39,58,10,854.00,"8,540.00"
2021-04-29,2021042905002036,JLI,22,14,10,855.00,"8,550.00"
2021-04-29,2021042905002035,JLI,39,11,10,854.00,"8,540.00"
2021-04-29,2021042905002034,JLI,7,21,10,853.00,"8,530.00"
2021-04-29,2021042905002046,JLI,40,59,10,855.00,"8,550.00"
2021-04-29,2021042905002045,JLI,40,14,50,855.00,"42,750.00"
2021-04-29,2021042905002044,JLI,40,21,10,854.00,"8,540.00"
2021-04-29,2021042905002043,JLI,7,21,10,853.00,"8,530.00"
2021-04-29,2021042905002042,JLI,39,21,10,854.00,"8,540.00"
2021-04-29,2021042905002040,JLI,39,21,10,854.00,"8,540.00"
2021-04-29,2021042905002052,JLI,40,10,10,855.00,"8,550.00"
2021-04-29,2021042905002051,JLI,40,33,10,855.00,"8,550.00"
2021-04-29,2021042905002050,JLI,40,50,10,855.00,"8,550.00"
2021-04-29,2021042905002049,JLI,40,6,10,855.00,"8,550.00"
2021-04-29,2021042905002048,JLI,40,48,10,855.00,"8,550.00"
2021-04-29,2021042905002047,JLI,40,41,10,855.00,"8,550.00"
2021-04-29,2021042905002058,JLI,40,52,10,855.00,"8,550.00"
2021-04-29,2021042905002057,JLI,40,25,10,855.00,"8,550.00"
2021-04-29,2021042905002056,JLI,40,54,10,855.00,"8,550.00"
2021-04-29,2021042905002055,JLI,40,58,10,855.00,"8,550.00"
2021-04-29,2021042905002054,JLI,40,33,10,855.00,"8,550.00"
2021-04-29,2021042905002053,JLI,40,6,10,855.00,"8,550.00"
2021-04-29,2021042905002070,JLI,21,39,10,853.00,"8,530.00"
2021-04-29,2021042905002069,JLI,13,58,10,853.00,"8,530.00"
2021-04-29,2021042905002068,JLI,13,16,10,853.00,"8,530.00"
2021-04-29,2021042905002065,JLI,13,16,10,853.00,"8,530.00"
2021-04-29,2021042905002062,JLI,13,43,10,853.00,"8,530.00"
2021-04-29,2021042905002059,JLI,40,37,10,855.00,"8,550.00"
2021-04-29,2021042905002079,JLI,40,51,10,852.00,"8,520.00"
2021-04-29,2021042905002078,JLI,21,28,10,853.00,"8,530.00"
2021-04-29,2021042905002077,JLI,45,28,10,854.00,"8,540.00"
2021-04-29,2021042905002076,JLI,45,57,10,854.00,"8,540.00"
2021-04-29,2021042905002074,JLI,21,46,10,853.00,"8,530.00"
2021-04-29,2021042905002073,JLI,21,16,10,853.00,"8,530.00"
2021-04-29,2021042905002088,JLI,40,29,10,852.00,"8,520.00"
2021-04-29,2021042905002085,JLI,40,32,10,852.00,"8,520.00"
2021-04-29,2021042905002084,JLI,17,29,10,853.00,"8,530.00"
2021-04-29,2021042905002082,JLI,17,39,20,853.00,"17,060.00"
2021-04-29,2021042905002081,JLI,17,59,10,853.00,"8,530.00"
2021-04-29,2021042905002080,JLI,17,16,10,853.00,"8,530.00"
2021-04-29,2021042905002097,JLI,40,38,10,852.00,"8,520.00"
2021-04-29,2021042905002096,JLI,40,16,10,852.00,"8,520.00"
2021-04-29,2021042905002093,JLI,40,55,10,852.00,"8,520.00"
2021-04-29,2021042905002092,JLI,40,16,10,852.00,"8,520.00"
2021-04-29,2021042905002090,JLI,40,29,10,852.00,"8,520.00"
2021-04-29,2021042905002089,JLI,40,54,10,852.00,"8,520.00"
2021-04-29,2021042905002107,JLI,40,36,10,852.00,"8,520.00"
2021-04-29,2021042905002106,JLI,40,16,10,852.00,"8,520.00"
2021-04-29,2021042905002103,JLI,40,59,10,852.00,"8,520.00"
2021-04-29,2021042905002102,JLI,40,16,10,852.00,"8,520.00"
2021-04-29,2021042905002100,JLI,40,16,10,852.00,"8,520.00"
2021-04-29,2021042905002098,JLI,40,16,10,852.00,"8,520.00"
2021-04-29,2021042905002114,JLI,40,16,10,852.00,"8,520.00"
2021-04-29,2021042905002113,JLI,13,16,10,853.00,"8,530.00"
2021-04-29,2021042905002112,JLI,13,45,10,853.00,"8,530.00"
2021-04-29,2021042905002111,JLI,13,16,10,853.00,"8,530.00"
2021-04-29,2021042905002110,JLI,40,36,10,852.00,"8,520.00"
2021-04-29,2021042905002109,JLI,40,39,10,852.00,"8,520.00"
2021-04-29,2021042905002138,JLI,41,17,10,851.00,"8,510.00"
2021-04-29,2021042905002123,JLI,41,45,10,851.00,"8,510.00"
2021-04-29,2021042905002121,JLI,40,17,10,852.00,"8,520.00"
2021-04-29,2021042905002119,JLI,8,32,10,853.00,"8,530.00"
2021-04-29,2021042905002118,JLI,8,41,10,853.00,"8,530.00"
2021-04-29,2021042905002115,JLI,40,8,10,852.00,"8,520.00"
2021-04-29,2021042905002148,JLI,41,36,10,851.00,"8,510.00"
2021-04-29,2021042905002145,JLI,41,17,10,851.00,"8,510.00"
2021-04-29,2021042905002143,JLI,41,28,10,851.00,"8,510.00"
2021-04-29,2021042905002141,JLI,41,16,10,851.00,"8,510.00"
2021-04-29,2021042905002140,JLI,41,6,10,851.00,"8,510.00"
2021-04-29,2021042905002139,JLI,41,33,10,851.00,"8,510.00"
2021-04-29,2021042905002165,JLI,34,28,10,850.00,"8,500.00"
2021-04-29,2021042905002155,JLI,34,58,10,850.00,"8,500.00"
2021-04-29,2021042905002154,JLI,34,42,10,850.00,"8,500.00"
2021-04-29,2021042905002153,JLI,34,6,10,850.00,"8,500.00"
2021-04-29,2021042905002151,JLI,41,17,10,851.00,"8,510.00"
2021-04-29,2021042905002150,JLI,41,44,10,851.00,"8,510.00"
2021-04-29,2021042905002174,JLI,58,21,10,850.00,"8,500.00"
2021-04-29,2021042905002173,JLI,52,28,10,850.00,"8,500.00"
2021-04-29,2021042905002171,JLI,52,53,10,850.00,"8,500.00"
2021-04-29,2021042905002170,JLI,52,57,10,850.00,"8,500.00"
2021-04-29,2021042905002169,JLI,49,6,10,851.00,"8,510.00"
2021-04-29,2021042905002168,JLI,34,38,10,850.00,"8,500.00"
2021-04-29,2021042905002182,JLI,36,58,10,851.00,"8,510.00"
2021-04-29,2021042905002181,JLI,36,35,10,851.00,"8,510.00"
2021-04-29,2021042905002180,JLI,36,6,10,851.00,"8,510.00"
2021-04-29,2021042905002179,JLI,36,58,10,851.00,"8,510.00"
2021-04-29,2021042905002177,JLI,19,21,10,850.00,"8,500.00"
2021-04-29,2021042905002176,JLI,19,36,10,850.00,"8,500.00"
2021-04-29,2021042905002188,JLI,36,7,10,851.00,"8,510.00"
2021-04-29,2021042905002187,JLI,36,28,10,851.00,"8,510.00"
2021-04-29,2021042905002186,JLI,36,16,10,851.00,"8,510.00"
2021-04-29,2021042905002185,JLI,36,16,10,851.00,"8,510.00"
2021-04-29,2021042905002184,JLI,36,28,10,851.00,"8,510.00"
2021-04-29,2021042905002183,JLI,36,16,10,851.00,"8,510.00"
2021-04-29,2021042905002199,JLI,19,35,10,850.00,"8,500.00"
2021-04-29,2021042905002197,JLI,19,42,10,850.00,"8,500.00"
2021-04-29,2021042905002194,JLI,19,35,10,850.00,"8,500.00"
2021-04-29,2021042905002193,JLI,19,42,10,850.00,"8,500.00"
2021-04-29,2021042905002192,JLI,19,38,10,850.00,"8,500.00"
2021-04-29,2021042905002190,JLI,19,28,10,850.00,"8,500.00"
2021-04-29,2021042905002206,JLI,3,40,10,849.00,"8,490.00"
2021-04-29,2021042905002205,JLI,3,36,10,849.00,"8,490.00"
2021-04-29,2021042905002204,JLI,3,42,10,849.00,"8,490.00"
2021-04-29,2021042905002203,JLI,45,36,10,849.00,"8,490.00"
2021-04-29,2021042905002202,JLI,19,42,10,850.00,"8,500.00"
2021-04-29,2021042905002201,JLI,19,42,10,850.00,"8,500.00"
2021-04-29,2021042905002219,JLI,3,41,10,849.00,"8,490.00"
2021-04-29,2021042905002215,JLI,45,28,10,850.00,"8,500.00"
2021-04-29,2021042905002214,JLI,45,45,10,850.00,"8,500.00"
2021-04-29,2021042905002212,JLI,45,34,10,850.00,"8,500.00"
2021-04-29,2021042905002211,JLI,45,43,10,850.00,"8,500.00"
2021-04-29,2021042905002207,JLI,45,58,10,850.00,"8,500.00"
2021-04-29,2021042905002231,JLI,7,36,10,848.00,"8,480.00"
2021-04-29,2021042905002228,JLI,3,34,120,849.00,"101,880.00"
2021-04-29,2021042905002223,JLI,3,8,10,849.00,"8,490.00"
2021-04-29,2021042905002222,JLI,3,36,10,849.00,"8,490.00"
2021-04-29,2021042905002221,JLI,3,50,10,849.00,"8,490.00"
2021-04-29,2021042905002220,JLI,3,49,10,849.00,"8,490.00"
2021-04-29,2021042905002251,JLI,25,38,10,845.00,"8,450.00"
2021-04-29,2021042905002247,JLI,58,36,30,846.00,"25,380.00"
2021-04-29,2021042905002245,JLI,58,38,10,846.00,"8,460.00"
2021-04-29,2021042905002242,JLI,58,58,10,846.00,"8,460.00"
2021-04-29,2021042905002234,JLI,25,41,10,845.00,"8,450.00"
2021-04-29,2021042905002233,JLI,25,28,10,845.00,"8,450.00"
2021-04-29,2021042905002258,JLI,14,36,10,843.00,"8,430.00"
2021-04-29,2021042905002257,JLI,14,58,10,843.00,"8,430.00"
2021-04-29,2021042905002256,JLI,45,47,10,843.00,"8,430.00"
2021-04-29,2021042905002255,JLI,35,34,100,845.00,"84,500.00"
2021-04-29,2021042905002254,JLI,25,38,10,845.00,"8,450.00"
2021-04-29,2021042905002253,JLI,25,7,10,845.00,"8,450.00"
2021-04-29,2021042905002264,JLI,14,28,10,843.00,"8,430.00"
2021-04-29,2021042905002263,JLI,28,37,30,845.00,"25,350.00"
2021-04-29,2021042905002262,JLI,14,38,10,843.00,"8,430.00"
2021-04-29,2021042905002261,JLI,14,22,10,843.00,"8,430.00"
2021-04-29,2021042905002260,JLI,7,37,10,845.00,"8,450.00"
2021-04-29,2021042905002259,JLI,38,37,10,845.00,"8,450.00"
2021-04-29,2021042905002271,JLI,45,46,10,843.00,"8,430.00"
2021-04-29,2021042905002270,JLI,14,45,10,843.00,"8,430.00"
2021-04-29,2021042905002268,JLI,14,43,10,843.00,"8,430.00"
2021-04-29,2021042905002267,JLI,14,19,10,843.00,"8,430.00"
2021-04-29,2021042905002266,JLI,14,45,10,843.00,"8,430.00"
2021-04-29,2021042905002265,JLI,14,58,10,843.00,"8,430.00"
2021-04-29,2021042905002283,JLI,45,41,30,843.00,"25,290.00"
2021-04-29,2021042905002282,JLI,53,41,10,845.00,"8,450.00"
2021-04-29,2021042905002281,JLI,53,19,10,845.00,"8,450.00"
2021-04-29,2021042905002280,JLI,53,38,10,845.00,"8,450.00"
2021-04-29,2021042905002279,JLI,53,57,10,845.00,"8,450.00"
2021-04-29,2021042905002277,JLI,45,14,10,843.00,"8,430.00"
2021-04-29,2021042905002291,JLI,34,42,10,846.00,"8,460.00"
2021-04-29,2021042905002290,JLI,34,26,10,846.00,"8,460.00"
2021-04-29,2021042905002289,JLI,34,36,90,846.00,"76,140.00"
2021-04-29,2021042905002288,JLI,34,46,10,843.00,"8,430.00"
2021-04-29,2021042905002285,JLI,40,41,470,842.00,"395,740.00"
2021-04-29,2021042905002284,JLI,46,41,30,842.00,"25,260.00"
2021-04-29,2021042905002300,JLI,34,58,10,846.00,"8,460.00"
2021-04-29,2021042905002298,JLI,34,34,10,846.00,"8,460.00"
2021-04-29,2021042905002297,JLI,34,19,10,846.00,"8,460.00"
2021-04-29,2021042905002295,JLI,34,59,10,846.00,"8,460.00"
2021-04-29,2021042905002294,JLI,51,58,10,848.00,"8,480.00"
2021-04-29,2021042905002293,JLI,34,5,10,846.00,"8,460.00"
2021-04-29,2021042905002309,JLI,38,58,10,843.00,"8,430.00"
2021-04-29,2021042905002307,JLI,34,36,10,843.00,"8,430.00"
2021-04-29,2021042905002304,JLI,34,59,10,843.00,"8,430.00"
2021-04-29,2021042905002303,JLI,34,4,10,843.00,"8,430.00"
2021-04-29,2021042905002302,JLI,35,34,10,846.00,"8,460.00"
2021-04-29,2021042905002301,JLI,34,34,30,846.00,"25,380.00"
2021-04-29,2021042905002324,JLI,40,25,10,842.00,"8,420.00"
2021-04-29,2021042905002321,JLI,40,34,10,842.00,"8,420.00"
2021-04-29,2021042905002320,JLI,40,45,10,842.00,"8,420.00"
2021-04-29,2021042905002319,JLI,8,38,10,844.00,"8,440.00"
2021-04-29,2021042905002318,JLI,8,34,10,844.00,"8,440.00"
2021-04-29,2021042905002316,JLI,38,28,10,843.00,"8,430.00"
2021-04-29,2021042905002337,JLI,34,3,10,840.00,"8,400.00"
2021-04-29,2021042905002334,JLI,34,21,10,840.00,"8,400.00"
2021-04-29,2021042905002333,JLI,34,3,10,840.00,"8,400.00"
2021-04-29,2021042905002331,JLI,34,34,10,840.00,"8,400.00"
2021-04-29,2021042905002329,JLI,38,22,10,841.00,"8,410.00"
2021-04-29,2021042905002326,JLI,38,58,10,841.00,"8,410.00"
2021-04-29,2021042905002343,JLI,21,38,10,842.00,"8,420.00"
2021-04-29,2021042905002342,JLI,34,38,10,840.00,"8,400.00"
2021-04-29,2021042905002341,JLI,34,3,10,840.00,"8,400.00"
2021-04-29,2021042905002340,JLI,34,34,10,840.00,"8,400.00"
2021-04-29,2021042905002339,JLI,34,22,10,840.00,"8,400.00"
2021-04-29,2021042905002338,JLI,34,38,10,840.00,"8,400.00"
2021-04-29,2021042905002354,JLI,42,52,10,842.00,"8,420.00"
2021-04-29,2021042905002351,JLI,19,36,10,840.00,"8,400.00"
2021-04-29,2021042905002350,JLI,21,13,10,842.00,"8,420.00"
2021-04-29,2021042905002346,JLI,34,22,10,840.00,"8,400.00"
2021-04-29,2021042905002345,JLI,21,19,10,842.00,"8,420.00"
2021-04-29,2021042905002344,JLI,21,6,10,842.00,"8,420.00"
2021-04-29,2021042905002379,JLI,8,49,10,843.00,"8,430.00"
2021-04-29,2021042905002375,JLI,8,45,10,843.00,"8,430.00"
2021-04-29,2021042905002374,JLI,55,49,10,842.00,"8,420.00"
2021-04-29,2021042905002370,JLI,42,36,10,842.00,"8,420.00"
2021-04-29,2021042905002369,JLI,45,51,10,841.00,"8,410.00"
2021-04-29,2021042905002356,JLI,45,49,10,841.00,"8,410.00"
2021-04-29,2021042905002388,JLI,58,58,10,843.00,"8,430.00"
2021-04-29,2021042905002387,JLI,55,21,10,842.00,"8,420.00"
2021-04-29,2021042905002386,JLI,55,49,10,842.00,"8,420.00"
2021-04-29,2021042905002383,JLI,55,56,10,842.00,"8,420.00"
2021-04-29,2021042905002382,JLI,55,49,10,842.00,"8,420.00"
2021-04-29,2021042905002381,JLI,8,49,10,843.00,"8,430.00"
2021-04-29,2021042905002398,JLI,40,16,10,843.00,"8,430.00"
2021-04-29,2021042905002395,JLI,40,58,10,843.00,"8,430.00"
2021-04-29,2021042905002394,JLI,55,47,10,842.00,"8,420.00"
2021-04-29,2021042905002392,JLI,55,21,10,842.00,"8,420.00"
2021-04-29,2021042905002391,JLI,55,21,10,842.00,"8,420.00"
2021-04-29,2021042905002390,JLI,55,57,10,842.00,"8,420.00"
2021-04-29,2021042905002407,JLI,40,47,10,843.00,"8,430.00"
2021-04-29,2021042905002404,JLI,40,58,10,843.00,"8,430.00"
2021-04-29,2021042905002403,JLI,40,49,10,843.00,"8,430.00"
2021-04-29,2021042905002402,JLI,40,10,10,843.00,"8,430.00"
2021-04-29,2021042905002400,JLI,40,21,10,843.00,"8,430.00"
2021-04-29,2021042905002399,JLI,40,57,10,843.00,"8,430.00"
2021-04-29,2021042905002415,JLI,40,58,10,843.00,"8,430.00"
2021-04-29,2021042905002414,JLI,58,58,10,844.00,"8,440.00"
2021-04-29,2021042905002413,JLI,58,47,20,844.00,"16,880.00"
2021-04-29,2021042905002412,JLI,58,38,10,844.00,"8,440.00"
2021-04-29,2021042905002411,JLI,58,49,10,844.00,"8,440.00"
2021-04-29,2021042905002410,JLI,40,56,10,843.00,"8,430.00"
2021-04-29,2021042905002427,JLI,34,58,10,844.00,"8,440.00"
2021-04-29,2021042905002424,JLI,45,57,10,843.00,"8,430.00"
2021-04-29,2021042905002423,JLI,51,45,10,845.00,"8,450.00"
2021-04-29,2021042905002420,JLI,45,49,10,843.00,"8,430.00"
2021-04-29,2021042905002418,JLI,45,52,10,843.00,"8,430.00"
2021-04-29,2021042905002417,JLI,55,34,10,842.00,"8,420.00"
2021-04-29,2021042905002440,JLI,34,52,10,844.00,"8,440.00"
2021-04-29,2021042905002439,JLI,34,7,10,844.00,"8,440.00"
2021-04-29,2021042905002433,JLI,34,58,10,844.00,"8,440.00"
2021-04-29,2021042905002432,JLI,34,52,10,844.00,"8,440.00"
2021-04-29,2021042905002429,JLI,34,47,10,844.00,"8,440.00"
2021-04-29,2021042905002428,JLI,34,21,10,844.00,"8,440.00"
2021-04-29,2021042905002450,JLI,45,58,10,843.00,"8,430.00"
2021-04-29,2021042905002448,JLI,45,17,10,843.00,"8,430.00"
2021-04-29,2021042905002446,JLI,45,58,10,843.00,"8,430.00"
2021-04-29,2021042905002444,JLI,34,58,10,844.00,"8,440.00"
2021-04-29,2021042905002442,JLI,34,44,10,844.00,"8,440.00"
2021-04-29,2021042905002441,JLI,34,58,10,844.00,"8,440.00"
2021-04-29,2021042905002456,JLI,59,49,10,845.00,"8,450.00"
2021-04-29,2021042905002455,JLI,59,16,10,845.00,"8,450.00"
2021-04-29,2021042905002454,JLI,59,35,10,844.00,"8,440.00"
2021-04-29,2021042905002453,JLI,59,44,10,844.00,"8,440.00"
2021-04-29,2021042905002452,JLI,45,7,10,843.00,"8,430.00"
2021-04-29,2021042905002451,JLI,45,45,10,843.00,"8,430.00"
2021-04-29,2021042905002463,JLI,59,56,10,845.00,"8,450.00"
2021-04-29,2021042905002462,JLI,59,44,10,845.00,"8,450.00"
2021-04-29,2021042905002460,JLI,59,13,10,845.00,"8,450.00"
2021-04-29,2021042905002459,JLI,59,57,10,845.00,"8,450.00"
2021-04-29,2021042905002458,JLI,59,14,10,845.00,"8,450.00"
2021-04-29,2021042905002457,JLI,59,58,10,845.00,"8,450.00"
2021-04-29,2021042905002472,JLI,59,14,10,845.00,"8,450.00"
2021-04-29,2021042905002471,JLI,59,58,10,845.00,"8,450.00"
2021-04-29,2021042905002470,JLI,59,17,10,845.00,"8,450.00"
2021-04-29,2021042905002468,JLI,59,44,10,845.00,"8,450.00"
2021-04-29,2021042905002467,JLI,59,7,10,845.00,"8,450.00"
2021-04-29,2021042905002464,JLI,59,32,10,845.00,"8,450.00"
2021-04-29,2021042905002480,JLI,59,29,10,845.00,"8,450.00"
2021-04-29,2021042905002479,JLI,34,39,10,846.00,"8,460.00"
2021-04-29,2021042905002478,JLI,59,44,10,845.00,"8,450.00"
2021-04-29,2021042905002477,JLI,59,48,10,845.00,"8,450.00"
2021-04-29,2021042905002476,JLI,34,34,10,846.00,"8,460.00"
2021-04-29,2021042905002473,JLI,34,34,10,846.00,"8,460.00"
2021-04-29,2021042905002491,JLI,5,44,10,847.00,"8,470.00"
2021-04-29,2021042905002488,JLI,5,58,10,846.00,"8,460.00"
2021-04-29,2021042905002485,JLI,59,16,10,845.00,"8,450.00"
2021-04-29,2021042905002483,JLI,59,36,10,845.00,"8,450.00"
2021-04-29,2021042905002482,JLI,59,33,10,845.00,"8,450.00"
2021-04-29,2021042905002481,JLI,59,16,10,845.00,"8,450.00"
2021-04-29,2021042905002498,JLI,59,39,10,845.00,"8,450.00"
2021-04-29,2021042905002497,JLI,59,57,10,845.00,"8,450.00"
2021-04-29,2021042905002496,JLI,59,21,10,845.00,"8,450.00"
2021-04-29,2021042905002495,JLI,34,26,10,848.00,"8,480.00"
2021-04-29,2021042905002493,JLI,59,28,10,845.00,"8,450.00"
2021-04-29,2021042905002492,JLI,59,49,10,845.00,"8,450.00"
2021-04-29,2021042905002505,JLI,58,44,10,848.00,"8,480.00"
2021-04-29,2021042905002504,JLI,58,45,10,848.00,"8,480.00"
2021-04-29,2021042905002503,JLI,34,58,10,848.00,"8,480.00"
2021-04-29,2021042905002502,JLI,34,58,10,848.00,"8,480.00"
2021-04-29,2021042905002501,JLI,34,19,10,848.00,"8,480.00"
2021-04-29,2021042905002500,JLI,59,4,10,845.00,"8,450.00"
2021-04-29,2021042905002396,MLBSL,57,32,10,"3,125.00","31,250.00"
2021-04-29,2021042905002389,MLBSL,57,59,10,"3,125.00","31,250.00"
2021-04-29,2021042905002373,MLBSL,57,19,10,"3,125.00","31,250.00"
2021-04-29,2021042905002349,MLBSL,57,22,10,"3,125.00","31,250.00"
2021-04-29,2021042905002347,MLBSL,57,44,10,"3,125.00","31,250.00"
2021-04-29,2021042905002317,MLBSL,57,49,10,"3,125.00","31,250.00"
2021-04-29,2021042905002104,MLBSL,57,59,10,"3,125.00","31,250.00"
2021-04-29,2021042905002306,MLBSL,57,33,10,"3,125.00","31,250.00"
2021-04-29,2021042905002296,MLBSL,57,51,10,"3,125.00","31,250.00"
2021-04-29,2021042905002292,MLBSL,57,19,10,"3,125.00","31,250.00"
2021-04-29,2021042905002210,MLBSL,57,52,10,"3,125.00","31,250.00"
2021-04-29,2021042905002166,MLBSL,6,47,5,"3,125.00","15,625.00"
2021-04-29,2021042905002163,MLBSL,21,47,5,"3,125.00","15,625.00"
2021-04-29,2021042905002515,NICLBSL,21,7,10,"1,729.00","17,290.00"
2021-04-29,2021042905002513,NICLBSL,50,7,160,"1,729.00","276,640.00"
2021-04-29,2021042905002512,NICLBSL,50,21,40,"1,729.00","69,160.00"
2021-04-29,2021042905002511,NICLBSL,34,7,25,"1,729.00","43,225.00"
2021-04-29,2021042905002499,NICLBSL,35,58,30,"1,729.00","51,870.00"
2021-04-29,2021042905002494,NICLBSL,21,39,10,"1,728.00","17,280.00"
2021-04-29,2021042905002022,NICLBSL,48,29,10,"1,733.00","17,330.00"
2021-04-29,2021042905002021,NICLBSL,48,47,10,"1,731.00","17,310.00"
2021-04-29,2021042905002020,NICLBSL,48,47,10,"1,731.00","17,310.00"
2021-04-29,2021042905002017,NICLBSL,34,58,10,"1,730.00","17,300.00"
2021-04-29,2021042905002041,NICLBSL,56,29,10,"1,733.00","17,330.00"
2021-04-29,2021042905002032,NICLBSL,56,33,10,"1,733.00","17,330.00"
2021-04-29,2021042905002027,NICLBSL,56,6,10,"1,733.00","17,330.00"
2021-04-29,2021042905002025,NICLBSL,56,8,10,"1,733.00","17,330.00"
2021-04-29,2021042905002024,NICLBSL,48,3,10,"1,733.00","17,330.00"
2021-04-29,2021042905002023,NICLBSL,48,32,10,"1,733.00","17,330.00"
2021-04-29,2021042905002067,NICLBSL,34,39,10,"1,730.00","17,300.00"
2021-04-29,2021042905002066,NICLBSL,34,41,10,"1,730.00","17,300.00"
2021-04-29,2021042905002064,NICLBSL,56,22,10,"1,733.00","17,330.00"
2021-04-29,2021042905002063,NICLBSL,56,6,10,"1,733.00","17,330.00"
2021-04-29,2021042905002061,NICLBSL,56,14,20,"1,733.00","34,660.00"
2021-04-29,2021042905002060,NICLBSL,56,45,20,"1,733.00","34,660.00"
2021-04-29,2021042905002087,NICLBSL,43,57,50,"1,730.00","86,500.00"
2021-04-29,2021042905002086,NICLBSL,43,49,20,"1,730.00","34,600.00"
2021-04-29,2021042905002083,NICLBSL,43,39,10,"1,730.00","17,300.00"
2021-04-29,2021042905002075,NICLBSL,43,41,10,"1,730.00","17,300.00"
2021-04-29,2021042905002072,NICLBSL,43,41,10,"1,730.00","17,300.00"
2021-04-29,2021042905002071,NICLBSL,43,1,10,"1,730.00","17,300.00"
2021-04-29,2021042905002105,NICLBSL,43,36,10,"1,730.00","17,300.00"
2021-04-29,2021042905002101,NICLBSL,43,39,10,"1,730.00","17,300.00"
2021-04-29,2021042905002099,NICLBSL,43,58,10,"1,730.00","17,300.00"
2021-04-29,2021042905002095,NICLBSL,43,6,10,"1,730.00","17,300.00"
2021-04-29,2021042905002094,NICLBSL,43,45,10,"1,730.00","17,300.00"
2021-04-29,2021042905002091,NICLBSL,43,6,10,"1,730.00","17,300.00"
2021-04-29,2021042905002124,NICLBSL,11,39,10,"1,732.00","17,320.00"
2021-04-29,2021042905002122,NICLBSL,48,44,20,"1,731.00","34,620.00"
2021-04-29,2021042905002120,NICLBSL,48,44,10,"1,731.00","17,310.00"
2021-04-29,2021042905002117,NICLBSL,48,29,10,"1,731.00","17,310.00"
2021-04-29,2021042905002116,NICLBSL,48,20,10,"1,731.00","17,310.00"
2021-04-29,2021042905002108,NICLBSL,43,59,10,"1,730.00","17,300.00"
2021-04-29,2021042905002130,NICLBSL,11,34,10,"1,734.00","17,340.00"
2021-04-29,2021042905002129,NICLBSL,11,57,10,"1,734.00","17,340.00"
2021-04-29,2021042905002128,NICLBSL,11,48,10,"1,734.00","17,340.00"
2021-04-29,2021042905002127,NICLBSL,11,48,10,"1,734.00","17,340.00"
2021-04-29,2021042905002126,NICLBSL,11,47,10,"1,734.00","17,340.00"
2021-04-29,2021042905002125,NICLBSL,11,45,10,"1,733.00","17,330.00"
2021-04-29,2021042905002136,NICLBSL,11,59,10,"1,735.00","17,350.00"
2021-04-29,2021042905002135,NICLBSL,11,37,10,"1,735.00","17,350.00"
2021-04-29,2021042905002134,NICLBSL,11,21,10,"1,735.00","17,350.00"
2021-04-29,2021042905002133,NICLBSL,11,59,10,"1,735.00","17,350.00"
2021-04-29,2021042905002132,NICLBSL,11,53,75,"1,735.00","130,125.00"
2021-04-29,2021042905002131,NICLBSL,11,34,10,"1,735.00","17,350.00"
2021-04-29,2021042905002149,NICLBSL,11,44,20,"1,735.00","34,700.00"
2021-04-29,2021042905002147,NICLBSL,11,17,43,"1,735.00","74,605.00"
2021-04-29,2021042905002146,NICLBSL,11,17,25,"1,735.00","43,375.00"
2021-04-29,2021042905002144,NICLBSL,11,45,10,"1,735.00","17,350.00"
2021-04-29,2021042905002142,NICLBSL,11,6,10,"1,735.00","17,350.00"
2021-04-29,2021042905002137,NICLBSL,11,41,10,"1,735.00","17,350.00"
2021-04-29,2021042905002160,NICLBSL,11,44,20,"1,735.00","34,700.00"
2021-04-29,2021042905002159,NICLBSL,41,36,10,"1,736.00","17,360.00"
2021-04-29,2021042905002158,NICLBSL,41,46,10,"1,736.00","17,360.00"
2021-04-29,2021042905002157,NICLBSL,41,34,45,"1,736.00","78,120.00"
2021-04-29,2021042905002156,NICLBSL,6,34,20,"1,736.00","34,720.00"
2021-04-29,2021042905002152,NICLBSL,11,51,10,"1,735.00","17,350.00"
2021-04-29,2021042905002175,NICLBSL,47,36,10,"1,736.00","17,360.00"
2021-04-29,2021042905002172,NICLBSL,11,51,15,"1,735.00","26,025.00"
2021-04-29,2021042905002167,NICLBSL,11,41,10,"1,735.00","17,350.00"
2021-04-29,2021042905002164,NICLBSL,56,36,10,"1,737.00","17,370.00"
2021-04-29,2021042905002162,NICLBSL,56,52,10,"1,737.00","17,370.00"
2021-04-29,2021042905002161,NICLBSL,56,29,10,"1,736.00","17,360.00"
2021-04-29,2021042905002198,NICLBSL,11,36,10,"1,735.00","17,350.00"
2021-04-29,2021042905002196,NICLBSL,47,36,10,"1,736.00","17,360.00"
2021-04-29,2021042905002195,NICLBSL,11,58,10,"1,735.00","17,350.00"
2021-04-29,2021042905002191,NICLBSL,11,6,10,"1,735.00","17,350.00"
2021-04-29,2021042905002189,NICLBSL,11,57,10,"1,735.00","17,350.00"
2021-04-29,2021042905002178,NICLBSL,11,49,10,"1,735.00","17,350.00"
2021-04-29,2021042905002217,NICLBSL,11,39,10,"1,735.00","17,350.00"
2021-04-29,2021042905002216,NICLBSL,11,40,10,"1,735.00","17,350.00"
2021-04-29,2021042905002213,NICLBSL,11,29,20,"1,735.00","34,700.00"
2021-04-29,2021042905002209,NICLBSL,11,19,10,"1,735.00","17,350.00"
2021-04-29,2021042905002208,NICLBSL,11,36,10,"1,735.00","17,350.00"
2021-04-29,2021042905002200,NICLBSL,11,29,10,"1,735.00","17,350.00"
2021-04-29,2021042905002229,NICLBSL,43,41,10,"1,735.00","17,350.00"
2021-04-29,2021042905002227,NICLBSL,43,29,10,"1,735.00","17,350.00"
2021-04-29,2021042905002226,NICLBSL,43,16,10,"1,735.00","17,350.00"
2021-04-29,2021042905002225,NICLBSL,11,40,10,"1,735.00","17,350.00"
2021-04-29,2021042905002224,NICLBSL,19,36,10,"1,735.00","17,350.00"
2021-04-29,2021042905002218,NICLBSL,11,36,10,"1,735.00","17,350.00"
2021-04-29,2021042905002238,NICLBSL,47,36,10,"1,736.00","17,360.00"
2021-04-29,2021042905002237,NICLBSL,43,41,10,"1,735.00","17,350.00"
2021-04-29,2021042905002236,NICLBSL,25,36,10,"1,736.00","17,360.00"
2021-04-29,2021042905002235,NICLBSL,25,36,10,"1,736.00","17,360.00"
2021-04-29,2021042905002232,NICLBSL,43,58,10,"1,735.00","17,350.00"
2021-04-29,2021042905002230,NICLBSL,43,36,10,"1,735.00","17,350.00"
2021-04-29,2021042905002246,NICLBSL,48,36,10,"1,731.00","17,310.00"
2021-04-29,2021042905002244,NICLBSL,48,44,20,"1,731.00","34,620.00"
2021-04-29,2021042905002243,NICLBSL,22,34,119,"1,735.00","206,465.00"
2021-04-29,2021042905002241,NICLBSL,22,36,10,"1,735.00","17,350.00"
2021-04-29,2021042905002240,NICLBSL,47,36,10,"1,736.00","17,360.00"
2021-04-29,2021042905002239,NICLBSL,47,36,10,"1,736.00","17,360.00"
2021-04-29,2021042905002272,NICLBSL,34,36,10,"1,731.00","17,310.00"
2021-04-29,2021042905002269,NICLBSL,19,4,10,"1,731.00","17,310.00"
2021-04-29,2021042905002252,NICLBSL,59,44,20,"1,731.00","34,620.00"
2021-04-29,2021042905002250,NICLBSL,59,21,10,"1,731.00","17,310.00"
2021-04-29,2021042905002249,NICLBSL,48,36,10,"1,731.00","17,310.00"
2021-04-29,2021042905002248,NICLBSL,48,49,10,"1,731.00","17,310.00"
2021-04-29,2021042905002286,NICLBSL,42,40,10,"1,731.00","17,310.00"
2021-04-29,2021042905002278,NICLBSL,47,51,20,"1,731.00","34,620.00"
2021-04-29,2021042905002276,NICLBSL,43,29,20,"1,730.00","34,600.00"
2021-04-29,2021042905002275,NICLBSL,34,59,10,"1,735.00","17,350.00"
2021-04-29,2021042905002274,NICLBSL,34,45,10,"1,731.00","17,310.00"
2021-04-29,2021042905002273,NICLBSL,34,26,10,"1,731.00","17,310.00"
2021-04-29,2021042905002311,NICLBSL,48,56,10,"1,735.00","17,350.00"
2021-04-29,2021042905002310,NICLBSL,6,44,10,"1,731.00","17,310.00"
2021-04-29,2021042905002308,NICLBSL,29,44,10,"1,731.00","17,310.00"
2021-04-29,2021042905002305,NICLBSL,29,44,20,"1,731.00","34,620.00"
2021-04-29,2021042905002299,NICLBSL,29,45,10,"1,731.00","17,310.00"
2021-04-29,2021042905002287,NICLBSL,29,58,10,"1,731.00","17,310.00"
2021-04-29,2021042905002323,NICLBSL,55,35,10,"1,732.00","17,320.00"
2021-04-29,2021042905002322,NICLBSL,55,45,10,"1,732.00","17,320.00"
2021-04-29,2021042905002315,NICLBSL,6,45,10,"1,731.00","17,310.00"
2021-04-29,2021042905002314,NICLBSL,48,57,10,"1,736.00","17,360.00"
2021-04-29,2021042905002313,NICLBSL,48,36,10,"1,736.00","17,360.00"
2021-04-29,2021042905002312,NICLBSL,48,47,50,"1,735.00","86,750.00"
2021-04-29,2021042905002335,NICLBSL,55,21,40,"1,730.00","69,200.00"
2021-04-29,2021042905002332,NICLBSL,55,21,10,"1,730.00","17,300.00"
2021-04-29,2021042905002330,NICLBSL,25,55,40,"1,731.00","69,240.00"
2021-04-29,2021042905002328,NICLBSL,50,57,10,"1,731.00","17,310.00"
2021-04-29,2021042905002327,NICLBSL,28,59,10,"1,731.00","17,310.00"
2021-04-29,2021042905002325,NICLBSL,35,59,10,"1,731.00","17,310.00"
2021-04-29,2021042905002357,NICLBSL,34,34,30,"1,730.00","51,900.00"
2021-04-29,2021042905002355,NICLBSL,34,44,10,"1,730.00","17,300.00"
2021-04-29,2021042905002353,NICLBSL,47,55,40,"1,731.00","69,240.00"
2021-04-29,2021042905002352,NICLBSL,34,41,10,"1,730.00","17,300.00"
2021-04-29,2021042905002348,NICLBSL,42,36,10,"1,730.00","17,300.00"
2021-04-29,2021042905002336,NICLBSL,42,21,60,"1,730.00","103,800.00"
2021-04-29,2021042905002363,NICLBSL,41,34,30,"1,730.00","51,900.00"
2021-04-29,2021042905002362,NICLBSL,22,34,10,"1,730.00","17,300.00"
2021-04-29,2021042905002361,NICLBSL,36,34,30,"1,730.00","51,900.00"
2021-04-29,2021042905002360,NICLBSL,47,34,30,"1,730.00","51,900.00"
2021-04-29,2021042905002359,NICLBSL,34,34,50,"1,730.00","86,500.00"
2021-04-29,2021042905002358,NICLBSL,34,34,10,"1,730.00","17,300.00"
2021-04-29,2021042905002371,NICLBSL,57,34,10,"1,730.00","17,300.00"
2021-04-29,2021042905002368,NICLBSL,55,34,50,"1,730.00","86,500.00"
2021-04-29,2021042905002367,NICLBSL,42,34,115,"1,730.00","198,950.00"
2021-04-29,2021042905002366,NICLBSL,34,34,50,"1,730.00","86,500.00"
2021-04-29,2021042905002365,NICLBSL,6,34,50,"1,730.00","86,500.00"
2021-04-29,2021042905002364,NICLBSL,4,34,40,"1,730.00","69,200.00"
2021-04-29,2021042905002384,NICLBSL,35,21,50,"1,727.00","86,350.00"
2021-04-29,2021042905002380,NICLBSL,35,35,10,"1,727.00","17,270.00"
2021-04-29,2021042905002378,NICLBSL,50,51,10,"1,727.00","17,270.00"
2021-04-29,2021042905002377,NICLBSL,22,35,9,"1,727.00","15,543.00"
2021-04-29,2021042905002376,NICLBSL,22,58,10,"1,727.00","17,270.00"
2021-04-29,2021042905002372,NICLBSL,22,56,40,"1,727.00","69,080.00"
2021-04-29,2021042905002406,NICLBSL,13,21,10,"1,728.00","17,280.00"
2021-04-29,2021042905002405,NICLBSL,17,40,30,"1,729.00","51,870.00"
2021-04-29,2021042905002401,NICLBSL,13,33,20,"1,728.00","34,560.00"
2021-04-29,2021042905002397,NICLBSL,13,21,10,"1,728.00","17,280.00"
2021-04-29,2021042905002393,NICLBSL,35,46,10,"1,727.00","17,270.00"
2021-04-29,2021042905002385,NICLBSL,35,56,10,"1,727.00","17,270.00"
2021-04-29,2021042905002422,NICLBSL,38,58,10,"1,728.00","17,280.00"
2021-04-29,2021042905002421,NICLBSL,58,34,10,"1,728.00","17,280.00"
2021-04-29,2021042905002419,NICLBSL,16,56,10,"1,728.00","17,280.00"
2021-04-29,2021042905002416,NICLBSL,13,22,10,"1,728.00","17,280.00"
2021-04-29,2021042905002409,NICLBSL,19,42,10,"1,728.00","17,280.00"
2021-04-29,2021042905002408,NICLBSL,19,51,12,"1,728.00","20,736.00"
2021-04-29,2021042905002435,NICLBSL,22,21,10,"1,727.00","17,270.00"
2021-04-29,2021042905002434,NICLBSL,35,21,10,"1,727.00","17,270.00"
2021-04-29,2021042905002431,NICLBSL,50,55,10,"1,729.00","17,290.00"
2021-04-29,2021042905002430,NICLBSL,50,40,20,"1,729.00","34,580.00"
2021-04-29,2021042905002426,NICLBSL,43,40,50,"1,729.00","86,450.00"
2021-04-29,2021042905002425,NICLBSL,52,33,10,"1,728.00","17,280.00"
2021-04-29,2021042905002447,NICLBSL,58,34,30,"1,730.00","51,900.00"
2021-04-29,2021042905002445,NICLBSL,3,58,10,"1,728.00","17,280.00"
2021-04-29,2021042905002443,NICLBSL,17,34,40,"1,730.00","69,200.00"
2021-04-29,2021042905002438,NICLBSL,49,21,20,"1,727.00","34,540.00"
2021-04-29,2021042905002437,NICLBSL,42,21,50,"1,727.00","86,350.00"
2021-04-29,2021042905002436,NICLBSL,39,21,10,"1,727.00","17,270.00"
2021-04-29,2021042905002474,NICLBSL,25,42,10,"1,729.00","17,290.00"
2021-04-29,2021042905002469,NICLBSL,21,21,20,"1,728.00","34,560.00"
2021-04-29,2021042905002466,NICLBSL,52,34,50,"1,730.00","86,500.00"
2021-04-29,2021042905002465,NICLBSL,39,36,10,"1,729.00","17,290.00"
2021-04-29,2021042905002461,NICLBSL,51,34,11,"1,730.00","19,030.00"
2021-04-29,2021042905002449,NICLBSL,3,26,10,"1,728.00","17,280.00"
2021-04-29,2021042905002490,NICLBSL,41,43,10,"1,729.00","17,290.00"
2021-04-29,2021042905002489,NICLBSL,41,34,100,"1,730.00","173,000.00"
2021-04-29,2021042905002487,NICLBSL,41,56,10,"1,729.00","17,290.00"
2021-04-29,2021042905002486,NICLBSL,41,56,10,"1,729.00","17,290.00"
2021-04-29,2021042905002484,NICLBSL,34,34,10,"1,730.00","17,300.00"
2021-04-29,2021042905002475,NICLBSL,34,34,100,"1,730.00","173,000.00"
2021-04-29,2021042905002015,JLI,40,14,10,855.00,"8,550.00"
2021-04-29,2021042905002014,JLI,40,16,10,854.00,"8,540.00"
2021-04-29,2021042905002013,JLI,40,28,10,854.00,"8,540.00"
2021-04-29,2021042905002012,JLI,40,13,10,854.00,"8,540.00"
2021-04-29,2021042905002011,JLI,40,52,10,854.00,"8,540.00"
2021-04-29,2021042905002010,JLI,40,16,10,854.00,"8,540.00"
2021-04-29,2021042905001516,JLI,45,16,10,832.00,"8,320.00"
2021-04-29,2021042905001522,JLI,42,16,15,831.00,"12,465.00"
2021-04-29,2021042905001521,JLI,29,16,300,831.00,"249,300.00"
2021-04-29,2021042905001520,JLI,21,16,10,831.00,"8,310.00"
2021-04-29,2021042905001519,JLI,57,16,100,831.00,"83,100.00"
2021-04-29,2021042905001518,JLI,49,16,100,831.00,"83,100.00"
2021-04-29,2021042905001517,JLI,6,16,50,831.00,"41,550.00"
2021-04-29,2021042905001531,JLI,41,45,10,833.00,"8,330.00"
2021-04-29,2021042905001530,JLI,41,18,10,833.00,"8,330.00"
2021-04-29,2021042905001527,JLI,41,18,10,833.00,"8,330.00"
2021-04-29,2021042905001526,JLI,41,18,10,833.00,"8,330.00"
2021-04-29,2021042905001524,JLI,26,16,35,830.00,"29,050.00"
2021-04-29,2021042905001523,JLI,56,16,10,831.00,"8,310.00"
2021-04-29,2021042905001538,JLI,59,38,10,836.00,"8,360.00"
2021-04-29,2021042905001537,JLI,59,16,10,836.00,"8,360.00"
2021-04-29,2021042905001536,JLI,59,59,10,835.00,"8,350.00"
2021-04-29,2021042905001535,JLI,59,7,10,834.00,"8,340.00"
2021-04-29,2021042905001534,JLI,41,34,10,833.00,"8,330.00"
2021-04-29,2021042905001532,JLI,41,22,10,833.00,"8,330.00"
2021-04-29,2021042905001545,JLI,41,10,10,833.00,"8,330.00"
2021-04-29,2021042905001544,JLI,41,18,10,833.00,"8,330.00"
2021-04-29,2021042905001543,JLI,41,45,10,833.00,"8,330.00"
2021-04-29,2021042905001542,JLI,41,10,10,833.00,"8,330.00"
2021-04-29,2021042905001540,JLI,59,18,10,836.00,"8,360.00"
2021-04-29,2021042905001539,JLI,59,18,10,836.00,"8,360.00"
2021-04-29,2021042905001556,JLI,32,35,10,837.00,"8,370.00"
2021-04-29,2021042905001555,JLI,32,16,10,835.00,"8,350.00"
2021-04-29,2021042905001552,JLI,58,11,10,834.00,"8,340.00"
2021-04-29,2021042905001550,JLI,58,41,10,834.00,"8,340.00"
2021-04-29,2021042905001547,JLI,41,18,10,833.00,"8,330.00"
2021-04-29,2021042905001546,JLI,41,56,10,833.00,"8,330.00"
2021-04-29,2021042905001562,JLI,32,39,10,838.00,"8,380.00"
2021-04-29,2021042905001561,JLI,32,41,10,838.00,"8,380.00"
2021-04-29,2021042905001560,JLI,32,21,10,838.00,"8,380.00"
2021-04-29,2021042905001559,JLI,32,56,10,838.00,"8,380.00"
2021-04-29,2021042905001558,JLI,32,56,10,838.00,"8,380.00"
2021-04-29,2021042905001557,JLI,32,59,10,837.00,"8,370.00"
2021-04-29,2021042905001570,JLI,51,45,10,837.00,"8,370.00"
2021-04-29,2021042905001568,JLI,51,58,10,837.00,"8,370.00"
2021-04-29,2021042905001567,JLI,51,52,10,837.00,"8,370.00"
2021-04-29,2021042905001566,JLI,51,28,10,837.00,"8,370.00"
2021-04-29,2021042905001564,JLI,32,45,10,838.00,"8,380.00"
2021-04-29,2021042905001563,JLI,32,52,10,838.00,"8,380.00"
2021-04-29,2021042905001578,JLI,45,57,10,837.00,"8,370.00"
2021-04-29,2021042905001577,JLI,45,36,10,837.00,"8,370.00"
2021-04-29,2021042905001576,JLI,45,13,10,837.00,"8,370.00"
2021-04-29,2021042905001575,JLI,45,48,10,835.00,"8,350.00"
2021-04-29,2021042905001574,JLI,58,26,10,834.00,"8,340.00"
2021-04-29,2021042905001571,JLI,51,45,10,837.00,"8,370.00"
2021-04-29,2021042905001589,JLI,14,57,10,836.00,"8,360.00"
2021-04-29,2021042905001587,JLI,58,13,10,834.00,"8,340.00"
2021-04-29,2021042905001583,JLI,16,42,10,838.00,"8,380.00"
2021-04-29,2021042905001582,JLI,16,22,10,838.00,"8,380.00"
2021-04-29,2021042905001581,JLI,16,38,10,837.00,"8,370.00"
2021-04-29,2021042905001579,JLI,45,45,10,837.00,"8,370.00"
2021-04-29,2021042905001602,JLI,35,28,10,835.00,"8,350.00"
2021-04-29,2021042905001601,JLI,59,16,50,837.00,"41,850.00"
2021-04-29,2021042905001600,JLI,59,45,10,836.00,"8,360.00"
2021-04-29,2021042905001592,JLI,35,38,10,835.00,"8,350.00"
2021-04-29,2021042905001591,JLI,35,18,10,835.00,"8,350.00"
2021-04-29,2021042905001590,JLI,35,48,10,835.00,"8,350.00"
2021-04-29,2021042905001619,JLI,55,42,10,835.00,"8,350.00"
2021-04-29,2021042905001618,JLI,55,47,10,835.00,"8,350.00"
2021-04-29,2021042905001617,JLI,39,29,10,834.00,"8,340.00"
2021-04-29,2021042905001616,JLI,39,38,10,834.00,"8,340.00"
2021-04-29,2021042905001609,JLI,58,29,10,834.00,"8,340.00"
2021-04-29,2021042905001603,JLI,35,18,10,835.00,"8,350.00"
2021-04-29,2021042905001627,JLI,55,16,10,838.00,"8,380.00"
2021-04-29,2021042905001626,JLI,55,47,10,837.00,"8,370.00"
2021-04-29,2021042905001625,JLI,55,34,10,837.00,"8,370.00"
2021-04-29,2021042905001624,JLI,55,16,460,837.00,"385,020.00"
2021-04-29,2021042905001621,JLI,39,57,10,834.00,"8,340.00"
2021-04-29,2021042905001620,JLI,55,19,10,835.00,"8,350.00"
2021-04-29,2021042905001633,JLI,55,34,10,839.00,"8,390.00"
2021-04-29,2021042905001632,JLI,55,34,10,839.00,"8,390.00"
2021-04-29,2021042905001631,JLI,55,44,10,838.00,"8,380.00"
2021-04-29,2021042905001630,JLI,55,54,10,838.00,"8,380.00"
2021-04-29,2021042905001629,JLI,55,21,10,838.00,"8,380.00"
2021-04-29,2021042905001628,JLI,55,1,10,838.00,"8,380.00"
2021-04-29,2021042905001639,JLI,55,11,10,839.00,"8,390.00"
2021-04-29,2021042905001638,JLI,55,28,10,839.00,"8,390.00"
2021-04-29,2021042905001637,JLI,55,29,10,839.00,"8,390.00"
2021-04-29,2021042905001636,JLI,55,6,10,839.00,"8,390.00"
2021-04-29,2021042905001635,JLI,55,52,"1,000",839.00,"839,000.00"
2021-04-29,2021042905001634,JLI,55,35,10,839.00,"8,390.00"
2021-04-29,2021042905001645,JLI,55,34,10,840.00,"8,400.00"
2021-04-29,2021042905001644,JLI,55,1,10,840.00,"8,400.00"
2021-04-29,2021042905001643,JLI,55,58,10,840.00,"8,400.00"
2021-04-29,2021042905001642,JLI,55,28,300,840.00,"252,000.00"
2021-04-29,2021042905001641,JLI,55,38,10,840.00,"8,400.00"
2021-04-29,2021042905001640,JLI,55,42,10,839.00,"8,390.00"
2021-04-29,2021042905001651,JLI,55,5,10,840.00,"8,400.00"
2021-04-29,2021042905001650,JLI,55,49,10,840.00,"8,400.00"
2021-04-29,2021042905001649,JLI,55,57,10,840.00,"8,400.00"
2021-04-29,2021042905001648,JLI,55,49,10,840.00,"8,400.00"
2021-04-29,2021042905001647,JLI,55,41,10,840.00,"8,400.00"
2021-04-29,2021042905001646,JLI,55,34,10,840.00,"8,400.00"
2021-04-29,2021042905001657,JLI,55,6,140,840.00,"117,600.00"
2021-04-29,2021042905001656,JLI,55,16,10,840.00,"8,400.00"
2021-04-29,2021042905001655,JLI,55,13,10,840.00,"8,400.00"
2021-04-29,2021042905001654,JLI,55,45,10,840.00,"8,400.00"
2021-04-29,2021042905001653,JLI,55,42,10,840.00,"8,400.00"
2021-04-29,2021042905001652,JLI,55,11,10,840.00,"8,400.00"
2021-04-29,2021042905001663,JLI,55,45,10,840.00,"8,400.00"
2021-04-29,2021042905001662,JLI,55,52,10,840.00,"8,400.00"
2021-04-29,2021042905001661,JLI,55,44,10,840.00,"8,400.00"
2021-04-29,2021042905001660,JLI,55,37,10,840.00,"8,400.00"
2021-04-29,2021042905001659,JLI,55,48,10,840.00,"8,400.00"
2021-04-29,2021042905001658,JLI,55,41,10,840.00,"8,400.00"
2021-04-29,2021042905001669,JLI,55,1,10,840.00,"8,400.00"
2021-04-29,2021042905001668,JLI,55,58,10,840.00,"8,400.00"
2021-04-29,2021042905001667,JLI,55,45,10,840.00,"8,400.00"
2021-04-29,2021042905001666,JLI,55,45,10,840.00,"8,400.00"
2021-04-29,2021042905001665,JLI,55,56,10,840.00,"8,400.00"
2021-04-29,2021042905001664,JLI,55,34,10,840.00,"8,400.00"
2021-04-29,2021042905001675,JLI,55,22,10,840.00,"8,400.00"
2021-04-29,2021042905001674,JLI,55,13,10,840.00,"8,400.00"
2021-04-29,2021042905001673,JLI,55,35,10,840.00,"8,400.00"
2021-04-29,2021042905001672,JLI,55,21,10,840.00,"8,400.00"
2021-04-29,2021042905001671,JLI,55,1,10,840.00,"8,400.00"
2021-04-29,2021042905001670,JLI,55,14,10,840.00,"8,400.00"
2021-04-29,2021042905001681,JLI,55,49,10,841.00,"8,410.00"
2021-04-29,2021042905001680,JLI,55,1,10,841.00,"8,410.00"
2021-04-29,2021042905001679,JLI,55,45,10,840.00,"8,400.00"
2021-04-29,2021042905001678,JLI,55,58,10,840.00,"8,400.00"
2021-04-29,2021042905001677,JLI,55,58,10,840.00,"8,400.00"
2021-04-29,2021042905001676,JLI,55,5,10,840.00,"8,400.00"
2021-04-29,2021042905001689,JLI,55,6,10,844.00,"8,440.00"
2021-04-29,2021042905001688,JLI,55,51,10,843.00,"8,430.00"
2021-04-29,2021042905001685,JLI,55,38,10,842.00,"8,420.00"
2021-04-29,2021042905001684,JLI,55,58,10,842.00,"8,420.00"
2021-04-29,2021042905001683,JLI,55,33,10,842.00,"8,420.00"
2021-04-29,2021042905001682,JLI,55,51,10,841.00,"8,410.00"
2021-04-29,2021042905001695,JLI,55,35,10,845.00,"8,450.00"
2021-04-29,2021042905001694,JLI,55,17,10,845.00,"8,450.00"
2021-04-29,2021042905001693,JLI,55,36,10,845.00,"8,450.00"
2021-04-29,2021042905001692,JLI,55,17,10,844.00,"8,440.00"
2021-04-29,2021042905001691,JLI,55,17,10,844.00,"8,440.00"
2021-04-29,2021042905001690,JLI,55,17,10,844.00,"8,440.00"
2021-04-29,2021042905001701,JLI,55,44,10,845.00,"8,450.00"
2021-04-29,2021042905001700,JLI,55,59,10,845.00,"8,450.00"
2021-04-29,2021042905001699,JLI,55,41,10,845.00,"8,450.00"
2021-04-29,2021042905001698,JLI,55,19,30,845.00,"25,350.00"
2021-04-29,2021042905001697,JLI,55,32,10,845.00,"8,450.00"
2021-04-29,2021042905001696,JLI,55,42,10,845.00,"8,450.00"
2021-04-29,2021042905001707,JLI,55,58,10,845.00,"8,450.00"
2021-04-29,2021042905001706,JLI,55,36,10,845.00,"8,450.00"
2021-04-29,2021042905001705,JLI,55,49,10,845.00,"8,450.00"
2021-04-29,2021042905001704,JLI,55,21,10,845.00,"8,450.00"
2021-04-29,2021042905001703,JLI,55,25,20,845.00,"16,900.00"
2021-04-29,2021042905001702,JLI,55,6,10,845.00,"8,450.00"
2021-04-29,2021042905001713,JLI,55,42,10,845.00,"8,450.00"
2021-04-29,2021042905001712,JLI,55,32,10,845.00,"8,450.00"
2021-04-29,2021042905001711,JLI,55,58,10,845.00,"8,450.00"
2021-04-29,2021042905001710,JLI,55,51,10,845.00,"8,450.00"
2021-04-29,2021042905001709,JLI,55,34,10,845.00,"8,450.00"
2021-04-29,2021042905001708,JLI,55,16,10,845.00,"8,450.00"
2021-04-29,2021042905001720,JLI,55,36,10,846.00,"8,460.00"
2021-04-29,2021042905001718,JLI,55,45,10,846.00,"8,460.00"
2021-04-29,2021042905001717,JLI,55,14,10,846.00,"8,460.00"
2021-04-29,2021042905001716,JLI,55,58,10,846.00,"8,460.00"
2021-04-29,2021042905001715,JLI,55,44,10,845.00,"8,450.00"
2021-04-29,2021042905001714,JLI,55,59,10,845.00,"8,450.00"
2021-04-29,2021042905001727,JLI,40,21,10,847.00,"8,470.00"
2021-04-29,2021042905001726,JLI,40,21,10,847.00,"8,470.00"
2021-04-29,2021042905001725,JLI,40,58,10,847.00,"8,470.00"
2021-04-29,2021042905001724,JLI,40,58,10,847.00,"8,470.00"
2021-04-29,2021042905001723,JLI,26,32,10,846.00,"8,460.00"
2021-04-29,2021042905001722,JLI,55,36,10,846.00,"8,460.00"
2021-04-29,2021042905001733,JLI,40,58,10,848.00,"8,480.00"
2021-04-29,2021042905001732,JLI,40,58,10,848.00,"8,480.00"
2021-04-29,2021042905001731,JLI,40,39,10,848.00,"8,480.00"
2021-04-29,2021042905001730,JLI,40,6,10,848.00,"8,480.00"
2021-04-29,2021042905001729,JLI,40,58,10,847.00,"8,470.00"
2021-04-29,2021042905001728,JLI,40,36,10,847.00,"8,470.00"
2021-04-29,2021042905001745,JLI,56,58,10,845.00,"8,450.00"
2021-04-29,2021042905001744,JLI,56,47,10,845.00,"8,450.00"
2021-04-29,2021042905001742,JLI,55,36,10,845.00,"8,450.00"
2021-04-29,2021042905001739,JLI,55,38,10,845.00,"8,450.00"
2021-04-29,2021042905001735,JLI,55,28,10,845.00,"8,450.00"
2021-04-29,2021042905001734,JLI,55,36,10,845.00,"8,450.00"
2021-04-29,2021042905001751,JLI,55,14,20,841.00,"16,820.00"
2021-04-29,2021042905001750,JLI,55,41,10,842.00,"8,420.00"
2021-04-29,2021042905001749,JLI,55,57,10,842.00,"8,420.00"
2021-04-29,2021042905001748,JLI,21,53,10,843.00,"8,430.00"
2021-04-29,2021042905001747,JLI,55,59,10,843.00,"8,430.00"
2021-04-29,2021042905001746,JLI,55,54,10,844.00,"8,440.00"
2021-04-29,2021042905001762,JLI,42,6,10,842.00,"8,420.00"
2021-04-29,2021042905001759,JLI,40,36,10,841.00,"8,410.00"
2021-04-29,2021042905001756,JLI,40,34,10,841.00,"8,410.00"
2021-04-29,2021042905001754,JLI,40,35,10,841.00,"8,410.00"
2021-04-29,2021042905001753,JLI,40,28,10,841.00,"8,410.00"
2021-04-29,2021042905001752,JLI,40,14,30,841.00,"25,230.00"
2021-04-29,2021042905001775,JLI,40,16,10,841.00,"8,410.00"
2021-04-29,2021042905001771,JLI,40,19,10,841.00,"8,410.00"
2021-04-29,2021042905001770,JLI,42,58,10,843.00,"8,430.00"
2021-04-29,2021042905001768,JLI,40,41,10,841.00,"8,410.00"
2021-04-29,2021042905001767,JLI,22,49,10,842.00,"8,420.00"
2021-04-29,2021042905001763,JLI,22,16,10,842.00,"8,420.00"
2021-04-29,2021042905001783,JLI,22,57,10,843.00,"8,430.00"
2021-04-29,2021042905001780,JLI,22,16,10,843.00,"8,430.00"
2021-04-29,2021042905001779,JLI,22,8,10,843.00,"8,430.00"
2021-04-29,2021042905001778,JLI,22,51,10,843.00,"8,430.00"
2021-04-29,2021042905001777,JLI,22,16,10,843.00,"8,430.00"
2021-04-29,2021042905001776,JLI,22,16,10,843.00,"8,430.00"
2021-04-29,2021042905001792,JLI,7,49,10,844.00,"8,440.00"
2021-04-29,2021042905001791,JLI,7,55,10,844.00,"8,440.00"
2021-04-29,2021042905001789,JLI,7,16,10,844.00,"8,440.00"
2021-04-29,2021042905001787,JLI,22,52,10,843.00,"8,430.00"
2021-04-29,2021042905001785,JLI,22,52,10,843.00,"8,430.00"
2021-04-29,2021042905001784,JLI,22,1,10,843.00,"8,430.00"
2021-04-29,2021042905001798,JLI,7,6,10,844.00,"8,440.00"
2021-04-29,2021042905001797,JLI,7,53,10,844.00,"8,440.00"
2021-04-29,2021042905001796,JLI,7,39,10,844.00,"8,440.00"
2021-04-29,2021042905001795,JLI,7,55,10,844.00,"8,440.00"
2021-04-29,2021042905001794,JLI,7,58,10,844.00,"8,440.00"
2021-04-29,2021042905001793,JLI,7,48,10,844.00,"8,440.00"
2021-04-29,2021042905001807,JLI,58,25,10,844.00,"8,440.00"
2021-04-29,2021042905001806,JLI,58,4,10,844.00,"8,440.00"
2021-04-29,2021042905001805,JLI,58,16,10,844.00,"8,440.00"
2021-04-29,2021042905001804,JLI,58,34,10,844.00,"8,440.00"
2021-04-29,2021042905001802,JLI,7,55,10,844.00,"8,440.00"
2021-04-29,2021042905001799,JLI,7,25,10,844.00,"8,440.00"
2021-04-29,2021042905001815,JLI,22,47,10,843.00,"8,430.00"
2021-04-29,2021042905001814,JLI,22,39,10,843.00,"8,430.00"
2021-04-29,2021042905001813,JLI,22,16,10,843.00,"8,430.00"
2021-04-29,2021042905001810,JLI,57,13,10,844.00,"8,440.00"
2021-04-29,2021042905001809,JLI,22,39,10,843.00,"8,430.00"
2021-04-29,2021042905001808,JLI,22,45,10,843.00,"8,430.00"
2021-04-29,2021042905001822,JLI,22,1,10,843.00,"8,430.00"
2021-04-29,2021042905001821,JLI,22,16,10,843.00,"8,430.00"
2021-04-29,2021042905001820,JLI,22,51,10,843.00,"8,430.00"
2021-04-29,2021042905001818,JLI,22,48,10,843.00,"8,430.00"
2021-04-29,2021042905001817,JLI,22,51,10,843.00,"8,430.00"
2021-04-29,2021042905001816,JLI,22,51,10,843.00,"8,430.00"
2021-04-29,2021042905001829,JLI,55,58,10,845.00,"8,450.00"
2021-04-29,2021042905001828,JLI,55,14,10,845.00,"8,450.00"
2021-04-29,2021042905001827,JLI,55,49,10,843.00,"8,430.00"
2021-04-29,2021042905001825,JLI,46,29,10,842.00,"8,420.00"
2021-04-29,2021042905001824,JLI,55,16,10,844.00,"8,440.00"
2021-04-29,2021042905001823,JLI,55,49,10,843.00,"8,430.00"
2021-04-29,2021042905001836,JLI,55,47,10,848.00,"8,480.00"
2021-04-29,2021042905001835,JLI,55,21,10,848.00,"8,480.00"
2021-04-29,2021042905001834,JLI,55,57,10,848.00,"8,480.00"
2021-04-29,2021042905001833,JLI,55,49,10,848.00,"8,480.00"
2021-04-29,2021042905001832,JLI,55,48,10,845.00,"8,450.00"
2021-04-29,2021042905001830,JLI,55,52,10,845.00,"8,450.00"
2021-04-29,2021042905001843,JLI,55,58,10,849.00,"8,490.00"
2021-04-29,2021042905001842,JLI,55,19,10,849.00,"8,490.00"
2021-04-29,2021042905001841,JLI,55,58,10,849.00,"8,490.00"
2021-04-29,2021042905001840,JLI,55,21,10,849.00,"8,490.00"
2021-04-29,2021042905001839,JLI,55,38,10,849.00,"8,490.00"
2021-04-29,2021042905001838,JLI,55,52,10,849.00,"8,490.00"
2021-04-29,2021042905001850,JLI,55,49,10,850.00,"8,500.00"
2021-04-29,2021042905001849,JLI,55,45,10,850.00,"8,500.00"
2021-04-29,2021042905001847,JLI,55,35,10,849.00,"8,490.00"
2021-04-29,2021042905001846,JLI,55,39,50,849.00,"42,450.00"
2021-04-29,2021042905001845,JLI,55,45,10,849.00,"8,490.00"
2021-04-29,2021042905001844,JLI,55,22,10,849.00,"8,490.00"
2021-04-29,2021042905001856,JLI,55,58,10,850.00,"8,500.00"
2021-04-29,2021042905001855,JLI,55,25,10,850.00,"8,500.00"
2021-04-29,2021042905001854,JLI,55,58,10,850.00,"8,500.00"
2021-04-29,2021042905001853,JLI,55,17,10,850.00,"8,500.00"
2021-04-29,2021042905001852,JLI,55,58,10,850.00,"8,500.00"
2021-04-29,2021042905001851,JLI,55,58,10,850.00,"8,500.00"
2021-04-29,2021042905001862,JLI,55,44,10,850.00,"8,500.00"
2021-04-29,2021042905001861,JLI,55,40,10,850.00,"8,500.00"
2021-04-29,2021042905001860,JLI,55,39,10,850.00,"8,500.00"
2021-04-29,2021042905001859,JLI,55,41,10,850.00,"8,500.00"
2021-04-29,2021042905001858,JLI,55,56,10,850.00,"8,500.00"
2021-04-29,2021042905001857,JLI,55,6,10,850.00,"8,500.00"
2021-04-29,2021042905001868,JLI,55,21,10,850.00,"8,500.00"
2021-04-29,2021042905001867,JLI,55,58,10,850.00,"8,500.00"
2021-04-29,2021042905001866,JLI,55,45,50,850.00,"42,500.00"
2021-04-29,2021042905001865,JLI,55,35,10,850.00,"8,500.00"
2021-04-29,2021042905001864,JLI,55,37,10,850.00,"8,500.00"
2021-04-29,2021042905001863,JLI,55,59,15,850.00,"12,750.00"
2021-04-29,2021042905001874,JLI,55,38,10,850.00,"8,500.00"
2021-04-29,2021042905001873,JLI,55,58,10,850.00,"8,500.00"
2021-04-29,2021042905001872,JLI,55,58,10,850.00,"8,500.00"
2021-04-29,2021042905001871,JLI,55,52,10,850.00,"8,500.00"
2021-04-29,2021042905001870,JLI,55,58,10,850.00,"8,500.00"
2021-04-29,2021042905001869,JLI,55,49,10,850.00,"8,500.00"
2021-04-29,2021042905001880,JLI,55,58,10,850.00,"8,500.00"
2021-04-29,2021042905001879,JLI,55,22,10,850.00,"8,500.00"
2021-04-29,2021042905001878,JLI,55,38,10,850.00,"8,500.00"
2021-04-29,2021042905001877,JLI,55,53,10,850.00,"8,500.00"
2021-04-29,2021042905001876,JLI,55,49,10,850.00,"8,500.00"
2021-04-29,2021042905001875,JLI,55,22,10,850.00,"8,500.00"
2021-04-29,2021042905001886,JLI,55,58,10,850.00,"8,500.00"
2021-04-29,2021042905001885,JLI,55,58,10,850.00,"8,500.00"
2021-04-29,2021042905001884,JLI,55,21,10,850.00,"8,500.00"
2021-04-29,2021042905001883,JLI,55,16,10,850.00,"8,500.00"
2021-04-29,2021042905001882,JLI,55,58,10,850.00,"8,500.00"
2021-04-29,2021042905001881,JLI,55,52,10,850.00,"8,500.00"
2021-04-29,2021042905001892,JLI,55,58,10,850.00,"8,500.00"
2021-04-29,2021042905001891,JLI,55,38,10,850.00,"8,500.00"
2021-04-29,2021042905001890,JLI,55,41,10,850.00,"8,500.00"
2021-04-29,2021042905001889,JLI,55,36,10,850.00,"8,500.00"
2021-04-29,2021042905001888,JLI,55,41,10,850.00,"8,500.00"
2021-04-29,2021042905001887,JLI,55,34,10,850.00,"8,500.00"
2021-04-29,2021042905001898,JLI,55,19,10,850.00,"8,500.00"
2021-04-29,2021042905001897,JLI,55,34,10,850.00,"8,500.00"
2021-04-29,2021042905001896,JLI,55,51,10,850.00,"8,500.00"
2021-04-29,2021042905001895,JLI,55,22,10,850.00,"8,500.00"
2021-04-29,2021042905001894,JLI,55,34,10,850.00,"8,500.00"
2021-04-29,2021042905001893,JLI,55,51,10,850.00,"8,500.00"
2021-04-29,2021042905001904,JLI,55,42,10,850.00,"8,500.00"
2021-04-29,2021042905001903,JLI,55,29,10,850.00,"8,500.00"
2021-04-29,2021042905001902,JLI,55,39,10,850.00,"8,500.00"
2021-04-29,2021042905001901,JLI,55,58,10,850.00,"8,500.00"
2021-04-29,2021042905001900,JLI,55,51,10,850.00,"8,500.00"
2021-04-29,2021042905001899,JLI,55,58,10,850.00,"8,500.00"
2021-04-29,2021042905001910,JLI,55,34,10,850.00,"8,500.00"
2021-04-29,2021042905001909,JLI,55,14,10,850.00,"8,500.00"
2021-04-29,2021042905001908,JLI,55,52,"1,000",850.00,"850,000.00"
2021-04-29,2021042905001907,JLI,55,57,10,850.00,"8,500.00"
2021-04-29,2021042905001906,JLI,55,54,30,850.00,"25,500.00"
2021-04-29,2021042905001905,JLI,55,45,10,850.00,"8,500.00"
2021-04-29,2021042905001916,JLI,55,55,10,851.00,"8,510.00"
2021-04-29,2021042905001915,JLI,55,36,10,851.00,"8,510.00"
2021-04-29,2021042905001914,JLI,55,36,10,850.00,"8,500.00"
2021-04-29,2021042905001913,JLI,55,45,10,850.00,"8,500.00"
2021-04-29,2021042905001912,JLI,55,37,10,850.00,"8,500.00"
2021-04-29,2021042905001911,JLI,55,58,10,850.00,"8,500.00"
2021-04-29,2021042905001922,JLI,55,32,10,851.00,"8,510.00"
2021-04-29,2021042905001921,JLI,55,21,10,851.00,"8,510.00"
2021-04-29,2021042905001920,JLI,55,21,10,851.00,"8,510.00"
2021-04-29,2021042905001919,JLI,55,21,10,851.00,"8,510.00"
2021-04-29,2021042905001918,JLI,55,50,10,851.00,"8,510.00"
2021-04-29,2021042905001917,JLI,55,8,10,851.00,"8,510.00"
2021-04-29,2021042905001928,JLI,55,58,10,851.00,"8,510.00"
2021-04-29,2021042905001927,JLI,55,45,10,851.00,"8,510.00"
2021-04-29,2021042905001926,JLI,55,21,10,851.00,"8,510.00"
2021-04-29,2021042905001925,JLI,55,41,10,851.00,"8,510.00"
2021-04-29,2021042905001924,JLI,55,21,10,851.00,"8,510.00"
2021-04-29,2021042905001923,JLI,55,45,10,851.00,"8,510.00"
2021-04-29,2021042905001941,JLI,55,19,10,852.00,"8,520.00"
2021-04-29,2021042905001940,JLI,55,58,10,852.00,"8,520.00"
2021-04-29,2021042905001939,JLI,55,58,10,852.00,"8,520.00"
2021-04-29,2021042905001938,JLI,55,16,10,851.00,"8,510.00"
2021-04-29,2021042905001930,JLI,55,51,10,851.00,"8,510.00"
2021-04-29,2021042905001929,JLI,55,55,10,851.00,"8,510.00"
2021-04-29,2021042905001947,JLI,55,17,10,852.00,"8,520.00"
2021-04-29,2021042905001946,JLI,55,28,10,852.00,"8,520.00"
2021-04-29,2021042905001945,JLI,55,21,10,852.00,"8,520.00"
2021-04-29,2021042905001944,JLI,55,21,10,852.00,"8,520.00"
2021-04-29,2021042905001943,JLI,55,42,10,852.00,"8,520.00"
2021-04-29,2021042905001942,JLI,55,25,10,852.00,"8,520.00"
2021-04-29,2021042905001953,JLI,55,21,10,852.00,"8,520.00"
2021-04-29,2021042905001952,JLI,55,56,10,852.00,"8,520.00"
2021-04-29,2021042905001951,JLI,55,43,10,852.00,"8,520.00"
2021-04-29,2021042905001950,JLI,55,21,10,852.00,"8,520.00"
2021-04-29,2021042905001949,JLI,55,22,10,852.00,"8,520.00"
2021-04-29,2021042905001948,JLI,55,21,10,852.00,"8,520.00"
2021-04-29,2021042905001959,JLI,55,57,10,852.00,"8,520.00"
2021-04-29,2021042905001958,JLI,55,29,10,852.00,"8,520.00"
2021-04-29,2021042905001957,JLI,55,35,10,852.00,"8,520.00"
2021-04-29,2021042905001956,JLI,55,32,10,852.00,"8,520.00"
2021-04-29,2021042905001955,JLI,55,44,10,852.00,"8,520.00"
2021-04-29,2021042905001954,JLI,55,28,10,852.00,"8,520.00"
2021-04-29,2021042905001967,JLI,55,21,10,852.00,"8,520.00"
2021-04-29,2021042905001965,JLI,55,16,10,852.00,"8,520.00"
2021-04-29,2021042905001964,JLI,55,59,10,852.00,"8,520.00"
2021-04-29,2021042905001962,JLI,55,50,10,852.00,"8,520.00"
2021-04-29,2021042905001961,JLI,55,42,10,852.00,"8,520.00"
2021-04-29,2021042905001960,JLI,55,16,10,852.00,"8,520.00"
2021-04-29,2021042905001973,JLI,41,34,10,853.00,"8,530.00"
2021-04-29,2021042905001972,JLI,41,42,10,853.00,"8,530.00"
2021-04-29,2021042905001971,JLI,41,16,10,852.00,"8,520.00"
2021-04-29,2021042905001970,JLI,55,33,10,852.00,"8,520.00"
2021-04-29,2021042905001969,JLI,55,39,10,852.00,"8,520.00"
2021-04-29,2021042905001968,JLI,55,25,10,852.00,"8,520.00"
2021-04-29,2021042905001981,JLI,7,14,10,852.00,"8,520.00"
2021-04-29,2021042905001980,JLI,55,16,10,851.00,"8,510.00"
2021-04-29,2021042905001979,JLI,55,25,10,851.00,"8,510.00"
2021-04-29,2021042905001977,JLI,54,26,10,852.00,"8,520.00"
2021-04-29,2021042905001976,JLI,45,16,10,852.00,"8,520.00"
2021-04-29,2021042905001974,JLI,41,55,10,853.00,"8,530.00"
2021-04-29,2021042905001987,JLI,7,34,10,853.00,"8,530.00"
2021-04-29,2021042905001986,JLI,7,16,10,853.00,"8,530.00"
2021-04-29,2021042905001985,JLI,7,38,10,853.00,"8,530.00"
2021-04-29,2021042905001984,JLI,7,21,10,853.00,"8,530.00"
2021-04-29,2021042905001983,JLI,7,21,10,853.00,"8,530.00"
2021-04-29,2021042905001982,JLI,7,14,10,853.00,"8,530.00"
2021-04-29,2021042905001995,JLI,7,16,10,853.00,"8,530.00"
2021-04-29,2021042905001994,JLI,7,8,10,853.00,"8,530.00"
2021-04-29,2021042905001993,JLI,7,58,10,853.00,"8,530.00"
2021-04-29,2021042905001991,JLI,7,52,10,853.00,"8,530.00"
2021-04-29,2021042905001990,JLI,7,16,10,853.00,"8,530.00"
2021-04-29,2021042905001989,JLI,7,39,10,853.00,"8,530.00"
2021-04-29,2021042905002003,JLI,40,28,10,854.00,"8,540.00"
2021-04-29,2021042905002002,JLI,7,57,10,853.00,"8,530.00"
2021-04-29,2021042905002001,JLI,7,43,10,853.00,"8,530.00"
2021-04-29,2021042905002000,JLI,7,16,10,853.00,"8,530.00"
2021-04-29,2021042905001999,JLI,7,52,10,853.00,"8,530.00"
2021-04-29,2021042905001996,JLI,7,39,10,853.00,"8,530.00"
2021-04-29,2021042905002009,JLI,40,6,10,854.00,"8,540.00"
2021-04-29,2021042905002008,JLI,40,28,10,854.00,"8,540.00"
2021-04-29,2021042905002007,JLI,40,21,10,854.00,"8,540.00"
2021-04-29,2021042905002006,JLI,40,59,10,854.00,"8,540.00"
2021-04-29,2021042905002005,JLI,40,50,10,854.00,"8,540.00"
2021-04-29,2021042905002004,JLI,40,54,10,854.00,"8,540.00"
2021-04-29,2021042905001975,MLBSL,57,49,10,"3,125.00","31,250.00"
2021-04-29,2021042905001966,MLBSL,57,55,10,"3,125.00","31,250.00"
2021-04-29,2021042905001831,MLBSL,57,16,10,"3,125.00","31,250.00"
2021-04-29,2021042905001803,MLBSL,57,43,10,"3,125.00","31,250.00"
2021-04-29,2021042905001773,MLBSL,57,1,10,"3,125.00","31,250.00"
2021-04-29,2021042905001761,MLBSL,57,8,10,"3,125.00","31,250.00"
2021-04-29,2021042905001588,MLBSL,57,5,10,"3,125.00","31,250.00"
2021-04-29,2021042905001586,MLBSL,57,53,10,"3,125.00","31,250.00"
2021-04-29,2021042905001569,MLBSL,57,34,10,"3,125.00","31,250.00"
2021-04-29,2021042905001554,MLBSL,57,25,10,"3,125.00","31,250.00"
2021-04-29,2021042905001553,MLBSL,57,32,10,"3,125.00","31,250.00"
2021-04-29,2021042905001541,MLBSL,57,45,10,"3,125.00","31,250.00"
2021-04-29,2021042905001736,MLBSL,57,14,10,"3,125.00","31,250.00"
2021-04-29,2021042905001623,MLBSL,57,42,10,"3,125.00","31,250.00"
2021-04-29,2021042905001608,MLBSL,57,51,10,"3,125.00","31,250.00"
2021-04-29,2021042905001604,MLBSL,57,4,10,"3,125.00","31,250.00"
2021-04-29,2021042905001594,MLBSL,57,33,10,"3,125.00","31,250.00"
2021-04-29,2021042905001593,MLBSL,57,56,10,"3,125.00","31,250.00"
2021-04-29,2021042905001998,NICLBSL,34,40,10,"1,730.00","17,300.00"
2021-04-29,2021042905001997,NICLBSL,34,47,10,"1,730.00","17,300.00"
2021-04-29,2021042905001992,NICLBSL,22,59,10,"1,727.00","17,270.00"
2021-04-29,2021042905001988,NICLBSL,22,47,10,"1,727.00","17,270.00"
2021-04-29,2021042905001978,NICLBSL,45,34,20,"1,729.00","34,580.00"
2021-04-29,2021042905001963,NICLBSL,47,46,10,"1,728.00","17,280.00"
2021-04-29,2021042905001525,NICLBSL,5,21,10,"1,730.00","17,300.00"
2021-04-29,2021042905001551,NICLBSL,19,8,10,"1,730.00","17,300.00"
2021-04-29,2021042905001549,NICLBSL,19,28,10,"1,730.00","17,300.00"
2021-04-29,2021042905001548,NICLBSL,5,52,10,"1,730.00","17,300.00"
2021-04-29,2021042905001533,NICLBSL,16,38,10,"1,731.00","17,310.00"
2021-04-29,2021042905001529,NICLBSL,45,28,90,"1,735.00","156,150.00"
2021-04-29,2021042905001528,NICLBSL,45,17,10,"1,735.00","17,350.00"
2021-04-29,2021042905001585,NICLBSL,34,28,50,"1,735.00","86,750.00"
2021-04-29,2021042905001584,NICLBSL,34,38,50,"1,734.00","86,700.00"
2021-04-29,2021042905001580,NICLBSL,29,38,50,"1,734.00","86,700.00"
2021-04-29,2021042905001573,NICLBSL,45,28,10,"1,735.00","17,350.00"
2021-04-29,2021042905001572,NICLBSL,45,58,10,"1,732.00","17,320.00"
2021-04-29,2021042905001565,NICLBSL,17,49,10,"1,731.00","17,310.00"
2021-04-29,2021042905001605,NICLBSL,19,16,80,"1,730.00","138,400.00"
2021-04-29,2021042905001599,NICLBSL,29,28,60,"1,735.00","104,100.00"
2021-04-29,2021042905001598,NICLBSL,29,49,10,"1,734.00","17,340.00"
2021-04-29,2021042905001597,NICLBSL,29,58,10,"1,734.00","17,340.00"
2021-04-29,2021042905001596,NICLBSL,29,45,10,"1,733.00","17,330.00"
2021-04-29,2021042905001595,NICLBSL,29,52,10,"1,733.00","17,330.00"
2021-04-29,2021042905001613,NICLBSL,21,42,10,"1,735.00","17,350.00"
2021-04-29,2021042905001612,NICLBSL,21,59,20,"1,735.00","34,700.00"
2021-04-29,2021042905001611,NICLBSL,21,28,390,"1,735.00","676,650.00"
2021-04-29,2021042905001610,NICLBSL,21,25,36,"1,734.00","62,424.00"
2021-04-29,2021042905001607,NICLBSL,26,16,20,"1,730.00","34,600.00"
2021-04-29,2021042905001606,NICLBSL,36,16,100,"1,730.00","173,000.00"
2021-04-29,2021042905001719,NICLBSL,25,47,10,"1,731.00","17,310.00"
2021-04-29,2021042905001687,NICLBSL,41,58,10,"1,731.00","17,310.00"
2021-04-29,2021042905001686,NICLBSL,41,57,69,"1,734.00","119,646.00"
2021-04-29,2021042905001622,NICLBSL,26,38,10,"1,730.00","17,300.00"
2021-04-29,2021042905001615,NICLBSL,21,45,13,"1,735.00","22,555.00"
2021-04-29,2021042905001614,NICLBSL,21,22,10,"1,735.00","17,350.00"
2021-04-29,2021042905001743,NICLBSL,41,57,10,"1,731.00","17,310.00"
2021-04-29,2021042905001741,NICLBSL,41,47,10,"1,731.00","17,310.00"
2021-04-29,2021042905001740,NICLBSL,25,19,10,"1,731.00","17,310.00"
2021-04-29,2021042905001738,NICLBSL,34,47,40,"1,734.00","69,360.00"
2021-04-29,2021042905001737,NICLBSL,34,19,10,"1,733.00","17,330.00"
2021-04-29,2021042905001721,NICLBSL,25,42,20,"1,731.00","34,620.00"
2021-04-29,2021042905001765,NICLBSL,41,59,10,"1,731.00","17,310.00"
2021-04-29,2021042905001764,NICLBSL,38,59,10,"1,731.00","17,310.00"
2021-04-29,2021042905001760,NICLBSL,38,59,10,"1,731.00","17,310.00"
2021-04-29,2021042905001758,NICLBSL,41,19,10,"1,731.00","17,310.00"
2021-04-29,2021042905001757,NICLBSL,41,59,10,"1,731.00","17,310.00"
2021-04-29,2021042905001755,NICLBSL,41,42,10,"1,731.00","17,310.00"
2021-04-29,2021042905001782,NICLBSL,41,51,20,"1,731.00","34,620.00"
2021-04-29,2021042905001781,NICLBSL,41,51,10,"1,731.00","17,310.00"
2021-04-29,2021042905001774,NICLBSL,26,59,10,"1,730.00","17,300.00"
2021-04-29,2021042905001772,NICLBSL,17,51,10,"1,731.00","17,310.00"
2021-04-29,2021042905001769,NICLBSL,41,59,10,"1,731.00","17,310.00"
2021-04-29,2021042905001766,NICLBSL,41,51,10,"1,731.00","17,310.00"
2021-04-29,2021042905001811,NICLBSL,47,39,20,"1,731.00","34,620.00"
2021-04-29,2021042905001801,NICLBSL,48,55,5,"1,731.00","8,655.00"
2021-04-29,2021042905001800,NICLBSL,41,39,10,"1,731.00","17,310.00"
2021-04-29,2021042905001790,NICLBSL,41,54,10,"1,731.00","17,310.00"
2021-04-29,2021042905001788,NICLBSL,41,39,10,"1,731.00","17,310.00"
2021-04-29,2021042905001786,NICLBSL,41,51,20,"1,731.00","34,620.00"
2021-04-29,2021042905001931,NICLBSL,20,34,20,"1,731.00","34,620.00"
2021-04-29,2021042905001848,NICLBSL,20,33,20,"1,731.00","34,620.00"
2021-04-29,2021042905001837,NICLBSL,20,48,10,"1,731.00","17,310.00"
2021-04-29,2021042905001826,NICLBSL,42,42,10,"1,730.00","17,300.00"
2021-04-29,2021042905001819,NICLBSL,26,47,10,"1,730.00","17,300.00"
2021-04-29,2021042905001812,NICLBSL,47,16,10,"1,731.00","17,310.00"
2021-04-29,2021042905001937,NICLBSL,49,34,50,"1,729.00","86,450.00"
2021-04-29,2021042905001936,NICLBSL,16,34,124,"1,729.00","214,396.00"
2021-04-29,2021042905001935,NICLBSL,49,34,50,"1,730.00","86,500.00"
2021-04-29,2021042905001934,NICLBSL,34,34,50,"1,730.00","86,500.00"
2021-04-29,2021042905001933,NICLBSL,21,34,100,"1,730.00","173,000.00"
2021-04-29,2021042905001932,NICLBSL,42,34,20,"1,730.00","34,600.00"
2021-04-29,2021042905001515,JLI,16,16,50,832.00,"41,600.00"
2021-04-29,2021042905001514,JLI,51,16,20,832.00,"16,640.00"
2021-04-29,2021042905001513,JLI,51,36,10,832.00,"8,320.00"
2021-04-29,2021042905001512,JLI,40,52,10,835.00,"8,350.00"
2021-04-29,2021042905001511,JLI,40,57,10,835.00,"8,350.00"
2021-04-29,2021042905001510,JLI,40,18,10,833.00,"8,330.00"
2021-04-29,2021042905001027,JLI,42,58,10,833.00,"8,330.00"
2021-04-29,2021042905001026,JLI,14,41,10,834.00,"8,340.00"
2021-04-29,2021042905001025,JLI,42,45,10,833.00,"8,330.00"
2021-04-29,2021042905001023,JLI,41,52,10,834.00,"8,340.00"
2021-04-29,2021042905001022,JLI,5,16,10,834.00,"8,340.00"
2021-04-29,2021042905001017,JLI,5,49,10,834.00,"8,340.00"
2021-04-29,2021042905001039,JLI,56,32,10,834.00,"8,340.00"
2021-04-29,2021042905001036,JLI,56,32,10,834.00,"8,340.00"
2021-04-29,2021042905001034,JLI,56,6,10,834.00,"8,340.00"
2021-04-29,2021042905001033,JLI,56,57,10,834.00,"8,340.00"
2021-04-29,2021042905001029,JLI,56,58,10,834.00,"8,340.00"
2021-04-29,2021042905001028,JLI,42,49,10,833.00,"8,330.00"
2021-04-29,2021042905001049,JLI,42,28,10,833.00,"8,330.00"
2021-04-29,2021042905001047,JLI,14,10,10,834.00,"8,340.00"
2021-04-29,2021042905001046,JLI,42,49,10,833.00,"8,330.00"
2021-04-29,2021042905001042,JLI,6,34,10,835.00,"8,350.00"
2021-04-29,2021042905001041,JLI,6,57,10,835.00,"8,350.00"
2021-04-29,2021042905001040,JLI,42,22,10,833.00,"8,330.00"
2021-04-29,2021042905001061,JLI,45,49,10,833.00,"8,330.00"
2021-04-29,2021042905001060,JLI,42,58,10,833.00,"8,330.00"
2021-04-29,2021042905001057,JLI,42,28,10,833.00,"8,330.00"
2021-04-29,2021042905001054,JLI,42,39,10,833.00,"8,330.00"
2021-04-29,2021042905001053,JLI,45,6,10,834.00,"8,340.00"
2021-04-29,2021042905001052,JLI,42,20,10,833.00,"8,330.00"
2021-04-29,2021042905001068,JLI,45,39,10,833.00,"8,330.00"
2021-04-29,2021042905001067,JLI,58,39,10,835.00,"8,350.00"
2021-04-29,2021042905001065,JLI,45,43,10,833.00,"8,330.00"
2021-04-29,2021042905001064,JLI,45,38,10,833.00,"8,330.00"
2021-04-29,2021042905001063,JLI,45,49,10,833.00,"8,330.00"
2021-04-29,2021042905001062,JLI,49,57,10,835.00,"8,350.00"
2021-04-29,2021042905001074,JLI,39,39,10,832.00,"8,320.00"
2021-04-29,2021042905001073,JLI,39,44,10,832.00,"8,320.00"
2021-04-29,2021042905001072,JLI,39,39,10,832.00,"8,320.00"
2021-04-29,2021042905001071,JLI,59,34,10,834.00,"8,340.00"
2021-04-29,2021042905001070,JLI,39,39,10,832.00,"8,320.00"
2021-04-29,2021042905001069,JLI,39,56,10,832.00,"8,320.00"
2021-04-29,2021042905001083,JLI,49,39,10,833.00,"8,330.00"
2021-04-29,2021042905001082,JLI,49,44,10,833.00,"8,330.00"
2021-04-29,2021042905001081,JLI,38,7,10,834.00,"8,340.00"
2021-04-29,2021042905001080,JLI,49,44,10,833.00,"8,330.00"
2021-04-29,2021042905001078,JLI,45,57,10,834.00,"8,340.00"
2021-04-29,2021042905001076,JLI,39,49,10,832.00,"8,320.00"
2021-04-29,2021042905001089,JLI,34,49,10,835.00,"8,350.00"
2021-04-29,2021042905001088,JLI,38,1,10,836.00,"8,360.00"
2021-04-29,2021042905001087,JLI,38,21,10,836.00,"8,360.00"
2021-04-29,2021042905001086,JLI,49,17,10,833.00,"8,330.00"
2021-04-29,2021042905001085,JLI,38,57,10,835.00,"8,350.00"
2021-04-29,2021042905001084,JLI,38,35,10,835.00,"8,350.00"
2021-04-29,2021042905001098,JLI,25,58,10,833.00,"8,330.00"
2021-04-29,2021042905001096,JLI,49,56,10,833.00,"8,330.00"
2021-04-29,2021042905001095,JLI,49,58,10,833.00,"8,330.00"
2021-04-29,2021042905001093,JLI,45,3,10,834.00,"8,340.00"
2021-04-29,2021042905001091,JLI,49,58,10,833.00,"8,330.00"
2021-04-29,2021042905001090,JLI,49,39,10,833.00,"8,330.00"
2021-04-29,2021042905001105,JLI,29,28,10,835.00,"8,350.00"
2021-04-29,2021042905001104,JLI,29,49,10,835.00,"8,350.00"
2021-04-29,2021042905001102,JLI,29,36,10,835.00,"8,350.00"
2021-04-29,2021042905001101,JLI,29,58,10,835.00,"8,350.00"
2021-04-29,2021042905001100,JLI,29,29,10,834.00,"8,340.00"
2021-04-29,2021042905001099,JLI,29,28,10,834.00,"8,340.00"
2021-04-29,2021042905001115,JLI,22,38,10,836.00,"8,360.00"
2021-04-29,2021042905001113,JLI,22,32,10,836.00,"8,360.00"
2021-04-29,2021042905001112,JLI,22,28,10,836.00,"8,360.00"
2021-04-29,2021042905001108,JLI,29,7,10,835.00,"8,350.00"
2021-04-29,2021042905001107,JLI,57,58,10,836.00,"8,360.00"
2021-04-29,2021042905001106,JLI,57,55,10,836.00,"8,360.00"
2021-04-29,2021042905001123,JLI,25,21,10,837.00,"8,370.00"
2021-04-29,2021042905001122,JLI,25,28,10,837.00,"8,370.00"
2021-04-29,2021042905001121,JLI,25,42,10,837.00,"8,370.00"
2021-04-29,2021042905001120,JLI,22,46,10,838.00,"8,380.00"
2021-04-29,2021042905001119,JLI,25,36,10,837.00,"8,370.00"
2021-04-29,2021042905001117,JLI,29,56,10,835.00,"8,350.00"
2021-04-29,2021042905001137,JLI,29,56,10,835.00,"8,350.00"
2021-04-29,2021042905001134,JLI,25,35,10,837.00,"8,370.00"
2021-04-29,2021042905001133,JLI,57,21,10,838.00,"8,380.00"
2021-04-29,2021042905001132,JLI,57,46,10,838.00,"8,380.00"
2021-04-29,2021042905001131,JLI,57,22,10,838.00,"8,380.00"
2021-04-29,2021042905001130,JLI,57,34,10,838.00,"8,380.00"
2021-04-29,2021042905001149,JLI,29,41,10,835.00,"8,350.00"
2021-04-29,2021042905001148,JLI,29,52,10,835.00,"8,350.00"
2021-04-29,2021042905001144,JLI,29,41,10,835.00,"8,350.00"
2021-04-29,2021042905001143,JLI,29,59,10,835.00,"8,350.00"
2021-04-29,2021042905001141,JLI,22,42,10,836.00,"8,360.00"
2021-04-29,2021042905001138,JLI,29,59,10,835.00,"8,350.00"
2021-04-29,2021042905001158,JLI,29,32,10,835.00,"8,350.00"
2021-04-29,2021042905001155,JLI,29,58,10,835.00,"8,350.00"
2021-04-29,2021042905001153,JLI,6,56,10,839.00,"8,390.00"
2021-04-29,2021042905001152,JLI,6,14,10,839.00,"8,390.00"
2021-04-29,2021042905001151,JLI,6,49,10,837.00,"8,370.00"
2021-04-29,2021042905001150,JLI,6,17,10,836.00,"8,360.00"
2021-04-29,2021042905001185,JLI,49,34,10,836.00,"8,360.00"
2021-04-29,2021042905001184,JLI,29,38,10,835.00,"8,350.00"
2021-04-29,2021042905001183,JLI,29,28,10,835.00,"8,350.00"
2021-04-29,2021042905001182,JLI,29,36,10,835.00,"8,350.00"
2021-04-29,2021042905001181,JLI,29,59,10,835.00,"8,350.00"
2021-04-29,2021042905001159,JLI,29,56,10,835.00,"8,350.00"
2021-04-29,2021042905001195,JLI,29,28,10,835.00,"8,350.00"
2021-04-29,2021042905001194,JLI,29,8,10,835.00,"8,350.00"
2021-04-29,2021042905001190,JLI,45,58,10,836.00,"8,360.00"
2021-04-29,2021042905001189,JLI,49,3,10,836.00,"8,360.00"
2021-04-29,2021042905001187,JLI,49,59,10,836.00,"8,360.00"
2021-04-29,2021042905001186,JLI,49,41,10,836.00,"8,360.00"
2021-04-29,2021042905001208,JLI,48,16,100,833.00,"83,300.00"
2021-04-29,2021042905001207,JLI,52,16,50,835.00,"41,750.00"
2021-04-29,2021042905001206,JLI,28,16,100,835.00,"83,500.00"
2021-04-29,2021042905001205,JLI,58,16,20,835.00,"16,700.00"
2021-04-29,2021042905001204,JLI,57,16,50,835.00,"41,750.00"
2021-04-29,2021042905001203,JLI,29,16,270,835.00,"225,450.00"
2021-04-29,2021042905001214,JLI,57,16,40,832.00,"33,280.00"
