Date,Transact. No.,Symbol,Buyer,Seller,Quantity,Rate,Amount
2020-08-31,2020083101040153,ACLBSL,38,56,10,704.00,"7,040.00"
2020-08-31,2020083101039989,ACLBSL,37,28,20,702.00,"14,040.00"
2020-08-31,2020083101039988,ACLBSL,37,7,35,702.00,"24,570.00"
2020-08-31,2020083101039962,ACLBSL,34,58,70,701.00,"49,070.00"
2020-08-31,2020083101039961,ACLBSL,54,58,130,701.00,"91,130.00"
2020-08-31,2020083101040072,ADBL,6,52,30,429.00,"12,870.00"
2020-08-31,2020083101039778,ADBL,10,48,46,430.00,"19,780.00"
2020-08-31,2020083101039777,ADBL,10,41,60,430.00,"25,800.00"
2020-08-31,2020083101039776,ADBL,10,26,118,430.00,"50,740.00"
2020-08-31,2020083101039775,ADBL,10,57,276,430.00,"118,680.00"
2020-08-31,2020083101039773,ADBL,6,13,200,429.00,"85,800.00"
2020-08-31,2020083101039772,ADBL,6,29,281,429.00,"120,549.00"
2020-08-31,2020083101039766,AHPC,38,39,465,100.00,"46,500.00"
2020-08-31,2020083101039765,AHPC,33,39,25,100.00,"2,500.00"
2020-08-31,2020083101040191,AIL,41,49,50,528.00,"26,400.00"
2020-08-31,2020083101040131,AIL,44,8,10,530.00,"5,300.00"
2020-08-31,2020083101040130,AIL,44,8,10,530.00,"5,300.00"
2020-08-31,2020083101040129,AIL,44,8,10,530.00,"5,300.00"
2020-08-31,2020083101040128,AIL,44,8,10,530.00,"5,300.00"
2020-08-31,2020083101040127,AIL,44,8,10,530.00,"5,300.00"
2020-08-31,2020083101039994,AIL,21,21,10,529.00,"5,290.00"
2020-08-31,2020083101039850,AIL,21,14,30,529.00,"15,870.00"
2020-08-31,2020083101039849,AIL,26,14,70,529.00,"37,030.00"
2020-08-31,2020083101039724,AIL,44,51,50,528.00,"26,400.00"
2020-08-31,2020083101039723,AIL,5,51,150,529.00,"79,350.00"
2020-08-31,2020083101040114,AIL,44,44,10,530.00,"5,300.00"
2020-08-31,2020083101040113,AIL,44,42,100,530.00,"53,000.00"
2020-08-31,2020083101040112,AIL,44,44,152,530.00,"80,560.00"
2020-08-31,2020083101040067,AIL,46,44,18,530.00,"9,540.00"
2020-08-31,2020083101039999,AIL,44,56,190,528.00,"100,320.00"
2020-08-31,2020083101039998,AIL,21,56,10,529.00,"5,290.00"
2020-08-31,2020083101040120,AIL,44,8,10,530.00,"5,300.00"
2020-08-31,2020083101040119,AIL,44,8,10,530.00,"5,300.00"
2020-08-31,2020083101040118,AIL,44,8,10,530.00,"5,300.00"
2020-08-31,2020083101040117,AIL,44,38,10,530.00,"5,300.00"
2020-08-31,2020083101040116,AIL,44,25,10,530.00,"5,300.00"
2020-08-31,2020083101040115,AIL,44,1,10,530.00,"5,300.00"
2020-08-31,2020083101040126,AIL,44,8,10,530.00,"5,300.00"
2020-08-31,2020083101040125,AIL,44,55,10,530.00,"5,300.00"
2020-08-31,2020083101040124,AIL,44,8,10,530.00,"5,300.00"
2020-08-31,2020083101040123,AIL,44,8,10,530.00,"5,300.00"
2020-08-31,2020083101040122,AIL,44,8,10,530.00,"5,300.00"
2020-08-31,2020083101040121,AIL,44,8,10,530.00,"5,300.00"
2020-08-31,2020083101039909,ALBSL,28,39,89,796.00,"70,844.00"
2020-08-31,2020083101039908,ALBSL,28,17,50,795.00,"39,750.00"
2020-08-31,2020083101039907,ALBSL,28,25,50,795.00,"39,750.00"
2020-08-31,2020083101039906,ALBSL,28,22,11,795.00,"8,745.00"
2020-08-31,2020083101040170,ALICL,26,57,10,742.00,"7,420.00"
2020-08-31,2020083101040197,API,56,49,50,120.00,"6,000.00"
2020-08-31,2020083101039978,API,39,45,36,119.00,"4,284.00"
2020-08-31,2020083101039768,API,25,49,10,120.00,"1,200.00"
2020-08-31,2020083101039712,API,36,20,11,118.00,"1,298.00"
2020-08-31,2020083101039859,BARUN,32,22,100,97.00,"9,700.00"
2020-08-31,2020083101040148,BPCL,32,29,100,379.00,"37,900.00"
2020-08-31,2020083101039800,BPCL,17,34,200,376.00,"75,200.00"
2020-08-31,2020083101040019,CBBL,41,58,50,"1,076.00","53,800.00"
2020-08-31,2020083101040018,CBBL,32,58,50,"1,079.00","53,950.00"
2020-08-31,2020083101040017,CBBL,6,58,57,"1,090.00","62,130.00"
2020-08-31,2020083101040016,CBBL,6,55,50,"1,090.00","54,500.00"
2020-08-31,2020083101040015,CBBL,6,45,100,"1,090.00","109,000.00"
2020-08-31,2020083101039756,CBBL,6,42,600,"1,080.00","648,000.00"
2020-08-31,2020083101039755,CBBL,50,42,200,"1,081.00","216,200.00"
2020-08-31,2020083101039898,CBBL,18,58,100,"1,080.00","108,000.00"
2020-08-31,2020083101039897,CBBL,35,58,50,"1,080.00","54,000.00"
2020-08-31,2020083101039896,CBBL,35,58,100,"1,080.00","108,000.00"
2020-08-31,2020083101039895,CBBL,53,58,"1,000","1,080.00","1,080,000.00"
2020-08-31,2020083101039894,CBBL,48,58,50,"1,080.00","54,000.00"
2020-08-31,2020083101039893,CBBL,6,58,"1,099","1,080.00","1,186,920.00"
2020-08-31,2020083101040008,CBBL,6,58,"1,000","1,089.00","1,089,000.00"
2020-08-31,2020083101040007,CBBL,6,7,90,"1,088.00","97,920.00"
2020-08-31,2020083101039923,CBBL,34,7,10,"1,088.00","10,880.00"
2020-08-31,2020083101039901,CBBL,35,58,31,"1,079.00","33,449.00"
2020-08-31,2020083101039900,CBBL,1,58,50,"1,080.00","54,000.00"
2020-08-31,2020083101039899,CBBL,45,58,20,"1,080.00","21,600.00"
2020-08-31,2020083101040014,CBBL,6,47,50,"1,090.00","54,500.00"
2020-08-31,2020083101040013,CBBL,6,11,99,"1,090.00","107,910.00"
2020-08-31,2020083101040012,CBBL,6,47,15,"1,090.00","16,350.00"
2020-08-31,2020083101040011,CBBL,6,47,40,"1,090.00","43,600.00"
2020-08-31,2020083101040010,CBBL,6,47,40,"1,090.00","43,600.00"
2020-08-31,2020083101040009,CBBL,6,34,859,"1,090.00","936,310.00"
2020-08-31,2020083101039808,CBL,43,29,10,144.00,"1,440.00"
2020-08-31,2020083101039738,CCBL,58,17,322,174.00,"56,028.00"
2020-08-31,2020083101040167,CHCL,17,45,216,411.00,"88,776.00"
2020-08-31,2020083101040166,CHCL,17,19,42,411.00,"17,262.00"
2020-08-31,2020083101039827,CIT,14,7,11,"2,921.00","32,131.00"
2020-08-31,2020083101039937,CZBIL,38,20,38,193.00,"7,334.00"
2020-08-31,2020083101039936,CZBIL,51,20,500,193.00,"96,500.00"
2020-08-31,2020083101039935,CZBIL,35,20,462,193.00,"89,166.00"
2020-08-31,2020083101040078,DDBL,25,34,10,880.00,"8,800.00"
2020-08-31,2020083101039754,DHPL,34,7,200,51.00,"10,200.00"
2020-08-31,2020083101040088,EBL,32,33,45,729.00,"32,805.00"
2020-08-31,2020083101039980,EBL,33,22,50,728.00,"36,400.00"
2020-08-31,2020083101040064,EIC,45,50,10,498.00,"4,980.00"
2020-08-31,2020083101040030,EIC,41,5,176,495.00,"87,120.00"
2020-08-31,2020083101039920,EIC,40,8,360,495.00,"178,200.00"
2020-08-31,2020083101039881,EIC,45,50,10,498.00,"4,980.00"
2020-08-31,2020083101039802,EIC,40,8,40,495.00,"19,800.00"
2020-08-31,2020083101039801,EIC,34,8,200,495.00,"99,000.00"
2020-08-31,2020083101040141,FMDBL,42,48,50,565.00,"28,250.00"
2020-08-31,2020083101040075,FMDBL,38,48,100,565.00,"56,500.00"
2020-08-31,2020083101040032,FMDBL,14,48,30,565.00,"16,950.00"
2020-08-31,2020083101039831,FMDBL,45,48,150,565.00,"84,750.00"
2020-08-31,2020083101039791,FMDBL,54,48,200,565.00,"113,000.00"
2020-08-31,2020083101039710,FMDBL,56,14,376,564.00,"212,064.00"
2020-08-31,2020083101040142,GBIME,38,47,250,255.00,"63,750.00"
2020-08-31,2020083101040002,GBIME,38,42,200,256.00,"51,200.00"
2020-08-31,2020083101039785,GBIME,42,42,20,256.00,"5,120.00"
2020-08-31,2020083101039742,GBIME,38,38,66,255.00,"16,830.00"
2020-08-31,2020083101039741,GBIME,58,38,24,255.00,"6,120.00"
2020-08-31,2020083101039714,GBIME,58,3,26,255.00,"6,630.00"
2020-08-31,2020083101039713,GBIME,38,3,124,255.00,"31,620.00"
2020-08-31,2020083101040060,GBLBS,3,13,100,526.00,"52,600.00"
2020-08-31,2020083101040059,GBLBS,46,13,500,526.00,"263,000.00"
2020-08-31,2020083101040058,GBLBS,45,13,30,526.00,"15,780.00"
2020-08-31,2020083101039921,GBLBS,7,45,50,527.00,"26,350.00"
2020-08-31,2020083101039836,GBLBS,45,45,215,527.00,"113,305.00"
2020-08-31,2020083101039752,GBLBS,42,45,85,527.00,"44,795.00"
2020-08-31,2020083101039862,GFCL,50,59,800,151.00,"120,800.00"
2020-08-31,2020083101039861,GFCL,38,59,300,151.00,"45,300.00"
2020-08-31,2020083101039860,GFCL,43,59,900,151.00,"135,900.00"
2020-08-31,2020083101040168,GLBSL,6,43,10,823.00,"8,230.00"
2020-08-31,2020083101039740,GLBSL,48,43,10,810.00,"8,100.00"
2020-08-31,2020083101040157,GLICL,36,34,100,575.00,"57,500.00"
2020-08-31,2020083101040080,GLICL,26,34,500,575.00,"287,500.00"
2020-08-31,2020083101040036,GLICL,5,34,500,575.00,"287,500.00"
2020-08-31,2020083101039944,GLICL,49,34,200,575.00,"115,000.00"
2020-08-31,2020083101039924,GLICL,19,34,250,575.00,"143,750.00"
2020-08-31,2020083101039911,GLICL,41,34,300,575.00,"172,500.00"
2020-08-31,2020083101039838,GLICL,41,14,50,574.00,"28,700.00"
2020-08-31,2020083101039753,GLICL,41,45,110,574.00,"63,140.00"
2020-08-31,2020083101040062,GRDBL,28,42,40,113.00,"4,520.00"
2020-08-31,2020083101039853,GUFL,5,10,10,124.00,"1,240.00"
2020-08-31,2020083101039852,GUFL,5,22,48,123.00,"5,904.00"
2020-08-31,2020083101039811,HBL,49,58,164,567.00,"92,988.00"
2020-08-31,2020083101039834,HDL,41,45,100,"1,820.00","182,000.00"
2020-08-31,2020083101040103,HGI,39,54,85,490.00,"41,650.00"
2020-08-31,2020083101040102,HGI,39,42,35,490.00,"17,150.00"
2020-08-31,2020083101040101,HGI,39,34,350,490.00,"171,500.00"
2020-08-31,2020083101040100,HGI,39,10,100,489.00,"48,900.00"
2020-08-31,2020083101040099,HGI,39,45,60,489.00,"29,340.00"
2020-08-31,2020083101040098,HGI,39,13,105,489.00,"51,345.00"
2020-08-31,2020083101039807,HGI,1,48,200,483.00,"96,600.00"
2020-08-31,2020083101039806,HGI,1,38,150,483.00,"72,450.00"
2020-08-31,2020083101040091,HGI,39,18,100,485.00,"48,500.00"
2020-08-31,2020083101040090,HGI,39,26,20,484.00,"9,680.00"
2020-08-31,2020083101040089,HGI,39,44,768,484.00,"371,712.00"
2020-08-31,2020083101040070,HGI,17,59,50,483.00,"24,150.00"
2020-08-31,2020083101040006,HGI,17,57,67,483.00,"32,361.00"
2020-08-31,2020083101040005,HGI,1,57,33,483.00,"15,939.00"
2020-08-31,2020083101040097,HGI,39,51,64,488.00,"31,232.00"
2020-08-31,2020083101040096,HGI,39,28,63,487.00,"30,681.00"
2020-08-31,2020083101040095,HGI,39,34,"1,000",486.00,"486,000.00"
2020-08-31,2020083101040094,HGI,39,44,350,486.00,"170,100.00"
2020-08-31,2020083101040093,HGI,39,57,500,485.00,"242,500.00"
2020-08-31,2020083101040092,HGI,39,21,400,485.00,"194,000.00"
2020-08-31,2020083101040021,HIDCL,50,5,50,142.00,"7,100.00"
2020-08-31,2020083101039804,HPPL,5,50,10,161.00,"1,610.00"
2020-08-31,2020083101039803,HPPL,5,34,20,160.00,"3,200.00"
2020-08-31,2020083101039857,IGI,58,53,20,539.00,"10,780.00"
2020-08-31,2020083101040022,ILBS,25,10,10,767.00,"7,670.00"
2020-08-31,2020083101039868,JBBL,53,48,500,171.00,"85,500.00"
2020-08-31,2020083101039805,JSLBB,13,8,18,"1,414.00","25,452.00"
2020-08-31,2020083101040171,KBL,38,58,10,191.00,"1,910.00"
2020-08-31,2020083101040083,KBL,14,14,1,190.00,190.00
2020-08-31,2020083101039865,KBL,10,41,93,190.00,"17,670.00"
2020-08-31,2020083101039864,KBL,10,41,537,190.00,"102,030.00"
2020-08-31,2020083101040203,KPCL,25,14,10,115.00,"1,150.00"
2020-08-31,2020083101040087,KPCL,45,14,10,115.00,"1,150.00"
2020-08-31,2020083101040086,KPCL,44,14,300,115.00,"34,500.00"
2020-08-31,2020083101040085,KPCL,44,14,40,115.00,"4,600.00"
2020-08-31,2020083101040000,KPCL,44,57,10,115.00,"1,150.00"
2020-08-31,2020083101040204,KSBBL,59,49,10,142.00,"1,420.00"
2020-08-31,2020083101039792,KSBBL,56,49,469,140.00,"65,660.00"
2020-08-31,2020083101039725,LBBL,25,37,20,184.00,"3,680.00"
2020-08-31,2020083101039751,LEMF,33,17,"2,500",8.77,"21,925.00"
2020-08-31,2020083101039797,LGIL,29,13,107,535.00,"57,245.00"
2020-08-31,2020083101039934,LICN,32,34,150,"1,481.00","222,150.00"
2020-08-31,2020083101039933,LICN,32,34,150,"1,470.00","220,500.00"
2020-08-31,2020083101039938,MBL,34,54,10,228.00,"2,280.00"
2020-08-31,2020083101040063,MEGA,55,4,500,225.00,"112,500.00"
2020-08-31,2020083101039979,MEGA,11,45,500,224.00,"112,000.00"
2020-08-31,2020083101039708,MEGA,43,4,10,225.00,"2,250.00"
2020-08-31,2020083101039932,MHNL,1,38,40,81.00,"3,240.00"
2020-08-31,2020083101040079,MLBL,51,37,20,194.00,"3,880.00"
2020-08-31,2020083101039939,MMFDB,22,32,70,907.00,"63,490.00"
2020-08-31,2020083101039892,MNBBL,19,44,110,325.00,"35,750.00"
2020-08-31,2020083101039855,MPFL,18,6,10,108.00,"1,080.00"
2020-08-31,2020083101039832,MSMBS,41,11,10,720.00,"7,200.00"
2020-08-31,2020083101040020,NABIL,49,34,30,839.00,"25,170.00"
2020-08-31,2020083101039919,NABIL,8,8,522,837.00,"436,914.00"
2020-08-31,2020083101039918,NABIL,18,8,500,838.00,"419,000.00"
2020-08-31,2020083101039917,NABIL,1,8,30,838.00,"25,140.00"
2020-08-31,2020083101039916,NABIL,1,8,240,838.00,"201,120.00"
2020-08-31,2020083101039915,NABIL,6,8,30,838.00,"25,140.00"
2020-08-31,2020083101039823,NABIL,55,34,500,839.00,"419,500.00"
2020-08-31,2020083101039822,NABIL,49,34,130,839.00,"109,070.00"
2020-08-31,2020083101039914,NABIL,35,8,100,838.00,"83,800.00"
2020-08-31,2020083101039913,NABIL,39,8,100,838.00,"83,800.00"
2020-08-31,2020083101039912,NABIL,55,8,478,838.00,"400,564.00"
2020-08-31,2020083101039835,NABIL,1,34,200,839.00,"167,800.00"
2020-08-31,2020083101039825,NABIL,57,34,300,839.00,"251,700.00"
2020-08-31,2020083101039824,NABIL,32,34,100,839.00,"83,900.00"
2020-08-31,2020083101039854,NADEP,50,22,10,641.00,"6,410.00"
2020-08-31,2020083101039767,NADEP,44,34,50,638.00,"31,900.00"
2020-08-31,2020083101039922,NBB,53,14,10,199.00,"1,990.00"
2020-08-31,2020083101039856,NBB,49,45,12,197.00,"2,364.00"
2020-08-31,2020083101039750,NBB,39,14,172,198.00,"34,056.00"
2020-08-31,2020083101040194,NBL,33,13,100,290.00,"29,000.00"
2020-08-31,2020083101040139,NBL,29,13,200,290.00,"58,000.00"
2020-08-31,2020083101040004,NBL,43,45,200,289.00,"57,800.00"
2020-08-31,2020083101039891,NBL,41,13,690,290.00,"200,100.00"
2020-08-31,2020083101039796,NBL,16,13,100,290.00,"29,000.00"
2020-08-31,2020083101040206,NCCB,56,52,10,194.00,"1,940.00"
2020-08-31,2020083101040150,NCCB,58,49,"1,405",193.00,"271,165.00"
2020-08-31,2020083101039869,NCCB,58,19,"2,848",193.00,"549,664.00"
2020-08-31,2020083101039784,NCCB,56,49,10,194.00,"1,940.00"
2020-08-31,2020083101040143,NEF,16,57,632,9.13,"5,770.16"
2020-08-31,2020083101039863,NHDL,22,36,10,138.00,"1,380.00"
2020-08-31,2020083101039843,NHPC,33,58,"1,280",56.00,"71,680.00"
2020-08-31,2020083101040003,NIB,53,56,100,424.00,"42,400.00"
2020-08-31,2020083101039987,NIB,50,17,342,425.00,"145,350.00"
2020-08-31,2020083101039986,NIB,50,13,100,424.00,"42,400.00"
2020-08-31,2020083101039985,NIB,50,46,58,424.00,"24,592.00"
2020-08-31,2020083101039958,NIBSF1,26,22,"6,327",9.38,"59,347.30"
2020-08-31,2020083101040152,NICA,49,22,199,589.00,"117,211.00"
2020-08-31,2020083101040151,NICA,49,34,201,589.00,"118,389.00"
2020-08-31,2020083101040136,NICA,43,34,20,589.00,"11,780.00"
2020-08-31,2020083101039963,NICA,50,48,374,588.00,"219,912.00"
2020-08-31,2020083101039858,NICA,50,7,126,588.00,"74,088.00"
2020-08-31,2020083101039810,NICA,49,7,40,588.00,"23,520.00"
2020-08-31,2020083101039809,NICA,49,58,10,588.00,"5,880.00"
2020-08-31,2020083101040034,NICL,16,53,95,553.00,"52,535.00"
2020-08-31,2020083101040193,NIL,58,45,148,798.00,"118,104.00"
2020-08-31,2020083101040192,NIL,58,10,52,798.00,"41,496.00"
2020-08-31,2020083101040155,NIL,5,29,45,797.00,"35,865.00"
2020-08-31,2020083101040106,NIL,56,29,85,796.00,"67,660.00"
2020-08-31,2020083101040105,NIL,45,29,100,796.00,"79,600.00"
2020-08-31,2020083101040104,NIL,13,29,550,796.00,"437,800.00"
2020-08-31,2020083101039798,NIL,34,45,145,797.00,"115,565.00"
2020-08-31,2020083101039735,NIL,19,47,5,797.00,"3,985.00"
2020-08-31,2020083101039734,NIL,19,56,95,797.00,"75,715.00"
2020-08-31,2020083101039733,NIL,16,56,105,797.00,"83,685.00"
2020-08-31,2020083101039707,NIL,16,32,50,797.00,"39,850.00"
2020-08-31,2020083101040035,NIL,7,29,100,797.00,"79,700.00"
2020-08-31,2020083101039884,NIL,3,21,100,797.00,"79,700.00"
2020-08-31,2020083101039847,NIL,33,10,248,798.00,"197,904.00"
2020-08-31,2020083101039846,NIL,33,45,17,798.00,"13,566.00"
2020-08-31,2020083101039845,NIL,33,45,35,797.00,"27,895.00"
2020-08-31,2020083101039837,NIL,25,45,20,797.00,"15,940.00"
2020-08-31,2020083101039790,NLBBL,33,59,100,730.00,"73,000.00"
2020-08-31,2020083101040147,NLG,44,52,109,737.00,"80,333.00"
2020-08-31,2020083101039981,NLG,44,52,200,737.00,"147,400.00"
2020-08-31,2020083101039870,NLG,49,14,10,745.00,"7,450.00"
2020-08-31,2020083101039833,NLG,44,52,191,737.00,"140,767.00"
2020-08-31,2020083101040181,NLIC,32,39,46,"1,395.00","64,170.00"
2020-08-31,2020083101040180,NLIC,32,52,200,"1,394.00","278,800.00"
2020-08-31,2020083101040179,NLIC,32,28,25,"1,393.00","34,825.00"
2020-08-31,2020083101040178,NLIC,32,58,495,"1,393.00","689,535.00"
2020-08-31,2020083101040177,NLIC,32,28,34,"1,393.00","47,362.00"
2020-08-31,2020083101040082,NLIC,6,10,53,"1,389.00","73,617.00"
2020-08-31,2020083101040081,NLIC,6,10,47,"1,392.00","65,424.00"
2020-08-31,2020083101039830,NLIC,6,35,10,"1,392.00","13,920.00"
2020-08-31,2020083101039779,NLIC,6,47,60,"1,392.00","83,520.00"
2020-08-31,2020083101040186,NLICL,49,17,500,767.00,"383,500.00"
2020-08-31,2020083101040185,NLICL,49,45,100,766.00,"76,600.00"
2020-08-31,2020083101040184,NLICL,49,14,121,766.00,"92,686.00"
2020-08-31,2020083101040183,NLICL,49,46,150,765.00,"114,750.00"
2020-08-31,2020083101040182,NLICL,49,34,121,760.00,"91,960.00"
2020-08-31,2020083101040154,NLICL,45,34,100,760.00,"76,000.00"
2020-08-31,2020083101039720,NLICL,45,6,200,763.00,"152,600.00"
2020-08-31,2020083101039719,NLICL,45,44,50,763.00,"38,150.00"
2020-08-31,2020083101039718,NLICL,45,1,100,763.00,"76,300.00"
2020-08-31,2020083101039925,NLICL,46,34,24,765.00,"18,360.00"
2020-08-31,2020083101039783,NLICL,46,44,200,765.00,"153,000.00"
2020-08-31,2020083101039782,NLICL,46,39,718,765.00,"549,270.00"
2020-08-31,2020083101039781,NLICL,46,26,58,765.00,"44,370.00"
2020-08-31,2020083101039722,NLICL,45,1,500,764.00,"382,000.00"
2020-08-31,2020083101039721,NLICL,45,49,50,764.00,"38,200.00"
2020-08-31,2020083101040031,NLICL,42,6,80,759.00,"60,720.00"
2020-08-31,2020083101039930,NLICL,44,34,100,760.00,"76,000.00"
2020-08-31,2020083101039929,NLICL,42,34,155,760.00,"117,800.00"
2020-08-31,2020083101039928,NLICL,50,34,100,761.00,"76,100.00"
2020-08-31,2020083101039927,NLICL,34,34,200,761.00,"152,200.00"
2020-08-31,2020083101039926,NLICL,49,34,200,761.00,"152,200.00"
2020-08-31,2020083101040033,NMB,54,6,468,428.00,"200,304.00"
2020-08-31,2020083101039984,NMB,57,58,100,430.00,"43,000.00"
2020-08-31,2020083101039949,NMB,14,58,10,430.00,"4,300.00"
2020-08-31,2020083101039940,NMB,54,4,15,428.00,"6,420.00"
2020-08-31,2020083101039883,NRIC,41,28,50,847.00,"42,350.00"
2020-08-31,2020083101039795,NRIC,41,44,40,847.00,"33,880.00"
2020-08-31,2020083101039871,NRN,21,38,10,445.00,"4,450.00"
2020-08-31,2020083101039866,NRN,21,44,10,445.00,"4,450.00"
2020-08-31,2020083101039749,NRN,21,38,10,445.00,"4,450.00"
2020-08-31,2020083101039743,NRN,21,17,10,445.00,"4,450.00"
2020-08-31,2020083101040140,NTC,22,50,90,670.00,"60,300.00"
2020-08-31,2020083101040132,NTC,22,59,500,670.00,"335,000.00"
2020-08-31,2020083101039812,NUBL,43,52,95,971.00,"92,245.00"
2020-08-31,2020083101039780,NUBL,43,47,30,971.00,"29,130.00"
2020-08-31,2020083101039739,NUBL,43,47,100,971.00,"97,100.00"
2020-08-31,2020083101040145,PCBL,36,48,200,284.00,"56,800.00"
2020-08-31,2020083101040144,PCBL,45,48,667,284.00,"189,428.00"
2020-08-31,2020083101040110,PCBL,45,37,333,284.00,"94,572.00"
2020-08-31,2020083101040109,PCBL,21,37,86,284.00,"24,424.00"
2020-08-31,2020083101039886,PCBL,21,13,39,284.00,"11,076.00"
2020-08-31,2020083101039842,PCBL,21,6,300,284.00,"85,200.00"
2020-08-31,2020083101039774,PCBL,4,34,100,285.00,"28,500.00"
2020-08-31,2020083101040137,PIC,48,53,150,775.00,"116,250.00"
2020-08-31,2020083101039941,PIC,54,53,100,775.00,"77,500.00"
2020-08-31,2020083101039851,PIC,40,53,10,775.00,"7,750.00"
2020-08-31,2020083101039769,PIC,36,53,57,775.00,"44,175.00"
2020-08-31,2020083101040108,PICL,6,48,20,549.00,"10,980.00"
2020-08-31,2020083101040107,PICL,45,48,50,549.00,"27,450.00"
2020-08-31,2020083101039786,PLIC,16,16,47,646.00,"30,362.00"
2020-08-31,2020083101040073,PLIC,59,50,600,649.00,"389,400.00"
2020-08-31,2020083101039882,PLIC,59,16,244,645.00,"157,380.00"
2020-08-31,2020083101039841,PLIC,4,16,50,645.00,"32,250.00"
2020-08-31,2020083101039789,PLIC,59,16,500,645.00,"322,500.00"
2020-08-31,2020083101039788,PLIC,22,16,50,645.00,"32,250.00"
2020-08-31,2020083101039787,PLIC,46,16,209,645.00,"134,805.00"
2020-08-31,2020083101040195,PMHPL,35,4,40,86.00,"3,440.00"
2020-08-31,2020083101039737,PMHPL,32,42,10,85.00,850.00
2020-08-31,2020083101039736,PMHPL,32,38,10,85.00,850.00
2020-08-31,2020083101040165,PRIN,3,49,15,612.00,"9,180.00"
2020-08-31,2020083101040043,PRIN,5,58,10,613.00,"6,130.00"
2020-08-31,2020083101039982,PRIN,3,7,387,612.00,"236,844.00"
2020-08-31,2020083101039890,PRIN,3,19,120,612.00,"73,440.00"
2020-08-31,2020083101039889,PRIN,3,28,"2,000",612.00,"1,224,000.00"
2020-08-31,2020083101039888,PRIN,3,49,41,612.00,"25,092.00"
2020-08-31,2020083101039815,PRIN,14,39,"1,500",610.00,"915,000.00"
2020-08-31,2020083101039814,PRIN,14,50,"1,000",610.00,"610,000.00"
2020-08-31,2020083101039813,PRIN,14,22,400,610.00,"244,000.00"
2020-08-31,2020083101039872,PRIN,14,36,43,611.00,"26,273.00"
2020-08-31,2020083101039820,PRIN,14,42,200,611.00,"122,200.00"
2020-08-31,2020083101039819,PRIN,14,33,600,611.00,"366,600.00"
2020-08-31,2020083101039818,PRIN,14,37,100,610.00,"61,000.00"
2020-08-31,2020083101039817,PRIN,14,49,52,610.00,"31,720.00"
2020-08-31,2020083101039816,PRIN,14,19,105,610.00,"64,050.00"
2020-08-31,2020083101040084,PRVU,45,50,53,234.00,"12,402.00"
2020-08-31,2020083101039887,PRVU,45,33,47,233.00,"10,951.00"
2020-08-31,2020083101040074,RHPC,4,45,100,90.00,"9,000.00"
2020-08-31,2020083101040061,RHPL,33,4,40,158.00,"6,320.00"
2020-08-31,2020083101039955,RHPL,33,44,30,158.00,"4,740.00"
2020-08-31,2020083101039931,RMDC,43,10,"1,000",859.00,"859,000.00"
2020-08-31,2020083101040164,RRHP,17,47,10,106.00,"1,060.00"
2020-08-31,2020083101040163,RRHP,17,41,10,105.00,"1,050.00"
2020-08-31,2020083101040162,RRHP,17,32,10,105.00,"1,050.00"
2020-08-31,2020083101040161,RRHP,17,21,10,105.00,"1,050.00"
2020-08-31,2020083101040160,RRHP,17,52,10,99.00,990.00
2020-08-31,2020083101040159,RRHP,17,52,10,99.00,990.00
2020-08-31,2020083101039770,RRHP,35,44,10,97.00,970.00
2020-08-31,2020083101040135,RSDC,42,5,56,533.00,"29,848.00"
2020-08-31,2020083101040134,RSDC,42,40,50,533.00,"26,650.00"
2020-08-31,2020083101040133,RSDC,42,37,94,533.00,"50,102.00"
2020-08-31,2020083101039732,RSDC,3,37,238,533.00,"126,854.00"
2020-08-31,2020083101039731,RSDC,3,5,25,533.00,"13,325.00"
2020-08-31,2020083101039730,RSDC,3,34,23,533.00,"12,259.00"
2020-08-31,2020083101039729,RSDC,3,13,24,532.00,"12,768.00"
2020-08-31,2020083101039728,RSDC,3,11,67,532.00,"35,644.00"
2020-08-31,2020083101039727,RSDC,3,13,50,531.00,"26,550.00"
2020-08-31,2020083101039726,RSDC,3,11,73,530.00,"38,690.00"
2020-08-31,2020083101040138,SABSL,1,50,11,814.00,"8,954.00"
2020-08-31,2020083101039960,SANIMA,13,50,170,348.00,"59,160.00"
2020-08-31,2020083101039959,SANIMA,52,50,30,348.00,"10,440.00"
2020-08-31,2020083101039878,SANIMA,52,10,210,348.00,"73,080.00"
2020-08-31,2020083101039877,SANIMA,10,10,100,348.00,"34,800.00"
2020-08-31,2020083101039876,SANIMA,38,10,293,348.00,"101,964.00"
2020-08-31,2020083101039875,SANIMA,57,10,100,348.00,"34,800.00"
2020-08-31,2020083101039874,SANIMA,20,10,100,348.00,"34,800.00"
2020-08-31,2020083101039873,SANIMA,44,10,258,348.00,"89,784.00"
2020-08-31,2020083101039848,SANIMA,44,47,50,348.00,"17,400.00"
2020-08-31,2020083101039880,SBI,36,25,519,432.00,"224,208.00"
2020-08-31,2020083101039879,SBI,36,16,481,431.00,"207,311.00"
2020-08-31,2020083101039954,SBL,51,47,100,303.00,"30,300.00"
2020-08-31,2020083101039840,SBL,51,47,100,303.00,"30,300.00"
2020-08-31,2020083101039839,SBL,51,18,794,303.00,"240,582.00"
2020-08-31,2020083101039799,SBL,49,57,100,302.00,"30,200.00"
2020-08-31,2020083101040066,SCB,34,58,10,659.00,"6,590.00"
2020-08-31,2020083101040065,SCB,34,36,20,657.00,"13,140.00"
2020-08-31,2020083101040169,SDLBSL,56,49,10,825.00,"8,250.00"
2020-08-31,2020083101039993,SDLBSL,56,49,10,825.00,"8,250.00"
2020-08-31,2020083101040057,SHIVM,58,1,95,725.00,"68,875.00"
2020-08-31,2020083101040056,SHIVM,58,1,500,725.00,"362,500.00"
2020-08-31,2020083101040055,SHIVM,58,39,15,725.00,"10,875.00"
2020-08-31,2020083101040054,SHIVM,58,5,100,724.00,"72,400.00"
2020-08-31,2020083101040053,SHIVM,58,34,"1,000",724.00,"724,000.00"
2020-08-31,2020083101040052,SHIVM,58,33,880,723.00,"636,240.00"
2020-08-31,2020083101039715,SHIVM,7,14,190,718.00,"136,420.00"
2020-08-31,2020083101039760,SHIVM,45,56,750,715.00,"536,250.00"
2020-08-31,2020083101039759,SHIVM,25,56,40,715.00,"28,600.00"
2020-08-31,2020083101039758,SHIVM,57,56,200,716.00,"143,200.00"
2020-08-31,2020083101039757,SHIVM,7,56,10,718.00,"7,180.00"
2020-08-31,2020083101039717,SHIVM,7,1,50,718.00,"35,900.00"
2020-08-31,2020083101039716,SHIVM,7,13,100,718.00,"71,800.00"
2020-08-31,2020083101039966,SHIVM,45,45,125,720.00,"90,000.00"
2020-08-31,2020083101039965,SHIVM,45,56,400,719.00,"287,600.00"
2020-08-31,2020083101039964,SHIVM,45,29,100,718.00,"71,800.00"
2020-08-31,2020083101039904,SHIVM,49,19,10,715.00,"7,150.00"
2020-08-31,2020083101039903,SHIVM,49,19,500,715.00,"357,500.00"
2020-08-31,2020083101039902,SHIVM,45,19,50,715.00,"35,750.00"
2020-08-31,2020083101039972,SHIVM,45,39,100,720.00,"72,000.00"
2020-08-31,2020083101039971,SHIVM,45,42,500,720.00,"360,000.00"
2020-08-31,2020083101039970,SHIVM,45,29,50,720.00,"36,000.00"
2020-08-31,2020083101039969,SHIVM,45,42,50,720.00,"36,000.00"
2020-08-31,2020083101039968,SHIVM,45,49,50,720.00,"36,000.00"
2020-08-31,2020083101039967,SHIVM,45,39,300,720.00,"216,000.00"
2020-08-31,2020083101040045,SHIVM,58,40,50,722.00,"36,100.00"
2020-08-31,2020083101039977,SHIVM,45,32,50,721.00,"36,050.00"
2020-08-31,2020083101039976,SHIVM,45,7,250,721.00,"180,250.00"
2020-08-31,2020083101039975,SHIVM,45,48,900,721.00,"648,900.00"
2020-08-31,2020083101039974,SHIVM,45,57,415,720.00,"298,800.00"
2020-08-31,2020083101039973,SHIVM,45,57,50,720.00,"36,000.00"
2020-08-31,2020083101040051,SHIVM,58,45,60,723.00,"43,380.00"
2020-08-31,2020083101040050,SHIVM,58,58,500,723.00,"361,500.00"
2020-08-31,2020083101040049,SHIVM,58,8,500,722.00,"361,000.00"
2020-08-31,2020083101040048,SHIVM,58,50,750,722.00,"541,500.00"
2020-08-31,2020083101040047,SHIVM,58,7,50,722.00,"36,100.00"
2020-08-31,2020083101040046,SHIVM,58,33,500,722.00,"361,000.00"
2020-08-31,2020083101040205,SHL,16,46,100,158.00,"15,800.00"
2020-08-31,2020083101040196,SHPC,28,26,"1,000",249.00,"249,000.00"
2020-08-31,2020083101040187,SHPC,38,26,25,249.00,"6,225.00"
2020-08-31,2020083101040001,SHPC,19,26,290,249.00,"72,210.00"
2020-08-31,2020083101039995,SHPC,38,26,25,249.00,"6,225.00"
2020-08-31,2020083101039829,SHPC,41,26,360,248.00,"89,280.00"
2020-08-31,2020083101039828,SHPC,41,38,42,248.00,"10,416.00"
2020-08-31,2020083101040173,SICL,33,45,500,"1,280.00","640,000.00"
2020-08-31,2020083101040172,SICL,33,49,131,"1,280.00","167,680.00"
2020-08-31,2020083101039826,SICL,45,33,20,"1,270.00","25,400.00"
2020-08-31,2020083101039748,SICL,58,49,29,"1,280.00","37,120.00"
2020-08-31,2020083101039747,SICL,58,38,155,"1,275.00","197,625.00"
2020-08-31,2020083101039746,SICL,58,28,286,"1,272.00","363,792.00"
2020-08-31,2020083101039745,SICL,58,50,100,"1,270.00","127,000.00"
2020-08-31,2020083101039744,SICL,58,58,130,"1,270.00","165,100.00"
2020-08-31,2020083101039709,SICL,25,58,50,"1,270.00","63,500.00"
2020-08-31,2020083101039953,SIFC,1,18,"1,958",152.00,"297,616.00"
2020-08-31,2020083101039952,SIFC,45,18,30,152.00,"4,560.00"
2020-08-31,2020083101039951,SIFC,35,18,50,153.00,"7,650.00"
2020-08-31,2020083101039950,SIFC,38,18,162,153.00,"24,786.00"
2020-08-31,2020083101040156,SIL,39,49,"1,279",767.00,"980,993.00"
2020-08-31,2020083101039763,SIL,44,49,60,767.00,"46,020.00"
2020-08-31,2020083101039762,SIL,44,22,50,765.00,"38,250.00"
2020-08-31,2020083101039761,SIL,44,56,190,764.00,"145,160.00"
2020-08-31,2020083101040149,SJCL,10,4,20,143.00,"2,860.00"
2020-08-31,2020083101040068,SJCL,10,44,10,143.00,"1,430.00"
2020-08-31,2020083101039867,SJCL,10,4,20,143.00,"2,860.00"
2020-08-31,2020083101039821,SJCL,51,44,10,142.00,"1,420.00"
2020-08-31,2020083101039992,SKBBL,39,29,65,"1,339.00","87,035.00"
2020-08-31,2020083101039991,SKBBL,45,29,20,"1,340.00","26,800.00"
2020-08-31,2020083101039990,SKBBL,42,29,10,"1,344.00","13,440.00"
2020-08-31,2020083101040146,SLBBL,33,48,10,841.00,"8,410.00"
2020-08-31,2020083101039946,SLBBL,49,48,10,841.00,"8,410.00"
2020-08-31,2020083101039885,SLBS,57,35,60,945.00,"56,700.00"
2020-08-31,2020083101040190,SLICL,44,45,120,581.00,"69,720.00"
2020-08-31,2020083101040189,SLICL,37,45,200,582.00,"116,400.00"
2020-08-31,2020083101040188,SLICL,22,45,10,584.00,"5,840.00"
2020-08-31,2020083101040029,SLICL,44,34,890,581.00,"517,090.00"
2020-08-31,2020083101040028,SLICL,43,34,20,582.00,"11,640.00"
2020-08-31,2020083101040027,SLICL,39,34,100,582.00,"58,200.00"
2020-08-31,2020083101039905,SLICL,45,47,200,584.00,"116,800.00"
2020-08-31,2020083101040026,SLICL,44,34,50,582.00,"29,100.00"
2020-08-31,2020083101040025,SLICL,25,34,300,582.00,"174,600.00"
2020-08-31,2020083101040024,SLICL,41,34,190,582.00,"110,580.00"
2020-08-31,2020083101040023,SLICL,45,34,100,583.00,"58,300.00"
2020-08-31,2020083101039997,SLICL,59,58,20,585.00,"11,700.00"
2020-08-31,2020083101039996,SLICL,59,47,580,584.00,"338,720.00"
2020-08-31,2020083101039910,SMB,46,48,100,860.00,"86,000.00"
2020-08-31,2020083101040077,SPARS,46,47,10,949.00,"9,490.00"
2020-08-31,2020083101040076,SPARS,58,10,100,945.00,"94,500.00"
2020-08-31,2020083101040202,SPDL,33,44,19,125.00,"2,375.00"
2020-08-31,2020083101040201,SPDL,33,34,15,125.00,"1,875.00"
2020-08-31,2020083101040200,SPDL,33,55,15,125.00,"1,875.00"
2020-08-31,2020083101040199,SPDL,33,51,10,125.00,"1,250.00"
2020-08-31,2020083101040198,SPDL,33,13,41,125.00,"5,125.00"
2020-08-31,2020083101040158,SPDL,14,45,100,124.00,"12,400.00"
2020-08-31,2020083101039948,SPDL,14,39,88,124.00,"10,912.00"
2020-08-31,2020083101040111,SRBL,18,16,700,230.00,"161,000.00"
2020-08-31,2020083101040069,SRBL,40,16,50,230.00,"11,500.00"
2020-08-31,2020083101040071,UIC,19,16,200,420.00,"84,000.00"
2020-08-31,2020083101040044,UIC,50,16,200,420.00,"84,000.00"
2020-08-31,2020083101040042,UIC,38,16,300,420.00,"126,000.00"
2020-08-31,2020083101040041,UIC,46,16,104,420.00,"43,680.00"
2020-08-31,2020083101040040,UIC,39,16,100,421.00,"42,100.00"
2020-08-31,2020083101040039,UIC,5,16,650,421.00,"273,650.00"
2020-08-31,2020083101040038,UIC,41,16,100,421.00,"42,100.00"
2020-08-31,2020083101040037,UIC,5,16,104,421.00,"43,784.00"
2020-08-31,2020083101039947,UIC,49,25,400,422.00,"168,800.00"
2020-08-31,2020083101039945,UIC,26,25,100,424.00,"42,400.00"
2020-08-31,2020083101039794,UIC,49,25,600,422.00,"253,200.00"
2020-08-31,2020083101039793,UIC,37,25,200,422.00,"84,400.00"
2020-08-31,2020083101039711,UMHL,26,36,14,104.00,"1,456.00"
2020-08-31,2020083101039983,UNHPL,56,17,50,60.00,"3,000.00"
2020-08-31,2020083101039943,UNHPL,41,52,20,59.00,"1,180.00"
2020-08-31,2020083101039942,UNHPL,4,52,30,59.00,"1,770.00"
2020-08-31,2020083101039957,UPCL,39,38,400,76.00,"30,400.00"
2020-08-31,2020083101039956,UPCL,16,38,100,76.00,"7,600.00"
2020-08-31,2020083101039844,UPCL,42,42,100,77.00,"7,700.00"
2020-08-31,2020083101040176,UPPER,38,42,200,231.00,"46,200.00"
2020-08-31,2020083101040175,UPPER,38,44,50,231.00,"11,550.00"
2020-08-31,2020083101040174,UPPER,38,25,110,231.00,"25,410.00"
2020-08-31,2020083101039764,UPPER,35,36,40,229.00,"9,160.00"
2020-08-31,2020083101039771,UPPER,55,25,10,231.00,"2,310.00"
2020-08-31,2020083101039641,ACLBSL,54,37,10,701.00,"7,010.00"
2020-08-31,2020083101039536,ACLBSL,52,7,15,702.00,"10,530.00"
2020-08-31,2020083101039524,ACLBSL,54,6,10,701.00,"7,010.00"
2020-08-31,2020083101039408,ACLBSL,54,38,20,701.00,"14,020.00"
2020-08-31,2020083101039656,ADBL,26,33,200,428.00,"85,600.00"
2020-08-31,2020083101039347,ADBL,26,29,319,429.00,"136,851.00"
2020-08-31,2020083101039346,ADBL,26,29,131,429.00,"56,199.00"
2020-08-31,2020083101039345,ADBL,26,33,150,429.00,"64,350.00"
2020-08-31,2020083101039279,AHPC,33,52,35,100.00,"3,500.00"
2020-08-31,2020083101039278,AHPC,33,11,140,100.00,"14,000.00"
2020-08-31,2020083101039680,AIL,5,57,50,529.00,"26,450.00"
2020-08-31,2020083101039679,AIL,5,13,20,529.00,"10,580.00"
2020-08-31,2020083101039678,AIL,5,51,20,529.00,"10,580.00"
2020-08-31,2020083101039677,AIL,5,16,10,529.00,"5,290.00"
2020-08-31,2020083101039676,AIL,5,16,10,529.00,"5,290.00"
2020-08-31,2020083101039675,AIL,5,16,10,529.00,"5,290.00"
2020-08-31,2020083101039390,AIL,44,42,10,528.00,"5,280.00"
2020-08-31,2020083101039389,AIL,44,45,100,528.00,"52,800.00"
2020-08-31,2020083101039388,AIL,44,45,60,528.00,"31,680.00"
2020-08-31,2020083101039228,AIL,17,17,10,527.00,"5,270.00"
2020-08-31,2020083101039651,AIL,44,44,10,528.00,"5,280.00"
2020-08-31,2020083101039637,AIL,45,50,200,529.00,"105,800.00"
2020-08-31,2020083101039501,AIL,44,17,10,528.00,"5,280.00"
2020-08-31,2020083101039435,AIL,44,14,10,528.00,"5,280.00"
2020-08-31,2020083101039431,AIL,44,6,10,528.00,"5,280.00"
2020-08-31,2020083101039391,AIL,44,25,100,528.00,"52,800.00"
2020-08-31,2020083101039674,AIL,5,43,10,529.00,"5,290.00"
2020-08-31,2020083101039673,AIL,5,16,10,529.00,"5,290.00"
2020-08-31,2020083101039672,AIL,5,16,10,529.00,"5,290.00"
2020-08-31,2020083101039671,AIL,5,16,10,529.00,"5,290.00"
2020-08-31,2020083101039670,AIL,5,50,200,529.00,"105,800.00"
2020-08-31,2020083101039657,AIL,44,17,10,528.00,"5,280.00"
2020-08-31,2020083101039471,ALICL,26,6,25,735.00,"18,375.00"
2020-08-31,2020083101039344,ALICL,4,57,"1,523",742.00,"1,130,070.00"
2020-08-31,2020083101039343,ALICL,4,34,639,741.00,"473,499.00"
2020-08-31,2020083101039342,ALICL,4,52,178,740.00,"131,720.00"
2020-08-31,2020083101039341,ALICL,4,57,100,738.00,"73,800.00"
2020-08-31,2020083101039340,ALICL,4,45,10,738.00,"7,380.00"
2020-08-31,2020083101039339,ALICL,4,21,50,738.00,"36,900.00"
2020-08-31,2020083101039296,ALICL,26,46,19,735.00,"13,965.00"
2020-08-31,2020083101039411,API,56,49,16,120.00,"1,920.00"
2020-08-31,2020083101039410,API,56,34,14,119.00,"1,666.00"
2020-08-31,2020083101039409,API,56,37,100,119.00,"11,900.00"
2020-08-31,2020083101039238,API,36,36,230,118.00,"27,140.00"
2020-08-31,2020083101039237,API,50,36,10,118.00,"1,180.00"
2020-08-31,2020083101039236,API,22,36,250,118.00,"29,500.00"
2020-08-31,2020083101039235,API,45,36,60,119.00,"7,140.00"
2020-08-31,2020083101039459,BARUN,32,58,35,97.00,"3,395.00"
2020-08-31,2020083101039458,BARUN,32,21,10,97.00,970.00
2020-08-31,2020083101039457,BARUN,32,34,100,97.00,"9,700.00"
2020-08-31,2020083101039456,BARUN,32,52,610,97.00,"59,170.00"
2020-08-31,2020083101039455,BARUN,32,52,10,96.00,960.00
2020-08-31,2020083101039219,BBC,38,59,50,"1,590.00","79,500.00"
2020-08-31,2020083101039635,BOKL,42,14,300,232.00,"69,600.00"
2020-08-31,2020083101039515,BPCL,26,33,20,375.00,"7,500.00"
2020-08-31,2020083101039461,BPCL,26,11,44,375.00,"16,500.00"
2020-08-31,2020083101039414,BPCL,26,36,24,375.00,"9,000.00"
2020-08-31,2020083101039221,CBBL,6,52,282,"1,080.00","304,560.00"
2020-08-31,2020083101039220,CBBL,35,52,10,"1,080.00","10,800.00"
2020-08-31,2020083101039311,CBL,6,1,146,143.00,"20,878.00"
2020-08-31,2020083101039302,CBL,43,29,10,144.00,"1,440.00"
2020-08-31,2020083101039356,CCBL,58,17,678,174.00,"117,972.00"
2020-08-31,2020083101039355,CCBL,25,17,90,174.00,"15,660.00"
2020-08-31,2020083101039308,CCBL,25,50,90,174.00,"15,660.00"
2020-08-31,2020083101039307,CCBL,26,50,50,174.00,"8,700.00"
2020-08-31,2020083101039306,CCBL,21,50,50,174.00,"8,700.00"
2020-08-31,2020083101039337,CHCL,56,4,14,410.00,"5,740.00"
2020-08-31,2020083101039227,CHCL,56,45,228,410.00,"93,480.00"
2020-08-31,2020083101039554,CIT,56,18,30,"2,922.00","87,660.00"
2020-08-31,2020083101039535,CIT,6,18,10,"2,922.00","29,220.00"
2020-08-31,2020083101039436,CIT,41,18,10,"2,922.00","29,220.00"
2020-08-31,2020083101039317,CIT,6,37,100,"2,922.00","292,200.00"
2020-08-31,2020083101039316,CIT,6,57,32,"2,921.00","93,472.00"
2020-08-31,2020083101039315,CIT,6,34,28,"2,921.00","81,788.00"
2020-08-31,2020083101039312,CIT,7,57,32,"2,920.00","93,440.00"
2020-08-31,2020083101039233,CIT,56,34,10,"2,921.00","29,210.00"
2020-08-31,2020083101039495,CLBSL,33,48,65,696.00,"45,240.00"
2020-08-31,2020083101039700,CMF1,51,45,"4,100",10.25,"42,025.00"
2020-08-31,2020083101039699,CMF1,45,45,700,10.27,"7,189.00"
2020-08-31,2020083101039692,CZBIL,35,35,10,193.00,"1,930.00"
2020-08-31,2020083101039523,CZBIL,53,34,"1,000",194.00,"194,000.00"
2020-08-31,2020083101039510,CZBIL,49,34,500,194.00,"97,000.00"
2020-08-31,2020083101039486,CZBIL,40,34,50,194.00,"9,700.00"
2020-08-31,2020083101039662,EIC,28,8,50,495.00,"24,750.00"
2020-08-31,2020083101039591,EIC,14,8,100,495.00,"49,500.00"
2020-08-31,2020083101039590,EIC,38,8,"1,200",495.00,"594,000.00"
2020-08-31,2020083101039533,EIC,28,50,50,496.00,"24,800.00"
2020-08-31,2020083101039470,EIC,47,8,10,495.00,"4,950.00"
2020-08-31,2020083101039469,EIC,45,8,100,495.00,"49,500.00"
2020-08-31,2020083101039468,EIC,33,8,50,495.00,"24,750.00"
2020-08-31,2020083101039467,EIC,48,8,50,495.00,"24,750.00"
2020-08-31,2020083101039466,EIC,16,8,100,495.00,"49,500.00"
2020-08-31,2020083101039387,EIC,26,32,77,496.00,"38,192.00"
2020-08-31,2020083101039527,FMDBL,51,32,14,563.00,"7,882.00"
2020-08-31,2020083101039386,FMDBL,48,59,50,563.00,"28,150.00"
2020-08-31,2020083101039385,FMDBL,34,59,10,563.00,"5,630.00"
2020-08-31,2020083101039384,FMDBL,19,59,734,563.00,"413,242.00"
2020-08-31,2020083101039383,FMDBL,10,59,100,564.00,"56,400.00"
2020-08-31,2020083101039382,FMDBL,42,59,50,564.00,"28,200.00"
2020-08-31,2020083101039381,FMDBL,59,59,50,564.00,"28,200.00"
2020-08-31,2020083101039369,FMDBL,42,48,240,565.00,"135,600.00"
2020-08-31,2020083101039368,FMDBL,42,48,60,565.00,"33,900.00"
2020-08-31,2020083101039239,FMDBL,25,48,50,565.00,"28,250.00"
2020-08-31,2020083101039547,FOWAD,25,38,19,"1,550.00","29,450.00"
2020-08-31,2020083101039294,FOWAD,45,34,19,"1,550.00","29,450.00"
2020-08-31,2020083101039485,GBIME,38,11,11,255.00,"2,805.00"
2020-08-31,2020083101039683,GBLBS,42,6,15,527.00,"7,905.00"
2020-08-31,2020083101039305,GBLBS,17,44,35,528.00,"18,480.00"
2020-08-31,2020083101039252,GBLBS,17,44,65,528.00,"34,320.00"
2020-08-31,2020083101039251,GBLBS,3,44,35,528.00,"18,480.00"
2020-08-31,2020083101039618,GGBSL,18,44,10,813.00,"8,130.00"
2020-08-31,2020083101039661,GHL,55,32,30,61.00,"1,830.00"
2020-08-31,2020083101039563,GHL,56,45,110,65.00,"7,150.00"
2020-08-31,2020083101039562,GHL,56,26,10,65.00,650.00
2020-08-31,2020083101039561,GHL,56,26,20,65.00,"1,300.00"
2020-08-31,2020083101039259,GILB,54,36,20,"1,182.00","23,640.00"
2020-08-31,2020083101039573,GLICL,44,34,10,575.00,"5,750.00"
2020-08-31,2020083101039421,GLICL,49,34,290,575.00,"166,750.00"
2020-08-31,2020083101039332,GLICL,34,34,200,575.00,"115,000.00"
2020-08-31,2020083101039324,GLICL,59,34,100,575.00,"57,500.00"
2020-08-31,2020083101039263,GLICL,41,50,21,574.00,"12,054.00"
2020-08-31,2020083101039262,GLICL,57,50,170,574.00,"97,580.00"
2020-08-31,2020083101039417,GMFBS,25,4,10,799.00,"7,990.00"
2020-08-31,2020083101039413,GMFBS,25,50,10,799.00,"7,990.00"
2020-08-31,2020083101039412,GMFBS,52,50,10,799.00,"7,990.00"
2020-08-31,2020083101039649,GMFIL,41,50,"1,000",123.00,"123,000.00"
2020-08-31,2020083101039648,GMFIL,19,50,500,123.00,"61,500.00"
2020-08-31,2020083101039647,GMFIL,16,50,500,123.00,"61,500.00"
2020-08-31,2020083101039646,GMFIL,42,50,20,123.00,"2,460.00"
2020-08-31,2020083101039597,HBL,25,58,50,567.00,"28,350.00"
2020-08-31,2020083101039596,HBL,57,58,117,567.00,"66,339.00"
2020-08-31,2020083101039589,HBL,57,47,100,567.00,"56,700.00"
2020-08-31,2020083101039556,HBL,57,34,183,567.00,"103,761.00"
2020-08-31,2020083101039663,HDHPC,55,4,10,89.00,890.00
2020-08-31,2020083101039571,HDL,58,57,10,"1,825.00","18,250.00"
2020-08-31,2020083101039570,HDL,58,13,30,"1,825.00","54,750.00"
2020-08-31,2020083101039569,HDL,58,22,10,"1,824.00","18,240.00"
2020-08-31,2020083101039568,HDL,58,14,100,"1,823.00","182,300.00"
2020-08-31,2020083101039270,HDL,45,35,80,"1,818.00","145,440.00"
2020-08-31,2020083101039522,HDL,45,45,80,"1,820.00","145,600.00"
2020-08-31,2020083101039521,HDL,45,5,50,"1,820.00","91,000.00"
2020-08-31,2020083101039520,HDL,45,3,70,"1,820.00","127,400.00"
2020-08-31,2020083101039519,HDL,45,41,100,"1,819.00","181,900.00"
2020-08-31,2020083101039518,HDL,45,33,20,"1,818.00","36,360.00"
2020-08-31,2020083101039567,HDL,58,37,500,"1,823.00","911,500.00"
2020-08-31,2020083101039566,HDL,58,47,300,"1,822.00","546,600.00"
2020-08-31,2020083101039565,HDL,58,53,30,"1,821.00","54,630.00"
2020-08-31,2020083101039564,HDL,58,45,20,"1,820.00","36,400.00"
2020-08-31,2020083101039549,HGI,1,40,150,482.00,"72,300.00"
2020-08-31,2020083101039460,HGI,8,13,386,481.00,"185,666.00"
2020-08-31,2020083101039551,HIDCL,54,5,33,142.00,"4,686.00"
2020-08-31,2020083101039550,HIDCL,54,4,567,141.00,"79,947.00"
2020-08-31,2020083101039336,IGI,13,26,360,533.00,"191,880.00"
2020-08-31,2020083101039529,IGI,8,6,100,535.00,"53,500.00"
2020-08-31,2020083101039528,IGI,8,6,88,535.00,"47,080.00"
2020-08-31,2020083101039705,ILBS,38,29,11,762.00,"8,382.00"
2020-08-31,2020083101039598,KMCDB,52,38,10,777.00,"7,770.00"
2020-08-31,2020083101039655,KPCL,44,57,40,115.00,"4,600.00"
2020-08-31,2020083101039613,KPCL,42,29,10,116.00,"1,160.00"
2020-08-31,2020083101039612,KPCL,42,29,10,116.00,"1,160.00"
2020-08-31,2020083101039611,KPCL,42,29,10,116.00,"1,160.00"
2020-08-31,2020083101039610,KPCL,42,29,10,116.00,"1,160.00"
2020-08-31,2020083101039246,KPCL,44,25,390,115.00,"44,850.00"
2020-08-31,2020083101039609,KPCL,42,39,10,116.00,"1,160.00"
2020-08-31,2020083101039698,LBL,38,42,16,242.00,"3,872.00"
2020-08-31,2020083101039697,LBL,38,34,684,241.00,"164,844.00"
2020-08-31,2020083101039441,LBL,38,34,381,241.00,"91,821.00"
2020-08-31,2020083101039440,LBL,38,25,29,241.00,"6,989.00"
2020-08-31,2020083101039439,LBL,38,38,90,240.00,"21,600.00"
2020-08-31,2020083101039241,LBL,14,38,310,240.00,"74,400.00"
2020-08-31,2020083101039240,LBL,14,40,490,240.00,"117,600.00"
2020-08-31,2020083101039703,LGIL,29,6,128,535.00,"68,480.00"
2020-08-31,2020083101039359,LGIL,29,45,10,535.00,"5,350.00"
2020-08-31,2020083101039358,LGIL,29,50,100,535.00,"53,500.00"
2020-08-31,2020083101039357,LGIL,29,22,63,535.00,"33,705.00"
2020-08-31,2020083101039310,LGIL,33,51,10,534.00,"5,340.00"
2020-08-31,2020083101039309,LGIL,57,51,240,534.00,"128,160.00"
2020-08-31,2020083101039660,MBL,22,54,200,227.00,"45,400.00"
2020-08-31,2020083101039558,MBL,17,54,50,227.00,"11,350.00"
2020-08-31,2020083101039552,MBL,49,54,200,227.00,"45,400.00"
2020-08-31,2020083101039503,MBL,39,54,550,227.00,"124,850.00"
2020-08-31,2020083101039502,MBL,39,56,450,227.00,"102,150.00"
2020-08-31,2020083101039363,MBL,16,41,96,226.00,"21,696.00"
2020-08-31,2020083101039362,MBL,14,41,66,226.00,"14,916.00"
2020-08-31,2020083101039361,MBL,55,41,75,226.00,"16,950.00"
2020-08-31,2020083101039634,MEGA,8,58,115,223.00,"25,645.00"
2020-08-31,2020083101039633,MEGA,53,58,200,224.00,"44,800.00"
2020-08-31,2020083101039632,MEGA,57,58,300,224.00,"67,200.00"
2020-08-31,2020083101039631,MEGA,50,58,"1,000",224.00,"224,000.00"
2020-08-31,2020083101039630,MEGA,50,58,"1,000",224.00,"224,000.00"
2020-08-31,2020083101039392,MEGA,59,4,10,225.00,"2,250.00"
2020-08-31,2020083101039372,MEGA,36,50,73,224.00,"16,352.00"
2020-08-31,2020083101039623,MEGA,38,58,200,224.00,"44,800.00"
2020-08-31,2020083101039622,MEGA,34,58,100,224.00,"22,400.00"
2020-08-31,2020083101039621,MEGA,13,58,"2,000",224.00,"448,000.00"
2020-08-31,2020083101039620,MEGA,26,58,251,224.00,"56,224.00"
2020-08-31,2020083101039619,MEGA,36,58,153,224.00,"34,272.00"
2020-08-31,2020083101039629,MEGA,8,58,"1,000",224.00,"224,000.00"
2020-08-31,2020083101039628,MEGA,45,58,"1,000",224.00,"224,000.00"
2020-08-31,2020083101039627,MEGA,36,58,22,224.00,"4,928.00"
2020-08-31,2020083101039626,MEGA,39,58,50,224.00,"11,200.00"
2020-08-31,2020083101039625,MEGA,56,58,300,224.00,"67,200.00"
2020-08-31,2020083101039624,MEGA,34,58,100,224.00,"22,400.00"
2020-08-31,2020083101039462,MLBL,28,37,10,194.00,"1,940.00"
2020-08-31,2020083101039209,MLBL,17,37,27,193.00,"5,211.00"
2020-08-31,2020083101039208,MLBL,26,37,10,193.00,"1,930.00"
2020-08-31,2020083101039207,MLBL,57,37,286,193.00,"55,198.00"
2020-08-31,2020083101039557,MNBBL,50,1,"1,000",324.00,"324,000.00"
2020-08-31,2020083101039595,NABIL,49,45,20,839.00,"16,780.00"
2020-08-31,2020083101039509,NABIL,47,22,20,840.00,"16,800.00"
2020-08-31,2020083101039300,NABIL,55,22,10,840.00,"8,400.00"
2020-08-31,2020083101039299,NABIL,43,22,50,840.00,"42,000.00"
2020-08-31,2020083101039298,NABIL,40,22,30,840.00,"25,200.00"
2020-08-31,2020083101039422,NBB,46,14,200,198.00,"39,600.00"
2020-08-31,2020083101039350,NBB,28,14,28,198.00,"5,544.00"
2020-08-31,2020083101039231,NBB,28,17,14,198.00,"2,772.00"
2020-08-31,2020083101039223,NBB,28,34,57,198.00,"11,286.00"
2020-08-31,2020083101039650,NBL,45,13,100,290.00,"29,000.00"
2020-08-31,2020083101039594,NBL,57,13,500,290.00,"145,000.00"
2020-08-31,2020083101039526,NBL,10,13,175,290.00,"50,750.00"
2020-08-31,2020083101039454,NBL,17,13,50,290.00,"14,500.00"
2020-08-31,2020083101039438,NBL,25,13,200,290.00,"58,000.00"
2020-08-31,2020083101039380,NBL,57,13,500,290.00,"145,000.00"
2020-08-31,2020083101039293,NBL,52,57,566,290.00,"164,140.00"
2020-08-31,2020083101039292,NBL,52,57,"1,500",290.00,"435,000.00"
2020-08-31,2020083101039291,NBL,32,57,"1,500",290.00,"435,000.00"
2020-08-31,2020083101039290,NBL,44,57,734,290.00,"212,860.00"
2020-08-31,2020083101039379,NBL,21,13,200,290.00,"58,000.00"
2020-08-31,2020083101039378,NBL,49,13,80,290.00,"23,200.00"
2020-08-31,2020083101039377,NBL,52,13,919,290.00,"266,510.00"
2020-08-31,2020083101039376,NBL,52,45,15,290.00,"4,350.00"
2020-08-31,2020083101039348,NBL,22,56,"1,000",291.00,"291,000.00"
2020-08-31,2020083101039325,NBL,57,56,200,291.00,"58,200.00"
2020-08-31,2020083101039560,NCCB,56,49,10,194.00,"1,940.00"
2020-08-31,2020083101039243,NEF,16,17,"1,127",9.13,"10,289.50"
2020-08-31,2020083101039575,NGPL,17,6,239,130.00,"31,070.00"
2020-08-31,2020083101039260,NGPL,17,21,100,130.00,"13,000.00"
2020-08-31,2020083101039681,NHPC,58,51,"1,585",55.00,"87,175.00"
2020-08-31,2020083101039607,NIB,6,46,142,424.00,"60,208.00"
2020-08-31,2020083101039606,NIB,6,45,600,424.00,"254,400.00"
2020-08-31,2020083101039605,NIB,6,52,258,424.00,"109,392.00"
2020-08-31,2020083101039464,NIB,17,33,305,423.00,"129,015.00"
2020-08-31,2020083101039463,NIB,36,33,26,423.00,"10,998.00"
2020-08-31,2020083101039517,NICA,26,57,80,588.00,"47,040.00"
2020-08-31,2020083101039691,NICL,49,39,290,555.00,"160,950.00"
2020-08-31,2020083101039654,NICL,42,38,200,549.00,"109,800.00"
2020-08-31,2020083101039653,NICL,11,38,300,549.00,"164,700.00"
2020-08-31,2020083101039572,NICL,43,39,10,555.00,"5,550.00"
2020-08-31,2020083101039258,NICL,11,57,175,549.00,"96,075.00"
2020-08-31,2020083101039224,NICL,8,57,300,549.00,"164,700.00"
2020-08-31,2020083101039636,NIL,16,6,200,797.00,"159,400.00"
2020-08-31,2020083101039604,NIL,14,45,145,798.00,"115,710.00"
2020-08-31,2020083101039601,NIL,28,45,38,798.00,"30,324.00"
2020-08-31,2020083101039600,NIL,28,10,462,798.00,"368,676.00"
2020-08-31,2020083101039531,NIL,16,3,145,797.00,"115,565.00"
2020-08-31,2020083101039473,NIL,51,3,20,797.00,"15,940.00"
2020-08-31,2020083101039304,NIL,41,10,38,798.00,"30,324.00"
2020-08-31,2020083101039295,NIL,58,38,20,799.00,"15,980.00"
2020-08-31,2020083101039244,NIL,41,47,47,796.00,"37,412.00"
2020-08-31,2020083101039234,NIL,52,47,100,796.00,"79,600.00"
2020-08-31,2020083101039230,NIL,33,47,200,796.00,"159,200.00"
2020-08-31,2020083101039218,NIL,17,47,300,796.00,"238,800.00"
2020-08-31,2020083101039404,NLBBL,45,34,350,725.00,"253,750.00"
2020-08-31,2020083101039403,NLBBL,46,34,100,725.00,"72,500.00"
2020-08-31,2020083101039402,NLBBL,41,34,50,727.00,"36,350.00"
2020-08-31,2020083101039608,NLG,50,49,50,736.00,"36,800.00"
2020-08-31,2020083101039574,NLG,50,52,200,736.00,"147,200.00"
2020-08-31,2020083101039545,NLG,49,14,25,745.00,"18,625.00"
2020-08-31,2020083101039489,NLG,50,52,80,736.00,"58,880.00"
2020-08-31,2020083101039488,NLG,32,52,100,736.00,"73,600.00"
2020-08-31,2020083101039487,NLG,29,52,33,738.00,"24,354.00"
2020-08-31,2020083101039669,NLIC,6,57,100,"1,392.00","139,200.00"
2020-08-31,2020083101039668,NLIC,6,43,62,"1,392.00","86,304.00"
2020-08-31,2020083101039667,NLIC,6,28,74,"1,391.00","102,934.00"
2020-08-31,2020083101039666,NLIC,6,38,99,"1,391.00","137,709.00"
2020-08-31,2020083101039665,NLIC,6,25,24,"1,390.00","33,360.00"
2020-08-31,2020083101039664,NLIC,6,25,24,"1,390.00","33,360.00"
2020-08-31,2020083101039373,NLIC,45,41,30,"1,388.00","41,640.00"
2020-08-31,2020083101039242,NLIC,44,6,80,"1,390.00","111,200.00"
2020-08-31,2020083101039226,NLIC,44,36,22,"1,390.00","30,580.00"
2020-08-31,2020083101039492,NLIC,44,6,20,"1,390.00","27,800.00"
2020-08-31,2020083101039416,NLIC,6,1,"1,000","1,389.00","1,389,000.00"
2020-08-31,2020083101039398,NLIC,57,54,25,"1,388.00","34,700.00"
2020-08-31,2020083101039397,NLIC,56,54,100,"1,388.00","138,800.00"
2020-08-31,2020083101039396,NLIC,19,54,75,"1,388.00","104,100.00"
2020-08-31,2020083101039374,NLIC,19,41,25,"1,388.00","34,700.00"
2020-08-31,2020083101039602,NLICL,45,16,200,762.00,"152,400.00"
2020-08-31,2020083101039640,NMB,10,58,380,430.00,"163,400.00"
2020-08-31,2020083101039639,NMB,10,51,20,429.00,"8,580.00"
2020-08-31,2020083101039638,NMB,10,55,100,428.00,"42,800.00"
2020-08-31,2020083101039512,NMB,39,55,50,428.00,"21,400.00"
2020-08-31,2020083101039428,NMB,16,58,535,427.00,"228,445.00"
2020-08-31,2020083101039427,NMB,16,58,155,427.00,"66,185.00"
2020-08-31,2020083101039269,NMB,55,36,94,428.00,"40,232.00"
2020-08-31,2020083101039399,NMB,45,34,832,429.00,"356,928.00"
2020-08-31,2020083101039338,NMB,1,53,70,428.00,"29,960.00"
2020-08-31,2020083101039323,NMB,11,59,95,428.00,"40,660.00"
2020-08-31,2020083101039322,NMB,52,59,100,428.00,"42,800.00"
2020-08-31,2020083101039321,NMB,44,59,100,428.00,"42,800.00"
2020-08-31,2020083101039320,NMB,55,59,705,428.00,"301,740.00"
2020-08-31,2020083101039426,NMB,47,58,100,428.00,"42,800.00"
2020-08-31,2020083101039425,NMB,41,58,12,428.00,"5,136.00"
2020-08-31,2020083101039424,NMB,1,58,430,428.00,"184,040.00"
2020-08-31,2020083101039423,NMB,45,58,"2,768",429.00,"1,187,470.00"
2020-08-31,2020083101039401,NMB,45,35,50,429.00,"21,450.00"
2020-08-31,2020083101039400,NMB,45,50,350,429.00,"150,150.00"
2020-08-31,2020083101039701,NRIC,41,44,40,847.00,"33,880.00"
2020-08-31,2020083101039645,NRIC,41,42,20,847.00,"16,940.00"
2020-08-31,2020083101039576,NRIC,41,14,30,847.00,"25,410.00"
2020-08-31,2020083101039351,NRIC,41,38,40,847.00,"33,880.00"
2020-08-31,2020083101039301,NRIC,41,36,50,847.00,"42,350.00"
2020-08-31,2020083101039247,NRIC,41,38,40,847.00,"33,880.00"
2020-08-31,2020083101039706,NRN,21,38,10,445.00,"4,450.00"
2020-08-31,2020083101039659,NRN,21,38,10,445.00,"4,450.00"
2020-08-31,2020083101039245,NRN,42,51,10,445.00,"4,450.00"
2020-08-31,2020083101039232,NRN,14,38,10,445.00,"4,450.00"
2020-08-31,2020083101039211,NRN,14,41,10,445.00,"4,450.00"
2020-08-31,2020083101039210,NRN,14,51,10,445.00,"4,450.00"
2020-08-31,2020083101039500,NRN,32,38,10,445.00,"4,450.00"
2020-08-31,2020083101039437,NRN,32,40,10,445.00,"4,450.00"
2020-08-31,2020083101039415,NRN,32,38,10,445.00,"4,450.00"
2020-08-31,2020083101039303,NRN,32,38,10,445.00,"4,450.00"
2020-08-31,2020083101039277,NRN,32,17,10,445.00,"4,450.00"
2020-08-31,2020083101039532,NRN,21,46,10,445.00,"4,450.00"
2020-08-31,2020083101039546,NRN,21,38,10,445.00,"4,450.00"
2020-08-31,2020083101039534,NRN,21,17,10,445.00,"4,450.00"
2020-08-31,2020083101039313,NTC,22,51,10,670.00,"6,700.00"
2020-08-31,2020083101039222,NTC,22,59,495,670.00,"331,650.00"
2020-08-31,2020083101039511,NUBL,43,41,165,971.00,"160,215.00"
2020-08-31,2020083101039267,NUBL,43,58,110,971.00,"106,810.00"
2020-08-31,2020083101039266,NUBL,43,58,390,973.00,"379,470.00"
2020-08-31,2020083101039588,PCBL,21,58,75,284.00,"21,300.00"
2020-08-31,2020083101039587,PCBL,39,58,25,284.00,"7,100.00"
2020-08-31,2020083101039420,PCBL,39,47,175,284.00,"49,700.00"
2020-08-31,2020083101039395,PCBL,43,34,20,283.00,"5,660.00"
2020-08-31,2020083101039394,PCBL,58,34,213,283.00,"60,279.00"
2020-08-31,2020083101039265,PCBL,17,34,50,284.00,"14,200.00"
2020-08-31,2020083101039393,PIC,36,29,20,775.00,"15,500.00"
2020-08-31,2020083101039367,PIC,16,53,10,778.00,"7,780.00"
2020-08-31,2020083101039658,PICL,26,48,10,549.00,"5,490.00"
2020-08-31,2020083101039474,PICL,1,36,25,545.00,"13,625.00"
2020-08-31,2020083101039229,PICL,6,36,100,545.00,"54,500.00"
2020-08-31,2020083101039508,PLIC,16,5,53,646.00,"34,238.00"
2020-08-31,2020083101039507,PLIC,59,5,37,646.00,"23,902.00"
2020-08-31,2020083101039506,PLIC,25,5,10,647.00,"6,470.00"
2020-08-31,2020083101039360,PLIC,59,36,63,646.00,"40,698.00"
2020-08-31,2020083101039335,PMHPL,35,39,10,86.00,860.00
2020-08-31,2020083101039334,PMHPL,35,58,10,85.00,850.00
2020-08-31,2020083101039371,PPCL,1,38,10,130.00,"1,300.00"
2020-08-31,2020083101039690,PRIN,14,14,300,609.00,"182,700.00"
2020-08-31,2020083101039689,PRIN,14,22,20,608.00,"12,160.00"
2020-08-31,2020083101039688,PRIN,14,46,50,608.00,"30,400.00"
2020-08-31,2020083101039687,PRIN,14,39,300,608.00,"182,400.00"
2020-08-31,2020083101039686,PRIN,14,32,30,608.00,"18,240.00"
2020-08-31,2020083101039685,PRIN,14,58,100,607.00,"60,700.00"
2020-08-31,2020083101039318,PRIN,42,40,300,604.00,"181,200.00"
2020-08-31,2020083101039684,PRIN,14,26,200,606.00,"121,200.00"
2020-08-31,2020083101039616,PRIN,8,44,40,605.00,"24,200.00"
2020-08-31,2020083101039614,PRIN,42,4,10,604.00,"6,040.00"
2020-08-31,2020083101039406,PRIN,46,44,10,605.00,"6,050.00"
2020-08-31,2020083101039405,PRIN,46,40,40,605.00,"24,200.00"
2020-08-31,2020083101039319,PRIN,42,1,50,604.00,"30,200.00"
2020-08-31,2020083101039544,PRVU,32,33,53,233.00,"12,349.00"
2020-08-31,2020083101039543,PRVU,32,51,447,233.00,"104,151.00"
2020-08-31,2020083101039577,RADHI,22,38,10,190.00,"1,900.00"
2020-08-31,2020083101039499,RBCL,33,58,10,"9,786.00","97,860.00"
2020-08-31,2020083101039498,RBCL,38,58,10,"9,786.00","97,860.00"
2020-08-31,2020083101039497,RBCL,14,58,10,"9,787.00","97,870.00"
2020-08-31,2020083101039496,RBCL,46,58,10,"9,865.00","98,650.00"
2020-08-31,2020083101039514,RHPL,33,38,40,158.00,"6,320.00"
2020-08-31,2020083101039465,RHPL,33,54,40,158.00,"6,320.00"
2020-08-31,2020083101039430,RHPL,33,32,40,158.00,"6,320.00"
2020-08-31,2020083101039407,RHPL,33,36,40,158.00,"6,320.00"
2020-08-31,2020083101039331,RMDC,43,57,94,860.00,"80,840.00"
2020-08-31,2020083101039330,RMDC,43,5,100,860.00,"86,000.00"
2020-08-31,2020083101039329,RMDC,43,49,200,860.00,"172,000.00"
2020-08-31,2020083101039328,RMDC,43,38,40,860.00,"34,400.00"
2020-08-31,2020083101039327,RMDC,43,25,56,860.00,"48,160.00"
2020-08-31,2020083101039326,RMDC,43,41,10,860.00,"8,600.00"
2020-08-31,2020083101039283,RMDC,43,25,20,858.00,"17,160.00"
2020-08-31,2020083101039282,RMDC,43,6,70,858.00,"60,060.00"
2020-08-31,2020083101039281,RMDC,43,41,52,858.00,"44,616.00"
2020-08-31,2020083101039289,RMDC,43,41,196,860.00,"168,560.00"
2020-08-31,2020083101039288,RMDC,43,38,20,860.00,"17,200.00"
2020-08-31,2020083101039287,RMDC,43,47,10,860.00,"8,600.00"
2020-08-31,2020083101039286,RMDC,43,47,518,859.00,"444,962.00"
2020-08-31,2020083101039285,RMDC,43,37,100,859.00,"85,900.00"
2020-08-31,2020083101039284,RMDC,43,32,14,859.00,"12,026.00"
2020-08-31,2020083101039505,RRHP,35,4,10,97.00,970.00
2020-08-31,2020083101039365,RRHP,35,46,10,97.00,970.00
2020-08-31,2020083101039419,RSDC,44,11,62,530.00,"32,860.00"
2020-08-31,2020083101039213,RSDC,44,3,38,530.00,"20,140.00"
2020-08-31,2020083101039257,SANIMA,10,10,100,349.00,"34,900.00"
2020-08-31,2020083101039256,SANIMA,58,10,250,349.00,"87,250.00"
2020-08-31,2020083101039255,SANIMA,17,10,50,349.00,"17,450.00"
2020-08-31,2020083101039254,SANIMA,49,10,25,349.00,"8,725.00"
2020-08-31,2020083101039553,SBI,56,16,39,431.00,"16,809.00"
2020-08-31,2020083101039695,SBL,6,18,206,303.00,"62,418.00"
2020-08-31,2020083101039694,SBL,6,39,33,303.00,"9,999.00"
2020-08-31,2020083101039693,SBL,6,57,261,303.00,"79,083.00"
2020-08-31,2020083101039434,SBL,6,39,167,303.00,"50,601.00"
2020-08-31,2020083101039433,SBL,6,52,60,303.00,"18,180.00"
2020-08-31,2020083101039432,SBL,6,39,273,303.00,"82,719.00"
2020-08-31,2020083101039580,SCB,48,34,60,655.00,"39,300.00"
2020-08-31,2020083101039579,SCB,38,34,100,655.00,"65,500.00"
2020-08-31,2020083101039578,SCB,50,34,40,655.00,"26,200.00"
2020-08-31,2020083101039453,SCB,50,52,160,655.00,"104,800.00"
2020-08-31,2020083101039452,SCB,48,52,200,655.00,"131,000.00"
2020-08-31,2020083101039451,SCB,48,52,100,655.00,"65,500.00"
2020-08-31,2020083101039444,SCB,59,52,200,656.00,"131,200.00"
2020-08-31,2020083101039443,SCB,10,52,500,657.00,"328,500.00"
2020-08-31,2020083101039370,SCB,29,14,60,660.00,"39,600.00"
2020-08-31,2020083101039280,SCB,49,37,66,659.00,"43,494.00"
2020-08-31,2020083101039450,SCB,19,52,120,655.00,"78,600.00"
2020-08-31,2020083101039449,SCB,32,52,50,656.00,"32,800.00"
2020-08-31,2020083101039448,SCB,37,52,50,656.00,"32,800.00"
2020-08-31,2020083101039447,SCB,55,52,50,656.00,"32,800.00"
2020-08-31,2020083101039446,SCB,56,52,20,656.00,"13,120.00"
2020-08-31,2020083101039445,SCB,20,52,100,656.00,"65,600.00"
2020-08-31,2020083101039704,SFCL,43,34,65,110.00,"7,150.00"
2020-08-31,2020083101039585,SFCL,20,34,250,111.00,"27,750.00"
2020-08-31,2020083101039584,SFCL,7,34,40,111.00,"4,440.00"
2020-08-31,2020083101039583,SFCL,52,34,100,111.00,"11,100.00"
2020-08-31,2020083101039582,SFCL,43,34,500,111.00,"55,500.00"
2020-08-31,2020083101039581,SFCL,41,34,100,111.00,"11,100.00"
2020-08-31,2020083101039217,SFCL,39,52,200,112.00,"22,400.00"
2020-08-31,2020083101039216,SFCL,7,52,45,112.00,"5,040.00"
2020-08-31,2020083101039215,SFCL,45,52,38,112.00,"4,256.00"
2020-08-31,2020083101039702,SHINE,42,28,500,238.00,"119,000.00"
2020-08-31,2020083101039599,SHINE,49,34,200,239.00,"47,800.00"
2020-08-31,2020083101039530,SHINE,42,34,50,239.00,"11,950.00"
2020-08-31,2020083101039276,SHINE,28,34,10,239.00,"2,390.00"
2020-08-31,2020083101039542,SHIVM,25,19,10,715.00,"7,150.00"
2020-08-31,2020083101039541,SHIVM,51,19,30,715.00,"21,450.00"
2020-08-31,2020083101039540,SHIVM,19,19,180,715.00,"128,700.00"
2020-08-31,2020083101039539,SHIVM,45,19,150,715.00,"107,250.00"
2020-08-31,2020083101039538,SHIVM,44,19,40,717.00,"28,680.00"
2020-08-31,2020083101039516,SHIVM,44,17,10,717.00,"7,170.00"
2020-08-31,2020083101039504,SHIVM,44,36,50,717.00,"35,850.00"
2020-08-31,2020083101039418,SHIVM,45,36,50,715.00,"35,750.00"
2020-08-31,2020083101039364,SHIVM,45,11,10,717.00,"7,170.00"
2020-08-31,2020083101039555,SHPC,45,26,50,249.00,"12,450.00"
2020-08-31,2020083101039537,SHPC,58,4,36,247.00,"8,892.00"
2020-08-31,2020083101039472,SHPC,51,49,"1,000",248.00,"248,000.00"
2020-08-31,2020083101039261,SHPC,49,49,"9,900",250.00,"2,475,000.00"
2020-08-31,2020083101039225,SHPC,49,42,"15,000",250.00,"3,750,000.00"
2020-08-31,2020083101039696,SIC,18,47,12,895.00,"10,740.00"
2020-08-31,2020083101039603,SICL,33,55,45,"1,265.00","56,925.00"
2020-08-31,2020083101039586,SICL,10,55,300,"1,265.00","379,500.00"
2020-08-31,2020083101039484,SICL,20,38,100,"1,264.00","126,400.00"
2020-08-31,2020083101039268,SICL,52,55,50,"1,265.00","63,250.00"
2020-08-31,2020083101039250,SICL,6,55,110,"1,262.00","138,820.00"
2020-08-31,2020083101039249,SICL,25,55,100,"1,262.00","126,200.00"
2020-08-31,2020083101039248,SICL,5,55,160,"1,262.00","201,920.00"
2020-08-31,2020083101039442,SIL,44,50,400,763.00,"305,200.00"
2020-08-31,2020083101039429,SIL,3,45,150,756.00,"113,400.00"
2020-08-31,2020083101039642,SJCL,51,19,10,142.00,"1,420.00"
2020-08-31,2020083101039525,SJCL,51,36,10,142.00,"1,420.00"
2020-08-31,2020083101039349,SJCL,51,17,20,142.00,"2,840.00"
2020-08-31,2020083101039264,SJCL,51,4,20,142.00,"2,840.00"
2020-08-31,2020083101039214,SJCL,51,52,20,142.00,"2,840.00"
2020-08-31,2020083101039548,SJCL,51,38,20,142.00,"2,840.00"
2020-08-31,2020083101039652,SKBBL,42,5,50,"1,344.00","67,200.00"
2020-08-31,2020083101039593,SKBBL,10,59,100,"1,339.00","133,900.00"
2020-08-31,2020083101039592,SKBBL,41,59,50,"1,339.00","66,950.00"
2020-08-31,2020083101039375,SKBBL,41,25,24,"1,340.00","32,160.00"
2020-08-31,2020083101039274,SKBBL,47,19,75,"1,338.00","100,350.00"
2020-08-31,2020083101039273,SKBBL,5,19,50,"1,339.00","66,950.00"
2020-08-31,2020083101039272,SKBBL,57,19,50,"1,339.00","66,950.00"
2020-08-31,2020083101039271,SKBBL,41,19,25,"1,339.00","33,475.00"
2020-08-31,2020083101039333,SLBBL,3,51,64,832.00,"53,248.00"
2020-08-31,2020083101039615,SLBS,32,35,30,945.00,"28,350.00"
2020-08-31,2020083101039490,SLBS,40,35,10,945.00,"9,450.00"
2020-08-31,2020083101039644,SLICL,41,6,10,582.00,"5,820.00"
2020-08-31,2020083101039354,SLICL,45,16,200,582.00,"116,400.00"
2020-08-31,2020083101039314,SLICL,44,17,100,581.00,"58,100.00"
2020-08-31,2020083101039353,SPARS,22,14,10,937.00,"9,370.00"
2020-08-31,2020083101039352,SPARS,33,14,23,938.00,"21,574.00"
2020-08-31,2020083101039643,SPDL,14,36,15,124.00,"1,860.00"
2020-08-31,2020083101039682,SRBL,45,36,50,229.00,"11,450.00"
2020-08-31,2020083101039559,SWBBL,33,41,170,"1,255.00","213,350.00"
2020-08-31,2020083101039491,UIC,55,34,396,424.00,"167,904.00"
2020-08-31,2020083101039253,UIC,55,38,104,421.00,"43,784.00"
2020-08-31,2020083101039617,UPPER,35,38,50,229.00,"11,450.00"
2020-08-31,2020083101039297,UPPER,45,32,200,230.00,"46,000.00"
2020-08-31,2020083101039212,UPPER,41,38,40,229.00,"9,160.00"
2020-08-31,2020083101039477,UPPER,21,39,50,230.00,"11,500.00"
2020-08-31,2020083101039476,UPPER,21,34,40,230.00,"9,200.00"
2020-08-31,2020083101039475,UPPER,21,32,140,230.00,"32,200.00"
2020-08-31,2020083101039366,UPPER,41,6,50,229.00,"11,450.00"
2020-08-31,2020083101039483,UPPER,21,25,380,231.00,"87,780.00"
2020-08-31,2020083101039482,UPPER,21,33,200,231.00,"46,200.00"
2020-08-31,2020083101039481,UPPER,21,57,50,231.00,"11,550.00"
2020-08-31,2020083101039480,UPPER,21,7,50,231.00,"11,550.00"
2020-08-31,2020083101039479,UPPER,21,21,40,231.00,"9,240.00"
2020-08-31,2020083101039478,UPPER,21,16,50,230.00,"11,500.00"
2020-08-31,2020083101039513,UPPER,35,14,50,229.00,"11,450.00"
2020-08-31,2020083101039494,UPPER,53,57,94,229.00,"21,526.00"
2020-08-31,2020083101039493,UPPER,41,57,110,229.00,"25,190.00"
2020-08-31,2020083101039275,VLBS,29,35,369,935.00,"345,015.00"
2020-08-31,2020083101039145,ACLBSL,10,7,100,702.00,"70,200.00"
2020-08-31,2020083101038822,ACLBSL,54,4,10,701.00,"7,010.00"
2020-08-31,2020083101038812,ACLBSL,54,38,10,701.00,"7,010.00"
2020-08-31,2020083101038923,ADBL,43,35,24,427.00,"10,248.00"
2020-08-31,2020083101038922,ADBL,19,35,76,427.00,"32,452.00"
2020-08-31,2020083101038921,ADBL,46,35,200,427.00,"85,400.00"
2020-08-31,2020083101038944,AHPC,38,11,60,100.00,"6,000.00"
2020-08-31,2020083101038943,AHPC,38,34,940,100.00,"94,000.00"
2020-08-31,2020083101039132,AIL,17,46,35,527.00,"18,445.00"
2020-08-31,2020083101039131,AIL,17,56,195,527.00,"102,765.00"
2020-08-31,2020083101039122,AIL,6,6,20,526.00,"10,520.00"
2020-08-31,2020083101038985,AIL,38,17,10,525.00,"5,250.00"
2020-08-31,2020083101038952,AIL,25,33,20,526.00,"10,520.00"
2020-08-31,2020083101038951,AIL,25,38,10,526.00,"5,260.00"
2020-08-31,2020083101039020,ALBSL,28,39,20,796.00,"15,920.00"
2020-08-31,2020083101038961,ALBSL,43,44,10,788.00,"7,880.00"
2020-08-31,2020083101038942,ALBSL,43,4,11,788.00,"8,668.00"
2020-08-31,2020083101039092,ALICL,26,47,396,735.00,"291,060.00"
2020-08-31,2020083101039091,ALICL,37,47,127,735.00,"93,345.00"
2020-08-31,2020083101038914,ALICL,40,46,50,737.00,"36,850.00"
2020-08-31,2020083101038897,ALICL,37,40,200,735.00,"147,000.00"
2020-08-31,2020083101038874,ALICL,8,46,431,737.00,"317,647.00"
2020-08-31,2020083101038873,ALICL,8,32,369,737.00,"271,953.00"
2020-08-31,2020083101038817,ALICL,37,29,100,735.00,"73,500.00"
2020-08-31,2020083101038816,ALICL,37,50,73,735.00,"53,655.00"
2020-08-31,2020083101039128,API,45,54,40,119.00,"4,760.00"
2020-08-31,2020083101038800,API,39,5,150,119.00,"17,850.00"
2020-08-31,2020083101039127,BARUN,32,56,10,96.00,960.00
2020-08-31,2020083101039126,BARUN,32,44,10,96.00,960.00
2020-08-31,2020083101039125,BARUN,32,39,65,96.00,"6,240.00"
2020-08-31,2020083101039124,BARUN,32,35,100,96.00,"9,600.00"
2020-08-31,2020083101039075,BBC,39,59,50,"1,595.00","79,750.00"
2020-08-31,2020083101039147,BOKL,38,14,53,232.00,"12,296.00"
2020-08-31,2020083101038954,BOKL,38,42,68,232.00,"15,776.00"
2020-08-31,2020083101038953,BOKL,38,49,79,232.00,"18,328.00"
2020-08-31,2020083101038830,BPCL,34,13,40,379.00,"15,160.00"
2020-08-31,2020083101038829,BPCL,34,16,10,379.00,"3,790.00"
2020-08-31,2020083101039200,CBBL,47,47,40,"1,082.00","43,280.00"
2020-08-31,2020083101039199,CBBL,47,47,50,"1,082.00","54,100.00"
2020-08-31,2020083101039198,CBBL,47,47,20,"1,082.00","21,640.00"
2020-08-31,2020083101039197,CBBL,47,47,69,"1,082.00","74,658.00"
2020-08-31,2020083101039044,CBBL,6,14,19,"1,080.00","20,520.00"
2020-08-31,2020083101038955,CBL,6,50,50,143.00,"7,150.00"
2020-08-31,2020083101039117,CCBL,41,36,17,174.00,"2,958.00"
2020-08-31,2020083101039116,CCBL,36,36,119,174.00,"20,706.00"
2020-08-31,2020083101039101,CCBL,55,51,10,175.00,"1,750.00"
2020-08-31,2020083101039014,CHCL,33,45,200,410.00,"82,000.00"
2020-08-31,2020083101039013,CHCL,45,45,80,410.00,"32,800.00"
2020-08-31,2020083101038980,CHCL,45,4,14,410.00,"5,740.00"
2020-08-31,2020083101038732,CHCL,45,38,393,410.00,"161,130.00"
2020-08-31,2020083101039201,CIT,26,34,12,"2,921.00","35,052.00"
2020-08-31,2020083101039165,CIT,7,14,10,"2,920.00","29,200.00"
2020-08-31,2020083101038850,CIT,45,58,48,"2,920.00","140,160.00"
2020-08-31,2020083101038849,CIT,45,34,12,"2,920.00","35,040.00"
2020-08-31,2020083101039193,CZBIL,14,34,400,194.00,"77,600.00"
2020-08-31,2020083101039162,CZBIL,35,36,81,193.00,"15,633.00"
2020-08-31,2020083101038768,CZBIL,26,34,500,194.00,"97,000.00"
2020-08-31,2020083101038981,DDBL,43,14,50,876.00,"43,800.00"
2020-08-31,2020083101039019,EBL,33,56,88,728.00,"64,064.00"
2020-08-31,2020083101039018,EBL,4,56,91,728.00,"66,248.00"
2020-08-31,2020083101038810,EBL,32,45,36,731.00,"26,316.00"
2020-08-31,2020083101038733,EBL,4,35,200,728.00,"145,600.00"
2020-08-31,2020083101039189,EIC,42,32,20,496.00,"9,920.00"
2020-08-31,2020083101039169,EIC,35,1,20,495.00,"9,900.00"
2020-08-31,2020083101038832,EIC,40,32,200,496.00,"99,200.00"
2020-08-31,2020083101038722,FMDBL,25,48,50,565.00,"28,250.00"
2020-08-31,2020083101038710,FMDBL,38,59,200,565.00,"113,000.00"
2020-08-31,2020083101039098,GBIME,38,19,100,255.00,"25,500.00"
2020-08-31,2020083101039088,GBIME,38,41,15,255.00,"3,825.00"
2020-08-31,2020083101039043,GBIME,28,41,385,255.00,"98,175.00"
2020-08-31,2020083101039042,GBIME,28,42,200,255.00,"51,000.00"
2020-08-31,2020083101039041,GBIME,28,17,415,255.00,"105,825.00"
2020-08-31,2020083101038841,GBIME,19,17,100,255.00,"25,500.00"
2020-08-31,2020083101039202,GBLBS,3,44,50,528.00,"26,400.00"
2020-08-31,2020083101039136,GBLBS,3,44,15,528.00,"7,920.00"
2020-08-31,2020083101039135,GBLBS,48,44,100,528.00,"52,800.00"
2020-08-31,2020083101039134,GBLBS,40,44,185,528.00,"97,680.00"
2020-08-31,2020083101039048,GBLBS,40,44,15,528.00,"7,920.00"
2020-08-31,2020083101039047,GBLBS,44,44,185,528.00,"97,680.00"
2020-08-31,2020083101038946,GBLBS,10,44,100,530.00,"53,000.00"
2020-08-31,2020083101038913,GBLBS,35,44,25,530.00,"13,250.00"
2020-08-31,2020083101039032,GBLBS,42,13,40,531.00,"21,240.00"
2020-08-31,2020083101039031,GBLBS,42,46,15,531.00,"7,965.00"
2020-08-31,2020083101039030,GBLBS,42,45,70,530.00,"37,100.00"
2020-08-31,2020083101039029,GBLBS,42,44,75,530.00,"39,750.00"
2020-08-31,2020083101039016,GBLBS,44,20,15,528.00,"7,920.00"
2020-08-31,2020083101038963,GBLBS,44,20,100,528.00,"52,800.00"
2020-08-31,2020083101038745,GFCL,22,34,20,152.00,"3,040.00"
2020-08-31,2020083101039102,GGBSL,14,22,30,825.00,"24,750.00"
2020-08-31,2020083101039182,GILB,46,36,33,"1,182.00","39,006.00"
2020-08-31,2020083101039046,GILB,54,58,15,"1,184.00","17,760.00"
2020-08-31,2020083101038941,GILB,46,17,17,"1,182.00","20,094.00"
2020-08-31,2020083101038846,GILB,44,42,934,"1,181.00","1,103,050.00"
2020-08-31,2020083101038845,GILB,32,42,10,"1,182.00","11,820.00"
2020-08-31,2020083101038844,GILB,37,42,46,"1,182.00","54,372.00"
2020-08-31,2020083101038843,GILB,21,42,10,"1,183.00","11,830.00"
2020-08-31,2020083101039149,GLBSL,43,22,10,824.00,"8,240.00"
2020-08-31,2020083101039148,GLBSL,43,41,10,822.00,"8,220.00"
2020-08-31,2020083101039090,GLBSL,43,43,10,818.00,"8,180.00"
2020-08-31,2020083101039195,GLICL,57,52,30,574.00,"17,220.00"
2020-08-31,2020083101039119,GLICL,41,52,120,574.00,"68,880.00"
2020-08-31,2020083101039118,GLICL,41,34,30,573.00,"17,190.00"
2020-08-31,2020083101039049,GLICL,55,17,13,572.00,"7,436.00"
2020-08-31,2020083101039000,GLICL,41,17,30,572.00,"17,160.00"
2020-08-31,2020083101038927,GLICL,56,17,15,572.00,"8,580.00"
2020-08-31,2020083101038863,GLICL,56,52,50,572.00,"28,600.00"
2020-08-31,2020083101038905,GMFIL,16,52,500,124.00,"62,000.00"
2020-08-31,2020083101039161,HDHPC,45,54,70,88.00,"6,160.00"
2020-08-31,2020083101039160,HDHPC,56,54,100,88.00,"8,800.00"
2020-08-31,2020083101039159,HDHPC,56,54,200,88.00,"17,600.00"
2020-08-31,2020083101039158,HDHPC,57,54,300,88.00,"26,400.00"
2020-08-31,2020083101039157,HDHPC,39,54,100,88.00,"8,800.00"
2020-08-31,2020083101039156,HDHPC,35,54,50,88.00,"4,400.00"
2020-08-31,2020083101039155,HDHPC,54,54,70,88.00,"6,160.00"
2020-08-31,2020083101039052,HDHPC,49,54,20,89.00,"1,780.00"
2020-08-31,2020083101039051,HDHPC,42,54,500,89.00,"44,500.00"
2020-08-31,2020083101039050,HDHPC,7,54,70,89.00,"6,230.00"
2020-08-31,2020083101038950,HDHPC,44,54,480,90.00,"43,200.00"
2020-08-31,2020083101038949,HDHPC,13,54,40,91.00,"3,640.00"
2020-08-31,2020083101039206,HDL,6,35,20,"1,818.00","36,360.00"
2020-08-31,2020083101039173,HDL,5,35,50,"1,818.00","90,900.00"
2020-08-31,2020083101038972,HDL,45,54,20,"1,816.00","36,320.00"
2020-08-31,2020083101038973,HDL,5,54,80,"1,815.00","145,200.00"
2020-08-31,2020083101039168,HGI,46,54,533,480.00,"255,840.00"
2020-08-31,2020083101039001,HGI,42,48,100,479.00,"47,900.00"
2020-08-31,2020083101038869,HIDCL,52,34,61,141.00,"8,601.00"
2020-08-31,2020083101038868,HIDCL,52,53,200,141.00,"28,200.00"
2020-08-31,2020083101038867,HIDCL,52,33,500,141.00,"70,500.00"
2020-08-31,2020083101038866,HIDCL,52,56,61,141.00,"8,601.00"
2020-08-31,2020083101038865,HIDCL,52,21,51,141.00,"7,191.00"
2020-08-31,2020083101038864,HIDCL,52,17,567,140.00,"79,380.00"
2020-08-31,2020083101038749,HIDCL,52,34,100,140.00,"14,000.00"
2020-08-31,2020083101038748,HIDCL,52,4,54,140.00,"7,560.00"
2020-08-31,2020083101038754,IGI,13,6,100,533.00,"53,300.00"
2020-08-31,2020083101038911,IGI,58,6,12,535.00,"6,420.00"
2020-08-31,2020083101038910,IGI,58,56,88,535.00,"47,080.00"
2020-08-31,2020083101038909,IGI,58,50,50,535.00,"26,750.00"
2020-08-31,2020083101038814,IGI,13,22,20,533.00,"10,660.00"
2020-08-31,2020083101038763,IGI,13,6,300,533.00,"159,900.00"
2020-08-31,2020083101039074,ILBS,38,42,15,762.00,"11,430.00"
2020-08-31,2020083101038982,ILBS,25,51,256,764.00,"195,584.00"
2020-08-31,2020083101038840,ILBS,38,38,11,762.00,"8,382.00"
2020-08-31,2020083101038771,ILBS,45,6,139,763.00,"106,057.00"
2020-08-31,2020083101039174,JBBL,56,34,680,171.00,"116,280.00"
2020-08-31,2020083101039153,JBBL,52,17,70,170.00,"11,900.00"
2020-08-31,2020083101038999,JSLBB,13,50,10,"1,414.00","14,140.00"
2020-08-31,2020083101039203,KBL,10,36,42,190.00,"7,980.00"
2020-08-31,2020083101038877,KBL,10,58,"1,000",190.00,"190,000.00"
2020-08-31,2020083101038799,KBL,10,33,800,190.00,"152,000.00"
2020-08-31,2020083101039063,KMCDB,5,7,16,767.00,"12,272.00"
2020-08-31,2020083101038720,KMCDB,49,7,189,767.00,"144,963.00"
2020-08-31,2020083101038719,KMCDB,29,7,100,770.00,"77,000.00"
2020-08-31,2020083101038712,KMCDB,36,7,90,774.00,"69,660.00"
2020-08-31,2020083101038718,KMCDB,13,7,30,770.00,"23,100.00"
2020-08-31,2020083101038717,KMCDB,52,7,10,770.00,"7,700.00"
2020-08-31,2020083101038716,KMCDB,45,7,150,771.00,"115,650.00"
2020-08-31,2020083101038715,KMCDB,36,7,235,772.00,"181,420.00"
2020-08-31,2020083101038714,KMCDB,32,7,20,772.00,"15,440.00"
2020-08-31,2020083101038713,KMCDB,41,7,110,772.00,"84,920.00"
2020-08-31,2020083101039146,KPCL,44,45,10,115.00,"1,150.00"
2020-08-31,2020083101039040,KPCL,44,40,10,115.00,"1,150.00"
2020-08-31,2020083101039205,KSBBL,56,18,276,140.00,"38,640.00"
2020-08-31,2020083101039204,KSBBL,29,18,100,140.00,"14,000.00"
2020-08-31,2020083101038860,LBBL,25,42,167,184.00,"30,728.00"
2020-08-31,2020083101039005,LBL,32,40,"1,510",240.00,"362,400.00"
2020-08-31,2020083101039004,LBL,32,34,490,240.00,"117,600.00"
2020-08-31,2020083101038903,LBL,54,34,10,240.00,"2,400.00"
2020-08-31,2020083101038730,LBL,14,25,400,241.00,"96,400.00"
2020-08-31,2020083101038729,LBL,14,58,300,241.00,"72,300.00"
2020-08-31,2020083101039129,LGIL,57,35,60,534.00,"32,040.00"
2020-08-31,2020083101039003,LGIL,48,11,26,532.00,"13,832.00"
2020-08-31,2020083101039002,LGIL,33,11,24,532.00,"12,768.00"
2020-08-31,2020083101038935,LGIL,33,11,26,532.00,"13,832.00"
2020-08-31,2020083101038934,LGIL,57,11,20,532.00,"10,640.00"
2020-08-31,2020083101038933,LGIL,33,11,50,532.00,"26,600.00"
2020-08-31,2020083101038932,LGIL,33,11,50,533.00,"26,650.00"
2020-08-31,2020083101038862,LGIL,33,11,50,533.00,"26,650.00"
2020-08-31,2020083101038861,LGIL,50,11,50,533.00,"26,650.00"
2020-08-31,2020083101038853,LGIL,46,22,187,535.00,"100,045.00"
2020-08-31,2020083101038852,LGIL,46,6,13,535.00,"6,955.00"
2020-08-31,2020083101038851,LGIL,46,50,300,533.00,"159,900.00"
2020-08-31,2020083101038976,LICN,44,34,50,"1,469.00","73,450.00"
2020-08-31,2020083101038836,LLBS,49,51,153,"1,145.00","175,185.00"
2020-08-31,2020083101038978,MBL,55,10,220,226.00,"49,720.00"
2020-08-31,2020083101038965,MBL,44,56,100,227.00,"22,700.00"
2020-08-31,2020083101038797,MBL,49,56,176,227.00,"39,952.00"
2020-08-31,2020083101038709,MBL,14,56,"1,000",227.00,"227,000.00"
2020-08-31,2020083101039166,MEGA,17,4,100,225.00,"22,500.00"
2020-08-31,2020083101038964,MEGA,36,41,330,224.00,"73,920.00"
2020-08-31,2020083101038806,MEGA,58,4,"2,000",225.00,"450,000.00"
2020-08-31,2020083101038734,MEGA,58,4,850,225.00,"191,250.00"
2020-08-31,2020083101038872,MFIL,47,57,400,280.00,"112,000.00"
2020-08-31,2020083101038871,MFIL,47,10,500,279.00,"139,500.00"
2020-08-31,2020083101038870,MFIL,47,25,100,279.00,"27,900.00"
2020-08-31,2020083101038774,MLBL,57,34,12,193.00,"2,316.00"
2020-08-31,2020083101039084,NABIL,29,35,200,841.00,"168,200.00"
2020-08-31,2020083101039114,NADEP,44,33,100,638.00,"63,800.00"
2020-08-31,2020083101038977,NBB,6,34,300,198.00,"59,400.00"
2020-08-31,2020083101039172,NBL,44,34,266,290.00,"77,140.00"
2020-08-31,2020083101039171,NBL,39,34,625,290.00,"181,250.00"
2020-08-31,2020083101039130,NBL,34,56,200,291.00,"58,200.00"
2020-08-31,2020083101038888,NBL,58,56,50,291.00,"14,550.00"
2020-08-31,2020083101038839,NBL,39,52,375,290.00,"108,750.00"
2020-08-31,2020083101038838,NBL,1,52,125,290.00,"36,250.00"
2020-08-31,2020083101038726,NBL,35,56,100,291.00,"29,100.00"
2020-08-31,2020083101038725,NBL,35,51,600,291.00,"174,600.00"
2020-08-31,2020083101038724,NBL,35,45,300,291.00,"87,300.00"
2020-08-31,2020083101038708,NBL,49,34,20,291.00,"5,820.00"
2020-08-31,2020083101039066,NCCB,58,4,39,193.00,"7,527.00"
2020-08-31,2020083101038848,NCCB,56,49,10,194.00,"1,940.00"
2020-08-31,2020083101038707,NCCB,58,56,200,193.00,"38,600.00"
2020-08-31,2020083101039065,NFS,28,53,10,183.00,"1,830.00"
2020-08-31,2020083101038957,NFS,28,28,10,181.00,"1,810.00"
2020-08-31,2020083101038773,NGPL,17,45,11,130.00,"1,430.00"
2020-08-31,2020083101039190,NHPC,35,58,100,56.00,"5,600.00"
2020-08-31,2020083101039139,NHPC,58,58,"3,560",55.00,"195,800.00"
2020-08-31,2020083101039138,NHPC,6,58,500,55.00,"27,500.00"
2020-08-31,2020083101039137,NHPC,10,58,940,55.00,"51,700.00"
2020-08-31,2020083101039100,NHPC,46,58,"1,000",56.00,"56,000.00"
2020-08-31,2020083101039064,NHPC,7,58,500,56.00,"28,000.00"
2020-08-31,2020083101039006,NHPC,38,58,500,56.00,"28,000.00"
2020-08-31,2020083101038890,NHPC,38,58,710,56.00,"39,760.00"
2020-08-31,2020083101038889,NHPC,38,49,290,56.00,"16,240.00"
2020-08-31,2020083101038811,NIB,55,49,125,423.00,"52,875.00"
2020-08-31,2020083101039151,NICA,47,57,20,588.00,"11,760.00"
2020-08-31,2020083101039061,NICA,44,58,"1,044",586.00,"611,784.00"
2020-08-31,2020083101039060,NICA,13,58,200,587.00,"117,400.00"
2020-08-31,2020083101039059,NICA,21,58,100,587.00,"58,700.00"
2020-08-31,2020083101039058,NICA,42,58,50,587.00,"29,350.00"
2020-08-31,2020083101039057,NICA,11,58,80,587.00,"46,960.00"
2020-08-31,2020083101038929,NICA,10,58,"4,025",588.00,"2,366,700.00"
2020-08-31,2020083101038920,NICA,10,48,100,588.00,"58,800.00"
2020-08-31,2020083101038772,NICA,10,46,200,588.00,"117,600.00"
2020-08-31,2020083101038762,NICA,10,33,300,588.00,"176,400.00"
2020-08-31,2020083101039056,NICA,43,58,150,587.00,"88,050.00"
2020-08-31,2020083101039055,NICA,17,58,800,587.00,"469,600.00"
2020-08-31,2020083101039054,NICA,17,58,800,587.00,"469,600.00"
2020-08-31,2020083101039053,NICA,52,58,96,588.00,"56,448.00"
2020-08-31,2020083101038931,NICA,52,58,575,588.00,"338,100.00"
2020-08-31,2020083101038930,NICA,34,58,400,588.00,"235,200.00"
2020-08-31,2020083101039194,NICL,50,57,50,549.00,"27,450.00"
2020-08-31,2020083101039178,NICL,11,6,200,549.00,"109,800.00"
2020-08-31,2020083101038793,NICL,11,57,25,551.00,"13,775.00"
2020-08-31,2020083101038792,NICL,11,6,10,549.00,"5,490.00"
2020-08-31,2020083101038791,NICL,11,33,300,549.00,"164,700.00"
2020-08-31,2020083101038790,NICL,11,43,117,549.00,"64,233.00"
2020-08-31,2020083101038880,NICL,11,50,162,557.00,"90,234.00"
2020-08-31,2020083101038879,NICL,11,5,100,557.00,"55,700.00"
2020-08-31,2020083101038878,NICL,11,35,500,554.00,"277,000.00"
2020-08-31,2020083101038796,NICL,11,48,100,555.00,"55,500.00"
2020-08-31,2020083101038795,NICL,11,57,"1,000",555.00,"555,000.00"
2020-08-31,2020083101038794,NICL,11,5,100,553.00,"55,300.00"
2020-08-31,2020083101038979,NICL,32,45,24,558.00,"13,392.00"
2020-08-31,2020083101038918,NICL,6,26,247,548.00,"135,356.00"
2020-08-31,2020083101038917,NICL,6,26,300,549.00,"164,700.00"
2020-08-31,2020083101038916,NICL,46,26,200,549.00,"109,800.00"
2020-08-31,2020083101038915,NICL,11,26,253,557.00,"140,921.00"
2020-08-31,2020083101039192,NIL,3,58,200,796.00,"159,200.00"
2020-08-31,2020083101039191,NIL,28,58,300,796.00,"238,800.00"
2020-08-31,2020083101039141,NIL,41,44,20,798.00,"15,960.00"
2020-08-31,2020083101039140,NIL,41,44,10,798.00,"7,980.00"
2020-08-31,2020083101038958,NIL,22,38,100,799.00,"79,900.00"
2020-08-31,2020083101038948,NIL,41,21,490,798.00,"391,020.00"
2020-08-31,2020083101038908,NIL,42,21,10,798.00,"7,980.00"
2020-08-31,2020083101039150,NLBBL,57,50,35,730.00,"25,550.00"
2020-08-31,2020083101038807,NLBBL,57,17,50,730.00,"36,500.00"
2020-08-31,2020083101038805,NLBBL,16,16,1,720.00,720.00
2020-08-31,2020083101038728,NLG,29,57,47,738.00,"34,686.00"
2020-08-31,2020083101039073,NLIC,32,1,297,"1,389.00","412,533.00"
2020-08-31,2020083101039025,NLIC,57,44,2,"1,390.00","2,780.00"
2020-08-31,2020083101039024,NLIC,44,44,100,"1,390.00","139,000.00"
2020-08-31,2020083101038919,NLIC,36,44,178,"1,390.00","247,420.00"
2020-08-31,2020083101038819,NLIC,36,28,822,"1,390.00","1,142,580.00"
2020-08-31,2020083101038818,NLIC,29,28,178,"1,390.00","247,420.00"
2020-08-31,2020083101038736,NLIC,29,50,72,"1,390.00","100,080.00"
2020-08-31,2020083101038735,NLIC,14,50,28,"1,390.00","38,920.00"
2020-08-31,2020083101038731,NLIC,14,56,22,"1,390.00","30,580.00"
2020-08-31,2020083101038901,NLICL,42,17,95,760.00,"72,200.00"
2020-08-31,2020083101038900,NLICL,45,17,340,760.00,"258,400.00"
2020-08-31,2020083101038899,NLICL,44,17,65,763.00,"49,595.00"
2020-08-31,2020083101038804,NLICL,44,34,"2,000",763.00,"1,526,000.00"
2020-08-31,2020083101038803,NLICL,44,14,75,762.00,"57,150.00"
2020-08-31,2020083101038802,NLICL,44,17,750,762.00,"571,500.00"
2020-08-31,2020083101038801,NLICL,44,43,10,762.00,"7,620.00"
2020-08-31,2020083101038740,NLICL,46,43,290,762.00,"220,980.00"
2020-08-31,2020083101038739,NLICL,46,44,100,761.00,"76,100.00"
2020-08-31,2020083101038738,NLICL,46,32,10,761.00,"7,610.00"
2020-08-31,2020083101038737,NLICL,46,41,100,761.00,"76,100.00"
2020-08-31,2020083101039184,NMB,55,8,500,428.00,"214,000.00"
2020-08-31,2020083101039103,NMB,55,8,150,428.00,"64,200.00"
2020-08-31,2020083101039072,NMB,55,6,357,428.00,"152,796.00"
2020-08-31,2020083101039034,NMB,44,34,200,429.00,"85,800.00"
2020-08-31,2020083101039154,NMFBS,25,45,50,"1,558.00","77,900.00"
2020-08-31,2020083101038770,NMFBS,25,28,16,"1,552.00","24,832.00"
2020-08-31,2020083101038898,NRIC,41,38,50,847.00,"42,350.00"
2020-08-31,2020083101038711,NRIC,41,49,10,847.00,"8,470.00"
2020-08-31,2020083101039183,NRN,14,38,10,445.00,"4,450.00"
2020-08-31,2020083101039163,NRN,14,51,10,445.00,"4,450.00"
2020-08-31,2020083101039123,NRN,14,17,10,445.00,"4,450.00"
2020-08-31,2020083101039085,NRN,14,41,10,445.00,"4,450.00"
2020-08-31,2020083101038727,NRN,14,14,10,445.00,"4,450.00"
2020-08-31,2020083101038902,NRN,26,22,10,445.00,"4,450.00"
2020-08-31,2020083101038847,NRN,26,38,10,445.00,"4,450.00"
2020-08-31,2020083101038834,NRN,26,22,10,445.00,"4,450.00"
2020-08-31,2020083101038833,NRN,14,1,10,445.00,"4,450.00"
2020-08-31,2020083101038769,NRN,14,22,10,445.00,"4,450.00"
2020-08-31,2020083101038747,NRN,14,38,10,445.00,"4,450.00"
2020-08-31,2020083101038959,NRN,26,38,10,445.00,"4,450.00"
2020-08-31,2020083101038947,NRN,26,10,10,445.00,"4,450.00"
2020-08-31,2020083101038938,NRN,26,44,10,445.00,"4,450.00"
2020-08-31,2020083101038928,NRN,26,45,10,445.00,"4,450.00"
2020-08-31,2020083101038907,NRN,26,38,10,445.00,"4,450.00"
2020-08-31,2020083101039071,NRN,14,38,10,445.00,"4,450.00"
2020-08-31,2020083101039037,NRN,43,28,10,445.00,"4,450.00"
2020-08-31,2020083101039036,NRN,43,17,10,445.00,"4,450.00"
2020-08-31,2020083101039015,NRN,26,41,10,445.00,"4,450.00"
2020-08-31,2020083101039008,NRN,26,38,10,445.00,"4,450.00"
2020-08-31,2020083101039067,NSEWA,35,20,10,696.00,"6,960.00"
2020-08-31,2020083101039009,NTC,28,34,50,669.00,"33,450.00"
2020-08-31,2020083101039095,NUBL,43,19,100,973.00,"97,300.00"
2020-08-31,2020083101039094,NUBL,4,19,50,973.00,"48,650.00"
2020-08-31,2020083101039093,NUBL,21,19,100,973.00,"97,300.00"
2020-08-31,2020083101038767,OHL,38,58,48,336.00,"16,128.00"
2020-08-31,2020083101038766,OHL,57,58,50,336.00,"16,800.00"
2020-08-31,2020083101038765,OHL,19,58,200,336.00,"67,200.00"
2020-08-31,2020083101038764,OHL,14,58,202,336.00,"67,872.00"
2020-08-31,2020083101039113,PCBL,58,48,37,283.00,"10,471.00"
2020-08-31,2020083101039112,PCBL,13,48,"1,000",283.00,"283,000.00"
2020-08-31,2020083101039111,PCBL,45,48,200,283.00,"56,600.00"
2020-08-31,2020083101039110,PCBL,11,48,200,283.00,"56,600.00"
2020-08-31,2020083101039109,PCBL,44,48,30,283.00,"8,490.00"
2020-08-31,2020083101039108,PCBL,53,48,50,283.00,"14,150.00"
2020-08-31,2020083101039107,PCBL,35,48,70,283.00,"19,810.00"
2020-08-31,2020083101039106,PCBL,11,48,200,283.00,"56,600.00"
2020-08-31,2020083101039105,PCBL,44,48,170,283.00,"48,110.00"
2020-08-31,2020083101039104,PCBL,34,48,43,283.00,"12,169.00"
2020-08-31,2020083101039035,PCBL,34,36,101,283.00,"28,583.00"
2020-08-31,2020083101039144,PIC,36,36,123,775.00,"95,325.00"
2020-08-31,2020083101039143,PIC,36,29,50,775.00,"38,750.00"
2020-08-31,2020083101039142,PIC,36,53,650,770.00,"500,500.00"
2020-08-31,2020083101039028,PIC,1,53,100,770.00,"77,000.00"
2020-08-31,2020083101038986,PIC,45,56,71,768.00,"54,528.00"
2020-08-31,2020083101038937,PIC,45,22,119,768.00,"91,392.00"
2020-08-31,2020083101038936,PIC,26,22,81,768.00,"62,208.00"
2020-08-31,2020083101038828,PIC,3,53,50,770.00,"38,500.00"
2020-08-31,2020083101038721,PIC,21,28,81,770.00,"62,370.00"
2020-08-31,2020083101039069,PICL,32,36,25,545.00,"13,625.00"
2020-08-31,2020083101039068,PICL,59,36,190,545.00,"103,550.00"
2020-08-31,2020083101039033,PLIC,43,34,100,650.00,"65,000.00"
2020-08-31,2020083101039027,PLIC,46,40,291,645.00,"187,695.00"
2020-08-31,2020083101039026,PLIC,1,40,100,645.00,"64,500.00"
2020-08-31,2020083101039012,PLIC,7,34,25,650.00,"16,250.00"
2020-08-31,2020083101038827,PLIC,35,34,78,650.00,"50,700.00"
2020-08-31,2020083101038826,PLIC,35,45,56,650.00,"36,400.00"
2020-08-31,2020083101038825,PLIC,35,8,16,650.00,"10,400.00"
2020-08-31,2020083101038971,PMHPL,32,39,190,86.00,"16,340.00"
2020-08-31,2020083101038970,PMHPL,32,5,10,86.00,860.00
2020-08-31,2020083101038969,PMHPL,32,10,100,86.00,"8,600.00"
2020-08-31,2020083101038968,PMHPL,32,38,10,85.00,850.00
2020-08-31,2020083101038967,PMHPL,32,38,10,85.00,850.00
2020-08-31,2020083101038974,PPCL,1,28,10,130.00,"1,300.00"
2020-08-31,2020083101038996,PRIN,3,54,343,599.00,"205,457.00"
2020-08-31,2020083101038995,PRIN,34,54,100,600.00,"60,000.00"
2020-08-31,2020083101038994,PRIN,25,54,57,600.00,"34,200.00"
2020-08-31,2020083101038912,PRIN,17,40,250,605.00,"151,250.00"
2020-08-31,2020083101038859,PRIN,25,54,143,600.00,"85,800.00"
2020-08-31,2020083101038858,PRIN,35,54,100,600.00,"60,000.00"
2020-08-31,2020083101038857,PRIN,39,54,100,600.00,"60,000.00"
2020-08-31,2020083101038856,PRIN,51,54,20,601.00,"12,020.00"
2020-08-31,2020083101038855,PRIN,17,54,50,602.00,"30,100.00"
2020-08-31,2020083101038854,PRIN,46,54,87,603.00,"52,461.00"
2020-08-31,2020083101038751,PRIN,46,13,413,603.00,"249,039.00"
2020-08-31,2020083101038750,PRIN,34,13,100,605.00,"60,500.00"
2020-08-31,2020083101039096,PRVU,45,51,20,233.00,"4,660.00"
2020-08-31,2020083101039007,PRVU,58,51,533,233.00,"124,189.00"
2020-08-31,2020083101038876,PRVU,58,57,467,233.00,"108,811.00"
2020-08-31,2020083101038875,PRVU,34,57,533,233.00,"124,189.00"
2020-08-31,2020083101038808,PRVU,8,8,"3,979",234.00,"931,086.00"
2020-08-31,2020083101038746,PRVU,34,29,69,233.00,"16,077.00"
2020-08-31,2020083101038821,RADHI,43,13,200,188.00,"37,600.00"
2020-08-31,2020083101039099,RHPL,33,4,40,158.00,"6,320.00"
2020-08-31,2020083101039080,RHPL,45,13,80,159.00,"12,720.00"
2020-08-31,2020083101039079,RHPL,45,11,40,159.00,"6,360.00"
2020-08-31,2020083101039078,RHPL,45,11,40,159.00,"6,360.00"
2020-08-31,2020083101039077,RHPL,45,11,40,159.00,"6,360.00"
2020-08-31,2020083101039045,RHPL,33,19,500,158.00,"79,000.00"
2020-08-31,2020083101039017,RHPL,33,38,40,158.00,"6,320.00"
2020-08-31,2020083101038823,RHPL,33,32,40,158.00,"6,320.00"
2020-08-31,2020083101039083,RMDC,35,41,336,858.00,"288,288.00"
2020-08-31,2020083101039082,RMDC,35,38,50,858.00,"42,900.00"
2020-08-31,2020083101039081,RMDC,35,25,114,857.00,"97,698.00"
2020-08-31,2020083101038831,RMDC,43,46,56,854.00,"47,824.00"
2020-08-31,2020083101038787,RMDC,43,57,200,854.00,"170,800.00"
2020-08-31,2020083101039167,RRHP,35,4,10,97.00,970.00
2020-08-31,2020083101038940,RRHP,20,57,10,98.00,980.00
2020-08-31,2020083101038939,RRHP,20,5,10,98.00,980.00
2020-08-31,2020083101038798,SABSL,1,4,11,814.00,"8,954.00"
2020-08-31,2020083101038775,SABSL,44,40,10,813.00,"8,130.00"
2020-08-31,2020083101038925,SADBL,35,45,200,144.00,"28,800.00"
2020-08-31,2020083101038924,SADBL,42,45,200,144.00,"28,800.00"
2020-08-31,2020083101038820,SADBL,56,49,"2,250",145.00,"326,250.00"
2020-08-31,2020083101038956,SANIMA,49,47,25,349.00,"8,725.00"
2020-08-31,2020083101038789,SBI,43,25,50,432.00,"21,600.00"
2020-08-31,2020083101038723,SBI,58,25,61,432.00,"26,352.00"
2020-08-31,2020083101038837,SBL,49,20,100,302.00,"30,200.00"
2020-08-31,2020083101038758,SCB,17,50,30,660.00,"19,800.00"
2020-08-31,2020083101038757,SCB,17,47,20,660.00,"13,200.00"
2020-08-31,2020083101038756,SCB,17,17,50,660.00,"33,000.00"
2020-08-31,2020083101038755,SCB,17,45,20,660.00,"13,200.00"
2020-08-31,2020083101039076,SDLBSL,29,16,10,824.00,"8,240.00"
2020-08-31,2020083101039039,SDLBSL,29,22,10,824.00,"8,240.00"
2020-08-31,2020083101038744,SDLBSL,29,52,60,824.00,"49,440.00"
2020-08-31,2020083101039120,SHIVM,38,14,10,718.00,"7,180.00"
2020-08-31,2020083101039070,SHIVM,38,45,10,720.00,"7,200.00"
2020-08-31,2020083101038780,SHIVM,6,10,300,713.00,"213,900.00"
2020-08-31,2020083101038779,SHIVM,50,10,155,714.00,"110,670.00"
2020-08-31,2020083101038778,SHIVM,19,10,40,715.00,"28,600.00"
2020-08-31,2020083101038777,SHIVM,10,10,100,715.00,"71,500.00"
2020-08-31,2020083101038776,SHIVM,34,10,150,715.00,"107,250.00"
2020-08-31,2020083101038786,SHIVM,58,10,70,711.00,"49,770.00"
2020-08-31,2020083101038785,SHIVM,33,10,500,711.00,"355,500.00"
2020-08-31,2020083101038784,SHIVM,36,10,860,711.00,"611,460.00"
2020-08-31,2020083101038783,SHIVM,50,10,250,712.00,"178,000.00"
2020-08-31,2020083101038782,SHIVM,47,10,500,712.00,"356,000.00"
2020-08-31,2020083101038781,SHIVM,19,10,50,712.00,"35,600.00"
2020-08-31,2020083101039062,SHIVM,5,56,600,718.00,"430,800.00"
2020-08-31,2020083101038966,SHIVM,5,56,400,718.00,"287,200.00"
2020-08-31,2020083101038945,SHIVM,58,50,25,713.00,"17,825.00"
2020-08-31,2020083101038906,SHIVM,58,10,48,711.00,"34,128.00"
2020-08-31,2020083101038842,SHIVM,25,10,500,711.00,"355,500.00"
2020-08-31,2020083101038824,SHIVM,58,10,100,711.00,"71,100.00"
2020-08-31,2020083101038813,SHL,25,14,100,157.00,"15,700.00"
2020-08-31,2020083101039115,SHPC,49,46,100,249.00,"24,900.00"
2020-08-31,2020083101039177,SICL,20,55,25,"1,265.00","31,625.00"
2020-08-31,2020083101039176,SICL,20,21,75,"1,264.00","94,800.00"
2020-08-31,2020083101039087,SICL,36,21,25,"1,264.00","31,600.00"
2020-08-31,2020083101038788,SICL,11,55,80,"1,265.00","101,200.00"
2020-08-31,2020083101039181,SIL,3,39,44,756.00,"33,264.00"
2020-08-31,2020083101039180,SIL,7,39,50,756.00,"37,800.00"
2020-08-31,2020083101039179,SIL,38,39,106,757.00,"80,242.00"
2020-08-31,2020083101039023,SIL,38,47,394,757.00,"298,258.00"
2020-08-31,2020083101039022,SIL,44,47,203,757.00,"153,671.00"
2020-08-31,2020083101039021,SIL,58,47,30,758.00,"22,740.00"
2020-08-31,2020083101038975,SIL,3,44,100,759.00,"75,900.00"
2020-08-31,2020083101038926,SIL,38,7,200,758.00,"151,600.00"
2020-08-31,2020083101039133,SJCL,51,32,20,142.00,"2,840.00"
2020-08-31,2020083101039086,SJCL,51,38,20,142.00,"2,840.00"
2020-08-31,2020083101038997,SJCL,51,32,10,142.00,"1,420.00"
2020-08-31,2020083101038960,SJCL,51,53,20,142.00,"2,840.00"
2020-08-31,2020083101038989,SKBBL,25,25,25,"1,340.00","33,500.00"
2020-08-31,2020083101038988,SKBBL,5,25,29,"1,340.00","38,860.00"
2020-08-31,2020083101038987,SKBBL,29,25,21,"1,340.00","28,140.00"
2020-08-31,2020083101039152,SLBBL,35,51,50,832.00,"41,600.00"
2020-08-31,2020083101038998,SLBBL,3,51,50,832.00,"41,600.00"
2020-08-31,2020083101038993,SLBBL,29,51,30,832.00,"24,960.00"
2020-08-31,2020083101038992,SLBBL,41,51,10,832.00,"8,320.00"
2020-08-31,2020083101038991,SLBBL,26,51,100,832.00,"83,200.00"
2020-08-31,2020083101038990,SLBBL,11,51,50,833.00,"41,650.00"
2020-08-31,2020083101039196,SLICL,20,57,200,582.00,"116,400.00"
2020-08-31,2020083101039175,SLICL,22,47,20,584.00,"11,680.00"
2020-08-31,2020083101039011,SLICL,16,47,100,584.00,"58,400.00"
2020-08-31,2020083101039010,SLICL,33,47,100,584.00,"58,400.00"
2020-08-31,2020083101038962,SLICL,59,58,10,585.00,"5,850.00"
2020-08-31,2020083101038904,SLICL,22,58,20,585.00,"11,700.00"
2020-08-31,2020083101038815,SRBL,45,50,200,229.00,"45,800.00"
2020-08-31,2020083101038753,SRBL,45,28,654,229.00,"149,766.00"
2020-08-31,2020083101038752,SRBL,8,28,346,229.00,"79,234.00"
2020-08-31,2020083101039097,SWBBL,33,49,400,"1,253.00","501,200.00"
2020-08-31,2020083101038835,TRH,22,45,50,209.00,"10,450.00"
2020-08-31,2020083101039170,UIC,38,16,500,421.00,"210,500.00"
2020-08-31,2020083101038896,UIC,34,38,100,421.00,"42,100.00"
2020-08-31,2020083101038895,UIC,47,38,500,421.00,"210,500.00"
2020-08-31,2020083101038894,UIC,1,38,110,422.00,"46,420.00"
2020-08-31,2020083101038893,UIC,45,38,100,423.00,"42,300.00"
2020-08-31,2020083101038892,UIC,59,38,956,423.00,"404,388.00"
2020-08-31,2020083101038891,UIC,54,38,130,425.00,"55,250.00"
2020-08-31,2020083101038759,UIC,54,56,300,425.00,"127,500.00"
2020-08-31,2020083101038887,UMHL,26,46,621,104.00,"64,584.00"
2020-08-31,2020083101038886,UMHL,45,46,116,104.00,"12,064.00"
2020-08-31,2020083101038885,UMHL,58,46,60,105.00,"6,300.00"
2020-08-31,2020083101038884,UMHL,41,46,500,105.00,"52,500.00"
2020-08-31,2020083101038883,UMHL,21,46,60,105.00,"6,300.00"
2020-08-31,2020083101038882,UMHL,1,46,200,105.00,"21,000.00"
2020-08-31,2020083101038881,UMHL,1,46,172,106.00,"18,232.00"
2020-08-31,2020083101039121,UPCL,16,32,100,76.00,"7,600.00"
2020-08-31,2020083101038809,UPCL,16,52,50,76.00,"3,800.00"
2020-08-31,2020083101039164,UPPER,41,32,100,230.00,"23,000.00"
2020-08-31,2020083101039089,UPPER,3,32,200,230.00,"46,000.00"
2020-08-31,2020083101039038,UPPER,58,32,300,230.00,"69,000.00"
2020-08-31,2020083101038761,UPPER,38,32,30,230.00,"6,900.00"
2020-08-31,2020083101038760,UPPER,38,52,20,229.00,"4,580.00"
2020-08-31,2020083101038743,UPPER,13,52,20,229.00,"4,580.00"
2020-08-31,2020083101038742,UPPER,11,52,160,229.00,"36,640.00"
2020-08-31,2020083101038741,UPPER,11,38,40,229.00,"9,160.00"
2020-08-31,2020083101038983,UPPER,5,22,40,229.00,"9,160.00"
2020-08-31,2020083101038984,UPPER,5,32,60,230.00,"13,800.00"
2020-08-31,2020083101039188,VLBS,29,51,124,935.00,"115,940.00"
2020-08-31,2020083101039187,VLBS,34,51,50,935.00,"46,750.00"
2020-08-31,2020083101039186,VLBS,25,51,50,935.00,"46,750.00"
2020-08-31,2020083101039185,VLBS,36,51,10,935.00,"9,350.00"
2020-08-31,2020083101038678,ACLBSL,54,46,10,701.00,"7,010.00"
2020-08-31,2020083101038559,ACLBSL,28,50,10,701.00,"7,010.00"
2020-08-31,2020083101038558,ACLBSL,52,50,50,701.00,"35,050.00"
2020-08-31,2020083101038486,ACLBSL,28,38,10,701.00,"7,010.00"
2020-08-31,2020083101038386,ACLBSL,52,47,60,701.00,"42,060.00"
2020-08-31,2020083101038341,ADBL,19,45,26,427.00,"11,102.00"
2020-08-31,2020083101038340,ADBL,11,45,27,428.00,"11,556.00"
2020-08-31,2020083101038243,ADBL,11,45,23,428.00,"9,844.00"
2020-08-31,2020083101038242,ADBL,51,45,30,428.00,"12,840.00"
2020-08-31,2020083101038689,AIL,38,14,10,525.00,"5,250.00"
2020-08-31,2020083101038649,AIL,38,51,10,525.00,"5,250.00"
2020-08-31,2020083101038557,AIL,38,17,10,525.00,"5,250.00"
2020-08-31,2020083101038545,AIL,38,44,10,525.00,"5,250.00"
2020-08-31,2020083101038512,AIL,38,17,10,525.00,"5,250.00"
2020-08-31,2020083101038500,AIL,38,44,10,525.00,"5,250.00"
2020-08-31,2020083101038245,AIL,38,44,10,525.00,"5,250.00"
2020-08-31,2020083101038231,AIL,38,22,10,525.00,"5,250.00"
2020-08-31,2020083101038216,AIL,38,44,10,525.00,"5,250.00"
2020-08-31,2020083101038319,AIL,38,17,10,525.00,"5,250.00"
2020-08-31,2020083101038317,AIL,38,44,10,525.00,"5,250.00"
2020-08-31,2020083101038307,AIL,38,14,10,525.00,"5,250.00"
2020-08-31,2020083101038282,AIL,38,38,10,525.00,"5,250.00"
2020-08-31,2020083101038276,AIL,38,44,10,525.00,"5,250.00"
2020-08-31,2020083101038265,AIL,38,28,10,525.00,"5,250.00"
2020-08-31,2020083101038462,AIL,38,44,10,525.00,"5,250.00"
2020-08-31,2020083101038429,AIL,38,38,10,525.00,"5,250.00"
2020-08-31,2020083101038364,AIL,38,44,10,525.00,"5,250.00"
2020-08-31,2020083101038348,AIL,38,32,10,525.00,"5,250.00"
2020-08-31,2020083101038346,AIL,38,38,10,525.00,"5,250.00"
2020-08-31,2020083101038345,AIL,38,38,10,525.00,"5,250.00"
2020-08-31,2020083101038664,AKPL,58,46,500,139.00,"69,500.00"
2020-08-31,2020083101038463,ALBSL,28,38,11,787.00,"8,657.00"
2020-08-31,2020083101038368,ALICL,58,6,450,732.00,"329,400.00"
2020-08-31,2020083101038367,ALICL,4,6,"1,250",732.00,"915,000.00"
2020-08-31,2020083101038366,ALICL,6,6,300,733.00,"219,900.00"
2020-08-31,2020083101038347,ALICL,38,50,150,735.00,"110,250.00"
2020-08-31,2020083101038679,API,42,5,100,119.00,"11,900.00"
2020-08-31,2020083101038588,BOKL,46,40,336,231.00,"77,616.00"
2020-08-31,2020083101038253,BOKL,46,17,576,231.00,"133,056.00"
2020-08-31,2020083101038252,BOKL,34,17,38,231.00,"8,778.00"
2020-08-31,2020083101038251,BOKL,51,17,386,231.00,"89,166.00"
2020-08-31,2020083101038618,BPCL,7,5,488,374.00,"182,512.00"
2020-08-31,2020083101038617,BPCL,26,5,512,377.00,"193,024.00"
2020-08-31,2020083101038240,BPCL,26,1,200,377.00,"75,400.00"
2020-08-31,2020083101038239,BPCL,26,49,112,377.00,"42,224.00"
2020-08-31,2020083101038238,BPCL,26,58,43,376.00,"16,168.00"
2020-08-31,2020083101038237,BPCL,26,48,33,376.00,"12,408.00"
2020-08-31,2020083101038236,BPCL,26,32,100,376.00,"37,600.00"
2020-08-31,2020083101038321,CBBL,35,56,50,"1,080.00","54,000.00"
2020-08-31,2020083101038313,CBBL,59,28,12,"1,080.00","12,960.00"
2020-08-31,2020083101038501,CBL,6,10,82,143.00,"11,726.00"
2020-08-31,2020083101038701,CCBL,17,51,500,175.00,"87,500.00"
2020-08-31,2020083101038540,CCBL,36,59,100,174.00,"17,400.00"
2020-08-31,2020083101038372,CCBL,36,17,281,174.00,"48,894.00"
2020-08-31,2020083101038371,CCBL,29,17,200,174.00,"34,800.00"
2020-08-31,2020083101038370,CCBL,21,17,50,174.00,"8,700.00"
2020-08-31,2020083101038369,CCBL,36,17,331,174.00,"57,594.00"
2020-08-31,2020083101038578,CHL,36,49,500,95.00,"47,500.00"
2020-08-31,2020083101038577,CHL,36,38,200,95.00,"19,000.00"
2020-08-31,2020083101038576,CHL,36,14,500,95.00,"47,500.00"
2020-08-31,2020083101038375,CMF1,6,6,"24,900",10.30,"256,470.00"
2020-08-31,2020083101038374,CMF1,41,6,"2,500",10.31,"25,775.00"
2020-08-31,2020083101038373,CMF1,41,6,"9,500",10.31,"97,945.00"
2020-08-31,2020083101038650,CZBIL,35,33,400,193.00,"77,200.00"
2020-08-31,2020083101038621,CZBIL,35,20,47,193.00,"9,071.00"
2020-08-31,2020083101038620,CZBIL,14,20,300,193.00,"57,900.00"
2020-08-31,2020083101038619,CZBIL,13,20,959,193.00,"185,087.00"
2020-08-31,2020083101038424,CZBIL,13,50,57,193.00,"11,001.00"
2020-08-31,2020083101038342,CZBIL,13,1,32,193.00,"6,176.00"
2020-08-31,2020083101038318,CZBIL,13,50,52,193.00,"10,036.00"
2020-08-31,2020083101038275,CZBIL,13,57,900,193.00,"173,700.00"
2020-08-31,2020083101038274,CZBIL,25,57,100,193.00,"19,300.00"
2020-08-31,2020083101038705,EBL,4,34,404,728.00,"294,112.00"
2020-08-31,2020083101038574,EBL,44,25,310,729.00,"225,990.00"
2020-08-31,2020083101038573,EBL,32,25,100,729.00,"72,900.00"
2020-08-31,2020083101038510,EBL,29,45,10,731.00,"7,310.00"
2020-08-31,2020083101038509,EBL,29,5,50,730.00,"36,500.00"
2020-08-31,2020083101038474,EBL,42,5,50,730.00,"36,500.00"
2020-08-31,2020083101038528,EDBL,19,40,18,303.00,"5,454.00"
2020-08-31,2020083101038493,EDBL,58,44,20,304.00,"6,080.00"
2020-08-31,2020083101038383,EDBL,42,44,40,304.00,"12,160.00"
2020-08-31,2020083101038625,EIC,16,32,300,496.00,"148,800.00"
2020-08-31,2020083101038610,EIC,26,32,200,496.00,"99,200.00"
2020-08-31,2020083101038423,EIC,1,32,500,496.00,"248,000.00"
2020-08-31,2020083101038402,EIC,11,46,200,495.00,"99,000.00"
2020-08-31,2020083101038358,EIC,34,32,100,496.00,"49,600.00"
2020-08-31,2020083101038614,FMDBL,58,59,700,565.00,"395,500.00"
2020-08-31,2020083101038550,FMDBL,48,59,150,564.00,"84,600.00"
2020-08-31,2020083101038549,FMDBL,25,59,"3,677",564.00,"2,073,830.00"
2020-08-31,2020083101038548,FMDBL,22,59,20,564.00,"11,280.00"
2020-08-31,2020083101038263,FMDBL,45,10,297,564.00,"167,508.00"
2020-08-31,2020083101038491,GBIME,21,17,10,255.00,"2,550.00"
2020-08-31,2020083101038490,GBIME,21,17,100,255.00,"25,500.00"
2020-08-31,2020083101038489,GBIME,51,17,170,255.00,"43,350.00"
2020-08-31,2020083101038473,GBIME,51,50,30,255.00,"7,650.00"
2020-08-31,2020083101038411,GBIME,51,55,80,255.00,"20,400.00"
2020-08-31,2020083101038410,GBIME,51,6,20,255.00,"5,100.00"
2020-08-31,2020083101038343,GBIME,45,28,115,254.00,"29,210.00"
2020-08-31,2020083101038673,GBLBS,35,6,10,530.00,"5,300.00"
2020-08-31,2020083101038688,GHL,56,26,100,64.00,"6,400.00"
2020-08-31,2020083101038687,GHL,56,58,120,63.00,"7,560.00"
2020-08-31,2020083101038686,GHL,56,58,30,63.00,"1,890.00"
2020-08-31,2020083101038407,GILB,37,7,154,"1,182.00","182,028.00"
2020-08-31,2020083101038406,GILB,37,7,136,"1,182.00","160,752.00"
2020-08-31,2020083101038405,GILB,56,7,10,"1,183.00","11,830.00"
2020-08-31,2020083101038388,GLBSL,38,14,64,802.00,"51,328.00"
2020-08-31,2020083101038387,GLBSL,43,14,20,818.00,"16,360.00"
2020-08-31,2020083101038385,GLBSL,43,43,10,816.00,"8,160.00"
2020-08-31,2020083101038384,GLBSL,43,43,26,810.00,"21,060.00"
2020-08-31,2020083101038304,GLBSL,38,43,10,802.00,"8,020.00"
2020-08-31,2020083101038560,GLICL,50,58,"1,783",565.00,"1,007,400.00"
2020-08-31,2020083101038377,GLICL,50,43,160,567.00,"90,720.00"
2020-08-31,2020083101038376,GLICL,50,42,57,564.00,"32,148.00"
2020-08-31,2020083101038339,GLICL,37,42,50,564.00,"28,200.00"
2020-08-31,2020083101038338,GLICL,32,42,500,564.00,"282,000.00"
2020-08-31,2020083101038337,GLICL,42,42,900,564.00,"507,600.00"
2020-08-31,2020083101038330,GLICL,7,42,43,568.00,"24,424.00"
2020-08-31,2020083101038244,GLICL,51,14,60,570.00,"34,200.00"
2020-08-31,2020083101038336,GLICL,25,42,20,565.00,"11,300.00"
2020-08-31,2020083101038335,GLICL,39,42,10,565.00,"5,650.00"
2020-08-31,2020083101038334,GLICL,58,42,100,565.00,"56,500.00"
