Date,Transact. No.,Symbol,Buyer,Seller,Quantity,Rate,Amount
2019-12-24,2019122401008934,ADBL,4,42,127,413.00,"52,451.00"
2019-12-24,2019122401008881,ADBL,4,45,230,413.00,"94,990.00"
2019-12-24,2019122401008770,ADBL,4,34,132,413.00,"54,516.00"
2019-12-24,2019122401008708,ADBL,4,17,728,413.00,"300,664.00"
2019-12-24,2019122401008626,ADBL,4,57,48,413.00,"19,824.00"
2019-12-24,2019122401008603,ADBL,37,5,50,414.00,"20,700.00"
2019-12-24,2019122401008578,ADBL,4,16,277,413.00,"114,401.00"
2019-12-24,2019122401008577,ADBL,22,16,100,413.00,"41,300.00"
2019-12-24,2019122401008576,ADBL,50,16,123,413.00,"50,799.00"
2019-12-24,2019122401008574,ADBL,50,56,471,413.00,"194,523.00"
2019-12-24,2019122401008542,ADBL,56,5,12,414.00,"4,968.00"
2019-12-24,2019122401008541,ADBL,56,49,37,414.00,"15,318.00"
2019-12-24,2019122401008998,AHPC,38,47,10,97.00,970.00
2019-12-24,2019122401008997,AHPC,38,28,20,97.00,"1,940.00"
2019-12-24,2019122401008973,AKJCL,7,34,20,53.00,"1,060.00"
2019-12-24,2019122401008905,AKJCL,7,34,20,53.00,"1,060.00"
2019-12-24,2019122401008851,AKJCL,19,34,10,54.00,540.00
2019-12-24,2019122401008790,AKJCL,7,34,10,54.00,540.00
2019-12-24,2019122401008918,AKPL,52,38,10,114.00,"1,140.00"
2019-12-24,2019122401008810,AKPL,42,48,500,113.00,"56,500.00"
2019-12-24,2019122401008778,ALBSL,19,26,100,490.00,"49,000.00"
2019-12-24,2019122401008777,ALBSL,19,7,100,490.00,"49,000.00"
2019-12-24,2019122401008776,ALBSL,19,17,10,489.00,"4,890.00"
2019-12-24,2019122401008775,ALBSL,19,7,100,489.00,"48,900.00"
2019-12-24,2019122401008774,ALBSL,19,5,40,489.00,"19,560.00"
2019-12-24,2019122401008953,ALICL,46,45,12,359.00,"4,308.00"
2019-12-24,2019122401008936,ALICL,6,52,979,354.00,"346,566.00"
2019-12-24,2019122401008993,BOKL,32,52,100,217.00,"21,700.00"
2019-12-24,2019122401009014,BPCL,33,46,10,352.00,"3,520.00"
2019-12-24,2019122401009009,BPCL,25,46,50,353.00,"17,650.00"
2019-12-24,2019122401009008,BPCL,6,46,70,353.00,"24,710.00"
2019-12-24,2019122401009007,BPCL,6,46,10,353.00,"3,530.00"
2019-12-24,2019122401009006,BPCL,36,46,23,354.00,"8,142.00"
2019-12-24,2019122401008974,BPCL,21,21,72,355.00,"25,560.00"
2019-12-24,2019122401008543,BPCL,45,58,20,351.00,"7,020.00"
2019-12-24,2019122401008549,BPCL,46,58,40,350.00,"14,000.00"
2019-12-24,2019122401008548,BPCL,42,58,500,350.00,"175,000.00"
2019-12-24,2019122401008547,BPCL,51,58,500,350.00,"175,000.00"
2019-12-24,2019122401008546,BPCL,41,58,100,350.00,"35,000.00"
2019-12-24,2019122401008545,BPCL,43,58,33,351.00,"11,583.00"
2019-12-24,2019122401008544,BPCL,51,58,120,351.00,"42,120.00"
2019-12-24,2019122401008555,BPCL,50,58,100,350.00,"35,000.00"
2019-12-24,2019122401008554,BPCL,14,58,300,350.00,"105,000.00"
2019-12-24,2019122401008553,BPCL,50,58,100,350.00,"35,000.00"
2019-12-24,2019122401008552,BPCL,22,58,100,350.00,"35,000.00"
2019-12-24,2019122401008551,BPCL,14,58,200,350.00,"70,000.00"
2019-12-24,2019122401008550,BPCL,32,58,300,350.00,"105,000.00"
2019-12-24,2019122401008584,BPCL,57,44,20,351.00,"7,020.00"
2019-12-24,2019122401008571,BPCL,35,44,100,351.00,"35,100.00"
2019-12-24,2019122401008559,BPCL,22,58,520,350.00,"182,000.00"
2019-12-24,2019122401008558,BPCL,38,58,300,350.00,"105,000.00"
2019-12-24,2019122401008557,BPCL,48,58,67,350.00,"23,450.00"
2019-12-24,2019122401008556,BPCL,40,58,"2,000",350.00,"700,000.00"
2019-12-24,2019122401008661,BPCL,43,6,11,352.00,"3,872.00"
2019-12-24,2019122401008642,BPCL,57,44,288,351.00,"101,088.00"
2019-12-24,2019122401008639,BPCL,35,44,50,351.00,"17,550.00"
2019-12-24,2019122401008621,BPCL,53,44,150,351.00,"52,650.00"
2019-12-24,2019122401008608,BPCL,40,44,100,351.00,"35,100.00"
2019-12-24,2019122401008588,BPCL,22,8,100,350.00,"35,000.00"
2019-12-24,2019122401008897,BPCL,48,49,78,355.00,"27,690.00"
2019-12-24,2019122401008896,BPCL,43,49,11,355.00,"3,905.00"
2019-12-24,2019122401008780,BPCL,36,1,33,354.00,"11,682.00"
2019-12-24,2019122401008779,BPCL,36,29,44,353.00,"15,532.00"
2019-12-24,2019122401008764,BPCL,57,55,400,351.00,"140,400.00"
2019-12-24,2019122401008701,BPCL,57,6,823,351.00,"288,873.00"
2019-12-24,2019122401008963,BPCL,43,36,11,357.00,"3,927.00"
2019-12-24,2019122401008959,BPCL,22,36,10,357.00,"3,570.00"
2019-12-24,2019122401008958,BPCL,8,36,300,357.00,"107,100.00"
2019-12-24,2019122401008944,BPCL,21,46,28,355.00,"9,940.00"
2019-12-24,2019122401008917,BPCL,8,46,100,355.00,"35,500.00"
2019-12-24,2019122401008898,BPCL,48,46,22,355.00,"7,810.00"
2019-12-24,2019122401008922,CBBL,18,43,50,800.00,"40,000.00"
2019-12-24,2019122401008829,CBBL,42,48,39,796.00,"31,044.00"
2019-12-24,2019122401008828,CBBL,40,48,61,796.00,"48,556.00"
2019-12-24,2019122401008852,CBL,43,34,10,137.00,"1,370.00"
2019-12-24,2019122401008585,CBL,4,52,300,135.00,"40,500.00"
2019-12-24,2019122401008868,CCBL,16,38,109,165.00,"17,985.00"
2019-12-24,2019122401008696,CCBL,16,17,128,165.00,"21,120.00"
2019-12-24,2019122401008695,CCBL,16,17,322,165.00,"53,130.00"
2019-12-24,2019122401008694,CCBL,47,17,"1,000",165.00,"165,000.00"
2019-12-24,2019122401008693,CCBL,26,17,50,166.00,"8,300.00"
2019-12-24,2019122401008716,CEFL,4,4,160,103.00,"16,480.00"
2019-12-24,2019122401009002,CHCL,5,36,500,360.00,"180,000.00"
2019-12-24,2019122401008781,CHCL,5,25,40,360.00,"14,400.00"
2019-12-24,2019122401008604,CHCL,5,25,67,360.00,"24,120.00"
2019-12-24,2019122401008942,CHL,26,39,50,93.00,"4,650.00"
2019-12-24,2019122401008757,CHL,42,51,100,93.00,"9,300.00"
2019-12-24,2019122401009001,CIT,38,49,10,"2,050.00","20,500.00"
2019-12-24,2019122401008943,CIT,28,46,10,"2,070.00","20,700.00"
2019-12-24,2019122401008930,CIT,38,25,27,"2,045.00","55,215.00"
2019-12-24,2019122401008920,CIT,38,33,16,"2,045.00","32,720.00"
2019-12-24,2019122401008919,CIT,34,33,34,"2,045.00","69,530.00"
2019-12-24,2019122401008903,CIT,1,16,61,"2,050.00","125,050.00"
2019-12-24,2019122401008521,CIT,52,46,20,"2,050.00","41,000.00"
2019-12-24,2019122401008629,CIT,16,49,10,"2,033.00","20,330.00"
2019-12-24,2019122401008628,CIT,41,49,30,"2,040.00","61,200.00"
2019-12-24,2019122401008627,CIT,33,49,10,"2,041.00","20,410.00"
2019-12-24,2019122401008580,CIT,5,41,10,"2,050.00","20,500.00"
2019-12-24,2019122401008579,CIT,5,41,10,"2,050.00","20,500.00"
2019-12-24,2019122401008563,CIT,16,51,14,"2,049.00","28,686.00"
2019-12-24,2019122401008902,CIT,1,11,20,"2,050.00","41,000.00"
2019-12-24,2019122401008864,CIT,49,51,14,"2,040.00","28,560.00"
2019-12-24,2019122401008818,CIT,49,49,10,"2,040.00","20,400.00"
2019-12-24,2019122401008808,CIT,49,49,"3,000","1,995.00","5,985,000.00"
2019-12-24,2019122401008755,CIT,34,49,10,"2,034.00","20,340.00"
2019-12-24,2019122401008717,CIT,14,41,26,"2,050.00","53,300.00"
2019-12-24,2019122401008901,CLBSL,38,58,100,551.00,"55,100.00"
2019-12-24,2019122401008840,CLBSL,38,10,67,551.00,"36,917.00"
2019-12-24,2019122401008839,CLBSL,48,10,33,552.00,"18,216.00"
2019-12-24,2019122401008600,CZBIL,1,57,78,182.00,"14,196.00"
2019-12-24,2019122401008532,CZBIL,36,5,30,183.00,"5,490.00"
2019-12-24,2019122401008972,DBBL,32,45,100,136.00,"13,600.00"
2019-12-24,2019122401008971,DBBL,32,34,100,135.00,"13,500.00"
2019-12-24,2019122401008670,DBBL,46,45,"1,000",134.00,"134,000.00"
2019-12-24,2019122401008633,DBBL,46,39,170,134.00,"22,780.00"
2019-12-24,2019122401008632,DBBL,25,39,30,134.00,"4,020.00"
2019-12-24,2019122401008756,DDBL,44,41,22,870.00,"19,140.00"
2019-12-24,2019122401008538,DDBL,57,26,100,869.00,"86,900.00"
2019-12-24,2019122401008838,EBL,8,28,40,526.00,"21,040.00"
2019-12-24,2019122401008837,EBL,10,28,50,526.00,"26,300.00"
2019-12-24,2019122401008836,EBL,28,28,15,526.00,"7,890.00"
2019-12-24,2019122401008835,EBL,49,28,45,527.00,"23,715.00"
2019-12-24,2019122401008572,EBL,49,57,20,527.00,"10,540.00"
2019-12-24,2019122401008827,FMDBL,56,59,10,320.00,"3,200.00"
2019-12-24,2019122401009005,FOWAD,7,37,20,"1,398.00","27,960.00"
2019-12-24,2019122401008977,FOWAD,17,37,40,"1,398.00","55,920.00"
2019-12-24,2019122401008975,FOWAD,37,48,50,"1,399.00","69,950.00"
2019-12-24,2019122401008995,GBLBS,58,8,50,318.00,"15,900.00"
2019-12-24,2019122401008924,GBLBS,1,22,100,317.00,"31,700.00"
2019-12-24,2019122401008874,GBLBS,58,8,50,318.00,"15,900.00"
2019-12-24,2019122401008753,GGBSL,11,34,10,613.00,"6,130.00"
2019-12-24,2019122401008752,GGBSL,11,57,50,606.00,"30,300.00"
2019-12-24,2019122401008751,GGBSL,11,57,10,601.00,"6,010.00"
2019-12-24,2019122401008750,GGBSL,11,57,10,601.00,"6,010.00"
2019-12-24,2019122401008904,GLICL,39,50,10,455.00,"4,550.00"
2019-12-24,2019122401008817,GLICL,39,46,200,450.00,"90,000.00"
2019-12-24,2019122401008816,GLICL,39,34,52,449.00,"23,348.00"
2019-12-24,2019122401008749,GLICL,50,45,74,448.00,"33,152.00"
2019-12-24,2019122401008690,GLICL,39,45,100,448.00,"44,800.00"
2019-12-24,2019122401008634,GLICL,52,25,100,447.00,"44,700.00"
2019-12-24,2019122401008530,GLICL,21,56,50,448.00,"22,400.00"
2019-12-24,2019122401008884,GMFBS,13,55,100,555.00,"55,500.00"
2019-12-24,2019122401008865,GMFBS,43,55,100,556.00,"55,600.00"
2019-12-24,2019122401008850,GMFBS,28,55,200,559.00,"111,800.00"
2019-12-24,2019122401008849,GMFBS,16,55,40,565.00,"22,600.00"
2019-12-24,2019122401008848,GMFBS,55,55,100,567.00,"56,700.00"
2019-12-24,2019122401008847,GMFBS,55,55,190,568.00,"107,920.00"
2019-12-24,2019122401008591,GMFBS,55,21,10,568.00,"5,680.00"
2019-12-24,2019122401008582,GMFBS,55,21,10,569.00,"5,690.00"
2019-12-24,2019122401008991,GRDBL,18,57,350,103.00,"36,050.00"
2019-12-24,2019122401008599,GRDBL,18,52,150,103.00,"15,450.00"
2019-12-24,2019122401008598,GRDBL,7,52,350,104.00,"36,400.00"
2019-12-24,2019122401008763,HBL,34,34,131,498.00,"65,238.00"
2019-12-24,2019122401008596,HBL,58,25,200,500.00,"100,000.00"
2019-12-24,2019122401008866,HDL,49,13,30,"1,244.00","37,320.00"
2019-12-24,2019122401008758,HDL,56,42,10,"1,233.00","12,330.00"
2019-12-24,2019122401008739,HDL,56,3,20,"1,250.00","25,000.00"
2019-12-24,2019122401008691,HDL,56,8,30,"1,250.00","37,500.00"
2019-12-24,2019122401008656,HDL,57,44,419,"1,240.00","519,560.00"
2019-12-24,2019122401008534,HDL,38,44,155,"1,230.00","190,650.00"
2019-12-24,2019122401008533,HDL,58,44,500,"1,230.00","615,000.00"
2019-12-24,2019122401008876,HIDCL,48,35,500,143.00,"71,500.00"
2019-12-24,2019122401008846,HIDCL,48,38,207,143.00,"29,601.00"
2019-12-24,2019122401008766,HIDCL,48,51,646,143.00,"92,378.00"
2019-12-24,2019122401008709,HIDCL,48,33,500,143.00,"71,500.00"
2019-12-24,2019122401008700,HIDCL,48,38,"1,000",143.00,"143,000.00"
2019-12-24,2019122401008570,HIDCL,48,38,532,143.00,"76,076.00"
2019-12-24,2019122401008955,HPPL,52,39,370,143.00,"52,910.00"
2019-12-24,2019122401008935,HPPL,52,42,10,142.00,"1,420.00"
2019-12-24,2019122401008964,HURJA,7,34,20,104.00,"2,080.00"
2019-12-24,2019122401008819,ICFC,6,25,100,162.00,"16,200.00"
2019-12-24,2019122401008809,ILBS,46,14,30,535.00,"16,050.00"
2019-12-24,2019122401008737,ILBS,16,8,10,529.00,"5,290.00"
2019-12-24,2019122401008567,ILBS,16,39,10,529.00,"5,290.00"
2019-12-24,2019122401008566,ILBS,29,39,50,529.00,"26,450.00"
2019-12-24,2019122401008565,ILBS,1,39,200,530.00,"106,000.00"
2019-12-24,2019122401008564,ILBS,48,39,50,530.00,"26,500.00"
2019-12-24,2019122401008999,JBBL,49,58,10,170.00,"1,700.00"
2019-12-24,2019122401008854,JBBL,14,17,670,169.00,"113,230.00"
2019-12-24,2019122401008853,JBBL,14,17,30,169.00,"5,070.00"
2019-12-24,2019122401008560,JBBL,45,58,200,170.00,"34,000.00"
2019-12-24,2019122401008800,JFL,7,35,220,196.00,"43,120.00"
2019-12-24,2019122401008799,JFL,17,35,200,196.00,"39,200.00"
2019-12-24,2019122401008798,JFL,56,35,470,196.00,"92,120.00"
2019-12-24,2019122401008797,JFL,58,35,200,196.00,"39,200.00"
2019-12-24,2019122401008796,JFL,58,35,100,196.00,"19,600.00"
2019-12-24,2019122401008795,JFL,6,35,300,197.00,"59,100.00"
2019-12-24,2019122401008794,JFL,25,35,100,197.00,"19,700.00"
2019-12-24,2019122401008793,JFL,42,35,300,197.00,"59,100.00"
2019-12-24,2019122401008792,JFL,39,35,"1,000",197.00,"197,000.00"
2019-12-24,2019122401008791,JFL,42,35,110,197.00,"21,670.00"
2019-12-24,2019122401008900,JOSHI,17,54,10,65.00,650.00
2019-12-24,2019122401008899,JOSHI,17,57,10,65.00,650.00
2019-12-24,2019122401008979,JSLBB,34,38,10,"1,208.00","12,080.00"
2019-12-24,2019122401008925,LBBL,33,32,10,192.00,"1,920.00"
2019-12-24,2019122401008804,LBBL,35,44,100,191.00,"19,100.00"
2019-12-24,2019122401008803,LBBL,13,44,100,191.00,"19,100.00"
2019-12-24,2019122401008802,LBBL,32,44,"2,000",191.00,"382,000.00"
2019-12-24,2019122401008801,LBBL,32,44,"1,966",191.00,"375,506.00"
2019-12-24,2019122401008762,LGIL,33,52,39,332.00,"12,948.00"
2019-12-24,2019122401008702,LGIL,33,59,100,332.00,"33,200.00"
2019-12-24,2019122401008647,LGIL,33,52,500,332.00,"166,000.00"
2019-12-24,2019122401008891,MBL,4,49,873,218.00,"190,314.00"
2019-12-24,2019122401008890,MBL,45,49,200,218.00,"43,600.00"
2019-12-24,2019122401008889,MBL,22,49,500,218.00,"109,000.00"
2019-12-24,2019122401008888,MBL,4,49,"8,000",219.00,"1,752,000.00"
2019-12-24,2019122401008887,MBL,42,49,15,219.00,"3,285.00"
2019-12-24,2019122401008886,MBL,4,49,412,219.00,"90,228.00"
2019-12-24,2019122401008612,MBL,4,59,569,219.00,"124,611.00"
2019-12-24,2019122401008523,MBL,36,46,30,220.00,"6,600.00"
2019-12-24,2019122401008841,MEGA,43,57,10,184.00,"1,840.00"
2019-12-24,2019122401008765,MEGA,13,1,320,183.00,"58,560.00"
2019-12-24,2019122401008714,MEGA,13,59,118,183.00,"21,594.00"
2019-12-24,2019122401008713,MEGA,21,59,100,183.00,"18,300.00"
2019-12-24,2019122401008712,MEGA,11,59,22,183.00,"4,026.00"
2019-12-24,2019122401008711,MEGA,58,59,60,183.00,"10,980.00"
2019-12-24,2019122401008965,MFIL,19,45,10,143.00,"1,430.00"
2019-12-24,2019122401008946,MFIL,19,28,167,142.00,"23,714.00"
2019-12-24,2019122401008962,MHNL,52,55,100,83.00,"8,300.00"
2019-12-24,2019122401008619,MNBBL,34,57,48,279.00,"13,392.00"
2019-12-24,2019122401008618,MNBBL,34,7,300,279.00,"83,700.00"
2019-12-24,2019122401008617,MNBBL,34,52,50,278.00,"13,900.00"
2019-12-24,2019122401008616,MNBBL,34,45,102,277.00,"28,254.00"
2019-12-24,2019122401008822,MSLB,49,18,101,900.00,"90,900.00"
2019-12-24,2019122401008787,MSLB,49,6,100,900.00,"90,000.00"
2019-12-24,2019122401008786,MSLB,49,50,20,900.00,"18,000.00"
2019-12-24,2019122401008590,MSMBS,49,34,689,547.00,"376,883.00"
2019-12-24,2019122401008894,NABIL,22,45,100,667.00,"66,700.00"
2019-12-24,2019122401008807,NABIL,55,11,150,668.00,"100,200.00"
2019-12-24,2019122401008772,NABIL,22,11,50,668.00,"33,400.00"
2019-12-24,2019122401008771,NABIL,6,47,45,668.00,"30,060.00"
2019-12-24,2019122401008587,NABIL,8,47,55,668.00,"36,740.00"
2019-12-24,2019122401008586,NABIL,8,47,45,668.00,"30,060.00"
2019-12-24,2019122401008908,NADEP,32,57,150,462.00,"69,300.00"
2019-12-24,2019122401008906,NBB,33,57,10,190.00,"1,900.00"
2019-12-24,2019122401008813,NBB,25,36,150,188.00,"28,200.00"
2019-12-24,2019122401008595,NBB,14,8,500,189.00,"94,500.00"
2019-12-24,2019122401008594,NBB,14,35,100,189.00,"18,900.00"
2019-12-24,2019122401008531,NBB,25,3,500,188.00,"94,000.00"
2019-12-24,2019122401009018,NBL,43,42,200,316.00,"63,200.00"
2019-12-24,2019122401008916,NBL,44,42,151,316.00,"47,716.00"
2019-12-24,2019122401008915,NBL,44,1,149,316.00,"47,084.00"
2019-12-24,2019122401008914,NBL,22,16,98,315.00,"30,870.00"
2019-12-24,2019122401008913,NBL,20,16,200,315.00,"63,000.00"
2019-12-24,2019122401008912,NBL,7,16,500,315.00,"157,500.00"
2019-12-24,2019122401008573,NBL,32,45,"1,000",315.00,"315,000.00"
2019-12-24,2019122401008529,NBL,44,1,"1,000",316.00,"316,000.00"
2019-12-24,2019122401008681,NBL,5,48,"1,000",315.00,"315,000.00"
2019-12-24,2019122401008680,NBL,38,48,700,315.00,"220,500.00"
2019-12-24,2019122401008679,NBL,32,48,688,315.00,"216,720.00"
2019-12-24,2019122401008678,NBL,21,48,"1,114",315.00,"350,910.00"
2019-12-24,2019122401008672,NBL,35,1,500,316.00,"158,000.00"
2019-12-24,2019122401008575,NBL,33,1,300,316.00,"94,800.00"
2019-12-24,2019122401008911,NBL,8,16,202,315.00,"63,630.00"
2019-12-24,2019122401008867,NBL,43,1,10,316.00,"3,160.00"
2019-12-24,2019122401008685,NBL,8,48,"1,898",315.00,"597,870.00"
2019-12-24,2019122401008684,NBL,35,48,"1,100",315.00,"346,500.00"
2019-12-24,2019122401008683,NBL,33,48,"1,500",315.00,"472,500.00"
2019-12-24,2019122401008682,NBL,53,48,"1,000",315.00,"315,000.00"
2019-12-24,2019122401008671,NCCB,33,5,10,205.00,"2,050.00"
2019-12-24,2019122401008646,NCCB,26,17,50,203.00,"10,150.00"
2019-12-24,2019122401008645,NCCB,33,17,34,203.00,"6,902.00"
2019-12-24,2019122401008644,NCCB,11,17,50,204.00,"10,200.00"
2019-12-24,2019122401008643,NCCB,57,17,40,204.00,"8,160.00"
2019-12-24,2019122401008622,NCCB,58,5,10,205.00,"2,050.00"
2019-12-24,2019122401008519,NCCB,33,33,"1,666",203.00,"338,198.00"
2019-12-24,2019122401008873,NIB,16,48,19,433.00,"8,227.00"
2019-12-24,2019122401008872,NIB,22,48,28,434.00,"12,152.00"
2019-12-24,2019122401008821,NIB,54,34,107,434.00,"46,438.00"
2019-12-24,2019122401008540,NIB,54,42,386,434.00,"167,524.00"
2019-12-24,2019122401008539,NIB,41,42,43,434.00,"18,662.00"
2019-12-24,2019122401008978,NIBPO,47,52,100,401.00,"40,100.00"
2019-12-24,2019122401008937,NIBPO,14,17,50,403.00,"20,150.00"
2019-12-24,2019122401008855,NIBPO,6,42,"2,582",402.00,"1,037,964.00"
2019-12-24,2019122401009003,NICA,32,50,430,414.00,"178,020.00"
2019-12-24,2019122401008994,NICA,32,18,300,414.00,"124,200.00"
2019-12-24,2019122401008788,NICA,17,50,70,415.00,"29,050.00"
2019-12-24,2019122401008970,NICL,43,25,10,290.00,"2,900.00"
2019-12-24,2019122401008689,NICL,44,7,888,285.00,"253,080.00"
2019-12-24,2019122401008688,NICL,50,7,500,286.00,"143,000.00"
2019-12-24,2019122401008687,NICL,49,7,100,286.00,"28,600.00"
2019-12-24,2019122401008686,NICL,46,7,490,287.00,"140,630.00"
2019-12-24,2019122401008602,NICL,46,6,10,287.00,"2,870.00"
2019-12-24,2019122401008593,NICL,37,6,100,288.00,"28,800.00"
2019-12-24,2019122401008592,NICL,43,6,200,289.00,"57,800.00"
2019-12-24,2019122401008527,NIL,16,6,152,412.00,"62,624.00"
2019-12-24,2019122401008526,NIL,34,6,10,412.00,"4,120.00"
2019-12-24,2019122401008525,NIL,52,6,35,413.00,"14,455.00"
2019-12-24,2019122401008952,NLIC,42,34,150,885.00,"132,750.00"
2019-12-24,2019122401008951,NLIC,49,34,25,885.00,"22,125.00"
2019-12-24,2019122401008655,NLIC,4,33,100,887.00,"88,700.00"
2019-12-24,2019122401008615,NLIC,49,58,75,885.00,"66,375.00"
2019-12-24,2019122401008614,NLIC,44,58,75,885.00,"66,375.00"
2019-12-24,2019122401008871,NLICL,34,44,50,472.00,"23,600.00"
2019-12-24,2019122401008789,NLICL,34,45,200,469.00,"93,800.00"
2019-12-24,2019122401008743,NLICL,52,44,100,471.00,"47,100.00"
2019-12-24,2019122401008742,NLICL,19,44,100,471.00,"47,100.00"
2019-12-24,2019122401008741,NLICL,22,44,200,472.00,"94,400.00"
2019-12-24,2019122401008740,NLICL,25,44,50,472.00,"23,600.00"
2019-12-24,2019122401008736,NLICL,25,5,50,472.00,"23,600.00"
2019-12-24,2019122401008969,NMB,47,53,82,325.00,"26,650.00"
2019-12-24,2019122401008968,NMB,41,53,200,325.00,"65,000.00"
2019-12-24,2019122401008967,NMB,59,53,100,325.00,"32,500.00"
2019-12-24,2019122401008966,NMB,45,53,118,325.00,"38,350.00"
2019-12-24,2019122401008933,NMB,45,53,382,325.00,"124,150.00"
2019-12-24,2019122401008932,NMB,37,53,50,325.00,"16,250.00"
2019-12-24,2019122401008857,NMB,41,53,200,325.00,"65,000.00"
2019-12-24,2019122401008856,NMB,6,42,20,326.00,"6,520.00"
2019-12-24,2019122401008705,NMB,41,52,300,325.00,"97,500.00"
2019-12-24,2019122401008704,NMB,55,52,100,325.00,"32,500.00"
2019-12-24,2019122401008673,NMB,45,42,100,326.00,"32,600.00"
2019-12-24,2019122401008659,NMB,55,45,100,325.00,"32,500.00"
2019-12-24,2019122401008931,NMB,44,53,68,325.00,"22,100.00"
2019-12-24,2019122401008862,NMB,44,53,132,325.00,"42,900.00"
2019-12-24,2019122401008861,NMB,11,53,50,325.00,"16,250.00"
2019-12-24,2019122401008860,NMB,29,53,20,325.00,"6,500.00"
2019-12-24,2019122401008859,NMB,13,53,48,325.00,"15,600.00"
2019-12-24,2019122401008858,NMB,44,53,50,325.00,"16,250.00"
2019-12-24,2019122401008562,NMBMF,34,33,10,569.00,"5,690.00"
2019-12-24,2019122401008877,NSEWA,38,1,10,455.00,"4,550.00"
2019-12-24,2019122401008926,NTC,43,41,10,653.00,"6,530.00"
2019-12-24,2019122401008606,NTC,41,38,200,651.00,"130,200.00"
2019-12-24,2019122401008759,NUBL,38,19,100,785.00,"78,500.00"
2019-12-24,2019122401008663,OHL,4,34,60,441.00,"26,460.00"
2019-12-24,2019122401008843,PCBL,45,16,100,280.00,"28,000.00"
2019-12-24,2019122401008636,PCBL,45,32,87,280.00,"24,360.00"
2019-12-24,2019122401008826,PIC,33,42,10,413.00,"4,130.00"
2019-12-24,2019122401008825,PIC,33,44,11,409.00,"4,499.00"
2019-12-24,2019122401008761,PIC,33,1,20,406.00,"8,120.00"
2019-12-24,2019122401008730,PIC,33,6,100,406.00,"40,600.00"
2019-12-24,2019122401008635,PIC,33,6,100,406.00,"40,600.00"
2019-12-24,2019122401008601,PIC,42,36,20,407.00,"8,140.00"
2019-12-24,2019122401008568,PIC,33,36,270,407.00,"109,890.00"
2019-12-24,2019122401008812,PLIC,49,45,10,359.00,"3,590.00"
2019-12-24,2019122401008811,PLIC,49,45,20,352.00,"7,040.00"
2019-12-24,2019122401008767,PLIC,49,45,10,352.00,"3,520.00"
2019-12-24,2019122401008984,PPCL,6,36,160,116.00,"18,560.00"
2019-12-24,2019122401008983,PPCL,6,41,90,116.00,"10,440.00"
2019-12-24,2019122401008982,PPCL,6,14,200,115.00,"23,000.00"
2019-12-24,2019122401008981,PPCL,6,37,30,114.00,"3,420.00"
2019-12-24,2019122401008980,PPCL,6,40,20,114.00,"2,280.00"
2019-12-24,2019122401008883,PRVU,4,45,"1,435",225.00,"322,875.00"
2019-12-24,2019122401008882,PRVU,4,45,165,225.00,"37,125.00"
2019-12-24,2019122401008613,PRVU,4,6,250,225.00,"56,250.00"
2019-12-24,2019122401008820,RADHI,57,32,12,141.00,"1,692.00"
2019-12-24,2019122401008806,RADHI,40,29,95,142.00,"13,490.00"
2019-12-24,2019122401008805,RADHI,13,29,145,142.00,"20,590.00"
2019-12-24,2019122401008710,RADHI,13,1,11,142.00,"1,562.00"
2019-12-24,2019122401008760,RBCL,26,10,10,"8,600.00","86,000.00"
2019-12-24,2019122401008677,RBCL,18,50,10,"8,650.00","86,500.00"
2019-12-24,2019122401008844,RHPL,43,42,40,171.00,"6,840.00"
2019-12-24,2019122401008699,RHPL,43,36,180,171.00,"30,780.00"
2019-12-24,2019122401008698,RHPL,54,36,40,171.00,"6,840.00"
2019-12-24,2019122401008697,RHPL,19,36,700,171.00,"119,700.00"
2019-12-24,2019122401008535,RHPL,19,26,30,171.00,"5,130.00"
2019-12-24,2019122401008660,RMDC,25,52,100,607.00,"60,700.00"
2019-12-24,2019122401008676,RRHP,42,1,10,98.00,980.00
2019-12-24,2019122401008863,SABSL,46,55,10,545.00,"5,450.00"
2019-12-24,2019122401008834,SABSL,36,38,410,536.00,"219,760.00"
2019-12-24,2019122401008833,SABSL,46,38,100,536.00,"53,600.00"
2019-12-24,2019122401008832,SABSL,46,38,100,537.00,"53,700.00"
2019-12-24,2019122401008831,SABSL,26,38,100,538.00,"53,800.00"
2019-12-24,2019122401008830,SABSL,7,38,90,538.00,"48,420.00"
2019-12-24,2019122401008650,SABSL,7,1,10,538.00,"5,380.00"
2019-12-24,2019122401008734,SADBL,40,54,50,142.00,"7,100.00"
2019-12-24,2019122401008733,SADBL,17,54,50,142.00,"7,100.00"
2019-12-24,2019122401008732,SADBL,32,54,500,142.00,"71,000.00"
2019-12-24,2019122401008731,SADBL,20,54,400,142.00,"56,800.00"
2019-12-24,2019122401008754,SANIMA,4,54,282,316.00,"89,112.00"
2019-12-24,2019122401008675,SANIMA,13,54,200,316.00,"63,200.00"
2019-12-24,2019122401008674,SANIMA,33,54,18,316.00,"5,688.00"
2019-12-24,2019122401008893,SAPDBL,44,17,51,123.00,"6,273.00"
2019-12-24,2019122401008692,SAPDBL,34,34,60,121.00,"7,260.00"
2019-12-24,2019122401008923,SBI,16,25,50,356.00,"17,800.00"
2019-12-24,2019122401008748,SBL,14,52,166,289.00,"47,974.00"
2019-12-24,2019122401008747,SBL,14,52,134,289.00,"38,726.00"
2019-12-24,2019122401008669,SBL,14,8,200,289.00,"57,800.00"
2019-12-24,2019122401008641,SBL,14,32,"1,266",289.00,"365,874.00"
2019-12-24,2019122401008640,SBL,14,32,114,289.00,"32,946.00"
2019-12-24,2019122401008992,SCB,10,52,100,535.00,"53,500.00"
2019-12-24,2019122401008976,SCB,46,58,30,533.00,"15,990.00"
2019-12-24,2019122401008892,SCB,46,1,20,533.00,"10,660.00"
2019-12-24,2019122401008654,SCB,34,55,17,531.00,"9,027.00"
2019-12-24,2019122401008653,SCB,10,55,50,532.00,"26,600.00"
2019-12-24,2019122401008652,SCB,57,55,50,532.00,"26,600.00"
2019-12-24,2019122401008651,SCB,10,55,50,533.00,"26,650.00"
2019-12-24,2019122401008990,SEF,3,59,"10,000",8.91,"89,100.00"
2019-12-24,2019122401008989,SEF,3,22,"2,000",8.90,"17,800.00"
2019-12-24,2019122401008988,SEF,3,29,"2,000",8.88,"17,760.00"
2019-12-24,2019122401008987,SEF,3,29,"2,000",8.88,"17,760.00"
2019-12-24,2019122401008986,SEF,3,58,500,8.88,"4,440.00"
2019-12-24,2019122401008961,SFCL,1,19,25,108.00,"2,700.00"
2019-12-24,2019122401008960,SFCL,1,57,75,108.00,"8,100.00"
2019-12-24,2019122401008729,SHINE,38,39,217,230.00,"49,910.00"
2019-12-24,2019122401008728,SHINE,48,39,200,231.00,"46,200.00"
2019-12-24,2019122401008721,SHINE,48,39,30,231.00,"6,930.00"
2019-12-24,2019122401008720,SHINE,40,39,50,231.00,"11,550.00"
2019-12-24,2019122401008719,SHINE,10,39,100,231.00,"23,100.00"
2019-12-24,2019122401008718,SHINE,45,39,287,231.00,"66,297.00"
2019-12-24,2019122401008727,SHINE,52,39,250,231.00,"57,750.00"
2019-12-24,2019122401008726,SHINE,32,39,200,231.00,"46,200.00"
2019-12-24,2019122401008725,SHINE,40,39,155,231.00,"35,805.00"
2019-12-24,2019122401008724,SHINE,39,39,500,231.00,"115,500.00"
2019-12-24,2019122401008723,SHINE,19,39,500,231.00,"115,500.00"
2019-12-24,2019122401008722,SHINE,45,39,200,231.00,"46,200.00"
2019-12-24,2019122401009010,SHIVM,29,39,40,445.00,"17,800.00"
2019-12-24,2019122401008996,SHIVM,16,5,200,442.00,"88,400.00"
2019-12-24,2019122401008985,SHIVM,45,39,200,445.00,"89,000.00"
2019-12-24,2019122401008957,SHIVM,16,57,140,442.00,"61,880.00"
2019-12-24,2019122401008956,SHIVM,38,57,160,442.00,"70,720.00"
2019-12-24,2019122401008954,SHIVM,38,4,140,442.00,"61,880.00"
2019-12-24,2019122401008528,SHIVM,44,21,182,444.00,"80,808.00"
2019-12-24,2019122401008610,SHIVM,26,5,90,445.00,"40,050.00"
2019-12-24,2019122401008607,SHIVM,26,17,100,445.00,"44,500.00"
2019-12-24,2019122401008605,SHIVM,38,50,200,447.00,"89,400.00"
2019-12-24,2019122401008597,SHIVM,10,38,150,446.00,"66,900.00"
2019-12-24,2019122401008581,SHIVM,26,42,10,445.00,"4,450.00"
2019-12-24,2019122401008657,SHIVM,14,52,50,445.00,"22,250.00"
2019-12-24,2019122401008649,SHIVM,14,32,40,445.00,"17,800.00"
2019-12-24,2019122401008648,SHIVM,45,32,60,445.00,"26,700.00"
2019-12-24,2019122401008638,SHIVM,45,5,40,445.00,"17,800.00"
2019-12-24,2019122401008630,SHIVM,39,5,80,445.00,"35,600.00"
2019-12-24,2019122401008611,SHIVM,19,5,100,445.00,"44,500.00"
2019-12-24,2019122401008668,SHIVM,14,26,82,442.00,"36,244.00"
2019-12-24,2019122401008667,SHIVM,19,26,50,442.00,"22,100.00"
2019-12-24,2019122401008666,SHIVM,33,26,50,443.00,"22,150.00"
2019-12-24,2019122401008665,SHIVM,16,26,100,443.00,"44,300.00"
2019-12-24,2019122401008664,SHIVM,44,26,218,444.00,"96,792.00"
2019-12-24,2019122401008658,SHIVM,44,34,100,444.00,"44,400.00"
2019-12-24,2019122401008773,SHIVM,14,39,50,445.00,"22,250.00"
2019-12-24,2019122401008769,SHIVM,16,8,22,442.00,"9,724.00"
2019-12-24,2019122401008768,SHIVM,14,8,18,442.00,"7,956.00"
2019-12-24,2019122401008746,SHIVM,19,21,200,446.00,"89,200.00"
2019-12-24,2019122401008738,SHIVM,14,21,50,446.00,"22,300.00"
2019-12-24,2019122401008703,SHIVM,48,21,55,446.00,"24,530.00"
2019-12-24,2019122401008869,SHIVM,25,29,50,443.00,"22,150.00"
2019-12-24,2019122401008785,SHIVM,35,21,14,441.00,"6,174.00"
2019-12-24,2019122401008784,SHIVM,21,21,53,441.00,"23,373.00"
2019-12-24,2019122401008783,SHIVM,45,21,50,442.00,"22,100.00"
2019-12-24,2019122401008782,SHIVM,16,21,78,442.00,"34,476.00"
2019-12-24,2019122401008928,SHIVM,36,3,50,444.00,"22,200.00"
2019-12-24,2019122401008921,SHIVM,36,51,100,444.00,"44,400.00"
2019-12-24,2019122401008895,SHIVM,36,19,200,444.00,"88,800.00"
2019-12-24,2019122401008880,SHIVM,6,32,100,442.00,"44,200.00"
2019-12-24,2019122401008879,SHIVM,44,32,150,443.00,"66,450.00"
2019-12-24,2019122401008878,SHIVM,44,29,350,443.00,"155,050.00"
2019-12-24,2019122401008945,SHIVM,22,4,50,442.00,"22,100.00"
2019-12-24,2019122401008941,SHIVM,29,4,10,442.00,"4,420.00"
2019-12-24,2019122401008940,SHIVM,39,4,150,442.00,"66,300.00"
2019-12-24,2019122401008939,SHIVM,53,4,100,442.00,"44,200.00"
2019-12-24,2019122401008938,SHIVM,34,4,50,444.00,"22,200.00"
2019-12-24,2019122401008929,SHIVM,34,3,50,444.00,"22,200.00"
2019-12-24,2019122401009004,SHL,8,25,100,185.00,"18,500.00"
2019-12-24,2019122401008927,SHL,8,33,230,185.00,"42,550.00"
2019-12-24,2019122401008907,SHL,56,33,100,185.00,"18,500.00"
2019-12-24,2019122401008583,SICL,53,44,10,850.00,"8,500.00"
2019-12-24,2019122401008524,SICL,17,41,50,851.00,"42,550.00"
2019-12-24,2019122401008815,SINDU,6,41,370,135.00,"49,950.00"
2019-12-24,2019122401008814,SINDU,6,36,30,135.00,"4,050.00"
2019-12-24,2019122401008875,SJCL,18,42,20,159.00,"3,180.00"
2019-12-24,2019122401008870,SJCL,18,47,30,159.00,"4,770.00"
2019-12-24,2019122401008706,SJCL,18,8,20,159.00,"3,180.00"
2019-12-24,2019122401008520,SJCL,18,8,20,159.00,"3,180.00"
2019-12-24,2019122401009017,SKBBL,33,29,440,989.00,"435,160.00"
2019-12-24,2019122401009016,SKBBL,7,29,10,989.00,"9,890.00"
2019-12-24,2019122401009015,SKBBL,44,29,50,990.00,"49,500.00"
2019-12-24,2019122401008745,SLBBL,37,28,20,557.00,"11,140.00"
2019-12-24,2019122401008744,SLBBL,34,28,80,558.00,"44,640.00"
2019-12-24,2019122401008637,SLBBL,34,51,20,558.00,"11,160.00"
2019-12-24,2019122401008609,SLBBL,22,39,10,561.00,"5,610.00"
2019-12-24,2019122401008948,SLBSL,54,52,100,610.00,"61,000.00"
2019-12-24,2019122401008947,SLBSL,50,52,15,610.00,"9,150.00"
2019-12-24,2019122401009013,SLICL,44,17,600,291.00,"174,600.00"
2019-12-24,2019122401009012,SLICL,44,5,50,291.00,"14,550.00"
2019-12-24,2019122401009011,SLICL,44,19,200,290.00,"58,000.00"
2019-12-24,2019122401008950,SPARS,32,11,10,618.00,"6,180.00"
2019-12-24,2019122401009000,STC,5,5,10,"1,616.00","16,160.00"
2019-12-24,2019122401008707,STC,50,34,10,"1,585.00","15,850.00"
2019-12-24,2019122401008842,SWBBL,34,43,10,825.00,"8,250.00"
2019-12-24,2019122401008735,SWBBL,21,48,100,815.00,"81,500.00"
2019-12-24,2019122401008885,TMDBL,52,59,"1,000",153.00,"153,000.00"
2019-12-24,2019122401008662,TMDBL,42,34,10,152.00,"1,520.00"
2019-12-24,2019122401008625,TMDBL,4,59,70,154.00,"10,780.00"
2019-12-24,2019122401008624,TMDBL,4,59,60,154.00,"9,240.00"
2019-12-24,2019122401008623,TMDBL,4,59,50,154.00,"7,700.00"
2019-12-24,2019122401008910,UIC,6,19,10,293.00,"2,930.00"
2019-12-24,2019122401008909,UIC,42,19,190,293.00,"55,670.00"
2019-12-24,2019122401008824,UIC,42,42,50,293.00,"14,650.00"
2019-12-24,2019122401008823,UIC,7,42,50,293.00,"14,650.00"
2019-12-24,2019122401008715,UIC,7,51,17,293.00,"4,981.00"
2019-12-24,2019122401008522,UIC,28,45,325,294.00,"95,550.00"
2019-12-24,2019122401008569,UMHL,59,1,364,108.00,"39,312.00"
2019-12-24,2019122401008537,UMHL,28,5,"1,500",110.00,"165,000.00"
2019-12-24,2019122401008536,UMHL,32,5,157,110.00,"17,270.00"
2019-12-24,2019122401008949,UPPER,33,7,10,237.00,"2,370.00"
2019-12-24,2019122401008631,UPPER,33,59,300,235.00,"70,500.00"
2019-12-24,2019122401008620,UPPER,33,25,62,235.00,"14,570.00"
2019-12-24,2019122401008589,UPPER,33,1,160,235.00,"37,600.00"
2019-12-24,2019122401008561,VLBS,47,42,13,725.00,"9,425.00"
2019-12-24,2019122401008845,VLBS,47,18,13,722.00,"9,386.00"
2019-12-24,2019122401008422,ADBL,50,25,67,413.00,"27,671.00"
2019-12-24,2019122401008311,ADBL,50,5,99,413.00,"40,887.00"
2019-12-24,2019122401008310,ADBL,4,5,311,413.00,"128,443.00"
2019-12-24,2019122401008147,ADBL,4,7,389,413.00,"160,657.00"
2019-12-24,2019122401008063,ADBL,4,48,300,413.00,"123,900.00"
2019-12-24,2019122401008062,ADBL,4,48,500,413.00,"206,500.00"
2019-12-24,2019122401008027,ADBL,4,14,500,413.00,"206,500.00"
2019-12-24,2019122401008026,ADBL,4,14,"1,000",413.00,"413,000.00"
2019-12-24,2019122401008309,ALBSL,58,8,50,484.00,"24,200.00"
2019-12-24,2019122401008308,ALBSL,58,8,40,485.00,"19,400.00"
2019-12-24,2019122401008307,ALBSL,40,8,50,486.00,"24,300.00"
2019-12-24,2019122401008461,ALICL,6,25,100,354.00,"35,400.00"
2019-12-24,2019122401008514,API,25,38,30,108.00,"3,240.00"
2019-12-24,2019122401008509,API,50,25,83,106.00,"8,798.00"
2019-12-24,2019122401008508,API,7,25,36,106.00,"3,816.00"
2019-12-24,2019122401008294,API,25,38,30,108.00,"3,240.00"
2019-12-24,2019122401008279,API,7,25,964,106.00,"102,184.00"
2019-12-24,2019122401008278,API,5,25,500,106.00,"53,000.00"
2019-12-24,2019122401008277,API,13,25,"1,036",106.00,"109,816.00"
2019-12-24,2019122401008172,API,13,48,75,106.00,"7,950.00"
2019-12-24,2019122401008171,API,1,48,625,106.00,"66,250.00"
2019-12-24,2019122401008394,BARUN,10,13,100,82.00,"8,200.00"
2019-12-24,2019122401008329,BFC,34,42,10,89.00,890.00
2019-12-24,2019122401008132,BOKL,42,45,35,216.00,"7,560.00"
2019-12-24,2019122401008131,BOKL,39,45,15,216.00,"3,240.00"
2019-12-24,2019122401008460,BPCL,29,44,70,351.00,"24,570.00"
2019-12-24,2019122401008459,BPCL,35,44,500,351.00,"175,500.00"
2019-12-24,2019122401008458,BPCL,14,44,50,351.00,"17,550.00"
2019-12-24,2019122401008457,BPCL,21,44,169,351.00,"59,319.00"
2019-12-24,2019122401008442,BPCL,21,38,331,351.00,"116,181.00"
2019-12-24,2019122401008441,BPCL,29,38,70,351.00,"24,570.00"
2019-12-24,2019122401008038,BPCL,20,25,33,352.00,"11,616.00"
2019-12-24,2019122401008024,BPCL,20,25,16,352.00,"5,632.00"
2019-12-24,2019122401008023,BPCL,19,25,17,352.00,"5,984.00"
2019-12-24,2019122401008125,BPCL,19,38,110,352.00,"38,720.00"
2019-12-24,2019122401008124,BPCL,20,38,139,352.00,"48,928.00"
2019-12-24,2019122401008119,BPCL,20,53,489,352.00,"172,128.00"
2019-12-24,2019122401008099,BPCL,20,41,290,352.00,"102,080.00"
2019-12-24,2019122401008077,BPCL,43,53,11,353.00,"3,883.00"
2019-12-24,2019122401008050,BPCL,20,25,33,352.00,"11,616.00"
2019-12-24,2019122401008359,BPCL,7,38,686,351.00,"240,786.00"
2019-12-24,2019122401008358,BPCL,50,38,200,351.00,"70,200.00"
2019-12-24,2019122401008255,BPCL,43,41,11,352.00,"3,872.00"
2019-12-24,2019122401008128,BPCL,10,44,50,352.00,"17,600.00"
2019-12-24,2019122401008127,BPCL,28,44,249,352.00,"87,648.00"
2019-12-24,2019122401008126,BPCL,28,38,751,352.00,"264,352.00"
2019-12-24,2019122401008440,BPCL,34,38,150,351.00,"52,650.00"
2019-12-24,2019122401008439,BPCL,19,38,100,351.00,"35,100.00"
2019-12-24,2019122401008438,BPCL,47,38,35,351.00,"12,285.00"
2019-12-24,2019122401008437,BPCL,7,38,314,351.00,"110,214.00"
2019-12-24,2019122401008415,BPCL,45,44,100,352.00,"35,200.00"
2019-12-24,2019122401008404,BPCL,44,1,33,354.00,"11,682.00"
2019-12-24,2019122401008377,CBBL,40,53,200,796.00,"159,200.00"
2019-12-24,2019122401008401,CBL,4,28,205,136.00,"27,880.00"
2019-12-24,2019122401008465,CCBL,45,57,497,166.00,"82,502.00"
2019-12-24,2019122401008464,CCBL,45,17,120,166.00,"19,920.00"
2019-12-24,2019122401008265,CCBL,16,42,178,165.00,"29,370.00"
2019-12-24,2019122401008264,CCBL,36,42,10,165.00,"1,650.00"
2019-12-24,2019122401008263,CCBL,39,42,20,165.00,"3,300.00"
2019-12-24,2019122401008262,CCBL,45,42,500,165.00,"82,500.00"
2019-12-24,2019122401008261,CCBL,14,42,25,165.00,"4,125.00"
2019-12-24,2019122401008328,CHCL,42,6,12,361.00,"4,332.00"
2019-12-24,2019122401008507,CHL,26,44,50,92.00,"4,600.00"
2019-12-24,2019122401008453,CHL,56,55,55,92.00,"5,060.00"
2019-12-24,2019122401008452,CHL,56,45,11,92.00,"1,012.00"
2019-12-24,2019122401008517,CIT,52,4,21,"2,050.00","43,050.00"
2019-12-24,2019122401008503,CIT,52,7,11,"2,050.00","22,550.00"
2019-12-24,2019122401008469,CIT,52,39,139,"2,050.00","284,950.00"
2019-12-24,2019122401008451,CIT,5,39,100,"2,050.00","205,000.00"
2019-12-24,2019122401008450,CIT,57,39,19,"2,050.00","38,950.00"
2019-12-24,2019122401008449,CIT,41,39,50,"2,050.00","102,500.00"
2019-12-24,2019122401008092,CIT,35,22,39,"2,080.00","81,120.00"
2019-12-24,2019122401008061,CIT,35,32,11,"2,080.00","22,880.00"
2019-12-24,2019122401008037,CIT,14,46,50,"2,090.00","104,500.00"
2019-12-24,2019122401008191,CIT,45,58,10,"2,070.00","20,700.00"
2019-12-24,2019122401008190,CIT,7,58,88,"2,072.00","182,336.00"
2019-12-24,2019122401008183,CIT,7,19,12,"2,072.00","24,864.00"
2019-12-24,2019122401008154,CIT,34,39,138,"2,075.00","286,350.00"
2019-12-24,2019122401008111,CIT,34,17,12,"2,075.00","24,900.00"
2019-12-24,2019122401008098,CIT,34,19,150,"2,075.00","311,250.00"
2019-12-24,2019122401008254,CIT,49,58,100,"2,067.00","206,700.00"
2019-12-24,2019122401008253,CIT,14,58,65,"2,067.00","134,355.00"
2019-12-24,2019122401008252,CIT,45,58,10,"2,068.00","20,680.00"
2019-12-24,2019122401008219,CIT,34,28,63,"2,068.00","130,284.00"
2019-12-24,2019122401008193,CIT,34,58,137,"2,068.00","283,316.00"
2019-12-24,2019122401008192,CIT,16,58,200,"2,070.00","414,000.00"
2019-12-24,2019122401008368,CIT,37,53,54,"2,063.00","111,402.00"
2019-12-24,2019122401008367,CIT,39,53,12,"2,064.00","24,768.00"
2019-12-24,2019122401008268,CIT,37,58,20,"2,063.00","41,260.00"
2019-12-24,2019122401008267,CIT,33,58,20,"2,063.00","41,260.00"
2019-12-24,2019122401008266,CIT,28,58,35,"2,064.00","72,240.00"
2019-12-24,2019122401008260,CIT,28,42,15,"2,064.00","30,960.00"
2019-12-24,2019122401008409,CIT,37,39,13,"2,060.00","26,780.00"
2019-12-24,2019122401008408,CIT,33,39,50,"2,060.00","103,000.00"
2019-12-24,2019122401008405,CIT,37,32,23,"2,060.00","47,380.00"
2019-12-24,2019122401008403,CIT,37,34,14,"2,060.00","28,840.00"
2019-12-24,2019122401008399,CIT,45,34,10,"2,060.00","20,600.00"
2019-12-24,2019122401008373,CIT,37,34,26,"2,063.00","53,638.00"
2019-12-24,2019122401008448,CIT,17,39,45,"2,051.00","92,295.00"
2019-12-24,2019122401008447,CIT,46,4,30,"2,052.00","61,560.00"
2019-12-24,2019122401008413,CIT,57,39,100,"2,053.00","205,300.00"
2019-12-24,2019122401008412,CIT,53,39,50,"2,058.00","102,900.00"
2019-12-24,2019122401008411,CIT,1,39,50,"2,058.00","102,900.00"
2019-12-24,2019122401008410,CIT,17,39,100,"2,058.00","205,800.00"
2019-12-24,2019122401008502,DDBL,57,6,81,869.00,"70,389.00"
2019-12-24,2019122401008456,DDBL,25,6,99,866.00,"85,734.00"
2019-12-24,2019122401008455,DDBL,16,6,20,867.00,"17,340.00"
2019-12-24,2019122401008400,DDBL,21,26,100,868.00,"86,800.00"
2019-12-24,2019122401008113,DDBL,6,39,51,868.00,"44,268.00"
2019-12-24,2019122401008470,EBL,49,25,65,527.00,"34,255.00"
2019-12-24,2019122401008135,EBL,49,16,70,527.00,"36,890.00"
2019-12-24,2019122401008134,EBL,41,16,10,527.00,"5,270.00"
2019-12-24,2019122401008314,EIC,56,38,66,272.00,"17,952.00"
2019-12-24,2019122401008306,FOWAD,34,36,13,"1,400.00","18,200.00"
2019-12-24,2019122401008305,FOWAD,34,38,17,"1,400.00","23,800.00"
2019-12-24,2019122401008304,FOWAD,34,47,19,"1,398.00","26,562.00"
2019-12-24,2019122401008303,FOWAD,34,38,17,"1,398.00","23,766.00"
2019-12-24,2019122401008302,FOWAD,34,38,17,"1,398.00","23,766.00"
2019-12-24,2019122401008301,FOWAD,34,38,17,"1,398.00","23,766.00"
2019-12-24,2019122401008090,FOWAD,48,5,75,"1,393.00","104,475.00"
2019-12-24,2019122401008054,FOWAD,53,26,100,"1,394.00","139,400.00"
2019-12-24,2019122401008053,FOWAD,45,26,10,"1,395.00","13,950.00"
2019-12-24,2019122401008506,GBBL,43,25,40,201.00,"8,040.00"
2019-12-24,2019122401008505,GBBL,40,25,60,201.00,"12,060.00"
2019-12-24,2019122401008300,GBBL,40,41,40,201.00,"8,040.00"
2019-12-24,2019122401008299,GBBL,13,41,10,202.00,"2,020.00"
2019-12-24,2019122401008298,GBBL,44,41,50,202.00,"10,100.00"
2019-12-24,2019122401008513,GBLBS,44,1,15,316.00,"4,740.00"
2019-12-24,2019122401008446,GBLBS,44,1,15,316.00,"4,740.00"
2019-12-24,2019122401008406,GBLBS,44,20,500,316.00,"158,000.00"
2019-12-24,2019122401008152,GBLBS,44,1,15,316.00,"4,740.00"
2019-12-24,2019122401008060,GBLBS,44,1,773,316.00,"244,268.00"
2019-12-24,2019122401008059,GBLBS,25,1,227,316.00,"71,732.00"
2019-12-24,2019122401008226,GGBSL,51,49,78,592.00,"46,176.00"
2019-12-24,2019122401008225,GGBSL,46,49,20,593.00,"11,860.00"
2019-12-24,2019122401008275,GLICL,39,38,500,450.00,"225,000.00"
2019-12-24,2019122401008274,GLICL,38,38,200,450.00,"90,000.00"
2019-12-24,2019122401008273,GLICL,34,38,10,450.00,"4,500.00"
2019-12-24,2019122401008272,GLICL,39,38,100,450.00,"45,000.00"
2019-12-24,2019122401008123,GLICL,34,38,100,451.00,"45,100.00"
2019-12-24,2019122401008122,GLICL,35,38,20,451.00,"9,020.00"
2019-12-24,2019122401008121,GLICL,39,38,400,451.00,"180,400.00"
2019-12-24,2019122401008206,HBL,7,22,100,500.00,"50,000.00"
2019-12-24,2019122401008501,HDL,40,44,200,"1,230.00","246,000.00"
2019-12-24,2019122401008500,HDL,54,44,200,"1,230.00","246,000.00"
2019-12-24,2019122401008499,HDL,57,44,500,"1,230.00","615,000.00"
2019-12-24,2019122401008498,HDL,49,44,750,"1,230.00","922,500.00"
2019-12-24,2019122401008497,HDL,58,44,300,"1,230.00","369,000.00"
2019-12-24,2019122401008496,HDL,52,44,100,"1,230.00","123,000.00"
2019-12-24,2019122401008241,HDL,35,38,30,"1,237.00","37,110.00"
2019-12-24,2019122401008240,HDL,59,38,60,"1,237.00","74,220.00"
2019-12-24,2019122401008239,HDL,55,38,20,"1,238.00","24,760.00"
2019-12-24,2019122401008165,HDL,37,38,18,"1,240.00","22,320.00"
2019-12-24,2019122401008164,HDL,6,38,100,"1,240.00","124,000.00"
2019-12-24,2019122401008163,HDL,56,38,50,"1,241.00","62,050.00"
2019-12-24,2019122401008477,HDL,32,44,231,"1,236.00","285,516.00"
2019-12-24,2019122401008476,HDL,28,44,25,"1,237.00","30,925.00"
2019-12-24,2019122401008475,HDL,19,44,10,"1,240.00","12,400.00"
2019-12-24,2019122401008244,HDL,32,38,69,"1,236.00","85,284.00"
2019-12-24,2019122401008243,HDL,33,38,200,"1,237.00","247,400.00"
2019-12-24,2019122401008242,HDL,52,38,50,"1,237.00","61,850.00"
2019-12-24,2019122401008483,HDL,39,44,50,"1,235.00","61,750.00"
2019-12-24,2019122401008482,HDL,28,44,125,"1,235.00","154,375.00"
2019-12-24,2019122401008481,HDL,41,44,100,"1,235.00","123,500.00"
2019-12-24,2019122401008480,HDL,58,44,100,"1,236.00","123,600.00"
2019-12-24,2019122401008479,HDL,35,44,20,"1,236.00","24,720.00"
2019-12-24,2019122401008478,HDL,56,44,100,"1,236.00","123,600.00"
2019-12-24,2019122401008489,HDL,54,44,100,"1,235.00","123,500.00"
2019-12-24,2019122401008488,HDL,36,44,500,"1,235.00","617,500.00"
2019-12-24,2019122401008487,HDL,25,44,50,"1,235.00","61,750.00"
2019-12-24,2019122401008486,HDL,25,44,50,"1,235.00","61,750.00"
2019-12-24,2019122401008485,HDL,14,44,100,"1,235.00","123,500.00"
2019-12-24,2019122401008484,HDL,34,44,10,"1,235.00","12,350.00"
2019-12-24,2019122401008495,HDL,43,44,500,"1,231.00","615,500.00"
2019-12-24,2019122401008494,HDL,37,44,100,"1,232.00","123,200.00"
2019-12-24,2019122401008493,HDL,37,44,100,"1,232.00","123,200.00"
2019-12-24,2019122401008492,HDL,16,44,50,"1,232.00","61,600.00"
2019-12-24,2019122401008491,HDL,57,44,200,"1,233.00","246,600.00"
2019-12-24,2019122401008490,HDL,35,44,10,"1,235.00","12,350.00"
2019-12-24,2019122401008421,HIDCL,48,8,500,143.00,"71,500.00"
2019-12-24,2019122401008189,HIDCL,48,6,"1,000",143.00,"143,000.00"
2019-12-24,2019122401008130,HIDCL,45,6,37,144.00,"5,328.00"
2019-12-24,2019122401008349,HPPL,35,1,100,142.00,"14,200.00"
2019-12-24,2019122401008348,HPPL,35,39,10,142.00,"1,420.00"
2019-12-24,2019122401008347,HPPL,35,41,100,142.00,"14,200.00"
2019-12-24,2019122401008346,HPPL,35,21,10,142.00,"1,420.00"
2019-12-24,2019122401008345,HPPL,35,26,100,141.00,"14,100.00"
2019-12-24,2019122401008344,HPPL,35,42,20,141.00,"2,820.00"
2019-12-24,2019122401008078,HPPL,52,35,500,140.00,"70,000.00"
2019-12-24,2019122401008516,ILBS,34,52,100,531.00,"53,100.00"
2019-12-24,2019122401008515,ILBS,34,52,30,533.00,"15,990.00"
2019-12-24,2019122401008402,ILBS,34,1,10,533.00,"5,330.00"
2019-12-24,2019122401008282,JBBL,14,7,970,169.00,"163,930.00"
2019-12-24,2019122401008281,JBBL,14,7,"1,000",169.00,"169,000.00"
2019-12-24,2019122401008280,JBBL,14,7,480,169.00,"81,120.00"
2019-12-24,2019122401008133,JBBL,14,46,40,169.00,"6,760.00"
2019-12-24,2019122401008246,JSLBB,48,46,40,"1,186.00","47,440.00"
2019-12-24,2019122401008245,JSLBB,40,46,50,"1,186.00","59,300.00"
2019-12-24,2019122401008229,JSLBB,45,46,10,"1,190.00","11,900.00"
2019-12-24,2019122401008188,JSLBB,10,46,20,"1,191.00","23,820.00"
2019-12-24,2019122401008179,JSLBB,47,46,15,"1,192.00","17,880.00"
2019-12-24,2019122401008118,KBL,37,45,50,181.00,"9,050.00"
2019-12-24,2019122401008510,KPCL,43,32,60,85.00,"5,100.00"
2019-12-24,2019122401008194,KPCL,43,38,10,85.00,850.00
2019-12-24,2019122401008181,KPCL,43,1,10,85.00,850.00
2019-12-24,2019122401008376,KPCL,43,1,10,85.00,850.00
2019-12-24,2019122401008420,LBBL,32,25,34,191.00,"6,494.00"
2019-12-24,2019122401008419,LBBL,45,25,100,191.00,"19,100.00"
2019-12-24,2019122401008418,LBBL,19,25,66,191.00,"12,606.00"
2019-12-24,2019122401008297,LBBL,52,32,500,192.00,"96,000.00"
2019-12-24,2019122401008290,LBBL,19,39,554,191.00,"105,814.00"
2019-12-24,2019122401008019,LBBL,52,32,430,192.00,"82,560.00"
2019-12-24,2019122401008334,LGIL,33,36,250,332.00,"83,000.00"
2019-12-24,2019122401008043,LGIL,33,46,10,332.00,"3,320.00"
2019-12-24,2019122401008416,LLBS,18,46,10,670.00,"6,700.00"
2019-12-24,2019122401008360,MLBL,56,34,32,171.00,"5,472.00"
2019-12-24,2019122401008200,MLBL,59,39,500,171.00,"85,500.00"
2019-12-24,2019122401008199,MLBL,34,39,10,171.00,"1,710.00"
2019-12-24,2019122401008198,MLBL,21,39,200,171.00,"34,200.00"
2019-12-24,2019122401008197,MLBL,34,39,38,172.00,"6,536.00"
2019-12-24,2019122401008312,MNBBL,58,29,142,276.00,"39,192.00"
2019-12-24,2019122401008338,MSMBS,32,40,200,548.00,"109,600.00"
2019-12-24,2019122401008337,MSMBS,43,40,200,549.00,"109,800.00"
2019-12-24,2019122401008336,MSMBS,48,40,100,550.00,"55,000.00"
2019-12-24,2019122401008335,MSMBS,48,40,50,550.00,"27,500.00"
2019-12-24,2019122401008235,MSMBS,48,34,50,550.00,"27,500.00"
2019-12-24,2019122401008369,NABIL,56,47,30,668.00,"20,040.00"
2019-12-24,2019122401008355,NABIL,35,47,50,668.00,"33,400.00"
2019-12-24,2019122401008321,NABIL,5,6,200,667.00,"133,400.00"
2019-12-24,2019122401008320,NABIL,5,25,44,667.00,"29,348.00"
2019-12-24,2019122401008168,NABIL,52,16,40,666.00,"26,640.00"
2019-12-24,2019122401008167,NABIL,6,16,10,667.00,"6,670.00"
2019-12-24,2019122401008166,NABIL,41,16,38,667.00,"25,346.00"
2019-12-24,2019122401008076,NABIL,41,35,12,667.00,"8,004.00"
2019-12-24,2019122401008075,NABIL,13,35,100,667.00,"66,700.00"
2019-12-24,2019122401008025,NABIL,41,47,145,668.00,"96,860.00"
2019-12-24,2019122401008217,NADEP,45,29,20,461.00,"9,220.00"
2019-12-24,2019122401008216,NADEP,45,29,80,461.00,"36,880.00"
2019-12-24,2019122401008140,NADEP,45,58,20,461.00,"9,220.00"
2019-12-24,2019122401008139,NADEP,51,58,80,461.00,"36,880.00"
2019-12-24,2019122401008374,NBB,25,28,114,188.00,"21,432.00"
2019-12-24,2019122401008091,NBB,25,19,15,188.00,"2,820.00"
2019-12-24,2019122401008064,NBB,25,7,11,188.00,"2,068.00"
2019-12-24,2019122401008159,NBB,25,39,600,188.00,"112,800.00"
2019-12-24,2019122401008454,NBL,32,5,200,315.00,"63,000.00"
2019-12-24,2019122401008372,NBL,32,37,112,315.00,"35,280.00"
2019-12-24,2019122401008371,NBL,35,37,30,315.00,"9,450.00"
2019-12-24,2019122401008370,NBL,40,37,858,315.00,"270,270.00"
2019-12-24,2019122401008353,NBL,40,37,642,315.00,"202,230.00"
2019-12-24,2019122401008352,NBL,56,37,76,315.00,"23,940.00"
2019-12-24,2019122401008351,NBL,55,37,200,315.00,"63,000.00"
2019-12-24,2019122401008350,NBL,22,37,82,315.00,"25,830.00"
2019-12-24,2019122401008391,NCCB,26,33,"1,000",203.00,"203,000.00"
2019-12-24,2019122401008390,NCCB,25,33,45,203.00,"9,135.00"
2019-12-24,2019122401008389,NCCB,48,33,"1,000",203.00,"203,000.00"
2019-12-24,2019122401008388,NCCB,17,33,"1,000",203.00,"203,000.00"
2019-12-24,2019122401008387,NCCB,48,33,"4,000",203.00,"812,000.00"
2019-12-24,2019122401008386,NCCB,14,33,500,203.00,"101,500.00"
2019-12-24,2019122401008379,NCCB,19,33,"1,000",203.00,"203,000.00"
2019-12-24,2019122401008378,NCCB,25,33,27,203.00,"5,481.00"
2019-12-24,2019122401008339,NCCB,25,57,23,203.00,"4,669.00"
2019-12-24,2019122401008238,NCCB,26,39,"1,000",203.00,"203,000.00"
2019-12-24,2019122401008116,NCCB,33,25,90,203.00,"18,270.00"
2019-12-24,2019122401008385,NCCB,35,33,50,203.00,"10,150.00"
2019-12-24,2019122401008384,NCCB,29,33,50,203.00,"10,150.00"
2019-12-24,2019122401008383,NCCB,34,33,342,203.00,"69,426.00"
2019-12-24,2019122401008382,NCCB,52,33,500,203.00,"101,500.00"
2019-12-24,2019122401008381,NCCB,19,33,500,203.00,"101,500.00"
2019-12-24,2019122401008380,NCCB,51,33,"1,000",203.00,"203,000.00"
2019-12-24,2019122401008089,NGPL,34,7,300,112.00,"33,600.00"
2019-12-24,2019122401008041,NGPL,34,44,186,112.00,"20,832.00"
2019-12-24,2019122401008270,NIB,56,45,100,435.00,"43,500.00"
2019-12-24,2019122401008218,NIB,41,8,18,434.00,"7,812.00"
2019-12-24,2019122401008187,NIB,41,55,100,434.00,"43,400.00"
2019-12-24,2019122401008101,NIB,41,45,49,435.00,"21,315.00"
2019-12-24,2019122401008100,NIB,41,10,11,435.00,"4,785.00"
2019-12-24,2019122401008057,NIB,41,35,39,434.00,"16,926.00"
2019-12-24,2019122401008056,NIB,34,35,79,434.00,"34,286.00"
2019-12-24,2019122401008276,NICA,32,36,62,415.00,"25,730.00"
2019-12-24,2019122401008233,NICA,32,4,930,415.00,"385,950.00"
2019-12-24,2019122401008232,NICA,44,4,"1,000",415.00,"415,000.00"
2019-12-24,2019122401008231,NICA,44,4,200,415.00,"83,000.00"
2019-12-24,2019122401008230,NICA,34,4,370,415.00,"153,550.00"
2019-12-24,2019122401008114,NICA,34,59,50,415.00,"20,750.00"
2019-12-24,2019122401008022,NICA,34,36,377,415.00,"156,455.00"
2019-12-24,2019122401008392,NICL,50,6,10,288.00,"2,880.00"
2019-12-24,2019122401008035,NIL,52,3,129,413.00,"53,277.00"
2019-12-24,2019122401008209,NLBBL,33,7,100,560.00,"56,000.00"
2019-12-24,2019122401008138,NLBBL,33,34,369,560.00,"206,640.00"
2019-12-24,2019122401008473,NLIC,44,21,25,885.00,"22,125.00"
2019-12-24,2019122401008472,NLIC,44,21,50,885.00,"44,250.00"
2019-12-24,2019122401008471,NLIC,44,21,40,885.00,"35,400.00"
2019-12-24,2019122401008398,NLIC,4,34,50,886.00,"44,300.00"
2019-12-24,2019122401008397,NLIC,21,34,100,886.00,"88,600.00"
2019-12-24,2019122401008215,NLIC,44,19,10,885.00,"8,850.00"
2019-12-24,2019122401008082,NLIC,58,45,10,885.00,"8,850.00"
2019-12-24,2019122401008058,NLIC,50,34,188,886.00,"166,568.00"
2019-12-24,2019122401008214,NLIC,4,19,100,885.00,"88,500.00"
2019-12-24,2019122401008213,NLIC,14,19,300,885.00,"265,500.00"
2019-12-24,2019122401008212,NLIC,34,19,70,885.00,"61,950.00"
2019-12-24,2019122401008211,NLIC,10,19,20,886.00,"17,720.00"
2019-12-24,2019122401008137,NLIC,34,57,40,885.00,"35,400.00"
2019-12-24,2019122401008083,NLIC,34,45,90,885.00,"79,650.00"
2019-12-24,2019122401008363,NLICL,50,17,483,473.00,"228,459.00"
2019-12-24,2019122401008362,NLICL,8,17,500,475.00,"237,500.00"
2019-12-24,2019122401008327,NLICL,50,45,17,473.00,"8,041.00"
2019-12-24,2019122401008326,NLICL,44,17,100,473.00,"47,300.00"
2019-12-24,2019122401008325,NLICL,44,17,900,473.00,"425,700.00"
2019-12-24,2019122401008316,NLICL,8,39,200,476.00,"95,200.00"
2019-12-24,2019122401008036,NLICL,44,43,29,473.00,"13,717.00"
2019-12-24,2019122401008228,NMB,55,53,300,325.00,"97,500.00"
2019-12-24,2019122401008227,NMB,4,53,200,325.00,"65,000.00"
2019-12-24,2019122401008158,NMB,37,42,50,326.00,"16,300.00"
2019-12-24,2019122401008149,NMB,48,16,90,325.00,"29,250.00"
2019-12-24,2019122401008102,NMB,48,46,10,325.00,"3,250.00"
2019-12-24,2019122401008021,NMB,8,42,40,326.00,"13,040.00"
2019-12-24,2019122401008462,NMFBS,33,47,62,"1,240.00","76,880.00"
2019-12-24,2019122401008196,NMFBS,33,38,29,"1,240.00","35,960.00"
2019-12-24,2019122401008195,NMFBS,33,45,20,"1,238.00","24,760.00"
2019-12-24,2019122401008176,NMFBS,48,49,32,"1,225.00","39,200.00"
2019-12-24,2019122401008175,NMFBS,19,49,10,"1,226.00","12,260.00"
2019-12-24,2019122401008174,NMFBS,45,49,20,"1,226.00","24,520.00"
2019-12-24,2019122401008205,NNLB,32,16,40,505.00,"20,200.00"
2019-12-24,2019122401008518,NTC,6,33,30,653.00,"19,590.00"
2019-12-24,2019122401008288,NTC,57,38,300,650.00,"195,000.00"
2019-12-24,2019122401008287,NTC,25,38,50,650.00,"32,500.00"
2019-12-24,2019122401008286,NTC,41,38,100,650.00,"65,000.00"
2019-12-24,2019122401008285,NTC,6,38,50,650.00,"32,500.00"
2019-12-24,2019122401008145,NTC,55,49,120,651.00,"78,120.00"
2019-12-24,2019122401008144,NTC,6,49,30,651.00,"19,530.00"
2019-12-24,2019122401008143,NTC,46,49,50,652.00,"32,600.00"
2019-12-24,2019122401008284,NTC,34,38,40,650.00,"26,000.00"
2019-12-24,2019122401008283,NTC,38,38,65,650.00,"42,250.00"
2019-12-24,2019122401008259,NTC,38,19,150,650.00,"97,500.00"
2019-12-24,2019122401008258,NTC,37,19,50,651.00,"32,550.00"
2019-12-24,2019122401008257,NTC,55,19,80,651.00,"52,080.00"
2019-12-24,2019122401008342,PCBL,45,45,638,280.00,"178,640.00"
2019-12-24,2019122401008341,PCBL,52,45,100,280.00,"28,000.00"
2019-12-24,2019122401008340,PCBL,58,45,761,280.00,"213,080.00"
2019-12-24,2019122401008291,PCBL,58,45,772,280.00,"216,160.00"
2019-12-24,2019122401008142,PCBL,58,44,13,280.00,"3,640.00"
2019-12-24,2019122401008055,PCBL,58,57,167,280.00,"46,760.00"
2019-12-24,2019122401008354,PFL,20,1,11,131.00,"1,441.00"
2019-12-24,2019122401008512,PIC,33,53,130,407.00,"52,910.00"
2019-12-24,2019122401008511,PIC,26,53,250,408.00,"102,000.00"
2019-12-24,2019122401008117,PIC,45,55,100,407.00,"40,700.00"
2019-12-24,2019122401008081,PICL,25,4,200,417.00,"83,400.00"
2019-12-24,2019122401008080,PICL,14,4,10,417.00,"4,170.00"
2019-12-24,2019122401008315,PLIC,34,6,10,348.00,"3,480.00"
2019-12-24,2019122401008313,PLIC,38,6,23,353.00,"8,119.00"
2019-12-24,2019122401008236,PLIC,38,10,113,353.00,"39,889.00"
2019-12-24,2019122401008068,PLIC,38,36,364,353.00,"128,492.00"
2019-12-24,2019122401008067,PLIC,46,36,100,355.00,"35,500.00"
2019-12-24,2019122401008066,PLIC,19,36,26,355.00,"9,230.00"
2019-12-24,2019122401008065,PLIC,19,36,10,356.00,"3,560.00"
2019-12-24,2019122401008466,PRVU,4,45,40,225.00,"9,000.00"
2019-12-24,2019122401008136,PRVU,4,52,500,225.00,"112,500.00"
2019-12-24,2019122401008051,PRVU,4,57,"1,250",225.00,"281,250.00"
2019-12-24,2019122401008020,PRVU,4,37,16,225.00,"3,600.00"
2019-12-24,2019122401008331,RADHI,13,1,11,142.00,"1,562.00"
2019-12-24,2019122401008468,RHPL,19,38,70,171.00,"11,970.00"
2019-12-24,2019122401008467,RHPL,41,38,200,171.00,"34,200.00"
2019-12-24,2019122401008356,RHPL,19,5,100,171.00,"17,100.00"
2019-12-24,2019122401008319,RHPL,11,51,60,172.00,"10,320.00"
2019-12-24,2019122401008318,RHPL,38,51,30,172.00,"5,160.00"
2019-12-24,2019122401008317,RHPL,34,51,25,172.00,"4,300.00"
2019-12-24,2019122401008085,SADBL,49,36,"1,000",143.00,"143,000.00"
2019-12-24,2019122401008084,SADBL,49,36,80,143.00,"11,440.00"
2019-12-24,2019122401008032,SAPDBL,34,34,300,123.00,"36,900.00"
2019-12-24,2019122401008031,SAPDBL,34,34,500,123.00,"61,500.00"
2019-12-24,2019122401008030,SAPDBL,55,34,100,123.00,"12,300.00"
2019-12-24,2019122401008029,SAPDBL,45,34,100,123.00,"12,300.00"
2019-12-24,2019122401008028,SAPDBL,43,34,100,123.00,"12,300.00"
2019-12-24,2019122401008210,SBI,16,7,545,356.00,"194,020.00"
2019-12-24,2019122401008160,SBI,16,29,80,356.00,"28,480.00"
2019-12-24,2019122401008039,SBL,52,32,20,290.00,"5,800.00"
2019-12-24,2019122401008474,SCB,25,41,200,533.00,"106,600.00"
2019-12-24,2019122401008445,SCB,41,52,106,535.00,"56,710.00"
2019-12-24,2019122401008069,SCB,42,52,90,535.00,"48,150.00"
2019-12-24,2019122401008042,SCB,41,35,50,534.00,"26,700.00"
2019-12-24,2019122401008324,SDESI,39,25,377,576.00,"217,152.00"
2019-12-24,2019122401008323,SDESI,25,25,100,577.00,"57,700.00"
2019-12-24,2019122401008322,SDESI,1,25,23,577.00,"13,271.00"
2019-12-24,2019122401008040,SDESI,1,47,100,577.00,"57,700.00"
2019-12-24,2019122401008049,SFFIL,25,58,48,184.00,"8,832.00"
2019-12-24,2019122401008048,SFFIL,59,58,40,184.00,"7,360.00"
2019-12-24,2019122401008047,SFFIL,35,58,100,185.00,"18,500.00"
2019-12-24,2019122401008463,SHINE,58,52,500,232.00,"116,000.00"
2019-12-24,2019122401008444,SHINE,45,7,161,231.00,"37,191.00"
2019-12-24,2019122401008414,SHIVM,25,21,18,447.00,"8,046.00"
2019-12-24,2019122401008396,SHIVM,44,33,50,448.00,"22,400.00"
2019-12-24,2019122401008395,SHIVM,43,45,200,449.00,"89,800.00"
2019-12-24,2019122401008393,SHIVM,25,43,50,449.00,"22,450.00"
2019-12-24,2019122401008375,SHIVM,25,3,100,448.00,"44,800.00"
2019-12-24,2019122401008366,SHIVM,25,38,92,447.00,"41,124.00"
2019-12-24,2019122401008070,SHIVM,14,38,200,446.00,"89,200.00"
2019-12-24,2019122401008094,SHIVM,28,53,200,444.00,"88,800.00"
2019-12-24,2019122401008093,SHIVM,28,53,120,444.00,"53,280.00"
2019-12-24,2019122401008074,SHIVM,28,38,80,444.00,"35,520.00"
2019-12-24,2019122401008073,SHIVM,34,38,100,444.00,"44,400.00"
2019-12-24,2019122401008072,SHIVM,45,38,100,445.00,"44,500.00"
2019-12-24,2019122401008071,SHIVM,21,38,50,445.00,"22,250.00"
2019-12-24,2019122401008105,SHIVM,26,11,50,443.00,"22,150.00"
2019-12-24,2019122401008104,SHIVM,29,11,100,444.00,"44,400.00"
2019-12-24,2019122401008103,SHIVM,6,11,20,444.00,"8,880.00"
2019-12-24,2019122401008097,SHIVM,6,4,30,444.00,"13,320.00"
2019-12-24,2019122401008096,SHIVM,35,4,20,444.00,"8,880.00"
2019-12-24,2019122401008095,SHIVM,35,53,180,444.00,"79,920.00"
2019-12-24,2019122401008112,SHIVM,29,47,50,444.00,"22,200.00"
2019-12-24,2019122401008110,SHIVM,21,11,230,441.00,"101,430.00"
2019-12-24,2019122401008109,SHIVM,35,11,350,441.00,"154,350.00"
2019-12-24,2019122401008108,SHIVM,34,11,100,441.00,"44,100.00"
2019-12-24,2019122401008107,SHIVM,45,11,50,442.00,"22,100.00"
2019-12-24,2019122401008106,SHIVM,26,11,100,442.00,"44,200.00"
2019-12-24,2019122401008151,SHIVM,6,43,37,445.00,"16,465.00"
2019-12-24,2019122401008150,SHIVM,45,43,160,446.00,"71,360.00"
2019-12-24,2019122401008148,SHIVM,45,33,190,446.00,"84,740.00"
2019-12-24,2019122401008141,SHIVM,14,42,200,446.00,"89,200.00"
2019-12-24,2019122401008120,SHIVM,45,47,150,444.00,"66,600.00"
2019-12-24,2019122401008115,SHIVM,21,47,50,444.00,"22,200.00"
2019-12-24,2019122401008169,SHIVM,25,35,10,447.00,"4,470.00"
2019-12-24,2019122401008161,SHIVM,25,43,50,449.00,"22,450.00"
2019-12-24,2019122401008157,SHIVM,25,38,140,447.00,"62,580.00"
2019-12-24,2019122401008156,SHIVM,25,38,10,448.00,"4,480.00"
2019-12-24,2019122401008155,SHIVM,25,5,490,448.00,"219,520.00"
2019-12-24,2019122401008153,SHIVM,25,34,50,447.00,"22,350.00"
2019-12-24,2019122401008185,SHIVM,37,49,50,444.00,"22,200.00"
2019-12-24,2019122401008184,SHIVM,6,49,63,445.00,"28,035.00"
2019-12-24,2019122401008182,SHIVM,14,38,50,447.00,"22,350.00"
2019-12-24,2019122401008180,SHIVM,25,43,50,449.00,"22,450.00"
2019-12-24,2019122401008173,SHIVM,14,38,10,447.00,"4,470.00"
2019-12-24,2019122401008170,SHIVM,14,35,140,447.00,"62,580.00"
2019-12-24,2019122401008223,SHIVM,57,42,100,442.00,"44,200.00"
2019-12-24,2019122401008222,SHIVM,57,42,150,444.00,"66,600.00"
2019-12-24,2019122401008221,SHIVM,35,42,500,444.00,"222,000.00"
2019-12-24,2019122401008220,SHIVM,25,42,33,444.00,"14,652.00"
2019-12-24,2019122401008208,SHIVM,25,43,50,449.00,"22,450.00"
2019-12-24,2019122401008201,SHIVM,25,49,467,444.00,"207,348.00"
2019-12-24,2019122401008271,SHIVM,22,45,50,444.00,"22,200.00"
2019-12-24,2019122401008256,SHIVM,4,45,50,444.00,"22,200.00"
2019-12-24,2019122401008237,SHIVM,25,45,50,447.00,"22,350.00"
2019-12-24,2019122401008224,SHIVM,21,42,217,441.00,"95,697.00"
2019-12-24,2019122401008365,SHIVM,25,45,50,447.00,"22,350.00"
2019-12-24,2019122401008343,SHIVM,25,19,300,446.00,"133,800.00"
2019-12-24,2019122401008333,SHIVM,19,8,150,442.00,"66,300.00"
2019-12-24,2019122401008332,SHIVM,21,8,50,446.00,"22,300.00"
2019-12-24,2019122401008330,SHIVM,21,44,100,446.00,"44,600.00"
2019-12-24,2019122401008044,SHL,7,43,100,183.00,"18,300.00"
2019-12-24,2019122401008207,SICL,45,17,50,851.00,"42,550.00"
2019-12-24,2019122401008129,SICL,45,4,200,851.00,"170,200.00"
2019-12-24,2019122401008293,SJCL,18,51,"2,150",159.00,"341,850.00"
2019-12-24,2019122401008292,SJCL,34,51,350,159.00,"55,650.00"
2019-12-24,2019122401008052,SJCL,34,8,20,159.00,"3,180.00"
2019-12-24,2019122401008204,SKBBL,44,4,50,990.00,"49,500.00"
2019-12-24,2019122401008203,SKBBL,50,4,225,990.00,"222,750.00"
2019-12-24,2019122401008202,SKBBL,22,4,50,991.00,"49,550.00"
2019-12-24,2019122401008162,SKBBL,29,4,100,992.00,"99,200.00"
2019-12-24,2019122401008417,SLBBL,22,51,100,561.00,"56,100.00"
2019-12-24,2019122401008504,SLICL,4,4,"1,750",290.00,"507,500.00"
2019-12-24,2019122401008079,SLICL,49,5,150,291.00,"43,650.00"
2019-12-24,2019122401008046,SMFDB,20,25,100,638.00,"63,800.00"
2019-12-24,2019122401008045,SMFDB,52,25,50,639.00,"31,950.00"
2019-12-24,2019122401008361,SPARS,44,43,10,616.00,"6,160.00"
2019-12-24,2019122401008296,SPARS,44,1,10,616.00,"6,160.00"
2019-12-24,2019122401008088,SPARS,44,44,44,616.00,"27,104.00"
2019-12-24,2019122401008087,SPARS,34,44,150,616.00,"92,400.00"
2019-12-24,2019122401008086,SPARS,32,44,16,617.00,"9,872.00"
2019-12-24,2019122401008364,SRBL,14,52,500,217.00,"108,500.00"
2019-12-24,2019122401008146,SRBL,14,22,272,217.00,"59,024.00"
2019-12-24,2019122401008443,STC,39,3,30,"1,612.00","48,360.00"
2019-12-24,2019122401008407,TMDBL,1,59,400,153.00,"61,200.00"
2019-12-24,2019122401008295,TRH,17,36,"1,620",267.00,"432,540.00"
2019-12-24,2019122401008178,TRH,7,36,300,268.00,"80,400.00"
2019-12-24,2019122401008177,TRH,35,36,50,268.00,"13,400.00"
2019-12-24,2019122401008251,UIC,28,39,75,294.00,"22,050.00"
2019-12-24,2019122401008247,UIC,28,29,100,294.00,"29,400.00"
2019-12-24,2019122401008186,UIC,21,57,35,296.00,"10,360.00"
2019-12-24,2019122401008289,UMHL,32,55,100,110.00,"11,000.00"
2019-12-24,2019122401008234,UMHL,32,32,104,110.00,"11,440.00"
2019-12-24,2019122401008034,UPCL,26,32,10,73.00,730.00
2019-12-24,2019122401008033,UPCL,26,58,40,73.00,"2,920.00"
2019-12-24,2019122401008436,UPPER,33,45,"1,842",235.00,"432,870.00"
2019-12-24,2019122401008435,UPPER,44,45,500,235.00,"117,500.00"
2019-12-24,2019122401008434,UPPER,33,45,500,235.00,"117,500.00"
2019-12-24,2019122401008433,UPPER,45,45,"3,000",236.00,"708,000.00"
2019-12-24,2019122401008432,UPPER,55,45,200,236.00,"47,200.00"
2019-12-24,2019122401008248,UPPER,7,1,40,237.00,"9,480.00"
2019-12-24,2019122401008425,UPPER,57,45,200,236.00,"47,200.00"
2019-12-24,2019122401008424,UPPER,8,45,207,237.00,"49,059.00"
2019-12-24,2019122401008423,UPPER,7,45,730,237.00,"173,010.00"
2019-12-24,2019122401008269,UPPER,7,1,50,237.00,"11,850.00"
2019-12-24,2019122401008431,UPPER,25,45,100,236.00,"23,600.00"
2019-12-24,2019122401008430,UPPER,58,45,200,236.00,"47,200.00"
2019-12-24,2019122401008429,UPPER,52,45,500,236.00,"118,000.00"
2019-12-24,2019122401008428,UPPER,52,45,200,236.00,"47,200.00"
2019-12-24,2019122401008427,UPPER,51,45,500,236.00,"118,000.00"
2019-12-24,2019122401008426,UPPER,57,45,392,236.00,"92,512.00"
2019-12-24,2019122401008250,VLBS,44,41,160,721.00,"115,360.00"
2019-12-24,2019122401008249,VLBS,47,41,40,722.00,"28,880.00"
2019-12-24,2019122401008357,VLBS,44,10,97,721.00,"69,937.00"
2019-12-24,2019122401007960,AKPL,51,48,250,112.00,"28,000.00"
2019-12-24,2019122401007959,AKPL,43,48,"2,000",112.00,"224,000.00"
2019-12-24,2019122401007935,AKPL,7,48,624,113.00,"70,512.00"
2019-12-24,2019122401007915,AKPL,25,10,50,115.00,"5,750.00"
2019-12-24,2019122401007830,AKPL,7,58,13,113.00,"1,469.00"
2019-12-24,2019122401007655,AKPL,7,45,363,113.00,"41,019.00"
2019-12-24,2019122401007654,AKPL,43,45,87,114.00,"9,918.00"
2019-12-24,2019122401007979,ALICL,49,36,500,354.00,"177,000.00"
2019-12-24,2019122401007978,ALICL,32,36,20,354.00,"7,080.00"
2019-12-24,2019122401007977,ALICL,49,36,247,354.00,"87,438.00"
2019-12-24,2019122401007844,ALICL,49,6,653,354.00,"231,162.00"
2019-12-24,2019122401007798,ALICL,36,36,"1,000",355.00,"355,000.00"
2019-12-24,2019122401007797,ALICL,8,36,416,356.00,"148,096.00"
2019-12-24,2019122401007737,ALICL,8,54,84,356.00,"29,904.00"
2019-12-24,2019122401007736,ALICL,17,54,100,358.00,"35,800.00"
2019-12-24,2019122401007735,ALICL,38,54,16,358.00,"5,728.00"
2019-12-24,2019122401007933,API,25,38,20,108.00,"2,160.00"
2019-12-24,2019122401007834,API,1,58,14,106.00,"1,484.00"
2019-12-24,2019122401007738,API,25,38,30,108.00,"3,240.00"
2019-12-24,2019122401007730,API,1,25,"1,361",106.00,"144,266.00"
2019-12-24,2019122401007729,API,36,25,100,107.00,"10,700.00"
2019-12-24,2019122401007728,API,57,25,39,107.00,"4,173.00"
2019-12-24,2019122401007702,API,25,38,20,108.00,"2,160.00"
2019-12-24,2019122401007848,BARUN,10,58,10,81.00,810.00
2019-12-24,2019122401007724,BARUN,29,34,10,82.00,820.00
2019-12-24,2019122401007723,BARUN,29,25,"1,000",82.00,"82,000.00"
2019-12-24,2019122401007653,BOKL,37,52,50,217.00,"10,850.00"
2019-12-24,2019122401007999,BPCL,35,53,500,353.00,"176,500.00"
2019-12-24,2019122401007982,BPCL,35,38,"1,000",353.00,"353,000.00"
2019-12-24,2019122401007879,BPCL,28,25,389,353.00,"137,317.00"
2019-12-24,2019122401007832,BPCL,28,57,100,353.00,"35,300.00"
2019-12-24,2019122401007831,BPCL,43,49,11,355.00,"3,905.00"
2019-12-24,2019122401007709,BPCL,28,34,11,353.00,"3,883.00"
2019-12-24,2019122401007596,BPCL,43,6,11,356.00,"3,916.00"
2019-12-24,2019122401007592,BPCL,43,57,28,355.00,"9,940.00"
2019-12-24,2019122401007588,BPCL,42,34,11,354.00,"3,894.00"
2019-12-24,2019122401007544,BPCL,42,34,11,354.00,"3,894.00"
2019-12-24,2019122401007543,BPCL,21,55,300,355.00,"106,500.00"
2019-12-24,2019122401007531,BPCL,42,34,11,354.00,"3,894.00"
2019-12-24,2019122401007670,BPCL,6,6,200,354.00,"70,800.00"
2019-12-24,2019122401007669,BPCL,48,6,210,354.00,"74,340.00"
2019-12-24,2019122401007668,BPCL,21,6,200,354.00,"70,800.00"
2019-12-24,2019122401007667,BPCL,42,6,45,354.00,"15,930.00"
2019-12-24,2019122401007651,BPCL,43,1,22,355.00,"7,810.00"
2019-12-24,2019122401007600,BPCL,42,34,11,354.00,"3,894.00"
2019-12-24,2019122401007859,CCBL,14,58,175,165.00,"28,875.00"
2019-12-24,2019122401007858,CCBL,45,58,40,165.00,"6,600.00"
2019-12-24,2019122401007684,CCBL,34,17,80,166.00,"13,280.00"
2019-12-24,2019122401007527,CCBL,29,17,"1,000",166.00,"166,000.00"
2019-12-24,2019122401007526,CCBL,1,17,20,166.00,"3,320.00"
2019-12-24,2019122401007525,CCBL,4,17,200,166.00,"33,200.00"
2019-12-24,2019122401007524,CCBL,11,17,23,166.00,"3,818.00"
2019-12-24,2019122401007523,CCBL,36,17,10,166.00,"1,660.00"
2019-12-24,2019122401007522,CCBL,57,17,200,166.00,"33,200.00"
2019-12-24,2019122401007731,CFCL,17,36,"1,035",115.00,"119,025.00"
2019-12-24,2019122401007679,CHL,42,55,30,91.00,"2,730.00"
2019-12-24,2019122401007590,CHL,51,51,10,90.00,900.00
2019-12-24,2019122401007541,CHL,51,37,10,90.00,900.00
2019-12-24,2019122401007533,CHL,51,51,10,90.00,900.00
2019-12-24,2019122401007532,CHL,58,37,24,91.00,"2,184.00"
2019-12-24,2019122401007990,CIT,25,49,50,"2,090.00","104,500.00"
2019-12-24,2019122401007987,CIT,35,7,50,"2,080.00","104,000.00"
2019-12-24,2019122401007986,CIT,41,7,50,"2,080.00","104,000.00"
2019-12-24,2019122401007975,CIT,16,49,73,"2,090.00","152,570.00"
2019-12-24,2019122401007954,CIT,16,40,27,"2,090.00","56,430.00"
2019-12-24,2019122401007950,CIT,16,10,100,"2,090.00","209,000.00"
2019-12-24,2019122401007540,CIT,16,4,49,"2,105.00","103,145.00"
2019-12-24,2019122401007695,CIT,38,59,100,"2,100.00","210,000.00"
2019-12-24,2019122401007694,CIT,29,59,180,"2,100.00","378,000.00"
2019-12-24,2019122401007693,CIT,8,59,150,"2,101.00","315,150.00"
2019-12-24,2019122401007692,CIT,45,59,30,"2,102.00","63,060.00"
2019-12-24,2019122401007687,CIT,45,6,10,"2,102.00","21,020.00"
2019-12-24,2019122401007686,CIT,21,6,35,"2,104.00","73,640.00"
2019-12-24,2019122401007719,CIT,33,49,92,"2,100.00","193,200.00"
2019-12-24,2019122401007718,CIT,45,49,50,"2,101.00","105,050.00"
2019-12-24,2019122401007699,CIT,33,59,108,"2,100.00","226,800.00"
2019-12-24,2019122401007698,CIT,29,59,30,"2,100.00","63,000.00"
2019-12-24,2019122401007697,CIT,17,59,140,"2,100.00","294,000.00"
2019-12-24,2019122401007696,CIT,16,59,200,"2,100.00","420,000.00"
2019-12-24,2019122401007949,CIT,58,10,200,"2,090.00","418,000.00"
2019-12-24,2019122401007944,CIT,35,29,100,"2,090.00","209,000.00"
2019-12-24,2019122401007943,CIT,45,29,100,"2,092.00","209,200.00"
2019-12-24,2019122401007808,CIT,57,40,23,"2,098.00","48,254.00"
2019-12-24,2019122401007772,CIT,32,22,25,"2,100.00","52,500.00"
2019-12-24,2019122401007720,CIT,57,49,50,"2,100.00","105,000.00"
2019-12-24,2019122401008002,CZBIL,1,43,181,182.00,"32,942.00"
2019-12-24,2019122401008001,CZBIL,4,43,19,183.00,"3,477.00"
2019-12-24,2019122401007717,DBBL,25,55,229,134.00,"30,686.00"
2019-12-24,2019122401007676,DBBL,25,33,741,134.00,"99,294.00"
2019-12-24,2019122401007675,DBBL,45,33,"1,000",134.00,"134,000.00"
2019-12-24,2019122401007674,DBBL,46,33,259,135.00,"34,965.00"
2019-12-24,2019122401007996,DDBL,6,26,300,868.00,"260,400.00"
2019-12-24,2019122401007827,DDBL,6,1,17,868.00,"14,756.00"
2019-12-24,2019122401007826,DDBL,42,1,100,869.00,"86,900.00"
2019-12-24,2019122401007773,DDBL,6,28,220,868.00,"190,960.00"
2019-12-24,2019122401007739,DDBL,17,35,200,868.00,"173,600.00"
2019-12-24,2019122401007632,DDBL,57,29,100,869.00,"86,900.00"
2019-12-24,2019122401007875,DHPL,11,58,10,51.00,510.00
2019-12-24,2019122401007593,EDBL,47,11,250,289.00,"72,250.00"
2019-12-24,2019122401007974,EIC,38,38,500,272.00,"136,000.00"
2019-12-24,2019122401007973,EIC,57,38,110,273.00,"30,030.00"
2019-12-24,2019122401007643,EIC,57,28,890,273.00,"242,970.00"
2019-12-24,2019122401007642,EIC,34,28,110,273.00,"30,030.00"
2019-12-24,2019122401008000,FMDBL,45,26,170,319.00,"54,230.00"
2019-12-24,2019122401007800,FMDBL,26,26,130,319.00,"41,470.00"
2019-12-24,2019122401007722,FMDBL,53,59,50,320.00,"16,000.00"
2019-12-24,2019122401007721,FMDBL,14,59,94,320.00,"30,080.00"
2019-12-24,2019122401007985,FOWAD,25,26,30,"1,396.00","41,880.00"
2019-12-24,2019122401007945,FOWAD,35,48,21,"1,398.00","29,358.00"
2019-12-24,2019122401007637,FOWAD,25,38,17,"1,398.00","23,766.00"
2019-12-24,2019122401007636,FOWAD,25,38,17,"1,398.00","23,766.00"
2019-12-24,2019122401007956,GBBL,18,35,63,202.00,"12,726.00"
2019-12-24,2019122401008004,GBLBS,25,1,15,316.00,"4,740.00"
2019-12-24,2019122401007850,GBLBS,6,8,155,318.00,"49,290.00"
2019-12-24,2019122401007681,GBLBS,6,1,15,318.00,"4,770.00"
2019-12-24,2019122401007581,GBLBS,6,36,118,320.00,"37,760.00"
2019-12-24,2019122401007825,GGBSL,11,49,50,600.00,"30,000.00"
2019-12-24,2019122401007777,GGBSL,11,49,50,600.00,"30,000.00"
2019-12-24,2019122401007727,GGBSL,11,49,100,600.00,"60,000.00"
2019-12-24,2019122401007682,GGBSL,11,46,50,596.00,"29,800.00"
2019-12-24,2019122401007909,GIMES1,26,58,"2,000",7.06,"14,120.00"
2019-12-24,2019122401007619,GLBSL,32,1,10,446.00,"4,460.00"
2019-12-24,2019122401007672,GLICL,35,38,140,451.00,"63,140.00"
2019-12-24,2019122401007671,GLICL,35,38,110,451.00,"49,610.00"
2019-12-24,2019122401007571,GLICL,14,38,300,452.00,"135,600.00"
2019-12-24,2019122401007570,GLICL,44,38,100,453.00,"45,300.00"
2019-12-24,2019122401007569,GLICL,58,38,39,453.00,"17,667.00"
2019-12-24,2019122401007545,GLICL,58,38,261,453.00,"118,233.00"
2019-12-24,2019122401007539,GLICL,25,1,100,454.00,"45,400.00"
2019-12-24,2019122401007926,GRDBL,7,41,50,104.00,"5,200.00"
2019-12-24,2019122401007971,GUFL,3,8,15,115.00,"1,725.00"
2019-12-24,2019122401007567,HBL,6,51,50,500.00,"25,000.00"
2019-12-24,2019122401007566,HBL,6,41,52,500.00,"26,000.00"
2019-12-24,2019122401007803,HDL,37,44,100,"1,240.00","124,000.00"
2019-12-24,2019122401007795,HDL,37,44,92,"1,240.00","114,080.00"
2019-12-24,2019122401007794,HDL,14,44,300,"1,240.00","372,000.00"
2019-12-24,2019122401007793,HDL,45,44,200,"1,240.00","248,000.00"
2019-12-24,2019122401007792,HDL,22,44,100,"1,242.00","124,200.00"
2019-12-24,2019122401007791,HDL,43,44,20,"1,243.00","24,860.00"
2019-12-24,2019122401007784,HDL,7,44,20,"1,247.00","24,940.00"
2019-12-24,2019122401007790,HDL,37,44,500,"1,243.00","621,500.00"
2019-12-24,2019122401007789,HDL,56,44,20,"1,244.00","24,880.00"
2019-12-24,2019122401007788,HDL,40,44,100,"1,244.00","124,400.00"
2019-12-24,2019122401007787,HDL,54,44,100,"1,245.00","124,500.00"
2019-12-24,2019122401007786,HDL,38,44,33,"1,245.00","41,085.00"
2019-12-24,2019122401007785,HDL,19,44,15,"1,246.00","18,690.00"
2019-12-24,2019122401007899,HGI,33,38,220,278.00,"61,160.00"
2019-12-24,2019122401007898,HGI,49,38,150,283.00,"42,450.00"
2019-12-24,2019122401007897,HGI,20,38,100,283.00,"28,300.00"
2019-12-24,2019122401007896,HGI,25,38,10,283.00,"2,830.00"
2019-12-24,2019122401007757,HGI,25,46,90,283.00,"25,470.00"
2019-12-24,2019122401007756,HGI,6,46,10,285.00,"2,850.00"
2019-12-24,2019122401007678,HGI,6,7,90,285.00,"25,650.00"
2019-12-24,2019122401007677,HGI,32,7,110,286.00,"31,460.00"
2019-12-24,2019122401007605,HGI,32,59,190,286.00,"54,340.00"
2019-12-24,2019122401007604,HGI,1,59,10,286.00,"2,860.00"
2019-12-24,2019122401007919,HIDCL,45,58,43,144.00,"6,192.00"
2019-12-24,2019122401007913,HIDCL,45,6,500,144.00,"72,000.00"
2019-12-24,2019122401007849,HIDCL,45,33,120,144.00,"17,280.00"
2019-12-24,2019122401007819,HIDCL,22,33,200,144.00,"28,800.00"
2019-12-24,2019122401007796,HIDCL,38,33,100,144.00,"14,400.00"
2019-12-24,2019122401007776,HIDCL,41,33,80,144.00,"11,520.00"
2019-12-24,2019122401007775,HIDCL,41,25,20,144.00,"2,880.00"
2019-12-24,2019122401007748,HIDCL,54,25,310,144.00,"44,640.00"
2019-12-24,2019122401007740,HIDCL,54,36,20,144.00,"2,880.00"
2019-12-24,2019122401007715,HIDCL,54,34,31,144.00,"4,464.00"
2019-12-24,2019122401007633,HIDCL,54,55,200,144.00,"28,800.00"
2019-12-24,2019122401007603,HIDCL,54,55,239,144.00,"34,416.00"
2019-12-24,2019122401007853,HPPL,52,5,120,140.00,"16,800.00"
2019-12-24,2019122401007754,HPPL,52,35,500,140.00,"70,000.00"
2019-12-24,2019122401007538,HPPL,52,29,10,140.00,"1,400.00"
2019-12-24,2019122401007537,HPPL,52,35,500,140.00,"70,000.00"
2019-12-24,2019122401007905,HURJA,7,49,90,104.00,"9,360.00"
2019-12-24,2019122401007904,HURJA,7,21,20,104.00,"2,080.00"
2019-12-24,2019122401007903,HURJA,7,43,20,104.00,"2,080.00"
2019-12-24,2019122401007902,HURJA,7,38,20,104.00,"2,080.00"
2019-12-24,2019122401007901,HURJA,7,4,20,104.00,"2,080.00"
2019-12-24,2019122401007923,ICFC,6,39,196,163.00,"31,948.00"
2019-12-24,2019122401007922,ICFC,6,26,94,163.00,"15,322.00"
2019-12-24,2019122401007921,ICFC,6,52,350,162.00,"56,700.00"
2019-12-24,2019122401007920,ICFC,6,38,130,162.00,"21,060.00"
2019-12-24,2019122401007652,ICFC,41,38,20,162.00,"3,240.00"
2019-12-24,2019122401007635,ILBS,17,1,10,535.00,"5,350.00"
2019-12-24,2019122401007864,JBBL,14,35,480,169.00,"81,120.00"
2019-12-24,2019122401007863,JBBL,14,35,"1,000",169.00,"169,000.00"
2019-12-24,2019122401007862,JBBL,14,35,20,169.00,"3,380.00"
2019-12-24,2019122401007587,JBBL,14,38,600,169.00,"101,400.00"
2019-12-24,2019122401007582,JBBL,14,38,130,169.00,"21,970.00"
2019-12-24,2019122401007550,JBBL,14,38,250,169.00,"42,250.00"
2019-12-24,2019122401007900,KADBL,52,56,200,206.00,"41,200.00"
2019-12-24,2019122401007966,KPCL,43,1,10,85.00,850.00
2019-12-24,2019122401007714,KPCL,43,1,10,85.00,850.00
2019-12-24,2019122401007589,KPCL,43,1,10,85.00,850.00
2019-12-24,2019122401007818,KSBBL,57,51,533,137.00,"73,021.00"
2019-12-24,2019122401007807,KSBBL,57,22,203,137.00,"27,811.00"
2019-12-24,2019122401008018,LBBL,52,33,70,192.00,"13,440.00"
2019-12-24,2019122401007558,LBBL,19,55,180,191.00,"34,380.00"
2019-12-24,2019122401007716,MDB,10,34,100,247.00,"24,700.00"
2019-12-24,2019122401008017,MEGA,58,59,140,183.00,"25,620.00"
2019-12-24,2019122401008016,MEGA,38,59,360,183.00,"65,880.00"
2019-12-24,2019122401007928,MEGA,38,58,44,183.00,"8,052.00"
2019-12-24,2019122401007914,MEGA,38,16,"1,000",183.00,"183,000.00"
2019-12-24,2019122401007683,MEGA,36,57,500,184.00,"92,000.00"
2019-12-24,2019122401007685,MERO,48,34,55,441.00,"24,255.00"
2019-12-24,2019122401007611,MERO,36,34,"1,425",440.00,"627,000.00"
2019-12-24,2019122401007610,MERO,51,34,500,441.00,"220,500.00"
2019-12-24,2019122401007609,MERO,45,34,50,441.00,"22,050.00"
2019-12-24,2019122401007608,MERO,46,34,300,442.00,"132,600.00"
2019-12-24,2019122401007607,MERO,34,34,25,443.00,"11,075.00"
2019-12-24,2019122401007606,MERO,42,34,200,445.00,"89,000.00"
2019-12-24,2019122401007837,MLBL,34,35,262,172.00,"45,064.00"
2019-12-24,2019122401007836,MLBL,11,35,23,172.00,"3,956.00"
2019-12-24,2019122401007823,MNBBL,35,29,20,276.00,"5,520.00"
2019-12-24,2019122401007822,MNBBL,17,29,127,276.00,"35,052.00"
2019-12-24,2019122401007751,MNBBL,32,45,104,277.00,"28,808.00"
2019-12-24,2019122401007665,MNBBL,17,35,53,276.00,"14,628.00"
2019-12-24,2019122401007829,NABIL,55,55,50,669.00,"33,450.00"
2019-12-24,2019122401007759,NABIL,42,25,100,668.00,"66,800.00"
2019-12-24,2019122401007560,NABIL,4,44,500,668.00,"334,000.00"
2019-12-24,2019122401007997,NADEP,18,33,500,462.00,"231,000.00"
2019-12-24,2019122401007563,NADEP,18,1,20,462.00,"9,240.00"
2019-12-24,2019122401007856,NBB,25,43,282,188.00,"53,016.00"
2019-12-24,2019122401007855,NBB,26,43,300,188.00,"56,400.00"
2019-12-24,2019122401007854,NBB,49,43,80,188.00,"15,040.00"
2019-12-24,2019122401007779,NBL,59,1,41,316.00,"12,956.00"
2019-12-24,2019122401007778,NBL,59,45,59,316.00,"18,644.00"
2019-12-24,2019122401007745,NBL,22,38,118,315.00,"37,170.00"
2019-12-24,2019122401007744,NBL,55,38,500,315.00,"157,500.00"
2019-12-24,2019122401007743,NBL,38,38,200,315.00,"63,000.00"
2019-12-24,2019122401007742,NBL,45,38,182,315.00,"57,330.00"
2019-12-24,2019122401007594,NBL,45,49,100,315.00,"31,500.00"
2019-12-24,2019122401007583,NBL,59,45,150,316.00,"47,400.00"
2019-12-24,2019122401007562,NBL,57,45,291,316.00,"91,956.00"
2019-12-24,2019122401007561,NBL,57,38,209,316.00,"66,044.00"
2019-12-24,2019122401007993,NCCB,20,33,20,204.00,"4,080.00"
2019-12-24,2019122401007680,NCCB,49,33,200,204.00,"40,800.00"
2019-12-24,2019122401007601,NCCB,33,46,"1,190",203.00,"241,570.00"
2019-12-24,2019122401007578,NCCB,33,17,500,203.00,"101,500.00"
2019-12-24,2019122401007577,NCCB,36,17,500,203.00,"101,500.00"
2019-12-24,2019122401007988,NGPL,6,7,400,112.00,"44,800.00"
2019-12-24,2019122401007741,NHPC,43,57,500,51.00,"25,500.00"
2019-12-24,2019122401007725,NHPC,42,57,500,51.00,"25,500.00"
2019-12-24,2019122401007947,NIB,34,58,14,434.00,"6,076.00"
2019-12-24,2019122401007847,NIB,34,34,120,434.00,"52,080.00"
2019-12-24,2019122401007821,NIB,34,14,87,434.00,"37,758.00"
2019-12-24,2019122401007820,NIB,43,14,17,434.00,"7,378.00"
2019-12-24,2019122401007762,NIB,43,45,33,434.00,"14,322.00"
2019-12-24,2019122401007761,NIB,6,45,217,434.00,"94,178.00"
2019-12-24,2019122401007733,NIB,6,34,33,434.00,"14,322.00"
2019-12-24,2019122401007732,NIB,38,34,59,434.00,"25,606.00"
2019-12-24,2019122401007568,NIB,58,10,25,435.00,"10,875.00"
2019-12-24,2019122401008014,NIBPO,47,56,200,401.00,"80,200.00"
2019-12-24,2019122401007995,NICA,37,36,100,416.00,"41,600.00"
2019-12-24,2019122401007964,NICA,34,6,203,415.00,"84,245.00"
2019-12-24,2019122401007963,NICA,29,6,50,415.00,"20,750.00"
2019-12-24,2019122401007962,NICA,41,6,17,415.00,"7,055.00"
2019-12-24,2019122401007917,NICA,41,34,83,415.00,"34,445.00"
2019-12-24,2019122401007916,NICA,19,34,417,415.00,"173,055.00"
2019-12-24,2019122401007865,NICA,19,36,50,415.00,"20,750.00"
2019-12-24,2019122401007838,NICA,19,47,33,415.00,"13,695.00"
2019-12-24,2019122401007817,NICA,58,25,93,415.00,"38,595.00"
2019-12-24,2019122401007712,NICA,58,36,"1,907",415.00,"791,405.00"
2019-12-24,2019122401007711,NICA,28,36,200,415.00,"83,000.00"
2019-12-24,2019122401007710,NICA,40,36,211,415.00,"87,565.00"
2019-12-24,2019122401007530,NICL,44,42,912,290.00,"264,480.00"
2019-12-24,2019122401007529,NICL,57,42,100,291.00,"29,100.00"
2019-12-24,2019122401007528,NICL,38,42,488,294.00,"143,472.00"
2019-12-24,2019122401007521,NICL,38,59,12,294.00,"3,528.00"
2019-12-24,2019122401007520,NICL,48,59,100,294.00,"29,400.00"
2019-12-24,2019122401007519,NICL,43,59,100,294.00,"29,400.00"
2019-12-24,2019122401007992,NIL,52,39,36,413.00,"14,868.00"
2019-12-24,2019122401007991,NIL,58,39,64,414.00,"26,496.00"
2019-12-24,2019122401007573,NIL,58,5,36,414.00,"14,904.00"
2019-12-24,2019122401007572,NIL,43,5,15,415.00,"6,225.00"
2019-12-24,2019122401007548,NIL,44,10,300,416.00,"124,800.00"
2019-12-24,2019122401007953,NLBBL,34,13,200,561.00,"112,200.00"
2019-12-24,2019122401007799,NLBBL,21,34,100,564.00,"56,400.00"
2019-12-24,2019122401007705,NLBBL,19,10,100,562.00,"56,200.00"
2019-12-24,2019122401007704,NLBBL,50,10,194,562.00,"109,028.00"
2019-12-24,2019122401007565,NLBBL,50,29,306,562.00,"171,972.00"
2019-12-24,2019122401007564,NLBBL,33,29,50,562.00,"28,100.00"
2019-12-24,2019122401007559,NLBBL,34,34,31,565.00,"17,515.00"
2019-12-24,2019122401008015,NLIC,50,55,12,886.00,"10,632.00"
2019-12-24,2019122401007970,NLIC,34,34,17,887.00,"15,079.00"
2019-12-24,2019122401007969,NLIC,50,34,200,887.00,"177,400.00"
2019-12-24,2019122401007968,NLIC,25,34,100,888.00,"88,800.00"
2019-12-24,2019122401007967,NLIC,32,34,77,889.00,"68,453.00"
2019-12-24,2019122401007835,NLIC,32,33,20,890.00,"17,800.00"
2019-12-24,2019122401007713,NLICL,32,5,10,480.00,"4,800.00"
2019-12-24,2019122401007546,NLICL,44,42,500,473.00,"236,500.00"
2019-12-24,2019122401007976,NMB,49,42,50,326.00,"16,300.00"
2019-12-24,2019122401007927,NMB,17,42,200,326.00,"65,200.00"
2019-12-24,2019122401007843,NMB,42,42,300,325.00,"97,500.00"
2019-12-24,2019122401007842,NMB,40,42,300,325.00,"97,500.00"
2019-12-24,2019122401007841,NMB,33,42,100,325.00,"32,500.00"
2019-12-24,2019122401007840,NMB,3,42,300,325.00,"97,500.00"
2019-12-24,2019122401007626,NMB,34,28,25,326.00,"8,150.00"
2019-12-24,2019122401007625,NMB,41,28,100,326.00,"32,600.00"
2019-12-24,2019122401007624,NMB,37,28,254,326.00,"82,804.00"
2019-12-24,2019122401007595,NMB,19,7,10,327.00,"3,270.00"
2019-12-24,2019122401007703,NMB,54,38,"1,500",326.00,"489,000.00"
2019-12-24,2019122401007631,NMB,54,28,218,326.00,"71,068.00"
2019-12-24,2019122401007630,NMB,11,28,20,326.00,"6,520.00"
2019-12-24,2019122401007629,NMB,45,28,53,326.00,"17,278.00"
2019-12-24,2019122401007628,NMB,38,28,30,326.00,"9,780.00"
2019-12-24,2019122401007627,NMB,32,28,300,326.00,"97,800.00"
2019-12-24,2019122401007782,NMB,5,42,"1,000",326.00,"326,000.00"
2019-12-24,2019122401007781,NMB,5,42,284,326.00,"92,584.00"
2019-12-24,2019122401007780,NMB,5,7,716,326.00,"233,416.00"
2019-12-24,2019122401007767,NMB,45,7,100,326.00,"32,600.00"
2019-12-24,2019122401007766,NMB,34,7,500,326.00,"163,000.00"
2019-12-24,2019122401007765,NMB,54,7,282,326.00,"91,932.00"
2019-12-24,2019122401007584,NMBMF,38,44,100,560.00,"56,000.00"
2019-12-24,2019122401007580,NMBMF,38,40,45,560.00,"25,200.00"
2019-12-24,2019122401007934,NNLB,45,46,20,505.00,"10,100.00"
2019-12-24,2019122401007542,NSEWA,38,1,10,455.00,"4,550.00"
2019-12-24,2019122401007644,NUBL,38,21,30,785.00,"23,550.00"
2019-12-24,2019122401007648,OHL,4,34,885,441.00,"390,285.00"
2019-12-24,2019122401007647,OHL,16,34,100,442.00,"44,200.00"
2019-12-24,2019122401007646,OHL,44,34,10,446.00,"4,460.00"
2019-12-24,2019122401007645,OHL,42,34,20,446.00,"8,920.00"
2019-12-24,2019122401007998,PCBL,58,37,40,280.00,"11,200.00"
2019-12-24,2019122401007576,PCBL,58,6,47,280.00,"13,160.00"
2019-12-24,2019122401007575,PCBL,38,6,500,280.00,"140,000.00"
2019-12-24,2019122401007574,PCBL,43,6,953,280.00,"266,840.00"
2019-12-24,2019122401007755,PFL,20,1,13,131.00,"1,703.00"
2019-12-24,2019122401007918,PIC,55,42,50,408.00,"20,400.00"
2019-12-24,2019122401007824,PIC,45,35,200,407.00,"81,400.00"
2019-12-24,2019122401007811,PIC,33,42,200,408.00,"81,600.00"
2019-12-24,2019122401007810,PIC,25,42,50,408.00,"20,400.00"
2019-12-24,2019122401007557,PPCL,6,41,10,116.00,"1,160.00"
2019-12-24,2019122401007556,PPCL,6,6,30,114.00,"3,420.00"
2019-12-24,2019122401007555,PPCL,6,34,100,114.00,"11,400.00"
2019-12-24,2019122401007554,PPCL,6,22,500,114.00,"57,000.00"
2019-12-24,2019122401007553,PPCL,6,10,90,114.00,"10,260.00"
2019-12-24,2019122401007552,PPCL,6,38,50,113.00,"5,650.00"
2019-12-24,2019122401007551,PPCL,6,38,10,112.00,"1,120.00"
2019-12-24,2019122401007948,PRVU,4,35,151,225.00,"33,975.00"
2019-12-24,2019122401007861,PRVU,4,7,628,225.00,"141,300.00"
2019-12-24,2019122401007860,PRVU,47,7,372,225.00,"83,700.00"
2019-12-24,2019122401007801,PRVU,47,38,500,225.00,"112,500.00"
2019-12-24,2019122401007752,PRVU,47,5,100,225.00,"22,500.00"
2019-12-24,2019122401007750,PRVU,47,33,289,225.00,"65,025.00"
2019-12-24,2019122401007586,PRVU,50,57,125,226.00,"28,250.00"
2019-12-24,2019122401007534,PRVU,43,34,23,225.00,"5,175.00"
2019-12-24,2019122401007749,PRVU,4,33,211,225.00,"47,475.00"
2019-12-24,2019122401007691,PRVU,4,29,500,225.00,"112,500.00"
2019-12-24,2019122401007659,PRVU,4,33,289,225.00,"65,025.00"
2019-12-24,2019122401007658,PRVU,4,33,"1,000",225.00,"225,000.00"
2019-12-24,2019122401007657,PRVU,52,33,100,225.00,"22,500.00"
2019-12-24,2019122401007656,PRVU,43,33,111,225.00,"24,975.00"
2019-12-24,2019122401007599,RHPC,37,40,200,70.00,"14,000.00"
2019-12-24,2019122401007598,RHPC,58,40,700,70.00,"49,000.00"
2019-12-24,2019122401007597,RHPC,43,40,50,70.00,"3,500.00"
2019-12-24,2019122401007912,RHPL,34,29,40,172.00,"6,880.00"
2019-12-24,2019122401007666,RHPL,34,13,50,172.00,"8,600.00"
2019-12-24,2019122401007547,RHPL,34,34,10,172.00,"1,720.00"
2019-12-24,2019122401007910,RRHP,42,1,10,98.00,980.00
2019-12-24,2019122401007774,RRHP,42,1,10,98.00,980.00
2019-12-24,2019122401007641,RSDC,11,7,18,318.00,"5,724.00"
2019-12-24,2019122401007640,RSDC,38,7,100,318.00,"31,800.00"
2019-12-24,2019122401007639,RSDC,1,7,200,318.00,"63,600.00"
2019-12-24,2019122401007638,RSDC,57,7,200,319.00,"63,800.00"
2019-12-24,2019122401007932,SANIMA,33,37,220,316.00,"69,520.00"
2019-12-24,2019122401007929,SANIMA,33,4,300,316.00,"94,800.00"
2019-12-24,2019122401007895,SANIMA,33,48,200,316.00,"63,200.00"
2019-12-24,2019122401007877,SANIMA,33,54,"1,172",316.00,"370,352.00"
2019-12-24,2019122401007747,SANIMA,33,33,90,316.00,"28,440.00"
2019-12-24,2019122401007746,SANIMA,52,33,950,316.00,"300,200.00"
2019-12-24,2019122401007708,SANIMA,52,39,50,316.00,"15,800.00"
2019-12-24,2019122401007707,SANIMA,11,39,150,316.00,"47,400.00"
2019-12-24,2019122401007952,SBI,17,7,55,357.00,"19,635.00"
2019-12-24,2019122401007951,SBI,17,46,20,357.00,"7,140.00"
2019-12-24,2019122401007857,SBL,14,35,600,289.00,"173,400.00"
2019-12-24,2019122401007989,SCB,41,35,20,534.00,"10,680.00"
2019-12-24,2019122401007981,SHINE,32,7,50,232.00,"11,600.00"
2019-12-24,2019122401007980,SHINE,45,7,96,232.00,"22,272.00"
2019-12-24,2019122401007613,SHINE,45,32,404,232.00,"93,728.00"
2019-12-24,2019122401007612,SHINE,41,32,50,232.00,"11,600.00"
2019-12-24,2019122401008013,SHIVM,14,19,300,446.00,"133,800.00"
2019-12-24,2019122401008012,SHIVM,35,19,100,446.00,"44,600.00"
2019-12-24,2019122401008011,SHIVM,57,19,100,447.00,"44,700.00"
2019-12-24,2019122401008003,SHIVM,10,4,50,448.00,"22,400.00"
2019-12-24,2019122401007994,SHIVM,17,1,50,448.00,"22,400.00"
2019-12-24,2019122401007961,SHIVM,28,58,50,448.00,"22,400.00"
2019-12-24,2019122401007614,SHIVM,22,34,200,454.00,"90,800.00"
2019-12-24,2019122401007602,SHIVM,22,45,200,455.00,"91,000.00"
2019-12-24,2019122401007591,SHIVM,29,45,250,455.00,"113,750.00"
2019-12-24,2019122401007621,SHIVM,21,25,"1,000",453.00,"453,000.00"
2019-12-24,2019122401007620,SHIVM,14,25,50,453.00,"22,650.00"
2019-12-24,2019122401007618,SHIVM,14,34,50,453.00,"22,650.00"
2019-12-24,2019122401007617,SHIVM,29,34,600,454.00,"272,400.00"
2019-12-24,2019122401007616,SHIVM,19,34,100,454.00,"45,400.00"
2019-12-24,2019122401007615,SHIVM,45,34,50,454.00,"22,700.00"
2019-12-24,2019122401007622,SHIVM,29,25,100,453.00,"45,300.00"
2019-12-24,2019122401007758,SHIVM,13,55,100,453.00,"45,300.00"
2019-12-24,2019122401007753,SHIVM,13,57,100,453.00,"45,300.00"
2019-12-24,2019122401007726,SHIVM,21,38,500,452.00,"226,000.00"
2019-12-24,2019122401007690,SHIVM,21,19,50,452.00,"22,600.00"
2019-12-24,2019122401007689,SHIVM,35,19,200,452.00,"90,400.00"
2019-12-24,2019122401007688,SHIVM,39,19,250,452.00,"113,000.00"
2019-12-24,2019122401007814,SHIVM,16,49,300,452.00,"135,600.00"
2019-12-24,2019122401007813,SHIVM,45,49,100,452.00,"45,200.00"
2019-12-24,2019122401007812,SHIVM,21,49,400,452.00,"180,800.00"
2019-12-24,2019122401007802,SHIVM,44,33,10,457.00,"4,570.00"
2019-12-24,2019122401007783,SHIVM,37,45,50,455.00,"22,750.00"
2019-12-24,2019122401007770,SHIVM,21,4,50,452.00,"22,600.00"
2019-12-24,2019122401007866,SHIVM,35,58,10,452.00,"4,520.00"
2019-12-24,2019122401007839,SHIVM,35,5,40,452.00,"18,080.00"
2019-12-24,2019122401007833,SHIVM,35,49,50,452.00,"22,600.00"
2019-12-24,2019122401007828,SHIVM,57,49,100,452.00,"45,200.00"
2019-12-24,2019122401007816,SHIVM,45,49,500,452.00,"226,000.00"
2019-12-24,2019122401007815,SHIVM,29,49,50,452.00,"22,600.00"
2019-12-24,2019122401007872,SHIVM,19,58,100,451.00,"45,100.00"
2019-12-24,2019122401007871,SHIVM,1,58,200,451.00,"90,200.00"
2019-12-24,2019122401007870,SHIVM,38,58,100,451.00,"45,100.00"
2019-12-24,2019122401007869,SHIVM,14,58,500,452.00,"226,000.00"
2019-12-24,2019122401007868,SHIVM,16,58,100,452.00,"45,200.00"
2019-12-24,2019122401007867,SHIVM,14,58,100,452.00,"45,200.00"
2019-12-24,2019122401007884,SHIVM,29,52,50,451.00,"22,550.00"
2019-12-24,2019122401007883,SHIVM,58,52,"1,000",451.00,"451,000.00"
2019-12-24,2019122401007882,SHIVM,52,52,200,451.00,"90,200.00"
2019-12-24,2019122401007881,SHIVM,14,52,200,451.00,"90,200.00"
2019-12-24,2019122401007880,SHIVM,58,52,610,451.00,"275,110.00"
2019-12-24,2019122401007873,SHIVM,58,58,390,451.00,"175,890.00"
2019-12-24,2019122401007890,SHIVM,20,52,100,450.00,"45,000.00"
2019-12-24,2019122401007889,SHIVM,32,52,100,450.00,"45,000.00"
2019-12-24,2019122401007888,SHIVM,28,52,200,450.00,"90,000.00"
2019-12-24,2019122401007887,SHIVM,28,52,200,450.00,"90,000.00"
2019-12-24,2019122401007886,SHIVM,56,52,100,450.00,"45,000.00"
2019-12-24,2019122401007885,SHIVM,59,52,500,450.00,"225,000.00"
2019-12-24,2019122401007908,SHIVM,32,52,100,450.00,"45,000.00"
2019-12-24,2019122401007907,SHIVM,19,52,50,450.00,"22,500.00"
2019-12-24,2019122401007894,SHIVM,17,52,500,450.00,"225,000.00"
2019-12-24,2019122401007893,SHIVM,34,52,30,450.00,"13,500.00"
2019-12-24,2019122401007892,SHIVM,29,52,250,450.00,"112,500.00"
2019-12-24,2019122401007891,SHIVM,8,52,100,450.00,"45,000.00"
2019-12-24,2019122401007940,SHIVM,49,38,50,448.00,"22,400.00"
2019-12-24,2019122401007939,SHIVM,20,38,23,448.00,"10,304.00"
2019-12-24,2019122401007931,SHIVM,10,52,500,450.00,"225,000.00"
2019-12-24,2019122401007930,SHIVM,29,44,100,449.00,"44,900.00"
2019-12-24,2019122401007925,SHIVM,45,52,100,450.00,"45,000.00"
2019-12-24,2019122401007911,SHIVM,22,52,50,450.00,"22,500.00"
2019-12-24,2019122401007958,SHIVM,28,51,97,448.00,"43,456.00"
2019-12-24,2019122401007957,SHIVM,53,51,573,448.00,"256,704.00"
2019-12-24,2019122401007955,SHIVM,53,49,"1,000",448.00,"448,000.00"
2019-12-24,2019122401007946,SHIVM,14,52,100,450.00,"45,000.00"
2019-12-24,2019122401007942,SHIVM,53,38,427,448.00,"191,296.00"
2019-12-24,2019122401007941,SHIVM,58,38,100,448.00,"44,800.00"
2019-12-24,2019122401007878,SHL,7,7,160,183.00,"29,280.00"
2019-12-24,2019122401008006,SIC,42,38,150,498.00,"74,700.00"
2019-12-24,2019122401008005,SIC,45,38,10,500.00,"5,000.00"
2019-12-24,2019122401007806,SICL,53,17,167,850.00,"141,950.00"
2019-12-24,2019122401007805,SICL,45,17,83,850.00,"70,550.00"
2019-12-24,2019122401007804,SICL,45,17,50,851.00,"42,550.00"
2019-12-24,2019122401007768,SINDU,1,36,30,135.00,"4,050.00"
2019-12-24,2019122401007972,SJCL,34,35,20,159.00,"3,180.00"
2019-12-24,2019122401007924,SJCL,47,29,20,160.00,"3,200.00"
2019-12-24,2019122401007852,SJCL,47,51,391,160.00,"62,560.00"
2019-12-24,2019122401007851,SJCL,35,51,"1,409",160.00,"225,440.00"
2019-12-24,2019122401007634,SJCL,47,13,20,160.00,"3,200.00"
2019-12-24,2019122401007579,SJCL,47,34,10,160.00,"1,600.00"
2019-12-24,2019122401007874,SLBBL,22,22,190,560.00,"106,400.00"
2019-12-24,2019122401007760,SLBBL,32,22,10,560.00,"5,600.00"
2019-12-24,2019122401008009,SLICL,29,38,940,287.00,"269,780.00"
2019-12-24,2019122401008008,SLICL,5,38,100,288.00,"28,800.00"
2019-12-24,2019122401008007,SLICL,34,38,790,288.00,"227,520.00"
2019-12-24,2019122401007938,SLICL,34,36,210,288.00,"60,480.00"
2019-12-24,2019122401007937,SLICL,32,36,50,288.00,"14,400.00"
2019-12-24,2019122401007936,SLICL,34,36,240,289.00,"69,360.00"
2019-12-24,2019122401007764,SLICL,34,38,160,289.00,"46,240.00"
2019-12-24,2019122401007763,SLICL,39,38,100,289.00,"28,900.00"
2019-12-24,2019122401007769,SMB,11,1,50,600.00,"30,000.00"
2019-12-24,2019122401007809,SPARS,34,1,10,616.00,"6,160.00"
2019-12-24,2019122401007734,SPARS,34,26,10,616.00,"6,160.00"
2019-12-24,2019122401007706,SPARS,34,26,10,616.00,"6,160.00"
2019-12-24,2019122401007771,SRBL,14,17,"1,469",217.00,"318,773.00"
2019-12-24,2019122401008010,STC,39,45,10,"1,612.00","16,120.00"
2019-12-24,2019122401007673,STC,40,38,50,"1,632.00","81,600.00"
2019-12-24,2019122401007549,STC,40,38,50,"1,632.00","81,600.00"
2019-12-24,2019122401007906,TMDBL,1,59,500,153.00,"76,500.00"
2019-12-24,2019122401007701,TRH,35,3,50,268.00,"13,400.00"
2019-12-24,2019122401007700,TRH,56,3,250,268.00,"67,000.00"
2019-12-24,2019122401007650,TRH,56,33,100,268.00,"26,800.00"
2019-12-24,2019122401007649,TRH,37,33,"1,000",268.00,"268,000.00"
2019-12-24,2019122401007536,TRH,14,28,40,270.00,"10,800.00"
2019-12-24,2019122401007535,TRH,14,33,460,270.00,"124,200.00"
2019-12-24,2019122401007623,UIC,21,46,25,296.00,"7,400.00"
2019-12-24,2019122401007585,UIC,56,1,107,297.00,"31,779.00"
2019-12-24,2019122401007965,UMHL,32,58,10,110.00,"1,100.00"
2019-12-24,2019122401007984,UPPER,7,44,180,237.00,"42,660.00"
2019-12-24,2019122401007983,UPPER,39,44,20,237.00,"4,740.00"
2019-12-24,2019122401007876,UPPER,39,1,50,237.00,"11,850.00"
2019-12-24,2019122401007846,UPPER,39,1,30,237.00,"7,110.00"
2019-12-24,2019122401007845,UPPER,42,1,10,237.00,"2,370.00"
2019-12-24,2019122401007664,VLBS,47,36,60,722.00,"43,320.00"
2019-12-24,2019122401007663,VLBS,22,36,50,722.00,"36,100.00"
2019-12-24,2019122401007662,VLBS,17,36,20,722.00,"14,440.00"
2019-12-24,2019122401007661,VLBS,17,36,27,722.00,"19,494.00"
2019-12-24,2019122401007660,VLBS,34,36,43,722.00,"31,046.00"
2019-12-24,2019122401007397,ADBL,11,49,100,414.00,"41,400.00"
2019-12-24,2019122401007334,ADBL,52,57,226,413.00,"93,338.00"
2019-12-24,2019122401007223,ADBL,49,49,20,414.00,"8,280.00"
2019-12-24,2019122401007208,ADBL,52,14,207,413.00,"85,491.00"
2019-12-24,2019122401007207,ADBL,22,14,125,413.00,"51,625.00"
2019-12-24,2019122401007206,ADBL,4,14,200,413.00,"82,600.00"
2019-12-24,2019122401007205,ADBL,20,14,500,413.00,"206,500.00"
2019-12-24,2019122401007204,ADBL,4,14,718,413.00,"296,534.00"
2019-12-24,2019122401007039,ADBL,4,36,254,413.00,"104,902.00"
2019-12-24,2019122401007142,AKJCL,7,38,10,54.00,540.00
2019-12-24,2019122401007119,AKPL,43,39,13,114.00,"1,482.00"
2019-12-24,2019122401007357,ALICL,38,59,166,358.00,"59,428.00"
2019-12-24,2019122401007105,ALICL,38,49,18,358.00,"6,444.00"
2019-12-24,2019122401007293,API,57,42,100,107.00,"10,700.00"
2019-12-24,2019122401007212,API,25,48,76,109.00,"8,284.00"
2019-12-24,2019122401007202,API,57,25,61,107.00,"6,527.00"
2019-12-24,2019122401007201,API,21,25,200,107.00,"21,400.00"
2019-12-24,2019122401007200,API,50,25,500,107.00,"53,500.00"
2019-12-24,2019122401007199,API,4,25,89,107.00,"9,523.00"
2019-12-24,2019122401007087,BOKL,32,52,60,217.00,"13,020.00"
2019-12-24,2019122401007086,BOKL,32,28,59,217.00,"12,803.00"
2019-12-24,2019122401007512,BPCL,42,34,11,354.00,"3,894.00"
2019-12-24,2019122401007495,BPCL,19,34,11,352.00,"3,872.00"
2019-12-24,2019122401007464,BPCL,19,34,11,352.00,"3,872.00"
2019-12-24,2019122401007426,BPCL,19,34,11,352.00,"3,872.00"
2019-12-24,2019122401007391,BPCL,33,43,462,355.00,"164,010.00"
2019-12-24,2019122401007390,BPCL,33,43,439,355.00,"155,845.00"
2019-12-24,2019122401007079,BPCL,45,53,67,351.00,"23,517.00"
2019-12-24,2019122401007078,BPCL,45,40,33,351.00,"11,583.00"
2019-12-24,2019122401007032,BPCL,25,53,500,351.00,"175,500.00"
2019-12-24,2019122401007143,BPCL,34,51,395,352.00,"139,040.00"
2019-12-24,2019122401007136,BPCL,33,53,459,351.00,"161,109.00"
2019-12-24,2019122401007135,BPCL,14,53,474,351.00,"166,374.00"
2019-12-24,2019122401007134,BPCL,19,53,67,351.00,"23,517.00"
2019-12-24,2019122401007126,BPCL,37,51,100,352.00,"35,200.00"
2019-12-24,2019122401007100,BPCL,19,53,433,351.00,"151,983.00"
2019-12-24,2019122401007177,BPCL,35,21,25,350.00,"8,750.00"
2019-12-24,2019122401007176,BPCL,35,21,89,350.00,"31,150.00"
2019-12-24,2019122401007175,BPCL,40,21,100,351.00,"35,100.00"
2019-12-24,2019122401007174,BPCL,1,21,100,351.00,"35,100.00"
2019-12-24,2019122401007173,BPCL,1,21,200,351.00,"70,200.00"
2019-12-24,2019122401007172,BPCL,33,21,41,351.00,"14,391.00"
2019-12-24,2019122401007284,BPCL,43,32,11,354.00,"3,894.00"
2019-12-24,2019122401007256,BPCL,47,34,52,353.00,"18,356.00"
2019-12-24,2019122401007255,BPCL,47,22,50,352.00,"17,600.00"
2019-12-24,2019122401007180,BPCL,41,21,195,350.00,"68,250.00"
2019-12-24,2019122401007179,BPCL,43,21,150,350.00,"52,500.00"
2019-12-24,2019122401007178,BPCL,51,21,100,350.00,"35,000.00"
2019-12-24,2019122401007389,BPCL,33,19,30,355.00,"10,650.00"
2019-12-24,2019122401007388,BPCL,33,6,200,354.00,"70,800.00"
2019-12-24,2019122401007368,BPCL,41,6,300,354.00,"106,200.00"
2019-12-24,2019122401007319,BPCL,43,43,11,355.00,"3,905.00"
2019-12-24,2019122401007311,BPCL,41,7,100,354.00,"35,400.00"
2019-12-24,2019122401007310,BPCL,41,57,200,354.00,"70,800.00"
2019-12-24,2019122401007269,CBBL,40,34,239,796.00,"190,244.00"
2019-12-24,2019122401007472,CBL,4,34,145,136.00,"19,720.00"
2019-12-24,2019122401007471,CBL,14,34,10,136.00,"1,360.00"
2019-12-24,2019122401007470,CBL,49,34,845,136.00,"114,920.00"
2019-12-24,2019122401007441,CBL,49,56,155,136.00,"21,080.00"
2019-12-24,2019122401007440,CBL,36,56,10,136.00,"1,360.00"
2019-12-24,2019122401007439,CBL,50,56,531,136.00,"72,216.00"
2019-12-24,2019122401007052,CBL,49,41,500,136.00,"68,000.00"
2019-12-24,2019122401007341,CBL,50,6,"1,000",136.00,"136,000.00"
2019-12-24,2019122401007203,CBL,50,35,100,136.00,"13,600.00"
2019-12-24,2019122401007113,CBL,50,55,"1,000",136.00,"136,000.00"
2019-12-24,2019122401007090,CBL,50,53,369,136.00,"50,184.00"
2019-12-24,2019122401007089,CBL,49,53,182,136.00,"24,752.00"
2019-12-24,2019122401007081,CBL,49,58,"1,319",136.00,"179,384.00"
2019-12-24,2019122401007517,CCBL,4,53,200,166.00,"33,200.00"
2019-12-24,2019122401007130,CCBL,47,35,15,167.00,"2,505.00"
2019-12-24,2019122401007343,CEFL,4,19,100,103.00,"10,300.00"
2019-12-24,2019122401007342,CEFL,4,38,80,103.00,"8,240.00"
2019-12-24,2019122401007029,CHCL,50,45,50,361.00,"18,050.00"
2019-12-24,2019122401007028,CHCL,50,45,100,361.00,"36,100.00"
2019-12-24,2019122401007499,CHL,51,51,10,90.00,900.00
2019-12-24,2019122401007486,CHL,35,55,30,91.00,"2,730.00"
2019-12-24,2019122401007433,CHL,51,51,10,90.00,900.00
2019-12-24,2019122401007412,CHL,51,51,10,90.00,900.00
2019-12-24,2019122401007399,CHL,51,51,10,90.00,900.00
2019-12-24,2019122401007392,CHL,51,51,10,90.00,900.00
2019-12-24,2019122401007324,CHL,51,55,10,90.00,900.00
2019-12-24,2019122401007234,CHL,39,55,10,89.00,890.00
2019-12-24,2019122401007497,CIT,16,49,77,"2,105.00","162,085.00"
2019-12-24,2019122401007479,CIT,1,49,20,"2,105.00","42,100.00"
2019-12-24,2019122401007451,CIT,35,49,50,"2,105.00","105,250.00"
2019-12-24,2019122401007425,CIT,28,49,50,"2,105.00","105,250.00"
2019-12-24,2019122401007418,CIT,21,58,190,"2,104.00","399,760.00"
2019-12-24,2019122401007416,CIT,21,49,225,"2,105.00","473,625.00"
2019-12-24,2019122401007150,CIT,5,13,10,"2,105.00","21,050.00"
2019-12-24,2019122401007149,CIT,59,13,50,"2,105.00","105,250.00"
2019-12-24,2019122401007112,CIT,16,25,200,"2,107.00","421,400.00"
2019-12-24,2019122401007111,CIT,45,25,15,"2,108.00","31,620.00"
2019-12-24,2019122401007093,CIT,45,59,10,"2,108.00","21,080.00"
2019-12-24,2019122401007058,CIT,16,53,20,"2,110.00","42,200.00"
2019-12-24,2019122401007156,CIT,40,13,100,"2,100.00","210,000.00"
2019-12-24,2019122401007155,CIT,49,13,20,"2,100.00","42,000.00"
2019-12-24,2019122401007154,CIT,16,13,200,"2,101.00","420,200.00"
2019-12-24,2019122401007153,CIT,41,13,50,"2,102.00","105,100.00"
2019-12-24,2019122401007152,CIT,1,13,100,"2,102.00","210,200.00"
2019-12-24,2019122401007151,CIT,21,13,25,"2,104.00","52,600.00"
2019-12-24,2019122401007275,CIT,16,52,27,"2,111.00","56,997.00"
2019-12-24,2019122401007274,CIT,16,25,17,"2,110.00","35,870.00"
2019-12-24,2019122401007228,CIT,8,14,50,"2,101.00","105,050.00"
2019-12-24,2019122401007221,CIT,29,44,20,"2,100.00","42,000.00"
2019-12-24,2019122401007159,CIT,16,16,52,"2,105.00","109,460.00"
2019-12-24,2019122401007157,CIT,29,13,100,"2,100.00","210,000.00"
2019-12-24,2019122401007415,CIT,16,49,200,"2,105.00","421,000.00"
2019-12-24,2019122401007414,CIT,52,49,30,"2,105.00","63,150.00"
2019-12-24,2019122401007413,CIT,21,49,28,"2,106.00","58,968.00"
2019-12-24,2019122401007381,CIT,54,41,100,"2,106.00","210,600.00"
2019-12-24,2019122401007291,CIT,52,33,20,"2,105.00","42,100.00"
2019-12-24,2019122401007276,CIT,16,25,30,"2,111.00","63,330.00"
2019-12-24,2019122401007387,CZBIL,4,1,130,183.00,"23,790.00"
2019-12-24,2019122401007386,CZBIL,13,1,"1,000",183.00,"183,000.00"
2019-12-24,2019122401007385,CZBIL,56,1,400,183.00,"73,200.00"
