Date,Transact. No.,Symbol,Buyer,Seller,Quantity,Rate,Amount
2020-08-10,2020081001027239,ACLBSL,34,29,10,706.00,"7,060.00"
2020-08-10,2020081001027219,ACLBSL,34,29,10,706.00,"7,060.00"
2020-08-10,2020081001027195,ACLBSL,34,29,10,706.00,"7,060.00"
2020-08-10,2020081001027157,ACLBSL,34,29,10,706.00,"7,060.00"
2020-08-10,2020081001027127,ACLBSL,34,29,10,706.00,"7,060.00"
2020-08-10,2020081001027114,ACLBSL,34,1,10,706.00,"7,060.00"
2020-08-10,2020081001027072,ACLBSL,34,1,10,706.00,"7,060.00"
2020-08-10,2020081001027062,ACLBSL,34,41,10,706.00,"7,060.00"
2020-08-10,2020081001026961,ACLBSL,34,22,10,706.00,"7,060.00"
2020-08-10,2020081001027366,ADBL,29,16,275,422.00,"116,050.00"
2020-08-10,2020081001027160,ADBL,22,33,100,423.00,"42,300.00"
2020-08-10,2020081001027159,ADBL,29,46,100,422.00,"42,200.00"
2020-08-10,2020081001027100,ADBL,34,33,42,423.00,"17,766.00"
2020-08-10,2020081001027099,ADBL,34,33,200,423.00,"84,600.00"
2020-08-10,2020081001027098,ADBL,34,45,500,423.00,"211,500.00"
2020-08-10,2020081001027097,ADBL,34,49,"1,000",423.00,"423,000.00"
2020-08-10,2020081001027096,ADBL,34,41,258,423.00,"109,134.00"
2020-08-10,2020081001026954,ADBL,29,25,40,422.00,"16,880.00"
2020-08-10,2020081001027067,AHPC,45,7,53,94.00,"4,982.00"
2020-08-10,2020081001027434,AIL,4,44,10,513.00,"5,130.00"
2020-08-10,2020081001027433,AIL,4,51,10,513.00,"5,130.00"
2020-08-10,2020081001027401,AIL,4,40,10,513.00,"5,130.00"
2020-08-10,2020081001027398,AIL,4,44,10,513.00,"5,130.00"
2020-08-10,2020081001027368,AIL,4,51,10,513.00,"5,130.00"
2020-08-10,2020081001027367,AIL,4,44,10,513.00,"5,130.00"
2020-08-10,2020081001027030,AIL,4,21,10,513.00,"5,130.00"
2020-08-10,2020081001027007,AIL,4,10,10,513.00,"5,130.00"
2020-08-10,2020081001027005,AIL,4,44,10,513.00,"5,130.00"
2020-08-10,2020081001027002,AIL,4,48,10,513.00,"5,130.00"
2020-08-10,2020081001026983,AIL,4,44,10,513.00,"5,130.00"
2020-08-10,2020081001026947,AIL,4,48,10,513.00,"5,130.00"
2020-08-10,2020081001027071,AIL,4,17,10,513.00,"5,130.00"
2020-08-10,2020081001027069,AIL,4,29,10,513.00,"5,130.00"
2020-08-10,2020081001027068,AIL,4,44,10,513.00,"5,130.00"
2020-08-10,2020081001027051,AIL,4,10,10,513.00,"5,130.00"
2020-08-10,2020081001027047,AIL,4,44,10,513.00,"5,130.00"
2020-08-10,2020081001027036,AIL,4,44,10,513.00,"5,130.00"
2020-08-10,2020081001027164,AIL,4,44,10,513.00,"5,130.00"
2020-08-10,2020081001027149,AIL,4,35,10,513.00,"5,130.00"
2020-08-10,2020081001027130,AIL,4,44,10,513.00,"5,130.00"
2020-08-10,2020081001027108,AIL,4,10,10,513.00,"5,130.00"
2020-08-10,2020081001027104,AIL,4,44,10,513.00,"5,130.00"
2020-08-10,2020081001027103,AIL,4,48,10,513.00,"5,130.00"
2020-08-10,2020081001027230,AIL,4,35,10,513.00,"5,130.00"
2020-08-10,2020081001027214,AIL,4,48,10,513.00,"5,130.00"
2020-08-10,2020081001027213,AIL,4,11,10,513.00,"5,130.00"
2020-08-10,2020081001027202,AIL,4,58,10,513.00,"5,130.00"
2020-08-10,2020081001027167,AIL,4,10,10,513.00,"5,130.00"
2020-08-10,2020081001027165,AIL,4,56,10,513.00,"5,130.00"
2020-08-10,2020081001027276,AIL,4,48,10,513.00,"5,130.00"
2020-08-10,2020081001027265,AIL,4,35,10,513.00,"5,130.00"
2020-08-10,2020081001027256,AIL,4,38,10,513.00,"5,130.00"
2020-08-10,2020081001027248,AIL,4,10,10,513.00,"5,130.00"
2020-08-10,2020081001027246,AIL,4,29,10,513.00,"5,130.00"
2020-08-10,2020081001027237,AIL,4,11,10,513.00,"5,130.00"
2020-08-10,2020081001027327,AIL,4,40,10,513.00,"5,130.00"
2020-08-10,2020081001027319,AIL,4,44,10,513.00,"5,130.00"
2020-08-10,2020081001027313,AIL,4,44,10,513.00,"5,130.00"
2020-08-10,2020081001027312,AIL,4,51,10,513.00,"5,130.00"
2020-08-10,2020081001027292,AIL,4,44,10,513.00,"5,130.00"
2020-08-10,2020081001027287,AIL,4,44,10,513.00,"5,130.00"
2020-08-10,2020081001027077,AKJCL,46,41,225,52.00,"11,700.00"
2020-08-10,2020081001027076,AKJCL,42,41,10,52.00,520.00
2020-08-10,2020081001027075,AKJCL,42,41,75,52.00,"3,900.00"
2020-08-10,2020081001027074,AKJCL,7,41,10,52.00,520.00
2020-08-10,2020081001027273,ALBSL,52,47,11,696.00,"7,656.00"
2020-08-10,2020081001027204,ALBSL,48,45,50,702.00,"35,100.00"
2020-08-10,2020081001027201,ALBSL,1,18,70,698.00,"48,860.00"
2020-08-10,2020081001027031,ALBSL,21,47,12,700.00,"8,400.00"
2020-08-10,2020081001027222,BOKL,59,45,100,227.00,"22,700.00"
2020-08-10,2020081001027118,BOKL,58,45,42,227.00,"9,534.00"
2020-08-10,2020081001027117,BOKL,58,32,68,227.00,"15,436.00"
2020-08-10,2020081001027116,BOKL,58,40,190,227.00,"43,130.00"
2020-08-10,2020081001027115,CBBL,1,57,10,"1,075.00","10,750.00"
2020-08-10,2020081001027238,CCBL,11,39,10,178.00,"1,780.00"
2020-08-10,2020081001027082,CCBL,41,45,58,177.00,"10,266.00"
2020-08-10,2020081001027041,CCBL,45,39,158,178.00,"28,124.00"
2020-08-10,2020081001027435,CHCL,35,44,10,395.00,"3,950.00"
2020-08-10,2020081001027430,CIT,22,41,20,"2,603.00","52,060.00"
2020-08-10,2020081001027429,CIT,22,13,50,"2,603.00","130,150.00"
2020-08-10,2020081001027428,CIT,22,38,10,"2,602.00","26,020.00"
2020-08-10,2020081001027231,CIT,49,57,190,"2,601.00","494,190.00"
2020-08-10,2020081001027267,CORBL,37,32,60,115.00,"6,900.00"
2020-08-10,2020081001027266,CORBL,37,33,40,115.00,"4,600.00"
2020-08-10,2020081001027293,CZBIL,44,47,10,199.00,"1,990.00"
2020-08-10,2020081001026987,CZBIL,44,45,182,199.00,"36,218.00"
2020-08-10,2020081001026986,CZBIL,56,45,200,199.00,"39,800.00"
2020-08-10,2020081001026985,CZBIL,38,45,118,199.00,"23,482.00"
2020-08-10,2020081001027309,EBL,13,16,200,732.00,"146,400.00"
2020-08-10,2020081001027308,EBL,34,16,50,732.00,"36,600.00"
2020-08-10,2020081001027221,EIC,28,51,30,439.00,"13,170.00"
2020-08-10,2020081001027166,EIC,45,55,"1,000",441.00,"441,000.00"
2020-08-10,2020081001026972,EIC,33,13,100,440.00,"44,000.00"
2020-08-10,2020081001026971,EIC,58,13,220,440.00,"96,800.00"
2020-08-10,2020081001026970,EIC,48,13,"1,000",440.00,"440,000.00"
2020-08-10,2020081001026969,EIC,17,13,50,440.00,"22,000.00"
2020-08-10,2020081001026968,EIC,7,13,225,440.00,"99,000.00"
2020-08-10,2020081001027083,GBBL,39,3,20,240.00,"4,800.00"
2020-08-10,2020081001027397,GBIME,45,34,355,256.00,"90,880.00"
2020-08-10,2020081001027396,GBIME,45,53,50,256.00,"12,800.00"
2020-08-10,2020081001027395,GBIME,45,28,595,256.00,"152,320.00"
2020-08-10,2020081001027393,GBIME,41,28,465,256.00,"119,040.00"
2020-08-10,2020081001027203,GBIME,42,28,300,256.00,"76,800.00"
2020-08-10,2020081001027113,GBIME,14,28,200,256.00,"51,200.00"
2020-08-10,2020081001026948,GBIME,58,28,400,256.00,"102,400.00"
2020-08-10,2020081001026946,GBIME,11,28,10,256.00,"2,560.00"
2020-08-10,2020081001027095,GBIME,47,26,96,255.00,"24,480.00"
2020-08-10,2020081001027094,GBIME,41,26,100,255.00,"25,500.00"
2020-08-10,2020081001027093,GBIME,36,26,10,255.00,"2,550.00"
2020-08-10,2020081001027092,GBIME,21,26,20,255.00,"5,100.00"
2020-08-10,2020081001027091,GBIME,39,26,200,255.00,"51,000.00"
2020-08-10,2020081001027090,GBIME,58,26,74,255.00,"18,870.00"
2020-08-10,2020081001027004,GHL,26,22,20,56.00,"1,120.00"
2020-08-10,2020081001027119,GLBSL,43,58,10,872.00,"8,720.00"
2020-08-10,2020081001026989,GLBSL,8,36,10,871.00,"8,710.00"
2020-08-10,2020081001027425,GMFBS,52,21,10,790.00,"7,900.00"
2020-08-10,2020081001027424,GMFBS,52,42,10,790.00,"7,900.00"
2020-08-10,2020081001027423,GMFBS,52,45,44,790.00,"34,760.00"
2020-08-10,2020081001027422,GMFBS,52,51,10,790.00,"7,900.00"
2020-08-10,2020081001027310,GMFBS,47,47,10,789.00,"7,890.00"
2020-08-10,2020081001026994,GMFBS,47,41,10,789.00,"7,890.00"
2020-08-10,2020081001026993,GMFBS,47,43,10,788.00,"7,880.00"
2020-08-10,2020081001026992,GMFBS,47,21,10,780.00,"7,800.00"
2020-08-10,2020081001027081,HBL,11,34,20,553.00,"11,060.00"
2020-08-10,2020081001027427,HDHPC,39,36,30,86.00,"2,580.00"
2020-08-10,2020081001027033,HDHPC,39,22,40,86.00,"3,440.00"
2020-08-10,2020081001027032,HDHPC,39,22,10,86.00,860.00
2020-08-10,2020081001027337,HDL,21,53,110,"1,705.00","187,550.00"
2020-08-10,2020081001027272,HDL,17,53,90,"1,705.00","153,450.00"
2020-08-10,2020081001027271,HDL,17,57,60,"1,705.00","102,300.00"
2020-08-10,2020081001027150,HDL,1,57,10,"1,705.00","17,050.00"
2020-08-10,2020081001027146,HDL,50,47,30,"1,700.00","51,000.00"
2020-08-10,2020081001027145,HDL,37,47,100,"1,700.00","170,000.00"
2020-08-10,2020081001027144,HDL,44,47,200,"1,701.00","340,200.00"
2020-08-10,2020081001027143,HDL,58,47,170,"1,701.00","289,170.00"
2020-08-10,2020081001026973,HDL,47,57,30,"1,705.00","51,150.00"
2020-08-10,2020081001027323,HIDCL,59,59,450,129.00,"58,050.00"
2020-08-10,2020081001027252,HIDCL,11,50,61,128.00,"7,808.00"
2020-08-10,2020081001027054,HIDCL,11,21,61,128.00,"7,808.00"
2020-08-10,2020081001027326,HPPL,45,47,10,134.00,"1,340.00"
2020-08-10,2020081001027274,HPPL,45,50,10,134.00,"1,340.00"
2020-08-10,2020081001027249,HPPL,45,49,120,134.00,"16,080.00"
2020-08-10,2020081001027048,HURJA,45,22,20,93.00,"1,860.00"
2020-08-10,2020081001027282,JBBL,52,43,178,174.00,"30,972.00"
2020-08-10,2020081001027281,JBBL,17,42,"1,000",175.00,"175,000.00"
2020-08-10,2020081001027251,JBBL,52,43,172,174.00,"29,928.00"
2020-08-10,2020081001027250,JBBL,13,43,83,174.00,"14,442.00"
2020-08-10,2020081001027061,JOSHI,14,22,20,57.00,"1,140.00"
2020-08-10,2020081001027388,KMCDB,44,44,10,799.00,"7,990.00"
2020-08-10,2020081001027003,KMCDB,49,6,10,807.00,"8,070.00"
2020-08-10,2020081001027245,KSBBL,17,29,50,154.00,"7,700.00"
2020-08-10,2020081001027244,KSBBL,17,59,"2,000",154.00,"308,000.00"
2020-08-10,2020081001027243,KSBBL,17,29,500,154.00,"77,000.00"
2020-08-10,2020081001027242,KSBBL,17,19,100,153.00,"15,300.00"
2020-08-10,2020081001027241,KSBBL,17,43,69,153.00,"10,557.00"
2020-08-10,2020081001027311,LBBL,49,43,68,190.00,"12,920.00"
2020-08-10,2020081001027147,LBBL,32,41,2,188.00,376.00
2020-08-10,2020081001027011,LBBL,11,48,10,191.00,"1,910.00"
2020-08-10,2020081001027215,LBL,14,29,200,231.00,"46,200.00"
2020-08-10,2020081001027129,LGIL,34,17,10,459.00,"4,590.00"
2020-08-10,2020081001027386,LICN,50,28,377,"1,450.00","546,650.00"
2020-08-10,2020081001027385,LICN,50,53,100,"1,450.00","145,000.00"
2020-08-10,2020081001027384,LICN,50,13,50,"1,450.00","72,500.00"
2020-08-10,2020081001027383,LICN,50,50,300,"1,450.00","435,000.00"
2020-08-10,2020081001027382,LICN,50,6,25,"1,449.00","36,225.00"
2020-08-10,2020081001027381,LICN,50,58,100,"1,449.00","144,900.00"
2020-08-10,2020081001027380,LICN,50,57,100,"1,449.00","144,900.00"
2020-08-10,2020081001027379,LICN,50,48,500,"1,448.00","724,000.00"
2020-08-10,2020081001027378,LICN,50,25,16,"1,448.00","23,168.00"
2020-08-10,2020081001027377,LICN,50,22,150,"1,447.00","217,050.00"
2020-08-10,2020081001027331,LICN,47,22,50,"1,447.00","72,350.00"
2020-08-10,2020081001027339,MBL,33,41,10,233.00,"2,330.00"
2020-08-10,2020081001027338,MBL,33,33,120,232.00,"27,840.00"
2020-08-10,2020081001027217,MBL,44,33,380,232.00,"88,160.00"
2020-08-10,2020081001027216,MBL,44,17,120,232.00,"27,840.00"
2020-08-10,2020081001027043,MBL,56,17,385,232.00,"89,320.00"
2020-08-10,2020081001027042,MBL,56,57,115,232.00,"26,680.00"
2020-08-10,2020081001027278,MEGA,58,47,38,229.00,"8,702.00"
2020-08-10,2020081001027218,MEGA,45,55,10,230.00,"2,300.00"
2020-08-10,2020081001027148,MEGA,58,46,520,229.00,"119,080.00"
2020-08-10,2020081001027038,MEGA,58,34,303,228.00,"69,084.00"
2020-08-10,2020081001027012,MEGA,6,34,"1,000",228.00,"228,000.00"
2020-08-10,2020081001027044,MERO,26,41,32,641.00,"20,512.00"
2020-08-10,2020081001026937,MERO,13,59,12,640.00,"7,680.00"
2020-08-10,2020081001026936,MERO,13,22,380,640.00,"243,200.00"
2020-08-10,2020081001027421,MLBBL,45,17,190,728.00,"138,320.00"
2020-08-10,2020081001027420,MLBBL,45,22,10,727.00,"7,270.00"
2020-08-10,2020081001027234,MMFDB,40,26,100,942.00,"94,200.00"
2020-08-10,2020081001027158,MMFDB,5,26,50,942.00,"47,100.00"
2020-08-10,2020081001027419,MNBBL,40,19,50,326.00,"16,300.00"
2020-08-10,2020081001027020,MNBBL,59,58,50,327.00,"16,350.00"
2020-08-10,2020081001027019,MNBBL,59,14,63,327.00,"20,601.00"
2020-08-10,2020081001027018,MNBBL,59,22,"1,000",327.00,"327,000.00"
2020-08-10,2020081001027017,MNBBL,59,38,25,327.00,"8,175.00"
2020-08-10,2020081001027016,MNBBL,59,57,70,327.00,"22,890.00"
2020-08-10,2020081001027015,MNBBL,59,45,35,327.00,"11,445.00"
2020-08-10,2020081001026988,MNBBL,40,25,50,326.00,"16,300.00"
2020-08-10,2020081001026984,MNBBL,40,45,210,326.00,"68,460.00"
2020-08-10,2020081001027059,MPFL,59,49,582,104.00,"60,528.00"
2020-08-10,2020081001027131,NADEP,17,17,23,631.00,"14,513.00"
2020-08-10,2020081001027200,NBB,7,52,404,205.00,"82,820.00"
2020-08-10,2020081001027199,NBB,7,19,"1,166",205.00,"239,030.00"
2020-08-10,2020081001027198,NBB,7,44,100,205.00,"20,500.00"
2020-08-10,2020081001027080,NBB,58,45,20,204.00,"4,080.00"
2020-08-10,2020081001027235,NBF2,35,45,110,9.35,"1,028.50"
2020-08-10,2020081001027212,NBL,19,46,50,272.00,"13,600.00"
2020-08-10,2020081001027426,NCCB,45,6,207,194.00,"40,158.00"
2020-08-10,2020081001027283,NCCB,45,38,293,194.00,"56,842.00"
2020-08-10,2020081001027280,NCCB,11,38,10,194.00,"1,940.00"
2020-08-10,2020081001027196,NFS,36,17,10,210.00,"2,100.00"
2020-08-10,2020081001027299,NHDL,22,50,10,128.00,"1,280.00"
2020-08-10,2020081001027400,NIB,32,42,411,447.00,"183,717.00"
2020-08-10,2020081001027375,NIB,46,42,50,447.00,"22,350.00"
2020-08-10,2020081001027374,NIB,43,42,100,447.00,"44,700.00"
2020-08-10,2020081001027373,NIB,26,42,300,447.00,"134,100.00"
2020-08-10,2020081001027372,NIB,38,42,100,447.00,"44,700.00"
2020-08-10,2020081001027371,NIB,13,42,230,447.00,"102,810.00"
2020-08-10,2020081001027370,NIB,28,42,500,448.00,"224,000.00"
2020-08-10,2020081001027079,NIB,51,36,"1,111",450.00,"499,950.00"
2020-08-10,2020081001027303,NIBPO,14,14,111,378.00,"41,958.00"
2020-08-10,2020081001027073,NIBPO,58,22,100,378.00,"37,800.00"
2020-08-10,2020081001027365,NICA,58,35,"1,089",573.00,"623,997.00"
2020-08-10,2020081001027364,NICA,58,28,"2,000",573.00,"1,146,000.00"
2020-08-10,2020081001027363,NICA,58,28,"1,000",573.00,"573,000.00"
2020-08-10,2020081001027362,NICA,58,57,800,572.00,"457,600.00"
2020-08-10,2020081001027361,NICA,58,29,500,572.00,"286,000.00"
2020-08-10,2020081001027360,NICA,58,58,50,572.00,"28,600.00"
2020-08-10,2020081001026955,NICA,58,49,710,569.00,"403,990.00"
2020-08-10,2020081001027171,NICA,58,28,500,570.00,"285,000.00"
2020-08-10,2020081001026960,NICA,58,26,109,569.00,"62,021.00"
2020-08-10,2020081001026959,NICA,58,48,469,569.00,"266,861.00"
2020-08-10,2020081001026958,NICA,58,51,100,569.00,"56,900.00"
2020-08-10,2020081001026957,NICA,58,49,200,569.00,"113,800.00"
2020-08-10,2020081001026956,NICA,58,47,10,569.00,"5,690.00"
2020-08-10,2020081001027207,NICA,58,42,10,570.00,"5,700.00"
2020-08-10,2020081001027206,NICA,58,51,10,570.00,"5,700.00"
2020-08-10,2020081001027205,NICA,58,58,100,570.00,"57,000.00"
2020-08-10,2020081001027174,NICA,58,58,700,570.00,"399,000.00"
2020-08-10,2020081001027173,NICA,58,11,100,570.00,"57,000.00"
2020-08-10,2020081001027172,NICA,58,52,200,570.00,"114,000.00"
2020-08-10,2020081001027341,NICA,58,35,20,570.00,"11,400.00"
2020-08-10,2020081001027286,NICA,34,51,54,568.00,"30,672.00"
2020-08-10,2020081001027285,NICA,25,51,50,569.00,"28,450.00"
2020-08-10,2020081001027210,NICA,58,35,280,570.00,"159,600.00"
2020-08-10,2020081001027209,NICA,58,6,50,570.00,"28,500.00"
2020-08-10,2020081001027208,NICA,58,57,50,570.00,"28,500.00"
2020-08-10,2020081001027347,NICA,58,55,13,571.00,"7,423.00"
2020-08-10,2020081001027346,NICA,58,48,138,570.00,"78,660.00"
2020-08-10,2020081001027345,NICA,58,41,200,570.00,"114,000.00"
2020-08-10,2020081001027344,NICA,58,32,10,570.00,"5,700.00"
2020-08-10,2020081001027343,NICA,58,1,100,570.00,"57,000.00"
2020-08-10,2020081001027342,NICA,58,50,"1,000",570.00,"570,000.00"
2020-08-10,2020081001027353,NICA,58,8,390,572.00,"223,080.00"
2020-08-10,2020081001027352,NICA,58,42,10,572.00,"5,720.00"
2020-08-10,2020081001027351,NICA,58,44,300,572.00,"171,600.00"
2020-08-10,2020081001027350,NICA,58,40,50,571.00,"28,550.00"
2020-08-10,2020081001027349,NICA,58,58,"1,000",571.00,"571,000.00"
2020-08-10,2020081001027348,NICA,58,46,300,571.00,"171,300.00"
2020-08-10,2020081001027359,NICA,58,58,245,572.00,"140,140.00"
2020-08-10,2020081001027358,NICA,58,28,100,572.00,"57,200.00"
2020-08-10,2020081001027357,NICA,58,28,500,572.00,"286,000.00"
2020-08-10,2020081001027356,NICA,58,52,72,572.00,"41,184.00"
2020-08-10,2020081001027355,NICA,58,49,63,572.00,"36,036.00"
2020-08-10,2020081001027354,NICA,58,10,50,572.00,"28,600.00"
2020-08-10,2020081001027387,NICLBSL,50,38,10,774.00,"7,740.00"
2020-08-10,2020081001027330,NICLBSL,50,38,20,774.00,"15,480.00"
2020-08-10,2020081001027325,NICLBSL,7,6,50,778.00,"38,900.00"
2020-08-10,2020081001027324,NICLBSL,7,56,10,778.00,"7,780.00"
2020-08-10,2020081001027300,NICLBSL,50,40,20,774.00,"15,480.00"
2020-08-10,2020081001027236,NICLBSL,50,49,20,774.00,"15,480.00"
2020-08-10,2020081001026963,NICLBSL,39,21,10,774.00,"7,740.00"
2020-08-10,2020081001026944,NICLBSL,26,39,10,774.00,"7,740.00"
2020-08-10,2020081001026979,NICLBSL,38,41,20,778.00,"15,560.00"
2020-08-10,2020081001026978,NICLBSL,38,53,50,778.00,"38,900.00"
2020-08-10,2020081001026977,NICLBSL,38,43,10,778.00,"7,780.00"
2020-08-10,2020081001026976,NICLBSL,38,45,20,777.00,"15,540.00"
2020-08-10,2020081001026975,NICLBSL,38,50,10,776.00,"7,760.00"
2020-08-10,2020081001026974,NICLBSL,38,48,10,775.00,"7,750.00"
2020-08-10,2020081001027050,NICLBSL,50,29,10,774.00,"7,740.00"
2020-08-10,2020081001027046,NICLBSL,50,39,10,774.00,"7,740.00"
2020-08-10,2020081001027045,NICLBSL,50,48,10,774.00,"7,740.00"
2020-08-10,2020081001027009,NICLBSL,39,39,10,774.00,"7,740.00"
2020-08-10,2020081001026981,NICLBSL,38,44,50,779.00,"38,950.00"
2020-08-10,2020081001026980,NICLBSL,38,43,10,779.00,"7,790.00"
2020-08-10,2020081001027229,NICLBSL,50,58,10,774.00,"7,740.00"
2020-08-10,2020081001027168,NICLBSL,50,48,10,774.00,"7,740.00"
2020-08-10,2020081001027123,NICLBSL,50,42,10,774.00,"7,740.00"
2020-08-10,2020081001027102,NICLBSL,50,14,10,774.00,"7,740.00"
2020-08-10,2020081001027088,NICLBSL,50,42,20,774.00,"15,480.00"
2020-08-10,2020081001027057,NICLBSL,50,42,10,774.00,"7,740.00"
2020-08-10,2020081001027270,NLG,7,32,157,640.00,"100,480.00"
2020-08-10,2020081001027269,NLG,7,59,27,639.00,"17,253.00"
2020-08-10,2020081001027268,NLG,7,14,16,639.00,"10,224.00"
2020-08-10,2020081001027128,NLG,50,14,34,639.00,"21,726.00"
2020-08-10,2020081001027220,NLIC,34,28,20,"1,356.00","27,120.00"
2020-08-10,2020081001027194,NLIC,57,45,10,"1,360.00","13,600.00"
2020-08-10,2020081001027193,NLIC,57,43,50,"1,360.00","68,000.00"
2020-08-10,2020081001027192,NLIC,57,39,54,"1,360.00","73,440.00"
2020-08-10,2020081001027191,NLIC,57,48,500,"1,360.00","680,000.00"
2020-08-10,2020081001027190,NLIC,57,41,22,"1,360.00","29,920.00"
2020-08-10,2020081001027014,NLIC,53,41,22,"1,355.00","29,810.00"
2020-08-10,2020081001027013,NLIC,53,41,22,"1,355.00","29,810.00"
2020-08-10,2020081001027156,NLIC,28,22,100,"1,358.00","135,800.00"
2020-08-10,2020081001027155,NLIC,28,19,200,"1,358.00","271,600.00"
2020-08-10,2020081001027154,NLIC,28,52,200,"1,358.00","271,600.00"
2020-08-10,2020081001027153,NLIC,28,22,200,"1,358.00","271,600.00"
2020-08-10,2020081001027152,NLIC,28,58,90,"1,358.00","122,220.00"
2020-08-10,2020081001027037,NLIC,28,34,22,"1,356.00","29,832.00"
2020-08-10,2020081001027183,NLIC,57,43,50,"1,360.00","68,000.00"
2020-08-10,2020081001027182,NLIC,57,17,453,"1,360.00","616,080.00"
2020-08-10,2020081001027181,NLIC,57,39,"1,000","1,359.00","1,359,000.00"
2020-08-10,2020081001027180,NLIC,57,39,300,"1,359.00","407,700.00"
2020-08-10,2020081001027170,NLIC,39,39,700,"1,359.00","951,300.00"
2020-08-10,2020081001027169,NLIC,39,50,300,"1,359.00","407,700.00"
2020-08-10,2020081001027189,NLIC,57,16,100,"1,360.00","136,000.00"
2020-08-10,2020081001027188,NLIC,57,54,25,"1,360.00","34,000.00"
2020-08-10,2020081001027187,NLIC,57,35,200,"1,360.00","272,000.00"
2020-08-10,2020081001027186,NLIC,57,10,86,"1,360.00","116,960.00"
2020-08-10,2020081001027185,NLIC,57,49,"1,000","1,360.00","1,360,000.00"
2020-08-10,2020081001027184,NLIC,57,29,150,"1,360.00","204,000.00"
2020-08-10,2020081001027259,NLICL,44,46,56,690.00,"38,640.00"
2020-08-10,2020081001027225,NLICL,49,26,200,691.00,"138,200.00"
2020-08-10,2020081001026941,NLICL,29,8,"1,000",693.00,"693,000.00"
2020-08-10,2020081001026940,NLICL,29,6,98,693.00,"67,914.00"
2020-08-10,2020081001027340,NMB,33,49,10,427.00,"4,270.00"
2020-08-10,2020081001027255,NMB,42,34,21,426.00,"8,946.00"
2020-08-10,2020081001027049,NMB,53,58,45,425.00,"19,125.00"
2020-08-10,2020081001026982,NMB,1,52,80,429.00,"34,320.00"
2020-08-10,2020081001027399,NRIC,40,29,40,589.00,"23,560.00"
2020-08-10,2020081001027320,NRIC,40,48,40,589.00,"23,560.00"
2020-08-10,2020081001027290,NRIC,40,52,20,589.00,"11,780.00"
2020-08-10,2020081001027284,NRIC,40,54,835,589.00,"491,815.00"
2020-08-10,2020081001027261,NRIC,13,49,40,588.00,"23,520.00"
2020-08-10,2020081001027260,NRIC,13,49,40,588.00,"23,520.00"
2020-08-10,2020081001027034,NRIC,13,48,50,588.00,"29,400.00"
2020-08-10,2020081001027021,NRIC,16,39,700,589.00,"412,300.00"
2020-08-10,2020081001026995,NRIC,13,39,40,588.00,"23,520.00"
2020-08-10,2020081001026990,NRIC,13,49,50,588.00,"29,400.00"
2020-08-10,2020081001026962,NRIC,13,39,50,588.00,"29,400.00"
2020-08-10,2020081001027109,NRIC,55,39,255,589.00,"150,195.00"
2020-08-10,2020081001027089,NRIC,13,49,40,588.00,"23,520.00"
2020-08-10,2020081001027063,NRIC,13,14,40,588.00,"23,520.00"
2020-08-10,2020081001027060,NRIC,7,39,500,589.00,"294,500.00"
2020-08-10,2020081001027056,NRIC,13,39,40,588.00,"23,520.00"
2020-08-10,2020081001027035,NRIC,13,29,40,588.00,"23,520.00"
2020-08-10,2020081001027247,NRIC,33,54,10,589.00,"5,890.00"
2020-08-10,2020081001027179,NRIC,13,49,40,588.00,"23,520.00"
2020-08-10,2020081001027151,NRIC,13,48,40,588.00,"23,520.00"
2020-08-10,2020081001027112,NRIC,55,54,155,589.00,"91,295.00"
2020-08-10,2020081001027111,NRIC,55,56,40,589.00,"23,560.00"
2020-08-10,2020081001027110,NRIC,55,49,50,589.00,"29,450.00"
2020-08-10,2020081001027414,NUBL,16,40,300,969.00,"290,700.00"
2020-08-10,2020081001027413,NUBL,37,40,200,969.00,"193,800.00"
2020-08-10,2020081001027412,NUBL,32,40,30,969.00,"29,070.00"
2020-08-10,2020081001027411,NUBL,42,40,20,970.00,"19,400.00"
2020-08-10,2020081001027410,NUBL,6,40,50,970.00,"48,500.00"
2020-08-10,2020081001027328,NUBL,49,51,50,973.00,"48,650.00"
2020-08-10,2020081001027417,OHL,7,25,100,363.00,"36,300.00"
2020-08-10,2020081001027416,OHL,7,43,50,362.00,"18,100.00"
2020-08-10,2020081001027040,OHL,55,25,48,361.00,"17,328.00"
2020-08-10,2020081001027039,OHL,55,25,27,360.00,"9,720.00"
2020-08-10,2020081001027418,PCBL,25,34,"1,000",268.00,"268,000.00"
2020-08-10,2020081001027258,PCBL,59,34,100,268.00,"26,800.00"
2020-08-10,2020081001026953,PCBL,13,26,37,267.00,"9,879.00"
2020-08-10,2020081001026952,PCBL,14,26,200,267.00,"53,400.00"
2020-08-10,2020081001026951,PCBL,45,26,300,267.00,"80,100.00"
2020-08-10,2020081001026950,PCBL,14,26,300,267.00,"80,100.00"
2020-08-10,2020081001026949,PCBL,51,26,16,267.00,"4,272.00"
2020-08-10,2020081001026945,PFL,3,3,27,151.00,"4,077.00"
2020-08-10,2020081001027066,PIC,34,54,47,641.00,"30,127.00"
2020-08-10,2020081001026939,PIC,32,54,100,641.00,"64,100.00"
2020-08-10,2020081001026938,PIC,10,54,353,641.00,"226,273.00"
2020-08-10,2020081001027087,PLIC,7,11,75,554.00,"41,550.00"
2020-08-10,2020081001027086,PLIC,7,58,100,553.00,"55,300.00"
2020-08-10,2020081001027085,PLIC,7,4,144,553.00,"79,632.00"
2020-08-10,2020081001027084,PLIC,7,36,681,553.00,"376,593.00"
2020-08-10,2020081001027106,PMHPL,10,3,10,74.00,740.00
2020-08-10,2020081001027058,PMHPL,3,6,10,75.00,750.00
2020-08-10,2020081001027376,PPCL,32,49,20,114.00,"2,280.00"
2020-08-10,2020081001027409,PRIN,58,59,50,499.00,"24,950.00"
2020-08-10,2020081001027408,PRIN,58,29,500,499.00,"249,500.00"
2020-08-10,2020081001027407,PRIN,58,33,500,499.00,"249,500.00"
2020-08-10,2020081001027406,PRIN,58,38,500,499.00,"249,500.00"
2020-08-10,2020081001027405,PRIN,58,49,200,499.00,"99,800.00"
2020-08-10,2020081001027404,PRIN,58,20,100,499.00,"49,900.00"
2020-08-10,2020081001027403,PRIN,58,51,50,499.00,"24,950.00"
2020-08-10,2020081001027402,PRIN,58,44,100,499.00,"49,900.00"
2020-08-10,2020081001027394,PRIN,17,51,166,498.00,"82,668.00"
2020-08-10,2020081001027298,PRIN,58,51,74,498.00,"36,852.00"
2020-08-10,2020081001027297,PRIN,58,22,200,498.00,"99,600.00"
2020-08-10,2020081001027296,PRIN,58,22,326,498.00,"162,348.00"
2020-08-10,2020081001027322,PRVU,5,45,"1,940",237.00,"459,780.00"
2020-08-10,2020081001027321,PRVU,5,1,60,237.00,"14,220.00"
2020-08-10,2020081001027233,PRVU,48,45,90,236.00,"21,240.00"
2020-08-10,2020081001027232,PRVU,11,45,10,237.00,"2,370.00"
2020-08-10,2020081001026997,PRVU,11,26,10,237.00,"2,370.00"
2020-08-10,2020081001026996,PRVU,26,26,34,237.00,"8,058.00"
2020-08-10,2020081001026991,PRVU,26,21,10,237.00,"2,370.00"
2020-08-10,2020081001027001,PRVU,48,26,96,236.00,"22,656.00"
2020-08-10,2020081001027000,PRVU,39,26,200,236.00,"47,200.00"
2020-08-10,2020081001026999,PRVU,43,26,500,236.00,"118,000.00"
2020-08-10,2020081001026998,PRVU,50,26,36,236.00,"8,496.00"
2020-08-10,2020081001027301,RHPL,6,38,20,149.00,"2,980.00"
2020-08-10,2020081001027257,RHPL,6,58,40,149.00,"5,960.00"
2020-08-10,2020081001027211,RHPL,3,3,40,150.00,"6,000.00"
2020-08-10,2020081001027105,RHPL,5,5,40,150.00,"6,000.00"
2020-08-10,2020081001027070,RHPL,5,41,30,150.00,"4,500.00"
2020-08-10,2020081001027302,RLFL,3,3,30,124.00,"3,720.00"
2020-08-10,2020081001027336,RMDC,47,38,15,747.00,"11,205.00"
2020-08-10,2020081001027224,RMDC,44,38,15,745.00,"11,175.00"
2020-08-10,2020081001026943,RMDC,47,38,67,744.00,"49,848.00"
2020-08-10,2020081001026942,RMDC,47,38,50,744.00,"37,200.00"
2020-08-10,2020081001027126,RSDC,17,17,97,495.00,"48,015.00"
2020-08-10,2020081001027125,RSDC,44,17,100,495.00,"49,500.00"
2020-08-10,2020081001027124,RSDC,10,17,36,495.00,"17,820.00"
2020-08-10,2020081001027029,RSDC,17,41,26,500.00,"13,000.00"
2020-08-10,2020081001027028,RSDC,17,43,50,500.00,"25,000.00"
2020-08-10,2020081001026964,RSDC,58,11,20,499.00,"9,980.00"
2020-08-10,2020081001027027,RSDC,17,29,11,500.00,"5,500.00"
2020-08-10,2020081001027026,RSDC,17,7,100,500.00,"50,000.00"
2020-08-10,2020081001027025,RSDC,17,58,17,500.00,"8,500.00"
2020-08-10,2020081001027024,RSDC,17,52,181,500.00,"90,500.00"
2020-08-10,2020081001027023,RSDC,17,11,145,499.00,"72,355.00"
2020-08-10,2020081001027022,RSDC,17,38,50,498.00,"24,900.00"
2020-08-10,2020081001027053,SABSL,51,34,11,742.00,"8,162.00"
2020-08-10,2020081001027052,SABSL,51,38,56,741.00,"41,496.00"
2020-08-10,2020081001027178,SANIMA,39,17,196,346.00,"67,816.00"
2020-08-10,2020081001027177,SANIMA,17,17,29,346.00,"10,034.00"
2020-08-10,2020081001027176,SANIMA,47,17,50,347.00,"17,350.00"
2020-08-10,2020081001027175,SANIMA,39,17,55,347.00,"19,085.00"
2020-08-10,2020081001027138,SANIMA,36,52,152,348.00,"52,896.00"
2020-08-10,2020081001027137,SANIMA,36,49,63,347.00,"21,861.00"
2020-08-10,2020081001027264,SBI,34,17,159,431.00,"68,529.00"
2020-08-10,2020081001027263,SBI,38,17,20,433.00,"8,660.00"
2020-08-10,2020081001027262,SBI,58,17,205,435.00,"89,175.00"
2020-08-10,2020081001027317,SBL,34,17,266,297.00,"79,002.00"
2020-08-10,2020081001027316,SBL,47,17,200,298.00,"59,600.00"
2020-08-10,2020081001027315,SBL,46,17,34,298.00,"10,132.00"
2020-08-10,2020081001027078,SEF,42,35,"2,000",9.88,"19,760.00"
2020-08-10,2020081001027008,SEF,42,22,"3,000",9.85,"29,550.00"
2020-08-10,2020081001027392,SFCL,14,41,25,111.00,"2,775.00"
2020-08-10,2020081001027391,SFCL,14,41,158,111.00,"17,538.00"
2020-08-10,2020081001027390,SFCL,14,52,475,111.00,"52,725.00"
2020-08-10,2020081001027389,SFCL,14,22,190,111.00,"21,090.00"
2020-08-10,2020081001027335,SFCL,14,29,90,110.00,"9,900.00"
2020-08-10,2020081001027334,SFCL,14,14,990,110.00,"108,900.00"
2020-08-10,2020081001027333,SFCL,14,19,250,110.00,"27,500.00"
2020-08-10,2020081001027332,SFCL,14,51,50,110.00,"5,500.00"
2020-08-10,2020081001027065,SHINE,42,32,46,236.00,"10,856.00"
2020-08-10,2020081001027064,SHINE,42,58,454,236.00,"107,144.00"
2020-08-10,2020081001027228,SHPC,4,38,363,222.00,"80,586.00"
2020-08-10,2020081001027227,SHPC,4,52,223,222.00,"49,506.00"
2020-08-10,2020081001027161,SHPC,4,11,433,221.00,"95,693.00"
2020-08-10,2020081001027101,SHPC,4,21,72,221.00,"15,912.00"
2020-08-10,2020081001027226,SICL,1,44,15,"1,238.00","18,570.00"
2020-08-10,2020081001027254,SIL,35,33,500,615.00,"307,500.00"
2020-08-10,2020081001027135,SIL,7,17,20,615.00,"12,300.00"
2020-08-10,2020081001027134,SIL,7,32,50,615.00,"30,750.00"
2020-08-10,2020081001027133,SIL,7,44,465,615.00,"285,975.00"
2020-08-10,2020081001027132,SIL,7,33,250,614.00,"153,500.00"
2020-08-10,2020081001027121,SIL,32,33,250,614.00,"153,500.00"
2020-08-10,2020081001027120,SIL,32,45,50,614.00,"30,700.00"
2020-08-10,2020081001027415,SJCL,58,49,10,138.00,"1,380.00"
2020-08-10,2020081001027318,SJCL,58,38,20,138.00,"2,760.00"
2020-08-10,2020081001027294,SJCL,58,49,20,138.00,"2,760.00"
2020-08-10,2020081001027275,SJCL,58,58,20,138.00,"2,760.00"
2020-08-10,2020081001027136,SJCL,58,41,20,138.00,"2,760.00"
2020-08-10,2020081001027307,SLBBL,17,10,300,848.00,"254,400.00"
2020-08-10,2020081001027306,SLBBL,17,45,100,848.00,"84,800.00"
2020-08-10,2020081001027295,SLBBL,7,25,300,847.00,"254,100.00"
2020-08-10,2020081001027314,SLBSL,7,22,100,800.00,"80,000.00"
2020-08-10,2020081001027289,SLBSL,4,21,40,804.00,"32,160.00"
2020-08-10,2020081001027288,SLBSL,4,22,10,800.00,"8,000.00"
2020-08-10,2020081001027305,SLICL,59,57,377,449.00,"169,273.00"
2020-08-10,2020081001027304,SLICL,59,35,50,449.00,"22,450.00"
2020-08-10,2020081001027197,SLICL,5,35,50,449.00,"22,450.00"
2020-08-10,2020081001027163,SLICL,49,35,200,449.00,"89,800.00"
2020-08-10,2020081001027162,SLICL,35,35,200,449.00,"89,800.00"
2020-08-10,2020081001026967,SLICL,5,49,500,449.00,"224,500.00"
2020-08-10,2020081001026966,SLICL,5,28,400,449.00,"179,600.00"
2020-08-10,2020081001026965,SLICL,5,34,50,449.00,"22,450.00"
2020-08-10,2020081001027291,SRBL,13,57,80,237.00,"18,960.00"
2020-08-10,2020081001027006,SRBL,5,49,253,236.00,"59,708.00"
2020-08-10,2020081001027369,UIC,58,8,50,383.00,"19,150.00"
2020-08-10,2020081001027279,UIC,49,33,15,382.00,"5,730.00"
2020-08-10,2020081001027010,UIC,49,33,50,382.00,"19,100.00"
2020-08-10,2020081001027240,UMHL,34,7,14,102.00,"1,428.00"
2020-08-10,2020081001027277,UNHPL,57,41,100,51.00,"5,100.00"
2020-08-10,2020081001027223,UNHPL,45,41,950,52.00,"49,400.00"
2020-08-10,2020081001027253,UPCL,13,43,100,70.00,"7,000.00"
2020-08-10,2020081001027055,UPCL,13,49,50,70.00,"3,500.00"
2020-08-10,2020081001027329,UPPER,6,49,50,225.00,"11,250.00"
2020-08-10,2020081001027122,UPPER,6,54,40,225.00,"9,000.00"
2020-08-10,2020081001027107,UPPER,6,49,50,225.00,"11,250.00"
2020-08-10,2020081001027432,VLBS,17,11,87,913.00,"79,431.00"
2020-08-10,2020081001027431,VLBS,17,38,13,912.00,"11,856.00"
2020-08-10,2020081001027142,VLBS,53,13,19,900.00,"17,100.00"
2020-08-10,2020081001027141,VLBS,21,13,100,900.00,"90,000.00"
2020-08-10,2020081001027140,VLBS,52,13,100,901.00,"90,100.00"
2020-08-10,2020081001027139,VLBS,21,13,37,902.00,"33,374.00"
2020-08-10,2020081001023043,ACLBSL,29,32,173,705.00,"121,965.00"
2020-08-10,2020081001023009,ACLBSL,29,48,105,705.00,"74,025.00"
2020-08-10,2020081001023000,ACLBSL,34,47,10,706.00,"7,060.00"
2020-08-10,2020081001022999,ACLBSL,34,26,10,706.00,"7,060.00"
2020-08-10,2020081001023324,ADBL,57,52,60,421.00,"25,260.00"
2020-08-10,2020081001023174,ADBL,57,35,200,421.00,"84,200.00"
2020-08-10,2020081001023173,ADBL,57,57,100,421.00,"42,100.00"
2020-08-10,2020081001023172,ADBL,57,26,106,421.00,"44,626.00"
2020-08-10,2020081001023144,ADBL,55,32,18,420.00,"7,560.00"
2020-08-10,2020081001023051,ADBL,57,26,94,421.00,"39,574.00"
2020-08-10,2020081001023050,ADBL,57,6,16,421.00,"6,736.00"
2020-08-10,2020081001023049,ADBL,57,49,90,421.00,"37,890.00"
2020-08-10,2020081001023357,AIL,26,40,10,513.00,"5,130.00"
2020-08-10,2020081001023354,AIL,26,28,10,513.00,"5,130.00"
2020-08-10,2020081001023344,AIL,26,42,10,513.00,"5,130.00"
2020-08-10,2020081001023343,AIL,26,3,10,513.00,"5,130.00"
2020-08-10,2020081001023330,AIL,26,1,10,513.00,"5,130.00"
2020-08-10,2020081001023323,AIL,26,3,10,513.00,"5,130.00"
2020-08-10,2020081001022877,AIL,26,14,10,513.00,"5,130.00"
2020-08-10,2020081001022924,AIL,26,40,10,513.00,"5,130.00"
2020-08-10,2020081001022920,AIL,26,7,10,513.00,"5,130.00"
2020-08-10,2020081001022916,AIL,26,29,10,513.00,"5,130.00"
2020-08-10,2020081001022897,AIL,26,42,10,513.00,"5,130.00"
2020-08-10,2020081001022888,AIL,26,40,10,513.00,"5,130.00"
2020-08-10,2020081001022887,AIL,26,35,10,513.00,"5,130.00"
2020-08-10,2020081001023052,AIL,26,41,10,513.00,"5,130.00"
2020-08-10,2020081001023047,AIL,26,3,10,513.00,"5,130.00"
2020-08-10,2020081001023026,AIL,26,46,10,513.00,"5,130.00"
2020-08-10,2020081001022995,AIL,26,3,10,513.00,"5,130.00"
2020-08-10,2020081001022981,AIL,26,29,10,513.00,"5,130.00"
2020-08-10,2020081001022960,AIL,26,53,10,513.00,"5,130.00"
2020-08-10,2020081001023094,AIL,26,34,10,513.00,"5,130.00"
2020-08-10,2020081001023079,AIL,26,57,10,513.00,"5,130.00"
2020-08-10,2020081001023077,AIL,26,3,10,513.00,"5,130.00"
2020-08-10,2020081001023072,AIL,26,36,10,513.00,"5,130.00"
2020-08-10,2020081001023065,AIL,26,58,10,513.00,"5,130.00"
2020-08-10,2020081001023059,AIL,26,34,10,513.00,"5,130.00"
2020-08-10,2020081001023123,AIL,26,34,10,513.00,"5,130.00"
2020-08-10,2020081001023118,AIL,26,3,10,513.00,"5,130.00"
2020-08-10,2020081001023116,AIL,26,1,10,513.00,"5,130.00"
2020-08-10,2020081001023115,AIL,26,41,10,513.00,"5,130.00"
2020-08-10,2020081001023110,AIL,26,36,10,513.00,"5,130.00"
2020-08-10,2020081001023097,AIL,26,3,10,513.00,"5,130.00"
2020-08-10,2020081001023212,AIL,26,26,10,513.00,"5,130.00"
2020-08-10,2020081001023197,AIL,26,7,10,513.00,"5,130.00"
2020-08-10,2020081001023190,AIL,26,35,10,513.00,"5,130.00"
2020-08-10,2020081001023171,AIL,26,29,10,513.00,"5,130.00"
2020-08-10,2020081001023143,AIL,26,22,10,513.00,"5,130.00"
2020-08-10,2020081001023126,AIL,26,35,10,513.00,"5,130.00"
2020-08-10,2020081001023275,AIL,26,7,10,513.00,"5,130.00"
2020-08-10,2020081001023263,AIL,26,35,10,513.00,"5,130.00"
2020-08-10,2020081001023262,AIL,26,3,10,513.00,"5,130.00"
2020-08-10,2020081001023248,AIL,26,26,10,513.00,"5,130.00"
2020-08-10,2020081001023229,AIL,26,26,10,513.00,"5,130.00"
2020-08-10,2020081001023225,AIL,26,17,10,513.00,"5,130.00"
2020-08-10,2020081001023318,AIL,26,42,10,513.00,"5,130.00"
2020-08-10,2020081001023315,AIL,26,33,10,513.00,"5,130.00"
2020-08-10,2020081001023309,AIL,26,21,10,513.00,"5,130.00"
2020-08-10,2020081001023300,AIL,26,40,10,513.00,"5,130.00"
2020-08-10,2020081001023292,AIL,26,35,10,513.00,"5,130.00"
2020-08-10,2020081001023281,AIL,26,3,10,513.00,"5,130.00"
2020-08-10,2020081001022948,AKJCL,42,25,20,53.00,"1,060.00"
2020-08-10,2020081001022947,AKJCL,42,51,10,53.00,530.00
2020-08-10,2020081001022946,AKJCL,42,51,20,53.00,"1,060.00"
2020-08-10,2020081001023131,AKPL,36,5,196,117.00,"22,932.00"
2020-08-10,2020081001023004,ALBSL,52,21,11,695.00,"7,645.00"
2020-08-10,2020081001023216,API,49,52,21,109.00,"2,289.00"
2020-08-10,2020081001023215,API,49,51,29,109.00,"3,161.00"
2020-08-10,2020081001022973,API,29,42,18,108.00,"1,944.00"
2020-08-10,2020081001022972,API,29,34,29,108.00,"3,132.00"
2020-08-10,2020081001022971,API,29,17,500,108.00,"54,000.00"
2020-08-10,2020081001022970,API,29,45,"2,000",108.00,"216,000.00"
2020-08-10,2020081001022969,API,29,51,500,108.00,"54,000.00"
2020-08-10,2020081001022968,API,29,34,"1,000",108.00,"108,000.00"
2020-08-10,2020081001022967,API,29,50,150,108.00,"16,200.00"
2020-08-10,2020081001022966,API,29,14,17,108.00,"1,836.00"
2020-08-10,2020081001022965,API,29,14,18,108.00,"1,944.00"
2020-08-10,2020081001022964,API,29,1,603,108.00,"65,124.00"
2020-08-10,2020081001023284,BOKL,58,48,94,225.00,"21,150.00"
2020-08-10,2020081001022932,BOKL,7,22,10,226.00,"2,260.00"
2020-08-10,2020081001022984,BPCL,47,28,12,355.00,"4,260.00"
2020-08-10,2020081001022931,BPCL,47,28,12,355.00,"4,260.00"
2020-08-10,2020081001023299,CBBL,35,48,30,"1,065.00","31,950.00"
2020-08-10,2020081001023296,CBBL,13,19,50,"1,066.00","53,300.00"
2020-08-10,2020081001023295,CBBL,42,19,21,"1,068.00","22,428.00"
2020-08-10,2020081001023278,CBBL,42,50,19,"1,068.00","20,292.00"
2020-08-10,2020081001023244,CBBL,42,32,10,"1,068.00","10,680.00"
2020-08-10,2020081001023147,CCBL,47,39,100,178.00,"17,800.00"
2020-08-10,2020081001023146,CCBL,50,39,284,178.00,"50,552.00"
2020-08-10,2020081001023010,CCBL,50,26,50,178.00,"8,900.00"
2020-08-10,2020081001022983,CCBL,50,16,412,178.00,"73,336.00"
2020-08-10,2020081001022942,CCBL,50,32,71,178.00,"12,638.00"
2020-08-10,2020081001022876,CCBL,50,8,490,178.00,"87,220.00"
2020-08-10,2020081001023238,CFCL,7,42,100,120.00,"12,000.00"
2020-08-10,2020081001023006,CFCL,6,45,40,119.00,"4,760.00"
2020-08-10,2020081001023005,CFCL,28,45,10,121.00,"1,210.00"
2020-08-10,2020081001023027,CHCL,54,54,2,393.00,786.00
2020-08-10,2020081001023078,CLBSL,22,14,20,683.00,"13,660.00"
2020-08-10,2020081001023053,CLBSL,38,14,30,683.00,"20,490.00"
2020-08-10,2020081001022998,CLBSL,54,54,1,678.00,678.00
2020-08-10,2020081001023273,CZBIL,58,34,90,197.00,"17,730.00"
2020-08-10,2020081001023272,CZBIL,28,34,500,197.00,"98,500.00"
2020-08-10,2020081001023271,CZBIL,48,34,300,197.00,"59,100.00"
2020-08-10,2020081001023270,CZBIL,32,34,"2,000",197.00,"394,000.00"
2020-08-10,2020081001023269,CZBIL,52,34,500,197.00,"98,500.00"
2020-08-10,2020081001023268,CZBIL,19,34,500,197.00,"98,500.00"
2020-08-10,2020081001022989,CZBIL,50,34,90,198.00,"17,820.00"
2020-08-10,2020081001023267,CZBIL,18,34,30,197.00,"5,910.00"
2020-08-10,2020081001023266,CZBIL,34,34,500,197.00,"98,500.00"
2020-08-10,2020081001023265,CZBIL,47,34,300,197.00,"59,100.00"
2020-08-10,2020081001023264,CZBIL,28,34,980,197.00,"193,060.00"
2020-08-10,2020081001023161,CZBIL,28,45,200,197.00,"39,400.00"
2020-08-10,2020081001023129,CZBIL,42,34,500,198.00,"99,000.00"
2020-08-10,2020081001023274,DDBL,7,16,70,845.00,"59,150.00"
2020-08-10,2020081001023340,EBL,46,47,40,724.00,"28,960.00"
2020-08-10,2020081001023187,EBL,50,47,20,724.00,"14,480.00"
2020-08-10,2020081001023186,EBL,36,47,40,724.00,"28,960.00"
2020-08-10,2020081001023164,EBL,36,32,10,724.00,"7,240.00"
2020-08-10,2020081001023252,EDBL,47,29,58,312.00,"18,096.00"
2020-08-10,2020081001023301,EIC,13,48,50,440.00,"22,000.00"
2020-08-10,2020081001023298,EIC,13,33,150,440.00,"66,000.00"
2020-08-10,2020081001023240,EIC,46,34,28,442.00,"12,376.00"
2020-08-10,2020081001023207,EIC,45,34,200,442.00,"88,400.00"
2020-08-10,2020081001023071,EIC,48,34,300,442.00,"132,600.00"
2020-08-10,2020081001022908,EIC,45,26,200,442.00,"88,400.00"
2020-08-10,2020081001022878,FOWAD,54,41,16,"1,522.00","24,352.00"
2020-08-10,2020081001023237,GBBL,39,33,330,238.00,"78,540.00"
2020-08-10,2020081001023236,GBBL,39,16,70,238.00,"16,660.00"
2020-08-10,2020081001023235,GBBL,39,29,77,237.00,"18,249.00"
2020-08-10,2020081001023234,GBBL,39,58,"1,500",237.00,"355,500.00"
2020-08-10,2020081001023233,GBBL,39,45,23,236.00,"5,428.00"
2020-08-10,2020081001023140,GBBL,32,45,477,236.00,"112,572.00"
2020-08-10,2020081001023139,GBBL,32,45,23,236.00,"5,428.00"
2020-08-10,2020081001023338,GBIME,53,52,100,255.00,"25,500.00"
2020-08-10,2020081001023302,GBIME,53,57,500,255.00,"127,500.00"
2020-08-10,2020081001023261,GBIME,32,35,57,257.00,"14,649.00"
2020-08-10,2020081001023260,GBIME,32,6,300,256.00,"76,800.00"
2020-08-10,2020081001023259,GBIME,32,18,500,256.00,"128,000.00"
2020-08-10,2020081001023258,GBIME,32,16,143,256.00,"36,608.00"
2020-08-10,2020081001022907,GBIME,11,14,100,256.00,"25,600.00"
2020-08-10,2020081001022906,GBIME,14,14,300,256.00,"76,800.00"
2020-08-10,2020081001022905,GBIME,45,14,39,256.00,"9,984.00"
2020-08-10,2020081001023167,GBIME,53,46,150,255.00,"38,250.00"
2020-08-10,2020081001023145,GBIME,47,16,20,256.00,"5,120.00"
2020-08-10,2020081001023075,GBIME,47,16,45,256.00,"11,520.00"
2020-08-10,2020081001023058,GBIME,58,16,90,256.00,"23,040.00"
2020-08-10,2020081001022943,GBIME,47,16,29,256.00,"7,424.00"
2020-08-10,2020081001022915,GBIME,47,14,11,256.00,"2,816.00"
2020-08-10,2020081001023317,GBLBS,58,48,15,486.00,"7,290.00"
2020-08-10,2020081001023336,GFCL,11,54,50,153.00,"7,650.00"
2020-08-10,2020081001023068,GGBSL,54,35,10,794.00,"7,940.00"
2020-08-10,2020081001023067,GGBSL,54,40,10,794.00,"7,940.00"
2020-08-10,2020081001023283,GIMES1,19,32,"2,000",8.51,"17,020.00"
2020-08-10,2020081001023335,GLBSL,58,43,10,868.00,"8,680.00"
2020-08-10,2020081001023313,GLICL,25,38,29,462.00,"13,398.00"
2020-08-10,2020081001023312,GLICL,25,14,10,462.00,"4,620.00"
2020-08-10,2020081001023311,GLICL,25,58,50,462.00,"23,100.00"
2020-08-10,2020081001023310,GLICL,25,45,11,462.00,"5,082.00"
2020-08-10,2020081001022996,GLICL,58,45,10,462.00,"4,620.00"
2020-08-10,2020081001023332,GMFBS,52,21,10,775.00,"7,750.00"
2020-08-10,2020081001023279,HBL,57,6,20,551.00,"11,020.00"
2020-08-10,2020081001022913,HBL,38,34,834,555.00,"462,870.00"
2020-08-10,2020081001022912,HBL,38,42,30,555.00,"16,650.00"
2020-08-10,2020081001022911,HBL,38,14,200,555.00,"111,000.00"
2020-08-10,2020081001023358,HDHPC,39,48,10,86.00,860.00
2020-08-10,2020081001023327,HDHPC,39,45,20,86.00,"1,720.00"
2020-08-10,2020081001023319,HDHPC,39,6,20,86.00,"1,720.00"
2020-08-10,2020081001023307,HDHPC,39,50,20,86.00,"1,720.00"
2020-08-10,2020081001022935,HDL,6,14,90,"1,692.00","152,280.00"
2020-08-10,2020081001022934,HDL,59,14,50,"1,692.00","84,600.00"
2020-08-10,2020081001022933,HDL,34,14,10,"1,692.00","16,920.00"
2020-08-10,2020081001023290,HGI,49,14,50,419.00,"20,950.00"
2020-08-10,2020081001023289,HGI,49,34,201,419.00,"84,219.00"
2020-08-10,2020081001023247,HGI,45,48,200,419.00,"83,800.00"
2020-08-10,2020081001023045,HPPL,19,5,20,135.00,"2,700.00"
2020-08-10,2020081001023232,ICFC,57,13,500,184.00,"92,000.00"
2020-08-10,2020081001023231,ICFC,57,17,25,183.00,"4,575.00"
2020-08-10,2020081001023346,IGI,41,22,10,446.00,"4,460.00"
2020-08-10,2020081001023249,ILBS,35,50,11,726.00,"7,986.00"
2020-08-10,2020081001023124,ILBS,35,39,11,726.00,"7,986.00"
2020-08-10,2020081001023204,JBBL,49,32,385,173.00,"66,605.00"
2020-08-10,2020081001023203,JBBL,50,32,50,173.00,"8,650.00"
2020-08-10,2020081001023202,JBBL,5,32,565,173.00,"97,745.00"
2020-08-10,2020081001022929,JBBL,5,38,35,173.00,"6,055.00"
2020-08-10,2020081001022928,JBBL,4,38,115,173.00,"19,895.00"
2020-08-10,2020081001022884,JBBL,52,16,101,174.00,"17,574.00"
2020-08-10,2020081001023304,JOSHI,51,42,20,58.00,"1,160.00"
2020-08-10,2020081001023133,JSLBB,14,17,18,"1,430.00","25,740.00"
2020-08-10,2020081001022869,KBL,41,16,500,193.00,"96,500.00"
2020-08-10,2020081001023220,KPCL,42,50,10,106.00,"1,060.00"
2020-08-10,2020081001022927,KSBBL,40,16,10,152.00,"1,520.00"
2020-08-10,2020081001022926,KSBBL,59,16,405,152.00,"61,560.00"
2020-08-10,2020081001022925,KSBBL,49,16,29,153.00,"4,437.00"
2020-08-10,2020081001023028,LBBL,7,49,50,190.00,"9,500.00"
2020-08-10,2020081001022909,LBBL,7,54,113,190.00,"21,470.00"
2020-08-10,2020081001022880,LBBL,51,54,371,190.00,"70,490.00"
2020-08-10,2020081001023331,LGIL,48,58,20,459.00,"9,180.00"
2020-08-10,2020081001023199,LICN,34,48,775,"1,430.00","1,108,250.00"
2020-08-10,2020081001023198,LICN,21,48,30,"1,431.00","42,930.00"
2020-08-10,2020081001023163,MBL,42,29,50,231.00,"11,550.00"
2020-08-10,2020081001023162,MBL,28,29,30,231.00,"6,930.00"
2020-08-10,2020081001023114,MBL,28,32,20,231.00,"4,620.00"
2020-08-10,2020081001022886,MBL,28,57,450,231.00,"103,950.00"
2020-08-10,2020081001022885,MBL,49,57,50,231.00,"11,550.00"
2020-08-10,2020081001023228,MEGA,32,39,11,227.00,"2,497.00"
2020-08-10,2020081001023091,MEGA,58,38,10,228.00,"2,280.00"
2020-08-10,2020081001022937,MEGA,32,5,62,227.00,"14,074.00"
2020-08-10,2020081001023345,MERO,39,48,20,640.00,"12,800.00"
2020-08-10,2020081001023254,MHNL,29,41,30,81.00,"2,430.00"
2020-08-10,2020081001023063,MLBL,47,34,90,197.00,"17,730.00"
2020-08-10,2020081001023062,MLBL,47,34,10,197.00,"1,970.00"
2020-08-10,2020081001023134,MNBBL,7,6,300,325.00,"97,500.00"
2020-08-10,2020081001023120,MNBBL,7,47,100,325.00,"32,500.00"
2020-08-10,2020081001022903,MNBBL,7,37,481,325.00,"156,325.00"
2020-08-10,2020081001022902,MNBBL,34,37,19,325.00,"6,175.00"
2020-08-10,2020081001022875,MNBBL,34,58,25,325.00,"8,125.00"
2020-08-10,2020081001023020,NABIL,42,56,100,832.00,"83,200.00"
2020-08-10,2020081001022881,NABIL,26,22,40,830.00,"33,200.00"
2020-08-10,2020081001022861,NABIL,26,22,50,830.00,"41,500.00"
2020-08-10,2020081001023287,NADEP,57,59,54,637.00,"34,398.00"
2020-08-10,2020081001023150,NADEP,57,32,19,637.00,"12,103.00"
2020-08-10,2020081001023196,NBB,45,44,200,203.00,"40,600.00"
2020-08-10,2020081001023195,NBB,41,44,68,203.00,"13,804.00"
2020-08-10,2020081001023308,NBL,11,52,100,270.00,"27,000.00"
2020-08-10,2020081001023294,NBL,11,48,78,270.00,"21,060.00"
2020-08-10,2020081001023293,NBL,4,48,"1,036",270.00,"279,720.00"
2020-08-10,2020081001023181,NBL,46,6,500,271.00,"135,500.00"
2020-08-10,2020081001023179,NBL,4,40,200,270.00,"54,000.00"
2020-08-10,2020081001023160,NBL,57,6,10,271.00,"2,710.00"
2020-08-10,2020081001022874,NBL,4,25,50,270.00,"13,500.00"
2020-08-10,2020081001022871,NBL,4,25,100,270.00,"27,000.00"
2020-08-10,2020081001023348,NCCB,52,34,300,193.00,"57,900.00"
2020-08-10,2020081001023257,NCCB,35,34,30,193.00,"5,790.00"
2020-08-10,2020081001023256,NCCB,25,34,113,193.00,"21,809.00"
2020-08-10,2020081001023255,NCCB,52,21,200,194.00,"38,800.00"
2020-08-10,2020081001023100,NHDL,22,21,10,128.00,"1,280.00"
2020-08-10,2020081001022870,NHDL,22,40,10,128.00,"1,280.00"
2020-08-10,2020081001022879,NHPC,38,48,500,53.00,"26,500.00"
2020-08-10,2020081001022994,NIBPO,8,4,700,375.00,"262,500.00"
2020-08-10,2020081001022993,NIBPO,54,4,500,375.00,"187,500.00"
2020-08-10,2020081001022992,NIBPO,56,4,500,376.00,"188,000.00"
2020-08-10,2020081001022991,NIBPO,54,4,300,377.00,"113,100.00"
2020-08-10,2020081001023011,NICL,33,8,47,455.00,"21,385.00"
2020-08-10,2020081001022895,NICL,33,56,36,455.00,"16,380.00"
2020-08-10,2020081001022894,NICL,33,48,440,455.00,"200,200.00"
2020-08-10,2020081001022893,NICL,33,13,261,454.00,"118,494.00"
2020-08-10,2020081001022892,NICL,33,51,16,451.00,"7,216.00"
2020-08-10,2020081001023355,NICLBSL,44,25,10,769.00,"7,690.00"
2020-08-10,2020081001023347,NICLBSL,44,29,10,769.00,"7,690.00"
2020-08-10,2020081001023342,NICLBSL,44,21,20,769.00,"15,380.00"
2020-08-10,2020081001023333,NICLBSL,51,42,10,771.00,"7,710.00"
2020-08-10,2020081001023329,NICLBSL,51,3,10,771.00,"7,710.00"
2020-08-10,2020081001023326,NICLBSL,51,17,20,771.00,"15,420.00"
2020-08-10,2020081001022882,NICLBSL,6,7,10,768.00,"7,680.00"
2020-08-10,2020081001022950,NICLBSL,51,29,10,770.00,"7,700.00"
2020-08-10,2020081001022949,NICLBSL,51,40,10,770.00,"7,700.00"
2020-08-10,2020081001022940,NICLBSL,6,47,10,768.00,"7,680.00"
2020-08-10,2020081001022899,NICLBSL,6,29,10,768.00,"7,680.00"
2020-08-10,2020081001022891,NICLBSL,6,14,10,768.00,"7,680.00"
2020-08-10,2020081001022889,NICLBSL,6,40,10,768.00,"7,680.00"
2020-08-10,2020081001022956,NICLBSL,51,40,10,770.00,"7,700.00"
2020-08-10,2020081001022955,NICLBSL,51,40,10,770.00,"7,700.00"
2020-08-10,2020081001022954,NICLBSL,51,29,10,770.00,"7,700.00"
2020-08-10,2020081001022953,NICLBSL,51,40,10,770.00,"7,700.00"
2020-08-10,2020081001022952,NICLBSL,51,40,20,770.00,"15,400.00"
2020-08-10,2020081001022951,NICLBSL,51,40,20,770.00,"15,400.00"
2020-08-10,2020081001023001,NICLBSL,51,21,10,769.00,"7,690.00"
2020-08-10,2020081001022982,NICLBSL,51,17,10,769.00,"7,690.00"
2020-08-10,2020081001022976,NICLBSL,51,22,10,769.00,"7,690.00"
2020-08-10,2020081001022959,NICLBSL,51,45,10,770.00,"7,700.00"
2020-08-10,2020081001022958,NICLBSL,51,40,10,770.00,"7,700.00"
2020-08-10,2020081001022957,NICLBSL,51,19,10,770.00,"7,700.00"
2020-08-10,2020081001023018,NICLBSL,51,39,10,771.00,"7,710.00"
2020-08-10,2020081001023017,NICLBSL,51,39,20,771.00,"15,420.00"
2020-08-10,2020081001023016,NICLBSL,51,1,10,771.00,"7,710.00"
2020-08-10,2020081001023015,NICLBSL,51,29,10,771.00,"7,710.00"
2020-08-10,2020081001023014,NICLBSL,51,42,10,771.00,"7,710.00"
2020-08-10,2020081001023007,NICLBSL,51,3,10,769.00,"7,690.00"
2020-08-10,2020081001023033,NICLBSL,38,42,10,772.00,"7,720.00"
2020-08-10,2020081001023032,NICLBSL,38,29,10,772.00,"7,720.00"
2020-08-10,2020081001023031,NICLBSL,38,5,20,772.00,"15,440.00"
2020-08-10,2020081001023030,NICLBSL,38,14,100,772.00,"77,200.00"
2020-08-10,2020081001023025,NICLBSL,51,45,10,771.00,"7,710.00"
2020-08-10,2020081001023019,NICLBSL,51,47,10,771.00,"7,710.00"
2020-08-10,2020081001023039,NICLBSL,38,50,10,772.00,"7,720.00"
2020-08-10,2020081001023038,NICLBSL,38,14,20,772.00,"15,440.00"
2020-08-10,2020081001023037,NICLBSL,38,53,10,772.00,"7,720.00"
2020-08-10,2020081001023036,NICLBSL,38,42,20,772.00,"15,440.00"
2020-08-10,2020081001023035,NICLBSL,38,42,10,772.00,"7,720.00"
2020-08-10,2020081001023034,NICLBSL,38,41,10,772.00,"7,720.00"
2020-08-10,2020081001023074,NICLBSL,51,38,10,771.00,"7,710.00"
2020-08-10,2020081001023069,NICLBSL,51,1,10,771.00,"7,710.00"
2020-08-10,2020081001023066,NICLBSL,51,41,10,771.00,"7,710.00"
2020-08-10,2020081001023064,NICLBSL,51,42,10,771.00,"7,710.00"
2020-08-10,2020081001023042,NICLBSL,51,21,10,771.00,"7,710.00"
2020-08-10,2020081001023040,NICLBSL,51,41,10,771.00,"7,710.00"
2020-08-10,2020081001023166,NICLBSL,44,3,10,772.00,"7,720.00"
2020-08-10,2020081001023149,NICLBSL,44,7,10,772.00,"7,720.00"
2020-08-10,2020081001023148,NICLBSL,44,39,10,772.00,"7,720.00"
2020-08-10,2020081001023098,NICLBSL,51,22,10,771.00,"7,710.00"
2020-08-10,2020081001023080,NICLBSL,51,57,10,771.00,"7,710.00"
2020-08-10,2020081001023076,NICLBSL,51,3,10,771.00,"7,710.00"
2020-08-10,2020081001023245,NICLBSL,44,7,10,772.00,"7,720.00"
2020-08-10,2020081001023239,NICLBSL,44,25,10,772.00,"7,720.00"
2020-08-10,2020081001023214,NICLBSL,44,3,10,772.00,"7,720.00"
2020-08-10,2020081001023211,NICLBSL,1,59,20,773.00,"15,460.00"
2020-08-10,2020081001023200,NICLBSL,44,25,10,772.00,"7,720.00"
2020-08-10,2020081001023178,NICLBSL,44,29,10,772.00,"7,720.00"
2020-08-10,2020081001023325,NICLBSL,51,25,10,771.00,"7,710.00"
2020-08-10,2020081001023305,NICLBSL,51,7,10,771.00,"7,710.00"
2020-08-10,2020081001023303,NICLBSL,51,25,10,771.00,"7,710.00"
2020-08-10,2020081001023286,NICLBSL,51,25,10,771.00,"7,710.00"
2020-08-10,2020081001023285,NICLBSL,40,14,40,772.00,"30,880.00"
2020-08-10,2020081001023250,NICLBSL,44,14,140,772.00,"108,080.00"
2020-08-10,2020081001023092,NIL,47,38,94,634.00,"59,596.00"
2020-08-10,2020081001023090,NIL,47,32,12,633.00,"7,596.00"
2020-08-10,2020081001023012,NIL,14,25,560,635.00,"355,600.00"
2020-08-10,2020081001022961,NIL,14,46,500,634.00,"317,000.00"
2020-08-10,2020081001023206,NLBBL,19,22,10,715.00,"7,150.00"
2020-08-10,2020081001023061,NLG,25,42,120,638.00,"76,560.00"
2020-08-10,2020081001023322,NLIC,32,35,100,"1,352.00","135,200.00"
2020-08-10,2020081001023159,NLIC,48,46,30,"1,350.00","40,500.00"
2020-08-10,2020081001023158,NLIC,17,46,70,"1,350.00","94,500.00"
2020-08-10,2020081001023087,NLIC,17,33,30,"1,350.00","40,500.00"
2020-08-10,2020081001023086,NLIC,49,33,10,"1,350.00","13,500.00"
2020-08-10,2020081001023085,NLIC,43,33,50,"1,350.00","67,500.00"
2020-08-10,2020081001023084,NLIC,17,33,30,"1,350.00","40,500.00"
2020-08-10,2020081001023083,NLIC,49,33,80,"1,350.00","108,000.00"
2020-08-10,2020081001022890,NLIC,5,14,18,"1,354.00","24,372.00"
2020-08-10,2020081001023152,NLICL,52,57,197,684.00,"134,748.00"
2020-08-10,2020081001023151,NLICL,52,54,80,684.00,"54,720.00"
2020-08-10,2020081001023055,NLICL,46,36,100,683.00,"68,300.00"
2020-08-10,2020081001023121,NMB,56,49,"1,000",422.00,"422,000.00"
2020-08-10,2020081001023113,NMB,50,57,100,420.00,"42,000.00"
2020-08-10,2020081001023060,NMB,45,14,200,421.00,"84,200.00"
2020-08-10,2020081001022939,NMB,16,49,142,421.00,"59,782.00"
2020-08-10,2020081001022901,NMB,1,49,100,421.00,"42,100.00"
2020-08-10,2020081001023328,NMBMF,36,17,51,730.00,"37,230.00"
2020-08-10,2020081001023321,NMBMF,45,33,100,725.00,"72,500.00"
2020-08-10,2020081001023320,NMBMF,22,33,30,725.00,"21,750.00"
2020-08-10,2020081001023353,NRIC,5,7,40,585.00,"23,400.00"
2020-08-10,2020081001023351,NRIC,5,42,40,585.00,"23,400.00"
2020-08-10,2020081001023350,NRIC,5,21,50,585.00,"29,250.00"
2020-08-10,2020081001023349,NRIC,5,38,40,585.00,"23,400.00"
2020-08-10,2020081001023341,NRIC,5,6,540,585.00,"315,900.00"
2020-08-10,2020081001023316,NRIC,5,34,20,585.00,"11,700.00"
2020-08-10,2020081001022930,NRIC,49,48,50,584.00,"29,200.00"
2020-08-10,2020081001022910,NRIC,49,7,40,584.00,"23,360.00"
2020-08-10,2020081001022862,NRIC,19,41,50,585.00,"29,250.00"
2020-08-10,2020081001022860,NRIC,19,25,50,585.00,"29,250.00"
2020-08-10,2020081001022997,NRIC,53,47,40,585.00,"23,400.00"
2020-08-10,2020081001022988,NRIC,53,54,40,585.00,"23,400.00"
2020-08-10,2020081001022987,NRIC,53,54,200,585.00,"117,000.00"
2020-08-10,2020081001022986,NRIC,53,41,50,585.00,"29,250.00"
2020-08-10,2020081001022979,NRIC,49,44,40,584.00,"23,360.00"
2020-08-10,2020081001022978,NRIC,49,14,50,584.00,"29,200.00"
2020-08-10,2020081001023056,NRIC,49,44,40,584.00,"23,360.00"
2020-08-10,2020081001023054,NRIC,49,21,10,584.00,"5,840.00"
2020-08-10,2020081001023044,NRIC,49,1,50,584.00,"29,200.00"
2020-08-10,2020081001023029,NRIC,53,3,20,585.00,"11,700.00"
2020-08-10,2020081001023013,NRIC,53,44,50,585.00,"29,250.00"
2020-08-10,2020081001023003,NRIC,53,45,50,585.00,"29,250.00"
2020-08-10,2020081001023099,NRIC,53,47,50,586.00,"29,300.00"
2020-08-10,2020081001023096,NRIC,49,44,50,584.00,"29,200.00"
2020-08-10,2020081001023089,NRIC,49,41,40,584.00,"23,360.00"
2020-08-10,2020081001023082,NRIC,42,38,5,585.00,"2,925.00"
2020-08-10,2020081001023081,NRIC,42,3,20,585.00,"11,700.00"
2020-08-10,2020081001023057,NRIC,49,38,40,584.00,"23,360.00"
2020-08-10,2020081001023157,NRIC,1,6,40,586.00,"23,440.00"
2020-08-10,2020081001023156,NRIC,1,47,40,586.00,"23,440.00"
2020-08-10,2020081001023155,NRIC,1,47,40,586.00,"23,440.00"
2020-08-10,2020081001023154,NRIC,1,17,40,586.00,"23,440.00"
2020-08-10,2020081001023153,NRIC,1,47,40,586.00,"23,440.00"
2020-08-10,2020081001023111,NRIC,45,57,40,585.00,"23,400.00"
2020-08-10,2020081001023183,NRIC,51,6,150,586.00,"87,900.00"
2020-08-10,2020081001023182,NRIC,51,7,40,585.00,"23,400.00"
2020-08-10,2020081001023177,NRIC,49,1,40,584.00,"23,360.00"
2020-08-10,2020081001023175,NRIC,49,25,40,584.00,"23,360.00"
2020-08-10,2020081001023170,NRIC,49,39,30,584.00,"17,520.00"
2020-08-10,2020081001023169,NRIC,45,39,10,585.00,"5,850.00"
2020-08-10,2020081001023306,NRIC,5,3,50,585.00,"29,250.00"
2020-08-10,2020081001023282,NRIC,5,3,50,585.00,"29,250.00"
2020-08-10,2020081001023277,NRIC,5,25,40,585.00,"23,400.00"
2020-08-10,2020081001023253,NRIC,5,7,40,585.00,"23,400.00"
2020-08-10,2020081001023251,NRIC,5,25,50,585.00,"29,250.00"
2020-08-10,2020081001023184,NRIC,51,36,150,586.00,"87,900.00"
2020-08-10,2020081001022917,NUBL,14,40,"1,000",972.00,"972,000.00"
2020-08-10,2020081001023194,PCBL,32,45,"2,000",268.00,"536,000.00"
2020-08-10,2020081001023193,PCBL,32,16,67,268.00,"17,956.00"
2020-08-10,2020081001023192,PCBL,32,33,490,268.00,"131,320.00"
2020-08-10,2020081001022919,PFL,48,49,14,151.00,"2,114.00"
2020-08-10,2020081001022963,PIC,5,33,14,640.00,"8,960.00"
2020-08-10,2020081001022962,PIC,5,10,132,639.00,"84,348.00"
2020-08-10,2020081001023337,PICL,11,58,100,478.00,"47,800.00"
2020-08-10,2020081001023180,PMHPL,10,50,10,74.00,740.00
2020-08-10,2020081001022936,PMHPL,10,34,10,74.00,740.00
2020-08-10,2020081001023109,PRIN,25,44,30,497.00,"14,910.00"
2020-08-10,2020081001023108,PRIN,25,49,50,497.00,"24,850.00"
2020-08-10,2020081001023107,PRIN,25,42,10,497.00,"4,970.00"
2020-08-10,2020081001023106,PRIN,25,54,100,497.00,"49,700.00"
2020-08-10,2020081001023105,PRIN,25,14,50,497.00,"24,850.00"
2020-08-10,2020081001023104,PRIN,25,8,60,496.00,"29,760.00"
2020-08-10,2020081001023103,PRIN,25,5,50,496.00,"24,800.00"
2020-08-10,2020081001023102,PRIN,25,42,50,496.00,"24,800.00"
2020-08-10,2020081001023101,PRIN,25,1,100,495.00,"49,500.00"
2020-08-10,2020081001023246,PROFL,45,58,150,109.00,"16,350.00"
2020-08-10,2020081001023227,PROFL,45,7,116,107.00,"12,412.00"
2020-08-10,2020081001023073,PRVU,43,49,500,236.00,"118,000.00"
2020-08-10,2020081001023021,RADHI,45,22,11,168.00,"1,848.00"
2020-08-10,2020081001023359,RHPL,58,52,350,149.00,"52,150.00"
2020-08-10,2020081001023352,RHPL,58,52,590,149.00,"87,910.00"
2020-08-10,2020081001023339,RHPL,6,45,40,148.00,"5,920.00"
2020-08-10,2020081001023221,RHPL,18,52,60,149.00,"8,940.00"
2020-08-10,2020081001023219,RHPL,6,22,20,148.00,"2,960.00"
2020-08-10,2020081001023132,RHPL,6,50,20,148.00,"2,960.00"
2020-08-10,2020081001023117,RHPL,6,39,40,148.00,"5,920.00"
2020-08-10,2020081001022923,RLFL,33,44,50,122.00,"6,100.00"
2020-08-10,2020081001022977,RMDC,17,18,486,740.00,"359,640.00"
2020-08-10,2020081001022938,RMDC,17,44,14,740.00,"10,360.00"
2020-08-10,2020081001022945,RSDC,25,44,27,495.00,"13,365.00"
2020-08-10,2020081001023201,SABSL,17,46,11,740.00,"8,140.00"
2020-08-10,2020081001022975,SANIMA,17,44,21,346.00,"7,266.00"
2020-08-10,2020081001022974,SANIMA,16,44,100,347.00,"34,700.00"
2020-08-10,2020081001022980,SBI,17,44,200,430.00,"86,000.00"
2020-08-10,2020081001023165,SBL,46,5,196,298.00,"58,408.00"
2020-08-10,2020081001023119,SBL,46,37,124,298.00,"36,952.00"
2020-08-10,2020081001023002,SBL,46,44,100,298.00,"29,800.00"
2020-08-10,2020081001022922,SBL,46,40,46,298.00,"13,708.00"
2020-08-10,2020081001022921,SBL,20,40,33,298.00,"9,834.00"
2020-08-10,2020081001022883,SBL,17,13,200,299.00,"59,800.00"
2020-08-10,2020081001023024,SCB,47,44,149,651.00,"96,999.00"
2020-08-10,2020081001023023,SCB,34,44,20,651.00,"13,020.00"
2020-08-10,2020081001023022,SCB,22,44,70,655.00,"45,850.00"
2020-08-10,2020081001022990,SCB,34,50,20,656.00,"13,120.00"
2020-08-10,2020081001022985,SCB,22,50,20,655.00,"13,100.00"
2020-08-10,2020081001023224,SDESI,51,37,27,815.00,"22,005.00"
2020-08-10,2020081001023048,SDESI,51,44,28,815.00,"22,820.00"
2020-08-10,2020081001023070,SFCL,7,44,50,108.00,"5,400.00"
2020-08-10,2020081001023127,SHINE,32,4,155,234.00,"36,270.00"
2020-08-10,2020081001023122,SHINE,32,44,20,234.00,"4,680.00"
2020-08-10,2020081001023213,SHIVM,34,33,200,590.00,"118,000.00"
2020-08-10,2020081001023142,SHIVM,56,44,35,589.00,"20,615.00"
2020-08-10,2020081001023141,SHIVM,22,44,15,589.00,"8,835.00"
2020-08-10,2020081001023128,SHIVM,56,33,10,590.00,"5,900.00"
2020-08-10,2020081001022944,SHIVM,56,40,40,590.00,"23,600.00"
2020-08-10,2020081001023205,SHL,44,5,128,156.00,"19,968.00"
2020-08-10,2020081001023168,SHL,57,44,100,156.00,"15,600.00"
2020-08-10,2020081001023291,SHPC,41,47,138,223.00,"30,774.00"
2020-08-10,2020081001023191,SHPC,41,44,12,223.00,"2,676.00"
2020-08-10,2020081001023226,SIC,44,44,50,748.00,"37,400.00"
2020-08-10,2020081001022896,SIC,57,25,100,755.00,"75,500.00"
2020-08-10,2020081001023130,SICL,32,45,50,"1,230.00","61,500.00"
2020-08-10,2020081001023095,SICL,32,4,43,"1,230.00","52,890.00"
2020-08-10,2020081001022918,SIFC,5,59,550,155.00,"85,250.00"
2020-08-10,2020081001023280,SIL,49,44,10,614.00,"6,140.00"
2020-08-10,2020081001023210,SIL,44,51,57,615.00,"35,055.00"
2020-08-10,2020081001023209,SIL,44,22,90,614.00,"55,260.00"
2020-08-10,2020081001023208,SIL,44,44,30,613.00,"18,390.00"
2020-08-10,2020081001023297,SINDU,17,44,50,131.00,"6,550.00"
2020-08-10,2020081001023314,SJCL,58,44,20,137.00,"2,740.00"
2020-08-10,2020081001023125,SJCL,58,22,20,137.00,"2,740.00"
2020-08-10,2020081001022868,SJCL,6,52,330,138.00,"45,540.00"
2020-08-10,2020081001023112,SLBS,10,25,28,940.00,"26,320.00"
2020-08-10,2020081001022914,SLBS,57,25,10,940.00,"9,400.00"
2020-08-10,2020081001022867,SLBSL,51,17,300,800.00,"240,000.00"
2020-08-10,2020081001022866,SLBSL,51,56,10,800.00,"8,000.00"
2020-08-10,2020081001022865,SLBSL,51,52,160,800.00,"128,000.00"
2020-08-10,2020081001022864,SLBSL,51,42,10,799.00,"7,990.00"
2020-08-10,2020081001022863,SLBSL,51,21,10,795.00,"7,950.00"
2020-08-10,2020081001023334,SLICL,52,44,30,444.00,"13,320.00"
2020-08-10,2020081001023176,SLICL,56,48,200,445.00,"89,000.00"
2020-08-10,2020081001023138,SLICL,25,48,500,445.00,"222,500.00"
2020-08-10,2020081001023137,SLICL,52,48,210,445.00,"93,450.00"
2020-08-10,2020081001023136,SLICL,48,48,500,445.00,"222,500.00"
2020-08-10,2020081001023135,SLICL,45,48,64,446.00,"28,544.00"
2020-08-10,2020081001022873,SLICL,4,44,236,446.00,"105,256.00"
2020-08-10,2020081001022872,SLICL,21,44,264,446.00,"117,744.00"
2020-08-10,2020081001023093,SLICL,45,44,236,446.00,"105,256.00"
2020-08-10,2020081001022900,SLICL,4,44,764,446.00,"340,744.00"
2020-08-10,2020081001023041,SMB,19,45,10,840.00,"8,400.00"
2020-08-10,2020081001023046,SPARS,29,29,1,845.00,845.00
2020-08-10,2020081001023008,SPARS,17,40,11,843.00,"9,273.00"
2020-08-10,2020081001023356,SRBL,45,44,100,235.00,"23,500.00"
2020-08-10,2020081001023243,SRBL,10,6,781,236.00,"184,316.00"
2020-08-10,2020081001023242,SRBL,10,11,69,236.00,"16,284.00"
2020-08-10,2020081001023241,SRBL,10,40,16,236.00,"3,776.00"
2020-08-10,2020081001022898,TMDBL,44,35,39,164.00,"6,396.00"
2020-08-10,2020081001023230,TRH,11,5,20,206.00,"4,120.00"
2020-08-10,2020081001023185,TRH,16,4,700,210.00,"147,000.00"
2020-08-10,2020081001023276,UIC,36,34,500,379.00,"189,500.00"
2020-08-10,2020081001022941,UIC,33,41,50,381.00,"19,050.00"
2020-08-10,2020081001022904,UMHL,14,26,200,102.00,"20,400.00"
2020-08-10,2020081001023223,UPPER,34,11,83,225.00,"18,675.00"
2020-08-10,2020081001023222,UPPER,34,11,17,225.00,"3,825.00"
2020-08-10,2020081001023218,UPPER,43,52,128,226.00,"28,928.00"
2020-08-10,2020081001023217,UPPER,43,57,72,226.00,"16,272.00"
2020-08-10,2020081001023189,UPPER,34,39,83,225.00,"18,675.00"
2020-08-10,2020081001023188,UPPER,58,39,310,225.00,"69,750.00"
2020-08-10,2020081001023088,UPPER,58,50,50,225.00,"11,250.00"
2020-08-10,2020081001023288,WOMI,41,47,169,905.00,"152,945.00"
2020-08-10,2020081001022735,ACLBSL,29,50,20,705.00,"14,100.00"
2020-08-10,2020081001022734,ACLBSL,29,33,10,705.00,"7,050.00"
2020-08-10,2020081001022733,ACLBSL,29,19,107,705.00,"75,435.00"
2020-08-10,2020081001022732,ACLBSL,29,6,10,704.00,"7,040.00"
2020-08-10,2020081001022731,ACLBSL,29,34,160,703.00,"112,480.00"
2020-08-10,2020081001022730,ACLBSL,29,17,10,703.00,"7,030.00"
2020-08-10,2020081001022627,ACLBSL,36,42,10,700.00,"7,000.00"
2020-08-10,2020081001022556,ACLBSL,36,40,10,700.00,"7,000.00"
2020-08-10,2020081001022551,ACLBSL,36,45,10,700.00,"7,000.00"
2020-08-10,2020081001022723,ACLBSL,29,21,11,702.00,"7,722.00"
2020-08-10,2020081001022722,ACLBSL,29,51,10,700.00,"7,000.00"
2020-08-10,2020081001022703,ACLBSL,34,40,10,696.00,"6,960.00"
2020-08-10,2020081001022696,ACLBSL,34,34,21,696.00,"14,616.00"
2020-08-10,2020081001022667,ACLBSL,34,51,6,700.00,"4,200.00"
2020-08-10,2020081001022666,ACLBSL,36,51,14,700.00,"9,800.00"
2020-08-10,2020081001022729,ACLBSL,29,45,10,702.00,"7,020.00"
2020-08-10,2020081001022728,ACLBSL,29,45,10,702.00,"7,020.00"
2020-08-10,2020081001022727,ACLBSL,29,45,10,702.00,"7,020.00"
2020-08-10,2020081001022726,ACLBSL,29,6,74,702.00,"51,948.00"
2020-08-10,2020081001022725,ACLBSL,29,45,10,702.00,"7,020.00"
2020-08-10,2020081001022724,ACLBSL,29,13,10,702.00,"7,020.00"
2020-08-10,2020081001022758,ADBL,10,49,265,420.00,"111,300.00"
2020-08-10,2020081001022757,ADBL,10,45,100,420.00,"42,000.00"
2020-08-10,2020081001022756,ADBL,10,54,83,420.00,"34,860.00"
2020-08-10,2020081001022755,ADBL,10,57,590,420.00,"247,800.00"
2020-08-10,2020081001022673,ADBL,51,57,10,420.00,"4,200.00"
2020-08-10,2020081001022548,ADBL,35,56,47,419.00,"19,693.00"
2020-08-10,2020081001020825,ADBL,38,56,100,420.00,"42,000.00"
2020-08-10,2020081001022764,AIL,26,40,10,513.00,"5,130.00"
2020-08-10,2020081001022753,AIL,26,7,10,513.00,"5,130.00"
2020-08-10,2020081001022744,AIL,26,29,10,513.00,"5,130.00"
2020-08-10,2020081001022736,AIL,26,22,10,513.00,"5,130.00"
2020-08-10,2020081001022721,AIL,26,1,10,513.00,"5,130.00"
2020-08-10,2020081001022711,AIL,26,45,10,513.00,"5,130.00"
2020-08-10,2020081001020740,AIL,19,28,10,513.00,"5,130.00"
2020-08-10,2020081001020736,AIL,19,26,10,513.00,"5,130.00"
2020-08-10,2020081001020734,AIL,19,56,10,513.00,"5,130.00"
2020-08-10,2020081001020726,AIL,19,34,10,513.00,"5,130.00"
2020-08-10,2020081001020717,AIL,21,39,10,513.00,"5,130.00"
2020-08-10,2020081001020691,AIL,21,28,10,513.00,"5,130.00"
2020-08-10,2020081001020775,AIL,19,4,10,513.00,"5,130.00"
2020-08-10,2020081001020773,AIL,19,7,10,513.00,"5,130.00"
2020-08-10,2020081001020772,AIL,19,39,10,513.00,"5,130.00"
2020-08-10,2020081001020770,AIL,19,32,10,513.00,"5,130.00"
2020-08-10,2020081001020766,AIL,19,29,10,513.00,"5,130.00"
2020-08-10,2020081001020751,AIL,19,19,10,513.00,"5,130.00"
2020-08-10,2020081001020821,AIL,49,4,10,513.00,"5,130.00"
2020-08-10,2020081001020807,AIL,49,39,10,513.00,"5,130.00"
2020-08-10,2020081001020803,AIL,55,28,10,513.00,"5,130.00"
2020-08-10,2020081001020802,AIL,55,19,10,513.00,"5,130.00"
2020-08-10,2020081001020784,AIL,55,28,10,513.00,"5,130.00"
2020-08-10,2020081001020780,AIL,55,36,10,513.00,"5,130.00"
2020-08-10,2020081001020862,AIL,49,39,10,513.00,"5,130.00"
2020-08-10,2020081001020855,AIL,49,7,10,513.00,"5,130.00"
2020-08-10,2020081001020854,AIL,49,3,10,513.00,"5,130.00"
2020-08-10,2020081001020829,AIL,49,36,10,513.00,"5,130.00"
2020-08-10,2020081001020826,AIL,49,51,10,513.00,"5,130.00"
2020-08-10,2020081001020824,AIL,49,28,10,513.00,"5,130.00"
2020-08-10,2020081001020915,AIL,49,7,10,513.00,"5,130.00"
2020-08-10,2020081001020900,AIL,49,48,10,513.00,"5,130.00"
2020-08-10,2020081001020892,AIL,49,20,10,513.00,"5,130.00"
2020-08-10,2020081001020890,AIL,49,39,10,513.00,"5,130.00"
2020-08-10,2020081001020864,AIL,49,28,10,513.00,"5,130.00"
2020-08-10,2020081001020863,AIL,49,4,10,513.00,"5,130.00"
2020-08-10,2020081001022629,AIL,26,7,10,513.00,"5,130.00"
2020-08-10,2020081001022626,AIL,26,32,10,513.00,"5,130.00"
2020-08-10,2020081001020943,AIL,49,53,10,513.00,"5,130.00"
2020-08-10,2020081001020941,AIL,49,49,10,513.00,"5,130.00"
2020-08-10,2020081001020936,AIL,49,20,10,513.00,"5,130.00"
2020-08-10,2020081001020917,AIL,49,20,10,513.00,"5,130.00"
2020-08-10,2020081001022685,AIL,26,35,10,513.00,"5,130.00"
2020-08-10,2020081001022678,AIL,26,29,10,513.00,"5,130.00"
2020-08-10,2020081001022677,AIL,26,7,10,513.00,"5,130.00"
2020-08-10,2020081001022672,AIL,26,19,10,513.00,"5,130.00"
2020-08-10,2020081001022662,AIL,26,40,10,513.00,"5,130.00"
2020-08-10,2020081001022661,AIL,26,35,10,513.00,"5,130.00"
2020-08-10,2020081001022709,AIL,26,29,10,513.00,"5,130.00"
2020-08-10,2020081001022698,AIL,26,29,10,513.00,"5,130.00"
2020-08-10,2020081001022695,AIL,26,34,10,513.00,"5,130.00"
2020-08-10,2020081001022693,AIL,26,22,10,513.00,"5,130.00"
2020-08-10,2020081001022691,AIL,26,25,10,513.00,"5,130.00"
2020-08-10,2020081001022690,AIL,26,40,10,513.00,"5,130.00"
2020-08-10,2020081001022591,AKPL,53,29,500,117.00,"58,500.00"
2020-08-10,2020081001022621,ALICL,47,3,100,634.00,"63,400.00"
2020-08-10,2020081001022571,ALICL,48,46,200,631.00,"126,200.00"
2020-08-10,2020081001022754,BARUN,35,42,90,88.00,"7,920.00"
2020-08-10,2020081001022719,BARUN,35,37,10,88.00,880.00
2020-08-10,2020081001022697,BARUN,35,17,10,88.00,880.00
2020-08-10,2020081001022611,BPCL,47,40,24,355.00,"8,520.00"
2020-08-10,2020081001020797,BPCL,45,48,11,355.00,"3,905.00"
2020-08-10,2020081001022746,CCBL,52,57,26,178.00,"4,628.00"
2020-08-10,2020081001022705,CCBL,14,57,100,178.00,"17,800.00"
2020-08-10,2020081001020946,CCBL,45,57,50,178.00,"8,900.00"
2020-08-10,2020081001020804,CCBL,58,58,"1,605",178.00,"285,690.00"
2020-08-10,2020081001020848,CHCL,8,49,14,395.00,"5,530.00"
2020-08-10,2020081001022751,CHL,28,37,34,84.00,"2,856.00"
2020-08-10,2020081001020883,CIT,21,19,20,"2,604.00","52,080.00"
2020-08-10,2020081001020699,CIT,22,19,80,"2,604.00","208,320.00"
2020-08-10,2020081001022738,CZBIL,5,34,10,198.00,"1,980.00"
2020-08-10,2020081001022567,CZBIL,28,17,820,197.00,"161,540.00"
2020-08-10,2020081001022566,CZBIL,35,17,111,197.00,"21,867.00"
2020-08-10,2020081001020870,CZBIL,57,34,100,198.00,"19,800.00"
2020-08-10,2020081001022745,DHPL,42,25,10,52.00,520.00
2020-08-10,2020081001022549,DHPL,42,21,10,52.00,520.00
2020-08-10,2020081001022671,EBL,44,58,45,725.00,"32,625.00"
2020-08-10,2020081001020748,EBL,58,11,157,730.00,"114,610.00"
2020-08-10,2020081001022588,EIC,19,55,60,442.00,"26,520.00"
2020-08-10,2020081001020721,EIC,14,26,27,440.00,"11,880.00"
2020-08-10,2020081001020720,EIC,14,8,73,440.00,"32,120.00"
2020-08-10,2020081001020873,FMDBL,45,58,70,530.00,"37,100.00"
2020-08-10,2020081001020872,FMDBL,45,13,35,530.00,"18,550.00"
2020-08-10,2020081001022742,GBBL,32,45,17,236.00,"4,012.00"
2020-08-10,2020081001022609,GBBL,58,45,100,236.00,"23,600.00"
2020-08-10,2020081001020754,GBBL,44,13,"1,000",238.00,"238,000.00"
2020-08-10,2020081001020753,GBBL,44,13,46,237.00,"10,902.00"
2020-08-10,2020081001020752,GBBL,44,47,24,237.00,"5,688.00"
2020-08-10,2020081001022708,GBIME,45,35,100,257.00,"25,700.00"
2020-08-10,2020081001022628,GBIME,45,42,61,256.00,"15,616.00"
2020-08-10,2020081001022602,GBIME,26,42,882,256.00,"225,792.00"
2020-08-10,2020081001022601,GBIME,26,17,219,256.00,"56,064.00"
2020-08-10,2020081001022600,GBIME,26,35,137,256.00,"35,072.00"
2020-08-10,2020081001022599,GBIME,26,45,500,256.00,"128,000.00"
2020-08-10,2020081001020942,GBIME,43,29,50,255.00,"12,750.00"
2020-08-10,2020081001022592,GBIME,26,19,35,256.00,"8,960.00"
2020-08-10,2020081001020951,GBIME,32,6,201,256.00,"51,456.00"
2020-08-10,2020081001020950,GBIME,32,43,839,255.00,"213,945.00"
2020-08-10,2020081001020949,GBIME,32,45,90,255.00,"22,950.00"
2020-08-10,2020081001020948,GBIME,32,17,800,255.00,"204,000.00"
2020-08-10,2020081001020947,GBIME,32,29,70,255.00,"17,850.00"
2020-08-10,2020081001022598,GBIME,26,11,495,256.00,"126,720.00"
2020-08-10,2020081001022597,GBIME,26,13,370,256.00,"94,720.00"
2020-08-10,2020081001022596,GBIME,26,57,39,256.00,"9,984.00"
2020-08-10,2020081001022595,GBIME,26,58,100,256.00,"25,600.00"
2020-08-10,2020081001022594,GBIME,26,32,500,256.00,"128,000.00"
2020-08-10,2020081001022593,GBIME,26,5,723,256.00,"185,088.00"
2020-08-10,2020081001022619,GBLBS,58,45,10,486.00,"4,860.00"
2020-08-10,2020081001022769,GFCL,11,35,50,153.00,"7,650.00"
2020-08-10,2020081001020763,GFCL,11,44,50,153.00,"7,650.00"
2020-08-10,2020081001020785,GHL,22,44,20,56.00,"1,120.00"
2020-08-10,2020081001020783,GHL,22,29,30,56.00,"1,680.00"
2020-08-10,2020081001020817,GILB,59,44,10,"1,215.00","12,150.00"
2020-08-10,2020081001022702,GLICL,5,45,10,462.00,"4,620.00"
2020-08-10,2020081001020835,GLICL,6,44,50,458.00,"22,900.00"
2020-08-10,2020081001020735,GLICL,13,40,100,459.00,"45,900.00"
2020-08-10,2020081001020704,GMFBS,28,40,10,782.00,"7,820.00"
2020-08-10,2020081001020703,GMFBS,28,40,10,782.00,"7,820.00"
2020-08-10,2020081001020702,GMFBS,28,59,10,780.00,"7,800.00"
2020-08-10,2020081001020851,GMFIL,43,44,40,122.00,"4,880.00"
2020-08-10,2020081001020889,GRDBL,34,55,50,111.00,"5,550.00"
2020-08-10,2020081001020866,GRDBL,34,44,50,111.00,"5,550.00"
2020-08-10,2020081001022766,GUFL,58,57,21,119.00,"2,499.00"
2020-08-10,2020081001022631,GUFL,58,25,29,119.00,"3,451.00"
2020-08-10,2020081001020886,GUFL,58,44,50,119.00,"5,950.00"
2020-08-10,2020081001020899,HBL,38,44,100,547.00,"54,700.00"
2020-08-10,2020081001022687,HDHPC,39,42,10,85.00,850.00
2020-08-10,2020081001020922,HDHPC,33,44,10,83.00,830.00
2020-08-10,2020081001020808,HDHPC,41,57,100,82.00,"8,200.00"
2020-08-10,2020081001022616,HDL,34,53,40,"1,692.00","67,680.00"
2020-08-10,2020081001022607,HDL,13,53,200,"1,693.00","338,600.00"
2020-08-10,2020081001022606,HDL,26,53,50,"1,693.00","84,650.00"
2020-08-10,2020081001022605,HDL,51,53,10,"1,693.00","16,930.00"
2020-08-10,2020081001020809,HDL,53,53,5,"1,700.00","8,500.00"
2020-08-10,2020081001020713,HDL,58,14,50,"1,703.00","85,150.00"
2020-08-10,2020081001020934,HGI,48,44,20,416.00,"8,320.00"
2020-08-10,2020081001020945,HIDCL,29,44,12,127.00,"1,524.00"
2020-08-10,2020081001020944,HIDCL,11,44,37,128.00,"4,736.00"
2020-08-10,2020081001020894,ICFC,44,13,"2,838",183.00,"519,354.00"
2020-08-10,2020081001022568,IGI,48,45,50,438.00,"21,900.00"
2020-08-10,2020081001022768,ILBS,35,25,11,726.00,"7,986.00"
2020-08-10,2020081001020937,ILBS,38,45,11,725.00,"7,975.00"
2020-08-10,2020081001020901,ILBS,54,5,11,725.00,"7,975.00"
2020-08-10,2020081001022770,JBBL,6,42,10,175.00,"1,750.00"
2020-08-10,2020081001020798,JBBL,54,29,159,174.00,"27,666.00"
2020-08-10,2020081001022676,JOSHI,14,51,20,57.00,"1,140.00"
2020-08-10,2020081001022675,JOSHI,14,28,10,57.00,570.00
2020-08-10,2020081001020920,KBL,26,34,500,194.00,"97,000.00"
2020-08-10,2020081001020769,KBL,50,34,50,194.00,"9,700.00"
2020-08-10,2020081001020768,KBL,21,34,20,194.00,"3,880.00"
2020-08-10,2020081001020767,KBL,41,34,300,194.00,"58,200.00"
2020-08-10,2020081001022700,KMCDB,16,49,10,780.00,"7,800.00"
2020-08-10,2020081001022660,KMCDB,35,28,10,779.00,"7,790.00"
2020-08-10,2020081001020887,KMCDB,16,21,10,781.00,"7,810.00"
2020-08-10,2020081001022772,KPCL,42,37,10,106.00,"1,060.00"
2020-08-10,2020081001022681,KPCL,42,25,10,106.00,"1,060.00"
2020-08-10,2020081001020718,KPCL,42,51,10,106.00,"1,060.00"
2020-08-10,2020081001020689,KPCL,42,21,10,106.00,"1,060.00"
2020-08-10,2020081001020834,KRBL,38,55,54,102.00,"5,508.00"
2020-08-10,2020081001022741,KSBBL,49,34,143,153.00,"21,879.00"
2020-08-10,2020081001022740,KSBBL,49,49,28,153.00,"4,284.00"
2020-08-10,2020081001020852,KSBBL,59,55,51,152.00,"7,752.00"
2020-08-10,2020081001022658,LBBL,41,54,16,190.00,"3,040.00"
2020-08-10,2020081001022657,LBBL,41,58,54,190.00,"10,260.00"
2020-08-10,2020081001022656,LBBL,41,45,130,190.00,"24,700.00"
2020-08-10,2020081001022637,LBBL,50,45,70,190.00,"13,300.00"
2020-08-10,2020081001022636,LBBL,50,19,980,190.00,"186,200.00"
2020-08-10,2020081001020715,LGIL,25,33,100,459.00,"45,900.00"
2020-08-10,2020081001020916,LLBS,46,19,27,"1,140.00","30,780.00"
2020-08-10,2020081001020844,MBL,49,22,333,230.00,"76,590.00"
2020-08-10,2020081001020843,MBL,8,22,40,230.00,"9,200.00"
2020-08-10,2020081001020842,MBL,33,22,47,230.00,"10,810.00"
2020-08-10,2020081001022645,MDB,42,59,"1,800",331.00,"595,800.00"
2020-08-10,2020081001022644,MDB,42,21,16,331.00,"5,296.00"
2020-08-10,2020081001022643,MDB,42,38,50,330.00,"16,500.00"
2020-08-10,2020081001022642,MDB,42,58,18,330.00,"5,940.00"
2020-08-10,2020081001022641,MDB,42,33,69,329.00,"22,701.00"
2020-08-10,2020081001022640,MDB,42,14,237,327.00,"77,499.00"
2020-08-10,2020081001020814,MDB,6,49,100,323.00,"32,300.00"
2020-08-10,2020081001022686,MEGA,5,38,10,228.00,"2,280.00"
2020-08-10,2020081001022620,MEGA,32,53,379,227.00,"86,033.00"
2020-08-10,2020081001022563,MEGA,41,53,121,227.00,"27,467.00"
2020-08-10,2020081001022562,MEGA,41,53,24,227.00,"5,448.00"
2020-08-10,2020081001020905,MEGA,58,17,618,228.00,"140,904.00"
2020-08-10,2020081001020904,MEGA,58,42,49,228.00,"11,172.00"
2020-08-10,2020081001020903,MEGA,58,11,264,228.00,"60,192.00"
2020-08-10,2020081001022561,MEGA,41,50,110,227.00,"24,970.00"
2020-08-10,2020081001022560,MEGA,41,41,100,227.00,"22,700.00"
2020-08-10,2020081001022559,MEGA,41,13,109,227.00,"24,743.00"
2020-08-10,2020081001022558,MEGA,41,54,36,227.00,"8,172.00"
2020-08-10,2020081001020906,MEGA,58,38,69,228.00,"15,732.00"
2020-08-10,2020081001020882,MERO,17,13,362,642.00,"232,404.00"
2020-08-10,2020081001020881,MERO,17,13,30,642.00,"19,260.00"
2020-08-10,2020081001020880,MERO,17,39,65,642.00,"41,730.00"
2020-08-10,2020081001020879,MERO,17,58,43,642.00,"27,606.00"
2020-08-10,2020081001020816,MERO,51,58,30,640.00,"19,200.00"
2020-08-10,2020081001020747,MERO,51,11,85,640.00,"54,400.00"
2020-08-10,2020081001020799,MFIL,1,17,315,278.00,"87,570.00"
2020-08-10,2020081001022586,MHNL,29,45,30,81.00,"2,430.00"
2020-08-10,2020081001022623,MLBBL,46,45,200,714.00,"142,800.00"
2020-08-10,2020081001022622,MLBBL,34,45,190,714.00,"135,660.00"
2020-08-10,2020081001020867,MLBBL,36,17,390,728.00,"283,920.00"
2020-08-10,2020081001020847,MLBBL,5,29,100,715.00,"71,500.00"
2020-08-10,2020081001020846,MLBBL,57,29,150,715.00,"107,250.00"
2020-08-10,2020081001020845,MLBBL,35,29,250,720.00,"180,000.00"
2020-08-10,2020081001020918,MLBL,49,21,46,194.00,"8,924.00"
2020-08-10,2020081001020875,MNBBL,34,47,56,325.00,"18,200.00"
2020-08-10,2020081001022639,MSMBS,56,51,10,690.00,"6,900.00"
2020-08-10,2020081001020856,NABIL,58,58,402,833.00,"334,866.00"
2020-08-10,2020081001020830,NABIL,33,4,100,834.00,"83,400.00"
2020-08-10,2020081001020820,NABIL,26,4,48,834.00,"40,032.00"
2020-08-10,2020081001020819,NABIL,26,49,10,833.00,"8,330.00"
2020-08-10,2020081001020818,NABIL,26,49,42,833.00,"34,986.00"
2020-08-10,2020081001020840,NADEP,17,49,500,632.00,"316,000.00"
2020-08-10,2020081001020839,NADEP,17,49,500,630.00,"315,000.00"
2020-08-10,2020081001022565,NBF2,49,41,"7,100",9.27,"65,817.00"
2020-08-10,2020081001022564,NBF2,26,41,"4,900",9.28,"45,472.00"
2020-08-10,2020081001022632,NBL,4,26,500,270.00,"135,000.00"
2020-08-10,2020081001022630,NBL,4,44,200,270.00,"54,000.00"
2020-08-10,2020081001022615,NBL,4,44,500,270.00,"135,000.00"
2020-08-10,2020081001022614,NBL,58,6,"1,116",271.00,"302,436.00"
2020-08-10,2020081001022664,NCCB,5,58,17,195.00,"3,315.00"
2020-08-10,2020081001020869,NFS,38,42,29,180.00,"5,220.00"
2020-08-10,2020081001020868,NFS,7,42,11,181.00,"1,991.00"
2020-08-10,2020081001022625,NHDL,22,40,10,128.00,"1,280.00"
2020-08-10,2020081001020893,NHPC,33,25,427,53.00,"22,631.00"
2020-08-10,2020081001022650,NIB,5,37,12,448.00,"5,376.00"
2020-08-10,2020081001020712,NIB,54,25,39,449.00,"17,511.00"
2020-08-10,2020081001020711,NIB,54,26,50,449.00,"22,450.00"
2020-08-10,2020081001020710,NIB,54,16,100,449.00,"44,900.00"
2020-08-10,2020081001020709,NIB,54,45,49,449.00,"22,001.00"
2020-08-10,2020081001020708,NIB,54,10,50,449.00,"22,450.00"
2020-08-10,2020081001020707,NIB,54,35,15,449.00,"6,735.00"
2020-08-10,2020081001020706,NIB,54,26,10,449.00,"4,490.00"
2020-08-10,2020081001020705,NIB,54,55,131,449.00,"58,819.00"
2020-08-10,2020081001022670,NIBPO,54,34,200,379.00,"75,800.00"
2020-08-10,2020081001022765,NICA,45,50,"1,000",565.00,"565,000.00"
2020-08-10,2020081001022647,NICA,45,48,50,565.00,"28,250.00"
2020-08-10,2020081001022646,NICA,22,48,50,565.00,"28,250.00"
2020-08-10,2020081001022587,NICA,22,28,50,565.00,"28,250.00"
2020-08-10,2020081001020932,NICA,42,21,40,565.00,"22,600.00"
2020-08-10,2020081001020913,NICA,42,28,"1,000",567.00,"567,000.00"
2020-08-10,2020081001020888,NICA,42,28,"1,000",567.00,"567,000.00"
2020-08-10,2020081001020885,NICA,42,45,200,567.00,"113,400.00"
2020-08-10,2020081001020884,NICA,42,14,"1,500",567.00,"850,500.00"
2020-08-10,2020081001020827,NICA,42,52,489,565.00,"276,285.00"
2020-08-10,2020081001020743,NICA,1,51,500,566.00,"283,000.00"
2020-08-10,2020081001020742,NICA,58,51,50,566.00,"28,300.00"
2020-08-10,2020081001022771,NICLBSL,6,34,10,768.00,"7,680.00"
2020-08-10,2020081001022761,NICLBSL,6,22,10,768.00,"7,680.00"
2020-08-10,2020081001022747,NICLBSL,6,45,10,768.00,"7,680.00"
2020-08-10,2020081001022720,NICLBSL,6,34,10,768.00,"7,680.00"
2020-08-10,2020081001022712,NICLBSL,6,35,10,768.00,"7,680.00"
2020-08-10,2020081001022704,NICLBSL,6,7,10,768.00,"7,680.00"
2020-08-10,2020081001020722,NICLBSL,51,4,10,763.00,"7,630.00"
2020-08-10,2020081001020719,NICLBSL,51,21,10,763.00,"7,630.00"
2020-08-10,2020081001020690,NICLBSL,51,57,10,763.00,"7,630.00"
2020-08-10,2020081001020781,NICLBSL,36,57,10,764.00,"7,640.00"
2020-08-10,2020081001020774,NICLBSL,36,26,10,764.00,"7,640.00"
2020-08-10,2020081001020759,NICLBSL,51,39,10,763.00,"7,630.00"
2020-08-10,2020081001020755,NICLBSL,51,36,10,763.00,"7,630.00"
2020-08-10,2020081001020744,NICLBSL,51,48,10,763.00,"7,630.00"
2020-08-10,2020081001020738,NICLBSL,51,39,10,763.00,"7,630.00"
2020-08-10,2020081001020865,NICLBSL,35,36,10,763.00,"7,630.00"
2020-08-10,2020081001020861,NICLBSL,51,59,10,763.00,"7,630.00"
2020-08-10,2020081001020853,NICLBSL,51,39,10,763.00,"7,630.00"
2020-08-10,2020081001020832,NICLBSL,36,57,10,764.00,"7,640.00"
2020-08-10,2020081001020823,NICLBSL,36,39,10,764.00,"7,640.00"
2020-08-10,2020081001020800,NICLBSL,36,3,10,764.00,"7,640.00"
2020-08-10,2020081001020952,NICLBSL,25,4,10,764.00,"7,640.00"
2020-08-10,2020081001020940,NICLBSL,25,21,10,764.00,"7,640.00"
2020-08-10,2020081001020933,NICLBSL,35,49,10,763.00,"7,630.00"
2020-08-10,2020081001020911,NICLBSL,35,39,10,763.00,"7,630.00"
2020-08-10,2020081001020896,NICLBSL,21,4,10,764.00,"7,640.00"
2020-08-10,2020081001020874,NICLBSL,21,3,10,764.00,"7,640.00"
2020-08-10,2020081001022610,NICLBSL,6,7,10,768.00,"7,680.00"
2020-08-10,2020081001022608,NICLBSL,6,4,10,768.00,"7,680.00"
2020-08-10,2020081001022603,NICLBSL,6,45,10,768.00,"7,680.00"
2020-08-10,2020081001022574,NICLBSL,40,39,10,770.00,"7,700.00"
2020-08-10,2020081001022573,NICLBSL,40,39,10,770.00,"7,700.00"
2020-08-10,2020081001022557,NICLBSL,6,8,10,768.00,"7,680.00"
2020-08-10,2020081001022679,NICLBSL,6,22,10,768.00,"7,680.00"
2020-08-10,2020081001022659,NICLBSL,6,7,10,768.00,"7,680.00"
2020-08-10,2020081001022655,NICLBSL,6,22,10,768.00,"7,680.00"
2020-08-10,2020081001022648,NICLBSL,6,40,10,768.00,"7,680.00"
2020-08-10,2020081001022613,NICLBSL,40,40,10,770.00,"7,700.00"
2020-08-10,2020081001022612,NICLBSL,40,58,10,770.00,"7,700.00"
2020-08-10,2020081001020914,NIL,34,34,"1,000",634.00,"634,000.00"
2020-08-10,2020081001020822,NIL,39,22,40,636.00,"25,440.00"
2020-08-10,2020081001020895,NLBBL,32,53,100,711.00,"71,100.00"
2020-08-10,2020081001020838,NLG,52,32,250,640.00,"160,000.00"
2020-08-10,2020081001020898,NLIC,37,10,338,"1,358.00","459,004.00"
2020-08-10,2020081001020897,NLIC,26,10,156,"1,358.00","211,848.00"
2020-08-10,2020081001020850,NLIC,47,25,65,"1,359.00","88,335.00"
2020-08-10,2020081001020714,NLIC,21,17,587,"1,360.00","798,320.00"
2020-08-10,2020081001022635,NLICL,54,42,123,683.00,"84,009.00"
2020-08-10,2020081001022634,NLICL,54,36,500,683.00,"341,500.00"
2020-08-10,2020081001022633,NLICL,54,54,62,682.00,"42,284.00"
2020-08-10,2020081001022779,NMB,36,48,125,422.00,"52,750.00"
2020-08-10,2020081001022778,NMB,36,19,200,422.00,"84,400.00"
2020-08-10,2020081001022777,NMB,36,48,226,422.00,"95,372.00"
2020-08-10,2020081001022776,NMB,36,48,225,422.00,"94,950.00"
2020-08-10,2020081001022775,NMB,36,48,230,422.00,"97,060.00"
2020-08-10,2020081001022774,NMB,36,17,83,422.00,"35,026.00"
2020-08-10,2020081001020694,NMB,40,17,30,422.00,"12,660.00"
2020-08-10,2020081001020693,NMB,40,28,500,422.00,"211,000.00"
2020-08-10,2020081001020692,NMB,40,59,35,421.00,"14,735.00"
2020-08-10,2020081001020841,NMB,36,54,"1,000",422.00,"422,000.00"
2020-08-10,2020081001020806,NMB,40,17,61,421.00,"25,681.00"
2020-08-10,2020081001020756,NMB,17,19,15,423.00,"6,345.00"
2020-08-10,2020081001020697,NMB,40,19,85,423.00,"35,955.00"
2020-08-10,2020081001020696,NMB,40,49,50,422.00,"21,100.00"
2020-08-10,2020081001020695,NMB,40,49,300,422.00,"126,600.00"
2020-08-10,2020081001022760,NMB,57,17,17,422.00,"7,174.00"
2020-08-10,2020081001022759,NMB,57,39,206,422.00,"86,932.00"
2020-08-10,2020081001022750,NMB,57,32,250,421.00,"105,250.00"
2020-08-10,2020081001022749,NMB,57,49,27,421.00,"11,367.00"
2020-08-10,2020081001020935,NMB,54,57,500,422.00,"211,000.00"
2020-08-10,2020081001020912,NMB,40,19,100,423.00,"42,300.00"
2020-08-10,2020081001020716,NMFBS,52,48,36,"1,635.00","58,860.00"
2020-08-10,2020081001022767,NRIC,49,45,40,584.00,"23,360.00"
2020-08-10,2020081001022763,NRIC,42,6,40,584.00,"23,360.00"
2020-08-10,2020081001022752,NRIC,42,35,50,584.00,"29,200.00"
2020-08-10,2020081001022748,NRIC,42,14,50,584.00,"29,200.00"
2020-08-10,2020081001022739,NRIC,42,7,50,584.00,"29,200.00"
2020-08-10,2020081001022716,NRIC,50,19,40,585.00,"23,400.00"
2020-08-10,2020081001020739,NRIC,42,21,40,585.00,"23,400.00"
2020-08-10,2020081001020737,NRIC,42,3,50,585.00,"29,250.00"
2020-08-10,2020081001020733,NRIC,42,36,40,585.00,"23,400.00"
2020-08-10,2020081001020701,NRIC,42,49,25,585.00,"14,625.00"
2020-08-10,2020081001020700,NRIC,50,49,15,586.00,"8,790.00"
2020-08-10,2020081001020927,NRIC,45,59,40,586.00,"23,440.00"
2020-08-10,2020081001020926,NRIC,45,48,135,586.00,"79,110.00"
2020-08-10,2020081001020925,NRIC,56,4,10,586.00,"5,860.00"
2020-08-10,2020081001020919,NRIC,42,49,40,585.00,"23,400.00"
2020-08-10,2020081001020805,NRIC,42,26,40,585.00,"23,400.00"
2020-08-10,2020081001020745,NRIC,42,4,40,585.00,"23,400.00"
2020-08-10,2020081001022572,NRIC,42,45,40,584.00,"23,360.00"
2020-08-10,2020081001022570,NRIC,42,4,40,584.00,"23,360.00"
2020-08-10,2020081001020931,NRIC,45,44,15,586.00,"8,790.00"
2020-08-10,2020081001020930,NRIC,45,4,40,586.00,"23,440.00"
2020-08-10,2020081001020929,NRIC,45,49,30,586.00,"17,580.00"
2020-08-10,2020081001020928,NRIC,45,36,40,586.00,"23,440.00"
2020-08-10,2020081001022715,NRIC,50,25,424,585.00,"248,040.00"
2020-08-10,2020081001022692,NRIC,42,32,20,584.00,"11,680.00"
2020-08-10,2020081001022680,NRIC,42,28,40,584.00,"23,360.00"
2020-08-10,2020081001022665,NRIC,42,7,40,584.00,"23,360.00"
2020-08-10,2020081001022617,NRIC,42,7,40,584.00,"23,360.00"
2020-08-10,2020081001022589,NRIC,42,14,30,584.00,"17,520.00"
2020-08-10,2020081001022653,NTC,35,44,160,662.00,"105,920.00"
2020-08-10,2020081001022652,NTC,21,44,90,662.00,"59,580.00"
2020-08-10,2020081001022651,NTC,58,44,50,663.00,"33,150.00"
2020-08-10,2020081001020891,PCBL,39,43,600,268.00,"160,800.00"
2020-08-10,2020081001020828,PCBL,21,43,250,268.00,"67,000.00"
2020-08-10,2020081001022649,PIC,39,10,20,639.00,"12,780.00"
2020-08-10,2020081001022604,PIC,52,45,20,636.00,"12,720.00"
2020-08-10,2020081001020859,PIC,26,6,20,640.00,"12,800.00"
2020-08-10,2020081001020858,PIC,26,6,200,640.00,"128,000.00"
2020-08-10,2020081001020857,PIC,16,6,180,641.00,"115,380.00"
2020-08-10,2020081001020939,PLIC,49,19,24,550.00,"13,200.00"
2020-08-10,2020081001020938,PLIC,58,19,200,551.00,"110,200.00"
2020-08-10,2020081001020815,PLIC,50,32,200,551.00,"110,200.00"
2020-08-10,2020081001020741,PMHPL,10,51,10,74.00,740.00
2020-08-10,2020081001022781,PPCL,33,42,30,115.00,"3,450.00"
2020-08-10,2020081001022780,PPCL,33,34,10,115.00,"1,150.00"
2020-08-10,2020081001020758,PPCL,32,21,10,114.00,"1,140.00"
2020-08-10,2020081001020757,PRIN,7,14,100,495.00,"49,500.00"
2020-08-10,2020081001020732,PRIN,7,14,"2,890",495.00,"1,430,550.00"
2020-08-10,2020081001020731,PRIN,7,49,100,494.00,"49,400.00"
2020-08-10,2020081001022762,PROFL,45,44,80,107.00,"8,560.00"
2020-08-10,2020081001022689,PRVU,52,50,80,236.00,"18,880.00"
2020-08-10,2020081001022688,PRVU,58,50,20,236.00,"4,720.00"
2020-08-10,2020081001020910,PRVU,29,38,115,237.00,"27,255.00"
2020-08-10,2020081001022669,RADHI,45,44,12,168.00,"2,016.00"
2020-08-10,2020081001022668,RADHI,45,42,11,168.00,"1,848.00"
2020-08-10,2020081001022701,RHPL,6,28,40,148.00,"5,920.00"
2020-08-10,2020081001020764,RHPL,58,51,20,148.00,"2,960.00"
2020-08-10,2020081001020750,RHPL,58,21,30,148.00,"4,440.00"
2020-08-10,2020081001020698,RHPL,58,45,20,148.00,"2,960.00"
2020-08-10,2020081001022699,RMDC,34,45,123,745.00,"91,635.00"
2020-08-10,2020081001020878,RSDC,19,54,40,499.00,"19,960.00"
2020-08-10,2020081001020877,RSDC,19,6,100,499.00,"49,900.00"
2020-08-10,2020081001020876,RSDC,19,35,50,499.00,"24,950.00"
2020-08-10,2020081001022547,SABSL,7,21,11,736.00,"8,096.00"
2020-08-10,2020081001020760,SABSL,41,3,11,731.00,"8,041.00"
2020-08-10,2020081001022663,SANIMA,32,54,150,349.00,"52,350.00"
2020-08-10,2020081001020688,SANIMA,35,55,100,347.00,"34,700.00"
2020-08-10,2020081001020796,SBI,17,42,"1,328",436.00,"579,008.00"
2020-08-10,2020081001020795,SBI,17,6,100,436.00,"43,600.00"
2020-08-10,2020081001020794,SBI,17,57,10,436.00,"4,360.00"
2020-08-10,2020081001020793,SBI,17,45,100,436.00,"43,600.00"
2020-08-10,2020081001020792,SBI,17,57,200,435.00,"87,000.00"
2020-08-10,2020081001020791,SBI,17,21,10,435.00,"4,350.00"
2020-08-10,2020081001020790,SBI,17,11,50,435.00,"21,750.00"
2020-08-10,2020081001020789,SBI,17,28,40,435.00,"17,400.00"
2020-08-10,2020081001020788,SBI,17,55,35,434.00,"15,190.00"
2020-08-10,2020081001020787,SBI,17,11,231,434.00,"100,254.00"
2020-08-10,2020081001020786,SBI,17,56,35,433.00,"15,155.00"
2020-08-10,2020081001022717,SBL,42,13,200,299.00,"59,800.00"
2020-08-10,2020081001022714,SBL,34,13,50,299.00,"14,950.00"
2020-08-10,2020081001022713,SBL,34,1,50,299.00,"14,950.00"
2020-08-10,2020081001020765,SBL,54,8,100,297.00,"29,700.00"
2020-08-10,2020081001020833,SCB,58,58,214,655.00,"140,170.00"
2020-08-10,2020081001020724,SCB,17,58,10,656.00,"6,560.00"
2020-08-10,2020081001020723,SCB,17,43,436,656.00,"286,016.00"
2020-08-10,2020081001022654,SDESI,51,21,13,815.00,"10,595.00"
2020-08-10,2020081001022710,SHIVM,40,4,10,591.00,"5,910.00"
2020-08-10,2020081001020909,SHIVM,14,14,50,590.00,"29,500.00"
2020-08-10,2020081001020908,SHIVM,14,35,250,590.00,"147,500.00"
2020-08-10,2020081001020902,SHL,17,56,712,158.00,"112,496.00"
2020-08-10,2020081001022550,SHPC,41,52,42,223.00,"9,366.00"
2020-08-10,2020081001022638,SICL,32,40,24,"1,231.00","29,544.00"
2020-08-10,2020081001022552,SIL,5,22,10,614.00,"6,140.00"
2020-08-10,2020081001020837,SIL,5,16,150,612.00,"91,800.00"
2020-08-10,2020081001020779,SIL,5,47,200,612.00,"122,400.00"
2020-08-10,2020081001020778,SIL,5,33,"1,000",612.00,"612,000.00"
2020-08-10,2020081001020777,SIL,5,53,50,612.00,"30,600.00"
2020-08-10,2020081001020776,SIL,5,36,500,611.00,"305,500.00"
2020-08-10,2020081001022773,SJCL,6,28,20,138.00,"2,760.00"
2020-08-10,2020081001022737,SJCL,6,28,20,138.00,"2,760.00"
2020-08-10,2020081001020771,SJCL,58,21,10,137.00,"1,370.00"
2020-08-10,2020081001020730,SJCL,58,39,10,137.00,"1,370.00"
2020-08-10,2020081001020725,SJCL,58,45,20,137.00,"2,740.00"
2020-08-10,2020081001022555,SJCL,6,21,10,138.00,"1,380.00"
2020-08-10,2020081001022743,SLBBL,36,42,21,830.00,"17,430.00"
2020-08-10,2020081001022707,SLBBL,52,42,50,830.00,"41,500.00"
2020-08-10,2020081001022706,SLBBL,40,42,50,830.00,"41,500.00"
2020-08-10,2020081001020729,SLBS,7,45,18,940.00,"16,920.00"
2020-08-10,2020081001020728,SLBS,42,45,10,940.00,"9,400.00"
2020-08-10,2020081001020727,SLBS,5,45,10,940.00,"9,400.00"
2020-08-10,2020081001022569,SLBSL,35,21,10,791.00,"7,910.00"
2020-08-10,2020081001022718,SLICL,29,59,490,447.00,"219,030.00"
2020-08-10,2020081001020860,SLICL,38,49,100,449.00,"44,900.00"
2020-08-10,2020081001020782,SLICL,48,49,700,449.00,"314,300.00"
2020-08-10,2020081001022694,SMB,49,21,10,825.00,"8,250.00"
2020-08-10,2020081001022553,SRBL,45,29,149,235.00,"35,015.00"
2020-08-10,2020081001020924,STC,49,46,20,"2,740.00","54,800.00"
2020-08-10,2020081001020923,STC,49,28,50,"2,740.00","137,000.00"
2020-08-10,2020081001020801,SWBBL,16,7,50,"1,217.00","60,850.00"
2020-08-10,2020081001020813,TMDBL,41,29,108,166.00,"17,928.00"
2020-08-10,2020081001020812,TMDBL,41,46,92,166.00,"15,272.00"
2020-08-10,2020081001020811,TMDBL,41,57,200,166.00,"33,200.00"
2020-08-10,2020081001020810,TMDBL,41,49,100,166.00,"16,600.00"
2020-08-10,2020081001022624,TRH,11,4,200,210.00,"42,000.00"
2020-08-10,2020081001022585,TRH,3,54,735,206.00,"151,410.00"
2020-08-10,2020081001022584,TRH,42,54,200,206.00,"41,200.00"
2020-08-10,2020081001022583,TRH,34,54,500,206.00,"103,000.00"
2020-08-10,2020081001022582,TRH,26,54,15,206.00,"3,090.00"
2020-08-10,2020081001022581,TRH,34,54,500,206.00,"103,000.00"
2020-08-10,2020081001022580,TRH,46,54,350,207.00,"72,450.00"
2020-08-10,2020081001022579,TRH,3,54,300,207.00,"62,100.00"
2020-08-10,2020081001022578,TRH,42,54,250,207.00,"51,750.00"
2020-08-10,2020081001022577,TRH,26,54,10,207.00,"2,070.00"
2020-08-10,2020081001022576,TRH,43,54,50,207.00,"10,350.00"
2020-08-10,2020081001022575,TRH,45,54,50,208.00,"10,400.00"
2020-08-10,2020081001022618,UIC,33,55,400,381.00,"152,400.00"
2020-08-10,2020081001022590,UIC,18,34,200,380.00,"76,000.00"
2020-08-10,2020081001020907,UIC,34,36,50,380.00,"19,000.00"
2020-08-10,2020081001020831,UIC,54,36,50,380.00,"19,000.00"
2020-08-10,2020081001022684,UPCL,45,57,100,71.00,"7,100.00"
2020-08-10,2020081001022683,UPCL,45,29,50,71.00,"3,550.00"
2020-08-10,2020081001022682,UPCL,45,46,50,71.00,"3,550.00"
2020-08-10,2020081001020871,UPCL,45,21,50,70.00,"3,500.00"
2020-08-10,2020081001020849,UPCL,14,41,950,71.00,"67,450.00"
2020-08-10,2020081001020836,UPCL,45,55,60,70.00,"4,200.00"
2020-08-10,2020081001022554,UPPER,58,44,50,225.00,"11,250.00"
2020-08-10,2020081001020749,UPPER,58,45,50,225.00,"11,250.00"
2020-08-10,2020081001022674,VLBS,17,57,10,915.00,"9,150.00"
2020-08-10,2020081001020921,WOMI,41,40,200,900.00,"180,000.00"
2020-08-10,2020081001020762,WOMI,10,41,200,898.00,"179,600.00"
2020-08-10,2020081001020761,WOMI,10,37,85,895.00,"76,075.00"
2020-08-10,2020081001020746,WOMI,41,37,11,895.00,"9,845.00"
2020-08-10,2020081001020683,ACLBSL,34,18,10,696.00,"6,960.00"
2020-08-10,2020081001020544,ACLBSL,34,45,10,696.00,"6,960.00"
2020-08-10,2020081001020386,ACLBSL,16,21,10,702.00,"7,020.00"
2020-08-10,2020081001020328,ACLBSL,41,18,10,700.00,"7,000.00"
2020-08-10,2020081001020518,AHPC,42,48,282,94.00,"26,508.00"
2020-08-10,2020081001020517,AHPC,42,48,800,94.00,"75,200.00"
2020-08-10,2020081001020682,AIL,21,29,10,513.00,"5,130.00"
2020-08-10,2020081001020662,AIL,21,4,10,513.00,"5,130.00"
2020-08-10,2020081001020661,AIL,21,44,10,513.00,"5,130.00"
2020-08-10,2020081001020657,AIL,21,21,10,513.00,"5,130.00"
2020-08-10,2020081001020654,AIL,21,38,10,513.00,"5,130.00"
2020-08-10,2020081001020651,AIL,21,55,10,513.00,"5,130.00"
2020-08-10,2020081001020201,AIL,57,54,10,513.00,"5,130.00"
2020-08-10,2020081001020195,AIL,57,48,10,513.00,"5,130.00"
2020-08-10,2020081001020269,AIL,57,22,10,513.00,"5,130.00"
2020-08-10,2020081001020268,AIL,57,21,10,513.00,"5,130.00"
2020-08-10,2020081001020258,AIL,57,54,10,513.00,"5,130.00"
2020-08-10,2020081001020245,AIL,57,42,10,513.00,"5,130.00"
2020-08-10,2020081001020238,AIL,57,21,10,513.00,"5,130.00"
2020-08-10,2020081001020220,AIL,57,42,10,513.00,"5,130.00"
2020-08-10,2020081001020322,AIL,42,38,10,513.00,"5,130.00"
2020-08-10,2020081001020313,AIL,42,4,10,513.00,"5,130.00"
2020-08-10,2020081001020299,AIL,42,17,10,513.00,"5,130.00"
2020-08-10,2020081001020298,AIL,42,50,10,513.00,"5,130.00"
2020-08-10,2020081001020296,AIL,42,54,10,513.00,"5,130.00"
2020-08-10,2020081001020289,AIL,42,28,10,513.00,"5,130.00"
2020-08-10,2020081001020351,AIL,38,21,10,513.00,"5,130.00"
2020-08-10,2020081001020346,AIL,34,4,10,513.00,"5,130.00"
2020-08-10,2020081001020338,AIL,42,56,10,513.00,"5,130.00"
2020-08-10,2020081001020329,AIL,42,55,10,513.00,"5,130.00"
2020-08-10,2020081001020327,AIL,42,3,10,513.00,"5,130.00"
2020-08-10,2020081001020324,AIL,42,21,10,513.00,"5,130.00"
2020-08-10,2020081001020392,AIL,21,35,10,513.00,"5,130.00"
2020-08-10,2020081001020391,AIL,21,4,10,513.00,"5,130.00"
2020-08-10,2020081001020390,AIL,21,17,10,513.00,"5,130.00"
2020-08-10,2020081001020379,AIL,21,3,10,513.00,"5,130.00"
2020-08-10,2020081001020378,AIL,21,54,10,513.00,"5,130.00"
2020-08-10,2020081001020374,AIL,21,48,10,513.00,"5,130.00"
2020-08-10,2020081001020442,AIL,21,32,10,513.00,"5,130.00"
2020-08-10,2020081001020440,AIL,21,29,10,513.00,"5,130.00"
2020-08-10,2020081001020433,AIL,21,4,10,513.00,"5,130.00"
2020-08-10,2020081001020429,AIL,21,39,10,513.00,"5,130.00"
2020-08-10,2020081001020424,AIL,21,29,10,513.00,"5,130.00"
2020-08-10,2020081001020414,AIL,21,32,10,513.00,"5,130.00"
2020-08-10,2020081001020493,AIL,21,44,10,513.00,"5,130.00"
2020-08-10,2020081001020473,AIL,21,25,10,513.00,"5,130.00"
2020-08-10,2020081001020471,AIL,21,28,10,513.00,"5,130.00"
2020-08-10,2020081001020467,AIL,21,44,10,513.00,"5,130.00"
2020-08-10,2020081001020464,AIL,21,29,10,513.00,"5,130.00"
2020-08-10,2020081001020447,AIL,21,4,10,513.00,"5,130.00"
2020-08-10,2020081001020537,AIL,21,44,10,513.00,"5,130.00"
2020-08-10,2020081001020529,AIL,21,57,10,513.00,"5,130.00"
2020-08-10,2020081001020514,AIL,21,21,10,513.00,"5,130.00"
2020-08-10,2020081001020502,AIL,21,17,10,513.00,"5,130.00"
2020-08-10,2020081001020497,AIL,21,21,10,513.00,"5,130.00"
2020-08-10,2020081001020494,AIL,21,29,10,513.00,"5,130.00"
2020-08-10,2020081001020563,AIL,21,44,10,513.00,"5,130.00"
2020-08-10,2020081001020562,AIL,21,44,10,513.00,"5,130.00"
2020-08-10,2020081001020559,AIL,21,45,10,513.00,"5,130.00"
2020-08-10,2020081001020552,AIL,21,29,10,513.00,"5,130.00"
2020-08-10,2020081001020551,AIL,21,49,10,513.00,"5,130.00"
2020-08-10,2020081001020543,AIL,21,3,10,513.00,"5,130.00"
2020-08-10,2020081001020596,AIL,21,38,10,513.00,"5,130.00"
2020-08-10,2020081001020595,AIL,21,44,10,513.00,"5,130.00"
2020-08-10,2020081001020592,AIL,21,28,10,513.00,"5,130.00"
2020-08-10,2020081001020573,AIL,21,49,10,513.00,"5,130.00"
2020-08-10,2020081001020572,AIL,21,38,10,513.00,"5,130.00"
2020-08-10,2020081001020570,AIL,21,3,10,513.00,"5,130.00"
2020-08-10,2020081001020646,AIL,21,21,10,513.00,"5,130.00"
2020-08-10,2020081001020643,AIL,21,38,10,513.00,"5,130.00"
2020-08-10,2020081001020641,AIL,21,44,10,513.00,"5,130.00"
2020-08-10,2020081001020634,AIL,21,25,10,513.00,"5,130.00"
2020-08-10,2020081001020619,AIL,21,38,10,513.00,"5,130.00"
2020-08-10,2020081001020611,AIL,21,34,10,513.00,"5,130.00"
2020-08-10,2020081001020652,AKJCL,7,51,10,52.00,520.00
2020-08-10,2020081001020578,AKJCL,7,45,20,52.00,"1,040.00"
2020-08-10,2020081001020290,AKJCL,7,51,20,52.00,"1,040.00"
2020-08-10,2020081001020458,AKPL,52,35,935,118.00,"110,330.00"
2020-08-10,2020081001020457,AKPL,52,35,65,118.00,"7,670.00"
2020-08-10,2020081001020451,ALBSL,16,45,11,694.00,"7,634.00"
2020-08-10,2020081001020267,ALICL,45,25,15,632.00,"9,480.00"
2020-08-10,2020081001020189,BFC,14,44,20,99.00,"1,980.00"
2020-08-10,2020081001020188,BFC,10,44,50,100.00,"5,000.00"
2020-08-10,2020081001020212,BOKL,17,44,100,226.00,"22,600.00"
2020-08-10,2020081001020235,BPCL,47,44,10,354.00,"3,540.00"
2020-08-10,2020081001020568,CBL,58,58,850,146.00,"124,100.00"
2020-08-10,2020081001020247,CBL,47,44,543,145.00,"78,735.00"
2020-08-10,2020081001020246,CBL,45,44,57,146.00,"8,322.00"
2020-08-10,2020081001020530,CCBL,1,57,301,178.00,"53,578.00"
2020-08-10,2020081001020339,CCBL,19,17,700,178.00,"124,600.00"
2020-08-10,2020081001020310,CCBL,19,17,300,178.00,"53,400.00"
2020-08-10,2020081001020309,CCBL,19,57,200,178.00,"35,600.00"
2020-08-10,2020081001020271,CCBL,34,44,50,177.00,"8,850.00"
2020-08-10,2020081001020270,CCBL,34,44,50,177.00,"8,850.00"
2020-08-10,2020081001020306,CFCL,6,44,10,119.00,"1,190.00"
2020-08-10,2020081001020305,CFCL,38,44,40,120.00,"4,800.00"
2020-08-10,2020081001020326,CHCL,55,44,40,392.00,"15,680.00"
2020-08-10,2020081001020230,CHCL,6,49,36,395.00,"14,220.00"
2020-08-10,2020081001020229,CHCL,6,19,61,395.00,"24,095.00"
2020-08-10,2020081001020228,CHCL,6,34,138,395.00,"54,510.00"
2020-08-10,2020081001020227,CHCL,6,58,30,395.00,"11,850.00"
2020-08-10,2020081001020226,CHCL,6,25,10,395.00,"3,950.00"
2020-08-10,2020081001020225,CHCL,6,25,500,395.00,"197,500.00"
2020-08-10,2020081001020224,CHCL,6,42,50,394.00,"19,700.00"
2020-08-10,2020081001020342,CHL,28,44,13,84.00,"1,092.00"
2020-08-10,2020081001020439,CIT,53,19,20,"2,604.00","52,080.00"
2020-08-10,2020081001020366,CIT,21,11,10,"2,603.00","26,030.00"
2020-08-10,2020081001020361,CIT,35,29,17,"2,600.00","44,200.00"
2020-08-10,2020081001020312,CIT,21,58,20,"2,602.00","52,040.00"
2020-08-10,2020081001020234,CIT,21,25,10,"2,601.00","26,010.00"
2020-08-10,2020081001020363,CORBL,45,44,40,114.00,"4,560.00"
2020-08-10,2020081001020658,CZBIL,6,34,190,198.00,"37,620.00"
2020-08-10,2020081001020553,CZBIL,6,51,10,198.00,"1,980.00"
2020-08-10,2020081001020383,CZBIL,35,44,59,197.00,"11,623.00"
2020-08-10,2020081001020382,CZBIL,13,44,41,197.00,"8,077.00"
2020-08-10,2020081001020637,DDBL,38,16,20,845.00,"16,900.00"
2020-08-10,2020081001020681,EBL,17,11,144,730.00,"105,120.00"
2020-08-10,2020081001020680,EBL,17,33,250,730.00,"182,500.00"
2020-08-10,2020081001020679,EBL,17,21,20,730.00,"14,600.00"
2020-08-10,2020081001020678,EBL,17,7,26,730.00,"18,980.00"
2020-08-10,2020081001020677,EBL,17,45,"1,000",730.00,"730,000.00"
2020-08-10,2020081001020676,EBL,17,54,50,730.00,"36,500.00"
2020-08-10,2020081001020385,EBL,26,14,67,730.00,"48,910.00"
2020-08-10,2020081001020384,EBL,26,57,33,729.00,"24,057.00"
2020-08-10,2020081001020293,EBL,49,57,200,729.00,"145,800.00"
2020-08-10,2020081001020287,EBL,58,57,25,729.00,"18,225.00"
2020-08-10,2020081001020675,EBL,17,45,120,730.00,"87,600.00"
2020-08-10,2020081001020674,EBL,17,14,233,730.00,"170,090.00"
2020-08-10,2020081001020673,EBL,17,58,157,729.00,"114,453.00"
2020-08-10,2020081001020395,EBL,21,44,70,727.00,"50,890.00"
2020-08-10,2020081001020394,EBL,45,44,30,727.00,"21,810.00"
