Date,Transact. No.,Symbol,Buyer,Seller,Quantity,Rate,Amount
2019-05-27,2019052701006607,ADBL,49,42,100,422.00,"42,200.00"
2019-05-27,2019052701006487,ADBL,45,25,28,419.00,"11,732.00"
2019-05-27,2019052701006486,ADBL,58,25,"1,000",419.00,"419,000.00"
2019-05-27,2019052701006485,ADBL,49,25,890,420.00,"373,800.00"
2019-05-27,2019052701006484,ADBL,1,25,450,421.00,"189,450.00"
2019-05-27,2019052701006398,ADBL,1,36,550,421.00,"231,550.00"
2019-05-27,2019052701006310,ADBL,17,56,100,420.00,"42,000.00"
2019-05-27,2019052701006293,ADBL,57,36,300,421.00,"126,300.00"
2019-05-27,2019052701006144,ADBL,34,36,150,421.00,"63,150.00"
2019-05-27,2019052701006378,ADBL,49,29,290,420.00,"121,800.00"
2019-05-27,2019052701006377,ADBL,14,29,610,420.00,"256,200.00"
2019-05-27,2019052701006314,ADBL,14,56,390,420.00,"163,800.00"
2019-05-27,2019052701006313,ADBL,56,56,100,420.00,"42,000.00"
2019-05-27,2019052701006312,ADBL,51,56,10,420.00,"4,200.00"
2019-05-27,2019052701006311,ADBL,57,56,100,420.00,"42,000.00"
2019-05-27,2019052701006481,AHPC,37,32,523,109.00,"57,007.00"
2019-05-27,2019052701006480,AHPC,17,32,200,109.00,"21,800.00"
2019-05-27,2019052701006479,AHPC,7,32,500,109.00,"54,500.00"
2019-05-27,2019052701006478,AHPC,22,32,200,110.00,"22,000.00"
2019-05-27,2019052701006477,AHPC,47,32,77,110.00,"8,470.00"
2019-05-27,2019052701006583,AKJCL,29,45,10,77.00,770.00
2019-05-27,2019052701006599,AKPL,25,53,591,200.00,"118,200.00"
2019-05-27,2019052701006598,AKPL,25,58,100,200.00,"20,000.00"
2019-05-27,2019052701006597,AKPL,25,41,10,200.00,"2,000.00"
2019-05-27,2019052701006575,AKPL,25,4,510,199.00,"101,490.00"
2019-05-27,2019052701006579,ALBSL,25,35,10,442.00,"4,420.00"
2019-05-27,2019052701006578,ALBSL,25,4,10,442.00,"4,420.00"
2019-05-27,2019052701006577,ALBSL,25,6,10,442.00,"4,420.00"
2019-05-27,2019052701006576,ALBSL,25,18,10,441.00,"4,410.00"
2019-05-27,2019052701006266,ALBSL,25,7,10,439.00,"4,390.00"
2019-05-27,2019052701006372,ALICL,59,57,100,418.00,"41,800.00"
2019-05-27,2019052701006371,ALICL,47,57,50,419.00,"20,950.00"
2019-05-27,2019052701006521,BFC,39,51,10,104.00,"1,040.00"
2019-05-27,2019052701006520,BFC,39,58,140,104.00,"14,560.00"
2019-05-27,2019052701006588,BOKL,8,21,84,271.00,"22,764.00"
2019-05-27,2019052701006587,BOKL,19,21,16,271.00,"4,336.00"
2019-05-27,2019052701006402,BOKL,19,17,184,271.00,"49,864.00"
2019-05-27,2019052701006401,BOKL,19,17,316,271.00,"85,636.00"
2019-05-27,2019052701006281,BOKL,19,59,184,271.00,"49,864.00"
2019-05-27,2019052701006280,BOKL,38,59,300,271.00,"81,300.00"
2019-05-27,2019052701006392,BPCL,46,45,50,420.00,"21,000.00"
2019-05-27,2019052701006493,CBBL,38,7,10,955.00,"9,550.00"
2019-05-27,2019052701006453,CBBL,38,42,199,955.00,"190,045.00"
2019-05-27,2019052701006440,CBBL,38,42,200,955.00,"191,000.00"
2019-05-27,2019052701006434,CBBL,38,42,36,955.00,"34,380.00"
2019-05-27,2019052701006433,CBBL,38,1,100,955.00,"95,500.00"
2019-05-27,2019052701006199,CBBL,33,54,50,951.00,"47,550.00"
2019-05-27,2019052701006432,CBBL,38,37,50,954.00,"47,700.00"
2019-05-27,2019052701006431,CBBL,38,53,14,954.00,"13,356.00"
2019-05-27,2019052701006419,CBBL,38,53,186,954.00,"177,444.00"
2019-05-27,2019052701006418,CBBL,38,54,14,954.00,"13,356.00"
2019-05-27,2019052701006515,CBL,4,56,485,147.00,"71,295.00"
2019-05-27,2019052701006514,CBL,4,37,185,147.00,"27,195.00"
2019-05-27,2019052701006179,CBL,49,22,324,146.00,"47,304.00"
2019-05-27,2019052701006149,CBL,50,22,176,146.00,"25,696.00"
2019-05-27,2019052701006380,CCBL,44,44,1,165.00,165.00
2019-05-27,2019052701006230,CEFL,25,55,100,99.00,"9,900.00"
2019-05-27,2019052701006150,CEFL,39,55,200,99.00,"19,800.00"
2019-05-27,2019052701006553,CHCL,5,49,50,535.00,"26,750.00"
2019-05-27,2019052701006470,CHCL,50,1,66,532.00,"35,112.00"
2019-05-27,2019052701006475,CHLBS,29,37,100,460.00,"46,000.00"
2019-05-27,2019052701006206,CHLBS,29,44,10,460.00,"4,600.00"
2019-05-27,2019052701006205,CHLBS,29,34,50,460.00,"23,000.00"
2019-05-27,2019052701006204,CHLBS,29,1,10,458.00,"4,580.00"
2019-05-27,2019052701006203,CHLBS,29,47,20,458.00,"9,160.00"
2019-05-27,2019052701006202,CHLBS,29,29,40,456.00,"18,240.00"
2019-05-27,2019052701006435,CIT,5,57,39,"2,600.00","101,400.00"
2019-05-27,2019052701006340,CIT,35,57,100,"2,600.00","260,000.00"
2019-05-27,2019052701006177,CIT,51,57,14,"2,591.00","36,274.00"
2019-05-27,2019052701006170,CIT,45,57,86,"2,591.00","222,826.00"
2019-05-27,2019052701006525,CLBSL,54,5,10,566.00,"5,660.00"
2019-05-27,2019052701006511,CZBIL,7,45,"1,000",225.00,"225,000.00"
2019-05-27,2019052701006400,CZBIL,7,14,198,225.00,"44,550.00"
2019-05-27,2019052701006399,CZBIL,7,14,802,225.00,"180,450.00"
2019-05-27,2019052701006223,CZBIL,7,28,198,225.00,"44,550.00"
2019-05-27,2019052701006222,CZBIL,17,28,802,225.00,"180,450.00"
2019-05-27,2019052701006141,DBBL,28,39,25,147.00,"3,675.00"
2019-05-27,2019052701006523,EBL,6,49,50,659.00,"32,950.00"
2019-05-27,2019052701006522,EBL,36,49,50,659.00,"32,950.00"
2019-05-27,2019052701006502,EBL,59,44,90,660.00,"59,400.00"
2019-05-27,2019052701006251,EBL,59,57,10,660.00,"6,600.00"
2019-05-27,2019052701006155,EIC,19,45,40,425.00,"17,000.00"
2019-05-27,2019052701006154,EIC,19,57,160,425.00,"68,000.00"
2019-05-27,2019052701006264,FMDBL,44,48,250,400.00,"100,000.00"
2019-05-27,2019052701006229,FMDBL,42,48,200,401.00,"80,200.00"
2019-05-27,2019052701006228,FMDBL,56,48,100,401.00,"40,100.00"
2019-05-27,2019052701006569,FOWAD,28,51,20,"1,501.00","30,020.00"
2019-05-27,2019052701006568,FOWAD,42,51,20,"1,501.00","30,020.00"
2019-05-27,2019052701006120,GBBL,38,39,25,224.00,"5,600.00"
2019-05-27,2019052701006615,GBIME,36,11,532,307.00,"163,324.00"
2019-05-27,2019052701006614,GBIME,36,11,"1,000",307.00,"307,000.00"
2019-05-27,2019052701006613,GBIME,36,34,100,307.00,"30,700.00"
2019-05-27,2019052701006390,GBIME,44,11,468,306.00,"143,208.00"
2019-05-27,2019052701006326,GBIME,44,16,532,306.00,"162,792.00"
2019-05-27,2019052701006325,GBIME,50,16,468,306.00,"143,208.00"
2019-05-27,2019052701006497,GBLBS,29,19,250,379.00,"94,750.00"
2019-05-27,2019052701006496,GBLBS,29,51,220,378.00,"83,160.00"
2019-05-27,2019052701006370,GBLBS,33,25,100,376.00,"37,600.00"
2019-05-27,2019052701006331,GBLBS,33,6,100,376.00,"37,600.00"
2019-05-27,2019052701006296,GHL,38,38,30,91.00,"2,730.00"
2019-05-27,2019052701006554,GILB,38,25,20,"1,355.00","27,100.00"
2019-05-27,2019052701006330,GILB,38,58,21,"1,370.00","28,770.00"
2019-05-27,2019052701006329,GILB,38,22,36,"1,369.00","49,284.00"
2019-05-27,2019052701006308,GLICL,57,42,38,552.00,"20,976.00"
2019-05-27,2019052701006307,GLICL,11,42,52,552.00,"28,704.00"
2019-05-27,2019052701006306,GLICL,58,42,10,552.00,"5,520.00"
2019-05-27,2019052701006483,GUFL,19,34,10,119.00,"1,190.00"
2019-05-27,2019052701006482,GUFL,19,21,990,119.00,"117,810.00"
2019-05-27,2019052701006460,GUFL,41,21,10,119.00,"1,190.00"
2019-05-27,2019052701006452,GUFL,19,37,500,118.00,"59,000.00"
2019-05-27,2019052701006451,GUFL,19,34,"1,000",118.00,"118,000.00"
2019-05-27,2019052701006450,GUFL,19,26,75,118.00,"8,850.00"
2019-05-27,2019052701006354,GUFL,45,28,"1,000",117.00,"117,000.00"
2019-05-27,2019052701006596,HDL,25,58,40,"1,680.00","67,200.00"
2019-05-27,2019052701006595,HDL,45,58,10,"1,680.00","16,800.00"
2019-05-27,2019052701006417,HDL,25,58,40,"1,700.00","68,000.00"
2019-05-27,2019052701006416,HDL,42,58,50,"1,700.00","85,000.00"
2019-05-27,2019052701006415,HDL,32,58,30,"1,700.00","51,000.00"
2019-05-27,2019052701006414,HDL,38,58,50,"1,706.00","85,300.00"
2019-05-27,2019052701006413,HDL,45,58,100,"1,707.00","170,700.00"
2019-05-27,2019052701006412,HDL,44,58,70,"1,707.00","119,490.00"
2019-05-27,2019052701006411,HDL,22,58,50,"1,708.00","85,400.00"
2019-05-27,2019052701006410,HDL,45,58,40,"1,709.00","68,360.00"
2019-05-27,2019052701006409,HDL,19,58,20,"1,710.00","34,200.00"
2019-05-27,2019052701006404,HDL,10,58,25,"1,730.00","43,250.00"
2019-05-27,2019052701006592,HIDCL,5,38,500,167.00,"83,500.00"
2019-05-27,2019052701006591,HIDCL,5,25,61,166.00,"10,126.00"
2019-05-27,2019052701006590,HIDCL,5,38,391,165.00,"64,515.00"
2019-05-27,2019052701006393,HIDCL,21,38,50,165.00,"8,250.00"
2019-05-27,2019052701006341,HIDCL,26,21,61,164.00,"10,004.00"
2019-05-27,2019052701006173,HIDCL,26,39,13,164.00,"2,132.00"
2019-05-27,2019052701006147,HIDCL,26,45,36,164.00,"5,904.00"
2019-05-27,2019052701006146,HIDCL,1,45,25,164.00,"4,100.00"
2019-05-27,2019052701006126,HIDCL,26,38,459,165.00,"75,735.00"
2019-05-27,2019052701006125,HIDCL,26,52,21,165.00,"3,465.00"
2019-05-27,2019052701006567,HURJA,52,42,10,131.00,"1,310.00"
2019-05-27,2019052701006394,HURJA,59,42,20,131.00,"2,620.00"
2019-05-27,2019052701006247,HURJA,52,34,10,129.00,"1,290.00"
2019-05-27,2019052701006586,ICFC,42,8,440,163.00,"71,720.00"
2019-05-27,2019052701006249,IGI,57,7,100,406.00,"40,600.00"
2019-05-27,2019052701006605,JBNL,42,18,229,209.00,"47,861.00"
2019-05-27,2019052701006604,JBNL,44,18,271,209.00,"56,639.00"
2019-05-27,2019052701006531,JBNL,44,10,"1,729",209.00,"361,361.00"
2019-05-27,2019052701006530,JBNL,38,10,300,209.00,"62,700.00"
2019-05-27,2019052701006529,JBNL,36,10,847,209.00,"177,023.00"
2019-05-27,2019052701006290,JBNL,42,36,300,210.00,"63,000.00"
2019-05-27,2019052701006218,JBNL,41,36,75,210.00,"15,750.00"
2019-05-27,2019052701006217,JBNL,29,36,300,210.00,"63,000.00"
2019-05-27,2019052701006606,KNBL,39,59,358,151.00,"54,058.00"
2019-05-27,2019052701006498,KNBL,42,59,142,151.00,"21,442.00"
2019-05-27,2019052701006464,KNBL,42,59,300,151.00,"45,300.00"
2019-05-27,2019052701006463,KNBL,42,38,909,151.00,"137,259.00"
2019-05-27,2019052701006462,KNBL,42,42,109,150.00,"16,350.00"
2019-05-27,2019052701006461,KNBL,42,52,40,150.00,"6,000.00"
2019-05-27,2019052701006405,KRBL,58,1,36,117.00,"4,212.00"
2019-05-27,2019052701006232,KRBL,58,57,300,118.00,"35,400.00"
2019-05-27,2019052701006219,KRBL,58,19,43,118.00,"5,074.00"
2019-05-27,2019052701006198,KRBL,58,19,57,118.00,"6,726.00"
2019-05-27,2019052701006157,KRBL,58,19,43,118.00,"5,074.00"
2019-05-27,2019052701006122,KRBL,58,47,29,117.00,"3,393.00"
2019-05-27,2019052701006121,KRBL,58,50,100,117.00,"11,700.00"
2019-05-27,2019052701006151,KSBBL,58,47,107,156.00,"16,692.00"
2019-05-27,2019052701006140,KSBBL,57,47,100,157.00,"15,700.00"
2019-05-27,2019052701006139,KSBBL,32,47,28,157.00,"4,396.00"
2019-05-27,2019052701006295,LBBL,54,45,"4,000",200.00,"800,000.00"
2019-05-27,2019052701006208,LBBL,4,45,500,200.00,"100,000.00"
2019-05-27,2019052701006169,LBBL,42,47,32,199.00,"6,368.00"
2019-05-27,2019052701006138,LBBL,51,45,200,200.00,"40,000.00"
2019-05-27,2019052701006137,LBBL,56,45,250,200.00,"50,000.00"
2019-05-27,2019052701006379,LBL,37,34,72,220.00,"15,840.00"
2019-05-27,2019052701006339,LBL,37,38,350,220.00,"77,000.00"
2019-05-27,2019052701006338,LBL,22,38,900,220.00,"198,000.00"
2019-05-27,2019052701006337,LBL,57,38,"1,000",220.00,"220,000.00"
2019-05-27,2019052701006336,LBL,29,38,"1,000",220.00,"220,000.00"
2019-05-27,2019052701006335,LBL,25,38,200,220.00,"44,000.00"
2019-05-27,2019052701006334,LBL,29,38,50,220.00,"11,000.00"
2019-05-27,2019052701006333,LBL,26,38,100,220.00,"22,000.00"
2019-05-27,2019052701006332,LBL,19,38,334,220.00,"73,480.00"
2019-05-27,2019052701006233,LBL,19,55,144,220.00,"31,680.00"
2019-05-27,2019052701006176,LBL,19,47,22,220.00,"4,840.00"
2019-05-27,2019052701006391,LICN,41,51,50,"1,906.00","95,300.00"
2019-05-27,2019052701006268,LICN,28,21,23,"1,905.00","43,815.00"
2019-05-27,2019052701006267,LICN,28,21,70,"1,906.00","133,420.00"
2019-05-27,2019052701006163,LICN,28,35,114,"1,905.00","217,170.00"
2019-05-27,2019052701006162,LICN,41,35,110,"1,908.00","209,880.00"
2019-05-27,2019052701006539,LLBS,32,21,10,750.00,"7,500.00"
2019-05-27,2019052701006321,LVF1,37,26,"7,500",10.21,"76,575.00"
2019-05-27,2019052701006174,MBL,42,45,268,269.00,"72,092.00"
2019-05-27,2019052701006617,MEGA,5,11,100,197.00,"19,700.00"
2019-05-27,2019052701006552,MEGA,38,11,10,197.00,"1,970.00"
2019-05-27,2019052701006505,MEGA,50,19,80,195.00,"15,600.00"
2019-05-27,2019052701006503,MEGA,35,11,30,197.00,"5,910.00"
2019-05-27,2019052701006459,MEGA,43,11,10,197.00,"1,970.00"
2019-05-27,2019052701006196,MEGA,50,47,10,195.00,"1,950.00"
2019-05-27,2019052701006128,MEGA,50,57,500,195.00,"97,500.00"
2019-05-27,2019052701006524,MFIL,43,43,10,120.00,"1,200.00"
2019-05-27,2019052701006320,MLBL,1,59,27,197.00,"5,319.00"
2019-05-27,2019052701006319,MLBL,1,59,103,198.00,"20,394.00"
2019-05-27,2019052701006207,MLBL,1,40,54,198.00,"10,692.00"
2019-05-27,2019052701006549,MNBBL,58,21,50,376.00,"18,800.00"
2019-05-27,2019052701006509,MNBBL,28,52,10,375.00,"3,750.00"
2019-05-27,2019052701006373,MNBBL,21,21,10,376.00,"3,760.00"
2019-05-27,2019052701006288,MNBBL,29,21,10,376.00,"3,760.00"
2019-05-27,2019052701006263,MNBBL,28,1,59,375.00,"22,125.00"
2019-05-27,2019052701006573,MPFL,51,1,100,227.00,"22,700.00"
2019-05-27,2019052701006441,MSLB,57,8,13,"1,025.00","13,325.00"
2019-05-27,2019052701006363,MSLB,57,8,30,"1,025.00","30,750.00"
2019-05-27,2019052701006356,MSLB,10,8,20,"1,040.00","20,800.00"
2019-05-27,2019052701006362,MSLB,17,8,20,"1,025.00","20,500.00"
2019-05-27,2019052701006361,MSLB,13,8,10,"1,026.00","10,260.00"
2019-05-27,2019052701006360,MSLB,39,8,10,"1,035.00","10,350.00"
2019-05-27,2019052701006359,MSLB,11,8,30,"1,036.00","31,080.00"
2019-05-27,2019052701006358,MSLB,52,8,10,"1,036.00","10,360.00"
2019-05-27,2019052701006357,MSLB,29,8,10,"1,040.00","10,400.00"
2019-05-27,2019052701006132,NABIL,35,3,17,840.00,"14,280.00"
2019-05-27,2019052701006533,NBB,42,48,133,225.00,"29,925.00"
2019-05-27,2019052701006532,NBB,42,10,870,225.00,"195,750.00"
2019-05-27,2019052701006430,NBB,28,48,"1,527",224.00,"342,048.00"
2019-05-27,2019052701006369,NBB,44,48,"1,000",224.00,"224,000.00"
2019-05-27,2019052701006368,NBB,33,48,150,224.00,"33,600.00"
2019-05-27,2019052701006283,NBB,48,17,361,224.00,"80,864.00"
2019-05-27,2019052701006156,NBB,47,10,30,225.00,"6,750.00"
2019-05-27,2019052701006367,NBB,55,48,100,224.00,"22,400.00"
2019-05-27,2019052701006366,NBB,43,48,20,224.00,"4,480.00"
2019-05-27,2019052701006365,NBB,28,48,"1,000",224.00,"224,000.00"
2019-05-27,2019052701006364,NBB,47,48,59,224.00,"13,216.00"
2019-05-27,2019052701006284,NBB,47,17,41,224.00,"9,184.00"
2019-05-27,2019052701006616,NBL,33,44,100,336.00,"33,600.00"
2019-05-27,2019052701006545,NBL,35,44,30,336.00,"10,080.00"
2019-05-27,2019052701006544,NBL,16,44,100,336.00,"33,600.00"
2019-05-27,2019052701006519,NBL,16,34,400,336.00,"134,400.00"
2019-05-27,2019052701006501,NBL,16,17,500,336.00,"168,000.00"
2019-05-27,2019052701006353,NBL,43,47,425,335.00,"142,375.00"
2019-05-27,2019052701006168,NBL,16,59,775,335.00,"259,625.00"
2019-05-27,2019052701006167,NBL,28,59,575,335.00,"192,625.00"
2019-05-27,2019052701006166,NBL,16,59,50,335.00,"16,750.00"
2019-05-27,2019052701006165,NBL,36,59,600,335.00,"201,000.00"
2019-05-27,2019052701006143,NBL,36,57,300,335.00,"100,500.00"
2019-05-27,2019052701006133,NBL,33,43,500,336.00,"168,000.00"
2019-05-27,2019052701006352,NBL,52,47,100,335.00,"33,500.00"
2019-05-27,2019052701006351,NBL,32,47,500,335.00,"167,500.00"
2019-05-27,2019052701006350,NBL,5,47,50,335.00,"16,750.00"
2019-05-27,2019052701006349,NBL,39,47,100,335.00,"33,500.00"
2019-05-27,2019052701006348,NBL,32,47,100,335.00,"33,500.00"
2019-05-27,2019052701006347,NBL,16,47,225,335.00,"75,375.00"
2019-05-27,2019052701006609,NCCB,42,8,740,261.00,"193,140.00"
2019-05-27,2019052701006608,NCCB,42,56,660,261.00,"172,260.00"
2019-05-27,2019052701006297,NCCB,42,32,100,260.00,"26,000.00"
2019-05-27,2019052701006277,NCCB,40,56,500,261.00,"130,500.00"
2019-05-27,2019052701006216,NCCB,44,47,50,260.00,"13,000.00"
2019-05-27,2019052701006286,NEF,17,39,148,8.30,"1,228.40"
2019-05-27,2019052701006535,NGPL,1,42,11,123.00,"1,353.00"
2019-05-27,2019052701006504,NGPL,1,48,10,123.00,"1,230.00"
2019-05-27,2019052701006276,NHPC,56,32,"1,500",69.00,"103,500.00"
2019-05-27,2019052701006261,NHPC,7,32,500,70.00,"35,000.00"
2019-05-27,2019052701006603,NIB,14,57,149,532.00,"79,268.00"
2019-05-27,2019052701006572,NIB,26,57,100,533.00,"53,300.00"
2019-05-27,2019052701006512,NIB,14,45,197,532.00,"104,804.00"
2019-05-27,2019052701006427,NIB,45,10,50,532.00,"26,600.00"
2019-05-27,2019052701006426,NIB,43,10,50,532.00,"26,600.00"
2019-05-27,2019052701006425,NIB,48,10,50,532.00,"26,600.00"
2019-05-27,2019052701006424,NIB,59,10,200,532.00,"106,400.00"
2019-05-27,2019052701006423,NIB,26,10,100,532.00,"53,200.00"
2019-05-27,2019052701006171,NIB,48,45,139,533.00,"74,087.00"
2019-05-27,2019052701006508,NIBPO,42,48,15,514.00,"7,710.00"
2019-05-27,2019052701006507,NIBPO,42,45,20,513.00,"10,260.00"
2019-05-27,2019052701006506,NIBPO,42,19,65,512.00,"33,280.00"
2019-05-27,2019052701006448,NIBPO,42,11,50,512.00,"25,600.00"
2019-05-27,2019052701006538,NICA,4,51,385,480.00,"184,800.00"
2019-05-27,2019052701006526,NICA,28,51,500,480.00,"240,000.00"
2019-05-27,2019052701006315,NICA,53,57,390,478.00,"186,420.00"
2019-05-27,2019052701006282,NICA,49,57,160,479.00,"76,640.00"
2019-05-27,2019052701006274,NICA,49,46,840,479.00,"402,360.00"
2019-05-27,2019052701006273,NICA,16,46,63,479.00,"30,177.00"
2019-05-27,2019052701006272,NICA,17,46,37,479.00,"17,723.00"
2019-05-27,2019052701006271,NICA,32,46,60,479.00,"28,740.00"
2019-05-27,2019052701006231,NICA,17,21,63,479.00,"30,177.00"
2019-05-27,2019052701006124,NICA,32,51,10,479.00,"4,790.00"
2019-05-27,2019052701006602,NICL,45,58,11,386.00,"4,246.00"
2019-05-27,2019052701006292,NICL,47,47,25,390.00,"9,750.00"
2019-05-27,2019052701006291,NICL,26,47,50,390.00,"19,500.00"
2019-05-27,2019052701006585,NIL,6,35,200,513.00,"102,600.00"
2019-05-27,2019052701006469,NIL,6,57,10,513.00,"5,130.00"
2019-05-27,2019052701006468,NIL,14,57,100,513.00,"51,300.00"
2019-05-27,2019052701006467,NIL,49,57,90,514.00,"46,260.00"
2019-05-27,2019052701006197,NIL,49,39,10,514.00,"5,140.00"
2019-05-27,2019052701006408,NLIC,35,34,100,928.00,"92,800.00"
2019-05-27,2019052701006610,NLICL,34,57,20,658.00,"13,160.00"
2019-05-27,2019052701006574,NLICL,20,57,478,651.00,"311,178.00"
2019-05-27,2019052701006565,NLICL,34,57,20,658.00,"13,160.00"
2019-05-27,2019052701006528,NLICL,46,39,143,655.00,"93,665.00"
2019-05-27,2019052701006518,NLICL,29,57,100,652.00,"65,200.00"
2019-05-27,2019052701006517,NLICL,11,57,50,652.00,"32,600.00"
2019-05-27,2019052701006516,NLICL,25,57,50,652.00,"32,600.00"
2019-05-27,2019052701006442,NLICL,25,5,50,652.00,"32,600.00"
2019-05-27,2019052701006318,NLICL,44,39,50,655.00,"32,750.00"
2019-05-27,2019052701006220,NLICL,54,39,100,655.00,"65,500.00"
2019-05-27,2019052701006153,NLICL,38,39,214,655.00,"140,170.00"
2019-05-27,2019052701006152,NLICL,42,39,46,656.00,"30,176.00"
2019-05-27,2019052701006563,NMBMF,37,7,200,"1,119.00","223,800.00"
2019-05-27,2019052701006562,NMBMF,33,7,100,"1,119.00","111,900.00"
2019-05-27,2019052701006561,NMBMF,58,7,200,"1,120.00","224,000.00"
2019-05-27,2019052701006560,NMBMF,50,7,50,"1,120.00","56,000.00"
2019-05-27,2019052701006559,NMBMF,26,7,200,"1,125.00","225,000.00"
2019-05-27,2019052701006558,NMBMF,58,7,209,"1,126.00","235,334.00"
2019-05-27,2019052701006491,NMBMF,58,52,30,"1,126.00","33,780.00"
2019-05-27,2019052701006476,NMBMF,58,1,54,"1,126.00","60,804.00"
2019-05-27,2019052701006445,NMBMF,58,36,207,"1,126.00","233,082.00"
2019-05-27,2019052701006444,NMBMF,40,36,193,"1,127.00","217,511.00"
2019-05-27,2019052701006428,NTC,57,44,100,728.00,"72,800.00"
2019-05-27,2019052701006275,NTC,51,43,500,727.00,"363,500.00"
2019-05-27,2019052701006215,NTC,38,34,510,728.00,"371,280.00"
2019-05-27,2019052701006145,NTC,51,44,500,727.00,"363,500.00"
2019-05-27,2019052701006298,NTC,38,36,15,726.00,"10,890.00"
2019-05-27,2019052701006407,OHL,45,34,10,670.00,"6,700.00"
2019-05-27,2019052701006406,OHL,45,50,100,669.00,"66,900.00"
2019-05-27,2019052701006294,OHL,33,25,135,665.00,"89,775.00"
2019-05-27,2019052701006500,PCBL,53,21,87,310.00,"26,970.00"
2019-05-27,2019052701006499,PCBL,53,55,443,310.00,"137,330.00"
2019-05-27,2019052701006495,PCBL,39,47,97,309.00,"29,973.00"
2019-05-27,2019052701006494,PCBL,32,47,300,309.00,"92,700.00"
2019-05-27,2019052701006324,PCBL,29,58,250,310.00,"77,500.00"
2019-05-27,2019052701006175,PCBL,1,58,150,310.00,"46,500.00"
2019-05-27,2019052701006612,PIC,42,57,10,"1,189.00","11,890.00"
2019-05-27,2019052701006611,PIC,42,46,50,"1,183.00","59,150.00"
2019-05-27,2019052701006564,PIC,48,32,11,"1,181.00","12,991.00"
2019-05-27,2019052701006488,PIC,35,32,11,"1,183.00","13,013.00"
2019-05-27,2019052701006376,PIC,35,21,270,"1,180.00","318,600.00"
2019-05-27,2019052701006375,PIC,53,21,30,"1,180.00","35,400.00"
2019-05-27,2019052701006130,PIC,53,57,100,"1,184.00","118,400.00"
2019-05-27,2019052701006374,PIC,7,21,200,"1,181.00","236,200.00"
2019-05-27,2019052701006305,PIC,42,39,10,"1,184.00","11,840.00"
2019-05-27,2019052701006301,PIC,57,52,50,"1,182.00","59,100.00"
2019-05-27,2019052701006300,PIC,56,52,50,"1,182.00","59,100.00"
2019-05-27,2019052701006299,PIC,42,52,50,"1,183.00","59,150.00"
2019-05-27,2019052701006289,PIC,7,52,100,"1,183.00","118,300.00"
2019-05-27,2019052701006534,PICL,42,57,200,709.00,"141,800.00"
2019-05-27,2019052701006566,PLIC,37,5,50,460.00,"23,000.00"
2019-05-27,2019052701006355,PLIC,48,7,47,460.00,"21,620.00"
2019-05-27,2019052701006279,PLIC,53,7,350,460.00,"161,000.00"
2019-05-27,2019052701006278,PLIC,10,7,83,460.00,"38,180.00"
2019-05-27,2019052701006250,PLIC,48,7,10,463.00,"4,630.00"
2019-05-27,2019052701006227,PLIC,10,47,17,460.00,"7,820.00"
2019-05-27,2019052701006159,PLIC,48,7,10,463.00,"4,630.00"
2019-05-27,2019052701006429,PMHPL,56,56,150,111.00,"16,650.00"
2019-05-27,2019052701006181,PMHPL,56,56,50,111.00,"5,550.00"
2019-05-27,2019052701006180,PMHPL,56,56,150,111.00,"16,650.00"
2019-05-27,2019052701006601,PRIN,28,50,100,407.00,"40,700.00"
2019-05-27,2019052701006221,PRIN,28,39,25,407.00,"10,175.00"
2019-05-27,2019052701006201,PRIN,35,29,219,410.00,"89,790.00"
2019-05-27,2019052701006473,PRVU,57,41,790,276.00,"218,040.00"
2019-05-27,2019052701006472,PRVU,44,41,200,277.00,"55,400.00"
2019-05-27,2019052701006471,PRVU,4,41,10,277.00,"2,770.00"
2019-05-27,2019052701006178,PRVU,4,34,200,277.00,"55,400.00"
2019-05-27,2019052701006134,PRVU,4,22,50,277.00,"13,850.00"
2019-05-27,2019052701006127,PRVU,4,37,240,277.00,"66,480.00"
2019-05-27,2019052701006183,RADHI,17,48,11,163.00,"1,793.00"
2019-05-27,2019052701006582,RBCL,19,57,10,"10,805.00","108,050.00"
2019-05-27,2019052701006161,RBCLPO,26,33,30,"10,000.00","300,000.00"
2019-05-27,2019052701006160,RBCLPO,26,33,10,"10,000.00","100,000.00"
2019-05-27,2019052701006142,RHPC,33,40,38,95.00,"3,610.00"
2019-05-27,2019052701006465,RLFL,1,26,100,121.00,"12,100.00"
2019-05-27,2019052701006550,RMDC,41,6,2,660.00,"1,320.00"
2019-05-27,2019052701006474,RMDC,41,6,48,660.00,"31,680.00"
2019-05-27,2019052701006403,RMDC,55,6,10,660.00,"6,600.00"
2019-05-27,2019052701006346,RMDC,55,6,83,660.00,"54,780.00"
2019-05-27,2019052701006345,RMDC,55,56,167,660.00,"110,220.00"
2019-05-27,2019052701006466,RSDC,56,39,10,383.00,"3,830.00"
2019-05-27,2019052701006422,RSDC,58,57,84,382.00,"32,088.00"
2019-05-27,2019052701006421,RSDC,40,57,79,382.00,"30,178.00"
2019-05-27,2019052701006131,SADBL,17,59,"1,807",151.00,"272,857.00"
2019-05-27,2019052701006492,SANIMA,28,14,65,355.00,"23,075.00"
2019-05-27,2019052701006328,SANIMA,14,21,80,354.00,"28,320.00"
2019-05-27,2019052701006327,SANIMA,14,21,433,354.00,"153,282.00"
2019-05-27,2019052701006270,SBL,5,16,100,335.00,"33,500.00"
2019-05-27,2019052701006269,SBL,33,16,245,335.00,"82,075.00"
2019-05-27,2019052701006195,SBL,33,55,705,335.00,"236,175.00"
2019-05-27,2019052701006194,SBL,44,55,50,335.00,"16,750.00"
2019-05-27,2019052701006193,SBL,6,55,360,335.00,"120,600.00"
2019-05-27,2019052701006172,SCB,29,5,100,677.00,"67,700.00"
2019-05-27,2019052701006584,SDESI,33,38,13,602.00,"7,826.00"
2019-05-27,2019052701006148,SDESI,33,56,12,602.00,"7,224.00"
2019-05-27,2019052701006344,SHINE,26,57,478,257.00,"122,846.00"
2019-05-27,2019052701006343,SHINE,47,57,100,257.00,"25,700.00"
2019-05-27,2019052701006129,SHINE,21,57,10,258.00,"2,580.00"
2019-05-27,2019052701006600,SHIVM,57,42,500,588.00,"294,000.00"
2019-05-27,2019052701006570,SHIVM,49,42,400,588.00,"235,200.00"
2019-05-27,2019052701006557,SHIVM,7,44,10,587.00,"5,870.00"
2019-05-27,2019052701006556,SHIVM,47,46,50,586.00,"29,300.00"
2019-05-27,2019052701006285,SHIVM,49,44,200,587.00,"117,400.00"
2019-05-27,2019052701006243,SHIVM,34,22,200,586.00,"117,200.00"
2019-05-27,2019052701006242,SHIVM,34,6,200,585.00,"117,000.00"
2019-05-27,2019052701006241,SHIVM,34,6,50,584.00,"29,200.00"
2019-05-27,2019052701006240,SHIVM,34,6,20,584.00,"11,680.00"
2019-05-27,2019052701006135,SHIVM,44,6,30,584.00,"17,520.00"
2019-05-27,2019052701006323,SHIVM,7,56,470,587.00,"275,890.00"
2019-05-27,2019052701006322,SHIVM,7,40,30,587.00,"17,610.00"
2019-05-27,2019052701006304,SHIVM,7,40,170,587.00,"99,790.00"
2019-05-27,2019052701006303,SHIVM,7,44,280,587.00,"164,360.00"
2019-05-27,2019052701006302,SHIVM,7,51,50,586.00,"29,300.00"
2019-05-27,2019052701006287,SHIVM,46,44,20,587.00,"11,740.00"
2019-05-27,2019052701006438,SHIVM,7,42,400,588.00,"235,200.00"
2019-05-27,2019052701006437,SHIVM,7,25,30,588.00,"17,640.00"
2019-05-27,2019052701006436,SHIVM,7,49,70,587.00,"41,090.00"
2019-05-27,2019052701006397,SHIVM,7,49,130,587.00,"76,310.00"
2019-05-27,2019052701006396,SHIVM,7,56,90,587.00,"52,830.00"
2019-05-27,2019052701006395,SHIVM,7,45,280,586.00,"164,080.00"
2019-05-27,2019052701006513,SHIVM,42,49,65,587.00,"38,155.00"
2019-05-27,2019052701006510,SHIVM,25,49,600,587.00,"352,200.00"
2019-05-27,2019052701006447,SHIVM,42,49,300,587.00,"176,100.00"
2019-05-27,2019052701006446,SHIVM,28,18,50,586.00,"29,300.00"
2019-05-27,2019052701006443,SHIVM,7,49,70,587.00,"41,090.00"
2019-05-27,2019052701006555,SHIVM,28,46,950,586.00,"556,700.00"
2019-05-27,2019052701006548,SHIVM,5,44,50,587.00,"29,350.00"
2019-05-27,2019052701006543,SHIVM,57,44,40,587.00,"23,480.00"
2019-05-27,2019052701006542,SHIVM,57,35,250,587.00,"146,750.00"
2019-05-27,2019052701006541,SHIVM,57,49,710,587.00,"416,770.00"
2019-05-27,2019052701006540,SHIVM,58,49,500,587.00,"293,500.00"
2019-05-27,2019052701006618,SHL,17,43,100,243.00,"24,300.00"
2019-05-27,2019052701006239,SHL,34,42,100,239.00,"23,900.00"
2019-05-27,2019052701006238,SHL,7,42,"1,000",239.00,"239,000.00"
2019-05-27,2019052701006237,SHL,14,42,100,239.00,"23,900.00"
2019-05-27,2019052701006236,SHL,43,42,200,239.00,"47,800.00"
2019-05-27,2019052701006235,SHL,53,42,800,239.00,"191,200.00"
2019-05-27,2019052701006186,SHL,45,42,500,241.00,"120,500.00"
2019-05-27,2019052701006185,SHL,36,42,300,241.00,"72,300.00"
2019-05-27,2019052701006192,SHL,22,42,300,240.00,"72,000.00"
2019-05-27,2019052701006191,SHL,29,42,400,240.00,"96,000.00"
2019-05-27,2019052701006190,SHL,5,42,400,240.00,"96,000.00"
2019-05-27,2019052701006189,SHL,4,42,100,240.00,"24,000.00"
2019-05-27,2019052701006188,SHL,34,42,500,241.00,"120,500.00"
2019-05-27,2019052701006187,SHL,42,42,400,241.00,"96,400.00"
2019-05-27,2019052701006581,SHPC,32,7,90,271.00,"24,390.00"
2019-05-27,2019052701006580,SHPC,32,50,10,270.00,"2,700.00"
2019-05-27,2019052701006551,SHPC,32,7,100,271.00,"27,100.00"
2019-05-27,2019052701006458,SHPC,22,7,81,267.00,"21,627.00"
2019-05-27,2019052701006457,SHPC,43,7,269,267.00,"71,823.00"
2019-05-27,2019052701006456,SHPC,53,7,50,268.00,"13,400.00"
2019-05-27,2019052701006123,SHPC,51,41,433,270.00,"116,910.00"
2019-05-27,2019052701006212,SHPC,58,43,400,270.00,"108,000.00"
2019-05-27,2019052701006211,SHPC,37,43,200,270.00,"54,000.00"
2019-05-27,2019052701006210,SHPC,49,43,"1,000",270.00,"270,000.00"
2019-05-27,2019052701006209,SHPC,51,43,353,270.00,"95,310.00"
2019-05-27,2019052701006455,SHPC,49,7,100,268.00,"26,800.00"
2019-05-27,2019052701006454,SHPC,10,7,500,268.00,"134,000.00"
2019-05-27,2019052701006342,SHPC,10,7,"1,000",268.00,"268,000.00"
2019-05-27,2019052701006262,SHPC,10,33,500,268.00,"134,000.00"
2019-05-27,2019052701006214,SHPC,39,43,500,269.00,"134,500.00"
2019-05-27,2019052701006213,SHPC,49,43,"2,000",269.00,"538,000.00"
2019-05-27,2019052701006136,SIC,35,45,19,"1,418.00","26,942.00"
2019-05-27,2019052701006389,SICL,42,16,83,854.00,"70,882.00"
2019-05-27,2019052701006388,SICL,59,16,50,854.00,"42,700.00"
2019-05-27,2019052701006387,SICL,29,16,250,855.00,"213,750.00"
2019-05-27,2019052701006386,SICL,58,16,335,855.00,"286,425.00"
2019-05-27,2019052701006385,SICL,29,16,50,855.00,"42,750.00"
2019-05-27,2019052701006384,SICL,6,16,102,855.00,"87,210.00"
2019-05-27,2019052701006383,SICL,32,16,100,856.00,"85,600.00"
2019-05-27,2019052701006382,SICL,49,16,10,857.00,"8,570.00"
2019-05-27,2019052701006381,SICL,38,16,20,857.00,"17,140.00"
2019-05-27,2019052701006265,SKBBL,29,17,81,986.00,"79,866.00"
2019-05-27,2019052701006246,SKBBL,29,17,237,986.00,"233,682.00"
2019-05-27,2019052701006226,SKBBL,14,17,200,987.00,"197,400.00"
2019-05-27,2019052701006225,SKBBL,25,17,200,988.00,"197,600.00"
2019-05-27,2019052701006224,SKBBL,22,17,19,988.00,"18,772.00"
2019-05-27,2019052701006164,SKBBL,22,54,31,988.00,"30,628.00"
2019-05-27,2019052701006317,SLBBL,17,57,74,475.00,"35,150.00"
2019-05-27,2019052701006316,SLBBL,42,57,100,478.00,"47,800.00"
2019-05-27,2019052701006248,SLBBL,37,51,28,484.00,"13,552.00"
2019-05-27,2019052701006527,SLBSL,44,37,10,567.00,"5,670.00"
2019-05-27,2019052701006490,SLICL,35,16,10,582.00,"5,820.00"
2019-05-27,2019052701006489,SLICL,29,16,100,582.00,"58,200.00"
2019-05-27,2019052701006253,SLICL,57,16,100,585.00,"58,500.00"
2019-05-27,2019052701006252,SLICL,29,16,170,585.00,"99,450.00"
2019-05-27,2019052701006537,SMATA,38,21,41,"1,315.00","53,915.00"
2019-05-27,2019052701006536,SMATA,42,21,10,"1,320.00","13,200.00"
2019-05-27,2019052701006234,SPARS,26,34,10,458.00,"4,580.00"
2019-05-27,2019052701006244,SRBL,14,47,42,254.00,"10,668.00"
2019-05-27,2019052701006119,SRBL,54,35,115,253.00,"29,095.00"
2019-05-27,2019052701006420,SWBBL,26,19,30,905.00,"27,150.00"
2019-05-27,2019052701006594,UIC,56,49,10,995.00,"9,950.00"
2019-05-27,2019052701006184,UIC,17,58,50,990.00,"49,500.00"
2019-05-27,2019052701006158,UIC,17,35,90,991.00,"89,190.00"
2019-05-27,2019052701006547,UPCL,25,56,40,94.00,"3,760.00"
2019-05-27,2019052701006546,UPCL,58,56,10,95.00,950.00
2019-05-27,2019052701006589,UPPER,57,19,100,276.00,"27,600.00"
2019-05-27,2019052701006439,UPPER,57,1,100,276.00,"27,600.00"
2019-05-27,2019052701006309,UPPER,13,7,50,275.00,"13,750.00"
2019-05-27,2019052701006260,UPPER,13,34,794,275.00,"218,350.00"
2019-05-27,2019052701006245,UPPER,45,7,50,276.00,"13,800.00"
2019-05-27,2019052701006200,UPPER,45,29,50,276.00,"13,800.00"
2019-05-27,2019052701006182,UPPER,45,57,150,276.00,"41,400.00"
2019-05-27,2019052701006259,UPPER,50,34,100,275.00,"27,500.00"
2019-05-27,2019052701006258,UPPER,29,34,10,275.00,"2,750.00"
2019-05-27,2019052701006257,UPPER,21,34,166,275.00,"45,650.00"
2019-05-27,2019052701006256,UPPER,19,34,100,276.00,"27,600.00"
2019-05-27,2019052701006255,UPPER,40,34,670,276.00,"184,920.00"
2019-05-27,2019052701006254,UPPER,45,34,160,276.00,"44,160.00"
2019-05-27,2019052701006593,VLBS,57,14,12,555.00,"6,660.00"
2019-05-27,2019052701006571,VLBS,57,42,12,553.00,"6,636.00"
2019-05-27,2019052701006449,VLBS,36,57,330,545.00,"179,850.00"
2019-05-27,2019052701006069,ADBL,49,42,10,422.00,"4,220.00"
2019-05-27,2019052701006063,ADBL,21,42,400,422.00,"168,800.00"
2019-05-27,2019052701006062,ADBL,21,47,100,421.00,"42,100.00"
2019-05-27,2019052701005921,AKJCL,29,41,10,77.00,770.00
2019-05-27,2019052701006049,AKPL,25,16,196,196.00,"38,416.00"
2019-05-27,2019052701006048,AKPL,25,40,50,195.00,"9,750.00"
2019-05-27,2019052701006047,AKPL,25,51,10,194.00,"1,940.00"
2019-05-27,2019052701006106,ALBSL,25,13,10,439.00,"4,390.00"
2019-05-27,2019052701006060,ALBSL,25,34,10,439.00,"4,390.00"
2019-05-27,2019052701005883,ALBSL,25,14,10,439.00,"4,390.00"
2019-05-27,2019052701005647,ALBSL,32,42,80,440.00,"35,200.00"
2019-05-27,2019052701006078,ALICL,57,47,18,420.00,"7,560.00"
2019-05-27,2019052701005923,ALICL,57,56,100,422.00,"42,200.00"
2019-05-27,2019052701005661,API,25,22,55,155.00,"8,525.00"
2019-05-27,2019052701005649,API,25,5,150,154.00,"23,100.00"
2019-05-27,2019052701005624,API,34,49,46,152.00,"6,992.00"
2019-05-27,2019052701005623,API,32,49,100,152.00,"15,200.00"
2019-05-27,2019052701005622,API,34,49,500,152.00,"76,000.00"
2019-05-27,2019052701005621,API,44,49,154,152.00,"23,408.00"
2019-05-27,2019052701005620,API,22,49,100,153.00,"15,300.00"
2019-05-27,2019052701005619,API,19,49,100,153.00,"15,300.00"
2019-05-27,2019052701005990,BFC,17,19,175,102.00,"17,850.00"
2019-05-27,2019052701005989,BFC,46,19,25,102.00,"2,550.00"
2019-05-27,2019052701006079,BOKL,13,48,115,272.00,"31,280.00"
2019-05-27,2019052701005884,BOKL,26,37,111,272.00,"30,192.00"
2019-05-27,2019052701005825,BOKL,33,37,200,272.00,"54,400.00"
2019-05-27,2019052701005824,BOKL,33,37,689,272.00,"187,408.00"
2019-05-27,2019052701005799,BOKL,33,47,200,272.00,"54,400.00"
2019-05-27,2019052701005744,BOKL,33,34,111,272.00,"30,192.00"
2019-05-27,2019052701005743,BOKL,59,34,100,272.00,"27,200.00"
2019-05-27,2019052701005742,BOKL,50,34,289,272.00,"78,608.00"
2019-05-27,2019052701005957,BPCL,34,59,100,419.00,"41,900.00"
2019-05-27,2019052701005956,BPCL,21,59,"1,000",419.00,"419,000.00"
2019-05-27,2019052701005955,BPCL,38,59,600,420.00,"252,000.00"
2019-05-27,2019052701005954,BPCL,25,59,100,420.00,"42,000.00"
2019-05-27,2019052701005953,BPCL,47,59,250,420.00,"105,000.00"
2019-05-27,2019052701005952,BPCL,36,59,300,421.00,"126,300.00"
2019-05-27,2019052701005677,BPCL,51,41,400,422.00,"168,800.00"
2019-05-27,2019052701005676,BPCL,10,41,100,423.00,"42,300.00"
2019-05-27,2019052701005905,BPCL,7,42,50,422.00,"21,100.00"
2019-05-27,2019052701005904,BPCL,51,42,100,422.00,"42,200.00"
2019-05-27,2019052701005844,CBBL,32,54,100,954.00,"95,400.00"
2019-05-27,2019052701006068,CBL,50,47,146,146.00,"21,316.00"
2019-05-27,2019052701006026,CBL,50,13,678,146.00,"98,988.00"
2019-05-27,2019052701006025,CBL,26,13,50,146.00,"7,300.00"
2019-05-27,2019052701006024,CBL,1,13,500,146.00,"73,000.00"
2019-05-27,2019052701006023,CBL,45,13,500,146.00,"73,000.00"
2019-05-27,2019052701006022,CBL,6,13,"1,000",146.00,"146,000.00"
2019-05-27,2019052701005848,CBL,42,45,301,147.00,"44,247.00"
2019-05-27,2019052701005726,CBL,42,35,143,146.00,"20,878.00"
2019-05-27,2019052701005646,CBL,42,45,555,146.00,"81,030.00"
2019-05-27,2019052701006003,CBL,42,13,"2,311",146.00,"337,406.00"
2019-05-27,2019052701005935,CBL,1,37,800,147.00,"117,600.00"
2019-05-27,2019052701005934,CBL,1,25,200,147.00,"29,400.00"
2019-05-27,2019052701005870,CBL,42,37,100,147.00,"14,700.00"
2019-05-27,2019052701005850,CBL,42,37,65,147.00,"9,555.00"
2019-05-27,2019052701005849,CBL,42,29,134,147.00,"19,698.00"
2019-05-27,2019052701006009,CBL,53,13,250,146.00,"36,500.00"
2019-05-27,2019052701006008,CBL,47,13,50,146.00,"7,300.00"
2019-05-27,2019052701006007,CBL,48,13,"5,000",146.00,"730,000.00"
2019-05-27,2019052701006006,CBL,40,13,500,146.00,"73,000.00"
2019-05-27,2019052701006005,CBL,38,13,"1,055",146.00,"154,030.00"
2019-05-27,2019052701006004,CBL,14,13,100,146.00,"14,600.00"
2019-05-27,2019052701006015,CBL,43,13,200,146.00,"29,200.00"
2019-05-27,2019052701006014,CBL,52,13,10,146.00,"1,460.00"
2019-05-27,2019052701006013,CBL,42,13,200,146.00,"29,200.00"
2019-05-27,2019052701006012,CBL,17,13,146,146.00,"21,316.00"
2019-05-27,2019052701006011,CBL,55,13,"1,000",146.00,"146,000.00"
2019-05-27,2019052701006010,CBL,37,13,"2,000",146.00,"292,000.00"
2019-05-27,2019052701006021,CBL,25,13,500,146.00,"73,000.00"
2019-05-27,2019052701006020,CBL,19,13,600,146.00,"87,600.00"
2019-05-27,2019052701006019,CBL,53,13,50,146.00,"7,300.00"
2019-05-27,2019052701006018,CBL,42,13,200,146.00,"29,200.00"
2019-05-27,2019052701006017,CBL,1,13,"1,000",146.00,"146,000.00"
2019-05-27,2019052701006016,CBL,14,13,100,146.00,"14,600.00"
2019-05-27,2019052701006108,CCBL,49,4,50,168.00,"8,400.00"
2019-05-27,2019052701006104,CCBL,33,4,100,167.00,"16,700.00"
2019-05-27,2019052701006089,CCBL,33,47,117,167.00,"19,539.00"
2019-05-27,2019052701005810,CCBL,42,4,50,168.00,"8,400.00"
2019-05-27,2019052701005809,CCBL,42,58,872,168.00,"146,496.00"
2019-05-27,2019052701005808,CCBL,42,48,30,168.00,"5,040.00"
2019-05-27,2019052701005672,CCBL,6,20,70,166.00,"11,620.00"
2019-05-27,2019052701005836,CHCL,26,26,98,534.00,"52,332.00"
2019-05-27,2019052701005659,CHCL,50,41,500,532.00,"266,000.00"
2019-05-27,2019052701006075,CHLBS,56,34,10,452.00,"4,520.00"
2019-05-27,2019052701005860,CHLBS,56,14,10,452.00,"4,520.00"
2019-05-27,2019052701005790,CHLBS,56,18,10,452.00,"4,520.00"
2019-05-27,2019052701005933,CIT,5,17,100,"2,600.00","260,000.00"
2019-05-27,2019052701005932,CIT,5,57,20,"2,600.00","52,000.00"
2019-05-27,2019052701005910,CIT,45,33,14,"2,591.00","36,274.00"
2019-05-27,2019052701005695,CLBSL,40,14,16,555.00,"8,880.00"
2019-05-27,2019052701006117,CORBL,11,45,"1,300",118.00,"153,400.00"
2019-05-27,2019052701005713,CORBL,49,45,100,118.00,"11,800.00"
2019-05-27,2019052701006116,CZBIL,17,47,200,225.00,"45,000.00"
2019-05-27,2019052701005947,CZBIL,17,57,498,225.00,"112,050.00"
2019-05-27,2019052701005946,CZBIL,50,57,30,225.00,"6,750.00"
2019-05-27,2019052701005685,CZBIL,50,29,60,225.00,"13,500.00"
2019-05-27,2019052701006107,DBBL,28,47,48,147.00,"7,056.00"
2019-05-27,2019052701006055,DBBL,42,55,49,148.00,"7,252.00"
2019-05-27,2019052701006054,DBBL,42,55,"1,000",148.00,"148,000.00"
2019-05-27,2019052701006053,DBBL,42,38,97,148.00,"14,356.00"
2019-05-27,2019052701006052,DBBL,42,38,"1,000",148.00,"148,000.00"
2019-05-27,2019052701006051,DBBL,42,57,140,148.00,"20,720.00"
2019-05-27,2019052701006084,DDBL,29,6,293,730.00,"213,890.00"
2019-05-27,2019052701005821,DHPL,57,44,11,69.00,759.00
2019-05-27,2019052701005805,DHPL,57,44,11,69.00,759.00
2019-05-27,2019052701006043,EBL,36,35,30,660.00,"19,800.00"
2019-05-27,2019052701006042,EBL,46,35,70,660.00,"46,200.00"
2019-05-27,2019052701005837,EBL,42,57,190,661.00,"125,590.00"
2019-05-27,2019052701006099,EDBL,19,6,95,300.00,"28,500.00"
2019-05-27,2019052701006044,EDBL,49,6,50,301.00,"15,050.00"
2019-05-27,2019052701005919,EIC,28,39,125,420.00,"52,500.00"
2019-05-27,2019052701005730,FMDBL,11,42,80,401.00,"32,080.00"
2019-05-27,2019052701005806,FOWAD,10,19,50,"1,512.00","75,600.00"
2019-05-27,2019052701005764,FOWAD,17,41,69,"1,500.00","103,500.00"
2019-05-27,2019052701005763,FOWAD,41,41,200,"1,501.00","300,200.00"
2019-05-27,2019052701005762,FOWAD,17,41,10,"1,501.00","15,010.00"
2019-05-27,2019052701005761,FOWAD,6,41,100,"1,502.00","150,200.00"
2019-05-27,2019052701005760,FOWAD,46,41,10,"1,505.00","15,050.00"
2019-05-27,2019052701005759,FOWAD,33,41,50,"1,506.00","75,300.00"
2019-05-27,2019052701005757,GBBL,34,16,50,223.00,"11,150.00"
2019-05-27,2019052701006118,GBIME,50,47,32,306.00,"9,792.00"
2019-05-27,2019052701006111,GBIME,37,34,200,307.00,"61,400.00"
2019-05-27,2019052701005853,GBIME,6,11,"1,000",306.00,"306,000.00"
2019-05-27,2019052701005852,GBIME,6,54,500,306.00,"153,000.00"
2019-05-27,2019052701005851,GBIME,6,50,100,306.00,"30,600.00"
2019-05-27,2019052701005673,GBIME,55,16,24,305.00,"7,320.00"
2019-05-27,2019052701005894,GBLBS,57,58,10,375.00,"3,750.00"
2019-05-27,2019052701005774,GBLBS,33,59,210,376.00,"78,960.00"
2019-05-27,2019052701005699,GBLBS,40,59,300,376.00,"112,800.00"
2019-05-27,2019052701005698,GBLBS,33,59,250,376.00,"94,000.00"
2019-05-27,2019052701005688,GDBL,47,16,10,212.00,"2,120.00"
2019-05-27,2019052701005741,GFCL,43,14,350,124.00,"43,400.00"
2019-05-27,2019052701005737,GLICL,58,26,10,552.00,"5,520.00"
2019-05-27,2019052701005689,GUFL,45,34,500,116.00,"58,000.00"
2019-05-27,2019052701006074,HGI,6,22,500,390.00,"195,000.00"
2019-05-27,2019052701006073,HGI,6,25,200,390.00,"78,000.00"
2019-05-27,2019052701006072,HGI,6,36,95,388.00,"36,860.00"
2019-05-27,2019052701006071,HGI,6,39,50,388.00,"19,400.00"
2019-05-27,2019052701006070,HGI,6,4,400,388.00,"155,200.00"
2019-05-27,2019052701005721,HGI,41,22,354,385.00,"136,290.00"
2019-05-27,2019052701005693,HGI,41,16,305,385.00,"117,425.00"
2019-05-27,2019052701005691,HIDCL,1,29,25,164.00,"4,100.00"
2019-05-27,2019052701005984,HURJA,35,42,80,131.00,"10,480.00"
2019-05-27,2019052701005983,HURJA,35,48,20,130.00,"2,600.00"
2019-05-27,2019052701005907,HURJA,52,14,20,129.00,"2,580.00"
2019-05-27,2019052701005875,HURJA,52,4,20,129.00,"2,580.00"
2019-05-27,2019052701005822,HURJA,52,20,20,129.00,"2,580.00"
2019-05-27,2019052701005796,HURJA,52,16,20,129.00,"2,580.00"
2019-05-27,2019052701005666,HURJA,52,39,20,129.00,"2,580.00"
2019-05-27,2019052701005629,HURJA,52,39,20,129.00,"2,580.00"
2019-05-27,2019052701005900,JBBL,38,56,469,150.00,"70,350.00"
2019-05-27,2019052701005807,JBBL,38,34,180,151.00,"27,180.00"
2019-05-27,2019052701005803,JBBL,38,34,300,151.00,"45,300.00"
2019-05-27,2019052701005798,JBBL,38,34,350,151.00,"52,850.00"
2019-05-27,2019052701005668,JBBL,34,34,170,151.00,"25,670.00"
2019-05-27,2019052701005667,JBBL,34,45,30,151.00,"4,530.00"
2019-05-27,2019052701005993,JBNL,29,25,150,210.00,"31,500.00"
2019-05-27,2019052701005992,JBNL,29,49,50,210.00,"10,500.00"
2019-05-27,2019052701005945,JBNL,45,49,100,210.00,"21,000.00"
2019-05-27,2019052701005944,JBNL,44,49,50,210.00,"10,500.00"
2019-05-27,2019052701005912,JBNL,38,38,"1,000",210.00,"210,000.00"
2019-05-27,2019052701005899,JBNL,44,32,150,210.00,"31,500.00"
2019-05-27,2019052701005665,JBNL,42,10,132,211.00,"27,852.00"
2019-05-27,2019052701005664,JBNL,42,49,68,210.00,"14,280.00"
2019-05-27,2019052701006067,KBL,45,45,40,217.00,"8,680.00"
2019-05-27,2019052701005692,KBL,32,16,10,216.00,"2,160.00"
2019-05-27,2019052701005690,KNBL,42,38,91,151.00,"13,741.00"
2019-05-27,2019052701006103,KRBL,58,37,100,116.00,"11,600.00"
2019-05-27,2019052701006102,KRBL,58,19,43,116.00,"4,988.00"
2019-05-27,2019052701006101,KRBL,58,19,43,116.00,"4,988.00"
2019-05-27,2019052701006100,KRBL,58,5,649,116.00,"75,284.00"
2019-05-27,2019052701006058,KRBL,45,52,500,115.00,"57,500.00"
2019-05-27,2019052701006057,KRBL,45,48,200,115.00,"23,000.00"
2019-05-27,2019052701006056,KRBL,45,1,290,115.00,"33,350.00"
2019-05-27,2019052701006041,KRBL,45,48,100,115.00,"11,500.00"
2019-05-27,2019052701005791,KRBL,45,52,300,114.00,"34,200.00"
2019-05-27,2019052701005732,KRBL,45,50,556,114.00,"63,384.00"
2019-05-27,2019052701005951,LBBL,8,21,50,201.00,"10,050.00"
2019-05-27,2019052701005819,LBBL,42,21,959,199.00,"190,841.00"
2019-05-27,2019052701005818,LBBL,34,21,100,199.00,"19,900.00"
2019-05-27,2019052701005817,LBBL,28,21,20,199.00,"3,980.00"
2019-05-27,2019052701005751,LBBL,4,45,100,200.00,"20,000.00"
2019-05-27,2019052701005750,LBBL,38,45,100,200.00,"20,000.00"
2019-05-27,2019052701005749,LBBL,6,45,50,200.00,"10,000.00"
2019-05-27,2019052701005748,LBBL,38,45,51,200.00,"10,200.00"
2019-05-27,2019052701005747,LBBL,28,45,500,201.00,"100,500.00"
2019-05-27,2019052701005746,LBBL,37,45,50,201.00,"10,050.00"
2019-05-27,2019052701005816,LBBL,29,21,51,200.00,"10,200.00"
2019-05-27,2019052701005756,LBBL,29,45,"1,449",200.00,"289,800.00"
2019-05-27,2019052701005755,LBBL,8,45,"2,000",200.00,"400,000.00"
2019-05-27,2019052701005754,LBBL,4,45,"1,000",200.00,"200,000.00"
2019-05-27,2019052701005753,LBBL,33,45,200,200.00,"40,000.00"
2019-05-27,2019052701005752,LBBL,41,45,200,200.00,"40,000.00"
2019-05-27,2019052701005709,LBL,59,34,50,221.00,"11,050.00"
2019-05-27,2019052701005708,LBL,42,34,"2,000",221.00,"442,000.00"
2019-05-27,2019052701005740,LICN,18,35,10,"1,914.00","19,140.00"
2019-05-27,2019052701005725,LICN,14,28,37,"1,905.00","70,485.00"
2019-05-27,2019052701005712,LICN,14,5,17,"1,903.00","32,351.00"
2019-05-27,2019052701005786,LLBS,32,47,111,750.00,"83,250.00"
2019-05-27,2019052701005888,MBL,42,1,824,269.00,"221,656.00"
2019-05-27,2019052701005887,MBL,49,1,376,269.00,"101,144.00"
2019-05-27,2019052701005656,MBL,33,8,403,270.00,"108,810.00"
2019-05-27,2019052701006000,MEGA,42,46,229,195.00,"44,655.00"
2019-05-27,2019052701005999,MEGA,42,39,"1,357",195.00,"264,615.00"
2019-05-27,2019052701005998,MEGA,42,39,"2,500",195.00,"487,500.00"
2019-05-27,2019052701005997,MEGA,42,39,"1,834",195.00,"357,630.00"
2019-05-27,2019052701005964,MEGA,50,39,666,195.00,"129,870.00"
2019-05-27,2019052701005963,MEGA,50,1,"1,334",195.00,"260,130.00"
2019-05-27,2019052701005710,MEGA,48,1,100,195.00,"19,500.00"
2019-05-27,2019052701005650,MEGA,42,1,500,195.00,"97,500.00"
2019-05-27,2019052701005914,MEGA,48,1,908,194.00,"176,152.00"
2019-05-27,2019052701005913,MEGA,29,1,792,194.00,"153,648.00"
2019-05-27,2019052701005779,MEGA,29,6,208,194.00,"40,352.00"
2019-05-27,2019052701005778,MEGA,47,6,500,194.00,"97,000.00"
2019-05-27,2019052701005777,MEGA,45,6,76,194.00,"14,744.00"
2019-05-27,2019052701005711,MEGA,45,16,10,194.00,"1,940.00"
2019-05-27,2019052701005949,MERO,11,41,26,601.00,"15,626.00"
2019-05-27,2019052701005936,MERO,11,16,50,601.00,"30,050.00"
2019-05-27,2019052701005924,MFIL,48,49,200,122.00,"24,400.00"
2019-05-27,2019052701005874,MNBBL,10,21,30,376.00,"11,280.00"
2019-05-27,2019052701005820,MNBBL,25,21,500,376.00,"188,000.00"
2019-05-27,2019052701005653,MNBBL,28,13,100,375.00,"37,500.00"
2019-05-27,2019052701005776,MPFL,40,46,60,224.00,"13,440.00"
2019-05-27,2019052701005775,MPFL,6,46,10,225.00,"2,250.00"
2019-05-27,2019052701005972,MSLB,6,41,23,"1,042.00","23,966.00"
2019-05-27,2019052701006061,NABIL,57,52,100,836.00,"83,600.00"
2019-05-27,2019052701005675,NABILP,55,39,195,805.00,"156,975.00"
2019-05-27,2019052701005669,NABILP,55,34,30,805.00,"24,150.00"
2019-05-27,2019052701006114,NADEP,29,25,80,457.00,"36,560.00"
2019-05-27,2019052701006094,NADEP,29,21,20,452.00,"9,040.00"
2019-05-27,2019052701006093,NADEP,29,6,10,450.00,"4,500.00"
2019-05-27,2019052701006092,NADEP,29,42,60,449.00,"26,940.00"
2019-05-27,2019052701006091,NADEP,29,43,39,448.00,"17,472.00"
2019-05-27,2019052701006090,NADEP,29,45,10,448.00,"4,480.00"
2019-05-27,2019052701006085,NBB,48,39,22,224.00,"4,928.00"
2019-05-27,2019052701005943,NBB,5,10,100,225.00,"22,500.00"
2019-05-27,2019052701005663,NBB,48,1,91,224.00,"20,384.00"
2019-05-27,2019052701005662,NBB,28,1,909,224.00,"203,616.00"
2019-05-27,2019052701005785,NBB,41,16,200,225.00,"45,000.00"
2019-05-27,2019052701005731,NBB,48,57,500,224.00,"112,000.00"
2019-05-27,2019052701005724,NBB,33,8,"1,000",225.00,"225,000.00"
2019-05-27,2019052701005714,NBB,48,29,26,224.00,"5,824.00"
2019-05-27,2019052701006077,NBL,14,43,400,336.00,"134,400.00"
2019-05-27,2019052701006045,NBL,14,43,100,336.00,"33,600.00"
2019-05-27,2019052701005991,NBL,38,8,150,337.00,"50,550.00"
2019-05-27,2019052701005986,NBL,38,49,30,337.00,"10,110.00"
2019-05-27,2019052701005985,NBL,38,57,112,336.00,"37,632.00"
2019-05-27,2019052701005977,NBL,1,57,388,336.00,"130,368.00"
2019-05-27,2019052701005830,NBL,11,34,60,336.00,"20,160.00"
2019-05-27,2019052701005734,NBL,49,34,260,336.00,"87,360.00"
2019-05-27,2019052701005733,NBL,49,21,240,336.00,"80,640.00"
2019-05-27,2019052701005640,NBL,14,21,100,336.00,"33,600.00"
2019-05-27,2019052701005639,NBL,14,21,100,336.00,"33,600.00"
2019-05-27,2019052701005638,NBL,14,21,60,336.00,"20,160.00"
2019-05-27,2019052701005976,NBL,38,49,155,337.00,"52,235.00"
2019-05-27,2019052701005966,NBL,38,49,15,337.00,"5,055.00"
2019-05-27,2019052701005965,NBL,38,10,140,337.00,"47,180.00"
2019-05-27,2019052701005960,NBL,38,10,160,337.00,"53,920.00"
2019-05-27,2019052701005917,NBL,1,34,612,336.00,"205,632.00"
2019-05-27,2019052701005909,NBL,14,34,68,336.00,"22,848.00"
2019-05-27,2019052701006046,NCCB,44,4,50,260.00,"13,000.00"
2019-05-27,2019052701005898,NCCB,51,44,100,260.00,"26,000.00"
2019-05-27,2019052701005897,NCCB,40,44,900,260.00,"234,000.00"
2019-05-27,2019052701005855,NCCB,40,5,100,260.00,"26,000.00"
2019-05-27,2019052701005788,NCCB,37,37,750,260.00,"195,000.00"
2019-05-27,2019052701005787,NCCB,37,38,119,260.00,"30,940.00"
2019-05-27,2019052701005719,NCCB,49,38,568,260.00,"147,680.00"
2019-05-27,2019052701005718,NCCB,49,28,132,260.00,"34,320.00"
2019-05-27,2019052701005637,NCCB,33,28,868,260.00,"225,680.00"
2019-05-27,2019052701005636,NCCB,33,33,132,260.00,"34,320.00"
2019-05-27,2019052701005671,NEF,17,8,"1,242",8.30,"10,308.60"
2019-05-27,2019052701005670,NEF,49,8,"1,000",8.31,"8,310.00"
2019-05-27,2019052701005804,NHPC,7,48,500,70.00,"35,000.00"
2019-05-27,2019052701005702,NHPC,25,48,"1,000",70.00,"70,000.00"
2019-05-27,2019052701005701,NHPC,5,48,"1,000",70.00,"70,000.00"
2019-05-27,2019052701005700,NHPC,11,48,500,70.00,"35,000.00"
2019-05-27,2019052701005938,NIB,17,26,100,532.00,"53,200.00"
2019-05-27,2019052701005937,NIB,1,26,100,532.00,"53,200.00"
2019-05-27,2019052701005920,NIB,48,57,212,533.00,"112,996.00"
2019-05-27,2019052701005896,NIB,48,6,44,533.00,"23,452.00"
2019-05-27,2019052701005895,NIB,48,43,44,533.00,"23,452.00"
2019-05-27,2019052701005794,NIB,22,43,17,533.00,"9,061.00"
2019-05-27,2019052701005723,NIB,22,16,15,533.00,"7,995.00"
2019-05-27,2019052701005722,NIB,22,41,49,533.00,"26,117.00"
2019-05-27,2019052701005717,NIB,22,14,11,533.00,"5,863.00"
2019-05-27,2019052701005716,NIB,36,14,32,533.00,"17,056.00"
2019-05-27,2019052701005715,NIB,6,14,13,533.00,"6,929.00"
2019-05-27,2019052701005642,NIBPO,6,39,822,505.00,"415,110.00"
2019-05-27,2019052701005981,NICA,16,46,651,480.00,"312,480.00"
2019-05-27,2019052701005918,NICA,16,10,340,480.00,"163,200.00"
2019-05-27,2019052701005893,NICA,16,10,660,480.00,"316,800.00"
2019-05-27,2019052701005892,NICA,16,1,200,480.00,"96,000.00"
2019-05-27,2019052701005891,NICA,16,42,100,480.00,"48,000.00"
2019-05-27,2019052701005890,NICA,16,45,30,480.00,"14,400.00"
2019-05-27,2019052701005889,NICA,16,6,10,480.00,"4,800.00"
2019-05-27,2019052701005773,NICA,32,16,10,479.00,"4,790.00"
2019-05-27,2019052701005877,NICL,47,6,25,391.00,"9,775.00"
2019-05-27,2019052701006076,NIL,25,4,300,514.00,"154,200.00"
2019-05-27,2019052701005728,NIL,36,33,100,515.00,"51,500.00"
2019-05-27,2019052701005655,NIL,25,35,600,514.00,"308,400.00"
2019-05-27,2019052701005654,NIL,34,35,100,514.00,"51,400.00"
2019-05-27,2019052701005643,NIL,50,33,100,515.00,"51,500.00"
2019-05-27,2019052701005982,NIL,25,14,100,514.00,"51,400.00"
2019-05-27,2019052701006082,NLBBL,42,39,200,516.00,"103,200.00"
2019-05-27,2019052701006081,NLBBL,51,39,100,517.00,"51,700.00"
2019-05-27,2019052701006080,NLBBL,40,39,67,518.00,"34,706.00"
2019-05-27,2019052701005962,NLBBL,40,10,23,518.00,"11,914.00"
2019-05-27,2019052701005797,NLBBL,40,16,10,518.00,"5,180.00"
2019-05-27,2019052701005903,NLG,49,41,16,804.00,"12,864.00"
2019-05-27,2019052701005902,NLG,45,41,20,804.00,"16,080.00"
2019-05-27,2019052701005901,NLG,58,41,20,804.00,"16,080.00"
2019-05-27,2019052701005784,NLG,58,16,10,804.00,"8,040.00"
2019-05-27,2019052701006098,NLIC,36,40,10,930.00,"9,300.00"
2019-05-27,2019052701005886,NLIC,36,25,217,929.00,"201,593.00"
2019-05-27,2019052701005859,NLIC,8,28,71,926.00,"65,746.00"
2019-05-27,2019052701005793,NLIC,36,41,67,928.00,"62,176.00"
2019-05-27,2019052701005792,NLIC,36,45,10,928.00,"9,280.00"
2019-05-27,2019052701005652,NLIC,32,45,70,928.00,"64,960.00"
2019-05-27,2019052701005651,NLIC,32,47,30,928.00,"27,840.00"
2019-05-27,2019052701005641,NLIC,33,33,300,927.00,"278,100.00"
2019-05-27,2019052701005674,NLICL,42,1,25,656.00,"16,400.00"
2019-05-27,2019052701005628,NLICL,38,36,286,655.00,"187,330.00"
2019-05-27,2019052701005627,NLICL,35,36,50,655.00,"32,750.00"
2019-05-27,2019052701005626,NLICL,20,36,600,656.00,"393,600.00"
2019-05-27,2019052701005625,NLICL,54,36,64,656.00,"41,984.00"
2019-05-27,2019052701006115,NMBMF,40,4,50,"1,127.00","56,350.00"
2019-05-27,2019052701005811,NMBMF,40,57,22,"1,127.00","24,794.00"
2019-05-27,2019052701005772,NMFBS,45,8,10,"1,587.00","15,870.00"
2019-05-27,2019052701005996,NTC,44,44,500,727.00,"363,500.00"
2019-05-27,2019052701005995,NTC,44,4,500,727.00,"363,500.00"
2019-05-27,2019052701005815,NTC,6,44,10,727.00,"7,270.00"
2019-05-27,2019052701005814,NTC,36,44,"2,000",727.00,"1,454,000.00"
2019-05-27,2019052701005813,NTC,38,44,"1,000",727.00,"727,000.00"
2019-05-27,2019052701005812,NTC,33,44,100,727.00,"72,700.00"
2019-05-27,2019052701005994,NUBL,47,14,20,859.00,"17,180.00"
2019-05-27,2019052701005800,NUBL,4,49,11,860.00,"9,460.00"
2019-05-27,2019052701005697,OHL,51,50,85,665.00,"56,525.00"
2019-05-27,2019052701005696,OHL,5,50,15,666.00,"9,990.00"
2019-05-27,2019052701005931,OHL,56,11,50,664.00,"33,200.00"
2019-05-27,2019052701005930,OHL,5,11,200,664.00,"132,800.00"
2019-05-27,2019052701005929,OHL,25,11,100,664.00,"66,400.00"
2019-05-27,2019052701005928,OHL,51,11,115,665.00,"76,475.00"
2019-05-27,2019052701005980,PFL,22,38,700,137.00,"95,900.00"
2019-05-27,2019052701005979,PFL,39,38,307,137.00,"42,059.00"
2019-05-27,2019052701005978,PFL,42,38,118,137.00,"16,166.00"
2019-05-27,2019052701005758,PFL,42,20,26,137.00,"3,562.00"
2019-05-27,2019052701005739,PIC,42,39,261,"1,183.00","308,763.00"
2019-05-27,2019052701005738,PIC,34,39,89,"1,183.00","105,287.00"
2019-05-27,2019052701006002,PLIC,53,48,150,457.00,"68,550.00"
2019-05-27,2019052701005959,PLIC,39,48,100,459.00,"45,900.00"
2019-05-27,2019052701005958,PLIC,58,48,200,459.00,"91,800.00"
2019-05-27,2019052701006112,PMHPL,56,19,10,111.00,"1,110.00"
2019-05-27,2019052701006097,PMHPL,56,19,10,111.00,"1,110.00"
2019-05-27,2019052701006095,PMHPL,22,56,10,112.00,"1,120.00"
2019-05-27,2019052701006083,PMHPL,22,19,10,112.00,"1,120.00"
2019-05-27,2019052701005922,PMHPL,22,14,10,112.00,"1,120.00"
2019-05-27,2019052701005906,PMHPL,22,21,10,112.00,"1,120.00"
2019-05-27,2019052701005789,PMHPL,22,20,10,112.00,"1,120.00"
2019-05-27,2019052701005727,PMHPL,22,34,200,112.00,"22,400.00"
2019-05-27,2019052701005684,PRIN,45,25,53,405.00,"21,465.00"
2019-05-27,2019052701005683,PRIN,35,25,200,405.00,"81,000.00"
2019-05-27,2019052701005682,PRIN,40,25,500,406.00,"203,000.00"
2019-05-27,2019052701005681,PRIN,37,25,200,406.00,"81,200.00"
2019-05-27,2019052701005680,PRIN,43,25,30,407.00,"12,210.00"
2019-05-27,2019052701005679,PRIN,45,25,50,407.00,"20,350.00"
2019-05-27,2019052701005678,PRIN,6,25,33,408.00,"13,464.00"
2019-05-27,2019052701006110,PRVU,21,37,10,277.00,"2,770.00"
2019-05-27,2019052701006109,PRVU,57,21,110,276.00,"30,360.00"
2019-05-27,2019052701006050,PRVU,35,37,200,277.00,"55,400.00"
2019-05-27,2019052701006029,PRVU,57,10,390,276.00,"107,640.00"
2019-05-27,2019052701006028,PRVU,41,10,100,276.00,"27,600.00"
2019-05-27,2019052701006027,PRVU,25,10,196,276.00,"54,096.00"
2019-05-27,2019052701005770,PRVU,26,35,95,276.00,"26,220.00"
2019-05-27,2019052701005736,PRVU,26,7,405,276.00,"111,780.00"
2019-05-27,2019052701005735,PRVU,49,7,"2,083",276.00,"574,908.00"
2019-05-27,2019052701005885,PRVU,25,8,100,276.00,"27,600.00"
2019-05-27,2019052701005847,PRVU,42,16,100,277.00,"27,700.00"
2019-05-27,2019052701005846,PRVU,42,34,"1,000",277.00,"277,000.00"
2019-05-27,2019052701005845,PRVU,42,34,"3,788",277.00,"1,049,276.00"
2019-05-27,2019052701005802,PRVU,41,34,108,277.00,"29,916.00"
2019-05-27,2019052701005771,PRVU,25,35,704,276.00,"194,304.00"
2019-05-27,2019052701005988,PRVU,5,37,50,277.00,"13,850.00"
2019-05-27,2019052701005987,PRVU,5,6,50,277.00,"13,850.00"
2019-05-27,2019052701006059,RBCL,59,57,10,"10,850.00","108,500.00"
2019-05-27,2019052701006001,RBCL,59,34,10,"10,850.00","108,500.00"
2019-05-27,2019052701005635,RBCL,16,38,50,"10,900.00","545,000.00"
2019-05-27,2019052701005634,RBCL,47,38,10,"10,901.00","109,010.00"
2019-05-27,2019052701005633,RBCL,59,38,50,"10,902.00","545,100.00"
2019-05-27,2019052701005834,RBCLPO,59,6,20,"9,960.00","199,200.00"
2019-05-27,2019052701005833,RBCLPO,59,6,10,"9,963.00","99,630.00"
2019-05-27,2019052701005832,RBCLPO,59,6,10,"9,972.00","99,720.00"
2019-05-27,2019052701005831,RBCLPO,33,6,10,"9,975.00","99,750.00"
2019-05-27,2019052701005745,RLFL,1,39,250,119.00,"29,750.00"
2019-05-27,2019052701005694,RLFL,1,39,50,120.00,"6,000.00"
2019-05-27,2019052701005660,RLFL,1,35,50,120.00,"6,000.00"
2019-05-27,2019052701005823,RMDC,6,56,400,660.00,"264,000.00"
2019-05-27,2019052701005961,RRHP,47,14,10,94.00,940.00
2019-05-27,2019052701005939,RRHP,47,14,10,94.00,940.00
2019-05-27,2019052701005857,RSDC,40,4,21,382.00,"8,022.00"
2019-05-27,2019052701005856,RSDC,58,4,12,385.00,"4,620.00"
2019-05-27,2019052701005876,SADBL,17,13,94,151.00,"14,194.00"
2019-05-27,2019052701005720,SADBL,17,21,26,151.00,"3,926.00"
2019-05-27,2019052701005878,SANIMA,14,50,100,354.00,"35,400.00"
2019-05-27,2019052701005769,SANIMA,14,8,467,354.00,"165,318.00"
2019-05-27,2019052701005768,SANIMA,14,8,33,354.00,"11,682.00"
2019-05-27,2019052701005630,SANIMA,14,17,800,354.00,"283,200.00"
2019-05-27,2019052701005781,SBI,48,13,200,473.00,"94,600.00"
2019-05-27,2019052701005780,SBI,48,39,297,473.00,"140,481.00"
2019-05-27,2019052701005971,SBL,6,52,640,335.00,"214,400.00"
2019-05-27,2019052701005970,SBL,4,52,200,335.00,"67,000.00"
2019-05-27,2019052701005969,SBL,35,52,10,335.00,"3,350.00"
2019-05-27,2019052701005968,SBL,35,52,150,335.00,"50,250.00"
2019-05-27,2019052701005881,SCB,29,50,205,677.00,"138,785.00"
2019-05-27,2019052701005880,SCB,1,50,35,677.00,"23,695.00"
2019-05-27,2019052701005879,SCB,16,50,60,678.00,"40,680.00"
2019-05-27,2019052701005632,SCB,1,14,20,677.00,"13,540.00"
2019-05-27,2019052701005795,SDESI,33,7,400,602.00,"240,800.00"
2019-05-27,2019052701005648,SDESI,33,14,23,602.00,"13,846.00"
2019-05-27,2019052701006040,SHIVM,42,38,25,585.00,"14,625.00"
2019-05-27,2019052701006039,SHIVM,42,38,500,585.00,"292,500.00"
2019-05-27,2019052701006038,SHIVM,42,50,50,585.00,"29,250.00"
2019-05-27,2019052701006037,SHIVM,42,18,50,585.00,"29,250.00"
2019-05-27,2019052701006036,SHIVM,42,39,50,585.00,"29,250.00"
2019-05-27,2019052701006035,SHIVM,42,50,50,585.00,"29,250.00"
2019-05-27,2019052701005729,SHIVM,39,42,50,580.00,"29,000.00"
2019-05-27,2019052701005704,SHIVM,57,53,200,581.00,"116,200.00"
2019-05-27,2019052701005703,SHIVM,57,58,100,580.00,"58,000.00"
2019-05-27,2019052701005842,SHIVM,28,45,100,580.00,"58,000.00"
2019-05-27,2019052701005841,SHIVM,28,47,200,580.00,"116,000.00"
2019-05-27,2019052701005840,SHIVM,28,44,50,580.00,"29,000.00"
2019-05-27,2019052701005839,SHIVM,28,52,50,580.00,"29,000.00"
2019-05-27,2019052701005838,SHIVM,28,34,100,580.00,"58,000.00"
2019-05-27,2019052701005801,SHIVM,52,34,200,580.00,"116,000.00"
2019-05-27,2019052701005908,SHIVM,59,58,200,582.00,"116,400.00"
2019-05-27,2019052701005882,SHIVM,39,58,60,581.00,"34,860.00"
2019-05-27,2019052701005861,SHIVM,29,58,50,581.00,"29,050.00"
2019-05-27,2019052701005858,SHIVM,45,14,50,580.00,"29,000.00"
2019-05-27,2019052701006034,SHIVM,42,17,30,585.00,"17,550.00"
2019-05-27,2019052701006033,SHIVM,42,25,30,584.00,"17,520.00"
2019-05-27,2019052701006032,SHIVM,42,13,100,584.00,"58,400.00"
2019-05-27,2019052701006031,SHIVM,42,35,50,583.00,"29,150.00"
2019-05-27,2019052701006030,SHIVM,42,29,60,583.00,"34,980.00"
2019-05-27,2019052701005911,SHIVM,50,34,10,580.00,"5,800.00"
2019-05-27,2019052701006105,SHPC,51,39,10,270.00,"2,700.00"
2019-05-27,2019052701005967,SHPC,32,41,100,273.00,"27,300.00"
2019-05-27,2019052701005829,SIC,35,45,11,"1,413.00","15,543.00"
2019-05-27,2019052701005631,SIC,35,6,19,"1,413.00","26,847.00"
2019-05-27,2019052701005975,SLBSL,45,32,200,576.00,"115,200.00"
2019-05-27,2019052701005974,SLBSL,45,50,100,575.00,"57,500.00"
2019-05-27,2019052701005973,SLBSL,45,4,10,574.00,"5,740.00"
2019-05-27,2019052701005950,SLICL,49,16,120,587.00,"70,440.00"
2019-05-27,2019052701005916,SLICL,49,5,80,587.00,"46,960.00"
2019-05-27,2019052701006088,SRBL,54,8,639,253.00,"161,667.00"
2019-05-27,2019052701006087,SRBL,44,8,200,253.00,"50,600.00"
2019-05-27,2019052701006086,SRBL,49,8,161,253.00,"40,733.00"
2019-05-27,2019052701006066,SRBL,49,8,339,253.00,"85,767.00"
2019-05-27,2019052701006065,SRBL,57,8,586,253.00,"148,258.00"
2019-05-27,2019052701006064,SRBL,28,8,75,254.00,"19,050.00"
2019-05-27,2019052701005766,SRBL,35,6,50,253.00,"12,650.00"
2019-05-27,2019052701005765,SRBL,48,6,54,253.00,"13,662.00"
2019-05-27,2019052701005687,SRBL,48,43,46,253.00,"11,638.00"
2019-05-27,2019052701005686,SRBL,33,43,400,253.00,"101,200.00"
2019-05-27,2019052701005645,SRBL,33,43,100,253.00,"25,300.00"
2019-05-27,2019052701005644,SRBL,6,43,900,253.00,"227,700.00"
2019-05-27,2019052701005873,SRBL,42,8,800,255.00,"204,000.00"
2019-05-27,2019052701005872,SRBL,42,48,50,255.00,"12,750.00"
2019-05-27,2019052701005871,SRBL,42,28,"1,282",255.00,"326,910.00"
2019-05-27,2019052701005783,SRBL,28,22,275,254.00,"69,850.00"
2019-05-27,2019052701005782,SRBL,28,48,150,254.00,"38,100.00"
2019-05-27,2019052701005767,SRBL,57,6,414,253.00,"104,742.00"
2019-05-27,2019052701005925,SWBBL,26,51,28,905.00,"25,340.00"
2019-05-27,2019052701005948,UIC,17,1,50,991.00,"49,550.00"
2019-05-27,2019052701005854,UIC,17,52,310,991.00,"307,210.00"
2019-05-27,2019052701005915,UPCL,57,21,50,94.00,"4,700.00"
2019-05-27,2019052701005869,UPCL,14,14,50,95.00,"4,750.00"
2019-05-27,2019052701005707,UPCL,59,36,65,96.00,"6,240.00"
2019-05-27,2019052701005706,UPCL,59,10,75,96.00,"7,200.00"
2019-05-27,2019052701005705,UPCL,59,54,60,96.00,"5,760.00"
2019-05-27,2019052701006113,UPPER,45,48,40,276.00,"11,040.00"
2019-05-27,2019052701006096,UPPER,45,34,50,276.00,"13,800.00"
2019-05-27,2019052701005942,UPPER,39,34,260,277.00,"72,020.00"
2019-05-27,2019052701005941,UPPER,39,52,40,276.00,"11,040.00"
2019-05-27,2019052701005927,UPPER,21,21,34,275.00,"9,350.00"
2019-05-27,2019052701005926,UPPER,33,21,16,275.00,"4,400.00"
2019-05-27,2019052701005828,UPPER,45,39,34,275.00,"9,350.00"
2019-05-27,2019052701005827,UPPER,52,39,40,275.00,"11,000.00"
2019-05-27,2019052701005826,UPPER,57,39,219,275.00,"60,225.00"
2019-05-27,2019052701005658,UPPER,47,34,260,277.00,"72,020.00"
2019-05-27,2019052701005657,UPPER,47,54,40,277.00,"11,080.00"
2019-05-27,2019052701005868,UPPER,33,16,84,275.00,"23,100.00"
2019-05-27,2019052701005867,UPPER,11,16,300,275.00,"82,500.00"
2019-05-27,2019052701005866,UPPER,5,16,150,275.00,"41,250.00"
2019-05-27,2019052701005865,UPPER,5,16,50,275.00,"13,750.00"
2019-05-27,2019052701005864,UPPER,45,16,416,275.00,"114,400.00"
2019-05-27,2019052701005835,UPPER,45,41,50,275.00,"13,750.00"
2019-05-27,2019052701005863,VLBS,49,42,10,546.00,"5,460.00"
2019-05-27,2019052701005862,VLBS,47,42,10,546.00,"5,460.00"
2019-05-27,2019052701005608,ADBL,13,42,200,420.00,"84,000.00"
2019-05-27,2019052701005607,ADBL,39,42,500,420.00,"210,000.00"
2019-05-27,2019052701005606,ADBL,54,42,133,420.00,"55,860.00"
2019-05-27,2019052701005605,ADBL,25,42,"2,000",420.00,"840,000.00"
2019-05-27,2019052701005604,ADBL,28,42,"1,000",420.00,"420,000.00"
2019-05-27,2019052701005603,ADBL,39,42,100,420.00,"42,000.00"
2019-05-27,2019052701005466,ADBL,45,42,100,422.00,"42,200.00"
2019-05-27,2019052701005465,ADBL,49,42,646,422.00,"272,612.00"
2019-05-27,2019052701005403,ADBL,59,56,50,423.00,"21,150.00"
2019-05-27,2019052701005294,ADBL,40,6,350,423.00,"148,050.00"
2019-05-27,2019052701005293,ADBL,6,6,67,423.00,"28,341.00"
2019-05-27,2019052701005545,ADBL,57,45,400,421.00,"168,400.00"
2019-05-27,2019052701005544,ADBL,57,45,40,421.00,"16,840.00"
2019-05-27,2019052701005470,ADBL,46,42,200,422.00,"84,400.00"
2019-05-27,2019052701005469,ADBL,33,42,75,422.00,"31,650.00"
2019-05-27,2019052701005468,ADBL,39,42,50,422.00,"21,100.00"
2019-05-27,2019052701005467,ADBL,38,42,100,422.00,"42,200.00"
2019-05-27,2019052701005602,ADBL,49,42,70,420.00,"29,400.00"
2019-05-27,2019052701005601,ADBL,57,42,300,420.00,"126,000.00"
2019-05-27,2019052701005600,ADBL,39,42,50,420.00,"21,000.00"
2019-05-27,2019052701005599,ADBL,42,42,158,420.00,"66,360.00"
2019-05-27,2019052701005598,ADBL,25,42,440,421.00,"185,240.00"
2019-05-27,2019052701005546,ADBL,25,45,560,421.00,"235,760.00"
2019-05-27,2019052701005549,AHPC,41,25,29,111.00,"3,219.00"
2019-05-27,2019052701005220,AKJCL,29,4,10,78.00,780.00
2019-05-27,2019052701005388,ALBSL,32,14,10,440.00,"4,400.00"
2019-05-27,2019052701005426,AMFI,36,35,20,539.00,"10,780.00"
2019-05-27,2019052701005390,AMFI,5,19,20,549.00,"10,980.00"
2019-05-27,2019052701005278,AMFI,16,14,10,550.00,"5,500.00"
2019-05-27,2019052701005208,AMFI,5,16,10,549.00,"5,490.00"
2019-05-27,2019052701005616,API,42,41,98,153.00,"14,994.00"
2019-05-27,2019052701005615,API,38,41,302,153.00,"46,206.00"
2019-05-27,2019052701005405,API,38,56,20,153.00,"3,060.00"
2019-05-27,2019052701005381,API,41,5,50,154.00,"7,700.00"
2019-05-27,2019052701005501,BFC,11,25,19,103.00,"1,957.00"
2019-05-27,2019052701005526,BOKL,50,16,50,272.00,"13,600.00"
2019-05-27,2019052701005524,BOKL,50,25,121,272.00,"32,912.00"
2019-05-27,2019052701005523,BOKL,26,25,179,272.00,"48,688.00"
2019-05-27,2019052701005191,BOKL,26,6,21,272.00,"5,712.00"
2019-05-27,2019052701005190,BOKL,38,6,43,272.00,"11,696.00"
2019-05-27,2019052701005499,BPCL,25,1,155,423.00,"65,565.00"
2019-05-27,2019052701005498,BPCL,34,1,40,424.00,"16,960.00"
2019-05-27,2019052701005379,BPCL,25,4,12,423.00,"5,076.00"
2019-05-27,2019052701005330,BPCL,39,49,3,425.00,"1,275.00"
2019-05-27,2019052701005329,BPCL,16,49,22,425.00,"9,350.00"
2019-05-27,2019052701005319,BPCL,42,49,20,425.00,"8,500.00"
2019-05-27,2019052701005126,BPCL,42,37,22,425.00,"9,350.00"
2019-05-27,2019052701005307,BPCL,37,49,230,425.00,"97,750.00"
2019-05-27,2019052701005259,BPCL,25,16,22,423.00,"9,306.00"
2019-05-27,2019052701005196,BPCL,57,1,200,424.00,"84,800.00"
2019-05-27,2019052701005139,BPCL,43,49,100,425.00,"42,500.00"
2019-05-27,2019052701005138,BPCL,47,49,100,425.00,"42,500.00"
2019-05-27,2019052701005137,BPCL,42,49,25,425.00,"10,625.00"
2019-05-27,2019052701005322,CBL,22,45,199,147.00,"29,253.00"
2019-05-27,2019052701005321,CBL,22,1,401,147.00,"58,947.00"
2019-05-27,2019052701005235,CBL,13,1,200,147.00,"29,400.00"
2019-05-27,2019052701005234,CBL,39,1,189,147.00,"27,783.00"
2019-05-27,2019052701005142,CBL,39,16,11,147.00,"1,617.00"
2019-05-27,2019052701005140,CBL,39,16,22,147.00,"3,234.00"
2019-05-27,2019052701005404,CCBL,6,14,65,166.00,"10,790.00"
2019-05-27,2019052701005372,CCBL,6,10,28,166.00,"4,648.00"
2019-05-27,2019052701005371,CCBL,56,10,49,167.00,"8,183.00"
2019-05-27,2019052701005370,CCBL,57,10,23,167.00,"3,841.00"
2019-05-27,2019052701005569,CHCL,50,16,38,532.00,"20,216.00"
2019-05-27,2019052701005431,CHCL,50,25,19,532.00,"10,108.00"
2019-05-27,2019052701005175,CHCL,50,6,44,532.00,"23,408.00"
2019-05-27,2019052701005389,CHL,58,4,34,101.00,"3,434.00"
2019-05-27,2019052701005357,CHLBS,7,33,10,452.00,"4,520.00"
2019-05-27,2019052701005353,CHLBS,7,33,10,452.00,"4,520.00"
2019-05-27,2019052701005198,CIT,41,57,60,"2,600.00","156,000.00"
2019-05-27,2019052701005197,CIT,41,34,30,"2,600.00","78,000.00"
2019-05-27,2019052701005136,CIT,42,34,170,"2,600.00","442,000.00"
2019-05-27,2019052701005485,CZBIL,50,25,210,225.00,"47,250.00"
2019-05-27,2019052701005484,CZBIL,37,25,90,225.00,"20,250.00"
2019-05-27,2019052701005449,CZBIL,37,6,910,225.00,"204,750.00"
2019-05-27,2019052701005448,CZBIL,51,6,100,225.00,"22,500.00"
2019-05-27,2019052701005447,CZBIL,26,6,300,225.00,"67,500.00"
2019-05-27,2019052701005446,CZBIL,1,6,100,225.00,"22,500.00"
2019-05-27,2019052701005445,CZBIL,1,6,90,225.00,"20,250.00"
2019-05-27,2019052701005385,CZBIL,48,14,500,226.00,"113,000.00"
2019-05-27,2019052701005384,CZBIL,44,14,450,226.00,"101,700.00"
2019-05-27,2019052701005177,CZBIL,25,50,10,227.00,"2,270.00"
2019-05-27,2019052701005256,DBBL,42,1,500,148.00,"74,000.00"
2019-05-27,2019052701005255,DBBL,42,57,"2,183",148.00,"323,084.00"
2019-05-27,2019052701005254,DBBL,42,48,140,148.00,"20,720.00"
2019-05-27,2019052701005155,DBBL,28,18,284,147.00,"41,748.00"
2019-05-27,2019052701005409,DHPL,42,28,489,70.00,"34,230.00"
2019-05-27,2019052701005408,DHPL,42,19,11,70.00,770.00
2019-05-27,2019052701005588,EBL,42,16,10,661.00,"6,610.00"
2019-05-27,2019052701005430,EBL,42,22,50,661.00,"33,050.00"
2019-05-27,2019052701005125,EBL,58,49,10,664.00,"6,640.00"
2019-05-27,2019052701005587,EDBL,57,6,310,301.00,"93,310.00"
2019-05-27,2019052701005376,EIC,21,32,"1,000",421.00,"421,000.00"
2019-05-27,2019052701005570,FOWAD,35,19,50,"1,512.00","75,600.00"
2019-05-27,2019052701005617,GBBL,34,16,40,223.00,"8,920.00"
2019-05-27,2019052701005614,GBIME,55,28,132,305.00,"40,260.00"
2019-05-27,2019052701005432,GBIME,55,42,30,305.00,"9,150.00"
2019-05-27,2019052701005413,GBIME,55,14,79,305.00,"24,095.00"
2019-05-27,2019052701005378,GBIME,55,57,391,305.00,"119,255.00"
2019-05-27,2019052701005358,GBIME,55,22,359,305.00,"109,495.00"
2019-05-27,2019052701005317,GBIME,55,17,475,305.00,"144,875.00"
2019-05-27,2019052701005240,GBIME,41,57,49,306.00,"14,994.00"
2019-05-27,2019052701005146,GBIME,58,57,10,307.00,"3,070.00"
2019-05-27,2019052701005119,GBIME,41,45,251,306.00,"76,806.00"
2019-05-27,2019052701005508,GBLBS,19,13,200,377.00,"75,400.00"
2019-05-27,2019052701005419,GBLBS,33,51,30,378.00,"11,340.00"
2019-05-27,2019052701005173,GIMES1,40,42,"3,900",8.17,"31,863.00"
2019-05-27,2019052701005172,GIMES1,39,42,"1,100",8.18,"8,998.00"
2019-05-27,2019052701005306,HDL,10,58,50,"1,730.00","86,500.00"
2019-05-27,2019052701005512,HGI,41,29,100,386.00,"38,600.00"
2019-05-27,2019052701005511,HGI,41,19,50,386.00,"19,300.00"
2019-05-27,2019052701005510,HGI,41,51,51,386.00,"19,686.00"
2019-05-27,2019052701005509,HGI,41,39,40,385.00,"15,400.00"
2019-05-27,2019052701005349,HGI,6,39,10,385.00,"3,850.00"
2019-05-27,2019052701005348,HGI,6,36,90,385.00,"34,650.00"
2019-05-27,2019052701005550,HIDCL,1,21,11,164.00,"1,804.00"
2019-05-27,2019052701005440,HIDCL,1,14,12,164.00,"1,968.00"
2019-05-27,2019052701005439,HIDCL,1,14,25,164.00,"4,100.00"
2019-05-27,2019052701005438,HIDCL,6,14,24,164.00,"3,936.00"
2019-05-27,2019052701005189,HIDCL,58,52,10,165.00,"1,650.00"
2019-05-27,2019052701005478,HPPL,14,42,10,184.00,"1,840.00"
2019-05-27,2019052701005402,HPPL,14,1,10,184.00,"1,840.00"
2019-05-27,2019052701005399,HPPL,14,4,10,184.00,"1,840.00"
2019-05-27,2019052701005609,HURJA,52,39,20,129.00,"2,580.00"
2019-05-27,2019052701005585,HURJA,52,39,20,129.00,"2,580.00"
2019-05-27,2019052701005552,HURJA,52,39,20,129.00,"2,580.00"
2019-05-27,2019052701005537,HURJA,52,39,20,129.00,"2,580.00"
2019-05-27,2019052701005507,HURJA,52,39,20,129.00,"2,580.00"
2019-05-27,2019052701005500,HURJA,52,39,20,129.00,"2,580.00"
2019-05-27,2019052701005218,HURJA,59,42,80,131.00,"10,480.00"
2019-05-27,2019052701005217,HURJA,59,51,20,131.00,"2,620.00"
2019-05-27,2019052701005171,HURJA,59,40,80,130.00,"10,400.00"
2019-05-27,2019052701005131,HURJA,52,42,20,129.00,"2,580.00"
2019-05-27,2019052701005128,HURJA,52,35,20,129.00,"2,580.00"
2019-05-27,2019052701005359,HURJA,59,39,20,130.00,"2,600.00"
2019-05-27,2019052701005324,HURJA,59,19,20,130.00,"2,600.00"
2019-05-27,2019052701005318,HURJA,59,19,20,130.00,"2,600.00"
2019-05-27,2019052701005251,HURJA,59,50,20,130.00,"2,600.00"
2019-05-27,2019052701005239,HURJA,59,4,20,130.00,"2,600.00"
2019-05-27,2019052701005398,HURJA,59,39,20,130.00,"2,600.00"
2019-05-27,2019052701005387,HURJA,52,39,20,129.00,"2,580.00"
2019-05-27,2019052701005382,HURJA,52,39,20,129.00,"2,580.00"
2019-05-27,2019052701005373,HURJA,52,39,20,129.00,"2,580.00"
2019-05-27,2019052701005361,HURJA,19,39,20,130.00,"2,600.00"
2019-05-27,2019052701005360,HURJA,59,39,820,130.00,"106,600.00"
2019-05-27,2019052701005483,HURJA,59,39,958,130.00,"124,540.00"
2019-05-27,2019052701005441,HURJA,59,39,20,130.00,"2,600.00"
2019-05-27,2019052701005429,HURJA,59,39,20,130.00,"2,600.00"
2019-05-27,2019052701005415,HURJA,59,39,20,130.00,"2,600.00"
2019-05-27,2019052701005407,HURJA,59,39,20,130.00,"2,600.00"
2019-05-27,2019052701005406,HURJA,59,4,20,130.00,"2,600.00"
2019-05-27,2019052701005362,IGI,39,17,10,409.00,"4,090.00"
2019-05-27,2019052701005124,JBBL,38,16,36,150.00,"5,400.00"
2019-05-27,2019052701005363,JBNL,44,49,100,210.00,"21,000.00"
2019-05-27,2019052701005355,JBNL,38,49,32,211.00,"6,752.00"
2019-05-27,2019052701005277,JBNL,38,28,93,211.00,"19,623.00"
2019-05-27,2019052701005250,JBNL,38,28,185,211.00,"39,035.00"
2019-05-27,2019052701005238,JBNL,38,28,50,211.00,"10,550.00"
2019-05-27,2019052701005236,JBNL,38,28,80,211.00,"16,880.00"
2019-05-27,2019052701005159,JBNL,38,48,165,211.00,"34,815.00"
2019-05-27,2019052701005158,JBNL,38,16,50,210.00,"10,500.00"
2019-05-27,2019052701005145,JBNL,38,48,235,211.00,"49,585.00"
2019-05-27,2019052701005133,JBNL,38,48,52,211.00,"10,972.00"
2019-05-27,2019052701005132,JBNL,38,45,108,211.00,"22,788.00"
2019-05-27,2019052701005183,JBNL,38,22,300,211.00,"63,300.00"
2019-05-27,2019052701005179,JBNL,38,35,200,211.00,"42,200.00"
2019-05-27,2019052701005178,JBNL,36,5,50,210.00,"10,500.00"
2019-05-27,2019052701005169,JBNL,38,35,155,211.00,"32,705.00"
2019-05-27,2019052701005163,JBNL,38,35,67,211.00,"14,137.00"
2019-05-27,2019052701005162,JBNL,38,48,48,211.00,"10,128.00"
2019-05-27,2019052701005219,JBNL,38,28,110,211.00,"23,210.00"
2019-05-27,2019052701005216,JBNL,38,28,160,211.00,"33,760.00"
2019-05-27,2019052701005202,JBNL,38,28,322,211.00,"67,942.00"
2019-05-27,2019052701005201,JBNL,38,35,88,211.00,"18,568.00"
2019-05-27,2019052701005193,JBNL,38,35,190,211.00,"40,090.00"
2019-05-27,2019052701005184,JBNL,38,35,700,211.00,"147,700.00"
2019-05-27,2019052701005152,JFL,58,34,10,180.00,"1,800.00"
2019-05-27,2019052701005410,KBL,46,55,"2,879",217.00,"624,743.00"
2019-05-27,2019052701005297,KBL,55,55,100,217.00,"21,700.00"
2019-05-27,2019052701005285,KBL,55,49,400,217.00,"86,800.00"
2019-05-27,2019052701005249,KBL,43,6,100,217.00,"21,700.00"
2019-05-27,2019052701005248,KBL,50,6,100,217.00,"21,700.00"
2019-05-27,2019052701005247,KBL,52,6,"1,000",217.00,"217,000.00"
2019-05-27,2019052701005246,KBL,38,6,100,217.00,"21,700.00"
2019-05-27,2019052701005245,KBL,49,6,346,217.00,"75,082.00"
2019-05-27,2019052701005481,KNBL,42,38,"1,000",151.00,"151,000.00"
2019-05-27,2019052701005480,KNBL,42,59,300,151.00,"45,300.00"
2019-05-27,2019052701005479,KNBL,42,40,109,149.00,"16,241.00"
2019-05-27,2019052701005271,KNBL,42,40,891,149.00,"132,759.00"
2019-05-27,2019052701005181,KNBL,42,55,109,149.00,"16,241.00"
2019-05-27,2019052701005450,KPCL,11,14,10,93.00,930.00
2019-05-27,2019052701005253,KPCL,11,4,10,93.00,930.00
2019-05-27,2019052701005589,KRBL,45,57,100,114.00,"11,400.00"
2019-05-27,2019052701005583,KRBL,45,4,"1,000",116.00,"116,000.00"
2019-05-27,2019052701005582,KRBL,45,25,500,116.00,"58,000.00"
2019-05-27,2019052701005581,KRBL,45,57,"1,000",116.00,"116,000.00"
2019-05-27,2019052701005580,KRBL,45,19,43,116.00,"4,988.00"
2019-05-27,2019052701005579,KRBL,45,49,200,116.00,"23,200.00"
2019-05-27,2019052701005290,KRBL,42,37,"1,000",112.00,"112,000.00"
2019-05-27,2019052701005289,KRBL,42,26,880,110.00,"96,800.00"
2019-05-27,2019052701005192,KRBL,25,26,20,110.00,"2,200.00"
2019-05-27,2019052701005291,KRBL,42,57,"1,000",112.00,"112,000.00"
2019-05-27,2019052701005572,KRBL,45,34,100,115.00,"11,500.00"
2019-05-27,2019052701005542,KRBL,45,16,350,114.00,"39,900.00"
2019-05-27,2019052701005541,KRBL,45,47,628,114.00,"71,592.00"
2019-05-27,2019052701005540,KRBL,45,34,129,114.00,"14,706.00"
2019-05-27,2019052701005539,KRBL,45,26,"1,228",113.00,"138,764.00"
2019-05-27,2019052701005538,KRBL,45,58,355,113.00,"40,115.00"
2019-05-27,2019052701005578,KRBL,45,37,100,116.00,"11,600.00"
2019-05-27,2019052701005577,KRBL,45,52,500,116.00,"58,000.00"
2019-05-27,2019052701005576,KRBL,45,43,"1,885",115.00,"216,775.00"
2019-05-27,2019052701005575,KRBL,45,43,100,115.00,"11,500.00"
2019-05-27,2019052701005574,KRBL,45,50,200,115.00,"23,000.00"
2019-05-27,2019052701005573,KRBL,45,37,100,115.00,"11,500.00"
2019-05-27,2019052701005221,KSBBL,58,57,203,159.00,"32,277.00"
2019-05-27,2019052701005530,LGIL,51,25,70,500.00,"35,000.00"
2019-05-27,2019052701005529,LGIL,34,25,200,500.00,"100,000.00"
2019-05-27,2019052701005528,LGIL,42,25,100,500.00,"50,000.00"
2019-05-27,2019052701005527,LGIL,42,25,100,500.00,"50,000.00"
2019-05-27,2019052701005493,LGIL,40,25,250,501.00,"125,250.00"
2019-05-27,2019052701005492,LGIL,43,25,305,501.00,"152,805.00"
2019-05-27,2019052701005380,LICN,28,7,150,"1,905.00","285,750.00"
2019-05-27,2019052701005328,LICN,28,28,250,"1,908.00","477,000.00"
2019-05-27,2019052701005323,LICN,28,28,250,"1,908.00","477,000.00"
2019-05-27,2019052701005257,LICN,28,37,74,"1,905.00","140,970.00"
2019-05-27,2019052701005237,LICN,58,26,10,"1,901.00","19,010.00"
2019-05-27,2019052701005164,LICN,37,37,50,"1,905.00","95,250.00"
2019-05-27,2019052701005618,LVF1,28,26,"5,000",10.22,"51,100.00"
2019-05-27,2019052701005412,MBL,56,8,10,270.00,"2,700.00"
2019-05-27,2019052701005593,MEGA,33,1,"1,000",195.00,"195,000.00"
2019-05-27,2019052701005461,MEGA,45,14,100,194.00,"19,400.00"
2019-05-27,2019052701005418,MEGA,45,49,50,194.00,"9,700.00"
2019-05-27,2019052701005343,MEGA,22,1,66,195.00,"12,870.00"
2019-05-27,2019052701005342,MEGA,22,45,34,195.00,"6,630.00"
2019-05-27,2019052701005153,MEGA,45,16,50,194.00,"9,700.00"
2019-05-27,2019052701005396,MERO,11,4,16,601.00,"9,616.00"
2019-05-27,2019052701005301,MHNL,6,21,10,105.00,"1,050.00"
2019-05-27,2019052701005300,MHNL,6,25,30,104.00,"3,120.00"
2019-05-27,2019052701005299,MHNL,6,45,40,104.00,"4,160.00"
2019-05-27,2019052701005298,MHNL,6,16,20,103.00,"2,060.00"
2019-05-27,2019052701005188,MHNL,52,16,20,103.00,"2,060.00"
2019-05-27,2019052701005477,MLBBL,43,14,17,461.00,"7,837.00"
2019-05-27,2019052701005476,MLBBL,42,14,10,462.00,"4,620.00"
2019-05-27,2019052701005494,MLBL,1,14,43,198.00,"8,514.00"
2019-05-27,2019052701005148,MLBL,1,34,10,199.00,"1,990.00"
2019-05-27,2019052701005452,MNBBL,28,25,308,375.00,"115,500.00"
2019-05-27,2019052701005451,MNBBL,35,25,42,375.00,"15,750.00"
2019-05-27,2019052701005296,MNBBL,35,4,54,375.00,"20,250.00"
2019-05-27,2019052701005160,MNBBL,35,16,50,375.00,"18,750.00"
2019-05-27,2019052701005568,NABILP,55,44,483,805.00,"388,815.00"
2019-05-27,2019052701005567,NABILP,17,44,12,805.00,"9,660.00"
2019-05-27,2019052701005566,NABILP,25,44,500,806.00,"403,000.00"
2019-05-27,2019052701005565,NABILP,26,44,30,807.00,"24,210.00"
2019-05-27,2019052701005161,NABILP,45,42,"1,000",807.00,"807,000.00"
2019-05-27,2019052701005350,NADEP,28,1,10,444.00,"4,440.00"
2019-05-27,2019052701005522,NBB,28,45,91,224.00,"20,384.00"
2019-05-27,2019052701005521,NBB,11,45,100,224.00,"22,400.00"
2019-05-27,2019052701005520,NBB,53,45,50,224.00,"11,200.00"
2019-05-27,2019052701005519,NBB,53,45,359,224.00,"80,416.00"
2019-05-27,2019052701005464,NBB,53,50,50,224.00,"11,200.00"
2019-05-27,2019052701005594,NBL,14,28,100,336.00,"33,600.00"
2019-05-27,2019052701005284,NBL,36,33,100,335.00,"33,500.00"
2019-05-27,2019052701005252,NBL,33,56,"1,210",336.00,"406,560.00"
2019-05-27,2019052701005134,NBL,32,56,290,336.00,"97,440.00"
2019-05-27,2019052701005123,NBL,32,56,710,336.00,"238,560.00"
2019-05-27,2019052701005122,NBL,56,56,40,336.00,"13,440.00"
2019-05-27,2019052701005121,NBL,47,56,100,336.00,"33,600.00"
2019-05-27,2019052701005120,NBL,29,56,150,336.00,"50,400.00"
2019-05-27,2019052701005417,NCCB,51,38,58,259.00,"15,022.00"
2019-05-27,2019052701005416,NCCB,53,38,442,259.00,"114,478.00"
2019-05-27,2019052701005354,NCCB,53,54,27,259.00,"6,993.00"
2019-05-27,2019052701005340,NCCB,34,33,150,260.00,"39,000.00"
2019-05-27,2019052701005535,NGPL,48,14,11,121.00,"1,331.00"
2019-05-27,2019052701005564,NIB,49,14,19,534.00,"10,146.00"
2019-05-27,2019052701005563,NIB,49,14,20,534.00,"10,680.00"
2019-05-27,2019052701005176,NIB,6,37,131,533.00,"69,823.00"
2019-05-27,2019052701005135,NIB,58,21,10,534.00,"5,340.00"
2019-05-27,2019052701005496,NIBPO,38,57,600,512.00,"307,200.00"
2019-05-27,2019052701005495,NIBPO,38,19,200,511.00,"102,200.00"
2019-05-27,2019052701005336,NIBPO,38,57,409,512.00,"209,408.00"
2019-05-27,2019052701005335,NIBPO,38,19,300,510.00,"153,000.00"
2019-05-27,2019052701005310,NIBPO,6,6,19,505.00,"9,595.00"
2019-05-27,2019052701005309,NIBPO,17,6,11,506.00,"5,566.00"
2019-05-27,2019052701005474,NICA,32,10,420,479.00,"201,180.00"
2019-05-27,2019052701005437,NICA,34,10,80,479.00,"38,320.00"
2019-05-27,2019052701005427,NICA,53,42,30,478.00,"14,340.00"
2019-05-27,2019052701005352,NICA,22,10,100,479.00,"47,900.00"
2019-05-27,2019052701005394,NIL,6,7,200,515.00,"103,000.00"
2019-05-27,2019052701005393,NIL,17,7,80,515.00,"41,200.00"
2019-05-27,2019052701005392,NIL,49,7,455,515.00,"234,325.00"
2019-05-27,2019052701005391,NIL,17,7,100,516.00,"51,600.00"
2019-05-27,2019052701005333,NIL,57,43,50,517.00,"25,850.00"
2019-05-27,2019052701005462,NLIC,8,33,200,927.00,"185,400.00"
2019-05-27,2019052701005401,NLIC,8,51,189,927.00,"175,203.00"
2019-05-27,2019052701005400,NLIC,8,37,17,927.00,"15,759.00"
2019-05-27,2019052701005366,NLIC,45,51,11,927.00,"10,197.00"
2019-05-27,2019052701005331,NLIC,36,57,100,927.00,"92,700.00"
2019-05-27,2019052701005166,NLIC,28,50,50,927.00,"46,350.00"
2019-05-27,2019052701005144,NLIC,5,16,174,926.00,"161,124.00"
2019-05-27,2019052701005127,NLIC,38,16,72,926.00,"66,672.00"
2019-05-27,2019052701005215,NLICL,54,38,36,656.00,"23,616.00"
2019-05-27,2019052701005214,NLICL,41,38,272,657.00,"178,704.00"
2019-05-27,2019052701005213,NLICL,6,38,100,658.00,"65,800.00"
2019-05-27,2019052701005212,NLICL,6,38,67,658.00,"44,086.00"
2019-05-27,2019052701005586,NMBMF,40,14,35,"1,127.00","39,445.00"
2019-05-27,2019052701005383,NMFBS,33,49,10,"1,580.00","15,800.00"
2019-05-27,2019052701005533,NNLB,19,16,450,400.00,"180,000.00"
2019-05-27,2019052701005532,NNLB,45,16,50,401.00,"20,050.00"
2019-05-27,2019052701005531,NNLB,17,16,50,401.00,"20,050.00"
2019-05-27,2019052701005281,NNLB,17,29,50,401.00,"20,050.00"
2019-05-27,2019052701005280,NNLB,26,29,50,402.00,"20,100.00"
2019-05-27,2019052701005397,NTC,22,43,200,728.00,"145,600.00"
2019-05-27,2019052701005308,NUBL,4,50,14,860.00,"12,040.00"
2019-05-27,2019052701005475,PCBL,26,14,100,310.00,"31,000.00"
2019-05-27,2019052701005460,PCBL,38,14,50,310.00,"15,500.00"
2019-05-27,2019052701005459,PCBL,55,14,500,310.00,"155,000.00"
2019-05-27,2019052701005458,PCBL,46,14,300,310.00,"93,000.00"
2019-05-27,2019052701005457,PCBL,38,14,50,310.00,"15,500.00"
2019-05-27,2019052701005456,PCBL,46,14,300,310.00,"93,000.00"
2019-05-27,2019052701005186,PCBL,44,14,86,310.00,"26,660.00"
2019-05-27,2019052701005185,PCBL,17,14,164,310.00,"50,840.00"
2019-05-27,2019052701005455,PCBL,39,14,"1,000",310.00,"310,000.00"
2019-05-27,2019052701005454,PCBL,48,14,360,310.00,"111,600.00"
2019-05-27,2019052701005334,PCBL,45,58,500,311.00,"155,500.00"
2019-05-27,2019052701005295,PCBL,59,58,100,311.00,"31,100.00"
2019-05-27,2019052701005200,PCBL,48,37,140,310.00,"43,400.00"
2019-05-27,2019052701005199,PCBL,44,37,114,310.00,"35,340.00"
2019-05-27,2019052701005597,PIC,34,14,11,"1,183.00","13,013.00"
2019-05-27,2019052701005571,PIC,6,51,102,"1,186.00","120,972.00"
2019-05-27,2019052701005543,PIC,7,49,100,"1,184.00","118,400.00"
2019-05-27,2019052701005515,PIC,53,51,220,"1,186.00","260,920.00"
2019-05-27,2019052701005514,PIC,42,51,50,"1,187.00","59,350.00"
2019-05-27,2019052701005513,PIC,41,51,28,"1,190.00","33,320.00"
2019-05-27,2019052701005315,PICL,58,57,30,712.00,"21,360.00"
2019-05-27,2019052701005518,PLIC,37,48,300,458.00,"137,400.00"
2019-05-27,2019052701005517,PLIC,57,48,200,458.00,"91,600.00"
2019-05-27,2019052701005516,PLIC,42,48,50,458.00,"22,900.00"
2019-05-27,2019052701005506,PLIC,1,16,5,454.00,"2,270.00"
2019-05-27,2019052701005491,PLIC,42,13,50,458.00,"22,900.00"
2019-05-27,2019052701005490,PLIC,54,13,50,458.00,"22,900.00"
2019-05-27,2019052701005339,PLIC,35,16,500,458.00,"229,000.00"
2019-05-27,2019052701005338,PLIC,29,16,100,459.00,"45,900.00"
2019-05-27,2019052701005337,PLIC,1,16,16,459.00,"7,344.00"
2019-05-27,2019052701005489,PLIC,6,13,50,458.00,"22,900.00"
2019-05-27,2019052701005488,PLIC,46,13,100,458.00,"45,800.00"
2019-05-27,2019052701005487,PLIC,59,13,200,459.00,"91,800.00"
2019-05-27,2019052701005411,PLIC,16,7,100,463.00,"46,300.00"
2019-05-27,2019052701005356,PMHPL,22,59,10,112.00,"1,120.00"
2019-05-27,2019052701005395,PRIN,32,19,50,410.00,"20,500.00"
2019-05-27,2019052701005596,PRVU,49,50,917,276.00,"253,092.00"
2019-05-27,2019052701005595,PRVU,58,50,83,276.00,"22,908.00"
2019-05-27,2019052701005584,PRVU,58,28,162,276.00,"44,712.00"
2019-05-27,2019052701005502,PRVU,58,49,"1,000",276.00,"276,000.00"
2019-05-27,2019052701005347,PRVU,58,25,555,276.00,"153,180.00"
2019-05-27,2019052701005346,PRVU,8,25,100,276.00,"27,600.00"
2019-05-27,2019052701005143,PRVU,5,45,80,276.00,"22,080.00"
2019-05-27,2019052701005345,PRVU,21,25,"1,000",276.00,"276,000.00"
2019-05-27,2019052701005344,PRVU,25,25,345,276.00,"95,220.00"
2019-05-27,2019052701005276,PRVU,5,34,104,277.00,"28,808.00"
2019-05-27,2019052701005275,PRVU,5,16,896,277.00,"248,192.00"
2019-05-27,2019052701005270,PRVU,25,55,455,276.00,"125,580.00"
2019-05-27,2019052701005211,PRVU,25,37,200,276.00,"55,200.00"
2019-05-27,2019052701005414,RADHI,17,4,11,163.00,"1,793.00"
2019-05-27,2019052701005375,RBCLPO,49,49,20,"9,980.00","199,600.00"
2019-05-27,2019052701005365,RBCLPO,26,34,10,"10,001.00","100,010.00"
2019-05-27,2019052701005364,RBCLPO,26,17,100,"10,000.00","1,000,000.00"
2019-05-27,2019052701005428,RHPC,33,4,14,95.00,"1,330.00"
2019-05-27,2019052701005151,RHPC,33,4,18,95.00,"1,710.00"
2019-05-27,2019052701005150,RHPC,33,1,18,95.00,"1,710.00"
2019-05-27,2019052701005149,RHPC,33,21,12,95.00,"1,140.00"
2019-05-27,2019052701005613,RMDC,49,14,60,657.00,"39,420.00"
2019-05-27,2019052701005612,RMDC,53,14,50,657.00,"32,850.00"
2019-05-27,2019052701005283,RMDC,47,19,188,658.00,"123,704.00"
2019-05-27,2019052701005282,RMDC,47,19,202,659.00,"133,118.00"
2019-05-27,2019052701005207,RMDC,47,35,50,659.00,"32,950.00"
2019-05-27,2019052701005165,RMDC,49,56,243,660.00,"160,380.00"
2019-05-27,2019052701005147,RMDC,49,58,200,660.00,"132,000.00"
2019-05-27,2019052701005141,RMDC,49,6,57,660.00,"37,620.00"
2019-05-27,2019052701005486,RRHP,47,49,10,94.00,940.00
2019-05-27,2019052701005436,RRHP,47,4,10,94.00,940.00
2019-05-27,2019052701005182,RSDC,58,59,63,385.00,"24,255.00"
2019-05-27,2019052701005167,RSDC,22,14,1,385.00,385.00
2019-05-27,2019052701005548,SANIMA,14,45,167,354.00,"59,118.00"
2019-05-27,2019052701005547,SANIMA,45,45,53,354.00,"18,762.00"
2019-05-27,2019052701005534,SBI,22,39,200,473.00,"94,600.00"
2019-05-27,2019052701005473,SBI,59,39,100,473.00,"47,300.00"
2019-05-27,2019052701005472,SBI,40,39,200,473.00,"94,600.00"
2019-05-27,2019052701005471,SBI,50,39,20,473.00,"9,460.00"
2019-05-27,2019052701005463,SBI,50,46,100,473.00,"47,300.00"
2019-05-27,2019052701005443,SBI,50,58,20,474.00,"9,480.00"
2019-05-27,2019052701005326,SBI,50,55,30,473.00,"14,190.00"
2019-05-27,2019052701005386,SBL,35,21,603,335.00,"202,005.00"
2019-05-27,2019052701005327,SBL,35,21,33,335.00,"11,055.00"
2019-05-27,2019052701005244,SBL,35,44,400,335.00,"134,000.00"
2019-05-27,2019052701005243,SBL,29,44,50,335.00,"16,750.00"
2019-05-27,2019052701005242,SBL,10,44,200,335.00,"67,000.00"
2019-05-27,2019052701005241,SBL,6,44,450,335.00,"150,750.00"
2019-05-27,2019052701005288,SCB,16,16,20,678.00,"13,560.00"
2019-05-27,2019052701005611,SHIVM,50,46,25,578.00,"14,450.00"
2019-05-27,2019052701005610,SHIVM,16,46,50,578.00,"28,900.00"
2019-05-27,2019052701005592,SHIVM,45,46,500,579.00,"289,500.00"
2019-05-27,2019052701005591,SHIVM,5,46,200,579.00,"115,800.00"
2019-05-27,2019052701005590,SHIVM,14,46,25,580.00,"14,500.00"
2019-05-27,2019052701005562,SHIVM,14,44,475,580.00,"275,500.00"
2019-05-27,2019052701005130,SHIVM,21,46,500,585.00,"292,500.00"
2019-05-27,2019052701005129,SHIVM,21,46,475,586.00,"278,350.00"
2019-05-27,2019052701005272,SHIVM,45,38,100,584.00,"58,400.00"
2019-05-27,2019052701005203,SHIVM,26,59,50,585.00,"29,250.00"
2019-05-27,2019052701005187,SHIVM,45,46,25,584.00,"14,600.00"
2019-05-27,2019052701005180,SHIVM,45,33,100,584.00,"58,400.00"
2019-05-27,2019052701005174,SHIVM,57,33,400,584.00,"233,600.00"
2019-05-27,2019052701005170,SHIVM,57,34,50,584.00,"29,200.00"
2019-05-27,2019052701005420,SHIVM,42,34,10,584.00,"5,840.00"
2019-05-27,2019052701005313,SHIVM,42,46,50,583.00,"29,150.00"
2019-05-27,2019052701005312,SHIVM,53,46,100,583.00,"58,300.00"
2019-05-27,2019052701005311,SHIVM,42,46,50,583.00,"29,150.00"
2019-05-27,2019052701005292,SHIVM,34,32,50,586.00,"29,300.00"
2019-05-27,2019052701005279,SHIVM,45,32,25,586.00,"14,650.00"
2019-05-27,2019052701005503,SHIVM,22,8,402,582.00,"233,964.00"
2019-05-27,2019052701005425,SHIVM,22,34,598,582.00,"348,036.00"
2019-05-27,2019052701005424,SHIVM,45,34,"1,842",582.00,"1,072,044.00"
2019-05-27,2019052701005423,SHIVM,17,34,20,583.00,"11,660.00"
2019-05-27,2019052701005422,SHIVM,52,34,330,583.00,"192,390.00"
2019-05-27,2019052701005421,SHIVM,57,34,200,583.00,"116,600.00"
2019-05-27,2019052701005555,SHIVM,43,44,300,581.00,"174,300.00"
2019-05-27,2019052701005554,SHIVM,57,44,500,581.00,"290,500.00"
2019-05-27,2019052701005553,SHIVM,40,44,325,581.00,"188,825.00"
2019-05-27,2019052701005525,SHIVM,40,32,175,581.00,"101,675.00"
2019-05-27,2019052701005505,SHIVM,43,8,198,582.00,"115,236.00"
2019-05-27,2019052701005504,SHIVM,10,8,400,582.00,"232,800.00"
2019-05-27,2019052701005561,SHIVM,42,44,200,580.00,"116,000.00"
2019-05-27,2019052701005560,SHIVM,28,44,100,580.00,"58,000.00"
2019-05-27,2019052701005559,SHIVM,45,44,"2,000",580.00,"1,160,000.00"
2019-05-27,2019052701005558,SHIVM,19,44,200,580.00,"116,000.00"
2019-05-27,2019052701005557,SHIVM,48,44,200,580.00,"116,000.00"
2019-05-27,2019052701005556,SHIVM,28,44,300,581.00,"174,300.00"
2019-05-27,2019052701005351,SHPC,48,39,"1,500",271.00,"406,500.00"
2019-05-27,2019052701005374,SICL,47,43,15,859.00,"12,885.00"
2019-05-27,2019052701005274,SICL,6,38,98,855.00,"83,790.00"
2019-05-27,2019052701005273,SICL,42,38,26,855.00,"22,230.00"
2019-05-27,2019052701005269,SICL,42,16,74,855.00,"63,270.00"
2019-05-27,2019052701005262,SICL,57,16,50,857.00,"42,850.00"
2019-05-27,2019052701005261,SICL,37,16,20,857.00,"17,140.00"
2019-05-27,2019052701005260,SICL,11,16,30,858.00,"25,740.00"
2019-05-27,2019052701005268,SICL,35,16,20,855.00,"17,100.00"
2019-05-27,2019052701005267,SICL,59,16,25,856.00,"21,400.00"
2019-05-27,2019052701005266,SICL,40,16,500,856.00,"428,000.00"
2019-05-27,2019052701005265,SICL,18,16,50,856.00,"42,800.00"
2019-05-27,2019052701005264,SICL,19,16,60,856.00,"51,360.00"
2019-05-27,2019052701005263,SICL,41,16,100,857.00,"85,700.00"
2019-05-27,2019052701005435,SINDU,29,58,100,143.00,"14,300.00"
2019-05-27,2019052701005314,SLBBL,38,37,265,482.00,"127,730.00"
2019-05-27,2019052701005482,SLBS,36,53,100,834.00,"83,400.00"
2019-05-27,2019052701005286,SLBSL,16,14,10,573.00,"5,730.00"
2019-05-27,2019052701005222,SLBSL,18,16,10,565.00,"5,650.00"
2019-05-27,2019052701005551,SLICL,57,5,20,587.00,"11,740.00"
2019-05-27,2019052701005444,SLICL,29,45,30,585.00,"17,550.00"
2019-05-27,2019052701005442,SPDL,25,4,15,92.00,"1,380.00"
2019-05-27,2019052701005453,SRBL,18,48,200,254.00,"50,800.00"
2019-05-27,2019052701005303,SRBL,42,48,25,254.00,"6,350.00"
2019-05-27,2019052701005302,SRBL,17,48,20,254.00,"5,080.00"
2019-05-27,2019052701005369,UFL,40,28,100,181.00,"18,100.00"
2019-05-27,2019052701005368,UFL,42,28,"1,000",183.00,"183,000.00"
2019-05-27,2019052701005367,UFL,6,28,300,183.00,"54,900.00"
2019-05-27,2019052701005434,UIC,17,29,50,991.00,"49,550.00"
2019-05-27,2019052701005433,UIC,7,29,100,992.00,"99,200.00"
2019-05-27,2019052701005377,UIC,48,52,10,997.00,"9,970.00"
2019-05-27,2019052701005258,UIC,10,5,50,995.00,"49,750.00"
2019-05-27,2019052701005332,UPCL,14,16,196,95.00,"18,620.00"
2019-05-27,2019052701005305,UPCL,19,54,30,96.00,"2,880.00"
2019-05-27,2019052701005304,UPCL,19,22,20,96.00,"1,920.00"
2019-05-27,2019052701005287,UPCL,14,19,50,95.00,"4,750.00"
2019-05-27,2019052701005157,UPCL,58,54,10,96.00,960.00
2019-05-27,2019052701005536,UPPER,57,49,30,275.00,"8,250.00"
2019-05-27,2019052701005497,UPPER,57,42,50,275.00,"13,750.00"
2019-05-27,2019052701005341,UPPER,57,33,40,275.00,"11,000.00"
2019-05-27,2019052701005325,UPPER,42,44,20,278.00,"5,560.00"
2019-05-27,2019052701005154,UPPER,42,46,40,277.00,"11,080.00"
2019-05-27,2019052701005205,UPPER,25,22,100,276.00,"27,600.00"
2019-05-27,2019052701005204,UPPER,25,22,119,276.00,"32,844.00"
2019-05-27,2019052701005195,UPPER,29,32,50,277.00,"13,850.00"
2019-05-27,2019052701005194,UPPER,42,32,110,277.00,"30,470.00"
2019-05-27,2019052701005168,UPPER,42,59,50,277.00,"13,850.00"
2019-05-27,2019052701005156,UPPER,42,59,40,277.00,"11,080.00"
2019-05-27,2019052701005225,UPPER,21,56,19,276.00,"5,244.00"
2019-05-27,2019052701005224,UPPER,51,56,300,277.00,"83,100.00"
2019-05-27,2019052701005223,UPPER,26,56,50,277.00,"13,850.00"
2019-05-27,2019052701005210,UPPER,26,32,50,277.00,"13,850.00"
2019-05-27,2019052701005209,UPPER,26,32,200,277.00,"55,400.00"
2019-05-27,2019052701005206,UPPER,21,22,81,276.00,"22,356.00"
2019-05-27,2019052701005231,UPPER,43,56,300,275.00,"82,500.00"
2019-05-27,2019052701005230,UPPER,57,56,500,275.00,"137,500.00"
2019-05-27,2019052701005229,UPPER,39,56,50,275.00,"13,750.00"
2019-05-27,2019052701005228,UPPER,28,56,200,275.00,"55,000.00"
2019-05-27,2019052701005227,UPPER,44,56,320,275.00,"88,000.00"
2019-05-27,2019052701005226,UPPER,25,56,"1,000",276.00,"276,000.00"
2019-05-27,2019052701005320,UPPER,16,28,50,278.00,"13,900.00"
2019-05-27,2019052701005316,UPPER,6,16,50,277.00,"13,850.00"
2019-05-27,2019052701005233,UPPER,57,56,161,275.00,"44,275.00"
2019-05-27,2019052701005232,UPPER,56,56,100,275.00,"27,500.00"
2019-05-27,2019052701005015,ADBL,49,4,100,424.00,"42,400.00"
2019-05-27,2019052701004732,ADBL,49,19,100,424.00,"42,400.00"
2019-05-27,2019052701004983,AKJCL,29,26,20,79.00,"1,580.00"
2019-05-27,2019052701004982,AKJCL,29,21,20,79.00,"1,580.00"
2019-05-27,2019052701004981,AKJCL,29,35,10,79.00,790.00
2019-05-27,2019052701004980,AKJCL,29,21,20,79.00,"1,580.00"
2019-05-27,2019052701004979,AKJCL,29,21,10,79.00,790.00
2019-05-27,2019052701004766,ALBSL,22,22,10,440.00,"4,400.00"
2019-05-27,2019052701004826,ALICL,57,32,60,423.00,"25,380.00"
2019-05-27,2019052701004911,BFC,11,58,60,104.00,"6,240.00"
2019-05-27,2019052701005107,BOKL,59,34,100,274.00,"27,400.00"
2019-05-27,2019052701004868,BOKL,50,21,238,273.00,"64,974.00"
2019-05-27,2019052701004867,BOKL,50,57,302,273.00,"82,446.00"
2019-05-27,2019052701005025,BPCL,52,49,28,426.00,"11,928.00"
2019-05-27,2019052701005024,BPCL,52,42,22,426.00,"9,372.00"
2019-05-27,2019052701004710,BPCL,42,11,20,425.00,"8,500.00"
2019-05-27,2019052701004662,BPCL,42,49,22,425.00,"9,350.00"
2019-05-27,2019052701004858,CBBL,49,57,400,950.00,"380,000.00"
2019-05-27,2019052701004857,CBBL,38,57,500,950.00,"475,000.00"
2019-05-27,2019052701004856,CBBL,49,57,207,950.00,"196,650.00"
2019-05-27,2019052701004784,CBBL,49,58,54,950.00,"51,300.00"
2019-05-27,2019052701004783,CBBL,47,58,105,951.00,"99,855.00"
2019-05-27,2019052701004782,CBBL,39,58,50,952.00,"47,600.00"
2019-05-27,2019052701004781,CBBL,4,58,50,953.00,"47,650.00"
2019-05-27,2019052701004780,CBBL,4,58,41,954.00,"39,114.00"
2019-05-27,2019052701005018,CBL,39,45,23,147.00,"3,381.00"
2019-05-27,2019052701004887,CBL,39,36,55,147.00,"8,085.00"
2019-05-27,2019052701004838,CBL,42,45,23,146.00,"3,358.00"
2019-05-27,2019052701004755,CBL,42,36,45,147.00,"6,615.00"
2019-05-27,2019052701004733,CBL,57,36,100,147.00,"14,700.00"
2019-05-27,2019052701004641,CBL,34,36,500,147.00,"73,500.00"
2019-05-27,2019052701004640,CBL,34,22,500,147.00,"73,500.00"
2019-05-27,2019052701005101,CCBL,57,16,50,167.00,"8,350.00"
2019-05-27,2019052701004901,CCBL,57,44,227,167.00,"37,909.00"
2019-05-27,2019052701004817,CCBL,33,55,295,167.00,"49,265.00"
2019-05-27,2019052701004741,CCBL,43,55,18,167.00,"3,006.00"
2019-05-27,2019052701004740,CCBL,43,7,32,167.00,"5,344.00"
2019-05-27,2019052701004664,CCBL,6,49,117,166.00,"19,422.00"
2019-05-27,2019052701004643,CCBL,6,57,150,166.00,"24,900.00"
2019-05-27,2019052701005035,CEFL,57,26,200,100.00,"20,000.00"
2019-05-27,2019052701005034,CEFL,6,26,20,101.00,"2,020.00"
2019-05-27,2019052701005028,CHCL,50,34,600,532.00,"319,200.00"
2019-05-27,2019052701005027,CHCL,35,34,100,533.00,"53,300.00"
2019-05-27,2019052701004642,CHCL,16,59,303,535.00,"162,105.00"
2019-05-27,2019052701005110,CHL,58,39,70,102.00,"7,140.00"
2019-05-27,2019052701005096,CHL,39,45,10,104.00,"1,040.00"
2019-05-27,2019052701004968,CHL,58,17,10,102.00,"1,020.00"
2019-05-27,2019052701004899,CHL,58,35,10,102.00,"1,020.00"
2019-05-27,2019052701005046,CIT,42,28,30,"2,600.00","78,000.00"
2019-05-27,2019052701005045,CIT,45,28,14,"2,601.00","36,414.00"
2019-05-27,2019052701004937,CIT,45,51,10,"2,601.00","26,010.00"
2019-05-27,2019052701004898,CIT,45,1,50,"2,601.00","130,050.00"
2019-05-27,2019052701004889,CIT,45,44,26,"2,601.00","67,626.00"
2019-05-27,2019052701004888,CIT,11,44,100,"2,601.00","260,100.00"
2019-05-27,2019052701004811,CIT,22,59,30,"2,602.00","78,060.00"
2019-05-27,2019052701005076,CORBL,39,45,100,118.00,"11,800.00"
2019-05-27,2019052701005011,CORBL,3,19,50,116.00,"5,800.00"
2019-05-27,2019052701004723,CORBL,3,32,69,116.00,"8,004.00"
2019-05-27,2019052701004722,CORBL,29,32,200,116.00,"23,200.00"
2019-05-27,2019052701004721,CORBL,25,32,200,116.00,"23,200.00"
2019-05-27,2019052701004720,CORBL,58,32,300,116.00,"34,800.00"
2019-05-27,2019052701004719,CORBL,38,32,21,117.00,"2,457.00"
2019-05-27,2019052701004718,CORBL,45,32,100,117.00,"11,700.00"
2019-05-27,2019052701004717,CORBL,39,32,10,117.00,"1,170.00"
2019-05-27,2019052701004716,CORBL,21,32,100,118.00,"11,800.00"
2019-05-27,2019052701004914,CZBIL,44,17,10,226.00,"2,260.00"
2019-05-27,2019052701004703,CZBIL,22,38,100,227.00,"22,700.00"
2019-05-27,2019052701004800,DBBL,28,28,60,147.00,"8,820.00"
2019-05-27,2019052701004799,DBBL,53,28,50,147.00,"7,350.00"
2019-05-27,2019052701004920,DHPL,57,58,21,69.00,"1,449.00"
2019-05-27,2019052701004946,EBL,28,14,100,663.00,"66,300.00"
2019-05-27,2019052701004890,EBL,42,55,183,661.00,"120,963.00"
2019-05-27,2019052701004918,EIC,6,57,40,425.00,"17,000.00"
2019-05-27,2019052701005102,FMDBL,11,19,100,401.00,"40,100.00"
2019-05-27,2019052701004885,FMDBL,11,55,20,401.00,"8,020.00"
2019-05-27,2019052701004650,FMDBL,57,48,200,400.00,"80,000.00"
2019-05-27,2019052701004649,FMDBL,42,48,200,400.00,"80,000.00"
2019-05-27,2019052701004648,FMDBL,51,48,240,400.00,"96,000.00"
2019-05-27,2019052701004647,FMDBL,34,48,"1,000",401.00,"401,000.00"
2019-05-27,2019052701004625,FMDBL,34,48,250,402.00,"100,500.00"
2019-05-27,2019052701004624,FMDBL,56,48,50,403.00,"20,150.00"
2019-05-27,2019052701004943,FOWAD,33,1,23,"1,512.00","34,776.00"
2019-05-27,2019052701004801,GBBL,47,26,100,226.00,"22,600.00"
2019-05-27,2019052701004707,GBBL,58,19,500,224.00,"112,000.00"
2019-05-27,2019052701004636,GBBL,13,1,450,226.00,"101,700.00"
2019-05-27,2019052701005118,GBIME,45,45,100,306.00,"30,600.00"
2019-05-27,2019052701005117,GBIME,29,45,200,306.00,"61,200.00"
2019-05-27,2019052701005116,GBIME,51,45,300,306.00,"91,800.00"
2019-05-27,2019052701005115,GBIME,43,45,340,306.00,"104,040.00"
2019-05-27,2019052701005114,GBIME,13,45,609,306.00,"186,354.00"
2019-05-27,2019052701004802,GBIME,13,16,60,306.00,"18,360.00"
2019-05-27,2019052701004788,GBIME,13,16,60,306.00,"18,360.00"
2019-05-27,2019052701004705,GBIME,43,57,50,307.00,"15,350.00"
2019-05-27,2019052701004949,GBLBS,33,5,50,378.00,"18,900.00"
2019-05-27,2019052701004792,GBLBS,33,22,143,380.00,"54,340.00"
2019-05-27,2019052701004791,GBLBS,33,52,160,380.00,"60,800.00"
2019-05-27,2019052701004633,GBLBS,33,58,420,378.00,"158,760.00"
2019-05-27,2019052701004807,GDBL,47,59,26,212.00,"5,512.00"
2019-05-27,2019052701004774,GFCL,6,14,30,124.00,"3,720.00"
2019-05-27,2019052701005062,GHL,29,42,30,90.00,"2,700.00"
2019-05-27,2019052701005006,GILB,58,57,14,"1,382.00","19,348.00"
2019-05-27,2019052701004637,GILB,38,57,50,"1,361.00","68,050.00"
2019-05-27,2019052701005039,GLICL,57,25,10,555.00,"5,550.00"
2019-05-27,2019052701005038,GLICL,51,25,50,555.00,"27,750.00"
2019-05-27,2019052701005037,GLICL,25,25,500,555.00,"277,500.00"
2019-05-27,2019052701004936,GLICL,57,51,10,556.00,"5,560.00"
2019-05-27,2019052701004935,GLICL,57,51,50,556.00,"27,800.00"
2019-05-27,2019052701005058,GMFIL,42,26,387,125.00,"48,375.00"
2019-05-27,2019052701005057,GMFIL,17,26,100,126.00,"12,600.00"
2019-05-27,2019052701004865,HDL,53,7,100,"1,742.00","174,200.00"
2019-05-27,2019052701004864,HDL,53,32,50,"1,741.00","87,050.00"
2019-05-27,2019052701004816,HDL,45,32,50,"1,741.00","87,050.00"
2019-05-27,2019052701004815,HDL,45,40,200,"1,740.00","348,000.00"
2019-05-27,2019052701004743,HDL,44,34,20,"1,738.00","34,760.00"
2019-05-27,2019052701004742,HDL,44,5,10,"1,735.00","17,350.00"
2019-05-27,2019052701004846,HGI,6,45,60,384.00,"23,040.00"
2019-05-27,2019052701004808,HGI,56,36,10,385.00,"3,850.00"
2019-05-27,2019052701004663,HGI,6,50,40,383.00,"15,320.00"
