Date,Transact. No.,Symbol,Buyer,Seller,Quantity,Rate,Amount
2019-07-30,2019073001005130,ADBL,40,18,100,429.00,"42,900.00"
2019-07-30,2019073001005102,ADBL,40,16,"1,900",429.00,"815,100.00"
2019-07-30,2019073001005040,ADBL,25,49,"1,054",431.00,"454,274.00"
2019-07-30,2019073001005039,ADBL,25,25,100,431.00,"43,100.00"
2019-07-30,2019073001005038,ADBL,25,17,70,431.00,"30,170.00"
2019-07-30,2019073001005037,ADBL,25,17,290,431.00,"124,990.00"
2019-07-30,2019073001004673,ADBL,40,6,32,429.00,"13,728.00"
2019-07-30,2019073001004804,ADBL,40,14,103,430.00,"44,290.00"
2019-07-30,2019073001004803,ADBL,40,14,185,430.00,"79,550.00"
2019-07-30,2019073001004802,ADBL,40,41,50,430.00,"21,500.00"
2019-07-30,2019073001004801,ADBL,40,39,127,430.00,"54,610.00"
2019-07-30,2019073001004778,ADBL,14,39,373,430.00,"160,390.00"
2019-07-30,2019073001004777,ADBL,14,37,227,430.00,"97,610.00"
2019-07-30,2019073001004810,ADBL,40,39,"1,000",430.00,"430,000.00"
2019-07-30,2019073001004809,ADBL,40,25,100,430.00,"43,000.00"
2019-07-30,2019073001004808,ADBL,40,4,"1,000",430.00,"430,000.00"
2019-07-30,2019073001004807,ADBL,40,49,200,430.00,"86,000.00"
2019-07-30,2019073001004806,ADBL,40,57,53,430.00,"22,790.00"
2019-07-30,2019073001004805,ADBL,40,42,168,430.00,"72,240.00"
2019-07-30,2019073001005036,ADBL,25,49,200,430.00,"86,000.00"
2019-07-30,2019073001005035,ADBL,25,45,286,430.00,"122,980.00"
2019-07-30,2019073001005022,ADBL,40,53,300,429.00,"128,700.00"
2019-07-30,2019073001005016,ADBL,16,45,100,430.00,"43,000.00"
2019-07-30,2019073001004865,ADBL,45,45,100,430.00,"43,000.00"
2019-07-30,2019073001004827,ADBL,40,45,14,430.00,"6,020.00"
2019-07-30,2019073001004921,AHPC,52,26,20,106.00,"2,120.00"
2019-07-30,2019073001005111,AKJCL,25,17,10,72.00,720.00
2019-07-30,2019073001004732,AKPL,10,36,43,171.00,"7,353.00"
2019-07-30,2019073001004703,AKPL,36,57,"1,700",169.00,"287,300.00"
2019-07-30,2019073001004692,AKPL,54,57,50,170.00,"8,500.00"
2019-07-30,2019073001004691,AKPL,49,57,250,170.00,"42,500.00"
2019-07-30,2019073001004987,ALBSL,44,25,95,433.00,"41,135.00"
2019-07-30,2019073001004915,ALBSL,5,17,100,438.00,"43,800.00"
2019-07-30,2019073001004748,ALBSL,41,36,10,432.00,"4,320.00"
2019-07-30,2019073001004740,ALBSL,41,32,80,432.00,"34,560.00"
2019-07-30,2019073001004739,ALBSL,25,32,20,432.00,"8,640.00"
2019-07-30,2019073001004715,ALBSL,48,36,10,434.00,"4,340.00"
2019-07-30,2019073001004698,ALBSL,48,53,200,437.00,"87,400.00"
2019-07-30,2019073001004654,ALICL,19,28,"1,136",368.00,"418,048.00"
2019-07-30,2019073001004796,API,25,59,11,139.00,"1,529.00"
2019-07-30,2019073001004773,API,25,56,600,138.00,"82,800.00"
2019-07-30,2019073001004711,API,34,56,332,136.00,"45,152.00"
2019-07-30,2019073001004710,API,25,56,100,136.00,"13,600.00"
2019-07-30,2019073001004709,API,25,56,300,136.00,"40,800.00"
2019-07-30,2019073001004708,API,14,56,40,136.00,"5,440.00"
2019-07-30,2019073001004707,API,10,56,45,136.00,"6,120.00"
2019-07-30,2019073001004706,API,43,56,100,136.00,"13,600.00"
2019-07-30,2019073001004705,API,41,56,83,136.00,"11,288.00"
2019-07-30,2019073001005104,BOKL,47,41,360,268.00,"96,480.00"
2019-07-30,2019073001005103,BOKL,47,11,56,268.00,"15,008.00"
2019-07-30,2019073001005097,BOKL,47,11,144,268.00,"38,592.00"
2019-07-30,2019073001005096,BOKL,47,45,356,268.00,"95,408.00"
2019-07-30,2019073001005048,BOKL,47,45,500,268.00,"134,000.00"
2019-07-30,2019073001004983,BOKL,45,45,12,268.00,"3,216.00"
2019-07-30,2019073001004982,BOKL,45,26,38,268.00,"10,184.00"
2019-07-30,2019073001004938,BPCL,33,38,10,406.00,"4,060.00"
2019-07-30,2019073001005028,CBBL,28,57,39,980.00,"38,220.00"
2019-07-30,2019073001005027,CBBL,5,57,100,980.00,"98,000.00"
2019-07-30,2019073001005026,CBBL,22,57,100,981.00,"98,100.00"
2019-07-30,2019073001005025,CBBL,47,57,100,981.00,"98,100.00"
2019-07-30,2019073001004845,CBBL,26,47,50,984.00,"49,200.00"
2019-07-30,2019073001005136,CBL,43,51,10,155.00,"1,550.00"
2019-07-30,2019073001005092,CBL,45,45,500,154.00,"77,000.00"
2019-07-30,2019073001005023,CBL,45,51,50,155.00,"7,750.00"
2019-07-30,2019073001004927,CBL,43,51,10,155.00,"1,550.00"
2019-07-30,2019073001004869,CBL,45,43,910,154.00,"140,140.00"
2019-07-30,2019073001005110,CCBL,50,37,46,170.00,"7,820.00"
2019-07-30,2019073001005081,CCBL,50,58,954,170.00,"162,180.00"
2019-07-30,2019073001005080,CCBL,29,58,400,170.00,"68,000.00"
2019-07-30,2019073001005079,CCBL,52,58,500,170.00,"85,000.00"
2019-07-30,2019073001005078,CCBL,48,58,400,170.00,"68,000.00"
2019-07-30,2019073001005077,CCBL,51,58,200,170.00,"34,000.00"
2019-07-30,2019073001004958,CCBL,35,58,50,170.00,"8,500.00"
2019-07-30,2019073001004957,CCBL,32,58,"1,000",170.00,"170,000.00"
2019-07-30,2019073001004956,CCBL,42,58,300,170.00,"51,000.00"
2019-07-30,2019073001004955,CCBL,8,58,"1,000",170.00,"170,000.00"
2019-07-30,2019073001004954,CCBL,43,58,90,170.00,"15,300.00"
2019-07-30,2019073001004935,CCBL,32,48,"1,000",171.00,"171,000.00"
2019-07-30,2019073001005070,CCBL,13,58,400,170.00,"68,000.00"
2019-07-30,2019073001005069,CCBL,13,58,851,170.00,"144,670.00"
2019-07-30,2019073001005001,CCBL,45,58,50,171.00,"8,550.00"
2019-07-30,2019073001004961,CCBL,13,58,149,170.00,"25,330.00"
2019-07-30,2019073001004960,CCBL,32,58,"1,000",170.00,"170,000.00"
2019-07-30,2019073001004959,CCBL,38,58,400,170.00,"68,000.00"
2019-07-30,2019073001005076,CCBL,32,58,500,170.00,"85,000.00"
2019-07-30,2019073001005075,CCBL,51,58,"1,000",170.00,"170,000.00"
2019-07-30,2019073001005074,CCBL,32,58,500,170.00,"85,000.00"
2019-07-30,2019073001005073,CCBL,17,58,100,170.00,"17,000.00"
2019-07-30,2019073001005072,CCBL,34,58,20,170.00,"3,400.00"
2019-07-30,2019073001005071,CCBL,57,58,125,170.00,"21,250.00"
2019-07-30,2019073001004906,CHCL,49,59,100,511.00,"51,100.00"
2019-07-30,2019073001004717,CHCL,6,35,327,510.00,"166,770.00"
2019-07-30,2019073001005064,CIT,57,32,38,"2,440.00","92,720.00"
2019-07-30,2019073001005050,CIT,57,32,38,"2,440.00","92,720.00"
2019-07-30,2019073001005015,CIT,57,54,20,"2,440.00","48,800.00"
2019-07-30,2019073001005014,CIT,35,54,200,"2,442.00","488,400.00"
2019-07-30,2019073001005013,CIT,35,54,20,"2,443.00","48,860.00"
2019-07-30,2019073001005046,CORBL,56,13,10,124.00,"1,240.00"
2019-07-30,2019073001005058,CZBIL,45,41,200,227.00,"45,400.00"
2019-07-30,2019073001005041,CZBIL,45,41,30,227.00,"6,810.00"
2019-07-30,2019073001004985,DBBL,32,5,100,145.00,"14,500.00"
2019-07-30,2019073001004786,DBBL,49,36,500,144.00,"72,000.00"
2019-07-30,2019073001004776,DBBL,49,41,80,144.00,"11,520.00"
2019-07-30,2019073001005129,DDBL,28,48,120,745.00,"89,400.00"
2019-07-30,2019073001005128,DDBL,34,48,280,745.00,"208,600.00"
2019-07-30,2019073001005142,EIC,8,17,10,360.00,"3,600.00"
2019-07-30,2019073001005067,EIC,47,49,28,358.00,"10,024.00"
2019-07-30,2019073001005066,EIC,35,49,22,358.00,"7,876.00"
2019-07-30,2019073001004860,FOWAD,33,50,19,"1,382.00","26,258.00"
2019-07-30,2019073001004912,GBBL,41,14,100,226.00,"22,600.00"
2019-07-30,2019073001004836,GBBL,8,14,11,226.00,"2,486.00"
2019-07-30,2019073001004835,GBBL,45,14,100,226.00,"22,600.00"
2019-07-30,2019073001004916,GBLBS,38,36,10,357.00,"3,570.00"
2019-07-30,2019073001005004,GDBL,21,28,500,212.00,"106,000.00"
2019-07-30,2019073001005003,GDBL,14,28,305,212.00,"64,660.00"
2019-07-30,2019073001005112,GLBSL,32,19,40,448.00,"17,920.00"
2019-07-30,2019073001004989,GLBSL,39,33,40,445.00,"17,800.00"
2019-07-30,2019073001004988,GLBSL,39,42,250,445.00,"111,250.00"
2019-07-30,2019073001004984,GLBSL,39,42,200,445.00,"89,000.00"
2019-07-30,2019073001004704,GLBSL,7,49,10,440.00,"4,400.00"
2019-07-30,2019073001004675,GLBSL,39,33,50,444.00,"22,200.00"
2019-07-30,2019073001004674,GLBSL,39,6,145,444.00,"64,380.00"
2019-07-30,2019073001004849,GLICL,53,35,30,452.00,"13,560.00"
2019-07-30,2019073001004761,GLICL,53,46,100,452.00,"45,200.00"
2019-07-30,2019073001005127,GMFBS,58,26,30,554.00,"16,620.00"
2019-07-30,2019073001005085,GMFBS,52,26,20,565.00,"11,300.00"
2019-07-30,2019073001005045,GMFBS,10,1,100,570.00,"57,000.00"
2019-07-30,2019073001005044,GMFBS,10,56,100,570.00,"57,000.00"
2019-07-30,2019073001005043,GMFBS,10,47,30,569.00,"17,070.00"
2019-07-30,2019073001004834,GMFBS,33,14,100,559.00,"55,900.00"
2019-07-30,2019073001004772,GMFBS,52,42,10,552.00,"5,520.00"
2019-07-30,2019073001004730,GMFBS,48,36,10,546.00,"5,460.00"
2019-07-30,2019073001004716,GMFBS,33,38,190,551.00,"104,690.00"
2019-07-30,2019073001004701,GMFBS,22,38,10,551.00,"5,510.00"
2019-07-30,2019073001004833,GMFBS,33,21,10,555.00,"5,550.00"
2019-07-30,2019073001004832,GMFBS,33,1,100,554.00,"55,400.00"
2019-07-30,2019073001004831,GMFBS,33,1,190,554.00,"105,260.00"
2019-07-30,2019073001004830,GMFBS,33,25,10,553.00,"5,530.00"
2019-07-30,2019073001004829,GMFBS,33,17,10,552.00,"5,520.00"
2019-07-30,2019073001004828,GMFBS,33,42,370,552.00,"204,240.00"
2019-07-30,2019073001005131,HGI,36,38,100,340.00,"34,000.00"
2019-07-30,2019073001004844,HGI,34,38,100,340.00,"34,000.00"
2019-07-30,2019073001004843,HGI,5,38,50,340.00,"17,000.00"
2019-07-30,2019073001004842,HGI,55,38,550,340.00,"187,000.00"
2019-07-30,2019073001004702,HGI,55,29,250,340.00,"85,000.00"
2019-07-30,2019073001005024,HIDCL,51,59,10,158.00,"1,580.00"
2019-07-30,2019073001004997,IGI,13,35,40,341.00,"13,640.00"
2019-07-30,2019073001004996,IGI,19,35,30,342.00,"10,260.00"
2019-07-30,2019073001004995,IGI,19,35,400,342.00,"136,800.00"
2019-07-30,2019073001004994,IGI,48,35,30,342.00,"10,260.00"
2019-07-30,2019073001004825,IGI,37,17,50,345.00,"17,250.00"
2019-07-30,2019073001004824,IGI,17,17,100,346.00,"34,600.00"
2019-07-30,2019073001004823,IGI,41,17,30,346.00,"10,380.00"
2019-07-30,2019073001004822,IGI,26,17,30,346.00,"10,380.00"
2019-07-30,2019073001004993,IGI,32,35,100,343.00,"34,300.00"
2019-07-30,2019073001004992,IGI,41,35,100,343.00,"34,300.00"
2019-07-30,2019073001004991,IGI,14,35,30,344.00,"10,320.00"
2019-07-30,2019073001004826,IGI,8,17,100,345.00,"34,500.00"
2019-07-30,2019073001005133,ILBS,36,58,20,461.00,"9,220.00"
2019-07-30,2019073001005123,ILBS,7,6,200,466.00,"93,200.00"
2019-07-30,2019073001005091,ILBS,36,44,10,460.00,"4,600.00"
2019-07-30,2019073001005090,ILBS,10,6,500,466.00,"233,000.00"
2019-07-30,2019073001005089,ILBS,10,32,10,466.00,"4,660.00"
2019-07-30,2019073001005065,ILBS,7,38,71,465.00,"33,015.00"
2019-07-30,2019073001004668,ILBS,29,40,100,463.00,"46,300.00"
2019-07-30,2019073001004667,ILBS,29,36,50,462.00,"23,100.00"
2019-07-30,2019073001004666,ILBS,29,17,30,462.00,"13,860.00"
2019-07-30,2019073001004665,ILBS,29,21,40,461.00,"18,440.00"
2019-07-30,2019073001004664,ILBS,29,59,10,461.00,"4,610.00"
2019-07-30,2019073001004663,ILBS,29,39,10,461.00,"4,610.00"
2019-07-30,2019073001004774,ILBS,10,56,100,455.00,"45,500.00"
2019-07-30,2019073001004764,ILBS,35,45,50,456.00,"22,800.00"
2019-07-30,2019073001004763,ILBS,44,45,40,456.00,"18,240.00"
2019-07-30,2019073001004690,ILBS,21,59,190,463.00,"87,970.00"
2019-07-30,2019073001004684,ILBS,44,49,10,460.00,"4,600.00"
2019-07-30,2019073001004669,ILBS,29,59,10,463.00,"4,630.00"
2019-07-30,2019073001004855,ILBS,19,1,100,460.00,"46,000.00"
2019-07-30,2019073001004854,ILBS,19,38,10,459.00,"4,590.00"
2019-07-30,2019073001004853,ILBS,19,38,10,459.00,"4,590.00"
2019-07-30,2019073001004852,ILBS,19,38,10,459.00,"4,590.00"
2019-07-30,2019073001004851,ILBS,10,51,200,455.00,"91,000.00"
2019-07-30,2019073001004787,ILBS,10,33,200,455.00,"91,000.00"
2019-07-30,2019073001004919,ILBS,33,57,40,464.00,"18,560.00"
2019-07-30,2019073001004918,ILBS,33,16,10,463.00,"4,630.00"
2019-07-30,2019073001004873,ILBS,57,57,20,464.00,"9,280.00"
2019-07-30,2019073001004872,ILBS,57,51,60,463.00,"27,780.00"
2019-07-30,2019073001004871,ILBS,57,43,10,462.00,"4,620.00"
2019-07-30,2019073001004870,ILBS,57,38,10,461.00,"4,610.00"
2019-07-30,2019073001004971,ILBS,7,48,10,464.00,"4,640.00"
2019-07-30,2019073001004970,ILBS,7,29,10,464.00,"4,640.00"
2019-07-30,2019073001004969,ILBS,7,29,10,464.00,"4,640.00"
2019-07-30,2019073001004968,ILBS,7,57,60,464.00,"27,840.00"
2019-07-30,2019073001004939,ILBS,19,57,370,464.00,"171,680.00"
2019-07-30,2019073001004933,ILBS,36,57,10,464.00,"4,640.00"
2019-07-30,2019073001004977,ILBS,7,33,10,465.00,"4,650.00"
2019-07-30,2019073001004976,ILBS,7,34,42,465.00,"19,530.00"
2019-07-30,2019073001004975,ILBS,7,29,10,465.00,"4,650.00"
2019-07-30,2019073001004974,ILBS,7,6,37,465.00,"17,205.00"
2019-07-30,2019073001004973,ILBS,7,29,10,464.00,"4,640.00"
2019-07-30,2019073001004972,ILBS,7,29,10,464.00,"4,640.00"
2019-07-30,2019073001005047,ILBS,7,58,10,465.00,"4,650.00"
2019-07-30,2019073001005006,ILBS,7,58,10,465.00,"4,650.00"
2019-07-30,2019073001004986,ILBS,7,29,10,465.00,"4,650.00"
2019-07-30,2019073001004980,ILBS,7,29,10,465.00,"4,650.00"
2019-07-30,2019073001004979,ILBS,7,29,10,465.00,"4,650.00"
2019-07-30,2019073001004978,ILBS,7,44,10,465.00,"4,650.00"
2019-07-30,2019073001004750,JBBL,34,36,749,160.00,"119,840.00"
2019-07-30,2019073001004749,JBBL,58,36,151,160.00,"24,160.00"
2019-07-30,2019073001004718,JBBL,58,42,277,160.00,"44,320.00"
2019-07-30,2019073001004714,JBBL,58,11,572,160.00,"91,520.00"
2019-07-30,2019073001004713,JBBL,38,11,87,160.00,"13,920.00"
2019-07-30,2019073001004931,JSLBB,11,48,30,"1,030.00","30,900.00"
2019-07-30,2019073001004737,JSLBB,38,42,10,"1,020.00","10,200.00"
2019-07-30,2019073001005057,KBL,41,6,49,215.00,"10,535.00"
2019-07-30,2019073001004911,KBL,34,52,200,216.00,"43,200.00"
2019-07-30,2019073001004874,KBL,36,52,100,216.00,"21,600.00"
2019-07-30,2019073001004864,KBL,49,52,35,216.00,"7,560.00"
2019-07-30,2019073001004721,KBL,41,1,15,215.00,"3,225.00"
2019-07-30,2019073001004720,KBL,7,1,20,215.00,"4,300.00"
2019-07-30,2019073001004719,KBL,34,1,265,215.00,"56,975.00"
2019-07-30,2019073001004670,KBL,34,52,300,216.00,"64,800.00"
2019-07-30,2019073001004661,KBL,8,52,988,216.00,"213,408.00"
2019-07-30,2019073001004660,KBL,8,39,"1,012",216.00,"218,592.00"
2019-07-30,2019073001005101,KSBBL,29,42,"1,000",154.00,"154,000.00"
2019-07-30,2019073001004930,KSBBL,39,14,500,155.00,"77,500.00"
2019-07-30,2019073001004880,KSBBL,41,14,50,155.00,"7,750.00"
2019-07-30,2019073001005132,LBBL,32,47,100,206.00,"20,600.00"
2019-07-30,2019073001005056,LBBL,32,46,345,206.00,"71,070.00"
2019-07-30,2019073001005055,LBBL,41,46,105,206.00,"21,630.00"
2019-07-30,2019073001004981,LBBL,35,46,50,206.00,"10,300.00"
2019-07-30,2019073001004798,LBBL,25,45,80,206.00,"16,480.00"
2019-07-30,2019073001004816,LBBL,42,46,500,206.00,"103,000.00"
2019-07-30,2019073001004815,LBBL,54,46,80,206.00,"16,480.00"
2019-07-30,2019073001004800,LBBL,54,45,20,206.00,"4,120.00"
2019-07-30,2019073001004799,LBBL,32,45,400,206.00,"82,400.00"
2019-07-30,2019073001005021,LBL,34,39,488,222.00,"108,336.00"
2019-07-30,2019073001005020,LBL,8,39,100,222.00,"22,200.00"
2019-07-30,2019073001005019,LBL,35,39,100,222.00,"22,200.00"
2019-07-30,2019073001005018,LBL,7,39,20,222.00,"4,440.00"
2019-07-30,2019073001005017,LBL,32,39,292,222.00,"64,824.00"
2019-07-30,2019073001005012,LBL,32,6,28,222.00,"6,216.00"
2019-07-30,2019073001004894,LBL,32,47,300,223.00,"66,900.00"
2019-07-30,2019073001004893,LBL,32,29,20,223.00,"4,460.00"
2019-07-30,2019073001005002,LICN,26,28,100,"1,133.00","113,300.00"
2019-07-30,2019073001005059,LLBS,18,58,250,721.00,"180,250.00"
2019-07-30,2019073001004941,LLBS,18,58,100,719.00,"71,900.00"
2019-07-30,2019073001004940,LLBS,18,58,12,718.00,"8,616.00"
2019-07-30,2019073001005122,MBL,49,33,10,267.00,"2,670.00"
2019-07-30,2019073001005042,MBL,25,38,379,266.00,"100,814.00"
2019-07-30,2019073001004881,MBL,39,53,"1,586",265.00,"420,290.00"
2019-07-30,2019073001004908,MEGA,51,52,40,209.00,"8,360.00"
2019-07-30,2019073001004879,MEGA,59,16,27,208.00,"5,616.00"
2019-07-30,2019073001004878,MEGA,38,16,100,208.00,"20,800.00"
2019-07-30,2019073001004877,MEGA,57,16,50,208.00,"10,400.00"
2019-07-30,2019073001004876,MEGA,34,16,323,208.00,"67,184.00"
2019-07-30,2019073001004735,MEGA,34,42,140,208.00,"29,120.00"
2019-07-30,2019073001004967,MERO,45,47,100,529.00,"52,900.00"
2019-07-30,2019073001004759,MHNL,25,49,130,100.00,"13,000.00"
2019-07-30,2019073001004758,MHNL,25,38,30,100.00,"3,000.00"
2019-07-30,2019073001004925,MLBBL,22,44,95,465.00,"44,175.00"
2019-07-30,2019073001005098,MNBBL,33,39,200,378.00,"75,600.00"
2019-07-30,2019073001005007,MNBBL,53,49,50,378.00,"18,900.00"
2019-07-30,2019073001004683,MNBBL,26,19,231,378.00,"87,318.00"
2019-07-30,2019073001004682,MNBBL,26,41,10,378.00,"3,780.00"
2019-07-30,2019073001004681,MNBBL,26,1,500,378.00,"189,000.00"
2019-07-30,2019073001004680,MNBBL,26,14,150,378.00,"56,700.00"
2019-07-30,2019073001004909,MNBBL,37,49,50,378.00,"18,900.00"
2019-07-30,2019073001004868,MNBBL,45,49,100,378.00,"37,800.00"
2019-07-30,2019073001005109,MPFL,41,42,100,117.00,"11,700.00"
2019-07-30,2019073001005108,NABIL,35,20,"2,566",801.00,"2,055,366.00"
2019-07-30,2019073001005107,NABIL,35,49,124,801.00,"99,324.00"
2019-07-30,2019073001005106,NABIL,35,14,310,801.00,"248,310.00"
2019-07-30,2019073001004937,NABIL,42,43,"1,000",800.00,"800,000.00"
2019-07-30,2019073001004922,NABIL,34,14,100,801.00,"80,100.00"
2019-07-30,2019073001004754,NABIL,42,14,15,801.00,"12,015.00"
2019-07-30,2019073001004700,NABIL,42,38,307,800.00,"245,600.00"
2019-07-30,2019073001004699,NABIL,4,38,10,800.00,"8,000.00"
2019-07-30,2019073001004694,NABIL,4,17,90,800.00,"72,000.00"
2019-07-30,2019073001004659,NABIL,43,38,100,802.00,"80,200.00"
2019-07-30,2019073001004658,NABIL,5,38,153,802.00,"122,706.00"
2019-07-30,2019073001005135,NADEP,49,44,20,448.00,"8,960.00"
2019-07-30,2019073001005051,NADEP,38,26,20,453.00,"9,060.00"
2019-07-30,2019073001004907,NADEP,58,38,50,452.00,"22,600.00"
2019-07-30,2019073001004655,NADEP,38,33,230,446.00,"102,580.00"
2019-07-30,2019073001004904,NAGRO,34,22,90,653.00,"58,770.00"
2019-07-30,2019073001005033,NBB,19,6,41,223.00,"9,143.00"
2019-07-30,2019073001005032,NBB,45,6,10,224.00,"2,240.00"
2019-07-30,2019073001005005,NBB,45,11,500,224.00,"112,000.00"
2019-07-30,2019073001004883,NBB,45,58,"1,450",224.00,"324,800.00"
2019-07-30,2019073001004767,NBB,45,42,"1,040",224.00,"232,960.00"
2019-07-30,2019073001004766,NBB,35,42,100,224.00,"22,400.00"
2019-07-30,2019073001004765,NBB,39,42,360,224.00,"80,640.00"
2019-07-30,2019073001005141,NBL,33,32,10,339.00,"3,390.00"
2019-07-30,2019073001005084,NBL,17,39,110,338.00,"37,180.00"
2019-07-30,2019073001005083,NBL,17,39,200,338.00,"67,600.00"
2019-07-30,2019073001005082,NBL,17,39,190,338.00,"64,220.00"
2019-07-30,2019073001004913,NBL,14,32,"2,100",339.00,"711,900.00"
2019-07-30,2019073001004884,NBL,45,32,100,339.00,"33,900.00"
2019-07-30,2019073001004861,NBL,54,32,"2,800",339.00,"949,200.00"
2019-07-30,2019073001004741,NBL,14,32,"1,058",339.00,"358,662.00"
2019-07-30,2019073001004924,NCCB,45,14,50,247.00,"12,350.00"
2019-07-30,2019073001005087,NEF,25,6,241,8.31,"2,002.71"
2019-07-30,2019073001004990,NHDL,10,37,10,121.00,"1,210.00"
2019-07-30,2019073001004723,NHPC,33,28,"1,000",65.00,"65,000.00"
2019-07-30,2019073001004903,NIB,1,52,10,517.00,"5,170.00"
2019-07-30,2019073001004902,NIB,41,6,39,516.00,"20,124.00"
2019-07-30,2019073001004901,NIB,29,6,19,516.00,"9,804.00"
2019-07-30,2019073001005105,NICA,16,6,100,465.00,"46,500.00"
2019-07-30,2019073001004962,NICA,45,6,50,465.00,"23,250.00"
2019-07-30,2019073001004858,NICA,49,6,79,465.00,"36,735.00"
2019-07-30,2019073001004857,NICA,49,6,121,465.00,"56,265.00"
2019-07-30,2019073001004679,NICA,51,6,88,465.00,"40,920.00"
2019-07-30,2019073001004657,NICA,51,25,12,465.00,"5,580.00"
2019-07-30,2019073001004656,NICA,33,25,188,465.00,"87,420.00"
2019-07-30,2019073001004712,NICGF,58,6,"1,500",9.90,"14,850.00"
2019-07-30,2019073001004662,NICGF,58,6,"1,500",9.90,"14,850.00"
2019-07-30,2019073001004965,NICL,43,29,10,349.00,"3,490.00"
2019-07-30,2019073001004932,NIL,58,47,100,476.00,"47,600.00"
2019-07-30,2019073001004738,NIL,21,47,30,476.00,"14,280.00"
2019-07-30,2019073001004886,NLBBL,25,14,50,528.00,"26,400.00"
2019-07-30,2019073001004885,NLBBL,34,14,50,528.00,"26,400.00"
2019-07-30,2019073001005088,NLIC,17,40,55,873.00,"48,015.00"
2019-07-30,2019073001004892,NLIC,34,4,592,872.00,"516,224.00"
2019-07-30,2019073001004891,NLIC,41,4,500,872.00,"436,000.00"
2019-07-30,2019073001004890,NLIC,56,4,10,872.00,"8,720.00"
2019-07-30,2019073001004889,NLIC,59,4,50,872.00,"43,600.00"
2019-07-30,2019073001004888,NLIC,16,4,10,873.00,"8,730.00"
2019-07-30,2019073001004685,NLIC,47,42,34,874.00,"29,716.00"
2019-07-30,2019073001004653,NLIC,35,4,50,875.00,"43,750.00"
2019-07-30,2019073001004789,NLIC,35,57,100,874.00,"87,400.00"
2019-07-30,2019073001004788,NLIC,29,57,10,874.00,"8,740.00"
2019-07-30,2019073001004755,NLIC,29,58,49,874.00,"42,826.00"
2019-07-30,2019073001004688,NLIC,29,42,41,874.00,"35,834.00"
2019-07-30,2019073001004687,NLIC,42,42,15,874.00,"13,110.00"
2019-07-30,2019073001004686,NLIC,58,42,10,874.00,"8,740.00"
2019-07-30,2019073001004887,NLIC,38,4,38,873.00,"33,174.00"
2019-07-30,2019073001004794,NLIC,38,57,112,873.00,"97,776.00"
2019-07-30,2019073001004793,NLIC,35,57,50,873.00,"43,650.00"
2019-07-30,2019073001004792,NLIC,16,57,10,873.00,"8,730.00"
2019-07-30,2019073001004791,NLIC,58,57,35,873.00,"30,555.00"
2019-07-30,2019073001004790,NLIC,54,57,10,873.00,"8,730.00"
2019-07-30,2019073001005140,NLICL,35,5,150,580.00,"87,000.00"
2019-07-30,2019073001005139,NLICL,35,5,100,581.00,"58,100.00"
2019-07-30,2019073001005138,NLICL,14,5,50,581.00,"29,050.00"
2019-07-30,2019073001005068,NMBMF,40,44,64,"1,055.00","67,520.00"
2019-07-30,2019073001004727,NNLB,50,19,30,459.00,"13,770.00"
2019-07-30,2019073001004726,NNLB,50,45,250,458.00,"114,500.00"
2019-07-30,2019073001004783,NNLB,1,19,600,460.00,"276,000.00"
2019-07-30,2019073001004782,NNLB,1,44,20,460.00,"9,200.00"
2019-07-30,2019073001004781,NNLB,1,55,18,460.00,"8,280.00"
2019-07-30,2019073001004780,NNLB,1,39,13,460.00,"5,980.00"
2019-07-30,2019073001004779,NNLB,1,13,155,458.00,"70,990.00"
2019-07-30,2019073001004728,NNLB,50,41,55,459.00,"25,245.00"
2019-07-30,2019073001004952,NNLB,1,41,10,463.00,"4,630.00"
2019-07-30,2019073001004875,NNLB,1,32,100,460.00,"46,000.00"
2019-07-30,2019073001004785,NNLB,1,55,30,462.00,"13,860.00"
2019-07-30,2019073001004784,NNLB,1,48,250,460.00,"115,000.00"
2019-07-30,2019073001005052,NTC,22,34,40,695.00,"27,800.00"
2019-07-30,2019073001005029,NTC,22,34,270,695.00,"187,650.00"
2019-07-30,2019073001004914,NTC,43,21,10,696.00,"6,960.00"
2019-07-30,2019073001004753,NTC,39,5,140,692.00,"96,880.00"
2019-07-30,2019073001004734,NTC,4,5,10,694.00,"6,940.00"
2019-07-30,2019073001004725,NTC,4,6,50,693.00,"34,650.00"
2019-07-30,2019073001004695,NTC,4,6,50,693.00,"34,650.00"
2019-07-30,2019073001004850,NTC,22,58,190,695.00,"132,050.00"
2019-07-30,2019073001004848,NTC,32,46,25,693.00,"17,325.00"
2019-07-30,2019073001005100,NUBL,42,13,160,889.00,"142,240.00"
2019-07-30,2019073001004895,PCBL,45,49,50,284.00,"14,200.00"
2019-07-30,2019073001004736,PLIC,52,37,50,421.00,"21,050.00"
2019-07-30,2019073001005054,PROFL,59,35,30,110.00,"3,300.00"
2019-07-30,2019073001004856,PROFL,59,35,25,108.00,"2,700.00"
2019-07-30,2019073001004847,PROFL,59,22,"2,000",106.00,"212,000.00"
2019-07-30,2019073001005031,PRVU,33,43,300,274.00,"82,200.00"
2019-07-30,2019073001004951,PRVU,33,38,"1,500",274.00,"411,000.00"
2019-07-30,2019073001004936,PRVU,33,38,"1,000",274.00,"274,000.00"
2019-07-30,2019073001004934,PRVU,32,43,100,275.00,"27,500.00"
2019-07-30,2019073001004733,PRVU,39,51,"1,000",274.00,"274,000.00"
2019-07-30,2019073001004724,PRVU,39,38,800,274.00,"219,200.00"
2019-07-30,2019073001004644,PRVU,39,56,37,274.00,"10,138.00"
2019-07-30,2019073001004643,PRVU,16,56,100,274.00,"27,400.00"
2019-07-30,2019073001004812,PRVU,34,51,300,274.00,"82,200.00"
2019-07-30,2019073001004811,PRVU,39,51,479,274.00,"131,246.00"
2019-07-30,2019073001004771,PRVU,39,4,684,274.00,"187,416.00"
2019-07-30,2019073001004768,PRVU,39,51,"1,500",274.00,"411,000.00"
2019-07-30,2019073001004752,PRVU,58,4,100,275.00,"27,500.00"
2019-07-30,2019073001004751,PRVU,39,51,"1,500",274.00,"411,000.00"
2019-07-30,2019073001004862,PRVU,14,40,474,274.00,"129,876.00"
2019-07-30,2019073001004841,PRVU,14,55,526,274.00,"144,124.00"
2019-07-30,2019073001004840,PRVU,44,55,100,274.00,"27,400.00"
2019-07-30,2019073001004839,PRVU,25,55,74,274.00,"20,276.00"
2019-07-30,2019073001004814,PRVU,25,51,226,274.00,"61,924.00"
2019-07-30,2019073001004813,PRVU,26,51,400,274.00,"109,600.00"
2019-07-30,2019073001004929,PRVU,33,33,76,274.00,"20,824.00"
2019-07-30,2019073001004928,PRVU,38,33,274,274.00,"75,076.00"
2019-07-30,2019073001004898,PRVU,38,42,226,274.00,"61,924.00"
2019-07-30,2019073001004897,PRVU,51,42,274,274.00,"75,076.00"
2019-07-30,2019073001004896,PRVU,33,43,100,275.00,"27,500.00"
2019-07-30,2019073001004863,PRVU,51,40,26,274.00,"7,124.00"
2019-07-30,2019073001004900,RLFL,40,45,200,121.00,"24,200.00"
2019-07-30,2019073001004910,RRHP,47,46,200,104.00,"20,800.00"
2019-07-30,2019073001005099,RSDC,48,50,50,348.00,"17,400.00"
2019-07-30,2019073001005009,SANIMA,56,42,600,357.00,"214,200.00"
2019-07-30,2019073001005008,SANIMA,56,49,"1,900",357.00,"678,300.00"
2019-07-30,2019073001004905,SANIMA,11,49,100,357.00,"35,700.00"
2019-07-30,2019073001004899,SANIMA,45,49,50,357.00,"17,850.00"
2019-07-30,2019073001004645,SANIMA,20,49,20,357.00,"7,140.00"
2019-07-30,2019073001005121,SBI,51,38,50,470.00,"23,500.00"
2019-07-30,2019073001005095,SBI,51,43,50,470.00,"23,500.00"
2019-07-30,2019073001005000,SBI,45,43,50,470.00,"23,500.00"
2019-07-30,2019073001004819,SBI,40,43,774,469.00,"363,006.00"
2019-07-30,2019073001004818,SBI,16,43,100,469.00,"46,900.00"
2019-07-30,2019073001004817,SBI,40,43,26,469.00,"12,194.00"
2019-07-30,2019073001004770,SBI,40,45,30,469.00,"14,070.00"
2019-07-30,2019073001005062,SBL,56,38,500,322.00,"161,000.00"
2019-07-30,2019073001004882,SBL,56,21,195,322.00,"62,790.00"
2019-07-30,2019073001004775,SCB,40,48,300,666.00,"199,800.00"
2019-07-30,2019073001004689,SCB,40,58,18,666.00,"11,988.00"
2019-07-30,2019073001004672,SCB,17,58,20,666.00,"13,320.00"
2019-07-30,2019073001005137,SDESI,21,34,10,625.00,"6,250.00"
2019-07-30,2019073001005124,SDESI,59,41,20,624.00,"12,480.00"
2019-07-30,2019073001005094,SDESI,38,36,257,621.00,"159,597.00"
2019-07-30,2019073001005053,SDESI,13,35,100,618.00,"61,800.00"
2019-07-30,2019073001004731,SDESI,34,34,8,623.00,"4,984.00"
2019-07-30,2019073001004671,SDESI,57,19,390,620.00,"241,800.00"
2019-07-30,2019073001004820,SHINE,43,57,85,251.00,"21,335.00"
2019-07-30,2019073001004795,SHINE,17,28,131,250.00,"32,750.00"
2019-07-30,2019073001004693,SHINE,17,6,171,250.00,"42,750.00"
2019-07-30,2019073001004821,SHIVM,22,40,102,597.00,"60,894.00"
2019-07-30,2019073001004652,SHIVM,48,40,200,598.00,"119,600.00"
2019-07-30,2019073001004651,SHIVM,6,40,700,598.00,"418,600.00"
2019-07-30,2019073001004650,SHIVM,38,40,100,598.00,"59,800.00"
2019-07-30,2019073001004649,SHIVM,38,40,200,598.00,"119,600.00"
2019-07-30,2019073001004648,SHIVM,32,40,100,599.00,"59,900.00"
2019-07-30,2019073001004647,SHIVM,22,40,50,599.00,"29,950.00"
2019-07-30,2019073001005134,SHPC,6,28,150,248.00,"37,200.00"
2019-07-30,2019073001005126,SHPC,22,28,414,247.00,"102,258.00"
2019-07-30,2019073001005125,SHPC,34,28,86,247.00,"21,242.00"
2019-07-30,2019073001005093,SICL,40,44,90,802.00,"72,180.00"
2019-07-30,2019073001004760,SICL,40,14,500,802.00,"401,000.00"
2019-07-30,2019073001004757,SICL,3,44,200,803.00,"160,600.00"
2019-07-30,2019073001004756,SICL,3,22,105,803.00,"84,315.00"
2019-07-30,2019073001004964,SIFC,57,28,10,159.00,"1,590.00"
2019-07-30,2019073001004963,SIFC,57,17,90,159.00,"14,310.00"
2019-07-30,2019073001005034,SIL,26,37,100,454.00,"45,400.00"
2019-07-30,2019073001005063,SKBBL,39,16,10,989.00,"9,890.00"
2019-07-30,2019073001004966,SKBBL,5,25,70,970.00,"67,900.00"
2019-07-30,2019073001004950,SKBBL,16,25,200,973.00,"194,600.00"
2019-07-30,2019073001004949,SKBBL,21,25,100,975.00,"97,500.00"
2019-07-30,2019073001004948,SKBBL,50,25,100,975.00,"97,500.00"
2019-07-30,2019073001004947,SKBBL,22,25,100,980.00,"98,000.00"
2019-07-30,2019073001004946,SKBBL,52,25,10,980.00,"9,800.00"
2019-07-30,2019073001004945,SKBBL,16,25,100,980.00,"98,000.00"
2019-07-30,2019073001004944,SKBBL,4,25,200,982.00,"196,400.00"
2019-07-30,2019073001004943,SKBBL,20,25,100,985.00,"98,500.00"
2019-07-30,2019073001004942,SKBBL,52,25,20,985.00,"19,700.00"
2019-07-30,2019073001004697,SKBBL,39,53,500,987.00,"493,500.00"
2019-07-30,2019073001004678,SLBBL,38,46,190,472.00,"89,680.00"
2019-07-30,2019073001004677,SLBBL,21,46,30,472.00,"14,160.00"
2019-07-30,2019073001004676,SLBBL,21,46,400,473.00,"189,200.00"
2019-07-30,2019073001004646,SLBBL,1,32,20,474.00,"9,480.00"
2019-07-30,2019073001004797,SLBBL,26,32,120,474.00,"56,880.00"
2019-07-30,2019073001004923,SLBBL,22,44,120,479.00,"57,480.00"
2019-07-30,2019073001004920,SLBBL,21,44,500,479.00,"239,500.00"
2019-07-30,2019073001005117,SLICL,14,28,107,445.00,"47,615.00"
2019-07-30,2019073001005116,SLICL,41,28,30,445.00,"13,350.00"
2019-07-30,2019073001005115,SLICL,56,28,14,445.00,"6,230.00"
2019-07-30,2019073001005114,SLICL,1,28,100,445.00,"44,500.00"
2019-07-30,2019073001005113,SLICL,26,28,39,447.00,"17,433.00"
2019-07-30,2019073001005086,SLICL,26,58,75,447.00,"33,525.00"
2019-07-30,2019073001005049,SLICL,17,28,200,449.00,"89,800.00"
2019-07-30,2019073001004999,SLICL,26,6,86,447.00,"38,442.00"
2019-07-30,2019073001004998,SLICL,42,6,114,448.00,"51,072.00"
2019-07-30,2019073001004926,SMATA,28,6,10,"1,268.00","12,680.00"
2019-07-30,2019073001004867,SMFBS,57,41,10,597.00,"5,970.00"
2019-07-30,2019073001004866,SMFBS,57,53,10,588.00,"5,880.00"
2019-07-30,2019073001004722,SMFBS,57,48,20,588.00,"11,760.00"
2019-07-30,2019073001004696,SMFBS,57,36,10,577.00,"5,770.00"
2019-07-30,2019073001004917,SPARS,49,20,20,547.00,"10,940.00"
2019-07-30,2019073001004769,SPARS,49,20,20,547.00,"10,940.00"
2019-07-30,2019073001004747,SPARS,49,22,25,547.00,"13,675.00"
2019-07-30,2019073001004746,SPARS,49,22,190,547.00,"103,930.00"
2019-07-30,2019073001004745,SPARS,49,22,50,547.00,"27,350.00"
2019-07-30,2019073001004744,SPARS,49,36,20,547.00,"10,940.00"
2019-07-30,2019073001004743,SPARS,49,21,100,545.00,"54,500.00"
2019-07-30,2019073001004742,SPARS,49,51,20,544.00,"10,880.00"
2019-07-30,2019073001004846,SRBL,53,47,57,250.00,"14,250.00"
2019-07-30,2019073001005061,SWBBL,33,14,100,918.00,"91,800.00"
2019-07-30,2019073001005060,SWBBL,33,38,32,918.00,"29,376.00"
2019-07-30,2019073001005120,UNHPL,42,16,90,73.00,"6,570.00"
2019-07-30,2019073001005119,UNHPL,1,16,"1,000",73.00,"73,000.00"
2019-07-30,2019073001005118,UNHPL,56,16,200,73.00,"14,600.00"
2019-07-30,2019073001004859,UNHPL,35,16,300,74.00,"22,200.00"
2019-07-30,2019073001004838,UNHPL,14,16,10,74.00,740.00
2019-07-30,2019073001004837,UNHPL,14,46,40,74.00,"2,960.00"
2019-07-30,2019073001004762,UPCL,17,34,150,88.00,"13,200.00"
2019-07-30,2019073001005011,UPPER,38,19,139,272.00,"37,808.00"
2019-07-30,2019073001005010,UPPER,39,19,361,272.00,"98,192.00"
2019-07-30,2019073001004729,UPPER,50,6,30,273.00,"8,190.00"
2019-07-30,2019073001005030,VLBS,11,37,13,520.00,"6,760.00"
2019-07-30,2019073001004953,VLBS,11,37,13,520.00,"6,760.00"
2019-07-30,2019073001004581,ADBL,41,37,100,430.00,"43,000.00"
2019-07-30,2019073001004548,ADBL,40,37,"1,000",430.00,"430,000.00"
2019-07-30,2019073001004436,ADBL,35,37,100,430.00,"43,000.00"
2019-07-30,2019073001004400,ADBL,14,37,404,430.00,"173,720.00"
2019-07-30,2019073001004399,ADBL,14,21,96,430.00,"41,280.00"
2019-07-30,2019073001004329,ADBL,40,51,300,429.00,"128,700.00"
2019-07-30,2019073001004184,ADBL,40,28,200,429.00,"85,800.00"
2019-07-30,2019073001004172,ADBL,48,40,10,430.00,"4,300.00"
2019-07-30,2019073001004318,ADBL,40,47,90,429.00,"38,610.00"
2019-07-30,2019073001004254,ADBL,49,37,69,430.00,"29,670.00"
2019-07-30,2019073001004253,ADBL,49,38,31,430.00,"13,330.00"
2019-07-30,2019073001004225,ADBL,25,38,82,430.00,"35,260.00"
2019-07-30,2019073001004224,ADBL,25,40,18,430.00,"7,740.00"
2019-07-30,2019073001004207,ADBL,40,35,10,429.00,"4,290.00"
2019-07-30,2019073001004482,AHPC,28,34,98,105.00,"10,290.00"
2019-07-30,2019073001004407,AHPC,36,34,109,104.00,"11,336.00"
2019-07-30,2019073001004144,AHPC,56,34,12,105.00,"1,260.00"
2019-07-30,2019073001004143,AHPC,56,39,263,105.00,"27,615.00"
2019-07-30,2019073001004364,AKPL,19,36,257,171.00,"43,947.00"
2019-07-30,2019073001004608,ALBSL,22,17,10,438.00,"4,380.00"
2019-07-30,2019073001004500,ALBSL,48,25,100,435.00,"43,500.00"
2019-07-30,2019073001004373,ALBSL,40,10,10,440.00,"4,400.00"
2019-07-30,2019073001004252,ALBSL,25,26,10,432.00,"4,320.00"
2019-07-30,2019073001004196,ALBSL,25,40,10,432.00,"4,320.00"
2019-07-30,2019073001004194,ALBSL,45,53,205,435.00,"89,175.00"
2019-07-30,2019073001004176,ALBSL,40,53,150,435.00,"65,250.00"
2019-07-30,2019073001004168,ALBSL,8,53,145,435.00,"63,075.00"
2019-07-30,2019073001004151,ALBSL,8,25,105,435.00,"45,675.00"
2019-07-30,2019073001004150,ALBSL,51,25,300,436.00,"130,800.00"
2019-07-30,2019073001004149,ALBSL,51,25,95,438.00,"41,610.00"
2019-07-30,2019073001004166,ALICL,19,4,64,368.00,"23,552.00"
2019-07-30,2019073001004165,ALICL,57,4,120,368.00,"44,160.00"
2019-07-30,2019073001004164,ALICL,59,4,100,369.00,"36,900.00"
2019-07-30,2019073001004555,API,41,56,917,136.00,"124,712.00"
2019-07-30,2019073001004554,API,43,56,300,136.00,"40,800.00"
2019-07-30,2019073001004553,API,53,56,"1,000",136.00,"136,000.00"
2019-07-30,2019073001004552,API,33,56,100,136.00,"13,600.00"
2019-07-30,2019073001004551,API,22,56,500,136.00,"68,000.00"
2019-07-30,2019073001004550,API,38,56,40,136.00,"5,440.00"
2019-07-30,2019073001004332,API,39,56,"2,000",137.00,"274,000.00"
2019-07-30,2019073001004331,API,43,56,200,137.00,"27,400.00"
2019-07-30,2019073001004330,API,43,56,261,137.00,"35,757.00"
2019-07-30,2019073001004218,API,43,45,39,137.00,"5,343.00"
2019-07-30,2019073001004549,API,42,56,143,137.00,"19,591.00"
2019-07-30,2019073001004438,API,42,56,400,138.00,"55,200.00"
2019-07-30,2019073001004408,API,42,38,300,138.00,"41,400.00"
2019-07-30,2019073001004374,API,42,56,18,137.00,"2,466.00"
2019-07-30,2019073001004334,API,42,56,339,137.00,"46,443.00"
2019-07-30,2019073001004333,API,56,56,200,137.00,"27,400.00"
2019-07-30,2019073001004357,BOKL,11,26,100,268.00,"26,800.00"
2019-07-30,2019073001004590,BPCL,7,47,397,402.00,"159,594.00"
2019-07-30,2019073001004589,BPCL,48,47,100,402.00,"40,200.00"
2019-07-30,2019073001004588,BPCL,32,47,200,403.00,"80,600.00"
2019-07-30,2019073001004587,BPCL,6,47,912,403.00,"367,536.00"
2019-07-30,2019073001004586,BPCL,17,47,391,404.00,"157,964.00"
2019-07-30,2019073001004472,BPCL,58,47,600,405.00,"243,000.00"
2019-07-30,2019073001004456,BPCL,22,47,200,405.00,"81,000.00"
2019-07-30,2019073001004235,BPCL,58,38,200,405.00,"81,000.00"
2019-07-30,2019073001004600,CBL,45,40,150,154.00,"23,100.00"
2019-07-30,2019073001004532,CBL,45,43,315,154.00,"48,510.00"
2019-07-30,2019073001004531,CBL,39,43,685,154.00,"105,490.00"
2019-07-30,2019073001004396,CBL,39,56,84,154.00,"12,936.00"
2019-07-30,2019073001004376,CBL,38,43,90,155.00,"13,950.00"
2019-07-30,2019073001004375,CBL,38,21,45,155.00,"6,975.00"
2019-07-30,2019073001004192,CBL,39,56,100,154.00,"15,400.00"
2019-07-30,2019073001004636,CCBL,43,35,100,170.00,"17,000.00"
2019-07-30,2019073001004457,CCBL,32,58,"1,823",171.00,"311,733.00"
2019-07-30,2019073001004421,CCBL,32,56,177,171.00,"30,267.00"
2019-07-30,2019073001004199,CCBL,43,56,10,170.00,"1,700.00"
2019-07-30,2019073001004198,CCBL,34,56,90,170.00,"15,300.00"
2019-07-30,2019073001004546,CHCL,6,11,98,510.00,"49,980.00"
2019-07-30,2019073001004540,CHCL,6,11,98,510.00,"49,980.00"
2019-07-30,2019073001004145,CHCL,6,49,120,510.00,"61,200.00"
2019-07-30,2019073001004525,CZBIL,38,26,10,226.00,"2,260.00"
2019-07-30,2019073001004517,CZBIL,38,38,928,226.00,"209,728.00"
2019-07-30,2019073001004494,CZBIL,55,38,72,226.00,"16,272.00"
2019-07-30,2019073001004409,CZBIL,55,48,20,226.00,"4,520.00"
2019-07-30,2019073001004351,CZBIL,55,17,100,226.00,"22,600.00"
2019-07-30,2019073001004350,CZBIL,55,1,412,226.00,"93,112.00"
2019-07-30,2019073001004349,CZBIL,55,38,396,226.00,"89,496.00"
2019-07-30,2019073001004285,CZBIL,17,38,104,226.00,"23,504.00"
2019-07-30,2019073001004432,DDBL,58,49,22,750.00,"16,500.00"
2019-07-30,2019073001004431,DDBL,58,29,40,750.00,"30,000.00"
2019-07-30,2019073001004430,DDBL,58,45,28,749.00,"20,972.00"
2019-07-30,2019073001004429,DDBL,58,51,191,747.00,"142,677.00"
2019-07-30,2019073001004413,DDBL,58,50,389,745.00,"289,805.00"
2019-07-30,2019073001004412,DDBL,58,17,30,744.00,"22,320.00"
2019-07-30,2019073001004395,DDBL,34,17,160,744.00,"119,040.00"
2019-07-30,2019073001004394,DDBL,34,6,40,743.00,"29,720.00"
2019-07-30,2019073001004295,EBL,56,38,152,662.00,"100,624.00"
2019-07-30,2019073001004294,EBL,13,38,75,662.00,"49,650.00"
2019-07-30,2019073001004293,EBL,1,38,10,663.00,"6,630.00"
2019-07-30,2019073001004292,EBL,53,38,200,663.00,"132,600.00"
2019-07-30,2019073001004291,EBL,45,38,30,664.00,"19,920.00"
2019-07-30,2019073001004290,EBL,40,38,33,664.00,"21,912.00"
2019-07-30,2019073001004162,EDBL,49,56,"1,000",292.00,"292,000.00"
2019-07-30,2019073001004161,EDBL,49,56,682,291.00,"198,462.00"
2019-07-30,2019073001004206,GBBL,8,56,46,226.00,"10,396.00"
2019-07-30,2019073001004601,GBLBS,43,36,240,357.00,"85,680.00"
2019-07-30,2019073001004529,GBLBS,43,53,100,356.00,"35,600.00"
2019-07-30,2019073001004510,GBLBS,43,54,100,356.00,"35,600.00"
2019-07-30,2019073001004509,GBLBS,43,33,50,356.00,"17,800.00"
2019-07-30,2019073001004508,GBLBS,43,52,10,355.00,"3,550.00"
2019-07-30,2019073001004348,GBLBS,17,21,10,354.00,"3,540.00"
2019-07-30,2019073001004471,GILB,17,50,40,710.00,"28,400.00"
2019-07-30,2019073001004258,GILB,14,41,12,711.00,"8,532.00"
2019-07-30,2019073001004257,GILB,51,41,10,712.00,"7,120.00"
2019-07-30,2019073001004370,GLBSL,7,6,190,444.00,"84,360.00"
2019-07-30,2019073001004369,GLBSL,7,50,10,443.00,"4,430.00"
2019-07-30,2019073001004311,GLBSL,22,13,10,443.00,"4,430.00"
2019-07-30,2019073001004310,GLBSL,22,13,10,443.00,"4,430.00"
2019-07-30,2019073001004443,GLICL,3,6,113,453.00,"51,189.00"
2019-07-30,2019073001004325,GLICL,11,38,30,454.00,"13,620.00"
2019-07-30,2019073001004573,GMFBS,39,42,60,552.00,"33,120.00"
2019-07-30,2019073001004541,GMFBS,34,42,35,552.00,"19,320.00"
2019-07-30,2019073001004526,GMFBS,34,38,100,551.00,"55,100.00"
2019-07-30,2019073001004463,GMFBS,33,38,100,549.00,"54,900.00"
2019-07-30,2019073001004462,GMFBS,33,34,10,547.00,"5,470.00"
2019-07-30,2019073001004323,GMFBS,52,38,100,544.00,"54,400.00"
2019-07-30,2019073001004208,GMFBS,10,40,10,540.00,"5,400.00"
2019-07-30,2019073001004200,GMFBS,10,40,10,540.00,"5,400.00"
2019-07-30,2019073001004319,GMFBS,39,38,100,541.00,"54,100.00"
2019-07-30,2019073001004299,GMFBS,39,4,10,543.00,"5,430.00"
2019-07-30,2019073001004289,GMFBS,21,20,10,542.00,"5,420.00"
2019-07-30,2019073001004277,GMFBS,39,21,100,542.00,"54,200.00"
2019-07-30,2019073001004276,GMFBS,39,54,10,541.00,"5,410.00"
2019-07-30,2019073001004228,GMFBS,10,40,10,540.00,"5,400.00"
2019-07-30,2019073001004516,GMFIL,43,32,203,125.00,"25,375.00"
2019-07-30,2019073001004441,GUFL,44,44,143,121.00,"17,303.00"
2019-07-30,2019073001004440,GUFL,35,44,50,121.00,"6,050.00"
2019-07-30,2019073001004439,GUFL,43,44,125,122.00,"15,250.00"
2019-07-30,2019073001004238,GUFL,43,43,875,122.00,"106,750.00"
2019-07-30,2019073001004153,HBL,40,11,100,547.00,"54,700.00"
2019-07-30,2019073001004602,HIDCL,37,37,13,157.00,"2,041.00"
2019-07-30,2019073001004567,HIDCL,34,57,274,157.00,"43,018.00"
2019-07-30,2019073001004437,HIDCL,54,56,61,156.00,"9,516.00"
2019-07-30,2019073001004345,HIDCL,35,57,200,157.00,"31,400.00"
2019-07-30,2019073001004321,HIDCL,49,57,26,157.00,"4,082.00"
2019-07-30,2019073001004197,HIDCL,59,59,100,158.00,"15,800.00"
2019-07-30,2019073001004271,HPPL,53,3,300,174.00,"52,200.00"
2019-07-30,2019073001004270,HPPL,53,14,300,174.00,"52,200.00"
2019-07-30,2019073001004269,HPPL,53,25,10,173.00,"1,730.00"
2019-07-30,2019073001004239,HPPL,53,43,20,172.00,"3,440.00"
2019-07-30,2019073001004233,HPPL,22,56,20,170.00,"3,400.00"
2019-07-30,2019073001004504,HURJA,25,46,20,135.00,"2,700.00"
2019-07-30,2019073001004632,ILBS,44,41,10,460.00,"4,600.00"
2019-07-30,2019073001004631,ILBS,44,21,10,460.00,"4,600.00"
2019-07-30,2019073001004630,ILBS,44,59,10,460.00,"4,600.00"
2019-07-30,2019073001004629,ILBS,44,58,50,460.00,"23,000.00"
2019-07-30,2019073001004628,ILBS,44,34,50,460.00,"23,000.00"
2019-07-30,2019073001004627,ILBS,44,41,10,460.00,"4,600.00"
2019-07-30,2019073001004260,ILBS,52,52,10,450.00,"4,500.00"
2019-07-30,2019073001004230,ILBS,51,52,50,450.00,"22,500.00"
2019-07-30,2019073001004202,ILBS,36,38,10,449.00,"4,490.00"
2019-07-30,2019073001004266,ILBS,52,16,10,454.00,"4,540.00"
2019-07-30,2019073001004265,ILBS,52,16,10,454.00,"4,540.00"
2019-07-30,2019073001004264,ILBS,52,16,10,454.00,"4,540.00"
2019-07-30,2019073001004263,ILBS,52,13,10,453.00,"4,530.00"
2019-07-30,2019073001004262,ILBS,52,22,30,453.00,"13,590.00"
2019-07-30,2019073001004261,ILBS,52,52,10,452.00,"4,520.00"
2019-07-30,2019073001004280,ILBS,36,20,10,454.00,"4,540.00"
2019-07-30,2019073001004278,ILBS,36,21,10,454.00,"4,540.00"
2019-07-30,2019073001004275,ILBS,36,41,30,454.00,"13,620.00"
2019-07-30,2019073001004274,ILBS,52,41,90,454.00,"40,860.00"
2019-07-30,2019073001004268,ILBS,52,33,10,454.00,"4,540.00"
2019-07-30,2019073001004267,ILBS,52,16,10,454.00,"4,540.00"
2019-07-30,2019073001004339,ILBS,28,58,10,455.00,"4,550.00"
2019-07-30,2019073001004338,ILBS,28,10,10,455.00,"4,550.00"
2019-07-30,2019073001004337,ILBS,28,34,10,455.00,"4,550.00"
2019-07-30,2019073001004336,ILBS,28,34,10,455.00,"4,550.00"
2019-07-30,2019073001004335,ILBS,28,34,10,455.00,"4,550.00"
2019-07-30,2019073001004320,ILBS,36,41,10,454.00,"4,540.00"
2019-07-30,2019073001004533,ILBS,36,19,10,454.00,"4,540.00"
2019-07-30,2019073001004520,ILBS,36,19,10,454.00,"4,540.00"
2019-07-30,2019073001004519,ILBS,36,42,10,454.00,"4,540.00"
2019-07-30,2019073001004475,ILBS,28,42,10,455.00,"4,550.00"
2019-07-30,2019073001004341,ILBS,28,48,30,455.00,"13,650.00"
2019-07-30,2019073001004340,ILBS,28,14,40,455.00,"18,200.00"
2019-07-30,2019073001004561,ILBS,33,42,10,455.00,"4,550.00"
2019-07-30,2019073001004560,ILBS,33,42,10,455.00,"4,550.00"
2019-07-30,2019073001004559,ILBS,33,42,10,455.00,"4,550.00"
2019-07-30,2019073001004558,ILBS,33,42,10,455.00,"4,550.00"
2019-07-30,2019073001004557,ILBS,33,42,10,455.00,"4,550.00"
2019-07-30,2019073001004537,ILBS,36,49,10,454.00,"4,540.00"
2019-07-30,2019073001004591,ILBS,36,49,10,454.00,"4,540.00"
2019-07-30,2019073001004582,ILBS,33,49,10,455.00,"4,550.00"
2019-07-30,2019073001004568,ILBS,33,26,10,455.00,"4,550.00"
2019-07-30,2019073001004564,ILBS,33,49,10,455.00,"4,550.00"
2019-07-30,2019073001004563,ILBS,33,42,10,455.00,"4,550.00"
2019-07-30,2019073001004562,ILBS,33,42,10,455.00,"4,550.00"
2019-07-30,2019073001004614,ILBS,44,14,40,459.00,"18,360.00"
2019-07-30,2019073001004613,ILBS,44,1,100,457.00,"45,700.00"
2019-07-30,2019073001004612,ILBS,44,34,30,457.00,"13,710.00"
2019-07-30,2019073001004611,ILBS,44,51,350,457.00,"159,950.00"
2019-07-30,2019073001004610,ILBS,44,44,10,457.00,"4,570.00"
2019-07-30,2019073001004609,ILBS,44,22,10,456.00,"4,560.00"
2019-07-30,2019073001004620,ILBS,44,21,10,460.00,"4,600.00"
2019-07-30,2019073001004619,ILBS,44,41,100,459.00,"45,900.00"
2019-07-30,2019073001004618,ILBS,44,48,30,459.00,"13,770.00"
2019-07-30,2019073001004617,ILBS,44,53,10,459.00,"4,590.00"
2019-07-30,2019073001004616,ILBS,44,59,"1,000",459.00,"459,000.00"
2019-07-30,2019073001004615,ILBS,44,56,60,459.00,"27,540.00"
2019-07-30,2019073001004626,ILBS,44,44,10,460.00,"4,600.00"
2019-07-30,2019073001004625,ILBS,44,44,10,460.00,"4,600.00"
2019-07-30,2019073001004624,ILBS,44,44,10,460.00,"4,600.00"
2019-07-30,2019073001004623,ILBS,44,44,10,460.00,"4,600.00"
2019-07-30,2019073001004622,ILBS,44,44,10,460.00,"4,600.00"
2019-07-30,2019073001004621,ILBS,44,22,10,460.00,"4,600.00"
2019-07-30,2019073001004501,JBBL,38,57,300,160.00,"48,000.00"
2019-07-30,2019073001004458,JBBL,38,56,15,160.00,"2,400.00"
2019-07-30,2019073001004146,JBBL,39,36,91,161.00,"14,651.00"
2019-07-30,2019073001004530,KBL,42,39,50,216.00,"10,800.00"
2019-07-30,2019073001004445,KBL,34,26,35,215.00,"7,525.00"
2019-07-30,2019073001004444,KBL,6,26,165,215.00,"35,475.00"
2019-07-30,2019073001004411,KBL,6,52,300,215.00,"64,500.00"
2019-07-30,2019073001004250,KBL,6,52,"1,535",215.00,"330,025.00"
2019-07-30,2019073001004249,KBL,16,52,100,215.00,"21,500.00"
2019-07-30,2019073001004248,KBL,34,52,164,215.00,"35,260.00"
2019-07-30,2019073001004536,KRBL,26,34,13,112.00,"1,456.00"
2019-07-30,2019073001004434,LBBL,52,5,250,207.00,"51,750.00"
2019-07-30,2019073001004571,LICN,20,6,85,"1,132.00","96,220.00"
2019-07-30,2019073001004547,LLBS,1,58,100,719.00,"71,900.00"
2019-07-30,2019073001004522,LLBS,55,58,50,719.00,"35,950.00"
2019-07-30,2019073001004460,LLBS,55,25,60,720.00,"43,200.00"
2019-07-30,2019073001004459,LLBS,55,57,88,720.00,"63,360.00"
2019-07-30,2019073001004435,LLBS,39,58,300,719.00,"215,700.00"
2019-07-30,2019073001004324,LLBS,18,58,90,719.00,"64,710.00"
2019-07-30,2019073001004572,MEGA,34,11,65,208.00,"13,520.00"
2019-07-30,2019073001004474,MEGA,34,56,100,208.00,"20,800.00"
2019-07-30,2019073001004473,MEGA,34,48,21,208.00,"4,368.00"
2019-07-30,2019073001004391,MEGA,34,51,351,208.00,"73,008.00"
2019-07-30,2019073001004390,MEGA,46,51,200,208.00,"41,600.00"
2019-07-30,2019073001004389,MEGA,58,51,50,208.00,"10,400.00"
2019-07-30,2019073001004312,MEGA,52,6,63,208.00,"13,104.00"
2019-07-30,2019073001004388,MEGA,22,51,399,208.00,"82,992.00"
2019-07-30,2019073001004317,MEGA,22,41,64,208.00,"13,312.00"
2019-07-30,2019073001004316,MEGA,22,6,37,208.00,"7,696.00"
2019-07-30,2019073001004315,MEGA,48,6,200,208.00,"41,600.00"
2019-07-30,2019073001004314,MEGA,32,6,200,208.00,"41,600.00"
2019-07-30,2019073001004313,MEGA,11,6,500,208.00,"104,000.00"
2019-07-30,2019073001004416,MERO,59,25,50,528.00,"26,400.00"
2019-07-30,2019073001004387,MERO,59,11,16,528.00,"8,448.00"
2019-07-30,2019073001004386,MERO,50,11,300,528.00,"158,400.00"
2019-07-30,2019073001004358,MERO,26,58,25,532.00,"13,300.00"
2019-07-30,2019073001004534,MHNL,57,46,30,99.00,"2,970.00"
2019-07-30,2019073001004365,MHNL,59,21,10,99.00,990.00
2019-07-30,2019073001004354,MHNL,59,21,20,99.00,"1,980.00"
2019-07-30,2019073001004353,MHNL,59,21,10,99.00,990.00
2019-07-30,2019073001004328,MHNL,58,21,30,99.00,"2,970.00"
2019-07-30,2019073001004403,MHNL,57,21,40,99.00,"3,960.00"
2019-07-30,2019073001004366,MHNL,59,21,40,99.00,"3,960.00"
2019-07-30,2019073001004594,MLBBL,34,35,60,462.00,"27,720.00"
2019-07-30,2019073001004593,MLBBL,34,32,16,461.00,"7,376.00"
2019-07-30,2019073001004592,MLBBL,34,43,15,461.00,"6,915.00"
2019-07-30,2019073001004556,MLBBL,22,52,332,460.00,"152,720.00"
2019-07-30,2019073001004466,MLBBL,17,42,82,452.00,"37,064.00"
2019-07-30,2019073001004465,MLBBL,34,42,68,452.00,"30,736.00"
2019-07-30,2019073001004464,MLBBL,51,42,50,454.00,"22,700.00"
2019-07-30,2019073001004468,MPFL,48,32,200,115.00,"23,000.00"
2019-07-30,2019073001004398,MPFL,42,42,150,117.00,"17,550.00"
2019-07-30,2019073001004352,MSMBS,34,48,10,474.00,"4,740.00"
2019-07-30,2019073001004211,NABIL,37,17,10,804.00,"8,040.00"
2019-07-30,2019073001004634,NADEP,1,33,50,447.00,"22,350.00"
2019-07-30,2019073001004633,NADEP,39,33,20,447.00,"8,940.00"
2019-07-30,2019073001004576,NADEP,42,53,310,448.00,"138,880.00"
2019-07-30,2019073001004575,NADEP,5,53,50,449.00,"22,450.00"
2019-07-30,2019073001004539,NADEP,42,17,90,448.00,"40,320.00"
2019-07-30,2019073001004538,NADEP,1,17,10,449.00,"4,490.00"
2019-07-30,2019073001004326,NADEP,1,14,60,449.00,"26,940.00"
2019-07-30,2019073001004232,NADEP,5,53,20,452.00,"9,040.00"
2019-07-30,2019073001004231,NADEP,5,41,80,450.00,"36,000.00"
2019-07-30,2019073001004175,NADEP,43,54,20,449.00,"8,980.00"
2019-07-30,2019073001004489,NAGRO,34,21,100,653.00,"65,300.00"
2019-07-30,2019073001004461,NAGRO,6,21,100,653.00,"65,300.00"
2019-07-30,2019073001004247,NAGRO,34,38,560,653.00,"365,680.00"
2019-07-30,2019073001004237,NAGRO,52,38,100,653.00,"65,300.00"
2019-07-30,2019073001004236,NAGRO,34,38,10,653.00,"6,530.00"
2019-07-30,2019073001004205,NAGRO,34,41,10,653.00,"6,530.00"
2019-07-30,2019073001004187,NAGRO,34,5,50,653.00,"32,650.00"
2019-07-30,2019073001004186,NAGRO,34,55,20,653.00,"13,060.00"
2019-07-30,2019073001004185,NAGRO,34,19,10,653.00,"6,530.00"
2019-07-30,2019073001004377,NBB,39,47,202,224.00,"45,248.00"
2019-07-30,2019073001004297,NBB,28,48,400,225.00,"90,000.00"
2019-07-30,2019073001004296,NBB,28,26,500,225.00,"112,500.00"
2019-07-30,2019073001004283,NBB,39,56,300,224.00,"67,200.00"
2019-07-30,2019073001004597,NBL,5,32,117,339.00,"39,663.00"
2019-07-30,2019073001004513,NBL,17,32,196,339.00,"66,444.00"
2019-07-30,2019073001004512,NBL,14,32,"1,629",339.00,"552,231.00"
2019-07-30,2019073001004497,NBL,14,41,"1,000",339.00,"339,000.00"
2019-07-30,2019073001004427,NBL,14,47,"1,000",339.00,"339,000.00"
2019-07-30,2019073001004426,NBL,14,32,"1,000",339.00,"339,000.00"
2019-07-30,2019073001004425,NBL,14,1,100,339.00,"33,900.00"
2019-07-30,2019073001004424,NBL,14,1,50,339.00,"16,950.00"
2019-07-30,2019073001004423,NBL,14,32,221,339.00,"74,919.00"
2019-07-30,2019073001004279,NBL,52,32,500,339.00,"169,500.00"
2019-07-30,2019073001004204,NBL,35,32,100,339.00,"33,900.00"
2019-07-30,2019073001004203,NBL,37,32,179,339.00,"60,681.00"
2019-07-30,2019073001004606,NCCB,52,56,72,246.00,"17,712.00"
2019-07-30,2019073001004503,NCCB,52,44,82,246.00,"20,172.00"
2019-07-30,2019073001004502,NCCB,26,44,20,246.00,"4,920.00"
2019-07-30,2019073001004442,NCCB,57,14,199,247.00,"49,153.00"
2019-07-30,2019073001004322,NCCB,57,14,500,247.00,"123,500.00"
2019-07-30,2019073001004251,NCCB,57,14,810,247.00,"200,070.00"
2019-07-30,2019073001004241,NCCB,57,56,41,247.00,"10,127.00"
2019-07-30,2019073001004209,NCCB,57,35,700,247.00,"172,900.00"
2019-07-30,2019073001004256,NEF,7,6,108,8.31,897.48
2019-07-30,2019073001004229,NHDL,10,37,10,121.00,"1,210.00"
2019-07-30,2019073001004347,NIB,51,52,39,517.00,"20,163.00"
2019-07-30,2019073001004346,NIB,51,51,41,517.00,"21,197.00"
2019-07-30,2019073001004272,NIB,7,51,20,517.00,"10,340.00"
2019-07-30,2019073001004219,NIBPO,4,28,100,472.00,"47,200.00"
2019-07-30,2019073001004599,NICA,33,56,70,465.00,"32,550.00"
2019-07-30,2019073001004433,NICA,33,47,132,465.00,"61,380.00"
2019-07-30,2019073001004392,NICA,33,48,10,465.00,"4,650.00"
2019-07-30,2019073001004223,NICA,36,43,26,466.00,"12,116.00"
2019-07-30,2019073001004222,NICA,36,7,20,465.00,"9,300.00"
2019-07-30,2019073001004221,NICA,36,22,40,465.00,"18,600.00"
2019-07-30,2019073001004220,NICA,36,6,34,465.00,"15,810.00"
2019-07-30,2019073001004451,NICL,43,7,165,345.00,"56,925.00"
2019-07-30,2019073001004450,NICL,43,50,50,345.00,"17,250.00"
2019-07-30,2019073001004217,NICL,17,50,50,345.00,"17,250.00"
2019-07-30,2019073001004607,NIL,36,47,17,476.00,"8,092.00"
2019-07-30,2019073001004518,NLBBL,34,11,100,528.00,"52,800.00"
2019-07-30,2019073001004356,NLBBL,48,38,100,530.00,"53,000.00"
2019-07-30,2019073001004355,NLBBL,48,43,22,530.00,"11,660.00"
2019-07-30,2019073001004193,NLBBL,34,42,200,528.00,"105,600.00"
2019-07-30,2019073001004583,NLIC,58,4,49,875.00,"42,875.00"
2019-07-30,2019073001004570,NLIC,35,4,30,875.00,"26,250.00"
2019-07-30,2019073001004569,NLIC,17,4,10,875.00,"8,750.00"
2019-07-30,2019073001004453,NLIC,49,4,40,875.00,"35,000.00"
2019-07-30,2019073001004452,NLIC,22,4,20,875.00,"17,500.00"
2019-07-30,2019073001004415,NLIC,22,4,80,875.00,"70,000.00"
2019-07-30,2019073001004414,NLIC,26,4,20,875.00,"17,500.00"
2019-07-30,2019073001004363,NLIC,56,4,234,876.00,"204,984.00"
2019-07-30,2019073001004402,NMBHF1,58,34,829,9.90,"8,207.10"
2019-07-30,2019073001004384,NMBHF1,58,52,"2,400",9.88,"23,712.00"
2019-07-30,2019073001004288,NMFBS,35,41,15,"1,486.00","22,290.00"
2019-07-30,2019073001004637,NNLB,58,45,150,458.00,"68,700.00"
2019-07-30,2019073001004596,NNLB,58,34,28,457.00,"12,796.00"
2019-07-30,2019073001004595,NNLB,58,47,100,457.00,"45,700.00"
2019-07-30,2019073001004515,NNLB,5,25,95,456.00,"43,320.00"
2019-07-30,2019073001004514,NNLB,5,44,205,455.00,"93,275.00"
2019-07-30,2019073001004478,NSEWA,34,54,20,432.00,"8,640.00"
2019-07-30,2019073001004477,NSEWA,34,13,10,430.00,"4,300.00"
2019-07-30,2019073001004191,NUBL,37,13,30,889.00,"26,670.00"
2019-07-30,2019073001004281,OHL,28,50,287,605.00,"173,635.00"
2019-07-30,2019073001004255,PCBL,56,56,18,282.00,"5,076.00"
2019-07-30,2019073001004173,PFL,1,38,13,137.00,"1,781.00"
2019-07-30,2019073001004469,PIC,48,6,36,466.00,"16,776.00"
2019-07-30,2019073001004309,PIC,48,34,38,466.00,"17,708.00"
2019-07-30,2019073001004308,PIC,20,34,200,467.00,"93,400.00"
2019-07-30,2019073001004307,PIC,49,34,100,467.00,"46,700.00"
2019-07-30,2019073001004306,PIC,41,34,20,467.00,"9,340.00"
2019-07-30,2019073001004305,PIC,57,34,89,467.00,"41,563.00"
2019-07-30,2019073001004304,PIC,57,34,250,468.00,"117,000.00"
2019-07-30,2019073001004303,PIC,45,34,50,468.00,"23,400.00"
2019-07-30,2019073001004302,PIC,41,34,10,468.00,"4,680.00"
2019-07-30,2019073001004301,PIC,56,34,15,468.00,"7,020.00"
2019-07-30,2019073001004300,PIC,39,34,89,469.00,"41,741.00"
2019-07-30,2019073001004282,PIC,39,41,11,469.00,"5,159.00"
2019-07-30,2019073001004152,PICL,6,6,119,535.00,"63,665.00"
2019-07-30,2019073001004480,PLIC,57,47,109,421.00,"45,889.00"
2019-07-30,2019073001004544,PMHPL,56,26,10,104.00,"1,040.00"
2019-07-30,2019073001004420,PMHPL,56,34,10,106.00,"1,060.00"
2019-07-30,2019073001004419,PMHPL,56,43,10,106.00,"1,060.00"
2019-07-30,2019073001004418,PMHPL,56,55,10,106.00,"1,060.00"
2019-07-30,2019073001004417,PMHPL,56,41,10,106.00,"1,060.00"
2019-07-30,2019073001004545,PPCL,6,34,50,137.00,"6,850.00"
2019-07-30,2019073001004493,PPCL,6,57,30,135.00,"4,050.00"
2019-07-30,2019073001004492,PPCL,6,45,20,135.00,"2,700.00"
2019-07-30,2019073001004488,PPCL,6,42,10,134.00,"1,340.00"
2019-07-30,2019073001004487,PPCL,6,6,10,134.00,"1,340.00"
2019-07-30,2019073001004486,PPCL,6,54,30,133.00,"3,990.00"
2019-07-30,2019073001004485,PPCL,6,52,10,133.00,"1,330.00"
2019-07-30,2019073001004484,PPCL,6,52,10,133.00,"1,330.00"
2019-07-30,2019073001004470,PPCL,36,38,10,132.00,"1,320.00"
2019-07-30,2019073001004195,PRIN,44,36,40,356.00,"14,240.00"
2019-07-30,2019073001004160,PRIN,22,6,92,358.00,"32,936.00"
2019-07-30,2019073001004159,PRIN,22,6,88,357.00,"31,416.00"
2019-07-30,2019073001004642,PRVU,49,56,74,274.00,"20,276.00"
2019-07-30,2019073001004585,PRVU,20,4,20,275.00,"5,500.00"
2019-07-30,2019073001004490,PRVU,1,4,100,275.00,"27,500.00"
2019-07-30,2019073001004483,PRVU,44,4,700,275.00,"192,500.00"
2019-07-30,2019073001004476,PRVU,49,47,151,274.00,"41,374.00"
2019-07-30,2019073001004448,PRVU,25,4,"1,000",275.00,"275,000.00"
2019-07-30,2019073001004447,PRVU,51,4,100,275.00,"27,500.00"
2019-07-30,2019073001004410,PRVU,32,4,500,275.00,"137,500.00"
2019-07-30,2019073001004397,PRVU,42,4,100,275.00,"27,500.00"
2019-07-30,2019073001004327,PRVU,36,4,150,275.00,"41,250.00"
2019-07-30,2019073001004286,PRVU,45,4,100,275.00,"27,500.00"
2019-07-30,2019073001004167,RBCLPO,46,59,10,"8,506.00","85,060.00"
2019-07-30,2019073001004246,RHPC,53,57,200,89.00,"17,800.00"
2019-07-30,2019073001004245,RHPC,6,57,500,89.00,"44,500.00"
2019-07-30,2019073001004244,RHPC,43,57,200,89.00,"17,800.00"
2019-07-30,2019073001004243,RHPC,47,57,22,89.00,"1,958.00"
2019-07-30,2019073001004242,RHPC,14,57,100,90.00,"9,000.00"
2019-07-30,2019073001004543,RRHP,47,46,10,104.00,"1,040.00"
2019-07-30,2019073001004449,RRHP,47,21,10,104.00,"1,040.00"
2019-07-30,2019073001004422,RRHP,47,21,10,104.00,"1,040.00"
2019-07-30,2019073001004401,RRHP,47,21,10,104.00,"1,040.00"
2019-07-30,2019073001004382,RSDC,44,44,178,348.00,"61,944.00"
2019-07-30,2019073001004381,RSDC,44,17,48,348.00,"16,704.00"
2019-07-30,2019073001004380,RSDC,44,17,217,348.00,"75,516.00"
2019-07-30,2019073001004641,SANIMA,10,26,200,356.00,"71,200.00"
2019-07-30,2019073001004640,SANIMA,49,26,100,356.00,"35,600.00"
2019-07-30,2019073001004639,SANIMA,1,26,500,356.00,"178,000.00"
2019-07-30,2019073001004638,SANIMA,14,26,"1,004",356.00,"357,424.00"
2019-07-30,2019073001004259,SANIMA,56,49,30,357.00,"10,710.00"
2019-07-30,2019073001004234,SBI,41,43,180,470.00,"84,600.00"
2019-07-30,2019073001004190,SBI,41,48,164,470.00,"77,080.00"
2019-07-30,2019073001004189,SBI,41,19,30,470.00,"14,100.00"
2019-07-30,2019073001004188,SBI,41,19,24,470.00,"11,280.00"
2019-07-30,2019073001004521,SBL,59,49,10,325.00,"3,250.00"
2019-07-30,2019073001004507,SBL,58,48,301,323.00,"97,223.00"
2019-07-30,2019073001004506,SBL,58,51,"1,931",323.00,"623,713.00"
2019-07-30,2019073001004505,SBL,58,50,200,323.00,"64,600.00"
2019-07-30,2019073001004383,SBL,56,40,100,322.00,"32,200.00"
2019-07-30,2019073001004535,SCB,58,57,38,667.00,"25,346.00"
2019-07-30,2019073001004284,SCB,36,57,12,667.00,"8,004.00"
2019-07-30,2019073001004598,SDESI,14,35,100,618.00,"61,800.00"
2019-07-30,2019073001004580,SFFIL,40,6,50,265.00,"13,250.00"
2019-07-30,2019073001004579,SFFIL,22,6,100,266.00,"26,600.00"
2019-07-30,2019073001004578,SFFIL,6,6,30,267.00,"8,010.00"
2019-07-30,2019073001004498,SFFIL,6,52,10,267.00,"2,670.00"
2019-07-30,2019073001004158,SFFIL,21,6,20,270.00,"5,400.00"
2019-07-30,2019073001004603,SHIVM,22,42,200,600.00,"120,000.00"
2019-07-30,2019073001004496,SHIVM,22,34,50,599.00,"29,950.00"
2019-07-30,2019073001004495,SHIVM,40,34,50,599.00,"29,950.00"
2019-07-30,2019073001004215,SHIVM,47,5,100,600.00,"60,000.00"
2019-07-30,2019073001004214,SHIVM,47,43,400,600.00,"240,000.00"
2019-07-30,2019073001004213,SHIVM,47,19,50,600.00,"30,000.00"
2019-07-30,2019073001004212,SHIVM,47,35,100,600.00,"60,000.00"
2019-07-30,2019073001004148,SHL,51,37,"1,000",235.00,"235,000.00"
2019-07-30,2019073001004147,SHL,51,11,100,235.00,"23,500.00"
2019-07-30,2019073001004577,SHPC,34,56,39,247.00,"9,633.00"
2019-07-30,2019073001004273,SHPC,34,56,39,247.00,"9,633.00"
2019-07-30,2019073001004216,SHPC,34,37,26,247.00,"6,422.00"
2019-07-30,2019073001004605,SICL,56,43,500,802.00,"401,000.00"
2019-07-30,2019073001004604,SICL,56,11,100,802.00,"80,200.00"
2019-07-30,2019073001004342,SICL,40,44,100,800.00,"80,000.00"
2019-07-30,2019073001004171,SICL,4,44,96,799.00,"76,704.00"
2019-07-30,2019073001004170,SICL,55,44,30,799.00,"23,970.00"
2019-07-30,2019073001004169,SICL,6,44,450,799.00,"359,550.00"
2019-07-30,2019073001004287,SIFC,34,17,10,159.00,"1,590.00"
2019-07-30,2019073001004635,SIL,34,22,44,453.00,"19,932.00"
2019-07-30,2019073001004566,SLBBL,21,32,400,473.00,"189,200.00"
2019-07-30,2019073001004565,SLBBL,47,32,10,473.00,"4,730.00"
2019-07-30,2019073001004528,SLBBL,42,44,100,475.00,"47,500.00"
2019-07-30,2019073001004527,SLBBL,44,44,50,476.00,"23,800.00"
2019-07-30,2019073001004344,SLBBL,38,25,45,480.00,"21,600.00"
2019-07-30,2019073001004343,SLBBL,38,56,50,480.00,"24,000.00"
2019-07-30,2019073001004163,SLBBL,36,34,50,480.00,"24,000.00"
2019-07-30,2019073001004181,SLBSL,57,34,10,639.00,"6,390.00"
2019-07-30,2019073001004180,SLBSL,57,34,130,638.00,"82,940.00"
2019-07-30,2019073001004179,SLBSL,57,33,10,638.00,"6,380.00"
2019-07-30,2019073001004178,SLBSL,57,45,20,638.00,"12,760.00"
2019-07-30,2019073001004177,SLBSL,57,57,10,635.00,"6,350.00"
2019-07-30,2019073001004183,SLBSL,57,57,10,639.00,"6,390.00"
2019-07-30,2019073001004182,SLBSL,57,35,100,639.00,"63,900.00"
2019-07-30,2019073001004372,SLICL,40,26,100,450.00,"45,000.00"
2019-07-30,2019073001004371,SMB,14,53,50,433.00,"21,650.00"
2019-07-30,2019073001004298,SMB,14,26,100,433.00,"43,300.00"
2019-07-30,2019073001004201,SMB,59,47,50,430.00,"21,500.00"
2019-07-30,2019073001004511,SMFBS,34,53,100,575.00,"57,500.00"
2019-07-30,2019073001004491,SMFBS,52,40,10,572.00,"5,720.00"
2019-07-30,2019073001004479,SMFBS,52,40,10,572.00,"5,720.00"
2019-07-30,2019073001004467,SMFBS,13,40,10,571.00,"5,710.00"
2019-07-30,2019073001004454,SMFBS,13,40,10,571.00,"5,710.00"
2019-07-30,2019073001004446,SMFBS,48,40,10,576.00,"5,760.00"
2019-07-30,2019073001004362,SMFBS,14,40,10,576.00,"5,760.00"
2019-07-30,2019073001004361,SMFBS,14,40,10,576.00,"5,760.00"
2019-07-30,2019073001004360,SMFBS,14,40,10,576.00,"5,760.00"
2019-07-30,2019073001004359,SMFBS,14,40,10,576.00,"5,760.00"
2019-07-30,2019073001004174,SMFBS,57,33,30,587.00,"17,610.00"
2019-07-30,2019073001004428,SMFBS,13,40,10,571.00,"5,710.00"
2019-07-30,2019073001004404,SMFBS,13,40,10,571.00,"5,710.00"
2019-07-30,2019073001004379,SMFBS,48,40,10,576.00,"5,760.00"
2019-07-30,2019073001004378,SMFBS,48,40,10,576.00,"5,760.00"
2019-07-30,2019073001004368,SMFBS,57,40,10,576.00,"5,760.00"
2019-07-30,2019073001004367,SMFBS,57,40,10,576.00,"5,760.00"
2019-07-30,2019073001004524,SPARS,3,33,100,545.00,"54,500.00"
2019-07-30,2019073001004523,SPARS,3,38,10,544.00,"5,440.00"
2019-07-30,2019073001004499,SPARS,3,3,60,543.00,"32,580.00"
2019-07-30,2019073001004481,SPARS,38,3,50,543.00,"27,150.00"
2019-07-30,2019073001004385,SPARS,20,20,10,540.00,"5,400.00"
2019-07-30,2019073001004240,SPARS,36,22,10,546.00,"5,460.00"
2019-07-30,2019073001004157,SPARS,22,22,50,545.00,"27,250.00"
2019-07-30,2019073001004156,SPARS,22,22,50,545.00,"27,250.00"
2019-07-30,2019073001004155,SPARS,22,22,200,545.00,"109,000.00"
2019-07-30,2019073001004154,SPARS,22,22,200,540.00,"108,000.00"
2019-07-30,2019073001004455,SPDL,7,45,17,87.00,"1,479.00"
2019-07-30,2019073001004406,SWBBL,33,35,20,918.00,"18,360.00"
2019-07-30,2019073001004405,SWBBL,33,48,10,918.00,"9,180.00"
2019-07-30,2019073001004210,SWBBL,33,52,13,918.00,"11,934.00"
2019-07-30,2019073001004584,UNHPL,22,46,10,74.00,740.00
2019-07-30,2019073001004574,UNHPL,42,34,190,75.00,"14,250.00"
2019-07-30,2019073001004393,UPPER,39,22,40,272.00,"10,880.00"
2019-07-30,2019073001004227,UPPER,39,11,399,272.00,"108,528.00"
2019-07-30,2019073001004226,UPPER,13,11,101,272.00,"27,472.00"
2019-07-30,2019073001004542,VLBS,11,11,70,520.00,"36,400.00"
2019-07-30,2019073001004135,ADBL,40,37,63,429.00,"27,027.00"
2019-07-30,2019073001004097,ADBL,14,40,99,430.00,"42,570.00"
2019-07-30,2019073001004096,ADBL,14,47,500,430.00,"215,000.00"
2019-07-30,2019073001004095,ADBL,14,56,401,430.00,"172,430.00"
2019-07-30,2019073001004077,ADBL,40,49,"1,000",429.00,"429,000.00"
2019-07-30,2019073001004076,ADBL,57,49,951,429.00,"407,979.00"
2019-07-30,2019073001003767,ADBL,34,17,150,429.00,"64,350.00"
2019-07-30,2019073001003673,ADBL,44,17,300,429.00,"128,700.00"
2019-07-30,2019073001003653,ADBL,40,58,50,428.00,"21,400.00"
2019-07-30,2019073001003651,ADBL,33,17,24,429.00,"10,296.00"
2019-07-30,2019073001003915,ADBL,35,38,46,429.00,"19,734.00"
2019-07-30,2019073001003857,ADBL,35,55,111,429.00,"47,619.00"
2019-07-30,2019073001003856,ADBL,35,47,781,429.00,"335,049.00"
2019-07-30,2019073001003855,ADBL,35,17,606,429.00,"259,974.00"
2019-07-30,2019073001003854,ADBL,35,50,"1,000",429.00,"429,000.00"
2019-07-30,2019073001003838,ADBL,40,17,900,429.00,"386,100.00"
2019-07-30,2019073001004045,ADBL,57,4,49,429.00,"21,021.00"
2019-07-30,2019073001004036,ADBL,40,4,"2,861",429.00,"1,227,369.00"
2019-07-30,2019073001004035,ADBL,40,4,800,429.00,"343,200.00"
2019-07-30,2019073001004034,ADBL,35,4,290,429.00,"124,410.00"
2019-07-30,2019073001003964,ADBL,35,45,152,429.00,"65,208.00"
2019-07-30,2019073001003954,ADBL,35,38,14,429.00,"6,006.00"
2019-07-30,2019073001004142,AHPC,56,37,25,105.00,"2,625.00"
2019-07-30,2019073001004117,ALBSL,51,45,10,438.00,"4,380.00"
2019-07-30,2019073001004116,ALBSL,51,13,10,438.00,"4,380.00"
2019-07-30,2019073001004115,ALBSL,51,13,10,438.00,"4,380.00"
2019-07-30,2019073001004114,ALBSL,51,53,200,437.00,"87,400.00"
2019-07-30,2019073001004113,ALBSL,51,28,10,437.00,"4,370.00"
2019-07-30,2019073001004106,ALBSL,48,17,125,435.00,"54,375.00"
2019-07-30,2019073001003730,ALBSL,40,53,200,431.00,"86,200.00"
2019-07-30,2019073001003729,ALBSL,1,53,200,431.00,"86,200.00"
2019-07-30,2019073001003657,ALBSL,39,17,10,430.00,"4,300.00"
2019-07-30,2019073001004102,ALBSL,25,20,10,432.00,"4,320.00"
2019-07-30,2019073001004033,ALBSL,48,43,20,435.00,"8,700.00"
2019-07-30,2019073001004032,ALBSL,48,25,10,434.00,"4,340.00"
2019-07-30,2019073001004031,ALBSL,48,25,10,434.00,"4,340.00"
2019-07-30,2019073001004007,ALBSL,17,25,200,432.00,"86,400.00"
2019-07-30,2019073001003927,ALBSL,45,29,10,431.00,"4,310.00"
2019-07-30,2019073001003938,API,53,38,200,138.00,"27,600.00"
2019-07-30,2019073001003661,BFC,47,37,139,100.00,"13,900.00"
2019-07-30,2019073001003660,BFC,38,37,151,100.00,"15,100.00"
2019-07-30,2019073001004080,BOKL,16,19,"1,032",267.00,"275,544.00"
2019-07-30,2019073001004029,BOKL,16,5,138,267.00,"36,846.00"
2019-07-30,2019073001004028,BOKL,16,5,"1,000",267.00,"267,000.00"
2019-07-30,2019073001003997,BOKL,17,26,35,268.00,"9,380.00"
2019-07-30,2019073001003684,BOKL,10,37,300,267.00,"80,100.00"
2019-07-30,2019073001003655,BPCL,36,28,12,407.00,"4,884.00"
2019-07-30,2019073001004058,CBBL,46,51,80,985.00,"78,800.00"
2019-07-30,2019073001004057,CBBL,46,22,10,985.00,"9,850.00"
2019-07-30,2019073001004051,CBBL,46,41,10,982.00,"9,820.00"
2019-07-30,2019073001004050,CBBL,26,41,15,982.00,"14,730.00"
2019-07-30,2019073001003934,CBBL,26,1,10,982.00,"9,820.00"
2019-07-30,2019073001004022,CBL,13,21,955,155.00,"148,025.00"
2019-07-30,2019073001004021,CBL,13,38,34,155.00,"5,270.00"
2019-07-30,2019073001004020,CBL,13,48,11,155.00,"1,705.00"
2019-07-30,2019073001003906,CBL,19,48,209,155.00,"32,395.00"
2019-07-30,2019073001003905,CBL,19,44,91,155.00,"14,105.00"
2019-07-30,2019073001003870,CBL,45,44,65,155.00,"10,075.00"
2019-07-30,2019073001003869,CBL,45,46,935,155.00,"144,925.00"
2019-07-30,2019073001003688,CBL,39,7,500,154.00,"77,000.00"
2019-07-30,2019073001004133,CCBL,43,58,"1,000",171.00,"171,000.00"
2019-07-30,2019073001004132,CCBL,45,58,"1,000",171.00,"171,000.00"
2019-07-30,2019073001004131,CCBL,42,58,61,171.00,"10,431.00"
2019-07-30,2019073001004130,CCBL,32,58,"1,000",171.00,"171,000.00"
2019-07-30,2019073001004129,CCBL,13,58,500,171.00,"85,500.00"
2019-07-30,2019073001004128,CCBL,32,58,50,171.00,"8,550.00"
2019-07-30,2019073001003815,CCBL,3,58,325,172.00,"55,900.00"
2019-07-30,2019073001004079,CCBL,32,37,350,171.00,"59,850.00"
2019-07-30,2019073001004066,CCBL,32,48,200,171.00,"34,200.00"
2019-07-30,2019073001003828,CCBL,32,58,"1,400",171.00,"239,400.00"
2019-07-30,2019073001003827,CCBL,51,58,100,171.00,"17,100.00"
2019-07-30,2019073001003826,CCBL,32,58,"1,000",171.00,"171,000.00"
2019-07-30,2019073001004056,CFCL,28,36,100,120.00,"12,000.00"
2019-07-30,2019073001004037,CHCL,6,35,56,510.00,"28,560.00"
2019-07-30,2019073001004010,CHCL,17,59,15,511.00,"7,665.00"
2019-07-30,2019073001003773,CHCL,35,59,20,511.00,"10,220.00"
2019-07-30,2019073001003680,CHCL,1,59,56,511.00,"28,616.00"
2019-07-30,2019073001004062,CIT,22,17,11,"2,445.00","26,895.00"
2019-07-30,2019073001004012,CLBSL,37,57,11,500.00,"5,500.00"
2019-07-30,2019073001003960,CLBSL,33,55,11,502.00,"5,522.00"
2019-07-30,2019073001003643,CLBSL,35,11,11,505.00,"5,555.00"
2019-07-30,2019073001003961,CZBIL,53,38,90,225.00,"20,250.00"
2019-07-30,2019073001003917,DDBL,45,50,89,740.00,"65,860.00"
2019-07-30,2019073001003916,DDBL,58,50,300,741.00,"222,300.00"
2019-07-30,2019073001003780,DDBL,45,6,10,743.00,"7,430.00"
2019-07-30,2019073001003652,EBL,40,59,51,665.00,"33,915.00"
2019-07-30,2019073001004089,EIC,35,42,278,358.00,"99,524.00"
2019-07-30,2019073001003955,EIC,1,42,50,358.00,"17,900.00"
2019-07-30,2019073001003689,EIC,57,17,80,360.00,"28,800.00"
2019-07-30,2019073001004026,GBBL,8,49,150,226.00,"33,900.00"
2019-07-30,2019073001003779,GBBL,8,46,200,226.00,"45,200.00"
2019-07-30,2019073001003736,GBBL,44,7,20,227.00,"4,540.00"
2019-07-30,2019073001003728,GBBL,44,7,20,227.00,"4,540.00"
2019-07-30,2019073001003720,GBBL,44,7,20,227.00,"4,540.00"
2019-07-30,2019073001003712,GBBL,44,29,20,227.00,"4,540.00"
2019-07-30,2019073001003698,GBBL,44,29,20,227.00,"4,540.00"
2019-07-30,2019073001003879,GBLBS,17,34,30,354.00,"10,620.00"
2019-07-30,2019073001003900,GHL,16,25,30,84.00,"2,520.00"
2019-07-30,2019073001003686,GILB,14,58,182,711.00,"129,402.00"
2019-07-30,2019073001003875,GLBSL,48,26,10,440.00,"4,400.00"
2019-07-30,2019073001003824,GLBSL,48,59,10,440.00,"4,400.00"
2019-07-30,2019073001003807,GLBSL,14,59,10,440.00,"4,400.00"
2019-07-30,2019073001004124,GMFBS,10,52,200,540.00,"108,000.00"
2019-07-30,2019073001004088,GMFBS,52,19,10,536.00,"5,360.00"
2019-07-30,2019073001004044,GMFBS,52,40,10,536.00,"5,360.00"
2019-07-30,2019073001004038,GMFBS,52,40,10,536.00,"5,360.00"
2019-07-30,2019073001004019,GMFBS,52,40,10,536.00,"5,360.00"
2019-07-30,2019073001004011,GMFBS,52,40,10,536.00,"5,360.00"
2019-07-30,2019073001003702,GMFBS,52,44,10,540.00,"5,400.00"
2019-07-30,2019073001003701,GMFBS,52,44,10,540.00,"5,400.00"
2019-07-30,2019073001003700,GMFBS,52,44,10,540.00,"5,400.00"
2019-07-30,2019073001003699,GMFBS,52,44,10,540.00,"5,400.00"
2019-07-30,2019073001003708,GMFBS,52,42,10,540.00,"5,400.00"
2019-07-30,2019073001003707,GMFBS,52,21,60,540.00,"32,400.00"
2019-07-30,2019073001003706,GMFBS,52,44,10,540.00,"5,400.00"
2019-07-30,2019073001003705,GMFBS,52,44,10,540.00,"5,400.00"
2019-07-30,2019073001003704,GMFBS,52,44,10,540.00,"5,400.00"
2019-07-30,2019073001003703,GMFBS,52,44,10,540.00,"5,400.00"
2019-07-30,2019073001003935,GMFBS,58,40,10,540.00,"5,400.00"
2019-07-30,2019073001003863,GMFBS,52,57,10,540.00,"5,400.00"
2019-07-30,2019073001003862,GMFBS,52,26,100,540.00,"54,000.00"
2019-07-30,2019073001003777,GMFBS,52,26,100,540.00,"54,000.00"
2019-07-30,2019073001003710,GMFBS,52,33,20,540.00,"10,800.00"
2019-07-30,2019073001003709,GMFBS,52,50,400,540.00,"216,000.00"
2019-07-30,2019073001003962,GMFBS,52,40,10,536.00,"5,360.00"
2019-07-30,2019073001003952,GMFBS,58,40,10,540.00,"5,400.00"
2019-07-30,2019073001003944,GMFBS,39,38,50,542.00,"27,100.00"
2019-07-30,2019073001003943,GMFBS,39,44,10,541.00,"5,410.00"
2019-07-30,2019073001003942,GMFBS,39,44,10,541.00,"5,410.00"
2019-07-30,2019073001003941,GMFBS,39,44,10,541.00,"5,410.00"
2019-07-30,2019073001004008,GMFBS,52,40,10,536.00,"5,360.00"
2019-07-30,2019073001004000,GMFBS,33,55,10,545.00,"5,450.00"
2019-07-30,2019073001003999,GMFBS,33,45,10,545.00,"5,450.00"
2019-07-30,2019073001003996,GMFBS,52,40,10,536.00,"5,360.00"
2019-07-30,2019073001003990,GMFBS,52,40,10,536.00,"5,360.00"
2019-07-30,2019073001003979,GMFBS,52,40,10,536.00,"5,360.00"
2019-07-30,2019073001003771,GMFIL,43,51,50,125.00,"6,250.00"
2019-07-30,2019073001003770,GMFIL,52,51,50,125.00,"6,250.00"
2019-07-30,2019073001003991,HDL,33,49,10,"1,575.00","15,750.00"
2019-07-30,2019073001004025,HGI,22,51,200,341.00,"68,200.00"
2019-07-30,2019073001003849,HGI,55,34,200,340.00,"68,000.00"
2019-07-30,2019073001003733,HGI,34,38,"1,000",341.00,"341,000.00"
2019-07-30,2019073001003732,HGI,55,38,40,342.00,"13,680.00"
2019-07-30,2019073001004141,HIDCL,49,19,61,157.00,"9,577.00"
2019-07-30,2019073001004140,HIDCL,49,48,61,157.00,"9,577.00"
2019-07-30,2019073001004139,HIDCL,49,48,61,157.00,"9,577.00"
2019-07-30,2019073001004138,HIDCL,49,48,61,157.00,"9,577.00"
2019-07-30,2019073001004137,HIDCL,49,48,61,157.00,"9,577.00"
2019-07-30,2019073001004136,HIDCL,49,19,669,157.00,"105,033.00"
2019-07-30,2019073001004083,HIDCL,59,19,100,157.00,"15,700.00"
2019-07-30,2019073001003982,HIDCL,59,38,95,156.00,"14,820.00"
2019-07-30,2019073001003933,HIDCL,49,19,100,157.00,"15,700.00"
2019-07-30,2019073001003877,HIDCL,56,19,131,157.00,"20,567.00"
2019-07-30,2019073001003876,HIDCL,56,51,369,157.00,"57,933.00"
2019-07-30,2019073001003677,HIDCL,37,35,14,156.00,"2,184.00"
2019-07-30,2019073001003796,HPPL,22,51,10,170.00,"1,700.00"
2019-07-30,2019073001003914,HURJA,35,38,20,136.00,"2,720.00"
2019-07-30,2019073001003825,HURJA,25,58,20,135.00,"2,700.00"
2019-07-30,2019073001004059,IGI,37,35,50,347.00,"17,350.00"
2019-07-30,2019073001004042,IGI,37,6,150,347.00,"52,050.00"
2019-07-30,2019073001004041,IGI,51,6,50,347.00,"17,350.00"
2019-07-30,2019073001004009,ILBS,18,52,10,450.00,"4,500.00"
2019-07-30,2019073001003957,ILBS,18,52,10,449.00,"4,490.00"
2019-07-30,2019073001003956,ILBS,18,25,10,449.00,"4,490.00"
2019-07-30,2019073001003801,ILBS,11,38,10,444.00,"4,440.00"
2019-07-30,2019073001003782,ILBS,11,38,10,444.00,"4,440.00"
2019-07-30,2019073001003690,ILBS,39,51,10,445.00,"4,450.00"
2019-07-30,2019073001003953,JBBL,39,51,109,161.00,"17,549.00"
2019-07-30,2019073001003913,JBBL,42,51,177,161.00,"28,497.00"
2019-07-30,2019073001003884,JBBL,42,42,"1,823",161.00,"293,503.00"
2019-07-30,2019073001003883,JBBL,59,42,177,161.00,"28,497.00"
2019-07-30,2019073001003759,JBBL,59,34,323,161.00,"52,003.00"
2019-07-30,2019073001003758,JBBL,49,34,657,161.00,"105,777.00"
2019-07-30,2019073001003885,JSLBB,51,14,10,"1,015.00","10,150.00"
2019-07-30,2019073001003968,KBL,34,6,136,215.00,"29,240.00"
2019-07-30,2019073001003967,KBL,6,6,50,215.00,"10,750.00"
2019-07-30,2019073001003966,KBL,36,6,50,215.00,"10,750.00"
2019-07-30,2019073001003911,KBL,36,56,950,215.00,"204,250.00"
2019-07-30,2019073001003910,KBL,38,56,75,215.00,"16,125.00"
2019-07-30,2019073001003909,KBL,6,56,211,215.00,"45,365.00"
2019-07-30,2019073001003716,KBL,6,35,120,215.00,"25,800.00"
2019-07-30,2019073001003666,KBL,6,52,669,215.00,"143,835.00"
2019-07-30,2019073001003665,KBL,55,52,"1,000",215.00,"215,000.00"
2019-07-30,2019073001003664,KBL,22,52,100,215.00,"21,500.00"
2019-07-30,2019073001003663,KBL,40,52,725,215.00,"155,875.00"
2019-07-30,2019073001003737,KKHC,25,35,10,67.00,670.00
2019-07-30,2019073001003803,KSBBL,3,14,325,155.00,"50,375.00"
2019-07-30,2019073001003778,KSBBL,29,51,50,154.00,"7,700.00"
2019-07-30,2019073001004063,LBBL,25,28,20,206.00,"4,120.00"
2019-07-30,2019073001003908,LBBL,39,5,345,207.00,"71,415.00"
2019-07-30,2019073001003907,LBBL,39,42,155,207.00,"32,085.00"
2019-07-30,2019073001003691,LBBL,26,42,25,207.00,"5,175.00"
2019-07-30,2019073001004104,LBL,52,36,400,221.00,"88,400.00"
2019-07-30,2019073001003912,LBL,34,52,"1,342",222.00,"297,924.00"
2019-07-30,2019073001003761,LBL,34,52,254,222.00,"56,388.00"
2019-07-30,2019073001003760,LBL,34,42,46,222.00,"10,212.00"
2019-07-30,2019073001003739,LGIL,36,57,220,426.00,"93,720.00"
2019-07-30,2019073001003697,LGIL,56,57,450,424.00,"190,800.00"
2019-07-30,2019073001003696,LGIL,51,57,100,424.00,"42,400.00"
2019-07-30,2019073001003695,LGIL,7,57,10,424.00,"4,240.00"
2019-07-30,2019073001003694,LGIL,37,57,200,425.00,"85,000.00"
2019-07-30,2019073001003693,LGIL,46,57,20,426.00,"8,520.00"
2019-07-30,2019073001003846,LICN,16,26,15,"1,133.00","16,995.00"
2019-07-30,2019073001003845,LICN,43,26,50,"1,133.00","56,650.00"
2019-07-30,2019073001003841,LICN,28,26,185,"1,140.00","210,900.00"
2019-07-30,2019073001003746,LICN,20,35,61,"1,132.00","69,052.00"
2019-07-30,2019073001003745,LICN,22,35,27,"1,132.00","30,564.00"
2019-07-30,2019073001003744,LICN,16,35,12,"1,132.00","13,584.00"
2019-07-30,2019073001003981,LLBS,6,55,14,717.00,"10,038.00"
2019-07-30,2019073001003816,LLBS,6,58,12,715.00,"8,580.00"
2019-07-30,2019073001003814,LLBS,8,58,50,715.00,"35,750.00"
2019-07-30,2019073001003813,LLBS,22,58,200,715.00,"143,000.00"
2019-07-30,2019073001003812,LLBS,8,58,30,716.00,"21,480.00"
2019-07-30,2019073001003658,LLBS,39,58,65,721.00,"46,865.00"
2019-07-30,2019073001003951,MBL,58,38,100,266.00,"26,600.00"
2019-07-30,2019073001003936,MBL,49,38,21,266.00,"5,586.00"
2019-07-30,2019073001003878,MBL,49,6,179,266.00,"47,614.00"
2019-07-30,2019073001004067,MEGA,32,52,200,209.00,"41,800.00"
2019-07-30,2019073001004016,MEGA,52,41,64,208.00,"13,312.00"
2019-07-30,2019073001003993,MEGA,52,38,100,208.00,"20,800.00"
2019-07-30,2019073001003958,MEGA,22,52,200,209.00,"41,800.00"
2019-07-30,2019073001003922,MEGA,52,42,400,208.00,"83,200.00"
2019-07-30,2019073001003892,MEGA,53,5,50,209.00,"10,450.00"
2019-07-30,2019073001003674,MEGA,10,34,500,209.00,"104,500.00"
2019-07-30,2019073001003659,MEGA,52,40,113,208.00,"23,504.00"
2019-07-30,2019073001003891,MEGA,53,22,500,209.00,"104,500.00"
2019-07-30,2019073001003890,MEGA,53,34,175,209.00,"36,575.00"
2019-07-30,2019073001003871,MEGA,52,21,56,208.00,"11,648.00"
2019-07-30,2019073001003797,MEGA,3,34,325,209.00,"67,925.00"
2019-07-30,2019073001003749,MEGA,52,35,19,208.00,"3,952.00"
2019-07-30,2019073001003676,MEGA,52,40,110,208.00,"22,880.00"
2019-07-30,2019073001004039,MERO,48,57,33,530.00,"17,490.00"
2019-07-30,2019073001003899,MERO,48,13,33,530.00,"17,490.00"
2019-07-30,2019073001003829,MERO,52,52,1,528.00,528.00
2019-07-30,2019073001004107,MFIL,17,28,136,126.00,"17,136.00"
2019-07-30,2019073001003768,MHNL,52,22,30,100.00,"3,000.00"
2019-07-30,2019073001003662,MHNL,59,36,40,99.00,"3,960.00"
2019-07-30,2019073001003992,MLBBL,34,55,32,452.00,"14,464.00"
2019-07-30,2019073001003874,MLBL,45,22,200,203.00,"40,600.00"
2019-07-30,2019073001003873,MLBL,45,32,500,203.00,"101,500.00"
2019-07-30,2019073001003872,MLBL,45,45,300,203.00,"60,900.00"
2019-07-30,2019073001003747,MLBL,45,28,76,201.00,"15,276.00"
2019-07-30,2019073001003921,MNBBL,38,1,20,375.00,"7,500.00"
2019-07-30,2019073001003741,MPFL,16,46,10,119.00,"1,190.00"
2019-07-30,2019073001003644,MSMBS,38,38,1,461.00,461.00
2019-07-30,2019073001004105,NABIL,28,17,400,804.00,"321,600.00"
2019-07-30,2019073001004087,NABIL,28,52,425,803.00,"341,275.00"
2019-07-30,2019073001004078,NABIL,51,52,75,803.00,"60,225.00"
2019-07-30,2019073001003985,NABIL,28,6,150,803.00,"120,450.00"
2019-07-30,2019073001003757,NABIL,44,3,100,802.00,"80,200.00"
2019-07-30,2019073001003817,NADEP,39,35,20,447.00,"8,940.00"
2019-07-30,2019073001003735,NADEP,39,52,10,447.00,"4,470.00"
2019-07-30,2019073001003734,NADEP,45,53,20,448.00,"8,960.00"
2019-07-30,2019073001003715,NADEP,38,53,300,448.00,"134,400.00"
2019-07-30,2019073001003714,NADEP,43,53,80,449.00,"35,920.00"
2019-07-30,2019073001004004,NAGRO,28,41,140,647.00,"90,580.00"
2019-07-30,2019073001004003,NAGRO,28,58,45,646.00,"29,070.00"
2019-07-30,2019073001004002,NAGRO,28,35,10,645.00,"6,450.00"
2019-07-30,2019073001003995,NAGRO,28,6,100,644.00,"64,400.00"
2019-07-30,2019073001003994,NAGRO,28,42,10,640.00,"6,400.00"
2019-07-30,2019073001003949,NAGRO,34,37,120,638.00,"76,560.00"
2019-07-30,2019073001003783,NAGRO,34,18,120,630.00,"75,600.00"
2019-07-30,2019073001003769,NAGRO,48,21,100,629.00,"62,900.00"
2019-07-30,2019073001003766,NAGRO,48,21,100,629.00,"62,900.00"
2019-07-30,2019073001003731,NAGRO,51,17,10,625.00,"6,250.00"
2019-07-30,2019073001003789,NAGRO,34,22,10,634.00,"6,340.00"
2019-07-30,2019073001003788,NAGRO,34,42,539,634.00,"341,726.00"
2019-07-30,2019073001003787,NAGRO,34,39,10,634.00,"6,340.00"
2019-07-30,2019073001003786,NAGRO,34,44,10,634.00,"6,340.00"
2019-07-30,2019073001003785,NAGRO,34,52,10,632.00,"6,320.00"
2019-07-30,2019073001003784,NAGRO,34,43,10,630.00,"6,300.00"
2019-07-30,2019073001004119,NBB,39,7,124,224.00,"27,776.00"
2019-07-30,2019073001004060,NBB,39,11,14,224.00,"3,136.00"
2019-07-30,2019073001004134,NBL,37,17,21,339.00,"7,119.00"
2019-07-30,2019073001004109,NBL,26,17,20,339.00,"6,780.00"
2019-07-30,2019073001004092,NBL,8,17,159,339.00,"53,901.00"
2019-07-30,2019073001004091,NBL,8,10,341,339.00,"115,599.00"
2019-07-30,2019073001004081,NBL,29,10,300,339.00,"101,700.00"
2019-07-30,2019073001004070,NBL,17,49,10,338.00,"3,380.00"
2019-07-30,2019073001003843,NBL,6,34,341,339.00,"115,599.00"
2019-07-30,2019073001003842,NBL,39,34,401,339.00,"135,939.00"
2019-07-30,2019073001003740,NBL,39,40,185,339.00,"62,715.00"
2019-07-30,2019073001003649,NBL,36,44,30,340.00,"10,200.00"
2019-07-30,2019073001004069,NBL,17,49,200,338.00,"67,600.00"
2019-07-30,2019073001004068,NBL,5,49,290,338.00,"98,020.00"
2019-07-30,2019073001003948,NBL,39,10,100,339.00,"33,900.00"
2019-07-30,2019073001003947,NBL,57,10,50,339.00,"16,950.00"
2019-07-30,2019073001003946,NBL,57,10,50,339.00,"16,950.00"
2019-07-30,2019073001003945,NBL,6,10,159,339.00,"53,901.00"
2019-07-30,2019073001004112,NCCB,57,1,"1,000",247.00,"247,000.00"
2019-07-30,2019073001004111,NCCB,57,17,"1,000",247.00,"247,000.00"
2019-07-30,2019073001004110,NCCB,57,45,"1,000",247.00,"247,000.00"
2019-07-30,2019073001004055,NCCB,57,44,500,246.00,"123,000.00"
2019-07-30,2019073001004054,NCCB,57,41,250,246.00,"61,500.00"
2019-07-30,2019073001004053,NCCB,57,34,800,246.00,"196,800.00"
2019-07-30,2019073001004052,NCCB,57,1,"1,200",246.00,"295,200.00"
2019-07-30,2019073001004043,NCCB,26,51,150,245.00,"36,750.00"
2019-07-30,2019073001003918,NCCB,26,6,75,245.00,"18,375.00"
2019-07-30,2019073001003818,NHPC,42,28,150,65.00,"9,750.00"
2019-07-30,2019073001004006,NIB,29,38,21,516.00,"10,836.00"
2019-07-30,2019073001004005,NIB,38,38,14,516.00,"7,224.00"
2019-07-30,2019073001003648,NICL,32,50,100,344.00,"34,400.00"
2019-07-30,2019073001004126,NLBBL,34,4,150,528.00,"79,200.00"
2019-07-30,2019073001004125,NLBBL,34,4,50,528.00,"26,400.00"
2019-07-30,2019073001003800,NLBBL,34,58,950,528.00,"501,600.00"
2019-07-30,2019073001003799,NLBBL,40,58,50,528.00,"26,400.00"
2019-07-30,2019073001004049,NLIC,47,4,50,875.00,"43,750.00"
2019-07-30,2019073001004048,NLIC,38,4,200,875.00,"175,000.00"
2019-07-30,2019073001004047,NLIC,42,4,45,875.00,"39,375.00"
2019-07-30,2019073001004030,NLIC,19,41,17,875.00,"14,875.00"
2019-07-30,2019073001003931,NLIC,19,4,40,875.00,"35,000.00"
2019-07-30,2019073001003930,NLIC,54,4,25,875.00,"21,875.00"
2019-07-30,2019073001003929,NLIC,19,4,50,875.00,"43,750.00"
2019-07-30,2019073001003928,NLIC,42,4,80,875.00,"70,000.00"
2019-07-30,2019073001003823,NLIC,37,4,50,875.00,"43,750.00"
2019-07-30,2019073001003822,NLIC,45,4,10,875.00,"8,750.00"
2019-07-30,2019073001003821,NLIC,54,4,10,875.00,"8,750.00"
2019-07-30,2019073001003820,NLIC,6,4,30,875.00,"26,250.00"
2019-07-30,2019073001004103,NLICL,13,46,100,585.00,"58,500.00"
2019-07-30,2019073001003984,NLICL,33,57,32,588.00,"18,816.00"
2019-07-30,2019073001003806,NLICL,7,46,100,586.00,"58,600.00"
2019-07-30,2019073001003889,NMBHF1,10,40,"1,824",9.86,"17,984.64"
2019-07-30,2019073001003888,NMBHF1,7,40,100,9.87,987.00
2019-07-30,2019073001003887,NMBHF1,59,40,"1,000",9.90,"9,900.00"
2019-07-30,2019073001003656,NMBMF,38,38,5,"1,056.00","5,280.00"
2019-07-30,2019073001003751,NMBSF1,26,45,"5,000",11.16,"55,800.00"
2019-07-30,2019073001004024,NMFBS,35,41,15,"1,484.00","22,260.00"
2019-07-30,2019073001003765,NNLB,58,44,75,455.00,"34,125.00"
2019-07-30,2019073001003764,NNLB,58,34,100,455.00,"45,500.00"
2019-07-30,2019073001003763,NNLB,58,49,25,454.00,"11,350.00"
2019-07-30,2019073001003896,NSEWA,51,36,10,425.00,"4,250.00"
2019-07-30,2019073001003895,NSEWA,51,48,10,424.00,"4,240.00"
2019-07-30,2019073001003894,NSEWA,51,40,10,420.00,"4,200.00"
2019-07-30,2019073001003868,NSEWA,11,42,10,420.00,"4,200.00"
2019-07-30,2019073001003867,NSEWA,11,19,10,419.00,"4,190.00"
2019-07-30,2019073001003866,NSEWA,11,21,10,417.00,"4,170.00"
2019-07-30,2019073001003965,NTC,39,33,200,692.00,"138,400.00"
2019-07-30,2019073001003654,NTC,39,43,500,692.00,"346,000.00"
2019-07-30,2019073001003919,PCBL,56,51,197,282.00,"55,554.00"
2019-07-30,2019073001003881,PCBL,56,44,10,282.00,"2,820.00"
2019-07-30,2019073001003880,PCBL,47,38,28,283.00,"7,924.00"
2019-07-30,2019073001003858,PCBL,53,38,400,283.00,"113,200.00"
2019-07-30,2019073001003776,PCBL,47,35,100,282.00,"28,200.00"
2019-07-30,2019073001003775,PCBL,47,51,100,282.00,"28,200.00"
2019-07-30,2019073001004086,PIC,56,42,85,468.00,"39,780.00"
2019-07-30,2019073001004085,PIC,45,42,20,469.00,"9,380.00"
2019-07-30,2019073001004084,PIC,19,42,22,469.00,"10,318.00"
2019-07-30,2019073001004014,PIC,32,49,60,470.00,"28,200.00"
2019-07-30,2019073001003939,PICL,6,6,40,537.00,"21,480.00"
2019-07-30,2019073001003836,PLIC,52,37,100,423.00,"42,300.00"
2019-07-30,2019073001003687,PMHPL,56,38,10,104.00,"1,040.00"
2019-07-30,2019073001003978,PPCL,36,22,30,132.00,"3,960.00"
2019-07-30,2019073001003923,PPCL,43,52,20,133.00,"2,660.00"
2019-07-30,2019073001003904,PPCL,43,52,10,133.00,"1,330.00"
2019-07-30,2019073001003865,PPCL,43,52,10,133.00,"1,330.00"
2019-07-30,2019073001003805,PPCL,43,52,10,133.00,"1,330.00"
2019-07-30,2019073001003774,PPCL,43,52,10,133.00,"1,330.00"
2019-07-30,2019073001003750,PPCL,43,52,10,133.00,"1,330.00"
2019-07-30,2019073001003721,PPCL,43,52,10,133.00,"1,330.00"
2019-07-30,2019073001004118,PRIN,22,6,390,357.00,"139,230.00"
2019-07-30,2019073001004098,PRIN,44,37,600,356.00,"213,600.00"
2019-07-30,2019073001003722,PRIN,44,17,500,358.00,"179,000.00"
2019-07-30,2019073001003685,PRIN,4,19,744,357.00,"265,608.00"
2019-07-30,2019073001004082,PRVU,45,4,200,275.00,"55,000.00"
2019-07-30,2019073001004061,PRVU,49,38,21,274.00,"5,754.00"
2019-07-30,2019073001003920,PRVU,49,4,100,275.00,"27,500.00"
2019-07-30,2019073001003864,PRVU,34,4,300,275.00,"82,500.00"
2019-07-30,2019073001003860,PRVU,34,4,"1,000",275.00,"275,000.00"
2019-07-30,2019073001003848,PRVU,32,4,846,275.00,"232,650.00"
2019-07-30,2019073001003670,PRVU,50,21,500,275.00,"137,500.00"
2019-07-30,2019073001003669,PRVU,50,35,32,275.00,"8,800.00"
2019-07-30,2019073001003668,PRVU,50,4,230,275.00,"63,250.00"
2019-07-30,2019073001003667,PRVU,50,35,453,275.00,"124,575.00"
2019-07-30,2019073001003847,PRVU,32,42,54,275.00,"14,850.00"
2019-07-30,2019073001003844,PRVU,46,58,20,275.00,"5,500.00"
2019-07-30,2019073001003835,PRVU,42,58,25,275.00,"6,875.00"
2019-07-30,2019073001003762,PRVU,49,35,54,274.00,"14,796.00"
2019-07-30,2019073001003672,PRVU,50,46,25,275.00,"6,875.00"
2019-07-30,2019073001003671,PRVU,50,39,550,275.00,"151,250.00"
2019-07-30,2019073001003819,RADHI,54,58,100,153.00,"15,300.00"
2019-07-30,2019073001003811,RADHI,54,57,10,150.00,"1,500.00"
2019-07-30,2019073001003810,RADHI,54,56,10,150.00,"1,500.00"
2019-07-30,2019073001003809,RADHI,54,22,100,149.00,"14,900.00"
2019-07-30,2019073001003808,RADHI,54,57,11,149.00,"1,639.00"
2019-07-30,2019073001003804,RADHI,54,43,11,148.00,"1,628.00"
2019-07-30,2019073001003798,RADHI,54,37,11,146.00,"1,606.00"
2019-07-30,2019073001003717,RADHI,4,32,10,144.00,"1,440.00"
2019-07-30,2019073001003692,RADHI,38,38,11,144.00,"1,584.00"
2019-07-30,2019073001003802,RMDC,50,17,490,677.00,"331,730.00"
2019-07-30,2019073001003781,RRHP,47,25,10,104.00,"1,040.00"
2019-07-30,2019073001004040,RSDC,21,41,20,347.00,"6,940.00"
2019-07-30,2019073001004013,RSDC,21,38,27,347.00,"9,369.00"
2019-07-30,2019073001003859,SADBL,35,46,68,154.00,"10,472.00"
2019-07-30,2019073001003926,SAEF,52,41,"2,000",9.73,"19,460.00"
2019-07-30,2019073001003925,SAEF,52,41,"1,000",9.81,"9,810.00"
2019-07-30,2019073001003924,SAEF,42,41,"2,000",9.87,"19,740.00"
2019-07-30,2019073001004108,SANIMA,29,49,200,358.00,"71,600.00"
2019-07-30,2019073001003940,SANIMA,35,35,300,357.00,"107,100.00"
2019-07-30,2019073001003837,SANIMA,56,58,270,357.00,"96,390.00"
2019-07-30,2019073001003748,SANIMA,40,58,180,357.00,"64,260.00"
2019-07-30,2019073001003679,SANIMA,14,38,996,356.00,"354,576.00"
2019-07-30,2019073001003678,SANIMA,50,38,16,356.00,"5,696.00"
2019-07-30,2019073001003650,SANIMA,50,35,84,356.00,"29,904.00"
2019-07-30,2019073001004093,SBI,26,19,20,470.00,"9,400.00"
2019-07-30,2019073001004074,SBL,57,51,69,323.00,"22,287.00"
2019-07-30,2019073001004073,SBL,57,57,10,323.00,"3,230.00"
2019-07-30,2019073001004072,SBL,57,14,101,323.00,"32,623.00"
2019-07-30,2019073001004071,SBL,57,29,20,323.00,"6,460.00"
2019-07-30,2019073001003882,SBL,34,40,131,322.00,"42,182.00"
2019-07-30,2019073001003861,SBL,16,40,869,322.00,"279,818.00"
2019-07-30,2019073001003725,SBL,16,7,100,322.00,"32,200.00"
2019-07-30,2019073001003724,SBL,16,51,589,322.00,"189,658.00"
2019-07-30,2019073001003723,SBL,16,33,350,322.00,"112,700.00"
2019-07-30,2019073001004046,SCB,26,41,20,663.00,"13,260.00"
2019-07-30,2019073001004001,SCB,26,55,20,663.00,"13,260.00"
2019-07-30,2019073001003683,SCB,28,51,90,665.00,"59,850.00"
2019-07-30,2019073001003682,SCB,28,25,132,665.00,"87,780.00"
2019-07-30,2019073001003681,SCB,28,51,130,664.00,"86,320.00"
2019-07-30,2019073001003950,SDESI,53,53,100,621.00,"62,100.00"
2019-07-30,2019073001004099,SHINE,21,57,200,251.00,"50,200.00"
2019-07-30,2019073001004027,SHINE,57,57,44,251.00,"11,044.00"
2019-07-30,2019073001003998,SHINE,57,57,96,251.00,"24,096.00"
2019-07-30,2019073001004094,SHPC,14,33,222,248.00,"55,056.00"
2019-07-30,2019073001004015,SHPC,34,55,30,247.00,"7,410.00"
2019-07-30,2019073001003711,SHPC,49,6,46,247.00,"11,362.00"
2019-07-30,2019073001003898,SICL,55,6,200,803.00,"160,600.00"
2019-07-30,2019073001003897,SICL,55,44,90,802.00,"72,180.00"
2019-07-30,2019073001003675,SICL,4,43,300,801.00,"240,300.00"
2019-07-30,2019073001003959,SIL,47,22,20,460.00,"9,200.00"
2019-07-30,2019073001004127,SLBBL,36,38,100,479.00,"47,900.00"
2019-07-30,2019073001003647,SLBBL,21,44,890,472.00,"420,080.00"
2019-07-30,2019073001003646,SLBBL,37,44,100,473.00,"47,300.00"
2019-07-30,2019073001003645,SLBBL,45,44,10,473.00,"4,730.00"
2019-07-30,2019073001003932,SLBBL,38,44,400,475.00,"190,000.00"
2019-07-30,2019073001003976,SLBSL,18,28,200,634.00,"126,800.00"
2019-07-30,2019073001003975,SLBSL,18,42,30,633.00,"18,990.00"
2019-07-30,2019073001003974,SLBSL,18,17,100,632.00,"63,200.00"
2019-07-30,2019073001003973,SLBSL,18,34,50,630.00,"31,500.00"
2019-07-30,2019073001003972,SLBSL,18,10,10,630.00,"6,300.00"
2019-07-30,2019073001003971,SLBSL,18,48,10,625.00,"6,250.00"
2019-07-30,2019073001003970,SLBSL,18,6,70,625.00,"43,750.00"
2019-07-30,2019073001004017,SMB,37,26,20,425.00,"8,500.00"
2019-07-30,2019073001004023,SMFBS,57,26,20,577.00,"11,540.00"
2019-07-30,2019073001004018,SMFBS,52,4,10,566.00,"5,660.00"
2019-07-30,2019073001003989,SMFBS,57,26,140,577.00,"80,780.00"
2019-07-30,2019073001003988,SMFBS,57,33,10,577.00,"5,770.00"
2019-07-30,2019073001003987,SMFBS,57,14,20,577.00,"11,540.00"
2019-07-30,2019073001003986,SMFBS,57,59,30,577.00,"17,310.00"
2019-07-30,2019073001003790,SMFBS,57,34,10,565.00,"5,650.00"
2019-07-30,2019073001003743,SMFBS,39,33,10,560.00,"5,600.00"
2019-07-30,2019073001003742,SMFBS,39,25,10,560.00,"5,600.00"
2019-07-30,2019073001003983,SMFBS,21,34,10,572.00,"5,720.00"
2019-07-30,2019073001003795,SMFBS,57,59,10,566.00,"5,660.00"
2019-07-30,2019073001003794,SMFBS,57,59,40,566.00,"22,640.00"
2019-07-30,2019073001003793,SMFBS,57,21,10,565.00,"5,650.00"
2019-07-30,2019073001003792,SMFBS,57,45,10,565.00,"5,650.00"
2019-07-30,2019073001003791,SMFBS,57,44,10,565.00,"5,650.00"
2019-07-30,2019073001004075,SPARS,39,22,30,538.00,"16,140.00"
2019-07-30,2019073001004065,SPARS,39,1,10,538.00,"5,380.00"
2019-07-30,2019073001004064,SPARS,39,42,10,536.00,"5,360.00"
2019-07-30,2019073001003969,SPARS,34,22,120,535.00,"64,200.00"
2019-07-30,2019073001003853,SPARS,45,22,20,530.00,"10,600.00"
2019-07-30,2019073001003852,SPARS,45,34,10,530.00,"5,300.00"
2019-07-30,2019073001003832,SPARS,34,17,45,528.00,"23,760.00"
2019-07-30,2019073001003831,SPARS,34,6,10,528.00,"5,280.00"
2019-07-30,2019073001003830,SPARS,34,17,70,526.00,"36,820.00"
2019-07-30,2019073001003851,SPARS,45,6,10,530.00,"5,300.00"
2019-07-30,2019073001003850,SPARS,45,41,10,530.00,"5,300.00"
2019-07-30,2019073001003840,SPARS,34,22,18,529.00,"9,522.00"
2019-07-30,2019073001003839,SPARS,34,22,82,529.00,"43,378.00"
2019-07-30,2019073001003834,SPARS,34,38,93,529.00,"49,197.00"
2019-07-30,2019073001003833,SPARS,34,22,200,528.00,"105,600.00"
2019-07-30,2019073001003713,SPDL,7,38,15,87.00,"1,305.00"
2019-07-30,2019073001004101,SRBL,13,37,300,250.00,"75,000.00"
2019-07-30,2019073001004100,SRBL,13,35,299,250.00,"74,750.00"
2019-07-30,2019073001004123,SWBBL,33,36,120,914.00,"109,680.00"
2019-07-30,2019073001004122,SWBBL,33,33,125,914.00,"114,250.00"
2019-07-30,2019073001004121,SWBBL,33,49,50,913.00,"45,650.00"
2019-07-30,2019073001004120,SWBBL,33,57,10,913.00,"9,130.00"
2019-07-30,2019073001003977,SWBBL,33,57,20,913.00,"18,260.00"
2019-07-30,2019073001003937,SWBBL,49,39,37,905.00,"33,485.00"
2019-07-30,2019073001003903,SWBBL,33,35,100,909.00,"90,900.00"
2019-07-30,2019073001003902,SWBBL,33,44,80,909.00,"72,720.00"
2019-07-30,2019073001003893,UNHPL,42,42,60,75.00,"4,500.00"
2019-07-30,2019073001004090,UPCL,1,20,50,88.00,"4,400.00"
2019-07-30,2019073001003901,UPCL,7,42,50,89.00,"4,450.00"
2019-07-30,2019073001003980,UPPER,13,34,72,272.00,"19,584.00"
2019-07-30,2019073001003963,UPPER,38,6,68,273.00,"18,564.00"
2019-07-30,2019073001003753,UPPER,11,11,28,272.00,"7,616.00"
2019-07-30,2019073001003752,UPPER,44,11,45,272.00,"12,240.00"
2019-07-30,2019073001003738,UPPER,45,45,50,272.00,"13,600.00"
2019-07-30,2019073001003727,UPPER,38,6,40,273.00,"10,920.00"
2019-07-30,2019073001003726,UPPER,38,37,10,273.00,"2,730.00"
2019-07-30,2019073001003718,UPPER,44,38,50,272.00,"13,600.00"
2019-07-30,2019073001003886,UPPER,35,6,50,273.00,"13,650.00"
2019-07-30,2019073001003772,UPPER,10,6,26,273.00,"7,098.00"
2019-07-30,2019073001003756,UPPER,13,11,27,272.00,"7,344.00"
2019-07-30,2019073001003755,UPPER,13,11,400,272.00,"108,800.00"
2019-07-30,2019073001003754,UPPER,6,11,500,272.00,"136,000.00"
2019-07-30,2019073001003719,VLBS,11,49,13,520.00,"6,760.00"
2019-07-30,2019073001003620,ADBL,40,53,100,428.00,"42,800.00"
2019-07-30,2019073001003565,ADBL,40,17,20,429.00,"8,580.00"
2019-07-30,2019073001003564,ADBL,40,1,20,429.00,"8,580.00"
2019-07-30,2019073001003563,ADBL,40,6,60,429.00,"25,740.00"
2019-07-30,2019073001003538,ADBL,40,35,245,428.00,"104,860.00"
2019-07-30,2019073001003389,ADBL,40,40,200,428.00,"85,600.00"
2019-07-30,2019073001003193,ADBL,38,45,50,428.00,"21,400.00"
2019-07-30,2019073001003192,ADBL,38,45,50,428.00,"21,400.00"
2019-07-30,2019073001003191,ADBL,38,45,42,428.00,"17,976.00"
2019-07-30,2019073001003359,ADBL,40,3,145,428.00,"62,060.00"
2019-07-30,2019073001003222,ADBL,40,49,100,428.00,"42,800.00"
2019-07-30,2019073001003221,ADBL,40,45,258,428.00,"110,424.00"
2019-07-30,2019073001003220,ADBL,40,21,50,428.00,"21,400.00"
2019-07-30,2019073001003195,ADBL,38,45,50,428.00,"21,400.00"
2019-07-30,2019073001003194,ADBL,38,45,50,428.00,"21,400.00"
2019-07-30,2019073001003573,AHPC,36,58,100,104.00,"10,400.00"
2019-07-30,2019073001003545,AKPL,37,37,20,172.00,"3,440.00"
2019-07-30,2019073001003488,AKPL,38,38,13,173.00,"2,249.00"
2019-07-30,2019073001003584,ALBSL,39,58,10,430.00,"4,300.00"
2019-07-30,2019073001003421,ALBSL,39,7,50,435.00,"21,750.00"
2019-07-30,2019073001003393,ALBSL,38,38,10,434.00,"4,340.00"
2019-07-30,2019073001003381,ALBSL,1,43,70,430.00,"30,100.00"
2019-07-30,2019073001003181,ALBSL,14,17,100,431.00,"43,100.00"
2019-07-30,2019073001003180,ALBSL,14,14,200,430.00,"86,000.00"
2019-07-30,2019073001003179,ALBSL,14,43,100,430.00,"43,000.00"
2019-07-30,2019073001003178,ALBSL,14,47,10,429.00,"4,290.00"
2019-07-30,2019073001003588,API,22,46,150,138.00,"20,700.00"
2019-07-30,2019073001003587,API,25,46,200,138.00,"27,600.00"
2019-07-30,2019073001003493,API,38,38,1,138.00,138.00
2019-07-30,2019073001003154,API,38,45,200,138.00,"27,600.00"
2019-07-30,2019073001003153,API,14,45,50,138.00,"6,900.00"
2019-07-30,2019073001003152,API,7,45,265,138.00,"36,570.00"
2019-07-30,2019073001003499,BARUN,1,34,250,91.00,"22,750.00"
2019-07-30,2019073001003273,BBC,40,35,50,"1,450.00","72,500.00"
2019-07-30,2019073001003539,BFC,38,25,100,100.00,"10,000.00"
2019-07-30,2019073001003542,BOKL,16,43,500,267.00,"133,500.00"
2019-07-30,2019073001003450,BOKL,39,6,188,267.00,"50,196.00"
2019-07-30,2019073001003449,BOKL,39,33,"1,148",267.00,"306,516.00"
2019-07-30,2019073001003216,BOKL,40,33,440,267.00,"117,480.00"
2019-07-30,2019073001003215,BOKL,40,13,60,267.00,"16,020.00"
2019-07-30,2019073001003503,BPCL,38,37,11,405.00,"4,455.00"
2019-07-30,2019073001003500,BPCL,17,38,11,404.00,"4,444.00"
2019-07-30,2019073001003352,BPCL,28,29,209,405.00,"84,645.00"
2019-07-30,2019073001003256,BPCL,17,51,598,404.00,"241,592.00"
2019-07-30,2019073001003255,BPCL,25,51,57,404.00,"23,028.00"
2019-07-30,2019073001003569,CBL,39,41,66,154.00,"10,164.00"
2019-07-30,2019073001003357,CBL,39,55,46,154.00,"7,084.00"
2019-07-30,2019073001003297,CBL,39,57,400,154.00,"61,600.00"
2019-07-30,2019073001003571,CCBL,34,28,10,170.00,"1,700.00"
2019-07-30,2019073001003432,CCBL,35,58,20,171.00,"3,420.00"
2019-07-30,2019073001003431,CCBL,42,58,100,171.00,"17,100.00"
2019-07-30,2019073001003430,CCBL,13,58,"2,000",171.00,"342,000.00"
2019-07-30,2019073001003429,CCBL,32,58,"1,000",171.00,"171,000.00"
2019-07-30,2019073001003413,CCBL,45,58,500,172.00,"86,000.00"
2019-07-30,2019073001003412,CCBL,6,58,"3,000",172.00,"516,000.00"
2019-07-30,2019073001003411,CCBL,51,58,10,172.00,"1,720.00"
2019-07-30,2019073001003410,CCBL,13,58,100,172.00,"17,200.00"
2019-07-30,2019073001003409,CCBL,59,58,60,172.00,"10,320.00"
2019-07-30,2019073001003408,CCBL,32,58,527,172.00,"90,644.00"
2019-07-30,2019073001003385,CCBL,32,16,60,172.00,"10,320.00"
2019-07-30,2019073001003626,CHCL,6,53,660,510.00,"336,600.00"
2019-07-30,2019073001003311,CHCL,6,14,59,510.00,"30,090.00"
2019-07-30,2019073001003361,CIT,39,6,120,"2,438.00","292,560.00"
2019-07-30,2019073001003360,CIT,34,6,50,"2,439.00","121,950.00"
2019-07-30,2019073001003572,CZBIL,37,37,187,225.00,"42,075.00"
2019-07-30,2019073001003520,CZBIL,38,42,10,224.00,"2,240.00"
2019-07-30,2019073001003238,CZBIL,6,50,197,224.00,"44,128.00"
2019-07-30,2019073001003237,CZBIL,58,50,90,224.00,"20,160.00"
2019-07-30,2019073001003236,CZBIL,42,50,200,224.00,"44,800.00"
2019-07-30,2019073001003235,CZBIL,49,50,500,224.00,"112,000.00"
2019-07-30,2019073001003234,CZBIL,45,50,"3,000",224.00,"672,000.00"
2019-07-30,2019073001003233,CZBIL,22,50,100,224.00,"22,400.00"
2019-07-30,2019073001003232,CZBIL,10,50,100,224.00,"22,400.00"
2019-07-30,2019073001003231,CZBIL,6,50,678,224.00,"151,872.00"
2019-07-30,2019073001003230,CZBIL,6,50,119,224.00,"26,656.00"
2019-07-30,2019073001003162,CZBIL,6,17,10,224.00,"2,240.00"
2019-07-30,2019073001003362,DBBL,32,45,300,144.00,"43,200.00"
2019-07-30,2019073001003253,DBBL,1,45,500,144.00,"72,000.00"
2019-07-30,2019073001003204,DBBL,42,33,471,144.00,"67,824.00"
2019-07-30,2019073001003621,DDBL,46,6,50,741.00,"37,050.00"
2019-07-30,2019073001003570,DDBL,46,58,100,741.00,"74,100.00"
2019-07-30,2019073001003453,DHPL,36,44,59,64.00,"3,776.00"
2019-07-30,2019073001003452,DHPL,36,44,100,64.00,"6,400.00"
2019-07-30,2019073001003451,DHPL,1,44,100,64.00,"6,400.00"
2019-07-30,2019073001003441,DHPL,7,44,30,65.00,"1,950.00"
2019-07-30,2019073001003435,DHPL,14,44,10,66.00,660.00
2019-07-30,2019073001003550,EBL,40,58,66,665.00,"43,890.00"
2019-07-30,2019073001003318,EBL,40,29,40,665.00,"26,600.00"
2019-07-30,2019073001003317,EBL,40,16,19,665.00,"12,635.00"
2019-07-30,2019073001003316,EBL,40,14,50,664.00,"33,200.00"
2019-07-30,2019073001003315,EBL,40,26,41,663.00,"27,183.00"
2019-07-30,2019073001003489,EIC,41,37,50,357.00,"17,850.00"
2019-07-30,2019073001003610,FOWAD,50,47,19,"1,385.00","26,315.00"
2019-07-30,2019073001003609,FOWAD,50,43,19,"1,385.00","26,315.00"
2019-07-30,2019073001003294,FOWAD,52,13,19,"1,382.00","26,258.00"
2019-07-30,2019073001003557,GBBL,6,29,10,227.00,"2,270.00"
2019-07-30,2019073001003445,GBBL,8,22,135,226.00,"30,510.00"
2019-07-30,2019073001003293,GBBL,8,26,226,226.00,"51,076.00"
2019-07-30,2019073001003580,GBLBS,38,34,10,354.00,"3,540.00"
2019-07-30,2019073001003579,GBLBS,43,38,10,353.00,"3,530.00"
2019-07-30,2019073001003424,GBLBS,43,36,60,353.00,"21,180.00"
2019-07-30,2019073001003423,GBLBS,28,36,440,353.00,"155,320.00"
2019-07-30,2019073001003174,GDBLPO,35,33,"5,000",122.00,"610,000.00"
2019-07-30,2019073001003350,GFCL,43,37,250,134.00,"33,500.00"
2019-07-30,2019073001003594,GILB,38,38,1,709.00,709.00
2019-07-30,2019073001003304,GLBSL,14,33,40,440.00,"17,600.00"
2019-07-30,2019073001003598,GLICL,34,35,18,449.00,"8,082.00"
2019-07-30,2019073001003618,GMFBS,38,28,10,536.00,"5,360.00"
2019-07-30,2019073001003613,GMFBS,26,38,10,535.00,"5,350.00"
2019-07-30,2019073001003611,GMFBS,26,58,10,535.00,"5,350.00"
2019-07-30,2019073001003606,GMFBS,26,22,10,535.00,"5,350.00"
2019-07-30,2019073001003605,GMFBS,26,45,10,535.00,"5,350.00"
2019-07-30,2019073001003604,GMFBS,26,39,10,535.00,"5,350.00"
2019-07-30,2019073001003400,GMFIL,34,32,11,127.00,"1,397.00"
2019-07-30,2019073001003399,GMFIL,52,32,50,127.00,"6,350.00"
2019-07-30,2019073001003616,GUFL,43,59,"1,000",123.00,"123,000.00"
2019-07-30,2019073001003276,GUFL,44,29,"1,000",122.00,"122,000.00"
2019-07-30,2019073001003642,HBL,28,49,420,552.00,"231,840.00"
2019-07-30,2019073001003641,HBL,28,52,100,550.00,"55,000.00"
2019-07-30,2019073001003262,HIDCL,38,51,31,157.00,"4,867.00"
2019-07-30,2019073001003252,HIDCL,37,38,31,156.00,"4,836.00"
2019-07-30,2019073001003622,HPPL,38,38,10,171.00,"1,710.00"
2019-07-30,2019073001003577,HPPL,22,58,10,170.00,"1,700.00"
2019-07-30,2019073001003427,HPPL,38,38,20,171.00,"3,420.00"
2019-07-30,2019073001003396,HPPL,38,38,10,171.00,"1,710.00"
2019-07-30,2019073001003267,HPPL,38,38,10,171.00,"1,710.00"
