Date,Transact. No.,Symbol,Buyer,Seller,Quantity,Rate,Amount
2020-02-10,2020021001010874,ADBL,57,42,20,380.00,"7,600.00"
2020-02-10,2020021001010873,ADBL,57,28,251,380.00,"95,380.00"
2020-02-10,2020021001010872,ADBL,57,1,500,380.00,"190,000.00"
2020-02-10,2020021001010871,ADBL,57,54,38,380.00,"14,440.00"
2020-02-10,2020021001010870,ADBL,57,58,294,380.00,"111,720.00"
2020-02-10,2020021001010855,ADBL,43,34,328,378.00,"123,984.00"
2020-02-10,2020021001010831,ADBL,47,34,100,378.00,"37,800.00"
2020-02-10,2020021001010830,ADBL,34,34,200,378.00,"75,600.00"
2020-02-10,2020021001010829,ADBL,6,34,170,378.00,"64,260.00"
2020-02-10,2020021001010828,ADBL,58,34,100,378.00,"37,800.00"
2020-02-10,2020021001010827,ADBL,51,34,102,378.00,"38,556.00"
2020-02-10,2020021001010757,AHPC,55,45,588,95.00,"55,860.00"
2020-02-10,2020021001010756,AHPC,42,45,52,95.00,"4,940.00"
2020-02-10,2020021001010695,AKPL,41,40,"1,000",121.00,"121,000.00"
2020-02-10,2020021001010694,AKPL,51,40,70,121.00,"8,470.00"
2020-02-10,2020021001010693,AKPL,1,40,100,121.00,"12,100.00"
2020-02-10,2020021001010692,AKPL,13,40,500,121.00,"60,500.00"
2020-02-10,2020021001010691,AKPL,19,40,"1,000",121.00,"121,000.00"
2020-02-10,2020021001010690,AKPL,26,40,"1,000",121.00,"121,000.00"
2020-02-10,2020021001010550,AKPL,8,58,"1,548",121.00,"187,308.00"
2020-02-10,2020021001010556,AKPL,42,58,"1,000",121.00,"121,000.00"
2020-02-10,2020021001010555,AKPL,36,58,"1,000",121.00,"121,000.00"
2020-02-10,2020021001010554,AKPL,38,58,200,121.00,"24,200.00"
2020-02-10,2020021001010553,AKPL,51,58,10,121.00,"1,210.00"
2020-02-10,2020021001010552,AKPL,3,58,"1,000",121.00,"121,000.00"
2020-02-10,2020021001010551,AKPL,43,58,500,121.00,"60,500.00"
2020-02-10,2020021001010689,AKPL,6,40,200,121.00,"24,200.00"
2020-02-10,2020021001010688,AKPL,26,40,"1,000",121.00,"121,000.00"
2020-02-10,2020021001010687,AKPL,8,40,200,121.00,"24,200.00"
2020-02-10,2020021001010686,AKPL,45,40,"1,000",121.00,"121,000.00"
2020-02-10,2020021001010685,AKPL,8,40,455,121.00,"55,055.00"
2020-02-10,2020021001010557,AKPL,8,58,545,121.00,"65,945.00"
2020-02-10,2020021001010610,ALICL,49,49,10,561.00,"5,610.00"
2020-02-10,2020021001010761,API,25,32,50,126.00,"6,300.00"
2020-02-10,2020021001010677,API,25,1,285,125.00,"35,625.00"
2020-02-10,2020021001010676,API,50,1,"1,000",125.00,"125,000.00"
2020-02-10,2020021001010675,API,58,1,500,125.00,"62,500.00"
2020-02-10,2020021001010674,API,19,1,215,125.00,"26,875.00"
2020-02-10,2020021001010895,BOKL,59,14,100,230.00,"23,000.00"
2020-02-10,2020021001010893,BOKL,59,3,116,230.00,"26,680.00"
2020-02-10,2020021001010892,BOKL,14,3,200,230.00,"46,000.00"
2020-02-10,2020021001010891,BOKL,1,3,300,230.00,"69,000.00"
2020-02-10,2020021001010733,BPCL,57,57,11,330.00,"3,630.00"
2020-02-10,2020021001010508,BPCL,57,45,100,330.00,"33,000.00"
2020-02-10,2020021001010507,BPCL,57,39,98,330.00,"32,340.00"
2020-02-10,2020021001010506,BPCL,57,57,22,329.00,"7,238.00"
2020-02-10,2020021001010853,CBBL,35,44,16,"1,000.00","16,000.00"
2020-02-10,2020021001010852,CBBL,35,41,100,"1,000.00","100,000.00"
2020-02-10,2020021001010851,CBBL,35,21,100,"1,000.00","100,000.00"
2020-02-10,2020021001010850,CBBL,35,41,100,999.00,"99,900.00"
2020-02-10,2020021001010849,CBBL,35,4,50,999.00,"49,950.00"
2020-02-10,2020021001010848,CBBL,35,10,200,999.00,"199,800.00"
2020-02-10,2020021001010502,CBBL,43,45,100,996.00,"99,600.00"
2020-02-10,2020021001010794,CBBL,7,34,50,998.00,"49,900.00"
2020-02-10,2020021001010524,CBBL,43,16,70,997.00,"69,790.00"
2020-02-10,2020021001010523,CBBL,43,45,100,997.00,"99,700.00"
2020-02-10,2020021001010522,CBBL,43,45,12,997.00,"11,964.00"
2020-02-10,2020021001010847,CBBL,35,54,90,999.00,"89,910.00"
2020-02-10,2020021001010846,CBBL,35,4,60,999.00,"59,940.00"
2020-02-10,2020021001010845,CBBL,35,10,25,998.00,"24,950.00"
2020-02-10,2020021001010844,CBBL,35,59,59,998.00,"58,882.00"
2020-02-10,2020021001010843,CBBL,35,34,200,998.00,"199,600.00"
2020-02-10,2020021001010763,CBL,33,39,"4,232",152.00,"643,264.00"
2020-02-10,2020021001010890,CFCL,34,17,10,147.00,"1,470.00"
2020-02-10,2020021001010486,CFCL,34,38,357,145.00,"51,765.00"
2020-02-10,2020021001010950,CHCL,28,22,700,421.00,"294,700.00"
2020-02-10,2020021001010919,CIT,52,41,150,"2,510.00","376,500.00"
2020-02-10,2020021001010837,CIT,1,10,100,"2,506.00","250,600.00"
2020-02-10,2020021001010788,CIT,5,41,89,"2,510.00","223,390.00"
2020-02-10,2020021001010787,CIT,5,5,11,"2,510.00","27,610.00"
2020-02-10,2020021001010770,CIT,5,5,39,"2,510.00","97,890.00"
2020-02-10,2020021001010769,CIT,5,54,61,"2,510.00","153,110.00"
2020-02-10,2020021001010515,CIT,7,52,30,"2,507.00","75,210.00"
2020-02-10,2020021001010503,CIT,1,50,100,"2,507.00","250,700.00"
2020-02-10,2020021001010494,CIT,38,29,10,"2,505.00","25,050.00"
2020-02-10,2020021001010493,CIT,38,13,100,"2,505.00","250,500.00"
2020-02-10,2020021001010742,CIT,5,45,20,"2,509.00","50,180.00"
2020-02-10,2020021001010700,CIT,33,59,20,"2,508.00","50,160.00"
2020-02-10,2020021001010699,CIT,34,59,20,"2,508.00","50,160.00"
2020-02-10,2020021001010617,CIT,49,59,100,"2,508.00","250,800.00"
2020-02-10,2020021001010562,CIT,38,25,133,"2,505.00","333,165.00"
2020-02-10,2020021001010516,CIT,38,52,37,"2,505.00","92,685.00"
2020-02-10,2020021001010767,CLBSL,33,19,52,"1,081.00","56,212.00"
2020-02-10,2020021001010587,CMF1,6,14,"1,000",9.60,"9,600.00"
2020-02-10,2020021001010881,CZBIL,45,14,190,194.00,"36,860.00"
2020-02-10,2020021001010880,CZBIL,45,45,500,194.00,"97,000.00"
2020-02-10,2020021001010879,CZBIL,45,26,310,194.00,"60,140.00"
2020-02-10,2020021001010862,CZBIL,22,26,100,194.00,"19,400.00"
2020-02-10,2020021001010949,DDBL,34,25,115,841.00,"96,715.00"
2020-02-10,2020021001010948,DDBL,53,25,50,842.00,"42,100.00"
2020-02-10,2020021001010760,DDBL,41,4,10,844.00,"8,440.00"
2020-02-10,2020021001010713,DDBL,25,20,100,843.00,"84,300.00"
2020-02-10,2020021001010796,EBL,46,13,438,627.00,"274,626.00"
2020-02-10,2020021001010795,EBL,39,13,76,627.00,"47,652.00"
2020-02-10,2020021001010939,EIC,16,41,15,433.00,"6,495.00"
2020-02-10,2020021001010938,EIC,8,41,50,433.00,"21,650.00"
2020-02-10,2020021001010937,EIC,35,41,100,433.00,"43,300.00"
2020-02-10,2020021001010936,EIC,33,41,485,434.00,"210,490.00"
2020-02-10,2020021001010825,EIC,46,56,40,436.00,"17,440.00"
2020-02-10,2020021001010779,EIC,37,42,200,435.00,"87,000.00"
2020-02-10,2020021001010755,EIC,16,55,458,433.00,"198,314.00"
2020-02-10,2020021001010823,GBBL,14,43,82,241.00,"19,762.00"
2020-02-10,2020021001010822,GBBL,26,43,50,241.00,"12,050.00"
2020-02-10,2020021001010611,GBBL,34,33,50,242.00,"12,100.00"
2020-02-10,2020021001010573,GBBL,26,7,50,241.00,"12,050.00"
2020-02-10,2020021001010961,GBIME,52,51,873,281.00,"245,313.00"
2020-02-10,2020021001010927,GBIME,8,6,100,280.00,"28,000.00"
2020-02-10,2020021001010861,GBIME,46,51,200,281.00,"56,200.00"
2020-02-10,2020021001010842,GBIME,38,51,67,281.00,"18,827.00"
2020-02-10,2020021001010841,GBIME,38,5,133,281.00,"37,373.00"
2020-02-10,2020021001010808,GBIME,8,48,219,280.00,"61,320.00"
2020-02-10,2020021001010807,GBIME,53,48,200,280.00,"56,000.00"
2020-02-10,2020021001010806,GBIME,57,48,100,280.00,"28,000.00"
2020-02-10,2020021001010805,GBIME,19,48,100,280.00,"28,000.00"
2020-02-10,2020021001010804,GBIME,34,48,381,280.00,"106,680.00"
2020-02-10,2020021001010616,GBIME,34,42,223,280.00,"62,440.00"
2020-02-10,2020021001010512,GBIME,34,42,50,280.00,"14,000.00"
2020-02-10,2020021001010958,GBLBS,49,19,10,473.00,"4,730.00"
2020-02-10,2020021001010957,GBLBS,49,13,10,473.00,"4,730.00"
2020-02-10,2020021001010956,GBLBS,49,26,90,472.00,"42,480.00"
2020-02-10,2020021001010833,GBLBS,19,26,100,472.00,"47,200.00"
2020-02-10,2020021001010780,GBLBS,19,26,300,472.00,"141,600.00"
2020-02-10,2020021001010724,GBLBS,25,13,50,471.00,"23,550.00"
2020-02-10,2020021001010673,GBLBS,33,26,10,472.00,"4,720.00"
2020-02-10,2020021001010544,GBLBS,22,43,30,470.00,"14,100.00"
2020-02-10,2020021001010492,GBLBS,26,4,50,471.00,"23,550.00"
2020-02-10,2020021001010960,GGBSL,58,17,40,880.00,"35,200.00"
2020-02-10,2020021001010867,GGBSL,50,41,10,877.00,"8,770.00"
2020-02-10,2020021001010866,GGBSL,50,21,10,875.00,"8,750.00"
2020-02-10,2020021001010824,GILB,34,45,17,"1,324.00","22,508.00"
2020-02-10,2020021001010854,GLBSL,41,28,10,689.00,"6,890.00"
2020-02-10,2020021001010534,GLBSL,59,44,10,683.00,"6,830.00"
2020-02-10,2020021001010826,GLICL,57,58,200,760.00,"152,000.00"
2020-02-10,2020021001010717,GLICL,10,58,71,762.00,"54,102.00"
2020-02-10,2020021001010716,GLICL,10,34,129,762.00,"98,298.00"
2020-02-10,2020021001010536,GLICL,26,34,200,762.00,"152,400.00"
2020-02-10,2020021001010889,HDL,57,59,200,"1,219.00","243,800.00"
2020-02-10,2020021001010791,HDL,25,59,200,"1,219.00","243,800.00"
2020-02-10,2020021001010732,HDL,35,44,90,"1,216.00","109,440.00"
2020-02-10,2020021001010731,HDL,48,44,50,"1,216.00","60,800.00"
2020-02-10,2020021001010730,HDL,21,44,500,"1,216.00","608,000.00"
2020-02-10,2020021001010729,HDL,50,44,50,"1,217.00","60,850.00"
2020-02-10,2020021001010728,HDL,41,44,10,"1,217.00","12,170.00"
2020-02-10,2020021001010520,HDL,41,10,90,"1,217.00","109,530.00"
2020-02-10,2020021001010519,HDL,57,10,50,"1,217.00","60,850.00"
2020-02-10,2020021001010518,HDL,28,10,10,"1,218.00","12,180.00"
2020-02-10,2020021001010964,HGI,13,42,70,406.00,"28,420.00"
2020-02-10,2020021001010963,HGI,13,6,30,405.00,"12,150.00"
2020-02-10,2020021001010929,HGI,32,6,70,405.00,"28,350.00"
2020-02-10,2020021001010899,HGI,46,17,80,407.00,"32,560.00"
2020-02-10,2020021001010898,HGI,46,6,20,406.00,"8,120.00"
2020-02-10,2020021001010775,HIDCL,34,51,10,140.00,"1,400.00"
2020-02-10,2020021001010774,HIDCL,34,50,61,139.00,"8,479.00"
2020-02-10,2020021001010773,HIDCL,34,50,31,139.00,"4,309.00"
2020-02-10,2020021001010772,HIDCL,34,5,132,139.00,"18,348.00"
2020-02-10,2020021001010979,IGI,34,22,10,434.00,"4,340.00"
2020-02-10,2020021001010943,IGI,14,42,600,423.00,"253,800.00"
2020-02-10,2020021001010753,IGI,34,42,100,424.00,"42,400.00"
2020-02-10,2020021001010926,JBBL,44,28,100,192.00,"19,200.00"
2020-02-10,2020021001010683,JFL,32,17,100,176.00,"17,600.00"
2020-02-10,2020021001010682,JFL,47,17,50,176.00,"8,800.00"
2020-02-10,2020021001010681,JFL,42,17,50,176.00,"8,800.00"
2020-02-10,2020021001010560,JFL,32,32,200,177.00,"35,400.00"
2020-02-10,2020021001010559,JFL,32,32,800,177.00,"141,600.00"
2020-02-10,2020021001010558,JFL,39,32,50,177.00,"8,850.00"
2020-02-10,2020021001010751,JOSHI,48,43,20,60.00,"1,200.00"
2020-02-10,2020021001010789,JSLBB,34,59,10,"1,639.00","16,390.00"
2020-02-10,2020021001010684,JSLBB,40,41,10,"1,635.00","16,350.00"
2020-02-10,2020021001010538,JSLBB,40,59,271,"1,635.00","443,085.00"
2020-02-10,2020021001010491,JSLBB,56,59,10,"1,640.00","16,400.00"
2020-02-10,2020021001010911,KBL,58,26,10,196.00,"1,960.00"
2020-02-10,2020021001010597,KRBL,32,25,300,118.00,"35,400.00"
2020-02-10,2020021001010596,KRBL,32,21,235,118.00,"27,730.00"
2020-02-10,2020021001010595,KRBL,32,19,100,118.00,"11,800.00"
2020-02-10,2020021001010594,KRBL,32,22,290,118.00,"34,220.00"
2020-02-10,2020021001010790,KSBBL,36,58,500,162.00,"81,000.00"
2020-02-10,2020021001010736,KSBBL,54,45,11,163.00,"1,793.00"
2020-02-10,2020021001010803,LBBL,35,50,10,192.00,"1,920.00"
2020-02-10,2020021001010885,LBL,43,48,852,222.00,"189,144.00"
2020-02-10,2020021001010714,LGIL,45,22,20,488.00,"9,760.00"
2020-02-10,2020021001010925,LICN,34,14,50,"1,215.00","60,750.00"
2020-02-10,2020021001010924,LICN,5,14,50,"1,215.00","60,750.00"
2020-02-10,2020021001010600,LICN,25,14,10,"1,229.00","12,290.00"
2020-02-10,2020021001010860,LLBS,13,41,86,"1,025.00","88,150.00"
2020-02-10,2020021001010933,MBL,1,43,10,232.00,"2,320.00"
2020-02-10,2020021001010910,MBL,39,45,630,231.00,"145,530.00"
2020-02-10,2020021001010679,MBL,39,34,393,231.00,"90,783.00"
2020-02-10,2020021001010678,MBL,1,34,172,231.00,"39,732.00"
2020-02-10,2020021001010591,MBL,51,43,100,232.00,"23,200.00"
2020-02-10,2020021001010969,MDB,42,50,396,333.00,"131,868.00"
2020-02-10,2020021001010968,MDB,52,50,500,333.00,"166,500.00"
2020-02-10,2020021001010967,MDB,43,50,100,333.00,"33,300.00"
2020-02-10,2020021001010966,MDB,25,50,50,334.00,"16,700.00"
2020-02-10,2020021001010965,MDB,45,50,399,334.00,"133,266.00"
2020-02-10,2020021001010840,MDB,45,18,101,334.00,"33,734.00"
2020-02-10,2020021001010839,MDB,25,18,50,334.00,"16,700.00"
2020-02-10,2020021001010838,MDB,59,18,298,335.00,"99,830.00"
2020-02-10,2020021001010771,MDB,38,18,10,336.00,"3,360.00"
2020-02-10,2020021001010744,MERO,34,33,10,660.00,"6,600.00"
2020-02-10,2020021001010743,MERO,34,43,95,659.00,"62,605.00"
2020-02-10,2020021001010705,MERO,34,43,35,659.00,"23,065.00"
2020-02-10,2020021001010704,MERO,34,49,25,658.00,"16,450.00"
2020-02-10,2020021001010703,MERO,34,5,724,658.00,"476,392.00"
2020-02-10,2020021001010702,MERO,34,8,206,657.00,"135,342.00"
2020-02-10,2020021001010701,MERO,34,45,10,657.00,"6,570.00"
2020-02-10,2020021001010517,MFIL,3,3,"4,500",194.00,"873,000.00"
2020-02-10,2020021001010935,MLBL,36,35,500,214.00,"107,000.00"
2020-02-10,2020021001010514,MLBL,36,1,904,214.00,"193,456.00"
2020-02-10,2020021001010513,MLBL,36,29,61,214.00,"13,054.00"
2020-02-10,2020021001010875,MSMBS,32,49,20,769.00,"15,380.00"
2020-02-10,2020021001010698,MSMBS,49,45,50,755.00,"37,750.00"
2020-02-10,2020021001010697,MSMBS,49,35,30,760.00,"22,800.00"
2020-02-10,2020021001010575,MSMBS,32,35,50,760.00,"38,000.00"
2020-02-10,2020021001010533,MSMBS,32,39,50,760.00,"38,000.00"
2020-02-10,2020021001010903,NABIL,42,4,50,720.00,"36,000.00"
2020-02-10,2020021001010590,NABIL,14,4,300,720.00,"216,000.00"
2020-02-10,2020021001010589,NABIL,52,4,180,720.00,"129,600.00"
2020-02-10,2020021001010588,NABIL,51,4,50,721.00,"36,050.00"
2020-02-10,2020021001010579,NABIL,46,4,14,724.00,"10,136.00"
2020-02-10,2020021001010727,NADEP,18,16,100,703.00,"70,300.00"
2020-02-10,2020021001010606,NADEP,52,34,11,705.00,"7,755.00"
2020-02-10,2020021001010605,NADEP,52,47,90,705.00,"63,450.00"
2020-02-10,2020021001010973,NBL,33,52,50,269.00,"13,450.00"
2020-02-10,2020021001010541,NBL,41,14,150,268.00,"40,200.00"
2020-02-10,2020021001010510,NBL,19,14,350,268.00,"93,800.00"
2020-02-10,2020021001010505,NBL,19,40,150,268.00,"40,200.00"
2020-02-10,2020021001010490,NBL,34,40,50,268.00,"13,400.00"
2020-02-10,2020021001010865,NCCB,33,48,10,196.00,"1,960.00"
2020-02-10,2020021001010499,NCCB,26,4,50,195.00,"9,750.00"
2020-02-10,2020021001010498,NCCB,26,59,500,195.00,"97,500.00"
2020-02-10,2020021001010497,NCCB,26,51,180,195.00,"35,100.00"
2020-02-10,2020021001010626,NGPL,50,32,137,115.00,"15,755.00"
2020-02-10,2020021001010625,NGPL,50,32,268,115.00,"30,820.00"
2020-02-10,2020021001010836,NIB,41,21,"1,000",380.00,"380,000.00"
2020-02-10,2020021001010768,NIB,41,38,966,380.00,"367,080.00"
2020-02-10,2020021001010712,NIB,58,38,50,380.00,"19,000.00"
2020-02-10,2020021001010672,NIB,59,38,40,380.00,"15,200.00"
2020-02-10,2020021001010671,NIB,38,38,"1,000",380.00,"380,000.00"
2020-02-10,2020021001010670,NIB,58,38,"1,000",380.00,"380,000.00"
2020-02-10,2020021001010623,NIB,26,34,200,382.00,"76,400.00"
2020-02-10,2020021001010619,NIB,58,51,50,383.00,"19,150.00"
2020-02-10,2020021001010633,NIB,21,38,200,381.00,"76,200.00"
2020-02-10,2020021001010632,NIB,51,38,100,381.00,"38,100.00"
2020-02-10,2020021001010631,NIB,58,38,229,381.00,"87,249.00"
2020-02-10,2020021001010630,NIB,51,38,320,382.00,"122,240.00"
2020-02-10,2020021001010629,NIB,41,38,242,382.00,"92,444.00"
2020-02-10,2020021001010624,NIB,41,34,208,382.00,"79,456.00"
2020-02-10,2020021001010639,NIB,13,38,905,380.00,"343,900.00"
2020-02-10,2020021001010638,NIB,59,38,300,380.00,"114,000.00"
2020-02-10,2020021001010637,NIB,59,38,300,380.00,"114,000.00"
2020-02-10,2020021001010636,NIB,59,38,300,380.00,"114,000.00"
2020-02-10,2020021001010635,NIB,35,38,10,380.00,"3,800.00"
2020-02-10,2020021001010634,NIB,25,38,"1,000",381.00,"381,000.00"
2020-02-10,2020021001010645,NIB,6,38,50,380.00,"19,000.00"
2020-02-10,2020021001010644,NIB,38,38,100,380.00,"38,000.00"
2020-02-10,2020021001010643,NIB,32,38,500,380.00,"190,000.00"
2020-02-10,2020021001010642,NIB,56,38,100,380.00,"38,000.00"
2020-02-10,2020021001010641,NIB,38,38,300,380.00,"114,000.00"
2020-02-10,2020021001010640,NIB,25,38,"1,000",380.00,"380,000.00"
2020-02-10,2020021001010651,NIB,57,38,60,380.00,"22,800.00"
2020-02-10,2020021001010650,NIB,59,38,500,380.00,"190,000.00"
2020-02-10,2020021001010649,NIB,52,38,36,380.00,"13,680.00"
2020-02-10,2020021001010648,NIB,19,38,150,380.00,"57,000.00"
2020-02-10,2020021001010647,NIB,43,38,500,380.00,"190,000.00"
2020-02-10,2020021001010646,NIB,57,38,100,380.00,"38,000.00"
2020-02-10,2020021001010657,NIB,52,38,100,380.00,"38,000.00"
2020-02-10,2020021001010656,NIB,42,38,200,380.00,"76,000.00"
2020-02-10,2020021001010655,NIB,22,38,750,380.00,"285,000.00"
2020-02-10,2020021001010654,NIB,11,38,100,380.00,"38,000.00"
2020-02-10,2020021001010653,NIB,42,38,50,380.00,"19,000.00"
2020-02-10,2020021001010652,NIB,6,38,200,380.00,"76,000.00"
2020-02-10,2020021001010663,NIB,50,38,50,380.00,"19,000.00"
2020-02-10,2020021001010662,NIB,45,38,15,380.00,"5,700.00"
2020-02-10,2020021001010661,NIB,41,38,200,380.00,"76,000.00"
2020-02-10,2020021001010660,NIB,45,38,"1,000",380.00,"380,000.00"
2020-02-10,2020021001010659,NIB,1,38,500,380.00,"190,000.00"
2020-02-10,2020021001010658,NIB,59,38,100,380.00,"38,000.00"
2020-02-10,2020021001010669,NIB,54,38,200,380.00,"76,000.00"
2020-02-10,2020021001010668,NIB,41,38,500,380.00,"190,000.00"
2020-02-10,2020021001010667,NIB,41,38,100,380.00,"38,000.00"
2020-02-10,2020021001010666,NIB,26,38,500,380.00,"190,000.00"
2020-02-10,2020021001010665,NIB,48,38,200,380.00,"76,000.00"
2020-02-10,2020021001010664,NIB,45,38,877,380.00,"333,260.00"
2020-02-10,2020021001010897,NIBPO,22,4,300,335.00,"100,500.00"
2020-02-10,2020021001010798,NIBPO,37,28,825,334.00,"275,550.00"
2020-02-10,2020021001010797,NIBPO,39,28,175,334.00,"58,450.00"
2020-02-10,2020021001010622,NIBPO,34,4,200,335.00,"67,000.00"
2020-02-10,2020021001010945,NICA,46,21,20,488.00,"9,760.00"
2020-02-10,2020021001010944,NICA,46,42,95,487.00,"46,265.00"
2020-02-10,2020021001010792,NICA,17,48,"1,000",486.00,"486,000.00"
2020-02-10,2020021001010786,NICA,4,42,302,487.00,"147,074.00"
2020-02-10,2020021001010785,NICA,4,58,931,487.00,"453,397.00"
2020-02-10,2020021001010784,NICA,4,26,200,487.00,"97,400.00"
2020-02-10,2020021001010593,NICA,25,28,743,486.00,"361,098.00"
2020-02-10,2020021001010592,NICA,4,28,257,486.00,"124,902.00"
2020-02-10,2020021001010583,NICA,4,22,10,486.00,"4,860.00"
2020-02-10,2020021001010574,NICA,34,36,500,487.00,"243,500.00"
2020-02-10,2020021001010501,NICA,56,58,182,487.00,"88,634.00"
2020-02-10,2020021001010500,NICA,56,54,12,487.00,"5,844.00"
2020-02-10,2020021001010783,NICA,4,10,267,487.00,"130,029.00"
2020-02-10,2020021001010781,NICA,25,14,50,486.00,"24,300.00"
2020-02-10,2020021001010754,NICA,26,26,100,487.00,"48,700.00"
2020-02-10,2020021001010735,NICA,25,36,200,486.00,"97,200.00"
2020-02-10,2020021001010621,NICA,11,26,200,487.00,"97,400.00"
2020-02-10,2020021001010620,NICA,11,36,100,487.00,"48,700.00"
2020-02-10,2020021001010734,NICL,6,6,200,436.00,"87,200.00"
2020-02-10,2020021001010580,NICL,6,25,100,436.00,"43,600.00"
2020-02-10,2020021001010832,NICL,4,17,200,437.00,"87,400.00"
2020-02-10,2020021001010978,NIL,38,51,200,560.00,"112,000.00"
2020-02-10,2020021001010976,NIL,58,4,100,558.00,"55,800.00"
2020-02-10,2020021001010942,NIL,58,14,100,558.00,"55,800.00"
2020-02-10,2020021001010878,NIL,38,54,500,560.00,"280,000.00"
2020-02-10,2020021001010877,NIL,38,38,70,560.00,"39,200.00"
2020-02-10,2020021001010876,NIL,38,43,50,560.00,"28,000.00"
2020-02-10,2020021001010489,NIL,38,45,50,560.00,"28,000.00"
2020-02-10,2020021001010488,NIL,38,33,551,560.00,"308,560.00"
2020-02-10,2020021001010972,NLBBL,52,21,290,771.00,"223,590.00"
2020-02-10,2020021001010917,NLBBL,25,28,17,770.00,"13,090.00"
2020-02-10,2020021001010947,NLG,16,33,186,600.00,"111,600.00"
2020-02-10,2020021001010884,NLG,16,34,256,600.00,"153,600.00"
2020-02-10,2020021001010883,NLG,39,34,200,600.00,"120,000.00"
2020-02-10,2020021001010882,NLG,28,34,21,601.00,"12,621.00"
2020-02-10,2020021001010810,NLG,28,26,78,601.00,"46,878.00"
2020-02-10,2020021001010809,NLG,39,26,17,603.00,"10,251.00"
2020-02-10,2020021001010765,NLG,39,55,100,603.00,"60,300.00"
2020-02-10,2020021001010764,NLG,39,52,83,603.00,"50,049.00"
2020-02-10,2020021001010609,NLIC,32,51,7,"1,115.00","7,805.00"
2020-02-10,2020021001010608,NLIC,57,51,127,"1,115.00","141,605.00"
2020-02-10,2020021001010607,NLIC,28,51,52,"1,115.00","57,980.00"
2020-02-10,2020021001010723,NLICL,35,14,40,642.00,"25,680.00"
2020-02-10,2020021001010599,NLICL,35,14,14,642.00,"8,988.00"
2020-02-10,2020021001010598,NLICL,35,34,86,642.00,"55,212.00"
2020-02-10,2020021001010951,NMB,57,17,500,372.00,"186,000.00"
2020-02-10,2020021001010902,NMB,17,52,73,371.00,"27,083.00"
2020-02-10,2020021001010504,NMB,17,44,300,371.00,"111,300.00"
2020-02-10,2020021001010496,NMB,17,33,466,371.00,"172,886.00"
2020-02-10,2020021001010495,NMB,21,33,34,371.00,"12,614.00"
2020-02-10,2020021001010900,NMBMF,10,26,10,885.00,"8,850.00"
2020-02-10,2020021001010721,NSEWA,48,32,50,722.00,"36,100.00"
2020-02-10,2020021001010720,NSEWA,48,32,50,722.00,"36,100.00"
2020-02-10,2020021001010719,NSEWA,48,43,10,722.00,"7,220.00"
2020-02-10,2020021001010718,NSEWA,48,43,10,722.00,"7,220.00"
2020-02-10,2020021001010932,NTC,34,58,10,620.00,"6,200.00"
2020-02-10,2020021001010863,NTC,17,7,100,619.00,"61,900.00"
2020-02-10,2020021001010749,NTC,17,42,100,619.00,"61,900.00"
2020-02-10,2020021001010777,NUBL,52,26,15,941.00,"14,115.00"
2020-02-10,2020021001010776,NUBL,4,26,85,942.00,"80,070.00"
2020-02-10,2020021001010571,PCBL,41,38,736,275.00,"202,400.00"
2020-02-10,2020021001010549,PCBL,47,34,73,274.00,"20,002.00"
2020-02-10,2020021001010548,PCBL,19,34,50,274.00,"13,700.00"
2020-02-10,2020021001010547,PCBL,45,34,30,274.00,"8,220.00"
2020-02-10,2020021001010546,PCBL,28,34,300,274.00,"82,200.00"
2020-02-10,2020021001010545,PCBL,5,34,555,274.00,"152,070.00"
2020-02-10,2020021001010543,PCBL,5,19,390,274.00,"106,860.00"
2020-02-10,2020021001010954,PIC,43,21,277,555.00,"153,735.00"
2020-02-10,2020021001010953,PIC,43,4,23,555.00,"12,765.00"
2020-02-10,2020021001010952,PIC,43,19,200,554.00,"110,800.00"
2020-02-10,2020021001010864,PIC,57,16,20,550.00,"11,000.00"
2020-02-10,2020021001010535,PIC,48,16,12,550.00,"6,600.00"
2020-02-10,2020021001010918,PICL,41,34,200,489.00,"97,800.00"
2020-02-10,2020021001010707,PICL,14,34,20,489.00,"9,780.00"
2020-02-10,2020021001010614,PICL,34,33,100,488.00,"48,800.00"
2020-02-10,2020021001010930,PRIN,51,43,107,440.00,"47,080.00"
2020-02-10,2020021001010857,PRIN,48,43,89,440.00,"39,160.00"
2020-02-10,2020021001010750,PRIN,44,42,31,436.00,"13,516.00"
2020-02-10,2020021001010740,PRIN,51,43,81,440.00,"35,640.00"
2020-02-10,2020021001010739,PRIN,51,55,26,440.00,"11,440.00"
2020-02-10,2020021001010604,PRIN,44,28,470,436.00,"204,920.00"
2020-02-10,2020021001010603,PRIN,49,28,30,437.00,"13,110.00"
2020-02-10,2020021001010561,PROFL,52,45,"1,000",110.00,"110,000.00"
2020-02-10,2020021001010759,PRVU,4,34,163,243.00,"39,609.00"
2020-02-10,2020021001010613,PRVU,48,42,687,244.00,"167,628.00"
2020-02-10,2020021001010612,PRVU,48,6,313,244.00,"76,372.00"
2020-02-10,2020021001010752,RHPC,1,52,40,80.00,"3,200.00"
2020-02-10,2020021001010934,RHPL,42,56,10,170.00,"1,700.00"
2020-02-10,2020021001010799,RHPL,46,44,20,167.00,"3,340.00"
2020-02-10,2020021001010572,RHPL,46,44,20,167.00,"3,340.00"
2020-02-10,2020021001010923,RSDC,59,5,10,472.00,"4,720.00"
2020-02-10,2020021001010922,RSDC,59,42,30,471.00,"14,130.00"
2020-02-10,2020021001010921,SABSL,21,18,200,867.00,"173,400.00"
2020-02-10,2020021001010920,SABSL,21,47,70,865.00,"60,550.00"
2020-02-10,2020021001010715,SABSL,42,44,10,855.00,"8,550.00"
2020-02-10,2020021001010928,SADBL,39,4,135,157.00,"21,195.00"
2020-02-10,2020021001010901,SANIMA,38,37,"1,217",342.00,"416,214.00"
2020-02-10,2020021001010887,SANIMA,38,4,205,341.00,"69,905.00"
2020-02-10,2020021001010886,SANIMA,38,4,35,341.00,"11,935.00"
2020-02-10,2020021001010821,SANIMA,38,38,175,341.00,"59,675.00"
2020-02-10,2020021001010748,SANIMA,38,38,790,341.00,"269,390.00"
2020-02-10,2020021001010747,SANIMA,48,38,500,341.00,"170,500.00"
2020-02-10,2020021001010746,SANIMA,45,38,100,341.00,"34,100.00"
2020-02-10,2020021001010745,SANIMA,10,38,110,341.00,"37,510.00"
2020-02-10,2020021001010706,SANIMA,25,37,100,342.00,"34,200.00"
2020-02-10,2020021001010758,SBL,16,52,266,312.00,"82,992.00"
2020-02-10,2020021001010584,SBL,6,52,50,312.00,"15,600.00"
2020-02-10,2020021001010532,SBL,4,48,500,311.00,"155,500.00"
2020-02-10,2020021001010576,SCB,57,56,10,608.00,"6,080.00"
2020-02-10,2020021001010975,SFCL,1,17,57,108.00,"6,156.00"
2020-02-10,2020021001010869,SHINE,57,6,200,276.00,"55,200.00"
2020-02-10,2020021001010741,SHINE,57,4,100,276.00,"27,600.00"
2020-02-10,2020021001010977,SHIVM,35,1,10,544.00,"5,440.00"
2020-02-10,2020021001010959,SHIVM,19,35,200,542.00,"108,400.00"
2020-02-10,2020021001010941,SHIVM,28,21,35,545.00,"19,075.00"
2020-02-10,2020021001010940,SHIVM,28,35,15,544.00,"8,160.00"
2020-02-10,2020021001010916,SHIVM,28,21,175,545.00,"95,375.00"
2020-02-10,2020021001010915,SHIVM,28,6,200,545.00,"109,000.00"
2020-02-10,2020021001010540,SHIVM,56,58,10,544.00,"5,440.00"
2020-02-10,2020021001010539,SHIVM,49,59,600,542.00,"325,200.00"
2020-02-10,2020021001010537,SHIVM,25,7,"2,500",541.00,"1,352,500.00"
2020-02-10,2020021001010509,SHIVM,25,7,500,541.00,"270,500.00"
2020-02-10,2020021001010487,SHIVM,25,7,"1,000",541.00,"541,000.00"
2020-02-10,2020021001010710,SHIVM,42,58,580,544.00,"315,520.00"
2020-02-10,2020021001010709,SHIVM,42,21,300,543.00,"162,900.00"
2020-02-10,2020021001010708,SHIVM,42,26,500,542.00,"271,000.00"
2020-02-10,2020021001010582,SHIVM,50,44,100,541.00,"54,100.00"
2020-02-10,2020021001010581,SHIVM,50,39,50,541.00,"27,050.00"
2020-02-10,2020021001010906,SHIVM,42,6,30,542.00,"16,260.00"
2020-02-10,2020021001010894,SHIVM,42,57,20,542.00,"10,840.00"
2020-02-10,2020021001010738,SHIVM,42,21,10,545.00,"5,450.00"
2020-02-10,2020021001010737,SHIVM,42,33,290,544.00,"157,760.00"
2020-02-10,2020021001010711,SHIVM,42,33,220,544.00,"119,680.00"
2020-02-10,2020021001010914,SHIVM,28,19,25,543.00,"13,575.00"
2020-02-10,2020021001010913,SHIVM,28,39,100,543.00,"54,300.00"
2020-02-10,2020021001010912,SHIVM,28,25,200,542.00,"108,400.00"
2020-02-10,2020021001010909,SHIVM,52,6,220,541.00,"119,020.00"
2020-02-10,2020021001010908,SHIVM,1,6,200,541.00,"108,200.00"
2020-02-10,2020021001010907,SHIVM,50,6,50,541.00,"27,050.00"
2020-02-10,2020021001010811,SHL,40,6,100,198.00,"19,800.00"
2020-02-10,2020021001010521,SHL,11,56,"1,000",197.00,"197,000.00"
2020-02-10,2020021001010962,SHPC,58,46,10,213.00,"2,130.00"
2020-02-10,2020021001010531,SHPC,28,36,360,211.00,"75,960.00"
2020-02-10,2020021001010530,SHPC,41,36,200,211.00,"42,200.00"
2020-02-10,2020021001010529,SHPC,34,36,200,211.00,"42,200.00"
2020-02-10,2020021001010528,SHPC,3,36,200,211.00,"42,200.00"
2020-02-10,2020021001010527,SHPC,26,36,"1,000",211.00,"211,000.00"
2020-02-10,2020021001010526,SHPC,56,36,500,212.00,"106,000.00"
2020-02-10,2020021001010525,SHPC,52,36,500,212.00,"106,000.00"
2020-02-10,2020021001010835,SIC,7,25,30,722.00,"21,660.00"
2020-02-10,2020021001010834,SIC,42,25,29,722.00,"20,938.00"
2020-02-10,2020021001010762,SIC,42,5,271,722.00,"195,662.00"
2020-02-10,2020021001010896,SIL,58,25,50,570.00,"28,500.00"
2020-02-10,2020021001010722,SIL,25,25,10,570.00,"5,700.00"
2020-02-10,2020021001010628,SIL,47,42,20,566.00,"11,320.00"
2020-02-10,2020021001010570,SIL,51,33,95,565.00,"53,675.00"
2020-02-10,2020021001010569,SIL,5,33,100,565.00,"56,500.00"
2020-02-10,2020021001010568,SIL,44,33,50,565.00,"28,250.00"
2020-02-10,2020021001010567,SIL,6,33,140,566.00,"79,240.00"
2020-02-10,2020021001010566,SIL,44,33,100,568.00,"56,800.00"
2020-02-10,2020021001010565,SIL,54,33,15,568.00,"8,520.00"
2020-02-10,2020021001010511,SIL,54,5,611,568.00,"347,048.00"
2020-02-10,2020021001010888,SJCL,49,44,20,156.00,"3,120.00"
2020-02-10,2020021001010586,SJCL,49,44,20,156.00,"3,120.00"
2020-02-10,2020021001010602,SKBBL,35,7,30,"1,000.00","30,000.00"
2020-02-10,2020021001010601,SKBBL,35,16,10,"1,000.00","10,000.00"
2020-02-10,2020021001010485,SKBBL,35,28,25,"1,000.00","25,000.00"
2020-02-10,2020021001010484,SKBBL,35,42,90,"1,000.00","90,000.00"
2020-02-10,2020021001010483,SKBBL,35,13,500,"1,000.00","500,000.00"
2020-02-10,2020021001010482,SKBBL,35,14,20,"1,000.00","20,000.00"
2020-02-10,2020021001010481,SKBBL,1,14,30,"1,000.00","30,000.00"
2020-02-10,2020021001010480,SKBBL,1,11,50,"1,000.00","50,000.00"
2020-02-10,2020021001010971,SLBBL,6,53,50,857.00,"42,850.00"
2020-02-10,2020021001010970,SLBBL,44,53,50,857.00,"42,850.00"
2020-02-10,2020021001010946,SLBBL,58,44,100,860.00,"86,000.00"
2020-02-10,2020021001010726,SLBBL,39,44,500,859.00,"429,500.00"
2020-02-10,2020021001010725,SLBBL,39,57,15,859.00,"12,885.00"
2020-02-10,2020021001010974,SLICL,44,28,10,454.00,"4,540.00"
2020-02-10,2020021001010793,SLICL,49,39,200,453.00,"90,600.00"
2020-02-10,2020021001010955,SMATA,16,33,90,735.00,"66,150.00"
2020-02-10,2020021001010820,SMATA,55,28,460,727.00,"334,420.00"
2020-02-10,2020021001010819,SMATA,51,28,50,728.00,"36,400.00"
2020-02-10,2020021001010818,SMATA,1,28,20,728.00,"14,560.00"
2020-02-10,2020021001010817,SMATA,59,28,100,728.00,"72,800.00"
2020-02-10,2020021001010816,SMATA,10,28,200,728.00,"145,600.00"
2020-02-10,2020021001010815,SMATA,4,28,200,729.00,"145,800.00"
2020-02-10,2020021001010814,SMATA,38,28,20,730.00,"14,600.00"
2020-02-10,2020021001010813,SMATA,32,28,40,730.00,"29,200.00"
2020-02-10,2020021001010812,SMATA,50,28,10,731.00,"7,310.00"
2020-02-10,2020021001010696,SMATA,57,33,10,735.00,"7,350.00"
2020-02-10,2020021001010542,SMATA,39,33,100,732.00,"73,200.00"
2020-02-10,2020021001010931,SMFBS,13,44,10,"1,003.00","10,030.00"
2020-02-10,2020021001010859,SWBBL,44,39,643,"1,135.00","729,805.00"
2020-02-10,2020021001010858,SWBBL,19,39,50,"1,135.00","56,750.00"
2020-02-10,2020021001010766,SWBBL,46,21,15,"1,140.00","17,100.00"
2020-02-10,2020021001010868,TMDBL,38,22,10,187.00,"1,870.00"
2020-02-10,2020021001010680,TRH,19,28,100,290.00,"29,000.00"
2020-02-10,2020021001010585,UIC,52,28,200,421.00,"84,200.00"
2020-02-10,2020021001010778,UMHL,35,10,33,111.00,"3,663.00"
2020-02-10,2020021001010905,UNHPL,32,57,70,59.00,"4,130.00"
2020-02-10,2020021001010904,UNHPL,32,35,80,59.00,"4,720.00"
2020-02-10,2020021001010627,UPPER,49,36,950,240.00,"228,000.00"
2020-02-10,2020021001010615,UPPER,13,36,50,240.00,"12,000.00"
2020-02-10,2020021001010578,UPPER,34,45,10,241.00,"2,410.00"
2020-02-10,2020021001010577,UPPER,34,42,30,240.00,"7,200.00"
2020-02-10,2020021001010618,VLBS,36,55,11,"1,049.00","11,539.00"
2020-02-10,2020021001010856,VLBS,58,33,10,"1,069.00","10,690.00"
2020-02-10,2020021001010802,WOMI,34,57,10,"1,008.00","10,080.00"
2020-02-10,2020021001010801,WOMI,34,46,70,"1,007.00","70,490.00"
2020-02-10,2020021001010800,WOMI,34,34,10,"1,006.00","10,060.00"
2020-02-10,2020021001010782,WOMI,34,42,10,996.00,"9,960.00"
2020-02-10,2020021001010564,WOMI,25,29,80,998.00,"79,840.00"
2020-02-10,2020021001010563,WOMI,45,29,100,998.00,"99,800.00"
2020-02-10,2020021001010470,ADBL,59,14,500,379.00,"189,500.00"
2020-02-10,2020021001010454,AHPC,42,39,948,95.00,"90,060.00"
2020-02-10,2020021001010453,AHPC,42,39,532,95.00,"50,540.00"
2020-02-10,2020021001010418,AKPL,8,7,452,121.00,"54,692.00"
2020-02-10,2020021001010417,AKPL,45,7,548,121.00,"66,308.00"
2020-02-10,2020021001010287,AKPL,45,34,452,121.00,"54,692.00"
2020-02-10,2020021001010286,AKPL,51,34,400,121.00,"48,400.00"
2020-02-10,2020021001010285,AKPL,35,34,500,121.00,"60,500.00"
2020-02-10,2020021001010122,AKPL,37,40,"2,000",122.00,"244,000.00"
2020-02-10,2020021001010284,AKPL,45,34,"2,000",121.00,"242,000.00"
2020-02-10,2020021001010283,AKPL,34,34,500,121.00,"60,500.00"
2020-02-10,2020021001010282,AKPL,51,34,148,121.00,"17,908.00"
2020-02-10,2020021001010250,AKPL,38,40,"1,500",122.00,"183,000.00"
2020-02-10,2020021001010188,AKPL,11,40,100,122.00,"12,200.00"
2020-02-10,2020021001010369,ALBSL,21,45,11,700.00,"7,700.00"
2020-02-10,2020021001010147,ALBSL,25,39,60,698.00,"41,880.00"
2020-02-10,2020021001010146,ALBSL,48,39,57,698.00,"39,786.00"
2020-02-10,2020021001010145,ALBSL,25,39,13,700.00,"9,100.00"
2020-02-10,2020021001010230,ALBSL,25,37,11,698.00,"7,678.00"
2020-02-10,2020021001010048,ALICL,45,14,200,560.00,"112,000.00"
2020-02-10,2020021001010383,API,25,32,300,126.00,"37,800.00"
2020-02-10,2020021001010260,BPCL,36,45,22,328.00,"7,216.00"
2020-02-10,2020021001010234,BPCL,36,52,11,327.00,"3,597.00"
2020-02-10,2020021001010356,CBBL,3,36,30,996.00,"29,880.00"
2020-02-10,2020021001010264,CBBL,51,41,100,995.00,"99,500.00"
2020-02-10,2020021001010263,CBBL,51,45,100,995.00,"99,500.00"
2020-02-10,2020021001010262,CBBL,51,44,50,995.00,"49,750.00"
2020-02-10,2020021001010261,CBBL,51,45,45,995.00,"44,775.00"
2020-02-10,2020021001010399,CBL,33,6,909,151.00,"137,259.00"
2020-02-10,2020021001010398,CBL,19,6,91,151.00,"13,741.00"
2020-02-10,2020021001010310,CBL,19,45,200,151.00,"30,200.00"
2020-02-10,2020021001010218,CBL,19,11,68,151.00,"10,268.00"
2020-02-10,2020021001010214,CBL,32,39,"3,000",152.00,"456,000.00"
2020-02-10,2020021001010177,CBL,19,49,"1,360",151.00,"205,360.00"
2020-02-10,2020021001010176,CBL,37,49,26,151.00,"3,926.00"
2020-02-10,2020021001010157,CBL,55,39,200,152.00,"30,400.00"
2020-02-10,2020021001010141,CBL,38,39,264,152.00,"40,128.00"
2020-02-10,2020021001009980,CBL,32,39,"2,000",152.00,"304,000.00"
2020-02-10,2020021001010293,CCBL,52,8,100,184.00,"18,400.00"
2020-02-10,2020021001010199,CCBL,42,16,74,183.00,"13,542.00"
2020-02-10,2020021001010121,CCBL,52,8,500,184.00,"92,000.00"
2020-02-10,2020021001010302,CFCL,51,38,730,145.00,"105,850.00"
2020-02-10,2020021001010301,CFCL,51,22,500,144.00,"72,000.00"
2020-02-10,2020021001010300,CFCL,51,22,770,144.00,"110,880.00"
2020-02-10,2020021001010474,CIT,38,6,80,"2,504.00","200,320.00"
2020-02-10,2020021001010473,CIT,38,34,200,"2,504.00","500,800.00"
2020-02-10,2020021001010372,CIT,38,14,100,"2,503.00","250,300.00"
2020-02-10,2020021001010328,CIT,38,33,100,"2,500.00","250,000.00"
2020-02-10,2020021001010327,CIT,38,43,50,"2,500.00","125,000.00"
2020-02-10,2020021001010326,CIT,38,42,10,"2,500.00","25,000.00"
2020-02-10,2020021001010119,CIT,38,1,10,"2,499.00","24,990.00"
2020-02-10,2020021001010319,CIT,38,59,12,"2,500.00","30,000.00"
2020-02-10,2020021001010318,CIT,38,59,80,"2,500.00","200,000.00"
2020-02-10,2020021001010317,CIT,38,58,100,"2,500.00","250,000.00"
2020-02-10,2020021001010249,CIT,38,32,291,"2,499.00","727,209.00"
2020-02-10,2020021001010248,CIT,38,1,90,"2,499.00","224,910.00"
2020-02-10,2020021001010247,CIT,38,3,50,"2,498.00","124,900.00"
2020-02-10,2020021001010325,CIT,38,37,100,"2,500.00","250,000.00"
2020-02-10,2020021001010324,CIT,38,59,100,"2,500.00","250,000.00"
2020-02-10,2020021001010323,CIT,38,50,12,"2,500.00","30,000.00"
2020-02-10,2020021001010322,CIT,38,25,20,"2,500.00","50,000.00"
2020-02-10,2020021001010321,CIT,38,22,175,"2,500.00","437,500.00"
2020-02-10,2020021001010320,CIT,38,7,30,"2,500.00","75,000.00"
2020-02-10,2020021001010252,CLBSL,33,53,10,"1,080.00","10,800.00"
2020-02-10,2020021001010435,CZBIL,13,14,171,193.00,"33,003.00"
2020-02-10,2020021001010434,CZBIL,21,14,200,193.00,"38,600.00"
2020-02-10,2020021001010433,CZBIL,38,14,100,193.00,"19,300.00"
2020-02-10,2020021001010432,CZBIL,48,14,100,193.00,"19,300.00"
2020-02-10,2020021001010431,CZBIL,56,14,125,193.00,"24,125.00"
2020-02-10,2020021001010430,CZBIL,20,14,500,193.00,"96,500.00"
2020-02-10,2020021001010423,CZBIL,6,14,"1,108",193.00,"213,844.00"
2020-02-10,2020021001010231,CZBIL,55,26,200,194.00,"38,800.00"
2020-02-10,2020021001010060,CZBIL,6,38,415,193.00,"80,095.00"
2020-02-10,2020021001010429,CZBIL,8,14,200,193.00,"38,600.00"
2020-02-10,2020021001010428,CZBIL,4,14,26,193.00,"5,018.00"
2020-02-10,2020021001010427,CZBIL,44,14,220,193.00,"42,460.00"
2020-02-10,2020021001010426,CZBIL,19,14,50,193.00,"9,650.00"
2020-02-10,2020021001010425,CZBIL,49,14,100,193.00,"19,300.00"
2020-02-10,2020021001010424,CZBIL,49,14,100,193.00,"19,300.00"
2020-02-10,2020021001010416,DDBL,58,4,25,844.00,"21,100.00"
2020-02-10,2020021001010381,DDBL,34,25,185,841.00,"155,585.00"
2020-02-10,2020021001010380,DDBL,58,25,15,841.00,"12,615.00"
2020-02-10,2020021001010311,DDBL,17,6,100,843.00,"84,300.00"
2020-02-10,2020021001010265,DDBL,25,4,200,843.00,"168,600.00"
2020-02-10,2020021001010253,DDBL,45,4,75,843.00,"63,225.00"
2020-02-10,2020021001009985,DDBL,58,4,160,840.00,"134,400.00"
2020-02-10,2020021001010029,DDBL,25,21,200,840.00,"168,000.00"
2020-02-10,2020021001010028,DDBL,25,47,50,840.00,"42,000.00"
2020-02-10,2020021001010027,DDBL,25,45,10,840.00,"8,400.00"
2020-02-10,2020021001009988,DDBL,58,45,40,840.00,"33,600.00"
2020-02-10,2020021001009987,DDBL,58,19,100,840.00,"84,000.00"
2020-02-10,2020021001009986,DDBL,58,35,200,840.00,"168,000.00"
2020-02-10,2020021001010172,DDBL,36,28,200,841.00,"168,200.00"
2020-02-10,2020021001010114,DDBL,58,37,135,840.00,"113,400.00"
2020-02-10,2020021001010107,DDBL,17,37,200,840.00,"168,000.00"
2020-02-10,2020021001010049,DDBL,1,37,65,840.00,"54,600.00"
2020-02-10,2020021001010037,DDBL,7,37,100,840.00,"84,000.00"
2020-02-10,2020021001010030,DDBL,25,57,50,840.00,"42,000.00"
2020-02-10,2020021001010244,DDBL,45,16,25,843.00,"21,075.00"
2020-02-10,2020021001010223,DDBL,45,35,77,843.00,"64,911.00"
2020-02-10,2020021001010197,DDBL,45,32,100,842.00,"84,200.00"
2020-02-10,2020021001010196,DDBL,45,16,10,842.00,"8,420.00"
2020-02-10,2020021001010194,DDBL,58,14,50,841.00,"42,050.00"
2020-02-10,2020021001010175,DDBL,58,28,300,841.00,"252,300.00"
2020-02-10,2020021001010458,EBL,58,13,100,628.00,"62,800.00"
2020-02-10,2020021001010179,EBL,25,13,200,628.00,"125,600.00"
2020-02-10,2020021001010009,EBL,39,52,174,627.00,"109,098.00"
2020-02-10,2020021001010008,EBL,43,52,100,627.00,"62,700.00"
2020-02-10,2020021001010007,EBL,37,52,26,627.00,"16,302.00"
2020-02-10,2020021001010022,EIC,21,41,200,434.00,"86,800.00"
2020-02-10,2020021001010021,EIC,42,41,200,434.00,"86,800.00"
2020-02-10,2020021001010020,EIC,42,41,200,434.00,"86,800.00"
2020-02-10,2020021001010019,EIC,38,41,250,435.00,"108,750.00"
2020-02-10,2020021001010018,EIC,50,41,50,435.00,"21,750.00"
2020-02-10,2020021001010017,EIC,46,41,100,435.00,"43,500.00"
2020-02-10,2020021001010016,EIC,46,41,110,435.00,"47,850.00"
2020-02-10,2020021001010463,FMDBL,26,39,150,459.00,"68,850.00"
2020-02-10,2020021001010362,FMDBL,18,6,250,454.00,"113,500.00"
2020-02-10,2020021001010361,FMDBL,18,6,150,455.00,"68,250.00"
2020-02-10,2020021001010299,FMDBL,45,39,300,455.00,"136,500.00"
2020-02-10,2020021001010298,FMDBL,25,39,50,458.00,"22,900.00"
2020-02-10,2020021001010275,FMDBL,18,56,50,460.00,"23,000.00"
2020-02-10,2020021001010237,FMDBL,57,56,150,460.00,"69,000.00"
2020-02-10,2020021001010236,FMDBL,57,17,150,460.00,"69,000.00"
2020-02-10,2020021001010209,FMDBL,36,50,100,457.00,"45,700.00"
2020-02-10,2020021001010202,FMDBL,45,6,700,455.00,"318,500.00"
2020-02-10,2020021001010201,FMDBL,45,6,500,455.00,"227,500.00"
2020-02-10,2020021001010200,FMDBL,3,6,200,456.00,"91,200.00"
2020-02-10,2020021001010309,GBBL,1,33,70,242.00,"16,940.00"
2020-02-10,2020021001010120,GBBL,34,59,190,240.00,"45,600.00"
2020-02-10,2020021001010375,GBIME,39,5,250,281.00,"70,250.00"
2020-02-10,2020021001010374,GBIME,10,5,100,281.00,"28,100.00"
2020-02-10,2020021001010329,GBIME,41,5,100,281.00,"28,100.00"
2020-02-10,2020021001010191,GBIME,16,5,120,281.00,"33,720.00"
2020-02-10,2020021001010079,GBIME,55,5,121,281.00,"34,001.00"
2020-02-10,2020021001010076,GBIME,57,5,100,281.00,"28,100.00"
2020-02-10,2020021001010023,GBIME,45,5,"1,000",281.00,"281,000.00"
2020-02-10,2020021001009999,GBIME,11,5,76,281.00,"21,356.00"
2020-02-10,2020021001009998,GBIME,11,13,224,281.00,"62,944.00"
2020-02-10,2020021001010461,GBLBS,22,46,260,470.00,"122,200.00"
2020-02-10,2020021001010396,GBLBS,13,6,100,470.00,"47,000.00"
2020-02-10,2020021001010161,GBLBS,57,6,400,470.00,"188,000.00"
2020-02-10,2020021001010099,GBLBS,26,54,100,468.00,"46,800.00"
2020-02-10,2020021001010071,GBLBS,36,57,"1,000",469.00,"469,000.00"
2020-02-10,2020021001010457,GGBSL,50,44,10,861.00,"8,610.00"
2020-02-10,2020021001010066,GGBSL,50,45,200,861.00,"172,200.00"
2020-02-10,2020021001010460,GLICL,10,34,300,762.00,"228,600.00"
2020-02-10,2020021001010269,GLICL,58,6,100,763.00,"76,300.00"
2020-02-10,2020021001010182,GLICL,10,29,100,763.00,"76,300.00"
2020-02-10,2020021001010181,GLICL,10,56,100,763.00,"76,300.00"
2020-02-10,2020021001010180,GLICL,10,47,100,762.00,"76,200.00"
2020-02-10,2020021001010207,GMFBS,10,13,20,845.00,"16,900.00"
2020-02-10,2020021001010046,GMFBS,10,34,10,845.00,"8,450.00"
2020-02-10,2020021001010045,GMFBS,10,57,50,845.00,"42,250.00"
2020-02-10,2020021001010044,GMFBS,10,11,500,845.00,"422,500.00"
2020-02-10,2020021001010043,GMFBS,10,14,50,844.00,"42,200.00"
2020-02-10,2020021001010042,GMFBS,10,14,50,843.00,"42,150.00"
2020-02-10,2020021001010041,GMFBS,10,34,100,840.00,"84,000.00"
2020-02-10,2020021001010040,GMFBS,10,32,10,840.00,"8,400.00"
2020-02-10,2020021001010411,GRDBL,38,38,10,131.00,"1,310.00"
2020-02-10,2020021001010410,GRDBL,38,14,40,130.00,"5,200.00"
2020-02-10,2020021001010347,GRDBL,38,14,10,130.00,"1,300.00"
2020-02-10,2020021001010243,GRDBL,13,45,345,129.00,"44,505.00"
2020-02-10,2020021001010229,GRDBL,4,38,50,131.00,"6,550.00"
2020-02-10,2020021001010228,GRDBL,4,45,650,130.00,"84,500.00"
2020-02-10,2020021001010449,HDL,57,16,100,"1,219.00","121,900.00"
2020-02-10,2020021001010113,HDL,57,57,290,"1,218.00","353,220.00"
2020-02-10,2020021001010082,HDL,42,52,100,"1,217.00","121,700.00"
2020-02-10,2020021001010039,HDL,54,57,60,"1,218.00","73,080.00"
2020-02-10,2020021001010038,HDL,45,57,100,"1,218.00","121,800.00"
2020-02-10,2020021001010005,HDL,18,44,50,"1,220.00","61,000.00"
2020-02-10,2020021001010004,HDL,18,17,50,"1,219.00","60,950.00"
2020-02-10,2020021001010001,HGI,32,42,80,405.00,"32,400.00"
2020-02-10,2020021001010000,HGI,32,42,20,405.00,"8,100.00"
2020-02-10,2020021001010081,HIDCL,34,5,20,139.00,"2,780.00"
2020-02-10,2020021001010068,HURJA,45,35,20,107.00,"2,140.00"
2020-02-10,2020021001010315,IGI,22,36,389,422.00,"164,158.00"
2020-02-10,2020021001010314,IGI,56,36,100,422.00,"42,200.00"
2020-02-10,2020021001010061,IGI,1,36,152,424.00,"64,448.00"
2020-02-10,2020021001010267,IGI,34,36,300,424.00,"127,200.00"
2020-02-10,2020021001010211,IGI,34,36,300,424.00,"127,200.00"
2020-02-10,2020021001010059,JBBL,58,59,10,194.00,"1,940.00"
2020-02-10,2020021001010355,JFL,29,6,100,178.00,"17,800.00"
2020-02-10,2020021001010354,JFL,34,6,10,178.00,"1,780.00"
2020-02-10,2020021001010478,JSLBB,56,52,40,"1,640.00","65,600.00"
2020-02-10,2020021001010238,JSLBB,40,46,100,"1,635.00","163,500.00"
2020-02-10,2020021001010222,JSLBB,34,59,440,"1,634.00","718,960.00"
2020-02-10,2020021001010206,JSLBB,36,59,40,"1,634.00","65,360.00"
2020-02-10,2020021001010150,JSLBB,34,59,20,"1,634.00","32,680.00"
2020-02-10,2020021001010092,JSLBB,36,34,50,"1,633.00","81,650.00"
2020-02-10,2020021001010047,JSLBB,34,41,50,"1,631.00","81,550.00"
2020-02-10,2020021001010133,KKHC,48,11,14,55.00,770.00
2020-02-10,2020021001010080,KKHC,48,11,14,55.00,770.00
2020-02-10,2020021001010468,KSBBL,36,44,500,162.00,"81,000.00"
2020-02-10,2020021001010467,KSBBL,36,59,"1,000",162.00,"162,000.00"
2020-02-10,2020021001010466,KSBBL,36,45,40,162.00,"6,480.00"
2020-02-10,2020021001010465,KSBBL,36,57,100,162.00,"16,200.00"
2020-02-10,2020021001010031,KSBBL,32,4,50,161.00,"8,050.00"
2020-02-10,2020021001010469,LBBL,14,13,200,191.00,"38,200.00"
2020-02-10,2020021001010305,LBBL,14,13,296,191.00,"56,536.00"
2020-02-10,2020021001010304,LBBL,6,13,971,191.00,"185,461.00"
2020-02-10,2020021001010003,LBBL,6,17,29,191.00,"5,539.00"
2020-02-10,2020021001010002,LBBL,33,17,136,191.00,"25,976.00"
2020-02-10,2020021001010110,LBL,42,16,21,222.00,"4,662.00"
2020-02-10,2020021001010109,LBL,42,39,47,222.00,"10,434.00"
2020-02-10,2020021001010444,LEMF,22,39,"1,000",8.01,"8,010.00"
2020-02-10,2020021001010443,LEMF,22,39,"2,000",8.01,"16,020.00"
2020-02-10,2020021001010246,LICN,5,58,20,"1,215.00","24,300.00"
2020-02-10,2020021001010186,LICN,14,56,100,"1,224.00","122,400.00"
2020-02-10,2020021001010169,LICN,50,14,184,"1,215.00","223,560.00"
2020-02-10,2020021001010098,LICN,14,14,20,"1,215.00","24,300.00"
2020-02-10,2020021001010097,LICN,56,14,80,"1,215.00","97,200.00"
2020-02-10,2020021001010096,LICN,5,14,50,"1,216.00","60,800.00"
2020-02-10,2020021001010095,LICN,25,14,50,"1,217.00","60,850.00"
2020-02-10,2020021001010093,LICN,56,25,22,"1,218.00","26,796.00"
2020-02-10,2020021001010268,MBL,52,43,200,232.00,"46,400.00"
2020-02-10,2020021001010217,MBL,52,43,200,232.00,"46,400.00"
2020-02-10,2020021001010187,MBL,1,5,10,233.00,"2,330.00"
2020-02-10,2020021001010100,MBL,52,57,300,232.00,"69,600.00"
2020-02-10,2020021001010173,MDB,59,47,90,335.00,"30,150.00"
2020-02-10,2020021001010476,MEGA,48,13,108,202.00,"21,816.00"
2020-02-10,2020021001010373,MEGA,32,13,130,202.00,"26,260.00"
2020-02-10,2020021001010106,MEGA,1,13,150,202.00,"30,300.00"
2020-02-10,2020021001010105,MEGA,6,13,12,202.00,"2,424.00"
2020-02-10,2020021001010104,MEGA,8,13,500,202.00,"101,000.00"
2020-02-10,2020021001010103,MEGA,52,13,419,202.00,"84,638.00"
2020-02-10,2020021001010365,MLBBL,1,34,50,780.00,"39,000.00"
2020-02-10,2020021001010364,MLBBL,38,34,20,780.00,"15,600.00"
2020-02-10,2020021001010289,MLBL,36,55,"1,000",214.00,"214,000.00"
2020-02-10,2020021001010316,MSMBS,32,58,11,760.00,"8,360.00"
2020-02-10,2020021001010352,NABIL,52,4,520,720.00,"374,400.00"
2020-02-10,2020021001010351,NABIL,32,4,50,720.00,"36,000.00"
2020-02-10,2020021001010350,NABIL,52,4,200,721.00,"144,200.00"
2020-02-10,2020021001010349,NABIL,47,4,200,722.00,"144,400.00"
2020-02-10,2020021001010348,NABIL,43,4,30,722.00,"21,660.00"
2020-02-10,2020021001010216,NABIL,43,39,20,722.00,"14,440.00"
2020-02-10,2020021001010215,NABIL,36,39,80,722.00,"57,760.00"
2020-02-10,2020021001010363,NADEP,52,47,200,705.00,"141,000.00"
2020-02-10,2020021001010084,NBL,29,47,89,267.00,"23,763.00"
2020-02-10,2020021001010083,NBL,25,47,641,267.00,"171,147.00"
2020-02-10,2020021001010078,NBL,19,4,"2,000",268.00,"536,000.00"
2020-02-10,2020021001010077,NBL,19,4,"1,500",268.00,"402,000.00"
2020-02-10,2020021001010241,NCCB,8,13,19,194.00,"3,686.00"
2020-02-10,2020021001010213,NCCB,8,58,20,194.00,"3,880.00"
2020-02-10,2020021001010195,NCCB,52,51,150,195.00,"29,250.00"
2020-02-10,2020021001010379,NFS,53,22,50,135.00,"6,750.00"
2020-02-10,2020021001010308,NFS,53,37,167,135.00,"22,545.00"
2020-02-10,2020021001010307,NFS,53,58,263,135.00,"35,505.00"
2020-02-10,2020021001010220,NFS,22,58,10,135.00,"1,350.00"
2020-02-10,2020021001010164,NIB,38,51,18,383.00,"6,894.00"
2020-02-10,2020021001010149,NIB,51,22,44,382.00,"16,808.00"
2020-02-10,2020021001010144,NIBPO,39,21,25,334.00,"8,350.00"
2020-02-10,2020021001010143,NIBPO,55,21,500,334.00,"167,000.00"
2020-02-10,2020021001010142,NIBPO,59,21,50,334.00,"16,700.00"
2020-02-10,2020021001009984,NIBPO,14,21,100,335.00,"33,500.00"
2020-02-10,2020021001009983,NIBPO,22,21,200,335.00,"67,000.00"
2020-02-10,2020021001009982,NIBPO,35,21,100,335.00,"33,500.00"
2020-02-10,2020021001009981,NIBPO,13,21,25,335.00,"8,375.00"
2020-02-10,2020021001010464,NICA,4,26,100,486.00,"48,600.00"
2020-02-10,2020021001010409,NICA,4,8,33,486.00,"16,038.00"
2020-02-10,2020021001010274,NICA,25,28,100,486.00,"48,600.00"
2020-02-10,2020021001010273,NICA,25,49,50,486.00,"24,300.00"
2020-02-10,2020021001010272,NICA,25,46,303,486.00,"147,258.00"
2020-02-10,2020021001010240,NICA,25,46,397,486.00,"192,942.00"
2020-02-10,2020021001010015,NICA,58,44,100,485.00,"48,500.00"
2020-02-10,2020021001010014,NICA,19,44,200,485.00,"97,000.00"
2020-02-10,2020021001010239,NICA,25,39,103,486.00,"50,058.00"
2020-02-10,2020021001010171,NICA,56,39,147,486.00,"71,442.00"
2020-02-10,2020021001010170,NICA,56,32,53,486.00,"25,758.00"
2020-02-10,2020021001010138,NICA,56,32,274,486.00,"133,164.00"
2020-02-10,2020021001010137,NICA,56,32,226,486.00,"109,836.00"
2020-02-10,2020021001010112,NICA,53,32,200,486.00,"97,200.00"
2020-02-10,2020021001010448,NICL,54,6,178,435.00,"77,430.00"
2020-02-10,2020021001010447,NICL,54,6,22,435.00,"9,570.00"
2020-02-10,2020021001010402,NICL,54,16,178,435.00,"77,430.00"
2020-02-10,2020021001010395,NICL,1,42,37,436.00,"16,132.00"
2020-02-10,2020021001010360,NICL,44,17,10,437.00,"4,370.00"
2020-02-10,2020021001010062,NICL,52,45,500,436.00,"218,000.00"
2020-02-10,2020021001010115,NICL,1,45,463,436.00,"201,868.00"
2020-02-10,2020021001010094,NICL,54,45,800,435.00,"348,000.00"
2020-02-10,2020021001010456,NIL,28,33,100,560.00,"56,000.00"
2020-02-10,2020021001010407,NIL,28,33,227,560.00,"127,120.00"
2020-02-10,2020021001010406,NIL,28,44,100,560.00,"56,000.00"
2020-02-10,2020021001010405,NIL,28,43,406,560.00,"227,360.00"
2020-02-10,2020021001010404,NIL,28,35,17,560.00,"9,520.00"
2020-02-10,2020021001010403,NIL,28,16,50,559.00,"27,950.00"
2020-02-10,2020021001010221,NLBBL,52,10,194,763.00,"148,022.00"
2020-02-10,2020021001010462,NLG,28,53,15,601.00,"9,015.00"
2020-02-10,2020021001010010,NLG,14,49,20,603.00,"12,060.00"
2020-02-10,2020021001010088,NLIC,28,6,66,"1,115.00","73,590.00"
2020-02-10,2020021001010056,NLIC,4,26,56,"1,116.00","62,496.00"
2020-02-10,2020021001010035,NLIC,28,16,40,"1,115.00","44,600.00"
2020-02-10,2020021001010459,NLICL,11,53,20,641.00,"12,820.00"
2020-02-10,2020021001010419,NLICL,35,53,80,641.00,"51,280.00"
2020-02-10,2020021001010401,NLICL,59,53,107,641.00,"68,587.00"
2020-02-10,2020021001010377,NLICL,35,53,40,641.00,"25,640.00"
2020-02-10,2020021001010376,NLICL,35,45,10,641.00,"6,410.00"
2020-02-10,2020021001010210,NLICL,41,19,190,640.00,"121,600.00"
2020-02-10,2020021001010198,NLICL,41,34,100,640.00,"64,000.00"
2020-02-10,2020021001010032,NLICL,43,34,50,642.00,"32,100.00"
2020-02-10,2020021001010442,NMB,55,17,135,372.00,"50,220.00"
2020-02-10,2020021001010441,NMB,55,1,63,372.00,"23,436.00"
2020-02-10,2020021001010440,NMB,55,47,100,372.00,"37,200.00"
2020-02-10,2020021001010439,NMB,55,40,200,372.00,"74,400.00"
2020-02-10,2020021001010438,NMB,55,33,379,372.00,"140,988.00"
2020-02-10,2020021001010437,NMB,55,34,73,372.00,"27,156.00"
2020-02-10,2020021001010225,NMB,57,41,400,371.00,"148,400.00"
2020-02-10,2020021001010224,NMB,57,42,30,371.00,"11,130.00"
2020-02-10,2020021001010063,NMB,43,42,50,371.00,"18,550.00"
2020-02-10,2020021001010436,NMB,55,42,50,372.00,"18,600.00"
2020-02-10,2020021001010312,NMB,21,48,"1,800",371.00,"667,800.00"
2020-02-10,2020021001010233,NMB,21,42,500,371.00,"185,500.00"
2020-02-10,2020021001010232,NMB,21,1,130,371.00,"48,230.00"
2020-02-10,2020021001010227,NMB,57,1,70,371.00,"25,970.00"
2020-02-10,2020021001010226,NMB,57,5,500,371.00,"185,500.00"
2020-02-10,2020021001010148,NTC,34,58,20,620.00,"12,400.00"
2020-02-10,2020021001010378,NUBL,56,36,100,950.00,"95,000.00"
2020-02-10,2020021001010118,NUBL,52,16,45,940.00,"42,300.00"
2020-02-10,2020021001010117,NUBL,26,16,10,941.00,"9,410.00"
2020-02-10,2020021001010116,NUBL,21,16,25,942.00,"23,550.00"
2020-02-10,2020021001010136,PCBL,51,34,250,275.00,"68,750.00"
2020-02-10,2020021001010036,PCBL,7,34,100,275.00,"27,500.00"
2020-02-10,2020021001010421,PIC,35,16,500,553.00,"276,500.00"
2020-02-10,2020021001010086,PICL,38,7,520,489.00,"254,280.00"
2020-02-10,2020021001010065,PICL,38,16,700,487.00,"340,900.00"
2020-02-10,2020021001010064,PICL,57,16,50,488.00,"24,400.00"
2020-02-10,2020021001010420,PLIC,34,45,100,567.00,"56,700.00"
2020-02-10,2020021001010371,PLIC,59,59,221,564.00,"124,644.00"
2020-02-10,2020021001010111,PLIC,7,38,80,567.00,"45,360.00"
2020-02-10,2020021001010408,PMHPL,59,52,40,89.00,"3,560.00"
2020-02-10,2020021001010204,PROFL,38,45,"5,000",110.00,"550,000.00"
2020-02-10,2020021001010452,PRVU,55,6,168,244.00,"40,992.00"
2020-02-10,2020021001010397,PRVU,34,33,45,243.00,"10,935.00"
2020-02-10,2020021001010346,PRVU,38,33,100,243.00,"24,300.00"
2020-02-10,2020021001010345,PRVU,45,33,100,243.00,"24,300.00"
2020-02-10,2020021001010344,PRVU,42,33,"2,000",243.00,"486,000.00"
2020-02-10,2020021001010343,PRVU,34,33,350,243.00,"85,050.00"
2020-02-10,2020021001010336,PRVU,50,33,"1,000",243.00,"243,000.00"
2020-02-10,2020021001010335,PRVU,43,33,200,243.00,"48,600.00"
2020-02-10,2020021001010334,PRVU,28,33,500,243.00,"121,500.00"
2020-02-10,2020021001010333,PRVU,16,33,500,243.00,"121,500.00"
2020-02-10,2020021001010332,PRVU,4,33,"2,780",243.00,"675,540.00"
2020-02-10,2020021001010205,PRVU,38,6,52,244.00,"12,688.00"
2020-02-10,2020021001010342,PRVU,57,33,300,243.00,"72,900.00"
2020-02-10,2020021001010341,PRVU,48,33,"1,000",243.00,"243,000.00"
2020-02-10,2020021001010340,PRVU,39,33,100,243.00,"24,300.00"
2020-02-10,2020021001010339,PRVU,45,33,25,243.00,"6,075.00"
2020-02-10,2020021001010338,PRVU,34,33,500,243.00,"121,500.00"
2020-02-10,2020021001010337,PRVU,6,33,500,243.00,"121,500.00"
2020-02-10,2020021001010057,RADHI,29,57,12,147.00,"1,764.00"
2020-02-10,2020021001010075,RBCL,11,34,50,"8,910.00","445,500.00"
2020-02-10,2020021001010074,RBCL,29,34,10,"8,915.00","89,150.00"
2020-02-10,2020021001010073,RBCL,40,34,10,"8,955.00","89,550.00"
2020-02-10,2020021001010072,RBCL,44,34,10,"8,956.00","89,560.00"
2020-02-10,2020021001009994,RHPC,1,40,460,80.00,"36,800.00"
2020-02-10,2020021001010392,RHPL,46,43,"2,100",167.00,"350,700.00"
2020-02-10,2020021001010391,RHPL,6,43,100,167.00,"16,700.00"
2020-02-10,2020021001010390,RHPL,45,43,500,167.00,"83,500.00"
2020-02-10,2020021001010389,RHPL,39,43,300,167.00,"50,100.00"
2020-02-10,2020021001010388,RHPL,26,43,500,167.00,"83,500.00"
2020-02-10,2020021001010387,RHPL,40,43,50,167.00,"8,350.00"
2020-02-10,2020021001010219,RHPL,14,16,40,167.00,"6,680.00"
2020-02-10,2020021001010160,RHPL,58,43,330,168.00,"55,440.00"
2020-02-10,2020021001010101,RHPL,55,43,60,168.00,"10,080.00"
2020-02-10,2020021001009997,RHPL,49,43,500,168.00,"84,000.00"
2020-02-10,2020021001009996,RHPL,13,43,100,168.00,"16,800.00"
2020-02-10,2020021001009995,RHPL,22,43,10,168.00,"1,680.00"
2020-02-10,2020021001010386,RHPL,4,43,"2,000",167.00,"334,000.00"
2020-02-10,2020021001010385,RHPL,14,43,390,167.00,"65,130.00"
2020-02-10,2020021001010384,RHPL,49,43,60,168.00,"10,080.00"
2020-02-10,2020021001010331,RHPL,49,52,40,168.00,"6,720.00"
2020-02-10,2020021001010306,RHPL,14,44,20,167.00,"3,340.00"
2020-02-10,2020021001010290,RHPL,14,42,40,167.00,"6,680.00"
2020-02-10,2020021001010294,RLFL,22,3,100,149.00,"14,900.00"
2020-02-10,2020021001010168,RLFL,4,3,27,149.00,"4,023.00"
2020-02-10,2020021001010167,RLFL,4,17,50,149.00,"7,450.00"
2020-02-10,2020021001010166,RLFL,4,51,10,149.00,"1,490.00"
2020-02-10,2020021001010165,RLFL,4,52,13,147.00,"1,911.00"
2020-02-10,2020021001010156,RLFL,4,52,814,147.00,"119,658.00"
2020-02-10,2020021001010155,RLFL,4,47,50,147.00,"7,350.00"
2020-02-10,2020021001010154,RLFL,4,17,97,147.00,"14,259.00"
2020-02-10,2020021001010153,RLFL,4,25,93,147.00,"13,671.00"
2020-02-10,2020021001010152,RLFL,4,6,46,145.00,"6,670.00"
2020-02-10,2020021001010091,RMDC,41,42,10,670.00,"6,700.00"
2020-02-10,2020021001010090,RMDC,41,49,25,670.00,"16,750.00"
2020-02-10,2020021001010089,RMDC,41,57,60,670.00,"40,200.00"
2020-02-10,2020021001010259,RRHP,58,22,70,104.00,"7,280.00"
2020-02-10,2020021001010270,RSDC,57,49,30,470.00,"14,100.00"
2020-02-10,2020021001010193,RSDC,57,34,30,470.00,"14,100.00"
2020-02-10,2020021001010192,RSDC,57,57,200,470.00,"94,000.00"
2020-02-10,2020021001010446,SABSL,26,19,50,860.00,"43,000.00"
2020-02-10,2020021001010024,SABSL,42,44,10,855.00,"8,550.00"
2020-02-10,2020021001010472,SADBL,59,45,635,156.00,"99,060.00"
2020-02-10,2020021001010471,SADBL,32,45,365,156.00,"56,940.00"
2020-02-10,2020021001010178,SANIMA,4,37,"3,683",342.00,"1,259,586.00"
2020-02-10,2020021001010135,SANIMA,4,37,"1,065",342.00,"364,230.00"
2020-02-10,2020021001010134,SANIMA,34,37,885,343.00,"303,555.00"
2020-02-10,2020021001010087,SANIMA,34,53,500,343.00,"171,500.00"
2020-02-10,2020021001010013,SANIMA,34,42,500,343.00,"171,500.00"
2020-02-10,2020021001010012,SANIMA,34,38,150,343.00,"51,450.00"
2020-02-10,2020021001010011,SANIMA,34,51,250,343.00,"85,750.00"
2020-02-10,2020021001010102,SCB,34,34,143,608.00,"86,944.00"
2020-02-10,2020021001010131,SDESI,45,59,200,840.00,"168,000.00"
2020-02-10,2020021001010130,SDESI,1,59,89,840.00,"74,760.00"
2020-02-10,2020021001010129,SDESI,44,59,200,841.00,"168,200.00"
2020-02-10,2020021001010128,SDESI,44,59,200,841.00,"168,200.00"
2020-02-10,2020021001010127,SDESI,43,59,100,842.00,"84,200.00"
2020-02-10,2020021001010368,SHINE,57,6,143,276.00,"39,468.00"
2020-02-10,2020021001010367,SHINE,4,6,357,276.00,"98,532.00"
2020-02-10,2020021001010475,SHIVM,16,59,100,542.00,"54,200.00"
2020-02-10,2020021001010414,SHIVM,28,58,110,544.00,"59,840.00"
2020-02-10,2020021001010413,SHIVM,28,38,200,543.00,"108,600.00"
2020-02-10,2020021001010412,SHIVM,28,42,190,543.00,"103,170.00"
2020-02-10,2020021001010400,SHIVM,56,42,10,543.00,"5,430.00"
2020-02-10,2020021001010394,SHIVM,40,39,200,540.00,"108,000.00"
2020-02-10,2020021001010132,SHIVM,42,25,689,542.00,"373,438.00"
2020-02-10,2020021001010108,SHIVM,46,34,10,544.00,"5,440.00"
2020-02-10,2020021001010058,SHIVM,46,6,490,544.00,"266,560.00"
2020-02-10,2020021001010054,SHIVM,21,25,281,543.00,"152,583.00"
2020-02-10,2020021001010053,SHIVM,56,25,"1,999",543.00,"1,085,457.00"
2020-02-10,2020021001010050,SHIVM,50,6,10,544.00,"5,440.00"
2020-02-10,2020021001010162,SHIVM,28,19,563,541.00,"304,583.00"
2020-02-10,2020021001010159,SHIVM,28,57,437,541.00,"236,417.00"
2020-02-10,2020021001010158,SHIVM,42,57,63,542.00,"34,146.00"
2020-02-10,2020021001010151,SHIVM,42,34,"1,190",542.00,"644,980.00"
2020-02-10,2020021001010140,SHIVM,42,25,100,542.00,"54,200.00"
2020-02-10,2020021001010139,SHIVM,42,58,485,542.00,"262,870.00"
2020-02-10,2020021001010271,SHIVM,40,57,100,540.00,"54,000.00"
2020-02-10,2020021001010208,SHIVM,56,58,10,544.00,"5,440.00"
2020-02-10,2020021001010190,SHIVM,40,29,37,540.00,"19,980.00"
2020-02-10,2020021001010189,SHIVM,16,29,63,541.00,"34,083.00"
2020-02-10,2020021001010174,SHIVM,16,25,500,541.00,"270,500.00"
2020-02-10,2020021001010163,SHIVM,16,19,437,541.00,"236,417.00"
2020-02-10,2020021001010393,SHIVM,52,39,300,541.00,"162,300.00"
2020-02-10,2020021001010370,SHIVM,16,58,200,544.00,"108,800.00"
2020-02-10,2020021001010366,SHIVM,28,58,80,544.00,"43,520.00"
2020-02-10,2020021001010353,SHIVM,38,7,230,542.00,"124,660.00"
2020-02-10,2020021001010297,SHIVM,56,58,10,544.00,"5,440.00"
2020-02-10,2020021001010288,SHIVM,40,50,200,540.00,"108,000.00"
2020-02-10,2020021001010295,SHL,17,1,200,196.00,"39,200.00"
2020-02-10,2020021001010382,SHPC,56,40,430,213.00,"91,590.00"
2020-02-10,2020021001010067,SHPC,58,42,224,212.00,"47,488.00"
2020-02-10,2020021001010455,SICL,33,35,10,"1,129.00","11,290.00"
2020-02-10,2020021001010026,SICL,44,14,789,"1,124.00","886,836.00"
2020-02-10,2020021001010025,SICL,44,58,100,"1,123.00","112,300.00"
2020-02-10,2020021001010422,SIL,54,42,13,568.00,"7,384.00"
2020-02-10,2020021001010185,SIL,54,25,361,568.00,"205,048.00"
2020-02-10,2020021001010184,SIL,14,25,100,569.00,"56,900.00"
2020-02-10,2020021001010183,SIL,7,25,41,569.00,"23,329.00"
2020-02-10,2020021001009989,SINDU,57,49,100,135.00,"13,500.00"
2020-02-10,2020021001010357,SJCL,49,44,20,156.00,"3,120.00"
2020-02-10,2020021001010303,SJCL,49,42,20,156.00,"3,120.00"
2020-02-10,2020021001010251,SJCL,49,52,20,156.00,"3,120.00"
2020-02-10,2020021001010242,SJCL,49,16,10,156.00,"1,560.00"
2020-02-10,2020021001010479,SKBBL,1,19,20,"1,000.00","20,000.00"
2020-02-10,2020021001010258,SKBBL,35,55,100,999.00,"99,900.00"
2020-02-10,2020021001010257,SKBBL,35,6,21,999.00,"20,979.00"
2020-02-10,2020021001010256,SKBBL,35,1,25,999.00,"24,975.00"
2020-02-10,2020021001010255,SKBBL,35,48,100,999.00,"99,900.00"
2020-02-10,2020021001010254,SKBBL,35,44,83,999.00,"82,917.00"
2020-02-10,2020021001010415,SLBBL,49,57,90,856.00,"77,040.00"
2020-02-10,2020021001010123,SLBBL,45,57,110,857.00,"94,270.00"
2020-02-10,2020021001010126,SLBBL,34,57,500,856.00,"428,000.00"
2020-02-10,2020021001010125,SLBBL,25,57,300,856.00,"256,800.00"
2020-02-10,2020021001010124,SLBBL,34,57,100,857.00,"85,700.00"
2020-02-10,2020021001010359,SLBSL,25,6,10,839.00,"8,390.00"
2020-02-10,2020021001010358,SLBSL,25,22,140,834.00,"116,760.00"
2020-02-10,2020021001010477,SLICL,44,44,10,455.00,"4,550.00"
2020-02-10,2020021001010235,SLICL,44,44,16,455.00,"7,280.00"
2020-02-10,2020021001010212,SLICL,44,44,12,455.00,"5,460.00"
2020-02-10,2020021001009991,SLICL,46,45,70,451.00,"31,570.00"
2020-02-10,2020021001009990,SLICL,49,45,50,452.00,"22,600.00"
2020-02-10,2020021001010069,SLICL,44,44,12,455.00,"5,460.00"
2020-02-10,2020021001010052,SLICL,49,4,10,450.00,"4,500.00"
2020-02-10,2020021001010051,SLICL,34,4,58,451.00,"26,158.00"
2020-02-10,2020021001010006,SLICL,44,3,10,455.00,"4,550.00"
2020-02-10,2020021001009993,SLICL,34,45,50,451.00,"22,550.00"
2020-02-10,2020021001009992,SLICL,58,45,30,451.00,"13,530.00"
2020-02-10,2020021001010445,SMATA,35,41,200,734.00,"146,800.00"
2020-02-10,2020021001010292,SMFBS,13,14,100,"1,023.00","102,300.00"
2020-02-10,2020021001010291,SMFBS,22,14,30,"1,025.00","30,750.00"
2020-02-10,2020021001010070,SMFBS,22,44,10,"1,025.00","10,250.00"
2020-02-10,2020021001010266,SPARS,39,16,10,835.00,"8,350.00"
2020-02-10,2020021001010203,SRBL,33,44,400,248.00,"99,200.00"
2020-02-10,2020021001010281,TRH,17,36,750,289.00,"216,750.00"
2020-02-10,2020021001010280,TRH,54,36,50,290.00,"14,500.00"
2020-02-10,2020021001010279,TRH,34,36,"1,000",290.00,"290,000.00"
2020-02-10,2020021001010278,TRH,44,36,100,290.00,"29,000.00"
2020-02-10,2020021001010277,TRH,46,36,200,290.00,"58,000.00"
2020-02-10,2020021001010276,TRH,44,36,100,290.00,"29,000.00"
2020-02-10,2020021001010245,TRH,45,6,60,291.00,"17,460.00"
2020-02-10,2020021001010034,UIC,38,38,48,420.00,"20,160.00"
2020-02-10,2020021001010033,UIC,38,56,12,420.00,"5,040.00"
2020-02-10,2020021001010296,UNHPL,32,16,50,58.00,"2,900.00"
2020-02-10,2020021001010451,UPPER,52,42,70,240.00,"16,800.00"
2020-02-10,2020021001010450,UPPER,52,6,180,240.00,"43,200.00"
2020-02-10,2020021001010330,UPPER,58,16,40,239.00,"9,560.00"
2020-02-10,2020021001010085,UPPER,34,5,20,240.00,"4,800.00"
2020-02-10,2020021001010055,UPPER,34,45,20,241.00,"4,820.00"
2020-02-10,2020021001010313,UPPER,11,5,20,240.00,"4,800.00"
2020-02-10,2020021001009757,ADBL,28,58,15,380.00,"5,700.00"
2020-02-10,2020021001009700,ADBL,28,1,385,380.00,"146,300.00"
2020-02-10,2020021001009557,ADBL,49,28,309,380.00,"117,420.00"
2020-02-10,2020021001009504,ADBL,49,38,116,380.00,"44,080.00"
2020-02-10,2020021001009955,AKPL,58,40,"2,000",122.00,"244,000.00"
2020-02-10,2020021001009870,AKPL,52,40,10,122.00,"1,220.00"
2020-02-10,2020021001009644,AKPL,52,40,70,122.00,"8,540.00"
2020-02-10,2020021001009852,ALBSL,25,25,120,700.00,"84,000.00"
2020-02-10,2020021001009947,ALICL,19,59,200,562.00,"112,400.00"
2020-02-10,2020021001009895,ALICL,46,37,200,558.00,"111,600.00"
2020-02-10,2020021001009791,ALICL,34,25,70,558.00,"39,060.00"
2020-02-10,2020021001009756,ALICL,52,25,500,558.00,"279,000.00"
2020-02-10,2020021001009755,ALICL,5,25,500,559.00,"279,500.00"
2020-02-10,2020021001009754,ALICL,57,25,20,559.00,"11,180.00"
2020-02-10,2020021001009650,ALICL,57,44,15,559.00,"8,385.00"
2020-02-10,2020021001009596,API,25,32,100,126.00,"12,600.00"
2020-02-10,2020021001009979,BFC,38,59,100,100.00,"10,000.00"
2020-02-10,2020021001009836,BFC,38,59,"1,720",100.00,"172,000.00"
2020-02-10,2020021001009835,BFC,5,59,480,100.00,"48,000.00"
2020-02-10,2020021001009972,BOKL,5,36,10,233.00,"2,330.00"
2020-02-10,2020021001009965,BOKL,52,5,100,230.00,"23,000.00"
2020-02-10,2020021001009964,BOKL,41,5,100,230.00,"23,000.00"
2020-02-10,2020021001009963,BOKL,16,5,80,230.00,"18,400.00"
2020-02-10,2020021001009962,BOKL,42,5,200,230.00,"46,000.00"
2020-02-10,2020021001009961,BOKL,6,5,40,230.00,"9,200.00"
2020-02-10,2020021001009960,BOKL,42,5,275,230.00,"63,250.00"
2020-02-10,2020021001009564,BOKL,28,34,123,231.00,"28,413.00"
2020-02-10,2020021001009677,BPCL,37,16,400,324.00,"129,600.00"
2020-02-10,2020021001009552,BPCL,37,57,66,324.00,"21,384.00"
2020-02-10,2020021001009551,BPCL,36,57,34,324.00,"11,016.00"
2020-02-10,2020021001009851,CBBL,25,4,50,994.00,"49,700.00"
2020-02-10,2020021001009850,CBBL,1,4,47,994.00,"46,718.00"
2020-02-10,2020021001009954,CBL,36,39,"1,000",152.00,"152,000.00"
2020-02-10,2020021001009949,CBL,37,38,243,151.00,"36,693.00"
2020-02-10,2020021001009886,CBL,37,22,110,151.00,"16,610.00"
2020-02-10,2020021001009855,CBL,37,49,500,151.00,"75,500.00"
2020-02-10,2020021001009841,CBL,37,34,121,151.00,"18,271.00"
2020-02-10,2020021001009840,CBL,56,34,500,151.00,"75,500.00"
2020-02-10,2020021001009480,CBL,4,39,"1,000",152.00,"152,000.00"
2020-02-10,2020021001009839,CBL,29,34,850,151.00,"128,350.00"
2020-02-10,2020021001009781,CBL,29,6,500,151.00,"75,500.00"
2020-02-10,2020021001009734,CBL,29,45,650,151.00,"98,150.00"
2020-02-10,2020021001009733,CBL,5,45,350,151.00,"52,850.00"
2020-02-10,2020021001009707,CBL,33,39,10,152.00,"1,520.00"
2020-02-10,2020021001009481,CBL,4,39,100,152.00,"15,200.00"
2020-02-10,2020021001009782,CCBL,42,38,100,183.00,"18,300.00"
2020-02-10,2020021001009736,CCBL,42,29,500,183.00,"91,500.00"
2020-02-10,2020021001009946,CFCL,25,41,87,143.00,"12,441.00"
2020-02-10,2020021001009945,CFCL,25,41,500,143.00,"71,500.00"
2020-02-10,2020021001009944,CFCL,58,41,100,143.00,"14,300.00"
2020-02-10,2020021001009834,CFCL,14,22,50,144.00,"7,200.00"
2020-02-10,2020021001009833,CFCL,42,22,100,144.00,"14,400.00"
2020-02-10,2020021001009832,CFCL,42,22,50,144.00,"7,200.00"
2020-02-10,2020021001009831,CFCL,44,22,500,144.00,"72,000.00"
2020-02-10,2020021001009830,CFCL,45,22,30,145.00,"4,350.00"
2020-02-10,2020021001009494,CFCL,45,22,320,145.00,"46,400.00"
2020-02-10,2020021001009773,CIT,39,14,22,"2,498.00","54,956.00"
2020-02-10,2020021001009772,CIT,39,52,42,"2,498.00","104,916.00"
2020-02-10,2020021001009679,CIT,25,25,894,"2,477.00","2,214,438.00"
2020-02-10,2020021001009625,CIT,7,52,20,"2,498.00","49,960.00"
2020-02-10,2020021001009563,CIT,57,51,50,"2,498.00","124,900.00"
2020-02-10,2020021001009614,CMF1,52,38,100,9.50,950.00
2020-02-10,2020021001009682,CZBIL,42,26,300,194.00,"58,200.00"
2020-02-10,2020021001009903,DDBL,58,4,340,840.00,"285,600.00"
2020-02-10,2020021001009902,DDBL,58,45,10,839.00,"8,390.00"
2020-02-10,2020021001009792,DDBL,1,6,65,835.00,"54,275.00"
2020-02-10,2020021001009753,DDBL,58,43,62,839.00,"52,018.00"
2020-02-10,2020021001009730,DDBL,17,14,50,835.00,"41,750.00"
2020-02-10,2020021001009688,DDBL,58,43,38,839.00,"31,882.00"
2020-02-10,2020021001009687,DDBL,58,42,50,839.00,"41,950.00"
2020-02-10,2020021001009686,DDBL,58,55,30,838.00,"25,140.00"
2020-02-10,2020021001009685,DDBL,58,33,175,838.00,"146,650.00"
2020-02-10,2020021001009684,DDBL,58,25,50,838.00,"41,900.00"
2020-02-10,2020021001009683,DDBL,58,25,50,838.00,"41,900.00"
2020-02-10,2020021001009652,EBL,52,13,675,628.00,"423,900.00"
2020-02-10,2020021001009609,EBL,52,47,325,628.00,"204,100.00"
2020-02-10,2020021001009885,EIC,46,37,40,435.00,"17,400.00"
2020-02-10,2020021001009580,EIC,46,38,50,435.00,"21,750.00"
2020-02-10,2020021001009859,FMDBL,38,26,300,456.00,"136,800.00"
2020-02-10,2020021001009790,FMDBL,39,41,150,460.00,"69,000.00"
2020-02-10,2020021001009789,FMDBL,39,29,50,460.00,"23,000.00"
2020-02-10,2020021001009788,FMDBL,39,6,10,460.00,"4,600.00"
2020-02-10,2020021001009787,FMDBL,39,42,267,460.00,"122,820.00"
2020-02-10,2020021001009786,FMDBL,39,56,100,460.00,"46,000.00"
2020-02-10,2020021001009785,FMDBL,39,6,400,459.00,"183,600.00"
2020-02-10,2020021001009519,FOWAD,45,22,100,"1,405.00","140,500.00"
2020-02-10,2020021001009518,FOWAD,45,32,60,"1,404.00","84,240.00"
2020-02-10,2020021001009486,FOWAD,21,32,50,"1,405.00","70,250.00"
2020-02-10,2020021001009898,GBBL,34,49,22,240.00,"5,280.00"
2020-02-10,2020021001009897,GBBL,34,1,84,240.00,"20,160.00"
2020-02-10,2020021001009829,GBIME,17,13,200,281.00,"56,200.00"
2020-02-10,2020021001009828,GBIME,46,13,200,281.00,"56,200.00"
2020-02-10,2020021001009827,GBIME,28,13,500,281.00,"140,500.00"
2020-02-10,2020021001009826,GBIME,28,13,500,281.00,"140,500.00"
2020-02-10,2020021001009825,GBIME,14,13,50,281.00,"14,050.00"
2020-02-10,2020021001009572,GBIME,7,1,10,281.00,"2,810.00"
2020-02-10,2020021001009500,GBIME,32,5,120,281.00,"33,720.00"
2020-02-10,2020021001009497,GBIME,32,1,990,281.00,"278,190.00"
2020-02-10,2020021001009496,GBIME,32,1,"1,000",281.00,"281,000.00"
2020-02-10,2020021001009495,GBIME,32,1,339,281.00,"95,259.00"
2020-02-10,2020021001009489,GBIME,7,1,500,281.00,"140,500.00"
2020-02-10,2020021001009900,GBLBS,44,4,50,467.00,"23,350.00"
2020-02-10,2020021001009802,GBLBS,45,10,150,467.00,"70,050.00"
2020-02-10,2020021001009801,GBLBS,57,10,100,467.00,"46,700.00"
2020-02-10,2020021001009800,GBLBS,13,10,62,467.00,"28,954.00"
2020-02-10,2020021001009799,GBLBS,13,10,200,468.00,"93,600.00"
2020-02-10,2020021001009798,GBLBS,25,10,50,470.00,"23,500.00"
2020-02-10,2020021001009588,GBLBS,29,4,82,470.00,"38,540.00"
2020-02-10,2020021001009587,GBLBS,35,4,300,471.00,"141,300.00"
2020-02-10,2020021001009586,GBLBS,13,4,300,471.00,"141,300.00"
2020-02-10,2020021001009585,GBLBS,34,4,100,472.00,"47,200.00"
2020-02-10,2020021001009797,GBLBS,3,10,67,470.00,"31,490.00"
2020-02-10,2020021001009597,GBLBS,3,14,15,470.00,"7,050.00"
2020-02-10,2020021001009592,GBLBS,3,4,118,470.00,"55,460.00"
2020-02-10,2020021001009591,GBLBS,10,4,200,470.00,"94,000.00"
2020-02-10,2020021001009590,GBLBS,14,4,200,470.00,"94,000.00"
2020-02-10,2020021001009589,GBLBS,14,4,200,470.00,"94,000.00"
2020-02-10,2020021001009751,GFCL,1,59,600,146.00,"87,600.00"
2020-02-10,2020021001009750,GFCL,59,59,400,146.00,"58,400.00"
2020-02-10,2020021001009749,GFCL,45,59,500,146.00,"73,000.00"
2020-02-10,2020021001009748,GFCL,26,59,500,147.00,"73,500.00"
2020-02-10,2020021001009747,GFCL,34,59,500,147.00,"73,500.00"
2020-02-10,2020021001009746,GFCL,59,59,500,147.00,"73,500.00"
2020-02-10,2020021001009745,GFCL,39,59,100,148.00,"14,800.00"
2020-02-10,2020021001009876,GILB,40,13,500,"1,330.00","665,000.00"
2020-02-10,2020021001009875,GILB,40,51,100,"1,330.00","133,000.00"
2020-02-10,2020021001009874,GILB,40,10,27,"1,330.00","35,910.00"
2020-02-10,2020021001009655,GLBSL,41,44,10,681.00,"6,810.00"
2020-02-10,2020021001009702,GLICL,7,49,100,760.00,"76,000.00"
2020-02-10,2020021001009505,GMFBS,33,41,10,840.00,"8,400.00"
2020-02-10,2020021001009845,GRDBL,13,51,655,129.00,"84,495.00"
2020-02-10,2020021001009844,GRDBL,4,51,345,129.00,"44,505.00"
2020-02-10,2020021001009598,GRDBL,4,45,50,129.00,"6,450.00"
2020-02-10,2020021001009611,GUFL,57,6,20,131.00,"2,620.00"
2020-02-10,2020021001009610,GUFL,6,6,29,131.00,"3,799.00"
2020-02-10,2020021001009837,HBL,59,38,50,520.00,"26,000.00"
2020-02-10,2020021001009633,HBL,59,36,63,520.00,"32,760.00"
2020-02-10,2020021001009632,HBL,25,36,50,522.00,"26,100.00"
2020-02-10,2020021001009631,HBL,3,36,10,522.00,"5,220.00"
2020-02-10,2020021001009931,HDL,48,57,100,"1,219.00","121,900.00"
2020-02-10,2020021001009549,HDL,57,16,125,"1,219.00","152,375.00"
2020-02-10,2020021001009906,HGI,32,59,80,405.00,"32,400.00"
2020-02-10,2020021001009877,HGI,45,6,10,406.00,"4,060.00"
2020-02-10,2020021001009731,HPPL,52,39,20,148.00,"2,960.00"
2020-02-10,2020021001009513,HPPL,52,39,20,148.00,"2,960.00"
2020-02-10,2020021001009546,ILBS,58,7,70,813.00,"56,910.00"
2020-02-10,2020021001009871,JFL,34,32,191,179.00,"34,189.00"
2020-02-10,2020021001009864,JFL,34,59,259,179.00,"46,361.00"
2020-02-10,2020021001009941,JSLBB,34,17,10,"1,631.00","16,310.00"
2020-02-10,2020021001009847,JSLBB,57,51,100,"1,630.00","163,000.00"
2020-02-10,2020021001009669,JSLBB,34,41,150,"1,625.00","243,750.00"
2020-02-10,2020021001009523,KPCL,41,32,10,90.00,900.00
2020-02-10,2020021001009485,KRBL,14,22,10,118.00,"1,180.00"
2020-02-10,2020021001009643,KSBBL,32,34,19,161.00,"3,059.00"
2020-02-10,2020021001009642,KSBBL,14,34,400,161.00,"64,400.00"
2020-02-10,2020021001009641,KSBBL,38,34,50,161.00,"8,050.00"
2020-02-10,2020021001009640,KSBBL,5,34,176,161.00,"28,336.00"
2020-02-10,2020021001009891,LBBL,33,59,64,191.00,"12,224.00"
2020-02-10,2020021001009890,LBBL,46,59,500,191.00,"95,500.00"
2020-02-10,2020021001009889,LBBL,46,59,77,191.00,"14,707.00"
2020-02-10,2020021001009861,LBBL,17,50,180,192.00,"34,560.00"
2020-02-10,2020021001009860,LBBL,17,58,20,192.00,"3,840.00"
2020-02-10,2020021001009917,LBL,40,51,300,221.00,"66,300.00"
2020-02-10,2020021001009884,LGIL,59,45,250,486.00,"121,500.00"
2020-02-10,2020021001009846,LGIL,52,45,50,486.00,"24,300.00"
2020-02-10,2020021001009550,LGIL,59,45,100,486.00,"48,600.00"
2020-02-10,2020021001009978,LICN,56,56,18,"1,218.00","21,924.00"
2020-02-10,2020021001009531,MBL,37,14,"1,123",232.00,"260,536.00"
2020-02-10,2020021001009887,MEGA,52,17,412,202.00,"83,224.00"
2020-02-10,2020021001009813,MERO,55,5,16,658.00,"10,528.00"
2020-02-10,2020021001009812,MERO,55,33,84,658.00,"55,272.00"
2020-02-10,2020021001009810,MERO,35,8,100,650.00,"65,000.00"
2020-02-10,2020021001009809,MERO,48,8,100,650.00,"65,000.00"
2020-02-10,2020021001009506,MERO,58,44,42,653.00,"27,426.00"
2020-02-10,2020021001009808,MERO,51,8,50,651.00,"32,550.00"
2020-02-10,2020021001009807,MERO,3,8,500,651.00,"325,500.00"
2020-02-10,2020021001009806,MERO,42,8,200,652.00,"130,400.00"
2020-02-10,2020021001009805,MERO,45,8,200,652.00,"130,400.00"
2020-02-10,2020021001009804,MERO,45,8,150,653.00,"97,950.00"
2020-02-10,2020021001009803,MERO,58,8,25,653.00,"16,325.00"
2020-02-10,2020021001009959,MHNL,18,42,20,90.00,"1,800.00"
2020-02-10,2020021001009901,MHNL,18,54,30,90.00,"2,700.00"
2020-02-10,2020021001009616,MLBL,42,52,188,213.00,"40,044.00"
2020-02-10,2020021001009503,MLBL,42,39,21,213.00,"4,473.00"
2020-02-10,2020021001009816,NABIL,36,32,56,722.00,"40,432.00"
2020-02-10,2020021001009815,NABIL,36,4,150,722.00,"108,300.00"
2020-02-10,2020021001009814,NABIL,36,4,214,721.00,"154,294.00"
2020-02-10,2020021001009784,NABIL,35,4,786,721.00,"566,706.00"
2020-02-10,2020021001009783,NABIL,35,44,100,721.00,"72,100.00"
2020-02-10,2020021001009728,NABIL,6,4,400,722.00,"288,800.00"
2020-02-10,2020021001009710,NABIL,28,4,250,722.00,"180,500.00"
2020-02-10,2020021001009699,NABIL,19,4,30,722.00,"21,660.00"
2020-02-10,2020021001009487,NABIL,34,4,17,719.00,"12,223.00"
2020-02-10,2020021001009952,NADEP,18,6,17,700.00,"11,900.00"
2020-02-10,2020021001009534,NBB,55,32,131,207.00,"27,117.00"
2020-02-10,2020021001009905,NBL,11,4,500,268.00,"134,000.00"
2020-02-10,2020021001009904,NBL,11,58,500,268.00,"134,000.00"
2020-02-10,2020021001009548,NBL,7,52,500,269.00,"134,500.00"
2020-02-10,2020021001009511,NBL,7,52,500,269.00,"134,500.00"
2020-02-10,2020021001009951,NCCB,7,51,"1,000",195.00,"195,000.00"
2020-02-10,2020021001009883,NCCB,8,5,41,194.00,"7,954.00"
2020-02-10,2020021001009856,NCCB,55,51,200,195.00,"39,000.00"
2020-02-10,2020021001009512,NCCB,32,51,200,195.00,"39,000.00"
2020-02-10,2020021001009929,NIB,7,51,200,383.00,"76,600.00"
2020-02-10,2020021001009639,NIB,58,21,771,381.00,"293,751.00"
2020-02-10,2020021001009638,NIB,47,21,200,381.00,"76,200.00"
2020-02-10,2020021001009637,NIB,6,21,400,381.00,"152,400.00"
2020-02-10,2020021001009636,NIB,1,21,200,381.00,"76,200.00"
2020-02-10,2020021001009635,NIB,25,21,929,381.00,"353,949.00"
2020-02-10,2020021001009535,NIB,58,21,370,382.00,"141,340.00"
2020-02-10,2020021001009584,NIB,25,32,71,381.00,"27,051.00"
2020-02-10,2020021001009539,NIB,58,34,50,382.00,"19,100.00"
2020-02-10,2020021001009538,NIB,58,39,100,382.00,"38,200.00"
2020-02-10,2020021001009537,NIB,58,16,20,382.00,"7,640.00"
2020-02-10,2020021001009536,NIB,58,16,70,382.00,"26,740.00"
2020-02-10,2020021001009869,NIBPO,13,34,130,335.00,"43,550.00"
2020-02-10,2020021001009520,NIBSF1,6,22,"5,000",9.25,"46,250.00"
2020-02-10,2020021001009971,NICA,43,33,"1,000",485.00,"485,000.00"
2020-02-10,2020021001009969,NICA,25,32,74,486.00,"35,964.00"
2020-02-10,2020021001009968,NICA,25,44,506,486.00,"245,916.00"
2020-02-10,2020021001009967,NICA,25,45,70,486.00,"34,020.00"
2020-02-10,2020021001009966,NICA,25,17,350,486.00,"170,100.00"
2020-02-10,2020021001009896,NICA,19,33,50,485.00,"24,250.00"
2020-02-10,2020021001009569,NICA,56,33,500,485.00,"242,500.00"
2020-02-10,2020021001009568,NICA,51,33,500,485.00,"242,500.00"
2020-02-10,2020021001009532,NICA,58,1,452,485.00,"219,220.00"
2020-02-10,2020021001009866,NICA,4,33,"1,800",485.00,"873,000.00"
2020-02-10,2020021001009729,NICA,17,33,143,485.00,"69,355.00"
2020-02-10,2020021001009658,NICA,17,45,270,485.00,"130,950.00"
2020-02-10,2020021001009657,NICA,17,56,25,485.00,"12,125.00"
2020-02-10,2020021001009656,NICA,17,6,562,485.00,"272,570.00"
2020-02-10,2020021001009604,NICA,48,33,"1,000",485.00,"485,000.00"
2020-02-10,2020021001009646,NICGF,6,38,100,9.14,914.00
2020-02-10,2020021001009975,NICL,35,45,100,436.00,"43,600.00"
2020-02-10,2020021001009974,NICL,33,45,200,436.00,"87,200.00"
2020-02-10,2020021001009940,NICL,14,45,100,436.00,"43,600.00"
2020-02-10,2020021001009925,NICL,52,21,100,436.00,"43,600.00"
2020-02-10,2020021001009924,NICL,52,38,170,436.00,"74,120.00"
2020-02-10,2020021001009894,NICL,52,38,80,436.00,"34,880.00"
2020-02-10,2020021001009893,NICL,52,38,20,436.00,"8,720.00"
2020-02-10,2020021001009838,NICL,17,38,80,436.00,"34,880.00"
2020-02-10,2020021001009744,NICL,52,56,100,435.00,"43,500.00"
2020-02-10,2020021001009617,NICL,32,20,50,435.00,"21,750.00"
2020-02-10,2020021001009888,NIL,26,38,300,558.00,"167,400.00"
2020-02-10,2020021001009824,NIL,7,35,83,560.00,"46,480.00"
2020-02-10,2020021001009823,NIL,7,5,300,560.00,"168,000.00"
2020-02-10,2020021001009822,NIL,7,51,224,560.00,"125,440.00"
2020-02-10,2020021001009821,NIL,7,22,301,560.00,"168,560.00"
2020-02-10,2020021001009820,NIL,7,42,92,559.00,"51,428.00"
2020-02-10,2020021001009819,NIL,7,33,200,559.00,"111,800.00"
2020-02-10,2020021001009818,NIL,7,28,100,559.00,"55,900.00"
2020-02-10,2020021001009817,NIL,7,43,100,559.00,"55,900.00"
2020-02-10,2020021001009740,NIL,26,14,200,558.00,"111,600.00"
2020-02-10,2020021001009595,NIL,38,38,300,556.00,"166,800.00"
2020-02-10,2020021001009594,NIL,35,38,200,557.00,"111,400.00"
2020-02-10,2020021001009695,NLBBL,28,21,10,771.00,"7,710.00"
2020-02-10,2020021001009533,NLBBL,21,21,25,772.00,"19,300.00"
2020-02-10,2020021001009942,NLG,34,6,100,604.00,"60,400.00"
2020-02-10,2020021001009916,NLG,34,57,100,604.00,"60,400.00"
2020-02-10,2020021001009727,NLG,44,33,110,605.00,"66,550.00"
2020-02-10,2020021001009726,NLG,44,47,200,605.00,"121,000.00"
2020-02-10,2020021001009725,NLG,44,52,260,605.00,"157,300.00"
2020-02-10,2020021001009724,NLG,44,55,50,604.00,"30,200.00"
2020-02-10,2020021001009545,NLG,28,55,150,604.00,"90,600.00"
2020-02-10,2020021001009544,NLG,28,34,50,604.00,"30,200.00"
2020-02-10,2020021001009723,NLG,44,1,150,603.00,"90,450.00"
2020-02-10,2020021001009722,NLG,44,37,200,603.00,"120,600.00"
2020-02-10,2020021001009721,NLG,44,33,30,603.00,"18,090.00"
2020-02-10,2020021001009899,NLIC,46,26,50,"1,116.00","55,800.00"
2020-02-10,2020021001009758,NLIC,51,26,16,"1,116.00","17,856.00"
2020-02-10,2020021001009701,NLIC,28,51,20,"1,115.00","22,300.00"
2020-02-10,2020021001009692,NLIC,8,26,20,"1,116.00","22,320.00"
2020-02-10,2020021001009678,NLIC,28,21,22,"1,115.00","24,530.00"
2020-02-10,2020021001009516,NLIC,38,14,135,"1,113.00","150,255.00"
2020-02-10,2020021001009515,NLIC,3,14,42,"1,114.00","46,788.00"
2020-02-10,2020021001009514,NLIC,29,14,23,"1,114.00","25,622.00"
2020-02-10,2020021001009492,NLIC,29,36,77,"1,114.00","85,778.00"
2020-02-10,2020021001009491,NLIC,6,36,50,"1,114.00","55,700.00"
2020-02-10,2020021001009490,NLIC,6,36,50,"1,114.00","55,700.00"
2020-02-10,2020021001009780,NMB,21,52,36,370.00,"13,320.00"
2020-02-10,2020021001009779,NMB,28,52,50,370.00,"18,500.00"
2020-02-10,2020021001009739,NMB,28,33,150,370.00,"55,500.00"
2020-02-10,2020021001009720,NMB,8,42,20,371.00,"7,420.00"
2020-02-10,2020021001009668,NMB,28,34,300,370.00,"111,000.00"
2020-02-10,2020021001009613,NMB,32,32,12,369.00,"4,428.00"
2020-02-10,2020021001009555,NMB,28,50,95,370.00,"35,150.00"
2020-02-10,2020021001009554,NMB,28,38,105,370.00,"38,850.00"
2020-02-10,2020021001009956,NTC,49,13,145,619.00,"89,755.00"
2020-02-10,2020021001009698,NTC,25,32,10,617.00,"6,170.00"
2020-02-10,2020021001009622,PCBL,5,32,205,274.00,"56,170.00"
2020-02-10,2020021001009603,PCBL,5,28,"1,454",274.00,"398,396.00"
2020-02-10,2020021001009602,PCBL,32,28,100,274.00,"27,400.00"
2020-02-10,2020021001009601,PCBL,42,28,500,274.00,"137,000.00"
2020-02-10,2020021001009600,PCBL,19,28,50,274.00,"13,700.00"
2020-02-10,2020021001009599,PCBL,42,28,500,274.00,"137,000.00"
2020-02-10,2020021001009530,PCBL,51,34,50,275.00,"13,750.00"
2020-02-10,2020021001009529,PCBL,22,34,100,275.00,"27,500.00"
2020-02-10,2020021001009528,PCBL,59,34,500,275.00,"137,500.00"
2020-02-10,2020021001009527,PCBL,19,34,38,275.00,"10,450.00"
2020-02-10,2020021001009742,PFL,59,44,40,157.00,"6,280.00"
2020-02-10,2020021001009738,PIC,48,38,38,550.00,"20,900.00"
2020-02-10,2020021001009737,PIC,16,38,362,550.00,"199,100.00"
2020-02-10,2020021001009706,PIC,16,16,138,550.00,"75,900.00"
2020-02-10,2020021001009705,PIC,37,16,362,550.00,"199,100.00"
2020-02-10,2020021001009667,PIC,37,4,300,555.00,"166,500.00"
2020-02-10,2020021001009666,PIC,35,38,254,551.00,"139,954.00"
2020-02-10,2020021001009665,PIC,43,38,300,552.00,"165,600.00"
2020-02-10,2020021001009958,PLIC,59,40,217,564.00,"122,388.00"
2020-02-10,2020021001009957,PLIC,34,40,283,564.00,"159,612.00"
2020-02-10,2020021001009882,PLIC,38,25,400,565.00,"226,000.00"
2020-02-10,2020021001009618,PLIC,28,38,20,567.00,"11,340.00"
2020-02-10,2020021001009671,PMHPL,59,32,10,89.00,890.00
2020-02-10,2020021001009923,PRIN,44,45,196,436.00,"85,456.00"
2020-02-10,2020021001009915,PRIN,44,55,474,440.00,"208,560.00"
2020-02-10,2020021001009914,PRIN,44,34,126,439.00,"55,314.00"
2020-02-10,2020021001009913,PRIN,44,17,100,438.00,"43,800.00"
2020-02-10,2020021001009691,PRIN,39,34,74,439.00,"32,486.00"
2020-02-10,2020021001009690,PRIN,39,43,106,439.00,"46,534.00"
2020-02-10,2020021001009664,PRIN,48,36,111,434.00,"48,174.00"
2020-02-10,2020021001009663,PRIN,44,36,50,434.00,"21,700.00"
2020-02-10,2020021001009662,PRIN,51,36,100,435.00,"43,500.00"
2020-02-10,2020021001009661,PRIN,59,36,59,435.00,"25,665.00"
2020-02-10,2020021001009583,PRIN,59,29,330,435.00,"143,550.00"
2020-02-10,2020021001009582,PRIN,14,29,150,435.00,"65,250.00"
2020-02-10,2020021001009868,PROFL,55,55,10,111.00,"1,110.00"
2020-02-10,2020021001009867,PROFL,55,42,190,111.00,"21,090.00"
2020-02-10,2020021001009676,PRVU,4,45,"1,211",243.00,"294,273.00"
2020-02-10,2020021001009670,PRVU,4,39,16,243.00,"3,888.00"
2020-02-10,2020021001009567,PRVU,42,6,65,244.00,"15,860.00"
2020-02-10,2020021001009553,PRVU,50,6,"1,000",244.00,"244,000.00"
2020-02-10,2020021001009732,RADHI,47,57,11,146.00,"1,606.00"
2020-02-10,2020021001009630,RBCLPO,45,37,10,"8,100.00","81,000.00"
2020-02-10,2020021001009629,RBCLPO,59,37,10,"8,111.00","81,110.00"
2020-02-10,2020021001009628,RBCLPO,59,37,20,"8,125.00","162,500.00"
2020-02-10,2020021001009627,RBCLPO,49,37,10,"8,130.00","81,300.00"
2020-02-10,2020021001009743,RHPC,51,40,40,80.00,"3,200.00"
2020-02-10,2020021001009581,RHPC,1,40,500,80.00,"40,000.00"
2020-02-10,2020021001009926,RHPL,22,44,20,168.00,"3,360.00"
2020-02-10,2020021001009854,RHPL,22,44,20,168.00,"3,360.00"
2020-02-10,2020021001009719,RHPL,22,43,150,168.00,"25,200.00"
2020-02-10,2020021001009718,RHPL,3,43,30,168.00,"5,040.00"
2020-02-10,2020021001009717,RHPL,33,43,300,168.00,"50,400.00"
2020-02-10,2020021001009716,RHPL,1,43,520,168.00,"87,360.00"
2020-02-10,2020021001009499,RHPL,1,44,30,168.00,"5,040.00"
2020-02-10,2020021001009488,RHPL,1,22,10,168.00,"1,680.00"
2020-02-10,2020021001009689,RHPL,1,44,20,168.00,"3,360.00"
2020-02-10,2020021001009556,RHPL,42,43,900,169.00,"152,100.00"
2020-02-10,2020021001009543,RHPL,42,48,10,169.00,"1,690.00"
2020-02-10,2020021001009542,RHPL,42,29,40,169.00,"6,760.00"
2020-02-10,2020021001009541,RHPL,42,47,10,169.00,"1,690.00"
2020-02-10,2020021001009540,RHPL,42,56,40,169.00,"6,760.00"
2020-02-10,2020021001009943,RLFL,4,6,174,145.00,"25,230.00"
2020-02-10,2020021001009697,RLFL,4,5,260,145.00,"37,700.00"
2020-02-10,2020021001009696,RLFL,4,45,19,145.00,"2,755.00"
2020-02-10,2020021001009715,RMDC,35,36,30,659.00,"19,770.00"
2020-02-10,2020021001009714,RMDC,46,36,88,659.00,"57,992.00"
2020-02-10,2020021001009873,RSDC,26,57,12,466.00,"5,592.00"
2020-02-10,2020021001009872,RSDC,52,57,40,467.00,"18,680.00"
2020-02-10,2020021001009811,RSDC,39,36,100,468.00,"46,800.00"
2020-02-10,2020021001009654,RSDC,45,33,500,469.00,"234,500.00"
2020-02-10,2020021001009653,RSDC,45,55,19,468.00,"8,892.00"
2020-02-10,2020021001009570,RSDC,52,57,60,467.00,"28,020.00"
2020-02-10,2020021001009741,SABSL,42,44,10,855.00,"8,550.00"
2020-02-10,2020021001009930,SANIMA,52,51,100,343.00,"34,300.00"
2020-02-10,2020021001009907,SANIMA,4,38,252,342.00,"86,184.00"
2020-02-10,2020021001009794,SANIMA,52,38,281,342.00,"96,102.00"
2020-02-10,2020021001009793,SANIMA,52,39,33,342.00,"11,286.00"
2020-02-10,2020021001009776,SANIMA,10,14,200,341.00,"68,200.00"
2020-02-10,2020021001009711,SANIMA,10,45,41,341.00,"13,981.00"
2020-02-10,2020021001009703,SBI,16,25,120,408.00,"48,960.00"
2020-02-10,2020021001009517,SBI,17,56,85,409.00,"34,765.00"
2020-02-10,2020021001009953,SBL,4,33,940,311.00,"292,340.00"
2020-02-10,2020021001009948,SBL,52,33,300,311.00,"93,300.00"
2020-02-10,2020021001009849,SBL,33,33,"1,760",311.00,"547,360.00"
2020-02-10,2020021001009848,SBL,33,33,740,311.00,"230,140.00"
2020-02-10,2020021001009774,SBL,4,14,172,310.00,"53,320.00"
2020-02-10,2020021001009659,SBL,20,33,260,311.00,"80,860.00"
2020-02-10,2020021001009605,SBL,20,13,250,311.00,"77,750.00"
2020-02-10,2020021001009484,SBL,20,28,490,311.00,"152,390.00"
2020-02-10,2020021001009483,SBL,42,28,400,311.00,"124,400.00"
2020-02-10,2020021001009482,SBL,56,28,110,311.00,"34,210.00"
2020-02-10,2020021001009681,SHINE,48,58,10,278.00,"2,780.00"
2020-02-10,2020021001009935,SHIVM,21,7,19,543.00,"10,317.00"
2020-02-10,2020021001009934,SHIVM,50,7,100,543.00,"54,300.00"
2020-02-10,2020021001009933,SHIVM,34,7,500,543.00,"271,500.00"
2020-02-10,2020021001009932,SHIVM,14,7,381,544.00,"207,264.00"
2020-02-10,2020021001009912,SHIVM,14,35,119,544.00,"64,736.00"
2020-02-10,2020021001009911,SHIVM,21,35,55,544.00,"29,920.00"
2020-02-10,2020021001009619,SHIVM,50,42,15,545.00,"8,175.00"
2020-02-10,2020021001009615,SHIVM,50,45,50,545.00,"27,250.00"
2020-02-10,2020021001009673,SHIVM,7,25,65,545.00,"35,425.00"
2020-02-10,2020021001009672,SHIVM,7,7,100,545.00,"54,500.00"
2020-02-10,2020021001009660,SHIVM,7,49,200,545.00,"109,000.00"
2020-02-10,2020021001009647,SHIVM,7,42,50,545.00,"27,250.00"
2020-02-10,2020021001009624,SHIVM,7,58,500,545.00,"272,500.00"
2020-02-10,2020021001009620,SHIVM,7,42,85,545.00,"46,325.00"
2020-02-10,2020021001009713,SHIVM,28,34,135,544.00,"73,440.00"
2020-02-10,2020021001009712,SHIVM,28,34,365,546.00,"199,290.00"
2020-02-10,2020021001009709,SHIVM,28,36,100,546.00,"54,600.00"
2020-02-10,2020021001009708,SHIVM,28,25,35,545.00,"19,075.00"
2020-02-10,2020021001009694,SHIVM,28,34,100,544.00,"54,400.00"
2020-02-10,2020021001009693,SHIVM,35,34,400,544.00,"217,600.00"
2020-02-10,2020021001009796,SHIVM,28,35,465,545.00,"253,425.00"
2020-02-10,2020021001009778,SHIVM,28,49,35,545.00,"19,075.00"
2020-02-10,2020021001009777,SHIVM,28,49,15,545.00,"8,175.00"
2020-02-10,2020021001009775,SHIVM,28,21,200,545.00,"109,000.00"
2020-02-10,2020021001009761,SHIVM,28,38,185,545.00,"100,825.00"
2020-02-10,2020021001009735,SHIVM,28,42,100,545.00,"54,500.00"
2020-02-10,2020021001009881,SHIVM,21,34,445,544.00,"242,080.00"
2020-02-10,2020021001009880,SHIVM,28,34,55,544.00,"29,920.00"
2020-02-10,2020021001009878,SHIVM,28,37,200,544.00,"108,800.00"
2020-02-10,2020021001009858,SHIVM,28,21,300,545.00,"163,500.00"
2020-02-10,2020021001009857,SHIVM,28,35,80,545.00,"43,600.00"
2020-02-10,2020021001009842,SHIVM,28,14,10,544.00,"5,440.00"
2020-02-10,2020021001009973,SHL,57,56,"1,327",197.00,"261,419.00"
2020-02-10,2020021001009865,SHL,7,33,400,197.00,"78,800.00"
2020-02-10,2020021001009760,SHPC,28,40,100,213.00,"21,300.00"
2020-02-10,2020021001009507,SHPC,42,40,50,213.00,"10,650.00"
2020-02-10,2020021001009892,SICL,33,58,40,"1,123.00","44,920.00"
2020-02-10,2020021001009862,SICL,33,37,100,"1,123.00","112,300.00"
2020-02-10,2020021001009645,SICL,33,45,50,"1,123.00","56,150.00"
2020-02-10,2020021001009623,SICL,33,17,10,"1,123.00","11,230.00"
2020-02-10,2020021001009921,SIL,7,38,59,569.00,"33,571.00"
2020-02-10,2020021001009920,SIL,41,38,300,570.00,"171,000.00"
2020-02-10,2020021001009919,SIL,20,38,100,570.00,"57,000.00"
2020-02-10,2020021001009918,SIL,43,38,41,570.00,"23,370.00"
2020-02-10,2020021001009759,SIL,59,38,500,571.00,"285,500.00"
2020-02-10,2020021001009675,SIL,48,25,100,573.00,"57,300.00"
2020-02-10,2020021001009674,SIL,52,25,200,574.00,"114,800.00"
2020-02-10,2020021001009970,SINDU,57,49,100,135.00,"13,500.00"
2020-02-10,2020021001009752,SINDU,51,49,400,135.00,"54,000.00"
2020-02-10,2020021001009950,SJCL,49,44,20,156.00,"3,120.00"
2020-02-10,2020021001009879,SJCL,44,44,20,155.00,"3,100.00"
2020-02-10,2020021001009771,SJCL,42,44,20,157.00,"3,140.00"
2020-02-10,2020021001009577,SJCL,42,25,20,157.00,"3,140.00"
2020-02-10,2020021001009576,SJCL,42,50,20,157.00,"3,140.00"
2020-02-10,2020021001009575,SJCL,42,21,10,157.00,"1,570.00"
2020-02-10,2020021001009574,SJCL,42,29,20,157.00,"3,140.00"
2020-02-10,2020021001009573,SJCL,42,48,10,157.00,"1,570.00"
2020-02-10,2020021001009508,SJCL,11,44,20,156.00,"3,120.00"
2020-02-10,2020021001009498,SJCL,11,22,10,156.00,"1,560.00"
2020-02-10,2020021001009621,SLBBL,44,57,10,859.00,"8,590.00"
2020-02-10,2020021001009608,SLBBL,39,57,450,859.00,"386,550.00"
2020-02-10,2020021001009607,SLBBL,39,6,50,858.00,"42,900.00"
2020-02-10,2020021001009566,SLBBL,45,42,90,857.00,"77,130.00"
2020-02-10,2020021001009565,SLBBL,26,42,10,858.00,"8,580.00"
2020-02-10,2020021001009522,SLBBL,21,57,25,859.00,"21,475.00"
2020-02-10,2020021001009863,SLICL,44,3,11,455.00,"5,005.00"
2020-02-10,2020021001009853,SLICL,44,3,15,455.00,"6,825.00"
2020-02-10,2020021001009843,SLICL,44,3,12,455.00,"5,460.00"
2020-02-10,2020021001009768,SLICL,32,3,152,455.00,"69,160.00"
2020-02-10,2020021001009767,SLICL,32,42,10,455.00,"4,550.00"
2020-02-10,2020021001009510,SLICL,7,46,85,454.00,"38,590.00"
2020-02-10,2020021001009501,SLICL,54,46,50,454.00,"22,700.00"
2020-02-10,2020021001009626,SLICL,49,54,100,452.00,"45,200.00"
2020-02-10,2020021001009606,SLICL,44,46,16,454.00,"7,264.00"
2020-02-10,2020021001009593,SLICL,44,46,12,454.00,"5,448.00"
2020-02-10,2020021001009571,SLICL,49,46,100,454.00,"45,400.00"
2020-02-10,2020021001009562,SLICL,44,46,12,454.00,"5,448.00"
2020-02-10,2020021001009521,SLICL,44,46,16,454.00,"7,264.00"
2020-02-10,2020021001009766,SLICL,32,1,100,455.00,"45,500.00"
2020-02-10,2020021001009765,SLICL,32,42,500,455.00,"227,500.00"
2020-02-10,2020021001009764,SLICL,32,6,30,454.00,"13,620.00"
2020-02-10,2020021001009763,SLICL,32,45,43,454.00,"19,522.00"
2020-02-10,2020021001009762,SLICL,32,46,165,454.00,"74,910.00"
2020-02-10,2020021001009648,SLICL,44,46,12,454.00,"5,448.00"
2020-02-10,2020021001009939,SMATA,35,33,50,733.00,"36,650.00"
2020-02-10,2020021001009938,SMATA,38,33,10,733.00,"7,330.00"
2020-02-10,2020021001009937,SMATA,57,33,50,734.00,"36,700.00"
2020-02-10,2020021001009936,SMATA,34,33,25,735.00,"18,375.00"
2020-02-10,2020021001009977,SMB,34,28,550,981.00,"539,550.00"
2020-02-10,2020021001009976,SMB,42,28,10,985.00,"9,850.00"
2020-02-10,2020021001009910,SMB,34,28,295,981.00,"289,395.00"
2020-02-10,2020021001009909,SMB,19,28,90,981.00,"88,290.00"
2020-02-10,2020021001009908,SMB,47,28,20,982.00,"19,640.00"
2020-02-10,2020021001009795,SMB,43,22,10,"1,000.00","10,000.00"
2020-02-10,2020021001009547,SMB,34,28,50,"1,018.00","50,900.00"
2020-02-10,2020021001009770,SPARS,39,45,10,835.00,"8,350.00"
2020-02-10,2020021001009769,SPARS,39,19,20,834.00,"16,680.00"
2020-02-10,2020021001009651,SPARS,22,48,50,830.00,"41,500.00"
2020-02-10,2020021001009634,SRBL,57,44,100,248.00,"24,800.00"
2020-02-10,2020021001009526,SRBL,57,28,211,246.00,"51,906.00"
2020-02-10,2020021001009525,SRBL,52,28,200,247.00,"49,400.00"
2020-02-10,2020021001009704,TRH,14,6,10,291.00,"2,910.00"
2020-02-10,2020021001009649,TRH,7,6,200,291.00,"58,200.00"
2020-02-10,2020021001009928,UPCL,28,42,60,76.00,"4,560.00"
2020-02-10,2020021001009927,UPCL,58,42,40,76.00,"3,040.00"
2020-02-10,2020021001009922,UPPER,34,25,180,240.00,"43,200.00"
2020-02-10,2020021001009680,UPPER,58,32,40,239.00,"9,560.00"
2020-02-10,2020021001009612,UPPER,58,45,50,239.00,"11,950.00"
2020-02-10,2020021001009493,UPPER,58,57,50,239.00,"11,950.00"
2020-02-10,2020021001009524,UPPER,58,44,40,239.00,"9,560.00"
2020-02-10,2020021001009509,UPPER,58,22,50,239.00,"11,950.00"
2020-02-10,2020021001009502,VLBS,36,22,13,"1,049.00","13,637.00"
2020-02-10,2020021001009579,WOMI,45,49,67,"1,005.00","67,335.00"
2020-02-10,2020021001009578,WOMI,45,41,12,"1,004.00","12,048.00"
2020-02-10,2020021001009561,WOMI,45,20,63,"1,004.00","63,252.00"
2020-02-10,2020021001009560,WOMI,45,29,67,"1,004.00","67,268.00"
2020-02-10,2020021001009559,WOMI,45,54,40,"1,004.00","40,160.00"
2020-02-10,2020021001009558,WOMI,45,21,40,"1,000.00","40,000.00"
2020-02-10,2020021001009330,ADBL,49,49,75,380.00,"28,500.00"
2020-02-10,2020021001009329,ADBL,49,49,16,380.00,"6,080.00"
2020-02-10,2020021001009313,ADBL,49,55,484,380.00,"183,920.00"
2020-02-10,2020021001009030,ADBL,48,36,102,380.00,"38,760.00"
2020-02-10,2020021001009447,AKJCL,29,44,20,54.00,"1,080.00"
2020-02-10,2020021001009157,AKJCL,29,43,10,54.00,540.00
2020-02-10,2020021001009461,AKPL,52,25,430,122.00,"52,460.00"
2020-02-10,2020021001009460,AKPL,51,25,70,122.00,"8,540.00"
2020-02-10,2020021001009440,AKPL,51,21,13,122.00,"1,586.00"
2020-02-10,2020021001009439,AKPL,51,59,404,122.00,"49,288.00"
2020-02-10,2020021001009257,AKPL,46,59,51,122.00,"6,222.00"
2020-02-10,2020021001009110,AKPL,48,59,65,122.00,"7,930.00"
2020-02-10,2020021001009097,AKPL,58,59,200,122.00,"24,400.00"
2020-02-10,2020021001009075,AKPL,29,59,300,122.00,"36,600.00"
2020-02-10,2020021001008984,AKPL,51,58,138,121.00,"16,698.00"
2020-02-10,2020021001009216,ALBSL,48,39,22,698.00,"15,356.00"
2020-02-10,2020021001009134,ALBSL,33,50,11,701.00,"7,711.00"
2020-02-10,2020021001009372,ALICL,57,25,10,563.00,"5,630.00"
2020-02-10,2020021001009213,ALICL,45,25,182,560.00,"101,920.00"
2020-02-10,2020021001009212,ALICL,5,25,218,561.00,"122,298.00"
2020-02-10,2020021001009343,API,19,16,130,125.00,"16,250.00"
2020-02-10,2020021001009342,API,51,16,170,125.00,"21,250.00"
2020-02-10,2020021001009266,API,25,32,100,126.00,"12,600.00"
2020-02-10,2020021001009175,API,58,58,4,125.00,500.00
2020-02-10,2020021001009143,API,51,50,30,125.00,"3,750.00"
2020-02-10,2020021001008998,API,21,58,25,125.00,"3,125.00"
2020-02-10,2020021001008985,API,25,32,120,126.00,"15,120.00"
2020-02-10,2020021001009361,BARUN,56,35,10,96.00,960.00
2020-02-10,2020021001009281,BARUN,52,21,80,95.00,"7,600.00"
2020-02-10,2020021001009280,BARUN,21,21,10,95.00,950.00
2020-02-10,2020021001009279,BARUN,34,21,10,95.00,950.00
2020-02-10,2020021001009278,BARUN,11,21,100,95.00,"9,500.00"
2020-02-10,2020021001009205,BFC,5,59,10,101.00,"1,010.00"
2020-02-10,2020021001009228,BPCL,36,38,266,324.00,"86,184.00"
2020-02-10,2020021001009227,BPCL,10,38,89,324.00,"28,836.00"
2020-02-10,2020021001009226,BPCL,26,38,145,325.00,"47,125.00"
2020-02-10,2020021001009124,CBBL,1,5,53,994.00,"52,682.00"
2020-02-10,2020021001009479,CBL,58,39,200,152.00,"30,400.00"
2020-02-10,2020021001009478,CBL,33,39,"1,000",152.00,"152,000.00"
2020-02-10,2020021001009477,CBL,44,39,36,152.00,"5,472.00"
2020-02-10,2020021001009476,CBL,44,36,"2,321",152.00,"352,792.00"
2020-02-10,2020021001009406,CBL,44,49,"2,000",152.00,"304,000.00"
2020-02-10,2020021001009405,CBL,44,49,643,152.00,"97,736.00"
2020-02-10,2020021001009050,CBL,59,5,"1,099",152.00,"167,048.00"
2020-02-10,2020021001009049,CBL,59,5,"1,901",152.00,"288,952.00"
2020-02-10,2020021001009404,CBL,29,49,357,152.00,"54,264.00"
2020-02-10,2020021001009397,CBL,29,49,143,152.00,"21,736.00"
2020-02-10,2020021001009396,CBL,57,49,"1,857",152.00,"282,264.00"
2020-02-10,2020021001009382,CBL,57,49,143,152.00,"21,736.00"
2020-02-10,2020021001009381,CBL,59,49,857,152.00,"130,264.00"
2020-02-10,2020021001009149,CBL,59,5,44,152.00,"6,688.00"
2020-02-10,2020021001009264,CCBL,16,8,100,184.00,"18,400.00"
2020-02-10,2020021001009239,CCBL,48,8,200,184.00,"36,800.00"
2020-02-10,2020021001009441,CFCL,46,22,30,145.00,"4,350.00"
2020-02-10,2020021001009053,CHCL,1,58,77,420.00,"32,340.00"
2020-02-10,2020021001009028,CHCL,1,28,53,420.00,"22,260.00"
2020-02-10,2020021001009416,CIT,39,38,20,"2,498.00","49,960.00"
2020-02-10,2020021001009326,CIT,39,34,23,"2,490.00","57,270.00"
2020-02-10,2020021001009325,CIT,11,34,10,"2,490.00","24,900.00"
2020-02-10,2020021001009094,CMF1,43,34,"10,000",9.51,"95,100.00"
2020-02-10,2020021001009071,CMF1,43,40,"5,000",9.50,"47,500.00"
2020-02-10,2020021001009475,CZBIL,6,32,10,193.00,"1,930.00"
2020-02-10,2020021001009233,CZBIL,58,26,90,194.00,"17,460.00"
2020-02-10,2020021001009232,CZBIL,58,52,10,194.00,"1,940.00"
2020-02-10,2020021001009446,DDBL,21,25,50,838.00,"41,900.00"
2020-02-10,2020021001009413,DDBL,58,19,50,838.00,"41,900.00"
2020-02-10,2020021001009412,DDBL,58,54,100,838.00,"83,800.00"
2020-02-10,2020021001009411,DDBL,58,32,100,837.00,"83,700.00"
2020-02-10,2020021001009410,DDBL,58,21,100,835.00,"83,500.00"
2020-02-10,2020021001009409,DDBL,58,29,100,835.00,"83,500.00"
2020-02-10,2020021001009027,DDBL,47,21,150,833.00,"124,950.00"
2020-02-10,2020021001009004,DDBL,34,21,50,833.00,"41,650.00"
2020-02-10,2020021001009003,DDBL,34,47,50,833.00,"41,650.00"
2020-02-10,2020021001009408,DDBL,58,45,50,834.00,"41,700.00"
2020-02-10,2020021001009355,DDBL,32,19,10,833.00,"8,330.00"
2020-02-10,2020021001009354,DDBL,7,19,65,833.00,"54,145.00"
2020-02-10,2020021001009353,DDBL,47,19,40,833.00,"33,320.00"
2020-02-10,2020021001009314,DDBL,26,45,10,834.00,"8,340.00"
2020-02-10,2020021001009128,DDBL,47,53,50,833.00,"41,650.00"
2020-02-10,2020021001009308,EBL,37,49,84,627.00,"52,668.00"
2020-02-10,2020021001009306,EBL,47,16,100,628.00,"62,800.00"
2020-02-10,2020021001009305,EBL,47,36,50,628.00,"31,400.00"
2020-02-10,2020021001009103,EBL,19,36,100,628.00,"62,800.00"
2020-02-10,2020021001009252,EDBL,57,43,990,355.00,"351,450.00"
2020-02-10,2020021001009251,EDBL,45,43,10,355.00,"3,550.00"
2020-02-10,2020021001009215,EIC,52,48,200,436.00,"87,200.00"
2020-02-10,2020021001009012,EIC,21,6,25,438.00,"10,950.00"
2020-02-10,2020021001009332,FOWAD,53,8,19,"1,400.00","26,600.00"
2020-02-10,2020021001009246,FOWAD,46,21,310,"1,400.00","434,000.00"
2020-02-10,2020021001009245,FOWAD,46,32,44,"1,398.00","61,512.00"
2020-02-10,2020021001009180,FOWAD,55,32,69,"1,398.00","96,462.00"
2020-02-10,2020021001009179,FOWAD,25,32,20,"1,399.00","27,980.00"
2020-02-10,2020021001009395,GBBL,16,49,44,240.00,"10,560.00"
2020-02-10,2020021001009174,GBBL,16,45,30,240.00,"7,200.00"
2020-02-10,2020021001009173,GBBL,16,59,200,240.00,"48,000.00"
2020-02-10,2020021001009072,GBBL,16,34,226,239.00,"54,014.00"
2020-02-10,2020021001009000,GBBL,40,34,300,239.00,"71,700.00"
2020-02-10,2020021001009465,GBIME,47,1,161,281.00,"45,241.00"
2020-02-10,2020021001009464,GBIME,47,22,12,281.00,"3,372.00"
2020-02-10,2020021001009463,GBIME,47,1,89,281.00,"25,009.00"
2020-02-10,2020021001009462,GBIME,47,54,38,281.00,"10,678.00"
2020-02-10,2020021001009425,GBIME,35,54,100,281.00,"28,100.00"
2020-02-10,2020021001009380,GBIME,1,54,100,281.00,"28,100.00"
2020-02-10,2020021001009002,GBIME,37,45,14,280.00,"3,920.00"
2020-02-10,2020021001008982,GBIME,37,44,267,280.00,"74,760.00"
2020-02-10,2020021001008981,GBIME,42,44,300,280.00,"84,000.00"
2020-02-10,2020021001008980,GBIME,22,44,103,280.00,"28,840.00"
2020-02-10,2020021001009156,GBIME,54,14,96,280.00,"26,880.00"
2020-02-10,2020021001009155,GBIME,56,14,180,280.00,"50,400.00"
2020-02-10,2020021001009154,GBIME,6,14,125,280.00,"35,000.00"
2020-02-10,2020021001009153,GBIME,8,14,30,280.00,"8,400.00"
