Date,Transact. No.,Symbol,Buyer,Seller,Quantity,Rate,Amount
2019-11-19,2019111901003997,ADBL,39,33,"2,000",416.00,"832,000.00"
2019-11-19,2019111901003996,ADBL,39,56,650,416.00,"270,400.00"
2019-11-19,2019111901003995,ADBL,39,8,50,416.00,"20,800.00"
2019-11-19,2019111901003994,ADBL,39,5,300,416.00,"124,800.00"
2019-11-19,2019111901003993,ADBL,39,32,17,416.00,"7,072.00"
2019-11-19,2019111901003978,ADBL,49,33,371,415.00,"153,965.00"
2019-11-19,2019111901003977,ADBL,39,33,670,415.00,"278,050.00"
2019-11-19,2019111901003751,ADBL,39,26,793,415.00,"329,095.00"
2019-11-19,2019111901003991,AKBSL,7,8,10,433.00,"4,330.00"
2019-11-19,2019111901003974,AKBSL,7,8,80,433.00,"34,640.00"
2019-11-19,2019111901003973,AKBSL,7,8,20,433.00,"8,660.00"
2019-11-19,2019111901003962,AKBSL,7,8,10,433.00,"4,330.00"
2019-11-19,2019111901004114,AKJCL,42,17,10,54.00,540.00
2019-11-19,2019111901003880,AKPL,21,42,20,119.00,"2,380.00"
2019-11-19,2019111901003879,AKPL,19,42,500,119.00,"59,500.00"
2019-11-19,2019111901003878,AKPL,55,42,200,119.00,"23,800.00"
2019-11-19,2019111901003877,AKPL,45,42,30,119.00,"3,570.00"
2019-11-19,2019111901003876,AKPL,41,42,50,119.00,"5,950.00"
2019-11-19,2019111901003847,AKPL,55,38,"2,000",120.00,"240,000.00"
2019-11-19,2019111901003846,AKPL,45,38,500,120.00,"60,000.00"
2019-11-19,2019111901003845,AKPL,40,38,50,120.00,"6,000.00"
2019-11-19,2019111901004046,ALBSL,16,13,10,399.00,"3,990.00"
2019-11-19,2019111901003764,ALBSL,16,38,10,399.00,"3,990.00"
2019-11-19,2019111901004028,ALICL,49,5,42,315.00,"13,230.00"
2019-11-19,2019111901004027,ALICL,19,5,300,315.00,"94,500.00"
2019-11-19,2019111901004026,ALICL,42,5,10,316.00,"3,160.00"
2019-11-19,2019111901004025,ALICL,44,5,200,316.00,"63,200.00"
2019-11-19,2019111901004024,ALICL,59,5,48,316.00,"15,168.00"
2019-11-19,2019111901003765,API,28,34,18,106.00,"1,908.00"
2019-11-19,2019111901004170,BFC,58,56,65,91.00,"5,915.00"
2019-11-19,2019111901004103,BOKL,4,17,20,216.00,"4,320.00"
2019-11-19,2019111901004199,BPCL,1,48,41,347.00,"14,227.00"
2019-11-19,2019111901004198,BPCL,38,48,100,347.00,"34,700.00"
2019-11-19,2019111901004197,BPCL,54,48,150,347.00,"52,050.00"
2019-11-19,2019111901004196,BPCL,51,48,50,347.00,"17,350.00"
2019-11-19,2019111901004195,BPCL,37,48,10,347.00,"3,470.00"
2019-11-19,2019111901004194,BPCL,35,48,20,347.00,"6,940.00"
2019-11-19,2019111901004193,BPCL,21,48,28,347.00,"9,716.00"
2019-11-19,2019111901004160,BPCL,33,48,10,349.00,"3,490.00"
2019-11-19,2019111901004159,BPCL,22,48,200,349.00,"69,800.00"
2019-11-19,2019111901004018,CBBL,11,53,16,970.00,"15,520.00"
2019-11-19,2019111901003963,CBBL,11,21,34,970.00,"32,980.00"
2019-11-19,2019111901003833,CBBL,20,58,153,966.00,"147,798.00"
2019-11-19,2019111901003832,CBBL,44,58,100,967.00,"96,700.00"
2019-11-19,2019111901003831,CBBL,45,58,107,967.00,"103,469.00"
2019-11-19,2019111901003830,CBBL,42,58,370,967.00,"357,790.00"
2019-11-19,2019111901003829,CBBL,28,58,50,968.00,"48,400.00"
2019-11-19,2019111901003828,CBBL,41,58,150,968.00,"145,200.00"
2019-11-19,2019111901003827,CBBL,44,58,50,968.00,"48,400.00"
2019-11-19,2019111901004123,CBL,43,59,10,138.00,"1,380.00"
2019-11-19,2019111901004019,CBL,41,22,13,137.00,"1,781.00"
2019-11-19,2019111901003971,CBL,22,22,500,137.00,"68,500.00"
2019-11-19,2019111901003917,CBL,6,52,898,136.00,"122,128.00"
2019-11-19,2019111901003916,CBL,59,52,"1,173",136.00,"159,528.00"
2019-11-19,2019111901003851,CBL,59,52,600,136.00,"81,600.00"
2019-11-19,2019111901003842,CBL,59,59,200,136.00,"27,200.00"
2019-11-19,2019111901003773,CBL,59,49,27,136.00,"3,672.00"
2019-11-19,2019111901003772,CBL,26,49,70,136.00,"9,520.00"
2019-11-19,2019111901003771,CBL,26,6,18,136.00,"2,448.00"
2019-11-19,2019111901004209,CCBL,32,57,200,162.00,"32,400.00"
2019-11-19,2019111901004188,CCBL,44,52,10,163.00,"1,630.00"
2019-11-19,2019111901004122,CCBL,32,46,200,162.00,"32,400.00"
2019-11-19,2019111901004040,CCBL,8,38,17,162.00,"2,754.00"
2019-11-19,2019111901004039,CCBL,8,50,100,162.00,"16,200.00"
2019-11-19,2019111901004038,CCBL,8,45,178,162.00,"28,836.00"
2019-11-19,2019111901004037,CCBL,8,55,200,162.00,"32,400.00"
2019-11-19,2019111901004186,CFCL,49,33,253,111.00,"28,083.00"
2019-11-19,2019111901004009,CFCL,32,33,970,111.00,"107,670.00"
2019-11-19,2019111901004208,CHCL,25,22,10,355.00,"3,550.00"
2019-11-19,2019111901004034,CHCL,45,22,104,352.00,"36,608.00"
2019-11-19,2019111901003984,CHCL,56,22,"2,000",350.00,"700,000.00"
2019-11-19,2019111901003823,CHL,13,13,13,81.00,"1,053.00"
2019-11-19,2019111901004169,CIT,37,58,80,"1,750.00","140,000.00"
2019-11-19,2019111901004168,CIT,41,58,20,"1,750.00","35,000.00"
2019-11-19,2019111901004167,CIT,52,58,25,"1,750.00","43,750.00"
2019-11-19,2019111901004166,CIT,26,58,100,"1,751.00","175,100.00"
2019-11-19,2019111901004165,CIT,41,58,20,"1,755.00","35,100.00"
2019-11-19,2019111901004164,CIT,21,58,55,"1,755.00","96,525.00"
2019-11-19,2019111901004020,CIT,16,58,22,"1,760.00","38,720.00"
2019-11-19,2019111901003937,CIT,26,41,35,"1,757.00","61,495.00"
2019-11-19,2019111901003936,CIT,42,41,10,"1,760.00","17,600.00"
2019-11-19,2019111901004157,CIT,35,58,23,"1,757.00","40,411.00"
2019-11-19,2019111901004095,CIT,21,40,45,"1,755.00","78,975.00"
2019-11-19,2019111901004094,CIT,26,40,30,"1,756.00","52,680.00"
2019-11-19,2019111901004082,CIT,35,58,20,"1,757.00","35,140.00"
2019-11-19,2019111901004022,CIT,26,58,20,"1,757.00","35,140.00"
2019-11-19,2019111901004021,CIT,26,58,115,"1,757.00","202,055.00"
2019-11-19,2019111901003848,CLBSL,38,37,143,455.00,"65,065.00"
2019-11-19,2019111901003760,CLBSL,50,37,11,455.00,"5,005.00"
2019-11-19,2019111901004148,CZBIL,41,4,100,186.00,"18,600.00"
2019-11-19,2019111901004056,CZBIL,41,22,10,185.00,"1,850.00"
2019-11-19,2019111901004185,DBBL,38,49,100,123.00,"12,300.00"
2019-11-19,2019111901003958,DDBL,18,28,17,727.00,"12,359.00"
2019-11-19,2019111901003914,FOWAD,26,42,10,"1,325.00","13,250.00"
2019-11-19,2019111901003913,FOWAD,26,57,10,"1,324.00","13,240.00"
2019-11-19,2019111901003912,FOWAD,26,22,10,"1,321.00","13,210.00"
2019-11-19,2019111901003911,FOWAD,26,8,19,"1,320.00","25,080.00"
2019-11-19,2019111901004243,GBBL,13,58,500,225.00,"112,500.00"
2019-11-19,2019111901004242,GBBL,22,58,43,225.00,"9,675.00"
2019-11-19,2019111901004236,GBBL,26,58,500,226.00,"113,000.00"
2019-11-19,2019111901003841,GBLBS,18,37,435,299.00,"130,065.00"
2019-11-19,2019111901004224,GLBSL,5,21,100,415.00,"41,500.00"
2019-11-19,2019111901004158,GLBSL,11,21,90,415.00,"37,350.00"
2019-11-19,2019111901004029,GLICL,14,58,10,355.00,"3,550.00"
2019-11-19,2019111901004136,GRDBL,1,22,10,101.00,"1,010.00"
2019-11-19,2019111901004110,GUFL,44,36,315,112.00,"35,280.00"
2019-11-19,2019111901004180,HBL,11,33,11,486.00,"5,346.00"
2019-11-19,2019111901004137,HBL,6,38,18,483.00,"8,694.00"
2019-11-19,2019111901004241,HDL,21,48,40,"1,765.00","70,600.00"
2019-11-19,2019111901004240,HDL,21,58,40,"1,764.00","70,560.00"
2019-11-19,2019111901004182,HDL,48,33,10,"1,757.00","17,570.00"
2019-11-19,2019111901003972,HDL,44,58,50,"1,764.00","88,200.00"
2019-11-19,2019111901003855,HDL,48,39,12,"1,757.00","21,084.00"
2019-11-19,2019111901003854,HDL,55,39,30,"1,757.00","52,710.00"
2019-11-19,2019111901003782,HDL,10,45,38,"1,761.00","66,918.00"
2019-11-19,2019111901003781,HDL,7,45,10,"1,761.00","17,610.00"
2019-11-19,2019111901003853,HDL,47,39,30,"1,758.00","52,740.00"
2019-11-19,2019111901003852,HDL,45,39,18,"1,760.00","31,680.00"
2019-11-19,2019111901003793,HDL,45,7,100,"1,760.00","176,000.00"
2019-11-19,2019111901003785,HDL,45,45,382,"1,760.00","672,320.00"
2019-11-19,2019111901003784,HDL,53,45,20,"1,760.00","35,200.00"
2019-11-19,2019111901003783,HDL,25,45,50,"1,761.00","88,050.00"
2019-11-19,2019111901004223,HGI,49,53,500,241.00,"120,500.00"
2019-11-19,2019111901004222,HGI,41,53,50,241.00,"12,050.00"
2019-11-19,2019111901004221,HGI,42,53,500,241.00,"120,500.00"
2019-11-19,2019111901004220,HGI,34,53,50,241.00,"12,050.00"
2019-11-19,2019111901004219,HGI,48,53,250,241.00,"60,250.00"
2019-11-19,2019111901004218,HGI,6,53,100,241.00,"24,100.00"
2019-11-19,2019111901004217,HGI,5,53,120,242.00,"29,040.00"
2019-11-19,2019111901004216,HGI,20,53,100,242.00,"24,200.00"
2019-11-19,2019111901004215,HGI,45,53,50,242.00,"12,100.00"
2019-11-19,2019111901004214,HGI,25,53,40,242.00,"9,680.00"
2019-11-19,2019111901004213,HGI,59,53,500,243.00,"121,500.00"
2019-11-19,2019111901004212,HGI,48,53,10,244.00,"2,440.00"
2019-11-19,2019111901004104,HPPL,18,22,10,134.00,"1,340.00"
2019-11-19,2019111901004090,HPPL,18,17,20,134.00,"2,680.00"
2019-11-19,2019111901003975,HURJA,38,19,20,99.00,"1,980.00"
2019-11-19,2019111901003932,HURJA,17,17,20,99.00,"1,980.00"
2019-11-19,2019111901003910,HURJA,17,17,20,99.00,"1,980.00"
2019-11-19,2019111901003899,HURJA,17,17,20,99.00,"1,980.00"
2019-11-19,2019111901003863,HURJA,17,17,20,99.00,"1,980.00"
2019-11-19,2019111901003837,HURJA,17,17,20,99.00,"1,980.00"
2019-11-19,2019111901003799,HURJA,17,17,20,99.00,"1,980.00"
2019-11-19,2019111901003762,HURJA,17,17,20,99.00,"1,980.00"
2019-11-19,2019111901004239,ILBS,19,28,50,475.00,"23,750.00"
2019-11-19,2019111901004238,ILBS,50,28,110,476.00,"52,360.00"
2019-11-19,2019111901004237,ILBS,16,28,20,476.00,"9,520.00"
2019-11-19,2019111901003989,ILBS,50,19,90,477.00,"42,930.00"
2019-11-19,2019111901003923,ILBS,33,22,80,480.00,"38,400.00"
2019-11-19,2019111901003896,ILBS,33,18,270,479.00,"129,330.00"
2019-11-19,2019111901003895,ILBS,33,51,50,479.00,"23,950.00"
2019-11-19,2019111901003779,ILBS,48,52,60,480.00,"28,800.00"
2019-11-19,2019111901003856,JOSHI,3,38,20,57.00,"1,140.00"
2019-11-19,2019111901004141,KBL,58,48,833,179.00,"149,107.00"
2019-11-19,2019111901004140,KBL,58,4,184,179.00,"32,936.00"
2019-11-19,2019111901004139,KBL,58,4,20,179.00,"3,580.00"
2019-11-19,2019111901004138,KBL,58,4,"1,430",179.00,"255,970.00"
2019-11-19,2019111901003761,KBL,25,4,500,179.00,"89,500.00"
2019-11-19,2019111901003759,KRBL,57,38,500,99.00,"49,500.00"
2019-11-19,2019111901004063,KSBBL,41,58,100,135.00,"13,500.00"
2019-11-19,2019111901004062,KSBBL,38,58,101,135.00,"13,635.00"
2019-11-19,2019111901004133,LBL,25,16,258,217.00,"55,986.00"
2019-11-19,2019111901004132,LBL,25,22,100,217.00,"21,700.00"
2019-11-19,2019111901003757,LBL,43,34,65,216.00,"14,040.00"
2019-11-19,2019111901003756,LBL,13,34,200,216.00,"43,200.00"
2019-11-19,2019111901003755,LBL,39,34,100,216.00,"21,600.00"
2019-11-19,2019111901003754,LBL,7,34,40,216.00,"8,640.00"
2019-11-19,2019111901003753,LBL,43,34,432,216.00,"93,312.00"
2019-11-19,2019111901003752,LBL,49,34,250,217.00,"54,250.00"
2019-11-19,2019111901003885,LGIL,49,28,414,315.00,"130,410.00"
2019-11-19,2019111901003884,LGIL,38,28,56,315.00,"17,640.00"
2019-11-19,2019111901003883,LGIL,50,28,230,316.00,"72,680.00"
2019-11-19,2019111901003844,LGIL,50,45,60,316.00,"18,960.00"
2019-11-19,2019111901003849,LICN,20,52,19,990.00,"18,810.00"
2019-11-19,2019111901003871,LLBS,37,45,100,690.00,"69,000.00"
2019-11-19,2019111901003836,MBL,58,25,94,223.00,"20,962.00"
2019-11-19,2019111901003835,MBL,58,34,106,223.00,"23,638.00"
2019-11-19,2019111901004200,MEGA,43,38,10,185.00,"1,850.00"
2019-11-19,2019111901004162,MEGA,42,49,127,183.00,"23,241.00"
2019-11-19,2019111901004161,MEGA,14,49,85,183.00,"15,555.00"
2019-11-19,2019111901004131,MEGA,28,53,123,184.00,"22,632.00"
2019-11-19,2019111901004108,MEGA,28,53,867,184.00,"159,528.00"
2019-11-19,2019111901003795,MEGA,14,48,119,183.00,"21,777.00"
2019-11-19,2019111901004107,MEGA,28,32,133,184.00,"24,472.00"
2019-11-19,2019111901003986,MEGA,21,53,10,184.00,"1,840.00"
2019-11-19,2019111901004205,MERO,26,43,25,426.00,"10,650.00"
2019-11-19,2019111901004041,MLBBL,32,58,10,441.00,"4,410.00"
2019-11-19,2019111901004151,MLBL,32,36,310,177.00,"54,870.00"
2019-11-19,2019111901004150,MLBL,56,36,20,177.00,"3,540.00"
2019-11-19,2019111901004149,MLBL,59,36,989,177.00,"175,053.00"
2019-11-19,2019111901004102,MLBL,59,35,11,177.00,"1,947.00"
2019-11-19,2019111901004101,MLBL,59,35,989,177.00,"175,053.00"
2019-11-19,2019111901004035,MNBBL,14,38,100,318.00,"31,800.00"
2019-11-19,2019111901004032,MNBBL,43,16,32,315.00,"10,080.00"
2019-11-19,2019111901004097,NABIL,5,47,200,753.00,"150,600.00"
2019-11-19,2019111901004000,NABIL,14,47,15,753.00,"11,295.00"
2019-11-19,2019111901003988,NABIL,17,47,100,753.00,"75,300.00"
2019-11-19,2019111901004191,NBB,58,32,10,206.00,"2,060.00"
2019-11-19,2019111901004147,NBB,54,38,150,204.00,"30,600.00"
2019-11-19,2019111901004045,NBB,28,49,190,204.00,"38,760.00"
2019-11-19,2019111901004044,NBB,3,49,20,204.00,"4,080.00"
2019-11-19,2019111901004043,NBB,14,49,100,204.00,"20,400.00"
2019-11-19,2019111901004042,NBB,34,49,33,204.00,"6,732.00"
2019-11-19,2019111901003898,NBB,48,38,150,205.00,"30,750.00"
2019-11-19,2019111901003897,NBB,48,58,100,205.00,"20,500.00"
2019-11-19,2019111901004246,NBL,33,47,100,318.00,"31,800.00"
2019-11-19,2019111901004244,NBL,49,47,10,318.00,"3,180.00"
2019-11-19,2019111901004235,NBL,51,5,514,316.00,"162,424.00"
2019-11-19,2019111901004234,NBL,22,5,200,316.00,"63,200.00"
2019-11-19,2019111901004206,NBL,49,5,20,317.00,"6,340.00"
2019-11-19,2019111901004134,NBL,39,5,100,317.00,"31,700.00"
2019-11-19,2019111901003814,NBL,57,42,100,317.00,"31,700.00"
2019-11-19,2019111901003813,NBL,57,42,200,317.00,"63,400.00"
2019-11-19,2019111901003812,NBL,51,42,"1,000",317.00,"317,000.00"
2019-11-19,2019111901003811,NBL,48,42,100,317.00,"31,700.00"
2019-11-19,2019111901003820,NBL,25,42,300,317.00,"95,100.00"
2019-11-19,2019111901003819,NBL,56,42,"1,000",317.00,"317,000.00"
2019-11-19,2019111901003818,NBL,22,42,200,317.00,"63,400.00"
2019-11-19,2019111901003817,NBL,43,42,"1,000",317.00,"317,000.00"
2019-11-19,2019111901003816,NBL,1,42,500,317.00,"158,500.00"
2019-11-19,2019111901003815,NBL,25,42,50,317.00,"15,850.00"
2019-11-19,2019111901003946,NBL,14,47,100,318.00,"31,800.00"
2019-11-19,2019111901003915,NBL,16,38,500,317.00,"158,500.00"
2019-11-19,2019111901003905,NBL,16,33,464,317.00,"147,088.00"
2019-11-19,2019111901003904,NBL,6,33,36,317.00,"11,412.00"
2019-11-19,2019111901003822,NBL,6,42,464,317.00,"147,088.00"
2019-11-19,2019111901003821,NBL,35,42,100,317.00,"31,700.00"
2019-11-19,2019111901003952,NBL,33,42,200,317.00,"63,400.00"
2019-11-19,2019111901003951,NBL,47,42,130,317.00,"41,210.00"
2019-11-19,2019111901003950,NBL,19,42,50,317.00,"15,850.00"
2019-11-19,2019111901003949,NBL,45,42,30,317.00,"9,510.00"
2019-11-19,2019111901003948,NBL,44,42,"1,000",317.00,"317,000.00"
2019-11-19,2019111901003947,NBL,16,42,36,317.00,"11,412.00"
2019-11-19,2019111901004088,NBL,20,5,100,317.00,"31,700.00"
2019-11-19,2019111901004087,NBL,40,5,66,317.00,"20,922.00"
2019-11-19,2019111901003956,NBL,40,42,34,317.00,"10,778.00"
2019-11-19,2019111901003955,NBL,22,42,20,317.00,"6,340.00"
2019-11-19,2019111901003954,NBL,19,42,400,317.00,"126,800.00"
2019-11-19,2019111901003953,NBL,40,42,100,317.00,"31,700.00"
2019-11-19,2019111901004245,NCCB,58,33,10,201.00,"2,010.00"
2019-11-19,2019111901004225,NCCB,58,34,500,200.00,"100,000.00"
2019-11-19,2019111901004189,NCCB,33,33,10,201.00,"2,010.00"
2019-11-19,2019111901004080,NCCB,58,33,"2,192",200.00,"438,400.00"
2019-11-19,2019111901004079,NCCB,32,33,"1,000",200.00,"200,000.00"
2019-11-19,2019111901004078,NCCB,17,33,"2,000",200.00,"400,000.00"
2019-11-19,2019111901003881,NCCB,34,43,47,200.00,"9,400.00"
2019-11-19,2019111901003758,NCCB,34,52,10,200.00,"2,000.00"
2019-11-19,2019111901003750,NCCB,36,21,100,201.00,"20,100.00"
2019-11-19,2019111901004077,NCCB,58,33,"1,000",200.00,"200,000.00"
2019-11-19,2019111901004076,NCCB,45,33,47,200.00,"9,400.00"
2019-11-19,2019111901004033,NCCB,58,33,75,201.00,"15,075.00"
2019-11-19,2019111901003992,NCCB,58,34,839,201.00,"168,639.00"
2019-11-19,2019111901003945,NCCB,58,21,86,201.00,"17,286.00"
2019-11-19,2019111901003882,NCCB,45,43,953,200.00,"190,600.00"
2019-11-19,2019111901003826,NHDL,45,56,20,105.00,"2,100.00"
2019-11-19,2019111901004227,NHPC,38,51,490,52.00,"25,480.00"
2019-11-19,2019111901004181,NHPC,49,49,"20,000",51.00,"1,020,000.00"
2019-11-19,2019111901004174,NIB,8,42,20,422.00,"8,440.00"
2019-11-19,2019111901004173,NIB,40,42,12,422.00,"5,064.00"
2019-11-19,2019111901004152,NIB,17,59,25,423.00,"10,575.00"
2019-11-19,2019111901004008,NIB,17,59,100,423.00,"42,300.00"
2019-11-19,2019111901003966,NIB,22,59,10,423.00,"4,230.00"
2019-11-19,2019111901003965,NIB,32,59,65,423.00,"27,495.00"
2019-11-19,2019111901003938,NIB,32,59,76,423.00,"32,148.00"
2019-11-19,2019111901003918,NIB,28,59,18,424.00,"7,632.00"
2019-11-19,2019111901004111,NICA,33,38,200,411.00,"82,200.00"
2019-11-19,2019111901004098,NICA,34,33,207,410.00,"84,870.00"
2019-11-19,2019111901004096,NICA,11,38,10,411.00,"4,110.00"
2019-11-19,2019111901003775,NICGF,57,39,"1,000",8.64,"8,640.00"
2019-11-19,2019111901004146,NICL,43,34,10,257.00,"2,570.00"
2019-11-19,2019111901004112,NIL,39,48,10,377.00,"3,770.00"
2019-11-19,2019111901004083,NIL,49,53,300,375.00,"112,500.00"
2019-11-19,2019111901003843,NIL,49,53,700,375.00,"262,500.00"
2019-11-19,2019111901004066,NLBBL,43,5,72,501.00,"36,072.00"
2019-11-19,2019111901004065,NLBBL,6,5,10,501.00,"5,010.00"
2019-11-19,2019111901004064,NLBBL,26,5,79,501.00,"39,579.00"
2019-11-19,2019111901004036,NLBBL,26,1,57,501.00,"28,557.00"
2019-11-19,2019111901003933,NLBBL,26,28,14,501.00,"7,014.00"
2019-11-19,2019111901004069,NLG,6,16,10,525.00,"5,250.00"
2019-11-19,2019111901004068,NLG,6,25,10,524.00,"5,240.00"
2019-11-19,2019111901004086,NLG,19,16,48,516.00,"24,768.00"
2019-11-19,2019111901004085,NLG,7,16,24,516.00,"12,384.00"
2019-11-19,2019111901004084,NLG,8,16,10,520.00,"5,200.00"
2019-11-19,2019111901004233,NLIC,25,45,10,792.00,"7,920.00"
2019-11-19,2019111901004089,NLIC,52,52,22,791.00,"17,402.00"
2019-11-19,2019111901003987,NLIC,8,49,331,790.00,"261,490.00"
2019-11-19,2019111901003961,NLIC,8,35,37,790.00,"29,230.00"
2019-11-19,2019111901003861,NLIC,52,52,22,791.00,"17,402.00"
2019-11-19,2019111901003834,NLIC,8,55,200,790.00,"158,000.00"
2019-11-19,2019111901003778,NLIC,28,45,18,792.00,"14,256.00"
2019-11-19,2019111901004204,NLICL,38,56,726,422.00,"306,372.00"
2019-11-19,2019111901004203,NLICL,5,56,100,423.00,"42,300.00"
2019-11-19,2019111901004192,NLICL,50,59,100,424.00,"42,400.00"
2019-11-19,2019111901004115,NMB,7,33,15,384.00,"5,760.00"
2019-11-19,2019111901004070,NMB,36,4,200,385.00,"77,000.00"
2019-11-19,2019111901004060,NMB,33,4,"1,000",384.00,"384,000.00"
2019-11-19,2019111901004055,NMB,45,4,"1,137",385.00,"437,745.00"
2019-11-19,2019111901004054,NMB,45,49,292,385.00,"112,420.00"
2019-11-19,2019111901004053,NMB,45,10,71,385.00,"27,335.00"
2019-11-19,2019111901003748,NMB,19,49,"1,000",385.00,"385,000.00"
2019-11-19,2019111901003874,NMB,25,35,200,385.00,"77,000.00"
2019-11-19,2019111901003873,NMB,25,49,134,385.00,"51,590.00"
2019-11-19,2019111901003864,NMB,56,49,200,385.00,"77,000.00"
2019-11-19,2019111901003800,NMB,58,49,200,385.00,"77,000.00"
2019-11-19,2019111901003767,NMB,29,49,17,385.00,"6,545.00"
2019-11-19,2019111901003749,NMB,29,49,83,385.00,"31,955.00"
2019-11-19,2019111901004023,NMB,28,49,32,385.00,"12,320.00"
2019-11-19,2019111901003967,NMB,45,10,129,385.00,"49,665.00"
2019-11-19,2019111901003957,NMB,45,48,71,385.00,"27,335.00"
2019-11-19,2019111901003934,NMB,45,48,390,385.00,"150,150.00"
2019-11-19,2019111901003908,NMB,45,10,100,385.00,"38,500.00"
2019-11-19,2019111901003907,NMB,25,10,200,385.00,"77,000.00"
2019-11-19,2019111901004163,NMFBS,36,10,50,"1,715.00","85,750.00"
2019-11-19,2019111901003944,NMFBS,26,38,100,"1,730.00","173,000.00"
2019-11-19,2019111901003943,NMFBS,26,16,10,"1,729.00","17,290.00"
2019-11-19,2019111901003939,NMFBS,19,10,30,"1,706.00","51,180.00"
2019-11-19,2019111901004201,NNLB,1,38,35,456.00,"15,960.00"
2019-11-19,2019111901004130,NNLB,1,38,50,456.00,"22,800.00"
2019-11-19,2019111901004129,NNLB,1,38,50,456.00,"22,800.00"
2019-11-19,2019111901004128,NNLB,32,38,100,456.00,"45,600.00"
2019-11-19,2019111901004127,NNLB,42,38,58,456.00,"26,448.00"
2019-11-19,2019111901004126,NNLB,57,38,20,457.00,"9,140.00"
2019-11-19,2019111901004125,NNLB,22,38,150,457.00,"68,550.00"
2019-11-19,2019111901004124,NNLB,32,38,40,457.00,"18,280.00"
2019-11-19,2019111901004012,NNLB,32,58,10,457.00,"4,570.00"
2019-11-19,2019111901003906,NNLB,32,38,99,460.00,"45,540.00"
2019-11-19,2019111901004030,NTC,59,22,20,626.00,"12,520.00"
2019-11-19,2019111901003999,NTC,59,41,200,623.00,"124,600.00"
2019-11-19,2019111901003998,NTC,38,41,100,625.00,"62,500.00"
2019-11-19,2019111901003970,NTC,38,19,20,625.00,"12,500.00"
2019-11-19,2019111901004144,NUBL,53,57,22,898.00,"19,756.00"
2019-11-19,2019111901004100,NUBL,53,46,14,896.00,"12,544.00"
2019-11-19,2019111901003792,NUBL,53,38,14,889.00,"12,446.00"
2019-11-19,2019111901004247,PCBL,34,56,55,274.00,"15,070.00"
2019-11-19,2019111901004172,PCBL,36,6,10,275.00,"2,750.00"
2019-11-19,2019111901004171,PCBL,36,19,990,275.00,"272,250.00"
2019-11-19,2019111901004135,PCBL,42,19,10,275.00,"2,750.00"
2019-11-19,2019111901004092,PCBL,34,38,351,274.00,"96,174.00"
2019-11-19,2019111901004072,PCBL,34,34,351,274.00,"96,174.00"
2019-11-19,2019111901003891,PCBL,39,34,125,274.00,"34,250.00"
2019-11-19,2019111901003857,PCBL,6,34,200,274.00,"54,800.00"
2019-11-19,2019111901004061,PCBL,34,8,420,274.00,"115,080.00"
2019-11-19,2019111901004002,PCBL,34,49,319,274.00,"87,406.00"
2019-11-19,2019111901003976,PCBL,34,52,500,274.00,"137,000.00"
2019-11-19,2019111901003894,PCBL,39,8,249,274.00,"68,226.00"
2019-11-19,2019111901003893,PCBL,39,8,138,274.00,"37,812.00"
2019-11-19,2019111901003892,PCBL,39,14,200,274.00,"54,800.00"
2019-11-19,2019111901004187,PFL,57,56,39,135.00,"5,265.00"
2019-11-19,2019111901004143,PIC,17,33,225,350.00,"78,750.00"
2019-11-19,2019111901003796,PIC,17,38,11,350.00,"3,850.00"
2019-11-19,2019111901003770,PICL,6,49,100,401.00,"40,100.00"
2019-11-19,2019111901003769,PICL,6,49,30,401.00,"12,030.00"
2019-11-19,2019111901003768,PICL,42,49,30,402.00,"12,060.00"
2019-11-19,2019111901004207,PLIC,28,28,10,310.00,"3,100.00"
2019-11-19,2019111901003990,PLIC,19,58,10,304.00,"3,040.00"
2019-11-19,2019111901003867,PLIC,19,1,124,304.00,"37,696.00"
2019-11-19,2019111901003866,PLIC,57,1,50,304.00,"15,200.00"
2019-11-19,2019111901003860,PLIC,50,1,100,305.00,"30,500.00"
2019-11-19,2019111901003859,PLIC,39,1,100,305.00,"30,500.00"
2019-11-19,2019111901003858,PLIC,41,1,81,305.00,"24,705.00"
2019-11-19,2019111901003780,PLIC,41,52,19,305.00,"5,795.00"
2019-11-19,2019111901003786,PMHPL,58,38,10,84.00,840.00
2019-11-19,2019111901003763,PPCL,35,58,10,107.00,"1,070.00"
2019-11-19,2019111901004228,PRVU,4,25,118,229.00,"27,022.00"
2019-11-19,2019111901004210,PRVU,4,49,280,229.00,"64,120.00"
2019-11-19,2019111901004156,PRVU,4,5,407,228.00,"92,796.00"
2019-11-19,2019111901004155,PRVU,49,5,294,228.00,"67,032.00"
2019-11-19,2019111901004154,PRVU,11,5,150,228.00,"34,200.00"
2019-11-19,2019111901004153,PRVU,4,5,248,228.00,"56,544.00"
2019-11-19,2019111901003838,PRVU,32,5,401,229.00,"91,829.00"
2019-11-19,2019111901003794,PRVU,32,52,24,229.00,"5,496.00"
2019-11-19,2019111901003776,PRVU,32,46,75,229.00,"17,175.00"
2019-11-19,2019111901003902,RADHI,21,22,20,147.00,"2,940.00"
2019-11-19,2019111901003869,RBCL,59,28,10,"8,248.00","82,480.00"
2019-11-19,2019111901003921,RHPC,42,26,300,75.00,"22,500.00"
2019-11-19,2019111901003920,RHPC,42,26,100,75.00,"7,500.00"
2019-11-19,2019111901003919,RHPC,42,48,100,75.00,"7,500.00"
2019-11-19,2019111901003909,RHPC,42,43,"1,000",74.00,"74,000.00"
2019-11-19,2019111901003983,RHPL,55,14,140,163.00,"22,820.00"
2019-11-19,2019111901003982,RHPL,40,14,530,163.00,"86,390.00"
2019-11-19,2019111901003981,RHPL,59,14,500,163.00,"81,500.00"
2019-11-19,2019111901003980,RHPL,59,14,200,163.00,"32,600.00"
2019-11-19,2019111901003979,RHPL,54,14,230,163.00,"37,490.00"
2019-11-19,2019111901003875,RHPL,48,45,20,165.00,"3,300.00"
2019-11-19,2019111901003872,RHPL,54,41,40,163.00,"6,520.00"
2019-11-19,2019111901003868,RHPL,36,40,30,164.00,"4,920.00"
2019-11-19,2019111901003862,RHPL,36,47,30,164.00,"4,920.00"
2019-11-19,2019111901004184,RSDC,50,5,50,294.00,"14,700.00"
2019-11-19,2019111901004183,RSDC,54,5,16,294.00,"4,704.00"
2019-11-19,2019111901004190,SABSL,28,7,60,548.00,"32,880.00"
2019-11-19,2019111901004179,SABSL,14,21,100,549.00,"54,900.00"
2019-11-19,2019111901004178,SABSL,46,21,25,549.00,"13,725.00"
2019-11-19,2019111901004177,SABSL,45,21,30,549.00,"16,470.00"
2019-11-19,2019111901004176,SABSL,45,17,10,549.00,"5,490.00"
2019-11-19,2019111901004099,SABSL,45,5,50,549.00,"27,450.00"
2019-11-19,2019111901003798,SABSL,53,34,10,550.00,"5,500.00"
2019-11-19,2019111901003797,SABSL,53,34,10,550.00,"5,500.00"
2019-11-19,2019111901003774,SABSL,28,3,90,548.00,"49,320.00"
2019-11-19,2019111901004091,SABSL,19,45,30,550.00,"16,500.00"
2019-11-19,2019111901004031,SABSL,45,13,10,549.00,"5,490.00"
2019-11-19,2019111901003985,SABSL,28,58,10,548.00,"5,480.00"
2019-11-19,2019111901003903,SABSL,28,42,100,548.00,"54,800.00"
2019-11-19,2019111901003825,SABSL,28,39,190,548.00,"104,120.00"
2019-11-19,2019111901003824,SABSL,53,39,10,550.00,"5,500.00"
2019-11-19,2019111901004145,SADBL,46,59,100,138.00,"13,800.00"
2019-11-19,2019111901004047,SANIMA,49,33,96,306.00,"29,376.00"
2019-11-19,2019111901004226,SAPDBL,57,19,470,120.00,"56,400.00"
2019-11-19,2019111901004067,SAPDBL,57,16,130,120.00,"15,600.00"
2019-11-19,2019111901004232,SBL,44,14,115,283.00,"32,545.00"
2019-11-19,2019111901004231,SBL,45,14,100,283.00,"28,300.00"
2019-11-19,2019111901004230,SBL,21,14,200,283.00,"56,600.00"
2019-11-19,2019111901004229,SBL,46,14,85,283.00,"24,055.00"
2019-11-19,2019111901004113,SBL,40,3,225,284.00,"63,900.00"
2019-11-19,2019111901003960,SBL,43,3,75,284.00,"21,300.00"
2019-11-19,2019111901003959,SBL,43,14,225,284.00,"63,900.00"
2019-11-19,2019111901004211,SCB,41,26,40,548.00,"21,920.00"
2019-11-19,2019111901004116,SCB,41,4,400,548.00,"219,200.00"
2019-11-19,2019111901004093,SCB,41,4,500,548.00,"274,000.00"
2019-11-19,2019111901004017,SCB,40,4,100,548.00,"54,800.00"
2019-11-19,2019111901004016,SCB,33,4,50,548.00,"27,400.00"
2019-11-19,2019111901003810,SCB,52,4,100,548.00,"54,800.00"
2019-11-19,2019111901003803,SCB,59,4,20,550.00,"11,000.00"
2019-11-19,2019111901003802,SCB,58,4,20,550.00,"11,000.00"
2019-11-19,2019111901003801,SCB,29,4,30,550.00,"16,500.00"
2019-11-19,2019111901003809,SCB,35,4,30,548.00,"16,440.00"
2019-11-19,2019111901003808,SCB,35,4,200,548.00,"109,600.00"
2019-11-19,2019111901003807,SCB,6,4,84,548.00,"46,032.00"
2019-11-19,2019111901003806,SCB,33,4,49,549.00,"26,901.00"
2019-11-19,2019111901003805,SCB,33,4,109,549.00,"59,841.00"
2019-11-19,2019111901003804,SCB,29,4,100,549.00,"54,900.00"
2019-11-19,2019111901003850,SHINE,28,32,32,255.00,"8,160.00"
2019-11-19,2019111901004142,SHIVM,25,34,10,425.00,"4,250.00"
2019-11-19,2019111901004121,SHIVM,29,56,10,418.00,"4,180.00"
2019-11-19,2019111901004120,SHIVM,6,56,50,419.00,"20,950.00"
2019-11-19,2019111901004119,SHIVM,41,56,40,420.00,"16,800.00"
2019-11-19,2019111901004081,SHL,53,4,100,212.00,"21,200.00"
2019-11-19,2019111901003935,SHL,46,4,100,211.00,"21,100.00"
2019-11-19,2019111901003931,SHL,26,4,150,211.00,"31,650.00"
2019-11-19,2019111901003930,SHL,11,4,400,211.00,"84,400.00"
2019-11-19,2019111901003929,SHL,40,4,100,211.00,"21,100.00"
2019-11-19,2019111901003928,SHL,6,4,100,211.00,"21,100.00"
2019-11-19,2019111901003927,SHL,42,4,500,211.00,"105,500.00"
2019-11-19,2019111901003926,SHL,17,4,100,211.00,"21,100.00"
2019-11-19,2019111901003925,SHL,57,4,100,211.00,"21,100.00"
2019-11-19,2019111901003924,SHL,32,4,782,211.00,"165,002.00"
2019-11-19,2019111901003865,SHL,41,1,247,212.00,"52,364.00"
2019-11-19,2019111901003766,SHL,41,59,253,212.00,"53,636.00"
2019-11-19,2019111901004109,SHPC,8,6,562,185.00,"103,970.00"
2019-11-19,2019111901003969,SHPC,48,6,23,185.00,"4,255.00"
2019-11-19,2019111901003968,SHPC,42,6,50,185.00,"9,250.00"
2019-11-19,2019111901004059,SICL,39,16,12,737.00,"8,844.00"
2019-11-19,2019111901004058,SICL,39,16,65,737.00,"47,905.00"
2019-11-19,2019111901004057,SICL,50,16,50,738.00,"36,900.00"
2019-11-19,2019111901004052,SINDU,29,42,21,116.00,"2,436.00"
2019-11-19,2019111901004051,SINDU,39,42,200,116.00,"23,200.00"
2019-11-19,2019111901004050,SINDU,34,42,50,116.00,"5,800.00"
2019-11-19,2019111901004049,SINDU,47,42,130,118.00,"15,340.00"
2019-11-19,2019111901004048,SINDU,21,42,100,119.00,"11,900.00"
2019-11-19,2019111901004202,SJCL,45,56,10,157.00,"1,570.00"
2019-11-19,2019111901003870,SJCL,45,47,20,157.00,"3,140.00"
2019-11-19,2019111901003964,SJCL,13,14,50,158.00,"7,900.00"
2019-11-19,2019111901003901,SJCL,45,40,20,157.00,"3,140.00"
2019-11-19,2019111901003900,SJCL,48,14,20,158.00,"3,160.00"
2019-11-19,2019111901003886,SJCL,45,41,20,157.00,"3,140.00"
2019-11-19,2019111901003839,SKBBL,42,46,119,935.00,"111,265.00"
2019-11-19,2019111901004118,SLBBL,26,22,100,600.00,"60,000.00"
2019-11-19,2019111901004117,SLBBL,26,25,35,598.00,"20,930.00"
2019-11-19,2019111901004074,SLBBL,57,42,40,593.00,"23,720.00"
2019-11-19,2019111901004071,SLBBL,57,42,30,593.00,"17,790.00"
2019-11-19,2019111901004011,SLBBL,48,25,30,598.00,"17,940.00"
2019-11-19,2019111901004010,SLBBL,48,41,10,598.00,"5,980.00"
2019-11-19,2019111901004007,SLICL,54,16,23,256.00,"5,888.00"
2019-11-19,2019111901004073,SPARS,45,58,10,520.00,"5,200.00"
2019-11-19,2019111901004013,SPARS,45,13,10,520.00,"5,200.00"
2019-11-19,2019111901003777,SPDL,56,1,900,81.00,"72,900.00"
2019-11-19,2019111901004001,SRBL,38,34,100,213.00,"21,300.00"
2019-11-19,2019111901004175,SWBBL,38,43,100,935.00,"93,500.00"
2019-11-19,2019111901003890,TMDBL,40,38,65,143.00,"9,295.00"
2019-11-19,2019111901003889,TMDBL,14,38,38,143.00,"5,434.00"
2019-11-19,2019111901003888,TMDBL,48,38,200,143.00,"28,600.00"
2019-11-19,2019111901003887,TMDBL,39,38,313,144.00,"45,072.00"
2019-11-19,2019111901003840,TMDBL,39,52,26,144.00,"3,744.00"
2019-11-19,2019111901004015,UIC,28,42,20,234.00,"4,680.00"
2019-11-19,2019111901004014,UMHL,28,43,54,101.00,"5,454.00"
2019-11-19,2019111901004106,UPPER,25,58,10,227.00,"2,270.00"
2019-11-19,2019111901004105,UPPER,25,53,104,226.00,"23,504.00"
2019-11-19,2019111901004075,UPPER,48,53,19,226.00,"4,294.00"
2019-11-19,2019111901003787,UPPER,49,25,482,226.00,"108,932.00"
2019-11-19,2019111901004003,UPPER,25,35,100,226.00,"22,600.00"
2019-11-19,2019111901003922,UPPER,48,45,36,226.00,"8,136.00"
2019-11-19,2019111901003791,UPPER,49,45,130,226.00,"29,380.00"
2019-11-19,2019111901003790,UPPER,49,37,300,226.00,"67,800.00"
2019-11-19,2019111901003789,UPPER,49,17,50,226.00,"11,300.00"
2019-11-19,2019111901003788,UPPER,49,56,438,226.00,"98,988.00"
2019-11-19,2019111901004006,UPPER,25,58,20,227.00,"4,540.00"
2019-11-19,2019111901004005,UPPER,25,19,40,226.00,"9,040.00"
2019-11-19,2019111901004004,UPPER,25,19,50,226.00,"11,300.00"
2019-11-19,2019111901003942,VLBS,32,8,13,590.00,"7,670.00"
2019-11-19,2019111901003941,VLBS,32,29,30,583.00,"17,490.00"
2019-11-19,2019111901003940,VLBS,32,37,283,583.00,"164,989.00"
2019-11-19,2019111901003727,ADBL,28,32,18,416.00,"7,488.00"
2019-11-19,2019111901003599,ADBL,19,32,65,416.00,"27,040.00"
2019-11-19,2019111901003495,ADBL,49,49,"3,000",415.00,"1,245,000.00"
2019-11-19,2019111901003469,ADBL,19,22,50,416.00,"20,800.00"
2019-11-19,2019111901003314,ADBL,19,46,30,416.00,"12,480.00"
2019-11-19,2019111901003313,ADBL,19,5,55,416.00,"22,880.00"
2019-11-19,2019111901003286,ADBL,39,58,537,415.00,"222,855.00"
2019-11-19,2019111901003540,AKBSL,7,40,10,433.00,"4,330.00"
2019-11-19,2019111901003440,AKBSL,7,29,10,432.00,"4,320.00"
2019-11-19,2019111901003312,AKBSL,7,16,10,432.00,"4,320.00"
2019-11-19,2019111901003739,AKJCL,42,38,10,54.00,540.00
2019-11-19,2019111901003452,AKJCL,42,40,10,54.00,540.00
2019-11-19,2019111901003681,AKPL,29,38,800,121.00,"96,800.00"
2019-11-19,2019111901003680,AKPL,29,38,300,121.00,"36,300.00"
2019-11-19,2019111901003679,AKPL,51,38,200,121.00,"24,200.00"
2019-11-19,2019111901003678,AKPL,37,38,188,121.00,"22,748.00"
2019-11-19,2019111901003541,AKPL,37,38,100,122.00,"12,200.00"
2019-11-19,2019111901003723,ALBSL,16,38,10,399.00,"3,990.00"
2019-11-19,2019111901003248,ALBSL,16,58,10,399.00,"3,990.00"
2019-11-19,2019111901003447,ALICL,59,6,102,316.00,"32,232.00"
2019-11-19,2019111901003493,API,25,34,19,106.00,"2,014.00"
2019-11-19,2019111901003487,API,25,22,10,105.00,"1,050.00"
2019-11-19,2019111901003486,API,25,51,80,105.00,"8,400.00"
2019-11-19,2019111901003453,API,43,51,"1,200",105.00,"126,000.00"
2019-11-19,2019111901003445,API,42,25,38,104.00,"3,952.00"
2019-11-19,2019111901003444,API,38,25,50,104.00,"5,200.00"
2019-11-19,2019111901003443,API,28,25,100,104.00,"10,400.00"
2019-11-19,2019111901003442,API,17,25,"2,288",104.00,"237,952.00"
2019-11-19,2019111901003280,API,17,6,50,104.00,"5,200.00"
2019-11-19,2019111901003320,BNT,17,33,16,"6,250.00","100,000.00"
2019-11-19,2019111901003684,BOKL,4,4,26,216.00,"5,616.00"
2019-11-19,2019111901003683,BOKL,7,4,50,216.00,"10,800.00"
2019-11-19,2019111901003682,BOKL,1,4,462,216.00,"99,792.00"
2019-11-19,2019111901003426,BOKL,1,11,238,216.00,"51,408.00"
2019-11-19,2019111901003425,BOKL,57,11,262,216.00,"56,592.00"
2019-11-19,2019111901003337,BOKL,51,46,10,217.00,"2,170.00"
2019-11-19,2019111901003740,BPCL,21,34,50,347.00,"17,350.00"
2019-11-19,2019111901003579,BPCL,21,50,22,347.00,"7,634.00"
2019-11-19,2019111901003578,BPCL,6,50,472,348.00,"164,256.00"
2019-11-19,2019111901003567,BPCL,6,34,28,348.00,"9,744.00"
2019-11-19,2019111901003566,BPCL,42,34,10,348.00,"3,480.00"
2019-11-19,2019111901003565,BPCL,43,34,12,348.00,"4,176.00"
2019-11-19,2019111901003454,BPCL,36,40,11,349.00,"3,839.00"
2019-11-19,2019111901003318,BPCL,43,57,11,350.00,"3,850.00"
2019-11-19,2019111901003543,BPCL,43,40,10,348.00,"3,480.00"
2019-11-19,2019111901003463,BPCL,45,48,150,349.00,"52,350.00"
2019-11-19,2019111901003462,BPCL,16,48,28,349.00,"9,772.00"
2019-11-19,2019111901003461,BPCL,36,48,213,349.00,"74,337.00"
2019-11-19,2019111901003725,CBL,26,57,12,136.00,"1,632.00"
2019-11-19,2019111901003724,CBL,40,57,88,136.00,"11,968.00"
2019-11-19,2019111901003694,CBL,40,49,97,136.00,"13,192.00"
2019-11-19,2019111901003670,CBL,40,49,244,136.00,"33,184.00"
2019-11-19,2019111901003663,CBL,39,52,"1,000",137.00,"137,000.00"
2019-11-19,2019111901003651,CBL,40,49,73,136.00,"9,928.00"
2019-11-19,2019111901003258,CBL,14,52,30,137.00,"4,110.00"
2019-11-19,2019111901003646,CBL,40,16,248,136.00,"33,728.00"
2019-11-19,2019111901003645,CBL,39,16,200,136.00,"27,200.00"
2019-11-19,2019111901003644,CBL,51,16,552,136.00,"75,072.00"
2019-11-19,2019111901003639,CBL,51,52,48,136.00,"6,528.00"
2019-11-19,2019111901003418,CBL,51,49,20,136.00,"2,720.00"
2019-11-19,2019111901003332,CBL,13,52,50,137.00,"6,850.00"
2019-11-19,2019111901003700,CCBL,40,26,500,162.00,"81,000.00"
2019-11-19,2019111901003659,CCBL,32,16,164,161.00,"26,404.00"
2019-11-19,2019111901003658,CCBL,4,16,479,161.00,"77,119.00"
2019-11-19,2019111901003650,CCBL,4,52,24,161.00,"3,864.00"
2019-11-19,2019111901003474,CCBL,4,22,120,161.00,"19,320.00"
2019-11-19,2019111901003351,CCBL,4,22,15,161.00,"2,415.00"
2019-11-19,2019111901003588,CFCL,32,45,30,111.00,"3,330.00"
2019-11-19,2019111901003587,CFCL,57,45,100,111.00,"11,100.00"
2019-11-19,2019111901003586,CFCL,59,45,500,111.00,"55,500.00"
2019-11-19,2019111901003585,CFCL,59,45,220,111.00,"24,420.00"
2019-11-19,2019111901003584,CFCL,43,45,390,112.00,"43,680.00"
2019-11-19,2019111901003297,CHCL,45,28,100,353.00,"35,300.00"
2019-11-19,2019111901003279,CHCL,45,7,240,352.00,"84,480.00"
2019-11-19,2019111901003278,CHCL,45,8,56,351.00,"19,656.00"
2019-11-19,2019111901003509,CZBIL,8,4,500,186.00,"93,000.00"
2019-11-19,2019111901003357,CZBIL,38,39,294,186.00,"54,684.00"
2019-11-19,2019111901003316,CZBIL,41,4,20,186.00,"3,720.00"
2019-11-19,2019111901003315,CZBIL,41,49,80,186.00,"14,880.00"
2019-11-19,2019111901003295,CZBIL,41,4,50,186.00,"9,300.00"
2019-11-19,2019111901003603,DDBL,45,7,100,735.00,"73,500.00"
2019-11-19,2019111901003525,EBL,6,16,41,551.00,"22,591.00"
2019-11-19,2019111901003406,EBL,58,11,10,554.00,"5,540.00"
2019-11-19,2019111901003400,EBL,6,14,96,551.00,"52,896.00"
2019-11-19,2019111901003669,EDBL,52,56,30,269.00,"8,070.00"
2019-11-19,2019111901003468,EIC,54,18,65,212.00,"13,780.00"
2019-11-19,2019111901003467,EIC,37,18,75,213.00,"15,975.00"
2019-11-19,2019111901003333,EIC,32,18,10,215.00,"2,150.00"
2019-11-19,2019111901003577,FMDBL,58,53,200,303.00,"60,600.00"
2019-11-19,2019111901003446,FMDBL,59,19,353,302.00,"106,606.00"
2019-11-19,2019111901003415,FMDBL,59,19,300,302.00,"90,600.00"
2019-11-19,2019111901003414,FMDBL,21,19,200,302.00,"60,400.00"
2019-11-19,2019111901003413,FMDBL,59,19,150,302.00,"45,300.00"
2019-11-19,2019111901003412,FMDBL,44,19,50,302.00,"15,100.00"
2019-11-19,2019111901003411,FMDBL,44,19,500,302.00,"151,000.00"
2019-11-19,2019111901003410,FMDBL,59,19,150,302.00,"45,300.00"
2019-11-19,2019111901003409,FMDBL,41,19,155,302.00,"46,810.00"
2019-11-19,2019111901003627,FOWAD,33,57,10,"1,324.00","13,240.00"
2019-11-19,2019111901003743,GBBL,22,32,57,225.00,"12,825.00"
2019-11-19,2019111901003742,GBBL,49,32,43,225.00,"9,675.00"
2019-11-19,2019111901003250,GBBL,49,58,957,225.00,"215,325.00"
2019-11-19,2019111901003249,GBBL,26,58,43,225.00,"9,675.00"
2019-11-19,2019111901003559,GBLBS,13,5,695,298.00,"207,110.00"
2019-11-19,2019111901003323,GBLBS,14,42,60,296.00,"17,760.00"
2019-11-19,2019111901003322,GBLBS,29,42,20,296.00,"5,920.00"
2019-11-19,2019111901003321,GBLBS,42,42,20,297.00,"5,940.00"
2019-11-19,2019111901003419,GFCL,5,59,75,133.00,"9,975.00"
2019-11-19,2019111901003303,GFCL,5,22,125,133.00,"16,625.00"
2019-11-19,2019111901003302,GFCL,44,22,130,133.00,"17,290.00"
2019-11-19,2019111901003301,GFCL,34,22,10,133.00,"1,330.00"
2019-11-19,2019111901003545,GGBSL,58,26,10,524.00,"5,240.00"
2019-11-19,2019111901003511,GLBSL,10,25,20,408.00,"8,160.00"
2019-11-19,2019111901003510,GLBSL,10,50,30,404.00,"12,120.00"
2019-11-19,2019111901003502,GLBSL,10,46,10,402.00,"4,020.00"
2019-11-19,2019111901003501,GLBSL,10,21,20,400.00,"8,000.00"
2019-11-19,2019111901003500,GLBSL,10,36,10,398.00,"3,980.00"
2019-11-19,2019111901003499,GLBSL,10,33,10,396.00,"3,960.00"
2019-11-19,2019111901003634,GMFBS,40,43,140,492.00,"68,880.00"
2019-11-19,2019111901003629,GMFBS,10,43,90,495.00,"44,550.00"
2019-11-19,2019111901003628,GMFBS,10,40,10,495.00,"4,950.00"
2019-11-19,2019111901003488,GRDBL,57,43,500,101.00,"50,500.00"
2019-11-19,2019111901003405,GRDBL,41,43,300,101.00,"30,300.00"
2019-11-19,2019111901003611,HBL,41,33,50,482.00,"24,100.00"
2019-11-19,2019111901003610,HBL,53,33,20,483.00,"9,660.00"
2019-11-19,2019111901003564,HBL,53,18,10,483.00,"4,830.00"
2019-11-19,2019111901003524,HDL,45,58,10,"1,764.00","17,640.00"
2019-11-19,2019111901003512,HDL,56,48,20,"1,765.00","35,300.00"
2019-11-19,2019111901003384,HDL,7,58,10,"1,761.00","17,610.00"
2019-11-19,2019111901003383,HDL,51,58,80,"1,761.00","140,880.00"
2019-11-19,2019111901003382,HDL,42,58,30,"1,761.00","52,830.00"
2019-11-19,2019111901003381,HDL,19,58,30,"1,761.00","52,830.00"
2019-11-19,2019111901003380,HDL,34,58,30,"1,761.00","52,830.00"
2019-11-19,2019111901003379,HDL,51,58,20,"1,762.00","35,240.00"
2019-11-19,2019111901003647,HIDCL,1,19,50,131.00,"6,550.00"
2019-11-19,2019111901003641,HIDCL,58,19,200,132.00,"26,400.00"
2019-11-19,2019111901003369,HIDCL,5,29,541,132.00,"71,412.00"
2019-11-19,2019111901003328,HIDCL,50,29,459,132.00,"60,588.00"
2019-11-19,2019111901003327,HIDCL,50,48,100,132.00,"13,200.00"
2019-11-19,2019111901003326,HIDCL,50,29,441,132.00,"58,212.00"
2019-11-19,2019111901003604,HPPL,18,40,10,134.00,"1,340.00"
2019-11-19,2019111901003465,HPPL,18,40,10,134.00,"1,340.00"
2019-11-19,2019111901003741,HURJA,17,17,20,99.00,"1,980.00"
2019-11-19,2019111901003731,HURJA,17,17,20,99.00,"1,980.00"
2019-11-19,2019111901003695,HURJA,17,17,20,99.00,"1,980.00"
2019-11-19,2019111901003439,HURJA,49,16,20,99.00,"1,980.00"
2019-11-19,2019111901003438,HURJA,49,16,20,99.00,"1,980.00"
2019-11-19,2019111901003437,HURJA,49,16,20,99.00,"1,980.00"
2019-11-19,2019111901003436,HURJA,49,16,20,99.00,"1,980.00"
2019-11-19,2019111901003435,HURJA,49,16,20,99.00,"1,980.00"
2019-11-19,2019111901003734,ILBS,48,32,50,480.00,"24,000.00"
2019-11-19,2019111901003691,ILBS,58,6,42,482.00,"20,244.00"
2019-11-19,2019111901003690,ILBS,58,22,100,481.00,"48,100.00"
2019-11-19,2019111901003675,ILBS,48,21,20,480.00,"9,600.00"
2019-11-19,2019111901003674,ILBS,48,46,60,480.00,"28,800.00"
2019-11-19,2019111901003673,ILBS,48,38,10,480.00,"4,800.00"
2019-11-19,2019111901003614,ILBS,11,13,10,480.00,"4,800.00"
2019-11-19,2019111901003613,ILBS,11,58,10,479.00,"4,790.00"
2019-11-19,2019111901003612,ILBS,11,26,10,478.00,"4,780.00"
2019-11-19,2019111901003471,ILBS,58,40,10,477.00,"4,770.00"
2019-11-19,2019111901003251,ILBS,26,26,10,477.00,"4,770.00"
2019-11-19,2019111901003686,JBBL,1,52,30,160.00,"4,800.00"
2019-11-19,2019111901003558,JBBL,53,49,178,160.00,"28,480.00"
2019-11-19,2019111901003557,JBBL,28,49,"1,650",160.00,"264,000.00"
2019-11-19,2019111901003556,JBBL,26,49,400,160.00,"64,000.00"
2019-11-19,2019111901003555,JBBL,47,49,500,160.00,"80,000.00"
2019-11-19,2019111901003554,JBBL,17,49,"1,000",161.00,"161,000.00"
2019-11-19,2019111901003553,JBBL,6,49,15,161.00,"2,415.00"
2019-11-19,2019111901003552,JBBL,36,49,500,161.00,"80,500.00"
2019-11-19,2019111901003551,JBBL,42,49,20,161.00,"3,220.00"
2019-11-19,2019111901003550,JBBL,46,49,737,161.00,"118,657.00"
2019-11-19,2019111901003421,JFL,17,46,122,192.00,"23,424.00"
2019-11-19,2019111901003429,JSLBB,51,43,14,"1,185.00","16,590.00"
2019-11-19,2019111901003728,KBL,58,50,200,178.00,"35,600.00"
2019-11-19,2019111901003668,KBL,58,55,334,178.00,"59,452.00"
2019-11-19,2019111901003667,KBL,7,55,50,178.00,"8,900.00"
2019-11-19,2019111901003666,KBL,1,55,616,178.00,"109,648.00"
2019-11-19,2019111901003664,KBL,1,46,83,178.00,"14,774.00"
2019-11-19,2019111901003532,KBL,1,16,276,178.00,"49,128.00"
2019-11-19,2019111901003535,LBBL,35,57,30,170.00,"5,100.00"
2019-11-19,2019111901003534,LBBL,17,57,116,170.00,"19,720.00"
2019-11-19,2019111901003576,LBL,33,8,50,217.00,"10,850.00"
2019-11-19,2019111901003519,LLBS,11,18,60,688.00,"41,280.00"
2019-11-19,2019111901003631,MEGA,22,32,30,184.00,"5,520.00"
2019-11-19,2019111901003630,MEGA,11,32,254,184.00,"46,736.00"
2019-11-19,2019111901003539,MEGA,21,38,10,185.00,"1,850.00"
2019-11-19,2019111901003523,MEGA,11,42,146,184.00,"26,864.00"
2019-11-19,2019111901003522,MEGA,49,42,154,184.00,"28,336.00"
2019-11-19,2019111901003583,MERO,43,21,10,424.00,"4,240.00"
2019-11-19,2019111901003506,MERO,43,21,10,424.00,"4,240.00"
2019-11-19,2019111901003457,MERO,43,51,50,424.00,"21,200.00"
2019-11-19,2019111901003456,MERO,53,51,50,424.00,"21,200.00"
2019-11-19,2019111901003395,MERO,19,50,120,425.00,"51,000.00"
2019-11-19,2019111901003643,MFIL,43,21,122,126.00,"15,372.00"
2019-11-19,2019111901003642,MFIL,43,19,950,126.00,"119,700.00"
2019-11-19,2019111901003582,MHNL,16,49,30,77.00,"2,310.00"
2019-11-19,2019111901003722,MLBL,59,52,11,177.00,"1,947.00"
2019-11-19,2019111901003574,MNBBL,18,38,500,316.00,"158,000.00"
2019-11-19,2019111901003573,MNBBL,11,38,300,316.00,"94,800.00"
2019-11-19,2019111901003572,MNBBL,43,38,41,316.00,"12,956.00"
2019-11-19,2019111901003571,MNBBL,26,38,200,316.00,"63,200.00"
2019-11-19,2019111901003570,MNBBL,19,38,939,317.00,"297,663.00"
2019-11-19,2019111901003569,MNBBL,22,38,30,317.00,"9,510.00"
2019-11-19,2019111901003568,MNBBL,32,38,50,317.00,"15,850.00"
2019-11-19,2019111901003696,MNBBLP,58,49,"75,000",181.00,"13,575,000.00"
2019-11-19,2019111901003636,NABIL,58,49,100,752.00,"75,200.00"
2019-11-19,2019111901003394,NABIL,41,47,57,753.00,"42,921.00"
2019-11-19,2019111901003393,NABIL,41,47,213,753.00,"160,389.00"
2019-11-19,2019111901003392,NABIL,41,51,112,753.00,"84,336.00"
2019-11-19,2019111901003391,NABIL,41,47,100,753.00,"75,300.00"
2019-11-19,2019111901003390,NABIL,41,47,100,753.00,"75,300.00"
2019-11-19,2019111901003319,NABIL,26,47,50,754.00,"37,700.00"
2019-11-19,2019111901003311,NABIL,26,47,150,754.00,"113,100.00"
2019-11-19,2019111901003310,NABIL,47,47,250,754.00,"188,500.00"
2019-11-19,2019111901003308,NABIL,47,19,100,754.00,"75,400.00"
2019-11-19,2019111901003264,NABIL,22,47,"1,000",754.00,"754,000.00"
2019-11-19,2019111901003263,NABIL,41,47,354,754.00,"266,916.00"
2019-11-19,2019111901003389,NABIL,41,47,118,753.00,"88,854.00"
2019-11-19,2019111901003388,NABIL,41,47,300,753.00,"225,900.00"
2019-11-19,2019111901003374,NABIL,58,42,20,752.00,"15,040.00"
2019-11-19,2019111901003336,NABIL,32,47,100,753.00,"75,300.00"
2019-11-19,2019111901003331,NABIL,32,47,400,753.00,"301,200.00"
2019-11-19,2019111901003330,NABIL,52,47,100,753.00,"75,300.00"
2019-11-19,2019111901003738,NBB,34,26,71,204.00,"14,484.00"
2019-11-19,2019111901003737,NBB,7,26,579,205.00,"118,695.00"
2019-11-19,2019111901003626,NBB,7,28,121,205.00,"24,805.00"
2019-11-19,2019111901003544,NBL,57,47,50,318.00,"15,900.00"
2019-11-19,2019111901003533,NBL,56,47,13,318.00,"4,134.00"
2019-11-19,2019111901003494,NBL,29,47,50,318.00,"15,900.00"
2019-11-19,2019111901003460,NBL,14,47,40,318.00,"12,720.00"
2019-11-19,2019111901003428,NBL,39,47,300,318.00,"95,400.00"
2019-11-19,2019111901003398,NBL,16,32,"1,000",318.00,"318,000.00"
2019-11-19,2019111901003340,NBL,33,19,375,318.00,"119,250.00"
2019-11-19,2019111901003339,NBL,19,19,25,318.00,"7,950.00"
2019-11-19,2019111901003309,NBL,5,14,200,318.00,"63,600.00"
2019-11-19,2019111901003397,NBL,16,32,"1,000",318.00,"318,000.00"
2019-11-19,2019111901003396,NBL,16,41,300,318.00,"95,400.00"
2019-11-19,2019111901003360,NBL,5,47,200,318.00,"63,600.00"
2019-11-19,2019111901003359,NBL,21,47,100,318.00,"31,800.00"
2019-11-19,2019111901003358,NBL,33,47,125,318.00,"39,750.00"
2019-11-19,2019111901003348,NBL,14,34,100,319.00,"31,900.00"
2019-11-19,2019111901003417,NCCB,34,43,700,200.00,"140,000.00"
2019-11-19,2019111901003363,NCCB,34,43,"1,000",200.00,"200,000.00"
2019-11-19,2019111901003353,NCCB,34,43,243,200.00,"48,600.00"
2019-11-19,2019111901003352,NCCB,37,43,757,200.00,"151,400.00"
2019-11-19,2019111901003350,NCCB,37,43,"1,000",200.00,"200,000.00"
2019-11-19,2019111901003640,NHDL,22,56,10,103.00,"1,030.00"
2019-11-19,2019111901003598,NHPC,38,52,140,52.00,"7,280.00"
2019-11-19,2019111901003560,NHPC,38,21,30,52.00,"1,560.00"
2019-11-19,2019111901003521,NIB,32,40,59,423.00,"24,957.00"
2019-11-19,2019111901003520,NIB,32,40,77,423.00,"32,571.00"
2019-11-19,2019111901003515,NIB,32,39,52,423.00,"21,996.00"
2019-11-19,2019111901003514,NIB,32,39,71,423.00,"30,033.00"
2019-11-19,2019111901003253,NIB,26,39,20,423.00,"8,460.00"
2019-11-19,2019111901003621,NIBPO,11,28,150,384.00,"57,600.00"
2019-11-19,2019111901003305,NIBPO,36,14,301,383.00,"115,283.00"
2019-11-19,2019111901003300,NIBPO,11,14,100,383.00,"38,300.00"
2019-11-19,2019111901003296,NIBPO,26,14,100,383.00,"38,300.00"
2019-11-19,2019111901003735,NICA,28,38,24,411.00,"9,864.00"
2019-11-19,2019111901003256,NICA,36,48,15,412.00,"6,180.00"
2019-11-19,2019111901003255,NICA,36,58,10,411.00,"4,110.00"
2019-11-19,2019111901003254,NICA,36,43,240,410.00,"98,400.00"
2019-11-19,2019111901003563,NICL,21,25,10,255.00,"2,550.00"
2019-11-19,2019111901003689,NIL,49,55,719,375.00,"269,625.00"
2019-11-19,2019111901003688,NIL,49,55,181,375.00,"67,875.00"
2019-11-19,2019111901003687,NIL,45,55,100,376.00,"37,600.00"
2019-11-19,2019111901003732,NLBBL,53,5,50,506.00,"25,300.00"
2019-11-19,2019111901003484,NLG,44,16,60,520.00,"31,200.00"
2019-11-19,2019111901003483,NLG,41,16,100,525.00,"52,500.00"
2019-11-19,2019111901003692,NLIC,8,53,35,790.00,"27,650.00"
2019-11-19,2019111901003676,NLIC,8,8,100,790.00,"79,000.00"
2019-11-19,2019111901003649,NLIC,8,29,340,790.00,"268,600.00"
2019-11-19,2019111901003648,NLIC,38,29,60,790.00,"47,400.00"
2019-11-19,2019111901003601,NLIC,5,45,50,791.00,"39,550.00"
2019-11-19,2019111901003547,NLIC,17,55,15,792.00,"11,880.00"
2019-11-19,2019111901003538,NLIC,21,55,53,792.00,"41,976.00"
2019-11-19,2019111901003527,NLIC,5,21,16,791.00,"12,656.00"
2019-11-19,2019111901003526,NLIC,40,21,70,791.00,"55,370.00"
2019-11-19,2019111901003307,NLIC,6,55,116,792.00,"91,872.00"
2019-11-19,2019111901003306,NLIC,6,57,84,792.00,"66,528.00"
2019-11-19,2019111901003693,NLICL,29,56,465,425.00,"197,625.00"
2019-11-19,2019111901003638,NLICL,29,39,22,425.00,"9,350.00"
2019-11-19,2019111901003637,NLICL,29,34,213,424.00,"90,312.00"
2019-11-19,2019111901003624,NLICL,5,34,50,424.00,"21,200.00"
2019-11-19,2019111901003606,NLICL,50,34,100,424.00,"42,400.00"
2019-11-19,2019111901003605,NLICL,50,34,100,423.00,"42,300.00"
2019-11-19,2019111901003747,NMB,1,49,500,385.00,"192,500.00"
2019-11-19,2019111901003746,NMB,32,49,140,385.00,"53,900.00"
2019-11-19,2019111901003745,NMB,40,49,300,385.00,"115,500.00"
2019-11-19,2019111901003744,NMB,36,49,15,385.00,"5,775.00"
2019-11-19,2019111901003719,NMB,36,35,85,385.00,"32,725.00"
2019-11-19,2019111901003718,NMB,34,35,230,385.00,"88,550.00"
2019-11-19,2019111901003341,NMB,54,32,140,385.00,"53,900.00"
2019-11-19,2019111901003338,NMB,54,50,800,385.00,"308,000.00"
2019-11-19,2019111901003293,NMB,17,32,170,386.00,"65,620.00"
2019-11-19,2019111901003291,NMB,38,32,10,386.00,"3,860.00"
2019-11-19,2019111901003285,NMB,47,32,140,386.00,"54,040.00"
2019-11-19,2019111901003386,NMB,54,40,200,385.00,"77,000.00"
2019-11-19,2019111901003376,NMB,54,28,"1,000",385.00,"385,000.00"
2019-11-19,2019111901003371,NMB,42,32,20,386.00,"7,720.00"
2019-11-19,2019111901003365,NMB,21,32,31,386.00,"11,966.00"
2019-11-19,2019111901003361,NMB,54,53,"2,000",385.00,"770,000.00"
2019-11-19,2019111901003347,NMB,33,32,25,386.00,"9,650.00"
2019-11-19,2019111901003530,NMB,34,59,183,385.00,"70,455.00"
2019-11-19,2019111901003529,NMB,38,59,200,385.00,"77,000.00"
2019-11-19,2019111901003528,NMB,54,59,152,385.00,"58,520.00"
2019-11-19,2019111901003505,NMB,54,6,200,385.00,"77,000.00"
2019-11-19,2019111901003422,NMB,54,29,145,385.00,"55,825.00"
2019-11-19,2019111901003401,NMB,44,32,100,386.00,"38,600.00"
2019-11-19,2019111901003677,NMB,34,35,141,385.00,"54,285.00"
2019-11-19,2019111901003609,NMB,1,32,40,386.00,"15,440.00"
2019-11-19,2019111901003581,NMB,34,32,100,386.00,"38,600.00"
2019-11-19,2019111901003575,NMB,34,43,550,385.00,"211,750.00"
2019-11-19,2019111901003537,NMB,34,25,180,385.00,"69,300.00"
2019-11-19,2019111901003536,NMB,34,53,"2,000",385.00,"770,000.00"
2019-11-19,2019111901003705,NMB,39,35,90,385.00,"34,650.00"
2019-11-19,2019111901003704,NMB,39,35,100,385.00,"38,500.00"
2019-11-19,2019111901003703,NMB,55,35,30,385.00,"11,550.00"
2019-11-19,2019111901003702,NMB,58,35,300,385.00,"115,500.00"
2019-11-19,2019111901003701,NMB,34,35,"1,741",385.00,"670,285.00"
2019-11-19,2019111901003699,NMB,34,40,205,385.00,"78,925.00"
2019-11-19,2019111901003711,NMB,39,35,50,385.00,"19,250.00"
2019-11-19,2019111901003710,NMB,39,35,100,385.00,"38,500.00"
2019-11-19,2019111901003709,NMB,39,35,100,385.00,"38,500.00"
2019-11-19,2019111901003708,NMB,42,35,"1,000",385.00,"385,000.00"
2019-11-19,2019111901003707,NMB,39,35,150,385.00,"57,750.00"
2019-11-19,2019111901003706,NMB,39,35,50,385.00,"19,250.00"
2019-11-19,2019111901003717,NMB,28,35,200,385.00,"77,000.00"
2019-11-19,2019111901003716,NMB,16,35,24,385.00,"9,240.00"
2019-11-19,2019111901003715,NMB,28,35,50,385.00,"19,250.00"
2019-11-19,2019111901003714,NMB,45,35,100,385.00,"38,500.00"
2019-11-19,2019111901003713,NMB,33,35,400,385.00,"154,000.00"
2019-11-19,2019111901003712,NMB,39,35,200,385.00,"77,000.00"
2019-11-19,2019111901003562,NMBMF,14,37,162,485.00,"78,570.00"
2019-11-19,2019111901003561,NMBMF,53,37,50,486.00,"24,300.00"
2019-11-19,2019111901003660,NMBPO,49,58,"32,500",205.00,"6,662,500.00"
2019-11-19,2019111901003635,NMBPO,49,58,"32,500",205.00,"6,662,500.00"
2019-11-19,2019111901003615,NMBPO,49,58,"35,000",204.00,"7,140,000.00"
2019-11-19,2019111901003597,NMFBS,36,8,50,"1,715.00","85,750.00"
2019-11-19,2019111901003657,NNLB,37,38,85,460.00,"39,100.00"
2019-11-19,2019111901003580,NSEWA,38,47,10,382.00,"3,820.00"
2019-11-19,2019111901003542,PCBL,4,16,29,273.00,"7,917.00"
2019-11-19,2019111901003489,PCBL,4,22,70,273.00,"19,110.00"
2019-11-19,2019111901003375,PCBL,58,34,375,274.00,"102,750.00"
2019-11-19,2019111901003403,PFL,53,47,11,136.00,"1,496.00"
2019-11-19,2019111901003402,PFL,53,57,39,136.00,"5,304.00"
2019-11-19,2019111901003730,PIC,17,1,59,350.00,"20,650.00"
2019-11-19,2019111901003729,PIC,16,1,34,351.00,"11,934.00"
2019-11-19,2019111901003608,PIC,16,32,16,351.00,"5,616.00"
2019-11-19,2019111901003607,PIC,19,32,14,351.00,"4,914.00"
2019-11-19,2019111901003491,PIC,19,18,66,351.00,"23,166.00"
2019-11-19,2019111901003490,PIC,39,18,10,353.00,"3,530.00"
2019-11-19,2019111901003518,PICL,6,14,70,409.00,"28,630.00"
2019-11-19,2019111901003517,PICL,6,7,50,408.00,"20,400.00"
2019-11-19,2019111901003485,PMHPL,58,40,10,84.00,840.00
2019-11-19,2019111901003733,PPCL,35,49,10,106.00,"1,060.00"
2019-11-19,2019111901003304,PPCL,22,32,30,104.00,"3,120.00"
2019-11-19,2019111901003672,PRVU,22,46,925,229.00,"211,825.00"
2019-11-19,2019111901003616,PRVU,4,19,137,229.00,"31,373.00"
2019-11-19,2019111901003508,PRVU,22,5,"1,000",229.00,"229,000.00"
2019-11-19,2019111901003324,PRVU,4,51,"8,457",229.00,"1,936,653.00"
2019-11-19,2019111901003294,PRVU,4,51,"4,900",229.00,"1,122,100.00"
2019-11-19,2019111901003287,PRVU,1,51,100,229.00,"22,900.00"
2019-11-19,2019111901003589,RBCL,45,28,10,"8,248.00","82,480.00"
2019-11-19,2019111901003671,RHPL,36,38,40,164.00,"6,560.00"
2019-11-19,2019111901003617,RHPL,54,40,20,163.00,"3,260.00"
2019-11-19,2019111901003496,RHPL,54,40,20,163.00,"3,260.00"
2019-11-19,2019111901003459,RHPL,35,35,10,164.00,"1,640.00"
2019-11-19,2019111901003458,RHPL,35,35,10,164.00,"1,640.00"
2019-11-19,2019111901003449,RHPL,54,16,30,163.00,"4,890.00"
2019-11-19,2019111901003267,RHPL,34,14,50,164.00,"8,200.00"
2019-11-19,2019111901003266,RHPL,34,14,50,164.00,"8,200.00"
2019-11-19,2019111901003265,RHPL,34,37,170,164.00,"27,880.00"
2019-11-19,2019111901003273,RHPL,34,14,40,164.00,"6,560.00"
2019-11-19,2019111901003272,RHPL,34,14,40,164.00,"6,560.00"
2019-11-19,2019111901003271,RHPL,34,49,10,164.00,"1,640.00"
2019-11-19,2019111901003270,RHPL,34,4,10,164.00,"1,640.00"
2019-11-19,2019111901003269,RHPL,34,49,10,164.00,"1,640.00"
2019-11-19,2019111901003268,RHPL,34,4,10,164.00,"1,640.00"
2019-11-19,2019111901003408,RHPL,54,16,30,163.00,"4,890.00"
2019-11-19,2019111901003387,RHPL,54,16,30,163.00,"4,890.00"
2019-11-19,2019111901003372,RHPL,54,16,20,163.00,"3,260.00"
2019-11-19,2019111901003356,RHPL,54,16,30,163.00,"4,890.00"
2019-11-19,2019111901003329,RHPL,35,16,10,164.00,"1,640.00"
2019-11-19,2019111901003274,RHPL,34,14,40,164.00,"6,560.00"
2019-11-19,2019111901003441,RHPL,54,42,10,163.00,"1,630.00"
2019-11-19,2019111901003433,RHPL,35,35,10,164.00,"1,640.00"
2019-11-19,2019111901003432,RHPL,35,35,10,164.00,"1,640.00"
2019-11-19,2019111901003431,RHPL,35,35,10,164.00,"1,640.00"
2019-11-19,2019111901003430,RHPL,35,43,30,164.00,"4,920.00"
2019-11-19,2019111901003427,RHPL,54,29,30,163.00,"4,890.00"
2019-11-19,2019111901003620,RRHP,47,40,10,98.00,980.00
2019-11-19,2019111901003736,SABSL,28,42,10,548.00,"5,480.00"
2019-11-19,2019111901003726,SABSL,28,42,10,548.00,"5,480.00"
2019-11-19,2019111901003721,SABSL,28,42,10,548.00,"5,480.00"
2019-11-19,2019111901003665,SABSL,19,45,40,550.00,"22,000.00"
2019-11-19,2019111901003662,SABSL,19,26,10,550.00,"5,500.00"
2019-11-19,2019111901003656,SABSL,19,26,10,550.00,"5,500.00"
2019-11-19,2019111901003276,SABSL,11,40,10,549.00,"5,490.00"
2019-11-19,2019111901003262,SABSL,1,5,60,551.00,"33,060.00"
2019-11-19,2019111901003261,SABSL,1,58,10,551.00,"5,510.00"
2019-11-19,2019111901003260,SABSL,1,45,10,550.00,"5,500.00"
2019-11-19,2019111901003259,SABSL,11,40,10,549.00,"5,490.00"
2019-11-19,2019111901003448,SABSL,28,29,10,548.00,"5,480.00"
2019-11-19,2019111901003416,SABSL,5,16,10,549.00,"5,490.00"
2019-11-19,2019111901003364,SABSL,1,16,10,549.00,"5,490.00"
2019-11-19,2019111901003362,SABSL,1,55,10,549.00,"5,490.00"
2019-11-19,2019111901003355,SABSL,11,55,10,549.00,"5,490.00"
2019-11-19,2019111901003349,SABSL,11,55,10,549.00,"5,490.00"
2019-11-19,2019111901003655,SABSL,19,26,10,550.00,"5,500.00"
2019-11-19,2019111901003654,SABSL,19,26,10,550.00,"5,500.00"
2019-11-19,2019111901003653,SABSL,19,38,10,550.00,"5,500.00"
2019-11-19,2019111901003652,SABSL,19,58,10,550.00,"5,500.00"
2019-11-19,2019111901003531,SABSL,41,21,10,550.00,"5,500.00"
2019-11-19,2019111901003464,SABSL,28,16,10,548.00,"5,480.00"
2019-11-19,2019111901003346,SADBL,8,34,300,138.00,"41,400.00"
2019-11-19,2019111901003345,SADBL,8,33,200,138.00,"27,600.00"
2019-11-19,2019111901003344,SADBL,8,48,11,138.00,"1,518.00"
2019-11-19,2019111901003343,SADBL,8,39,13,138.00,"1,794.00"
2019-11-19,2019111901003623,SAEF,45,39,300,8.65,"2,595.00"
2019-11-19,2019111901003596,SANIMA,52,6,56,307.00,"17,192.00"
2019-11-19,2019111901003503,SANIMA,52,16,44,307.00,"13,508.00"
2019-11-19,2019111901003378,SBI,6,56,972,389.00,"378,108.00"
2019-11-19,2019111901003377,SBI,44,56,28,389.00,"10,892.00"
2019-11-19,2019111901003504,SBL,22,14,"1,075",284.00,"305,300.00"
2019-11-19,2019111901003475,SBL,22,14,851,284.00,"241,684.00"
2019-11-19,2019111901003370,SBL,46,42,10,283.00,"2,830.00"
2019-11-19,2019111901003661,SCB,29,41,20,550.00,"11,000.00"
2019-11-19,2019111901003373,SCB,41,21,10,549.00,"5,490.00"
2019-11-19,2019111901003354,SCB,14,4,100,550.00,"55,000.00"
2019-11-19,2019111901003549,SFFIL,59,45,215,170.00,"36,550.00"
2019-11-19,2019111901003548,SFFIL,29,45,640,170.00,"108,800.00"
2019-11-19,2019111901003424,SFFIL,29,48,360,170.00,"61,200.00"
2019-11-19,2019111901003423,SFFIL,14,48,30,171.00,"5,130.00"
2019-11-19,2019111901003697,SHIVM,41,29,10,420.00,"4,200.00"
2019-11-19,2019111901003325,SHIVM,16,32,500,420.00,"210,000.00"
2019-11-19,2019111901003619,SHL,44,25,500,213.00,"106,500.00"
2019-11-19,2019111901003618,SHL,44,44,100,213.00,"21,300.00"
2019-11-19,2019111901003595,SHL,35,58,500,212.00,"106,000.00"
2019-11-19,2019111901003594,SHL,46,58,300,212.00,"63,600.00"
2019-11-19,2019111901003593,SHL,21,58,"1,200",212.00,"254,400.00"
2019-11-19,2019111901003592,SHL,6,58,100,212.00,"21,200.00"
2019-11-19,2019111901003591,SHL,40,58,220,212.00,"46,640.00"
2019-11-19,2019111901003492,SHL,51,44,100,213.00,"21,300.00"
2019-11-19,2019111901003317,SHL,39,44,200,213.00,"42,600.00"
2019-11-19,2019111901003451,SHPC,17,19,473,184.00,"87,032.00"
2019-11-19,2019111901003450,SHPC,35,19,393,184.00,"72,312.00"
2019-11-19,2019111901003334,SHPC,6,6,100,185.00,"18,500.00"
2019-11-19,2019111901003299,SHPC,56,6,100,185.00,"18,500.00"
2019-11-19,2019111901003277,SHPC,43,6,50,185.00,"9,250.00"
2019-11-19,2019111901003290,SINDU,29,33,300,118.00,"35,400.00"
2019-11-19,2019111901003289,SINDU,39,33,100,118.00,"11,800.00"
2019-11-19,2019111901003288,SINDU,34,33,100,118.00,"11,800.00"
2019-11-19,2019111901003685,SJCL,45,38,20,157.00,"3,140.00"
2019-11-19,2019111901003633,SJCL,45,19,120,157.00,"18,840.00"
2019-11-19,2019111901003632,SJCL,42,19,80,157.00,"12,560.00"
2019-11-19,2019111901003622,SJCL,45,40,10,157.00,"1,570.00"
2019-11-19,2019111901003275,SJCL,57,59,10,157.00,"1,570.00"
2019-11-19,2019111901003257,SJCL,57,59,10,157.00,"1,570.00"
2019-11-19,2019111901003252,SJCL,57,59,10,157.00,"1,570.00"
2019-11-19,2019111901003399,SJCL,45,16,20,157.00,"3,140.00"
2019-11-19,2019111901003335,SJCL,45,16,20,157.00,"3,140.00"
2019-11-19,2019111901003298,SJCL,57,59,10,157.00,"1,570.00"
2019-11-19,2019111901003292,SJCL,57,59,10,157.00,"1,570.00"
2019-11-19,2019111901003282,SJCL,57,59,10,157.00,"1,570.00"
2019-11-19,2019111901003281,SJCL,57,59,10,157.00,"1,570.00"
2019-11-19,2019111901003473,SJCL,45,51,20,157.00,"3,140.00"
2019-11-19,2019111901003472,SJCL,21,34,50,158.00,"7,900.00"
2019-11-19,2019111901003470,SJCL,45,16,20,157.00,"3,140.00"
2019-11-19,2019111901003434,SJCL,45,42,10,157.00,"1,570.00"
2019-11-19,2019111901003420,SJCL,45,16,20,157.00,"3,140.00"
2019-11-19,2019111901003404,SJCL,45,43,20,157.00,"3,140.00"
2019-11-19,2019111901003481,SJCL,45,14,20,158.00,"3,160.00"
2019-11-19,2019111901003480,SJCL,45,19,10,158.00,"1,580.00"
2019-11-19,2019111901003479,SJCL,45,19,20,158.00,"3,160.00"
2019-11-19,2019111901003478,SJCL,45,21,10,158.00,"1,580.00"
2019-11-19,2019111901003477,SJCL,45,21,10,158.00,"1,580.00"
2019-11-19,2019111901003476,SJCL,45,34,170,158.00,"26,860.00"
2019-11-19,2019111901003602,SJCL,36,14,100,158.00,"15,800.00"
2019-11-19,2019111901003498,SJCL,45,40,20,157.00,"3,140.00"
2019-11-19,2019111901003482,SJCL,45,14,10,158.00,"1,580.00"
2019-11-19,2019111901003342,SLICL,51,32,10,260.00,"2,600.00"
2019-11-19,2019111901003590,SPDL,29,1,100,81.00,"8,100.00"
2019-11-19,2019111901003625,SRBL,6,28,100,212.00,"21,200.00"
2019-11-19,2019111901003600,SRBL,56,34,41,213.00,"8,733.00"
2019-11-19,2019111901003516,SRBL,6,46,398,212.00,"84,376.00"
2019-11-19,2019111901003407,SRBL,50,7,101,212.00,"21,412.00"
2019-11-19,2019111901003368,SRBL,50,48,149,212.00,"31,588.00"
2019-11-19,2019111901003367,SRBL,34,48,200,212.00,"42,400.00"
2019-11-19,2019111901003366,SRBL,58,48,224,212.00,"47,488.00"
2019-11-19,2019111901003720,UMHL,28,22,10,101.00,"1,010.00"
2019-11-19,2019111901003385,UNHPL,32,55,100,56.00,"5,600.00"
2019-11-19,2019111901003284,UPCL,7,33,450,74.00,"33,300.00"
2019-11-19,2019111901003283,UPCL,7,49,50,74.00,"3,700.00"
2019-11-19,2019111901003698,UPPER,28,25,64,226.00,"14,464.00"
2019-11-19,2019111901003546,UPPER,1,25,250,226.00,"56,500.00"
2019-11-19,2019111901003513,UPPER,25,25,50,226.00,"11,300.00"
2019-11-19,2019111901003497,UPPER,55,22,50,225.00,"11,250.00"
2019-11-19,2019111901003466,UPPER,56,25,100,226.00,"22,600.00"
2019-11-19,2019111901003455,UPPER,25,25,24,226.00,"5,424.00"
2019-11-19,2019111901003507,VLBS,32,45,13,582.00,"7,566.00"
2019-11-19,2019111901003148,ADBL,39,55,"1,053",415.00,"436,995.00"
2019-11-19,2019111901003135,ADBL,39,33,"1,000",415.00,"415,000.00"
2019-11-19,2019111901003126,ADBL,49,50,"4,473",415.00,"1,856,295.00"
2019-11-19,2019111901003094,ADBL,39,51,"1,010",415.00,"419,150.00"
2019-11-19,2019111901002926,ADBL,39,33,937,415.00,"388,855.00"
2019-11-19,2019111901002925,ADBL,34,33,63,415.00,"26,145.00"
2019-11-19,2019111901002813,ADBL,49,5,78,416.00,"32,448.00"
2019-11-19,2019111901002812,ADBL,49,49,22,416.00,"9,152.00"
2019-11-19,2019111901003241,AKBSL,26,26,10,432.00,"4,320.00"
2019-11-19,2019111901003225,AKBSL,43,51,140,431.00,"60,340.00"
2019-11-19,2019111901003191,AKBSL,43,36,10,431.00,"4,310.00"
2019-11-19,2019111901003143,AKBSL,43,36,10,431.00,"4,310.00"
2019-11-19,2019111901003020,AKBSL,43,20,10,431.00,"4,310.00"
2019-11-19,2019111901003018,AKBSL,43,38,10,431.00,"4,310.00"
2019-11-19,2019111901003007,AKBSL,26,13,10,434.00,"4,340.00"
2019-11-19,2019111901002991,AKBSL,53,26,10,430.00,"4,300.00"
2019-11-19,2019111901003190,AKJCL,7,40,10,54.00,540.00
2019-11-19,2019111901002851,AKJCL,42,17,10,55.00,550.00
2019-11-19,2019111901003169,ALBSL,16,36,150,399.00,"59,850.00"
2019-11-19,2019111901003162,ALICL,28,45,287,316.00,"90,692.00"
2019-11-19,2019111901003068,ALICL,28,8,394,316.00,"124,504.00"
2019-11-19,2019111901002980,ALICL,28,33,10,316.00,"3,160.00"
2019-11-19,2019111901003194,API,17,8,10,104.00,"1,040.00"
2019-11-19,2019111901003035,API,56,51,100,105.00,"10,500.00"
2019-11-19,2019111901002908,API,50,51,500,105.00,"52,500.00"
2019-11-19,2019111901003204,BOKL,57,21,138,216.00,"29,808.00"
2019-11-19,2019111901003203,BOKL,59,21,20,216.00,"4,320.00"
2019-11-19,2019111901003132,BOKL,25,17,27,217.00,"5,859.00"
2019-11-19,2019111901002810,BOKL,40,17,50,217.00,"10,850.00"
2019-11-19,2019111901002976,BPCL,36,50,11,349.00,"3,839.00"
2019-11-19,2019111901002871,BPCL,36,40,22,349.00,"7,678.00"
2019-11-19,2019111901002772,BPCL,36,29,22,349.00,"7,678.00"
2019-11-19,2019111901002767,BPCL,36,29,22,349.00,"7,678.00"
2019-11-19,2019111901003239,CBBL,26,21,16,970.00,"15,520.00"
2019-11-19,2019111901002854,CBBL,36,45,"1,000",970.00,"970,000.00"
2019-11-19,2019111901002853,CBBL,36,34,200,969.00,"193,800.00"
2019-11-19,2019111901003181,CBL,51,8,16,136.00,"2,176.00"
2019-11-19,2019111901002916,CBL,16,52,42,137.00,"5,754.00"
2019-11-19,2019111901002807,CBL,51,45,364,136.00,"49,504.00"
2019-11-19,2019111901002806,CBL,25,45,500,136.00,"68,000.00"
2019-11-19,2019111901002805,CBL,1,45,500,136.00,"68,000.00"
2019-11-19,2019111901002804,CBL,16,45,788,136.00,"107,168.00"
2019-11-19,2019111901003172,CCBL,4,57,362,161.00,"58,282.00"
2019-11-19,2019111901003171,CCBL,48,57,100,161.00,"16,100.00"
2019-11-19,2019111901003170,CCBL,8,57,338,161.00,"54,418.00"
2019-11-19,2019111901002814,CCBL,40,42,11,161.00,"1,771.00"
2019-11-19,2019111901002787,CCBL,48,16,310,162.00,"50,220.00"
2019-11-19,2019111901002786,CCBL,48,13,90,162.00,"14,580.00"
2019-11-19,2019111901002785,CCBL,48,8,100,162.00,"16,200.00"
2019-11-19,2019111901003025,CCBL,16,16,30,162.00,"4,860.00"
2019-11-19,2019111901002989,CCBL,8,8,203,161.00,"32,683.00"
2019-11-19,2019111901002941,CCBL,16,16,17,162.00,"2,754.00"
2019-11-19,2019111901002919,CCBL,8,8,459,161.00,"73,899.00"
2019-11-19,2019111901002918,CCBL,40,8,561,161.00,"90,321.00"
2019-11-19,2019111901003121,CHCL,1,21,200,350.00,"70,000.00"
2019-11-19,2019111901003120,CHCL,56,21,100,350.00,"35,000.00"
2019-11-19,2019111901003028,CHCL,48,49,66,350.00,"23,100.00"
2019-11-19,2019111901002869,CHCL,16,42,15,351.00,"5,265.00"
2019-11-19,2019111901002896,CIT,13,13,100,"1,756.00","175,600.00"
2019-11-19,2019111901003040,CLBSL,7,8,11,455.00,"5,005.00"
2019-11-19,2019111901003197,CZBIL,52,48,46,185.00,"8,510.00"
2019-11-19,2019111901003196,CZBIL,41,48,54,185.00,"9,990.00"
2019-11-19,2019111901002964,CZBIL,16,4,18,186.00,"3,348.00"
2019-11-19,2019111901002850,EBL,21,14,10,552.00,"5,520.00"
2019-11-19,2019111901002818,EBL,6,42,19,551.00,"10,469.00"
2019-11-19,2019111901002817,EBL,58,14,35,552.00,"19,320.00"
2019-11-19,2019111901002779,EBL,6,1,150,551.00,"82,650.00"
2019-11-19,2019111901002756,EBL,6,1,326,551.00,"179,626.00"
2019-11-19,2019111901002755,EBL,44,1,174,551.00,"95,874.00"
2019-11-19,2019111901002891,EDBL,55,56,100,270.00,"27,000.00"
2019-11-19,2019111901003129,FMDBL,6,19,500,303.00,"151,500.00"
2019-11-19,2019111901003056,FMDBL,59,19,100,303.00,"30,300.00"
2019-11-19,2019111901003095,GBBL,32,58,40,226.00,"9,040.00"
2019-11-19,2019111901002868,GBBL,26,22,54,225.00,"12,150.00"
2019-11-19,2019111901002859,GBBL,48,58,450,226.00,"101,700.00"
2019-11-19,2019111901003222,GBLBS,32,37,300,297.00,"89,100.00"
2019-11-19,2019111901003221,GBLBS,56,37,25,297.00,"7,425.00"
2019-11-19,2019111901003220,GBLBS,33,37,100,297.00,"29,700.00"
2019-11-19,2019111901003219,GBLBS,59,37,25,297.00,"7,425.00"
2019-11-19,2019111901003218,GBLBS,44,37,100,298.00,"29,800.00"
2019-11-19,2019111901003217,GBLBS,21,37,25,298.00,"7,450.00"
2019-11-19,2019111901002997,GGBSL,58,40,10,524.00,"5,240.00"
2019-11-19,2019111901002867,GGBSL,58,40,10,524.00,"5,240.00"
2019-11-19,2019111901002757,GGBSL,58,56,10,524.00,"5,240.00"
2019-11-19,2019111901002900,GILB,36,34,30,744.00,"22,320.00"
2019-11-19,2019111901002899,GILB,36,48,10,744.00,"7,440.00"
2019-11-19,2019111901002898,GILB,36,59,115,744.00,"85,560.00"
2019-11-19,2019111901002897,GILB,36,17,20,744.00,"14,880.00"
2019-11-19,2019111901003145,GLBSL,34,14,10,395.00,"3,950.00"
2019-11-19,2019111901002880,GLBSL,34,40,10,395.00,"3,950.00"
2019-11-19,2019111901002996,GMFBS,16,38,10,495.00,"4,950.00"
2019-11-19,2019111901002995,GMFBS,16,38,10,495.00,"4,950.00"
2019-11-19,2019111901002994,GMFBS,16,38,10,495.00,"4,950.00"
2019-11-19,2019111901002993,GMFBS,16,38,10,495.00,"4,950.00"
2019-11-19,2019111901002992,GMFBS,16,38,10,495.00,"4,950.00"
2019-11-19,2019111901002983,GMFBS,54,43,10,495.00,"4,950.00"
2019-11-19,2019111901002865,GMFBS,59,43,10,495.00,"4,950.00"
2019-11-19,2019111901002864,GMFBS,59,43,10,495.00,"4,950.00"
2019-11-19,2019111901002863,GMFBS,59,43,10,495.00,"4,950.00"
2019-11-19,2019111901002862,GMFBS,59,43,10,495.00,"4,950.00"
2019-11-19,2019111901002823,GMFIL,57,48,500,114.00,"57,000.00"
2019-11-19,2019111901002822,GMFIL,43,48,400,115.00,"46,000.00"
2019-11-19,2019111901003161,GRDBL,41,39,50,101.00,"5,050.00"
2019-11-19,2019111901003112,GRDBL,41,39,50,101.00,"5,050.00"
2019-11-19,2019111901002827,HBL,53,42,20,483.00,"9,660.00"
2019-11-19,2019111901003167,HDL,41,48,44,"1,762.00","77,528.00"
2019-11-19,2019111901003134,HDL,33,5,100,"1,762.00","176,200.00"
2019-11-19,2019111901003133,HDL,28,5,100,"1,763.00","176,300.00"
2019-11-19,2019111901003030,HDL,48,48,20,"1,766.00","35,320.00"
2019-11-19,2019111901003029,HDL,38,48,10,"1,766.00","17,660.00"
2019-11-19,2019111901003032,HIDCL,38,29,559,132.00,"73,788.00"
2019-11-19,2019111901003022,HIDCL,38,25,441,132.00,"58,212.00"
2019-11-19,2019111901003021,HIDCL,39,25,59,132.00,"7,788.00"
2019-11-19,2019111901002885,HPPL,21,40,10,135.00,"1,350.00"
2019-11-19,2019111901002830,HPPL,21,42,10,135.00,"1,350.00"
2019-11-19,2019111901003080,HURJA,16,42,20,99.00,"1,980.00"
2019-11-19,2019111901003079,HURJA,16,45,20,99.00,"1,980.00"
2019-11-19,2019111901003078,HURJA,16,39,20,99.00,"1,980.00"
2019-11-19,2019111901003015,ILBS,16,38,10,476.00,"4,760.00"
2019-11-19,2019111901003013,ILBS,16,38,10,476.00,"4,760.00"
2019-11-19,2019111901003006,ILBS,16,38,10,476.00,"4,760.00"
2019-11-19,2019111901003005,ILBS,26,57,10,480.00,"4,800.00"
2019-11-19,2019111901002990,ILBS,16,38,10,476.00,"4,760.00"
2019-11-19,2019111901002988,ILBS,16,26,10,476.00,"4,760.00"
2019-11-19,2019111901002903,ILBS,57,52,120,477.00,"57,240.00"
2019-11-19,2019111901002879,ILBS,57,17,10,477.00,"4,770.00"
2019-11-19,2019111901003147,JBBL,46,39,13,161.00,"2,093.00"
2019-11-19,2019111901003069,JBBL,53,52,50,162.00,"8,100.00"
2019-11-19,2019111901002820,JBBL,39,14,12,162.00,"1,944.00"
2019-11-19,2019111901002782,JBBL,39,17,12,162.00,"1,944.00"
2019-11-19,2019111901002778,JBBL,39,17,16,162.00,"2,592.00"
2019-11-19,2019111901003012,JFL,43,17,692,191.00,"132,172.00"
2019-11-19,2019111901002838,JOSHI,3,42,20,57.00,"1,140.00"
2019-11-19,2019111901002771,JOSHI,3,53,20,57.00,"1,140.00"
2019-11-19,2019111901003111,JSLBB,51,38,10,"1,170.00","11,700.00"
2019-11-19,2019111901003110,JSLBB,51,18,10,"1,162.00","11,620.00"
2019-11-19,2019111901003072,JSLBB,55,57,35,"1,161.00","40,635.00"
2019-11-19,2019111901002788,JSLBB,45,26,50,"1,145.00","57,250.00"
2019-11-19,2019111901002819,JSLBB,51,33,60,"1,150.00","69,000.00"
2019-11-19,2019111901002979,KBL,1,46,25,178.00,"4,450.00"
2019-11-19,2019111901002952,KRBL,13,38,400,99.00,"39,600.00"
2019-11-19,2019111901002765,KSBBL,38,19,899,135.00,"121,365.00"
2019-11-19,2019111901002758,KSBBL,46,19,"1,001",135.00,"135,135.00"
2019-11-19,2019111901003034,LBBL,59,10,56,169.00,"9,464.00"
2019-11-19,2019111901003016,LBBL,22,8,245,170.00,"41,650.00"
2019-11-19,2019111901002971,LBBL,56,8,100,170.00,"17,000.00"
2019-11-19,2019111901002970,LBBL,10,8,155,170.00,"26,350.00"
2019-11-19,2019111901002888,LBBL,10,22,10,170.00,"1,700.00"
2019-11-19,2019111901002938,LBL,13,16,742,217.00,"161,014.00"
2019-11-19,2019111901002834,LBL,13,45,258,217.00,"55,986.00"
2019-11-19,2019111901002833,LBL,32,45,742,217.00,"161,014.00"
2019-11-19,2019111901002809,LBL,49,32,100,218.00,"21,800.00"
2019-11-19,2019111901002858,LLBS,13,18,10,688.00,"6,880.00"
2019-11-19,2019111901002751,MEGA,14,42,130,183.00,"23,790.00"
2019-11-19,2019111901002750,MEGA,34,42,200,183.00,"36,600.00"
2019-11-19,2019111901002749,MEGA,21,42,500,183.00,"91,500.00"
2019-11-19,2019111901002748,MEGA,20,42,50,183.00,"9,150.00"
2019-11-19,2019111901002811,MEGA,14,40,20,183.00,"3,660.00"
2019-11-19,2019111901002934,MEGA,6,39,"1,091",184.00,"200,744.00"
2019-11-19,2019111901002933,MEGA,6,32,200,184.00,"36,800.00"
2019-11-19,2019111901002849,MEGA,14,42,36,183.00,"6,588.00"
2019-11-19,2019111901002999,MEGA,14,8,105,183.00,"19,215.00"
2019-11-19,2019111901002936,MEGA,6,3,109,184.00,"20,056.00"
2019-11-19,2019111901002935,MEGA,6,54,100,184.00,"18,400.00"
2019-11-19,2019111901003179,MEGA,49,3,71,184.00,"13,064.00"
2019-11-19,2019111901003122,MEGA,28,3,80,184.00,"14,720.00"
2019-11-19,2019111901002886,MERO,36,50,197,427.00,"84,119.00"
2019-11-19,2019111901003004,MFIL,42,17,438,125.00,"54,750.00"
2019-11-19,2019111901003003,MFIL,32,17,"2,000",125.00,"250,000.00"
2019-11-19,2019111901002972,MHNL,16,49,30,77.00,"2,310.00"
2019-11-19,2019111901003052,MLBBL,32,33,85,445.00,"37,825.00"
2019-11-19,2019111901002940,MLBBL,58,8,30,440.00,"13,200.00"
2019-11-19,2019111901002852,MLBBL,58,42,44,440.00,"19,360.00"
2019-11-19,2019111901003087,MLBL,47,36,73,178.00,"12,994.00"
2019-11-19,2019111901003086,MLBL,28,36,200,178.00,"35,600.00"
2019-11-19,2019111901003085,MLBL,32,36,148,178.00,"26,344.00"
2019-11-19,2019111901003039,MLBL,32,8,11,178.00,"1,958.00"
2019-11-19,2019111901002855,MLBL,32,42,11,178.00,"1,958.00"
2019-11-19,2019111901003182,MNBBL,29,38,50,318.00,"15,900.00"
2019-11-19,2019111901003128,MNBBL,19,58,"1,166",316.00,"368,456.00"
2019-11-19,2019111901002923,MNBBL,5,58,250,317.00,"79,250.00"
2019-11-19,2019111901002826,MNBBL,43,58,750,317.00,"237,750.00"
2019-11-19,2019111901003002,MPFL,41,33,150,100.00,"15,000.00"
2019-11-19,2019111901003047,NABIL,32,55,85,755.00,"64,175.00"
2019-11-19,2019111901002829,NABIL,58,55,30,755.00,"22,650.00"
2019-11-19,2019111901002754,NABIL,41,46,146,754.00,"110,084.00"
2019-11-19,2019111901003186,NBB,41,28,329,205.00,"67,445.00"
2019-11-19,2019111901003185,NBB,41,39,61,205.00,"12,505.00"
2019-11-19,2019111901003184,NBB,41,25,110,205.00,"22,550.00"
2019-11-19,2019111901002801,NBB,26,25,40,205.00,"8,200.00"
2019-11-19,2019111901003211,NBL,16,57,280,318.00,"89,040.00"
2019-11-19,2019111901003207,NBL,25,57,20,318.00,"6,360.00"
2019-11-19,2019111901003173,NBL,16,14,100,318.00,"31,800.00"
2019-11-19,2019111901003140,NBL,16,57,879,318.00,"279,522.00"
2019-11-19,2019111901003139,NBL,16,4,554,318.00,"176,172.00"
2019-11-19,2019111901003119,NBL,5,57,121,318.00,"38,478.00"
2019-11-19,2019111901002946,NBL,55,4,200,318.00,"63,600.00"
2019-11-19,2019111901002945,NBL,49,4,155,318.00,"49,290.00"
2019-11-19,2019111901002944,NBL,7,4,60,318.00,"19,080.00"
2019-11-19,2019111901002943,NBL,34,4,136,318.00,"43,248.00"
2019-11-19,2019111901002796,NBL,41,34,100,319.00,"31,900.00"
2019-11-19,2019111901002958,NBL,48,4,400,318.00,"127,200.00"
2019-11-19,2019111901002957,NBL,3,4,20,318.00,"6,360.00"
2019-11-19,2019111901002956,NBL,28,4,300,318.00,"95,400.00"
2019-11-19,2019111901002955,NBL,21,4,251,318.00,"79,818.00"
2019-11-19,2019111901002948,NBL,21,4,749,318.00,"238,182.00"
2019-11-19,2019111901002947,NBL,49,4,200,318.00,"63,600.00"
2019-11-19,2019111901003118,NBL,5,4,79,318.00,"25,122.00"
2019-11-19,2019111901003092,NBL,57,4,50,318.00,"15,900.00"
2019-11-19,2019111901003082,NBL,11,4,20,318.00,"6,360.00"
2019-11-19,2019111901003051,NBL,51,4,250,318.00,"79,500.00"
2019-11-19,2019111901003033,NBL,35,4,100,318.00,"31,800.00"
2019-11-19,2019111901002959,NBL,52,4,30,318.00,"9,540.00"
2019-11-19,2019111901003044,NCCB,37,32,243,200.00,"48,600.00"
2019-11-19,2019111901003043,NCCB,41,32,104,200.00,"20,800.00"
2019-11-19,2019111901002857,NCCB,41,42,50,200.00,"10,000.00"
2019-11-19,2019111901002831,NGPL,13,56,"1,300",107.00,"139,100.00"
2019-11-19,2019111901002764,NGPL,32,38,200,107.00,"21,400.00"
2019-11-19,2019111901003176,NHDL,56,17,10,101.00,"1,010.00"
2019-11-19,2019111901002828,NHDL,21,26,30,100.00,"3,000.00"
2019-11-19,2019111901002954,NHPC,33,5,100,51.00,"5,100.00"
2019-11-19,2019111901003090,NIB,40,39,44,422.00,"18,568.00"
2019-11-19,2019111901002870,NIB,40,42,44,422.00,"18,568.00"
2019-11-19,2019111901003231,NIBPO,25,14,100,383.00,"38,300.00"
2019-11-19,2019111901003215,NIBPO,20,14,119,383.00,"45,577.00"
2019-11-19,2019111901003214,NIBPO,8,14,180,383.00,"68,940.00"
2019-11-19,2019111901003213,NIBPO,52,14,100,384.00,"38,400.00"
2019-11-19,2019111901002847,NIBPO,8,36,820,383.00,"314,060.00"
2019-11-19,2019111901002846,NIBPO,32,36,100,383.00,"38,300.00"
2019-11-19,2019111901002839,NIBPO,51,36,130,386.00,"50,180.00"
2019-11-19,2019111901002845,NIBPO,25,36,"1,200",384.00,"460,800.00"
2019-11-19,2019111901002844,NIBPO,25,36,300,385.00,"115,500.00"
2019-11-19,2019111901002843,NIBPO,13,36,200,385.00,"77,000.00"
2019-11-19,2019111901002842,NIBPO,50,36,200,385.00,"77,000.00"
2019-11-19,2019111901002841,NIBPO,11,36,50,386.00,"19,300.00"
2019-11-19,2019111901002840,NIBPO,17,36,500,386.00,"193,000.00"
2019-11-19,2019111901002882,NIBSF1,20,42,500,8.82,"4,410.00"
2019-11-19,2019111901003243,NICA,14,43,100,410.00,"41,000.00"
2019-11-19,2019111901003242,NICA,14,48,100,410.00,"41,000.00"
2019-11-19,2019111901003175,NICA,29,38,30,410.00,"12,300.00"
2019-11-19,2019111901003174,NICA,34,38,138,410.00,"56,580.00"
2019-11-19,2019111901003067,NICA,34,55,"1,862",410.00,"763,420.00"
2019-11-19,2019111901003066,NICA,57,55,200,410.00,"82,000.00"
2019-11-19,2019111901002760,NICA,36,25,22,413.00,"9,086.00"
2019-11-19,2019111901002759,NICA,36,11,200,412.00,"82,400.00"
2019-11-19,2019111901003059,NICA,56,55,100,411.00,"41,100.00"
2019-11-19,2019111901003058,NICA,34,55,48,411.00,"19,728.00"
2019-11-19,2019111901002912,NICA,46,25,17,413.00,"7,021.00"
2019-11-19,2019111901002911,NICA,46,22,10,412.00,"4,120.00"
2019-11-19,2019111901002884,NICA,34,38,152,411.00,"62,472.00"
2019-11-19,2019111901002883,NICA,21,38,23,411.00,"9,453.00"
2019-11-19,2019111901003065,NICA,13,55,100,410.00,"41,000.00"
2019-11-19,2019111901003064,NICA,3,55,100,410.00,"41,000.00"
2019-11-19,2019111901003063,NICA,20,55,40,410.00,"16,400.00"
2019-11-19,2019111901003062,NICA,45,55,100,410.00,"41,000.00"
2019-11-19,2019111901003061,NICA,50,55,200,410.00,"82,000.00"
2019-11-19,2019111901003060,NICA,52,55,50,410.00,"20,500.00"
2019-11-19,2019111901003210,NLIC,5,6,25,791.00,"19,775.00"
2019-11-19,2019111901003138,NLIC,49,57,61,792.00,"48,312.00"
2019-11-19,2019111901003137,NLIC,49,34,89,792.00,"70,488.00"
2019-11-19,2019111901003127,NLIC,56,39,22,791.00,"17,402.00"
2019-11-19,2019111901003096,NLIC,56,39,22,791.00,"17,402.00"
2019-11-19,2019111901002963,NLIC,56,37,20,791.00,"15,820.00"
2019-11-19,2019111901002887,NLIC,56,42,22,791.00,"17,402.00"
2019-11-19,2019111901002816,NLIC,56,40,10,791.00,"7,910.00"
2019-11-19,2019111901003238,NMB,54,4,363,385.00,"139,755.00"
2019-11-19,2019111901003237,NMB,22,4,50,385.00,"19,250.00"
2019-11-19,2019111901003236,NMB,6,4,100,385.00,"38,500.00"
2019-11-19,2019111901003235,NMB,36,4,100,385.00,"38,500.00"
2019-11-19,2019111901003234,NMB,34,4,387,385.00,"148,995.00"
2019-11-19,2019111901003232,NMB,14,32,200,386.00,"77,200.00"
2019-11-19,2019111901002824,NMB,36,26,102,386.00,"39,372.00"
2019-11-19,2019111901002763,NMB,34,43,650,385.00,"250,250.00"
2019-11-19,2019111901002876,NMB,57,53,100,385.00,"38,500.00"
2019-11-19,2019111901002875,NMB,6,53,50,385.00,"19,250.00"
2019-11-19,2019111901002874,NMB,57,53,100,385.00,"38,500.00"
2019-11-19,2019111901002873,NMB,34,53,675,385.00,"259,875.00"
2019-11-19,2019111901002848,NMB,36,4,10,386.00,"3,860.00"
2019-11-19,2019111901002825,NMB,36,44,42,386.00,"16,212.00"
2019-11-19,2019111901003041,NMB,22,4,100,386.00,"38,600.00"
2019-11-19,2019111901003031,NMB,57,4,100,386.00,"38,600.00"
2019-11-19,2019111901002939,NMB,22,4,500,386.00,"193,000.00"
2019-11-19,2019111901002889,NMB,34,42,63,385.00,"24,255.00"
2019-11-19,2019111901002878,NMB,34,53,525,385.00,"202,125.00"
2019-11-19,2019111901002877,NMB,42,53,50,385.00,"19,250.00"
2019-11-19,2019111901003205,NMB,34,36,25,385.00,"9,625.00"
2019-11-19,2019111901003177,NMB,45,32,200,386.00,"77,200.00"
2019-11-19,2019111901003081,NMB,45,32,500,386.00,"193,000.00"
2019-11-19,2019111901003075,NMB,59,32,"1,000",386.00,"386,000.00"
2019-11-19,2019111901003049,NMB,34,32,235,386.00,"90,710.00"
2019-11-19,2019111901003048,NMB,34,4,290,386.00,"111,940.00"
2019-11-19,2019111901002777,NNLB,37,21,100,466.00,"46,600.00"
2019-11-19,2019111901002776,NNLB,37,14,30,465.00,"13,950.00"
2019-11-19,2019111901002770,NNLB,37,38,180,465.00,"83,700.00"
2019-11-19,2019111901002769,NNLB,37,57,105,462.00,"48,510.00"
2019-11-19,2019111901003046,NTC,25,19,100,625.00,"62,500.00"
2019-11-19,2019111901003246,PCBL,14,34,300,274.00,"82,200.00"
2019-11-19,2019111901002921,PCBL,40,36,"1,000",274.00,"274,000.00"
2019-11-19,2019111901002920,PCBL,40,58,"1,000",274.00,"274,000.00"
2019-11-19,2019111901002821,PCBL,4,41,120,273.00,"32,760.00"
2019-11-19,2019111901002894,PFL,57,17,12,135.00,"1,620.00"
2019-11-19,2019111901003165,PMHPL,58,49,10,84.00,840.00
2019-11-19,2019111901003164,PMHPL,58,49,10,84.00,840.00
2019-11-19,2019111901003027,PMHPL,25,46,10,83.00,830.00
2019-11-19,2019111901002784,PRIN,1,42,100,312.00,"31,200.00"
2019-11-19,2019111901003093,PRVU,4,39,"1,100",229.00,"251,900.00"
2019-11-19,2019111901003001,PRVU,4,25,50,228.00,"11,400.00"
2019-11-19,2019111901002975,PRVU,4,22,216,229.00,"49,464.00"
2019-11-19,2019111901002815,PRVU,47,22,34,229.00,"7,786.00"
2019-11-19,2019111901002931,RADHI,36,45,144,148.00,"21,312.00"
2019-11-19,2019111901002930,RADHI,36,28,11,147.00,"1,617.00"
2019-11-19,2019111901002929,RADHI,36,50,11,147.00,"1,617.00"
2019-11-19,2019111901002928,RADHI,36,17,12,146.00,"1,752.00"
2019-11-19,2019111901002927,RADHI,36,20,10,145.00,"1,450.00"
2019-11-19,2019111901002978,RHPC,13,56,18,73.00,"1,314.00"
2019-11-19,2019111901003193,RHPL,14,37,200,164.00,"32,800.00"
2019-11-19,2019111901003050,RHPL,54,41,40,163.00,"6,520.00"
2019-11-19,2019111901003026,RHPL,54,51,40,163.00,"6,520.00"
2019-11-19,2019111901003019,RHPL,54,22,50,163.00,"8,150.00"
2019-11-19,2019111901002998,RHPL,26,37,40,164.00,"6,560.00"
2019-11-19,2019111901002974,RHPL,54,26,40,163.00,"6,520.00"
2019-11-19,2019111901002783,RHPL,54,29,20,163.00,"3,260.00"
2019-11-19,2019111901002766,RHPL,54,51,50,163.00,"8,150.00"
2019-11-19,2019111901002967,RHPL,36,37,220,164.00,"36,080.00"
2019-11-19,2019111901002961,RHPL,54,16,30,163.00,"4,890.00"
2019-11-19,2019111901002915,RHPL,54,17,10,163.00,"1,630.00"
2019-11-19,2019111901002893,RHPL,54,42,10,163.00,"1,630.00"
2019-11-19,2019111901002892,RHPL,54,40,20,163.00,"3,260.00"
2019-11-19,2019111901002789,RHPL,54,29,20,163.00,"3,260.00"
2019-11-19,2019111901003245,SABSL,11,40,10,549.00,"5,490.00"
2019-11-19,2019111901003229,SABSL,11,40,10,549.00,"5,490.00"
2019-11-19,2019111901003224,SABSL,11,40,10,549.00,"5,490.00"
2019-11-19,2019111901003212,SABSL,11,40,10,549.00,"5,490.00"
2019-11-19,2019111901003206,SABSL,41,42,10,549.00,"5,490.00"
2019-11-19,2019111901003201,SABSL,41,40,10,549.00,"5,490.00"
2019-11-19,2019111901002890,SABSL,32,10,10,550.00,"5,500.00"
2019-11-19,2019111901002866,SABSL,32,10,10,550.00,"5,500.00"
2019-11-19,2019111901002836,SABSL,32,34,62,550.00,"34,100.00"
2019-11-19,2019111901002835,SABSL,28,34,18,551.00,"9,918.00"
2019-11-19,2019111901003011,SABSL,32,4,10,550.00,"5,500.00"
2019-11-19,2019111901003009,SABSL,34,3,10,552.00,"5,520.00"
2019-11-19,2019111901003008,SABSL,34,26,10,552.00,"5,520.00"
2019-11-19,2019111901002986,SABSL,32,38,10,550.00,"5,500.00"
2019-11-19,2019111901002981,SABSL,32,38,10,550.00,"5,500.00"
2019-11-19,2019111901002895,SABSL,32,40,10,550.00,"5,500.00"
2019-11-19,2019111901003124,SABSL,22,1,42,550.00,"23,100.00"
2019-11-19,2019111901003123,SABSL,21,1,68,550.00,"37,400.00"
2019-11-19,2019111901003109,SABSL,21,22,132,550.00,"72,600.00"
2019-11-19,2019111901003108,SABSL,32,22,18,550.00,"9,900.00"
2019-11-19,2019111901003107,SABSL,57,22,20,551.00,"11,020.00"
2019-11-19,2019111901003036,SABSL,32,51,10,550.00,"5,500.00"
2019-11-19,2019111901003158,SABSL,7,51,70,550.00,"38,500.00"
2019-11-19,2019111901003157,SABSL,22,51,278,550.00,"152,900.00"
2019-11-19,2019111901003146,SABSL,22,42,10,550.00,"5,500.00"
2019-11-19,2019111901003144,SABSL,22,40,10,550.00,"5,500.00"
2019-11-19,2019111901003142,SABSL,22,42,10,550.00,"5,500.00"
2019-11-19,2019111901003136,SABSL,22,40,10,550.00,"5,500.00"
2019-11-19,2019111901003192,SABSL,48,42,10,550.00,"5,500.00"
2019-11-19,2019111901003187,SABSL,48,42,10,550.00,"5,500.00"
2019-11-19,2019111901003178,SABSL,48,42,10,550.00,"5,500.00"
2019-11-19,2019111901003163,SABSL,48,42,10,550.00,"5,500.00"
2019-11-19,2019111901003160,SABSL,48,51,52,550.00,"28,600.00"
2019-11-19,2019111901003159,SABSL,19,51,100,550.00,"55,000.00"
2019-11-19,2019111901002901,SAEF,46,42,300,8.58,"2,574.00"
2019-11-19,2019111901003131,SAPDBL,44,29,340,120.00,"40,800.00"
2019-11-19,2019111901003130,SAPDBL,44,57,305,120.00,"36,600.00"
2019-11-19,2019111901003166,SBI,44,39,22,389.00,"8,558.00"
2019-11-19,2019111901002962,SBL,22,35,50,285.00,"14,250.00"
2019-11-19,2019111901003188,SCB,16,4,50,550.00,"27,500.00"
2019-11-19,2019111901003070,SCB,22,4,20,550.00,"11,000.00"
2019-11-19,2019111901003057,SCB,22,4,20,550.00,"11,000.00"
2019-11-19,2019111901003054,SCB,41,4,706,550.00,"388,300.00"
2019-11-19,2019111901003053,SCB,41,4,794,550.00,"436,700.00"
2019-11-19,2019111901002969,SCB,57,4,96,550.00,"52,800.00"
2019-11-19,2019111901002904,SCB,41,42,20,549.00,"10,980.00"
2019-11-19,2019111901002872,SCB,41,4,63,549.00,"34,587.00"
2019-11-19,2019111901002856,SCB,34,4,10,551.00,"5,510.00"
2019-11-19,2019111901002808,SCB,34,41,40,551.00,"22,040.00"
2019-11-19,2019111901002907,SEF,3,42,200,8.73,"1,746.00"
2019-11-19,2019111901003014,SHINE,39,46,58,251.00,"14,558.00"
2019-11-19,2019111901003156,SHIVM,37,4,250,425.00,"106,250.00"
2019-11-19,2019111901003155,SHIVM,37,28,50,424.00,"21,200.00"
2019-11-19,2019111901003154,SHIVM,37,48,150,422.00,"63,300.00"
2019-11-19,2019111901003153,SHIVM,37,53,100,421.00,"42,100.00"
2019-11-19,2019111901003152,SHIVM,37,46,100,421.00,"42,100.00"
2019-11-19,2019111901003151,SHIVM,37,49,100,420.00,"42,000.00"
2019-11-19,2019111901002775,SHIVM,17,26,200,418.00,"83,600.00"
2019-11-19,2019111901003150,SHIVM,37,49,50,420.00,"21,000.00"
2019-11-19,2019111901003149,SHIVM,37,22,80,420.00,"33,600.00"
2019-11-19,2019111901003117,SHIVM,32,6,150,418.00,"62,700.00"
2019-11-19,2019111901003116,SHIVM,17,6,50,418.00,"20,900.00"
2019-11-19,2019111901002960,SHIVM,17,40,50,418.00,"20,900.00"
2019-11-19,2019111901002985,SHL,21,44,100,213.00,"21,300.00"
2019-11-19,2019111901002861,SHL,7,44,190,213.00,"40,470.00"
2019-11-19,2019111901002860,SHL,7,58,500,213.00,"106,500.00"
2019-11-19,2019111901002792,SHL,42,58,100,213.00,"21,300.00"
2019-11-19,2019111901003017,SHPC,45,6,15,185.00,"2,775.00"
2019-11-19,2019111901002913,SHPC,35,42,22,184.00,"4,048.00"
2019-11-19,2019111901003088,SINDU,39,21,50,120.00,"6,000.00"
2019-11-19,2019111901003071,SINDU,39,21,10,121.00,"1,210.00"
2019-11-19,2019111901002774,SINDU,13,26,75,122.00,"9,150.00"
2019-11-19,2019111901003247,SJCL,57,59,10,157.00,"1,570.00"
2019-11-19,2019111901003244,SJCL,57,59,10,157.00,"1,570.00"
2019-11-19,2019111901003233,SJCL,57,59,10,157.00,"1,570.00"
2019-11-19,2019111901003228,SJCL,40,59,10,157.00,"1,570.00"
2019-11-19,2019111901003226,SJCL,40,59,10,157.00,"1,570.00"
2019-11-19,2019111901003223,SJCL,40,59,10,157.00,"1,570.00"
2019-11-19,2019111901002803,SJCL,21,48,10,157.00,"1,570.00"
2019-11-19,2019111901002802,SJCL,40,48,10,157.00,"1,570.00"
2019-11-19,2019111901002799,SJCL,40,29,20,157.00,"3,140.00"
2019-11-19,2019111901002793,SJCL,40,29,20,157.00,"3,140.00"
2019-11-19,2019111901002773,SJCL,40,51,20,157.00,"3,140.00"
2019-11-19,2019111901002922,SJCL,40,17,10,157.00,"1,570.00"
2019-11-19,2019111901002917,SJCL,40,42,10,157.00,"1,570.00"
2019-11-19,2019111901002914,SJCL,21,26,20,157.00,"3,140.00"
2019-11-19,2019111901002984,SJCL,40,49,10,157.00,"1,570.00"
2019-11-19,2019111901002977,SJCL,40,26,20,157.00,"3,140.00"
2019-11-19,2019111901002953,SJCL,40,16,20,157.00,"3,140.00"
2019-11-19,2019111901003106,SJCL,40,59,10,157.00,"1,570.00"
2019-11-19,2019111901003091,SJCL,40,59,10,157.00,"1,570.00"
2019-11-19,2019111901003084,SJCL,40,59,10,157.00,"1,570.00"
2019-11-19,2019111901003055,SJCL,40,41,20,157.00,"3,140.00"
2019-11-19,2019111901003037,SJCL,40,32,10,157.00,"1,570.00"
2019-11-19,2019111901003000,SJCL,26,34,20,158.00,"3,160.00"
2019-11-19,2019111901003168,SJCL,40,14,20,157.00,"3,140.00"
2019-11-19,2019111901003125,SJCL,40,59,10,157.00,"1,570.00"
2019-11-19,2019111901003115,SJCL,40,59,10,157.00,"1,570.00"
2019-11-19,2019111901003113,SJCL,40,59,10,157.00,"1,570.00"
2019-11-19,2019111901003216,SJCL,40,59,10,157.00,"1,570.00"
2019-11-19,2019111901003209,SJCL,40,59,10,157.00,"1,570.00"
2019-11-19,2019111901003202,SJCL,40,59,10,157.00,"1,570.00"
2019-11-19,2019111901003195,SJCL,40,59,10,157.00,"1,570.00"
2019-11-19,2019111901003189,SJCL,40,59,10,157.00,"1,570.00"
2019-11-19,2019111901003183,SJCL,40,14,20,157.00,"3,140.00"
2019-11-19,2019111901003208,SKBBL,50,4,31,938.00,"29,078.00"
2019-11-19,2019111901002768,SLBBL,48,55,60,599.00,"35,940.00"
2019-11-19,2019111901002791,SLBBL,44,57,200,595.00,"119,000.00"
2019-11-19,2019111901002790,SLBBL,49,57,200,595.00,"119,000.00"
2019-11-19,2019111901003077,SLBSL,38,40,10,710.00,"7,100.00"
2019-11-19,2019111901003074,SLBSL,38,40,10,710.00,"7,100.00"
2019-11-19,2019111901002968,SLBSL,1,40,10,708.00,"7,080.00"
2019-11-19,2019111901003180,SMB,38,39,10,430.00,"4,300.00"
2019-11-19,2019111901003114,SMFBS,57,43,10,793.00,"7,930.00"
2019-11-19,2019111901003089,SMFBS,57,43,10,790.00,"7,900.00"
2019-11-19,2019111901003083,SMFBS,57,43,10,790.00,"7,900.00"
2019-11-19,2019111901003076,SMFBS,43,43,10,791.00,"7,910.00"
2019-11-19,2019111901003073,SMFBS,43,43,10,791.00,"7,910.00"
2019-11-19,2019111901003045,SMFBS,43,38,10,791.00,"7,910.00"
2019-11-19,2019111901003042,SMFBS,43,38,10,791.00,"7,910.00"
2019-11-19,2019111901003023,SMFBS,26,38,10,792.00,"7,920.00"
2019-11-19,2019111901002982,SMFBS,16,26,10,792.00,"7,920.00"
2019-11-19,2019111901002965,SPARS,39,21,10,518.00,"5,180.00"
2019-11-19,2019111901002881,SPARS,39,38,10,518.00,"5,180.00"
2019-11-19,2019111901002800,SPARS,39,38,10,518.00,"5,180.00"
2019-11-19,2019111901002794,SPARS,39,38,10,518.00,"5,180.00"
2019-11-19,2019111901002753,SPARS,39,38,10,518.00,"5,180.00"
2019-11-19,2019111901002752,SPARS,39,38,10,518.00,"5,180.00"
2019-11-19,2019111901002924,SPDL,56,42,10,80.00,800.00
2019-11-19,2019111901002973,SRBL,58,25,28,212.00,"5,936.00"
2019-11-19,2019111901002937,SRBL,58,42,47,212.00,"9,964.00"
2019-11-19,2019111901002837,SWBBL,38,4,450,935.00,"420,750.00"
2019-11-19,2019111901002951,TRH,33,36,10,271.00,"2,710.00"
2019-11-19,2019111901002910,TRH,54,32,100,266.00,"26,600.00"
2019-11-19,2019111901002909,TRH,54,7,20,265.00,"5,300.00"
2019-11-19,2019111901003141,UMHL,59,22,10,100.00,"1,000.00"
2019-11-19,2019111901002902,UNHPL,32,56,50,55.00,"2,750.00"
2019-11-19,2019111901002761,UNHPL,32,56,50,55.00,"2,750.00"
2019-11-19,2019111901003038,UPCL,13,36,300,73.00,"21,900.00"
2019-11-19,2019111901002942,UPCL,55,42,50,73.00,"3,650.00"
2019-11-19,2019111901002762,UPCL,34,38,50,74.00,"3,700.00"
2019-11-19,2019111901003240,UPPER,55,57,40,225.00,"9,000.00"
2019-11-19,2019111901003230,UPPER,55,57,50,225.00,"11,250.00"
2019-11-19,2019111901003227,UPPER,55,36,50,225.00,"11,250.00"
2019-11-19,2019111901003200,UPPER,43,25,30,226.00,"6,780.00"
2019-11-19,2019111901003199,UPPER,43,29,50,226.00,"11,300.00"
2019-11-19,2019111901003198,UPPER,43,29,20,226.00,"4,520.00"
2019-11-19,2019111901002780,UPPER,28,51,30,225.00,"6,750.00"
2019-11-19,2019111901002798,UPPER,51,56,32,225.00,"7,200.00"
2019-11-19,2019111901002797,UPPER,42,56,18,225.00,"4,050.00"
2019-11-19,2019111901002795,UPPER,42,48,40,225.00,"9,000.00"
2019-11-19,2019111901002781,UPPER,42,51,42,225.00,"9,450.00"
2019-11-19,2019111901002950,UPPER,43,42,22,225.00,"4,950.00"
2019-11-19,2019111901002949,UPPER,59,42,28,225.00,"6,300.00"
2019-11-19,2019111901002932,UPPER,59,26,40,225.00,"9,000.00"
2019-11-19,2019111901002906,UPPER,59,25,32,225.00,"7,200.00"
2019-11-19,2019111901002905,UPPER,51,25,18,225.00,"4,050.00"
2019-11-19,2019111901002832,UPPER,21,29,30,226.00,"6,780.00"
2019-11-19,2019111901003099,UPPER,43,38,50,225.00,"11,250.00"
2019-11-19,2019111901003098,UPPER,14,38,204,225.00,"45,900.00"
2019-11-19,2019111901003097,UPPER,41,38,200,225.00,"45,000.00"
2019-11-19,2019111901003024,UPPER,43,22,50,225.00,"11,250.00"
2019-11-19,2019111901003010,UPPER,43,32,28,225.00,"6,300.00"
2019-11-19,2019111901002987,UPPER,43,22,50,225.00,"11,250.00"
2019-11-19,2019111901003105,UPPER,55,38,96,225.00,"21,600.00"
2019-11-19,2019111901003104,UPPER,25,38,100,225.00,"22,500.00"
2019-11-19,2019111901003103,UPPER,16,38,100,225.00,"22,500.00"
2019-11-19,2019111901003102,UPPER,57,38,200,225.00,"45,000.00"
2019-11-19,2019111901003101,UPPER,13,38,500,225.00,"112,500.00"
2019-11-19,2019111901003100,UPPER,35,38,50,225.00,"11,250.00"
2019-11-19,2019111901002966,VLBS,32,42,13,582.00,"7,566.00"
2019-11-19,2019111901002705,ADBL,34,39,33,415.00,"13,695.00"
2019-11-19,2019111901002590,ADBL,34,46,104,415.00,"43,160.00"
2019-11-19,2019111901002589,ADBL,39,46,100,415.00,"41,500.00"
2019-11-19,2019111901002588,ADBL,39,46,30,415.00,"12,450.00"
2019-11-19,2019111901002587,ADBL,39,46,100,415.00,"41,500.00"
2019-11-19,2019111901002586,ADBL,39,46,100,415.00,"41,500.00"
2019-11-19,2019111901002445,ADBL,14,25,736,415.00,"305,440.00"
2019-11-19,2019111901002248,ADBL,21,49,100,416.00,"41,600.00"
2019-11-19,2019111901002585,ADBL,49,46,866,415.00,"359,390.00"
2019-11-19,2019111901002584,ADBL,39,46,200,415.00,"83,000.00"
2019-11-19,2019111901002502,ADBL,49,42,50,415.00,"20,750.00"
2019-11-19,2019111901002448,ADBL,49,25,84,415.00,"34,860.00"
2019-11-19,2019111901002447,ADBL,14,25,50,415.00,"20,750.00"
2019-11-19,2019111901002446,ADBL,42,25,30,415.00,"12,450.00"
2019-11-19,2019111901002597,AHPC,28,36,21,94.00,"1,974.00"
2019-11-19,2019111901002518,AHPC,7,36,300,94.00,"28,200.00"
2019-11-19,2019111901002517,AHPC,26,36,50,94.00,"4,700.00"
2019-11-19,2019111901002516,AHPC,1,36,200,94.00,"18,800.00"
2019-11-19,2019111901002515,AHPC,39,36,500,94.00,"47,000.00"
2019-11-19,2019111901002514,AHPC,39,36,500,94.00,"47,000.00"
2019-11-19,2019111901002513,AHPC,6,36,"1,000",95.00,"95,000.00"
2019-11-19,2019111901002512,AHPC,51,36,100,95.00,"9,500.00"
2019-11-19,2019111901002679,AKBSL,53,29,10,430.00,"4,300.00"
2019-11-19,2019111901002542,AKBSL,1,47,20,431.00,"8,620.00"
2019-11-19,2019111901002413,AKBSL,1,35,10,431.00,"4,310.00"
2019-11-19,2019111901002741,AKJCL,42,53,20,55.00,"1,100.00"
2019-11-19,2019111901002569,AKJCL,42,38,10,55.00,550.00
2019-11-19,2019111901002297,AKJCL,42,50,20,55.00,"1,100.00"
2019-11-19,2019111901002567,AKPL,37,5,13,121.00,"1,573.00"
2019-11-19,2019111901002547,AKPL,37,5,13,121.00,"1,573.00"
2019-11-19,2019111901002521,AKPL,37,28,10,121.00,"1,210.00"
2019-11-19,2019111901002338,AKPL,37,41,13,121.00,"1,573.00"
2019-11-19,2019111901002314,AKPL,37,41,13,121.00,"1,573.00"
2019-11-19,2019111901002275,AKPL,37,41,20,121.00,"2,420.00"
2019-11-19,2019111901002255,AKPL,37,49,30,121.00,"3,630.00"
2019-11-19,2019111901002529,ALBSL,40,21,10,400.00,"4,000.00"
2019-11-19,2019111901002258,ALBSL,40,51,10,400.00,"4,000.00"
2019-11-19,2019111901002511,ALICL,28,45,30,316.00,"9,480.00"
2019-11-19,2019111901002604,API,17,5,18,104.00,"1,872.00"
2019-11-19,2019111901002575,API,17,5,18,104.00,"1,872.00"
2019-11-19,2019111901002272,API,42,51,50,105.00,"5,250.00"
2019-11-19,2019111901002257,API,17,41,16,104.00,"1,664.00"
2019-11-19,2019111901002425,BPCL,36,34,100,349.00,"34,900.00"
2019-11-19,2019111901002720,CBBL,42,42,30,967.00,"29,010.00"
2019-11-19,2019111901002476,CBBL,39,53,100,968.00,"96,800.00"
2019-11-19,2019111901002475,CBBL,39,53,50,968.00,"48,400.00"
2019-11-19,2019111901002474,CBBL,39,53,50,968.00,"48,400.00"
2019-11-19,2019111901002473,CBBL,44,53,155,968.00,"150,040.00"
2019-11-19,2019111901002696,CBL,54,52,20,137.00,"2,740.00"
2019-11-19,2019111901002605,CBL,16,52,"1,000",137.00,"137,000.00"
2019-11-19,2019111901002500,CBL,5,52,150,137.00,"20,550.00"
2019-11-19,2019111901002439,CBL,17,52,30,137.00,"4,110.00"
2019-11-19,2019111901002628,CCBL,21,21,1,161.00,161.00
2019-11-19,2019111901002626,CCBL,21,43,1,161.00,161.00
2019-11-19,2019111901002260,CCBL,40,41,24,161.00,"3,864.00"
2019-11-19,2019111901002648,CHCL,48,22,500,350.00,"175,000.00"
2019-11-19,2019111901002637,CHCL,48,25,434,350.00,"151,900.00"
2019-11-19,2019111901002633,CHCL,17,59,15,349.00,"5,235.00"
2019-11-19,2019111901002632,CHCL,41,59,50,350.00,"17,500.00"
2019-11-19,2019111901002631,CHCL,13,59,25,350.00,"8,750.00"
2019-11-19,2019111901002261,CHCL,56,51,100,351.00,"35,100.00"
2019-11-19,2019111901002700,CIT,26,45,70,"1,756.00","122,920.00"
2019-11-19,2019111901002510,CZBIL,41,28,10,185.00,"1,850.00"
2019-11-19,2019111901002411,CZBIL,36,4,30,186.00,"5,580.00"
2019-11-19,2019111901002410,CZBIL,36,49,70,186.00,"13,020.00"
2019-11-19,2019111901002270,DBBL,43,49,68,123.00,"8,364.00"
2019-11-19,2019111901002563,EBL,44,1,26,551.00,"14,326.00"
2019-11-19,2019111901002562,EBL,43,1,200,551.00,"110,200.00"
2019-11-19,2019111901002561,EBL,5,1,50,551.00,"27,550.00"
2019-11-19,2019111901002560,EBL,44,1,300,551.00,"165,300.00"
2019-11-19,2019111901002559,EBL,43,1,13,551.00,"7,163.00"
2019-11-19,2019111901002496,EBL,41,14,30,552.00,"16,560.00"
2019-11-19,2019111901002495,EBL,41,14,29,553.00,"16,037.00"
2019-11-19,2019111901002462,EBL,41,22,50,553.00,"27,650.00"
2019-11-19,2019111901002421,EBL,41,35,21,553.00,"11,613.00"
2019-11-19,2019111901002315,EBL,41,1,300,552.00,"165,600.00"
2019-11-19,2019111901002714,FMDBL,55,41,10,301.00,"3,010.00"
2019-11-19,2019111901002368,FMDBL,38,46,100,302.00,"30,200.00"
2019-11-19,2019111901002661,GBBL,26,59,103,225.00,"23,175.00"
2019-11-19,2019111901002660,GBBL,42,59,219,225.00,"49,275.00"
2019-11-19,2019111901002402,GBLBS,59,40,25,297.00,"7,425.00"
2019-11-19,2019111901002401,GBLBS,35,40,100,297.00,"29,700.00"
2019-11-19,2019111901002400,GBLBS,49,40,50,297.00,"14,850.00"
2019-11-19,2019111901002399,GBLBS,19,40,275,298.00,"81,950.00"
2019-11-19,2019111901002371,GBLBS,19,5,10,298.00,"2,980.00"
2019-11-19,2019111901002501,GLBSL,38,55,10,396.00,"3,960.00"
2019-11-19,2019111901002396,GLBSL,38,16,10,396.00,"3,960.00"
2019-11-19,2019111901002364,GLBSL,38,20,10,396.00,"3,960.00"
2019-11-19,2019111901002359,GLBSL,32,32,10,397.00,"3,970.00"
2019-11-19,2019111901002508,GLICL,45,7,28,356.00,"9,968.00"
2019-11-19,2019111901002269,GLICL,42,7,17,356.00,"6,052.00"
2019-11-19,2019111901002472,GMFBS,40,55,10,492.00,"4,920.00"
2019-11-19,2019111901002353,GMFBS,32,32,10,500.00,"5,000.00"
2019-11-19,2019111901002262,GMFBS,59,6,10,491.00,"4,910.00"
2019-11-19,2019111901002342,GMFIL,52,43,50,116.00,"5,800.00"
2019-11-19,2019111901002252,GRDBL,41,43,100,101.00,"10,100.00"
2019-11-19,2019111901002251,GRDBL,28,43,400,101.00,"40,400.00"
2019-11-19,2019111901002625,HDL,38,10,30,"1,766.00","52,980.00"
2019-11-19,2019111901002469,HDL,38,17,150,"1,766.00","264,900.00"
2019-11-19,2019111901002468,HDL,7,17,100,"1,767.00","176,700.00"
2019-11-19,2019111901002452,HDL,49,49,"3,390","1,750.00","5,932,500.00"
2019-11-19,2019111901002437,HDL,38,49,10,"1,766.00","17,660.00"
2019-11-19,2019111901002436,HDL,6,49,40,"1,767.00","70,680.00"
2019-11-19,2019111901002249,HDL,6,7,20,"1,773.00","35,460.00"
2019-11-19,2019111901002299,HIDCL,39,51,11,132.00,"1,452.00"
2019-11-19,2019111901002328,HPPL,21,16,10,135.00,"1,350.00"
2019-11-19,2019111901002254,HPPL,21,35,10,135.00,"1,350.00"
2019-11-19,2019111901002582,HURJA,34,38,20,98.00,"1,960.00"
2019-11-19,2019111901002665,ILBS,57,29,10,477.00,"4,770.00"
2019-11-19,2019111901002656,ILBS,57,43,10,477.00,"4,770.00"
2019-11-19,2019111901002654,ILBS,57,36,10,477.00,"4,770.00"
2019-11-19,2019111901002568,ILBS,57,43,10,477.00,"4,770.00"
2019-11-19,2019111901002565,ILBS,1,43,10,478.00,"4,780.00"
2019-11-19,2019111901002549,ILBS,1,43,10,478.00,"4,780.00"
2019-11-19,2019111901002250,ILBS,35,35,10,478.00,"4,780.00"
2019-11-19,2019111901002392,ILBS,53,16,10,478.00,"4,780.00"
2019-11-19,2019111901002376,ILBS,53,21,10,478.00,"4,780.00"
2019-11-19,2019111901002336,ILBS,35,35,10,478.00,"4,780.00"
2019-11-19,2019111901002310,ILBS,57,51,10,477.00,"4,770.00"
2019-11-19,2019111901002303,ILBS,57,13,10,477.00,"4,770.00"
2019-11-19,2019111901002282,ILBS,57,13,10,477.00,"4,770.00"
2019-11-19,2019111901002526,ILBS,53,43,10,478.00,"4,780.00"
2019-11-19,2019111901002522,ILBS,53,43,10,478.00,"4,780.00"
2019-11-19,2019111901002451,ILBS,14,14,10,479.00,"4,790.00"
2019-11-19,2019111901002440,ILBS,53,16,10,478.00,"4,780.00"
2019-11-19,2019111901002438,ILBS,53,55,10,478.00,"4,780.00"
2019-11-19,2019111901002398,ILBS,53,16,10,478.00,"4,780.00"
2019-11-19,2019111901002541,ILBS,1,43,10,478.00,"4,780.00"
2019-11-19,2019111901002536,ILBS,1,43,10,478.00,"4,780.00"
2019-11-19,2019111901002535,ILBS,1,43,10,478.00,"4,780.00"
2019-11-19,2019111901002533,ILBS,53,43,10,478.00,"4,780.00"
2019-11-19,2019111901002530,ILBS,53,43,10,478.00,"4,780.00"
2019-11-19,2019111901002527,ILBS,53,25,10,478.00,"4,780.00"
