Date,Transact. No.,Symbol,Buyer,Seller,Quantity,Rate,Amount
2020-11-09,2020110904001181,BBC,55,26,10,"2,385.00","23,850.00"
2020-11-09,2020110904001099,BBC,1,14,15,"2,385.00","35,775.00"
2020-11-09,2020110904000986,BBC,50,47,10,"2,353.00","23,530.00"
2020-11-09,2020110904001126,CMF1,43,22,300,9.79,"2,937.00"
2020-11-09,2020110904001014,CMF1,17,42,150,9.61,"1,441.50"
2020-11-09,2020110904000944,CMF1,58,50,500,9.60,"4,800.00"
2020-11-09,2020110904001405,GIC,35,42,10,531.00,"5,310.00"
2020-11-09,2020110904001403,GIC,35,58,10,531.00,"5,310.00"
2020-11-09,2020110904001400,GIC,35,57,10,531.00,"5,310.00"
2020-11-09,2020110904001399,GIC,35,58,10,531.00,"5,310.00"
2020-11-09,2020110904001396,GIC,59,36,10,532.00,"5,320.00"
2020-11-09,2020110904001395,GIC,59,58,10,532.00,"5,320.00"
2020-11-09,2020110904000908,GIC,38,35,10,535.00,"5,350.00"
2020-11-09,2020110904000907,GIC,38,19,10,535.00,"5,350.00"
2020-11-09,2020110904000915,GIC,38,26,10,531.00,"5,310.00"
2020-11-09,2020110904000914,GIC,34,40,10,533.00,"5,330.00"
2020-11-09,2020110904000913,GIC,38,21,10,531.00,"5,310.00"
2020-11-09,2020110904000912,GIC,38,21,10,531.00,"5,310.00"
2020-11-09,2020110904000910,GIC,38,38,450,535.00,"240,750.00"
2020-11-09,2020110904000909,GIC,38,34,10,535.00,"5,350.00"
2020-11-09,2020110904000921,GIC,38,34,10,531.00,"5,310.00"
2020-11-09,2020110904000920,GIC,38,54,10,531.00,"5,310.00"
2020-11-09,2020110904000919,GIC,38,47,10,531.00,"5,310.00"
2020-11-09,2020110904000918,GIC,38,21,10,531.00,"5,310.00"
2020-11-09,2020110904000917,GIC,38,21,10,531.00,"5,310.00"
2020-11-09,2020110904000916,GIC,38,21,10,531.00,"5,310.00"
2020-11-09,2020110904000927,GIC,38,47,10,531.00,"5,310.00"
2020-11-09,2020110904000926,GIC,38,21,10,531.00,"5,310.00"
2020-11-09,2020110904000925,GIC,38,14,10,531.00,"5,310.00"
2020-11-09,2020110904000924,GIC,38,10,10,531.00,"5,310.00"
2020-11-09,2020110904000923,GIC,38,48,10,531.00,"5,310.00"
2020-11-09,2020110904000922,GIC,38,21,10,531.00,"5,310.00"
2020-11-09,2020110904000933,GIC,38,10,10,531.00,"5,310.00"
2020-11-09,2020110904000932,GIC,38,10,10,531.00,"5,310.00"
2020-11-09,2020110904000931,GIC,38,21,10,531.00,"5,310.00"
2020-11-09,2020110904000930,GIC,38,10,10,531.00,"5,310.00"
2020-11-09,2020110904000929,GIC,38,21,10,531.00,"5,310.00"
2020-11-09,2020110904000928,GIC,38,50,10,531.00,"5,310.00"
2020-11-09,2020110904000939,GIC,39,36,10,532.00,"5,320.00"
2020-11-09,2020110904000938,GIC,38,10,10,531.00,"5,310.00"
2020-11-09,2020110904000937,GIC,38,10,10,531.00,"5,310.00"
2020-11-09,2020110904000936,GIC,38,48,10,531.00,"5,310.00"
2020-11-09,2020110904000935,GIC,38,22,10,531.00,"5,310.00"
2020-11-09,2020110904000934,GIC,38,50,10,531.00,"5,310.00"
2020-11-09,2020110904000951,GIC,38,39,10,531.00,"5,310.00"
2020-11-09,2020110904000950,GIC,38,10,10,531.00,"5,310.00"
2020-11-09,2020110904000949,GIC,38,48,10,531.00,"5,310.00"
2020-11-09,2020110904000947,GIC,38,14,10,531.00,"5,310.00"
2020-11-09,2020110904000945,GIC,38,10,10,531.00,"5,310.00"
2020-11-09,2020110904000940,GIC,38,10,10,531.00,"5,310.00"
2020-11-09,2020110904000965,GIC,38,58,10,530.00,"5,300.00"
2020-11-09,2020110904000964,GIC,38,10,10,530.00,"5,300.00"
2020-11-09,2020110904000963,GIC,38,16,10,530.00,"5,300.00"
2020-11-09,2020110904000962,GIC,38,5,10,530.00,"5,300.00"
2020-11-09,2020110904000960,GIC,38,10,10,530.00,"5,300.00"
2020-11-09,2020110904000959,GIC,38,50,10,531.00,"5,310.00"
2020-11-09,2020110904000973,GIC,38,42,10,530.00,"5,300.00"
2020-11-09,2020110904000972,GIC,38,10,10,530.00,"5,300.00"
2020-11-09,2020110904000971,GIC,38,32,10,530.00,"5,300.00"
2020-11-09,2020110904000970,GIC,38,10,10,530.00,"5,300.00"
2020-11-09,2020110904000968,GIC,38,5,10,530.00,"5,300.00"
2020-11-09,2020110904000967,GIC,38,10,10,530.00,"5,300.00"
2020-11-09,2020110904000979,GIC,38,10,10,530.00,"5,300.00"
2020-11-09,2020110904000978,GIC,38,10,10,530.00,"5,300.00"
2020-11-09,2020110904000977,GIC,38,42,10,530.00,"5,300.00"
2020-11-09,2020110904000976,GIC,38,42,10,530.00,"5,300.00"
2020-11-09,2020110904000975,GIC,38,10,10,530.00,"5,300.00"
2020-11-09,2020110904000974,GIC,38,38,10,530.00,"5,300.00"
2020-11-09,2020110904000988,GIC,38,10,10,530.00,"5,300.00"
2020-11-09,2020110904000987,GIC,38,37,10,530.00,"5,300.00"
2020-11-09,2020110904000985,GIC,38,10,10,530.00,"5,300.00"
2020-11-09,2020110904000982,GIC,38,49,10,530.00,"5,300.00"
2020-11-09,2020110904000981,GIC,38,10,10,530.00,"5,300.00"
2020-11-09,2020110904000980,GIC,38,58,10,530.00,"5,300.00"
2020-11-09,2020110904001005,GIC,53,56,10,531.00,"5,310.00"
2020-11-09,2020110904001001,GIC,53,38,10,531.00,"5,310.00"
2020-11-09,2020110904001000,GIC,53,38,10,531.00,"5,310.00"
2020-11-09,2020110904000995,GIC,53,38,10,531.00,"5,310.00"
2020-11-09,2020110904000992,GIC,53,42,10,531.00,"5,310.00"
2020-11-09,2020110904000990,GIC,53,48,10,531.00,"5,310.00"
2020-11-09,2020110904001017,GIC,53,10,10,531.00,"5,310.00"
2020-11-09,2020110904001011,GIC,53,6,10,531.00,"5,310.00"
2020-11-09,2020110904001010,GIC,53,38,10,531.00,"5,310.00"
2020-11-09,2020110904001009,GIC,53,14,10,531.00,"5,310.00"
2020-11-09,2020110904001008,GIC,53,38,10,531.00,"5,310.00"
2020-11-09,2020110904001007,GIC,19,36,10,532.00,"5,320.00"
2020-11-09,2020110904001026,GIC,53,7,10,531.00,"5,310.00"
2020-11-09,2020110904001025,GIC,53,10,10,531.00,"5,310.00"
2020-11-09,2020110904001024,GIC,53,36,10,531.00,"5,310.00"
2020-11-09,2020110904001022,GIC,53,7,10,531.00,"5,310.00"
2020-11-09,2020110904001019,GIC,53,10,10,531.00,"5,310.00"
2020-11-09,2020110904001018,GIC,53,10,10,531.00,"5,310.00"
2020-11-09,2020110904001036,GIC,57,36,100,532.00,"53,200.00"
2020-11-09,2020110904001035,GIC,34,47,10,531.00,"5,310.00"
2020-11-09,2020110904001034,GIC,34,10,10,531.00,"5,310.00"
2020-11-09,2020110904001032,GIC,53,52,10,531.00,"5,310.00"
2020-11-09,2020110904001030,GIC,53,32,10,531.00,"5,310.00"
2020-11-09,2020110904001029,GIC,53,10,10,531.00,"5,310.00"
2020-11-09,2020110904001047,GIC,48,10,10,530.00,"5,300.00"
2020-11-09,2020110904001044,GIC,48,10,10,530.00,"5,300.00"
2020-11-09,2020110904001043,GIC,13,36,212,532.00,"112,784.00"
2020-11-09,2020110904001042,GIC,13,3,10,531.00,"5,310.00"
2020-11-09,2020110904001040,GIC,34,52,10,531.00,"5,310.00"
2020-11-09,2020110904001038,GIC,34,10,10,531.00,"5,310.00"
2020-11-09,2020110904001057,GIC,1,59,10,531.00,"5,310.00"
2020-11-09,2020110904001056,GIC,56,44,10,531.00,"5,310.00"
2020-11-09,2020110904001055,GIC,44,38,10,530.00,"5,300.00"
2020-11-09,2020110904001053,GIC,44,35,20,530.00,"10,600.00"
2020-11-09,2020110904001052,GIC,48,35,80,530.00,"42,400.00"
2020-11-09,2020110904001050,GIC,6,49,10,531.00,"5,310.00"
2020-11-09,2020110904001063,GIC,1,45,10,531.00,"5,310.00"
2020-11-09,2020110904001062,GIC,1,10,10,531.00,"5,310.00"
2020-11-09,2020110904001061,GIC,1,58,10,531.00,"5,310.00"
2020-11-09,2020110904001060,GIC,1,14,10,531.00,"5,310.00"
2020-11-09,2020110904001059,GIC,1,36,10,531.00,"5,310.00"
2020-11-09,2020110904001058,GIC,1,6,10,531.00,"5,310.00"
2020-11-09,2020110904001071,GIC,1,22,10,531.00,"5,310.00"
2020-11-09,2020110904001070,GIC,1,6,10,531.00,"5,310.00"
2020-11-09,2020110904001067,GIC,1,10,10,531.00,"5,310.00"
2020-11-09,2020110904001066,GIC,1,10,10,531.00,"5,310.00"
2020-11-09,2020110904001065,GIC,1,41,10,531.00,"5,310.00"
2020-11-09,2020110904001064,GIC,1,32,10,531.00,"5,310.00"
2020-11-09,2020110904001079,GIC,6,16,10,531.00,"5,310.00"
2020-11-09,2020110904001077,GIC,6,56,10,531.00,"5,310.00"
2020-11-09,2020110904001075,GIC,6,22,10,531.00,"5,310.00"
2020-11-09,2020110904001074,GIC,1,10,10,531.00,"5,310.00"
2020-11-09,2020110904001073,GIC,1,21,50,531.00,"26,550.00"
2020-11-09,2020110904001072,GIC,1,17,10,531.00,"5,310.00"
2020-11-09,2020110904001088,GIC,1,51,10,531.00,"5,310.00"
2020-11-09,2020110904001087,GIC,1,43,10,531.00,"5,310.00"
2020-11-09,2020110904001086,GIC,1,10,10,531.00,"5,310.00"
2020-11-09,2020110904001085,GIC,1,43,10,531.00,"5,310.00"
2020-11-09,2020110904001084,GIC,1,59,10,531.00,"5,310.00"
2020-11-09,2020110904001083,GIC,1,6,10,531.00,"5,310.00"
2020-11-09,2020110904001096,GIC,44,41,10,530.00,"5,300.00"
2020-11-09,2020110904001093,GIC,44,45,10,530.00,"5,300.00"
2020-11-09,2020110904001092,GIC,1,8,10,531.00,"5,310.00"
2020-11-09,2020110904001091,GIC,1,35,10,531.00,"5,310.00"
2020-11-09,2020110904001090,GIC,1,6,10,531.00,"5,310.00"
2020-11-09,2020110904001089,GIC,1,45,10,531.00,"5,310.00"
2020-11-09,2020110904001105,GIC,44,47,10,530.00,"5,300.00"
2020-11-09,2020110904001104,GIC,44,42,10,530.00,"5,300.00"
2020-11-09,2020110904001103,GIC,44,14,10,530.00,"5,300.00"
2020-11-09,2020110904001101,GIC,44,10,10,530.00,"5,300.00"
2020-11-09,2020110904001100,GIC,44,42,10,530.00,"5,300.00"
2020-11-09,2020110904001098,GIC,44,36,10,530.00,"5,300.00"
2020-11-09,2020110904001113,GIC,21,58,10,531.00,"5,310.00"
2020-11-09,2020110904001112,GIC,21,54,10,531.00,"5,310.00"
2020-11-09,2020110904001111,GIC,44,58,10,530.00,"5,300.00"
2020-11-09,2020110904001109,GIC,44,26,10,530.00,"5,300.00"
2020-11-09,2020110904001108,GIC,44,50,10,530.00,"5,300.00"
2020-11-09,2020110904001107,GIC,44,8,10,530.00,"5,300.00"
2020-11-09,2020110904001129,GIC,44,21,10,530.00,"5,300.00"
2020-11-09,2020110904001128,GIC,44,40,10,530.00,"5,300.00"
2020-11-09,2020110904001127,GIC,57,48,10,531.00,"5,310.00"
2020-11-09,2020110904001119,GIC,44,42,10,530.00,"5,300.00"
2020-11-09,2020110904001118,GIC,44,40,10,530.00,"5,300.00"
2020-11-09,2020110904001114,GIC,44,57,10,530.00,"5,300.00"
2020-11-09,2020110904001135,GIC,1,13,10,531.00,"5,310.00"
2020-11-09,2020110904001134,GIC,1,56,10,531.00,"5,310.00"
2020-11-09,2020110904001133,GIC,1,40,10,530.00,"5,300.00"
2020-11-09,2020110904001132,GIC,44,6,10,530.00,"5,300.00"
2020-11-09,2020110904001131,GIC,44,21,10,530.00,"5,300.00"
2020-11-09,2020110904001130,GIC,44,21,10,530.00,"5,300.00"
2020-11-09,2020110904001141,GIC,44,21,10,530.00,"5,300.00"
2020-11-09,2020110904001140,GIC,44,38,10,530.00,"5,300.00"
2020-11-09,2020110904001139,GIC,44,57,10,530.00,"5,300.00"
2020-11-09,2020110904001138,GIC,44,34,10,530.00,"5,300.00"
2020-11-09,2020110904001137,GIC,1,57,10,531.00,"5,310.00"
2020-11-09,2020110904001136,GIC,1,21,10,531.00,"5,310.00"
2020-11-09,2020110904001148,GIC,51,21,10,530.00,"5,300.00"
2020-11-09,2020110904001147,GIC,51,21,10,530.00,"5,300.00"
2020-11-09,2020110904001145,GIC,51,21,10,530.00,"5,300.00"
2020-11-09,2020110904001144,GIC,44,36,10,530.00,"5,300.00"
2020-11-09,2020110904001143,GIC,44,57,10,530.00,"5,300.00"
2020-11-09,2020110904001142,GIC,44,42,10,530.00,"5,300.00"
2020-11-09,2020110904001157,GIC,51,46,10,530.00,"5,300.00"
2020-11-09,2020110904001156,GIC,51,58,10,530.00,"5,300.00"
2020-11-09,2020110904001154,GIC,51,52,10,530.00,"5,300.00"
2020-11-09,2020110904001152,GIC,51,34,10,530.00,"5,300.00"
2020-11-09,2020110904001150,GIC,51,6,10,530.00,"5,300.00"
2020-11-09,2020110904001149,GIC,51,51,10,530.00,"5,300.00"
2020-11-09,2020110904001165,GIC,20,16,10,530.00,"5,300.00"
2020-11-09,2020110904001164,GIC,20,56,10,530.00,"5,300.00"
2020-11-09,2020110904001163,GIC,20,22,10,530.00,"5,300.00"
2020-11-09,2020110904001160,GIC,20,21,10,530.00,"5,300.00"
2020-11-09,2020110904001159,GIC,20,46,10,530.00,"5,300.00"
2020-11-09,2020110904001158,GIC,51,49,10,530.00,"5,300.00"
2020-11-09,2020110904001178,GIC,20,38,10,530.00,"5,300.00"
2020-11-09,2020110904001177,GIC,20,21,10,530.00,"5,300.00"
2020-11-09,2020110904001172,GIC,20,21,10,530.00,"5,300.00"
2020-11-09,2020110904001169,GIC,20,38,10,530.00,"5,300.00"
2020-11-09,2020110904001167,GIC,20,38,10,530.00,"5,300.00"
2020-11-09,2020110904001166,GIC,20,22,10,530.00,"5,300.00"
2020-11-09,2020110904001190,GIC,29,19,50,530.00,"26,500.00"
2020-11-09,2020110904001189,GIC,36,19,180,530.00,"95,400.00"
2020-11-09,2020110904001188,GIC,20,19,60,530.00,"31,800.00"
2020-11-09,2020110904001185,GIC,20,58,10,530.00,"5,300.00"
2020-11-09,2020110904001184,GIC,20,8,10,530.00,"5,300.00"
2020-11-09,2020110904001180,GIC,20,32,10,530.00,"5,300.00"
2020-11-09,2020110904001198,GIC,45,1,10,531.00,"5,310.00"
2020-11-09,2020110904001197,GIC,39,34,10,530.00,"5,300.00"
2020-11-09,2020110904001194,GIC,39,19,35,530.00,"18,550.00"
2020-11-09,2020110904001193,GIC,21,19,100,530.00,"53,000.00"
2020-11-09,2020110904001192,GIC,11,19,50,530.00,"26,500.00"
2020-11-09,2020110904001191,GIC,45,19,35,530.00,"18,550.00"
2020-11-09,2020110904001228,GIC,11,21,10,530.00,"5,300.00"
2020-11-09,2020110904001221,GIC,39,22,10,530.00,"5,300.00"
2020-11-09,2020110904001220,GIC,39,21,10,530.00,"5,300.00"
2020-11-09,2020110904001213,GIC,39,41,10,530.00,"5,300.00"
2020-11-09,2020110904001212,GIC,39,55,10,530.00,"5,300.00"
2020-11-09,2020110904001202,GIC,39,21,10,530.00,"5,300.00"
2020-11-09,2020110904001242,GIC,50,58,10,531.00,"5,310.00"
2020-11-09,2020110904001240,GIC,34,42,10,530.00,"5,300.00"
2020-11-09,2020110904001239,GIC,34,48,10,530.00,"5,300.00"
2020-11-09,2020110904001236,GIC,34,38,10,530.00,"5,300.00"
2020-11-09,2020110904001235,GIC,34,42,10,530.00,"5,300.00"
2020-11-09,2020110904001234,GIC,34,38,10,530.00,"5,300.00"
2020-11-09,2020110904001253,GIC,47,36,50,531.00,"26,550.00"
2020-11-09,2020110904001251,GIC,34,4,10,530.00,"5,300.00"
2020-11-09,2020110904001249,GIC,34,49,10,530.00,"5,300.00"
2020-11-09,2020110904001248,GIC,34,49,10,530.00,"5,300.00"
2020-11-09,2020110904001244,GIC,50,41,10,531.00,"5,310.00"
2020-11-09,2020110904001243,GIC,50,21,10,531.00,"5,310.00"
2020-11-09,2020110904001260,GIC,58,36,118,531.00,"62,658.00"
2020-11-09,2020110904001259,GIC,34,48,20,530.00,"10,600.00"
2020-11-09,2020110904001258,GIC,34,45,10,530.00,"5,300.00"
2020-11-09,2020110904001257,GIC,34,38,10,530.00,"5,300.00"
2020-11-09,2020110904001256,GIC,34,17,10,530.00,"5,300.00"
2020-11-09,2020110904001254,GIC,34,49,10,530.00,"5,300.00"
2020-11-09,2020110904001267,GIC,34,6,10,530.00,"5,300.00"
2020-11-09,2020110904001266,GIC,34,59,10,530.00,"5,300.00"
2020-11-09,2020110904001265,GIC,34,33,10,530.00,"5,300.00"
2020-11-09,2020110904001264,GIC,34,38,10,530.00,"5,300.00"
2020-11-09,2020110904001262,GIC,34,38,10,530.00,"5,300.00"
2020-11-09,2020110904001261,GIC,58,38,10,531.00,"5,310.00"
2020-11-09,2020110904001278,GIC,34,21,10,530.00,"5,300.00"
2020-11-09,2020110904001274,GIC,34,6,10,530.00,"5,300.00"
2020-11-09,2020110904001273,GIC,4,3,10,531.00,"5,310.00"
2020-11-09,2020110904001271,GIC,34,32,10,530.00,"5,300.00"
2020-11-09,2020110904001270,GIC,34,38,10,530.00,"5,300.00"
2020-11-09,2020110904001268,GIC,34,34,10,530.00,"5,300.00"
2020-11-09,2020110904001313,GIC,44,3,200,531.00,"106,200.00"
2020-11-09,2020110904001312,GIC,34,41,10,530.00,"5,300.00"
2020-11-09,2020110904001310,GIC,34,38,10,530.00,"5,300.00"
2020-11-09,2020110904001303,GIC,34,40,60,530.00,"31,800.00"
2020-11-09,2020110904001302,GIC,34,41,10,530.00,"5,300.00"
2020-11-09,2020110904001281,GIC,34,38,10,530.00,"5,300.00"
2020-11-09,2020110904001320,GIC,34,34,10,530.00,"5,300.00"
2020-11-09,2020110904001319,GIC,34,38,10,530.00,"5,300.00"
2020-11-09,2020110904001317,GIC,34,16,100,530.00,"53,000.00"
2020-11-09,2020110904001316,GIC,44,16,100,530.00,"53,000.00"
2020-11-09,2020110904001315,GIC,44,57,100,531.00,"53,100.00"
2020-11-09,2020110904001314,GIC,44,37,10,531.00,"5,310.00"
2020-11-09,2020110904001331,GIC,35,58,10,531.00,"5,310.00"
2020-11-09,2020110904001330,GIC,35,33,10,531.00,"5,310.00"
2020-11-09,2020110904001329,GIC,45,6,200,531.00,"106,200.00"
2020-11-09,2020110904001325,GIC,34,34,10,530.00,"5,300.00"
2020-11-09,2020110904001323,GIC,39,41,5,530.00,"2,650.00"
2020-11-09,2020110904001322,GIC,34,16,10,530.00,"5,300.00"
2020-11-09,2020110904001344,GIC,35,38,10,531.00,"5,310.00"
2020-11-09,2020110904001343,GIC,35,19,10,531.00,"5,310.00"
2020-11-09,2020110904001342,GIC,35,54,10,531.00,"5,310.00"
2020-11-09,2020110904001340,GIC,35,58,10,531.00,"5,310.00"
2020-11-09,2020110904001339,GIC,35,7,10,531.00,"5,310.00"
2020-11-09,2020110904001337,GIC,35,21,10,531.00,"5,310.00"
2020-11-09,2020110904001384,GIC,35,32,10,531.00,"5,310.00"
2020-11-09,2020110904001381,GIC,35,38,10,531.00,"5,310.00"
2020-11-09,2020110904001357,GIC,35,58,10,531.00,"5,310.00"
2020-11-09,2020110904001354,GIC,35,45,10,531.00,"5,310.00"
2020-11-09,2020110904001353,GIC,35,14,10,531.00,"5,310.00"
2020-11-09,2020110904001346,GIC,35,45,10,531.00,"5,310.00"
2020-11-09,2020110904001394,GIC,59,57,20,532.00,"10,640.00"
2020-11-09,2020110904001393,GIC,59,25,50,532.00,"26,600.00"
2020-11-09,2020110904001392,GIC,7,45,10,532.00,"5,320.00"
2020-11-09,2020110904001391,GIC,7,34,10,532.00,"5,320.00"
2020-11-09,2020110904001390,GIC,35,55,10,531.00,"5,310.00"
2020-11-09,2020110904001389,GIC,46,14,10,532.00,"5,320.00"
2020-11-09,2020110904001383,GIMES1,45,22,200,10.14,"2,028.00"
2020-11-09,2020110904001350,GIMES1,45,7,"6,000",10.14,"60,840.00"
2020-11-09,2020110904001349,GIMES1,45,33,"40,000",10.14,"405,600.00"
2020-11-09,2020110904001345,GIMES1,45,33,"60,000",10.14,"608,400.00"
2020-11-09,2020110904000943,GIMES1,34,4,"3,700",10.05,"37,185.00"
2020-11-09,2020110904000942,GIMES1,21,4,500,10.06,"5,030.00"
2020-11-09,2020110904000941,GIMES1,21,4,800,10.06,"8,048.00"
2020-11-09,2020110904001373,LEMF,33,58,"5,000",9.43,"47,150.00"
2020-11-09,2020110904001122,LEMF,58,41,"2,000",9.41,"18,820.00"
2020-11-09,2020110904001121,LEMF,33,41,"5,000",9.42,"47,100.00"
2020-11-09,2020110904001380,LUK,45,58,100,9.51,951.00
2020-11-09,2020110904001352,LUK,45,45,400,9.51,"3,804.00"
2020-11-09,2020110904001327,LUK,38,45,"3,300",9.51,"31,383.00"
2020-11-09,2020110904001326,LUK,38,22,100,9.50,950.00
2020-11-09,2020110904001255,LUK,34,22,200,9.45,"1,890.00"
2020-11-09,2020110904001116,LUK,25,22,400,9.50,"3,800.00"
2020-11-09,2020110904000952,LUK,6,42,100,9.50,950.00
2020-11-09,2020110904001082,LUK,25,42,100,9.50,950.00
2020-11-09,2020110904001080,LUK,25,52,100,9.50,950.00
2020-11-09,2020110904001076,LUK,25,57,200,9.50,"1,900.00"
2020-11-09,2020110904001041,LUK,25,47,100,9.50,950.00
2020-11-09,2020110904001028,LUK,25,22,100,9.50,950.00
2020-11-09,2020110904001006,LUK,6,22,100,9.50,950.00
2020-11-09,2020110904001386,NBF2,22,49,"5,000",9.56,"47,800.00"
2020-11-09,2020110904001382,NBF2,22,58,100,9.56,956.00
2020-11-09,2020110904001227,NBF2,58,41,"146,010",9.60,"1,401,696.00"
2020-11-09,2020110904001226,NBF2,58,48,"4,000",9.60,"38,400.00"
2020-11-09,2020110904001225,NBF2,58,7,"3,000",9.60,"28,800.00"
2020-11-09,2020110904001049,NBF2,11,22,100,9.55,955.00
2020-11-09,2020110904001023,NBF2,11,37,150,9.55,"1,432.50"
2020-11-09,2020110904000993,NBF2,51,22,"1,000",9.59,"9,590.00"
2020-11-09,2020110904001224,NBF2,58,56,"1,000",9.60,"9,600.00"
2020-11-09,2020110904001223,NBF2,58,22,"2,000",9.59,"19,180.00"
2020-11-09,2020110904001222,NBF2,58,46,"1,000",9.58,"9,580.00"
2020-11-09,2020110904001120,NBF2,11,22,100,9.55,955.00
2020-11-09,2020110904001398,NEF,58,39,"18,000",9.51,"171,180.00"
2020-11-09,2020110904001397,NEF,33,39,"2,000",9.51,"19,020.00"
2020-11-09,2020110904001378,NEF,58,22,138,9.51,"1,312.38"
2020-11-09,2020110904001201,NEF,58,22,241,9.51,"2,291.91"
2020-11-09,2020110904001081,NEF,56,56,"2,900",9.60,"27,840.00"
2020-11-09,2020110904001372,NIBLPF,58,22,200,9.72,"1,944.00"
2020-11-09,2020110904001275,NIBLPF,58,25,505,9.72,"4,908.60"
2020-11-09,2020110904001216,NIBLPF,58,22,"2,020",9.72,"19,634.40"
2020-11-09,2020110904001215,NIBLPF,58,42,378,9.72,"3,674.16"
2020-11-09,2020110904001214,NIBLPF,45,42,222,9.72,"2,157.84"
2020-11-09,2020110904001068,NIBLPF,45,58,253,9.72,"2,459.16"
2020-11-09,2020110904001355,NIBPO,42,34,950,373.00,"354,350.00"
2020-11-09,2020110904001335,NIBPO,49,28,590,371.00,"218,890.00"
2020-11-09,2020110904001334,NIBPO,49,49,"6,000",371.00,"2,226,000.00"
2020-11-09,2020110904001333,NIBPO,32,49,"1,000",371.00,"371,000.00"
2020-11-09,2020110904001332,NIBPO,49,28,401,371.00,"148,771.00"
2020-11-09,2020110904001309,NIBPO,32,28,"1,000",371.00,"371,000.00"
2020-11-09,2020110904001013,NIBPO,19,13,139,372.00,"51,708.00"
2020-11-09,2020110904001146,NIBPO,32,28,560,374.00,"209,440.00"
2020-11-09,2020110904001110,NIBPO,45,28,69,374.00,"25,806.00"
2020-11-09,2020110904001106,NIBPO,45,28,150,374.00,"56,100.00"
2020-11-09,2020110904001069,NIBPO,11,28,500,374.00,"187,000.00"
2020-11-09,2020110904001021,NIBPO,16,13,144,373.00,"53,712.00"
2020-11-09,2020110904001020,NIBPO,16,17,150,373.00,"55,950.00"
2020-11-09,2020110904001289,NIBPO,47,28,20,372.00,"7,440.00"
2020-11-09,2020110904001196,NIBPO,47,34,50,373.00,"18,650.00"
2020-11-09,2020110904001187,NIBPO,32,34,"1,000",372.00,"372,000.00"
2020-11-09,2020110904001183,NIBPO,47,28,220,374.00,"82,280.00"
2020-11-09,2020110904001171,NIBPO,47,28,100,374.00,"37,400.00"
2020-11-09,2020110904001170,NIBPO,32,59,500,372.00,"186,000.00"
2020-11-09,2020110904001295,NIBPO,44,28,100,371.00,"37,100.00"
2020-11-09,2020110904001294,NIBPO,47,28,15,371.00,"5,565.00"
2020-11-09,2020110904001293,NIBPO,47,28,40,371.00,"14,840.00"
2020-11-09,2020110904001292,NIBPO,47,28,15,371.00,"5,565.00"
2020-11-09,2020110904001291,NIBPO,29,28,200,371.00,"74,200.00"
2020-11-09,2020110904001290,NIBPO,47,28,20,372.00,"7,440.00"
2020-11-09,2020110904001233,NIBSF1,58,17,"1,500",10.30,"15,450.00"
2020-11-09,2020110904001115,NIBSF1,58,45,500,10.30,"5,150.00"
2020-11-09,2020110904001356,NICBF,41,22,500,9.70,"4,850.00"
2020-11-09,2020110904001347,NICBF,41,57,100,9.80,980.00
2020-11-09,2020110904001250,NICBF,22,22,300,9.68,"2,904.00"
2020-11-09,2020110904001200,NICBF,22,22,100,9.68,968.00
2020-11-09,2020110904001199,NICBF,51,22,200,9.70,"1,940.00"
2020-11-09,2020110904001123,NICBF,51,22,200,9.70,"1,940.00"
2020-11-09,2020110904001048,NICBF,51,47,100,9.70,970.00
2020-11-09,2020110904001031,NICBF,51,42,500,9.70,"4,850.00"
2020-11-09,2020110904001351,NICGF,58,22,400,10.15,"4,060.00"
2020-11-09,2020110904001318,NICGF,58,19,"6,000",10.15,"60,900.00"
2020-11-09,2020110904001311,NICGF,49,45,"153,900",10.11,"1,555,929.00"
2020-11-09,2020110904001285,NICGF,49,1,"10,000",10.10,"101,000.00"
2020-11-09,2020110904001284,NICGF,49,17,"3,700",10.10,"37,370.00"
2020-11-09,2020110904001247,NICGF,33,22,150,10.04,"1,506.00"
2020-11-09,2020110904000911,NICGF,50,26,100,10.02,"1,002.00"
2020-11-09,2020110904001186,NICGF,33,22,300,10.04,"3,012.00"
2020-11-09,2020110904001155,NICGF,33,22,200,10.04,"2,008.00"
2020-11-09,2020110904001033,NICGF,33,45,100,10.04,"1,004.00"
2020-11-09,2020110904001016,NICGF,33,17,"9,000",10.04,"90,360.00"
2020-11-09,2020110904000994,NICGF,33,42,150,10.04,"1,506.00"
2020-11-09,2020110904000961,NICGF,33,42,100,10.04,"1,004.00"
2020-11-09,2020110904001348,NMB50,49,22,300,9.60,"2,880.00"
2020-11-09,2020110904001287,NMB50,49,7,900,9.60,"8,640.00"
2020-11-09,2020110904001282,NMB50,11,7,"2,100",9.70,"20,370.00"
2020-11-09,2020110904001269,NMB50,11,25,500,9.70,"4,850.00"
2020-11-09,2020110904001182,NMB50,11,22,200,9.70,"1,940.00"
2020-11-09,2020110904001153,NMB50,11,22,200,9.70,"1,940.00"
2020-11-09,2020110904001046,NMB50,11,22,200,9.74,"1,948.00"
2020-11-09,2020110904001341,NMBHF1,22,22,300,9.72,"2,916.00"
2020-11-09,2020110904001195,NMBHF1,58,7,"10,000",9.82,"98,200.00"
2020-11-09,2020110904001095,NMBHF1,22,58,"1,577",9.81,"15,470.37"
2020-11-09,2020110904001045,NMBHF1,6,7,"3,336",9.81,"32,726.16"
2020-11-09,2020110904001037,NMBHF1,6,34,"1,664",9.80,"16,307.20"
2020-11-09,2020110904001004,NMBHF1,33,36,"2,040",9.68,"19,747.20"
2020-11-09,2020110904001003,NMBHF1,54,36,870,9.70,"8,439.00"
2020-11-09,2020110904001002,NMBHF1,33,36,"1,168",9.71,"11,341.28"
2020-11-09,2020110904000991,NMBHF1,33,51,832,9.71,"8,078.72"
2020-11-09,2020110904001286,RBCLPO,6,40,30,"12,300.00","369,000.00"
2020-11-09,2020110904001102,RBCLPO,50,26,20,"12,450.00","249,000.00"
2020-11-09,2020110904001097,RBCLPO,50,33,10,"12,450.00","124,500.00"
2020-11-09,2020110904001027,RBCLPO,32,19,10,"12,397.00","123,970.00"
2020-11-09,2020110904000999,RBCLPO,33,33,40,"12,450.00","498,000.00"
2020-11-09,2020110904000998,RBCLPO,33,33,100,"12,450.00","1,245,000.00"
2020-11-09,2020110904000957,RBCLPO,55,34,10,"12,585.00","125,850.00"
2020-11-09,2020110904000956,RBCLPO,17,34,10,"12,585.00","125,850.00"
2020-11-09,2020110904000955,RBCLPO,4,33,10,"12,650.00","126,500.00"
2020-11-09,2020110904000954,RBCLPO,4,14,30,"12,650.00","379,500.00"
2020-11-09,2020110904000953,RBCLPO,4,35,10,"12,650.00","126,500.00"
2020-11-09,2020110904000997,RBCLPO,41,33,10,"12,450.00","124,500.00"
2020-11-09,2020110904000996,RBCLPO,32,33,40,"12,451.00","498,040.00"
2020-11-09,2020110904000984,RBCLPO,38,40,20,"12,452.00","249,040.00"
2020-11-09,2020110904000983,RBCLPO,38,40,10,"12,452.00","124,520.00"
2020-11-09,2020110904000966,RBCLPO,7,58,10,"12,500.00","125,000.00"
2020-11-09,2020110904000958,RBCLPO,39,34,55,"12,580.00","691,900.00"
2020-11-09,2020110904001388,SAEF,25,53,"1,500",10.45,"15,675.00"
2020-11-09,2020110904001338,SAEF,58,22,100,10.50,"1,050.00"
2020-11-09,2020110904001308,SAEF,58,58,"5,000",10.50,"52,500.00"
2020-11-09,2020110904001307,SAEF,58,47,"1,000",10.50,"10,500.00"
2020-11-09,2020110904001306,SAEF,58,22,"7,500",10.50,"78,750.00"
2020-11-09,2020110904001305,SAEF,58,42,100,10.50,"1,050.00"
2020-11-09,2020110904001012,SAEF,33,47,500,10.36,"5,180.00"
2020-11-09,2020110904000989,SAEF,33,19,"5,000",10.36,"51,800.00"
2020-11-09,2020110904000948,SAEF,33,19,"10,000",10.36,"103,600.00"
2020-11-09,2020110904001296,SAEF,25,54,"1,000",10.42,"10,420.00"
2020-11-09,2020110904001272,SAEF,58,45,"1,000",10.41,"10,410.00"
2020-11-09,2020110904001232,SAEF,25,22,500,10.40,"5,200.00"
2020-11-09,2020110904001230,SAEF,25,41,500,10.40,"5,200.00"
2020-11-09,2020110904001229,SAEF,25,57,500,10.40,"5,200.00"
2020-11-09,2020110904001124,SAEF,6,41,"1,000",10.36,"10,360.00"
2020-11-09,2020110904001304,SAEF,58,17,"1,000",10.48,"10,480.00"
2020-11-09,2020110904001301,SAEF,25,28,"5,000",10.45,"52,250.00"
2020-11-09,2020110904001300,SAEF,25,17,"1,000",10.45,"10,450.00"
2020-11-09,2020110904001299,SAEF,25,46,"2,000",10.44,"20,880.00"
2020-11-09,2020110904001298,SAEF,25,21,500,10.43,"5,215.00"
2020-11-09,2020110904001297,SAEF,25,45,"1,000",10.43,"10,430.00"
2020-11-09,2020110904001324,SAND2085,17,17,270,"1,055.00","284,850.00"
2020-11-09,2020110904000969,SBIBD86,6,42,25,"1,050.00","26,250.00"
2020-11-09,2020110904001406,SEF,8,45,"2,800",10.12,"28,336.00"
2020-11-09,2020110904001404,SEF,45,39,"4,975",10.10,"50,247.50"
2020-11-09,2020110904001401,SEF,45,26,"20,000",10.10,"202,000.00"
2020-11-09,2020110904001387,SEF,45,43,"2,000",10.10,"20,200.00"
2020-11-09,2020110904001379,SEF,45,52,"5,000",10.10,"50,500.00"
2020-11-09,2020110904001371,SEF,45,41,"5,000",10.10,"50,500.00"
2020-11-09,2020110904000946,SEF,8,42,500,9.96,"4,980.00"
2020-11-09,2020110904001203,SEF,58,46,"2,000",9.98,"19,960.00"
2020-11-09,2020110904001162,SEF,8,42,"1,000",9.96,"9,960.00"
2020-11-09,2020110904001125,SEF,8,41,"1,000",9.96,"9,960.00"
2020-11-09,2020110904001094,SEF,8,42,500,9.96,"4,980.00"
2020-11-09,2020110904001051,SEF,1,52,"7,000",10.00,"70,000.00"
2020-11-09,2020110904001039,SEF,8,16,650,9.96,"6,474.00"
2020-11-09,2020110904001209,SEF,58,28,"1,000",10.05,"10,050.00"
2020-11-09,2020110904001208,SEF,58,21,500,10.04,"5,020.00"
2020-11-09,2020110904001207,SEF,58,19,"20,000",10.04,"200,800.00"
2020-11-09,2020110904001206,SEF,58,55,"2,200",10.00,"22,000.00"
2020-11-09,2020110904001205,SEF,58,25,"1,000",10.00,"10,000.00"
2020-11-09,2020110904001204,SEF,58,46,"2,000",9.99,"19,980.00"
2020-11-09,2020110904001277,SEF,50,36,500,9.97,"4,985.00"
2020-11-09,2020110904001276,SEF,14,36,"2,000",9.97,"19,940.00"
2020-11-09,2020110904001246,SEF,50,57,700,10.05,"7,035.00"
2020-11-09,2020110904001245,SEF,58,57,"19,300",10.05,"193,965.00"
2020-11-09,2020110904001211,SEF,58,16,"5,000",10.05,"50,250.00"
2020-11-09,2020110904001210,SEF,58,51,"1,000",10.05,"10,050.00"
2020-11-09,2020110904001358,SEF,45,28,"1,000",10.06,"10,060.00"
2020-11-09,2020110904001328,SEF,8,22,200,9.98,"1,996.00"
2020-11-09,2020110904001288,SEF,50,36,"1,000",9.97,"9,970.00"
2020-11-09,2020110904001283,SEF,50,36,"1,000",9.97,"9,970.00"
2020-11-09,2020110904001280,SEF,50,36,"2,500",9.97,"24,925.00"
2020-11-09,2020110904001279,SEF,50,36,"2,500",9.97,"24,925.00"
2020-11-09,2020110904001364,SEF,45,26,"5,000",10.09,"50,450.00"
2020-11-09,2020110904001363,SEF,45,41,"2,000",10.09,"20,180.00"
2020-11-09,2020110904001362,SEF,45,19,"1,200",10.08,"12,096.00"
2020-11-09,2020110904001361,SEF,45,28,"2,000",10.08,"20,160.00"
2020-11-09,2020110904001360,SEF,45,28,"1,000",10.07,"10,070.00"
2020-11-09,2020110904001359,SEF,45,26,"10,000",10.06,"100,600.00"
2020-11-09,2020110904001370,SEF,45,22,"10,000",10.10,"101,000.00"
2020-11-09,2020110904001369,SEF,45,58,"1,000",10.10,"10,100.00"
2020-11-09,2020110904001368,SEF,45,41,"1,000",10.10,"10,100.00"
2020-11-09,2020110904001367,SEF,45,13,"2,000",10.10,"20,200.00"
2020-11-09,2020110904001366,SEF,45,13,"2,000",10.10,"20,200.00"
2020-11-09,2020110904001365,SEF,45,13,"1,830",10.10,"18,483.00"
2020-11-09,2020110904001241,SFMF,50,22,100,10.00,"1,000.00"
2020-11-09,2020110904001179,SFMF,50,22,500,10.00,"5,000.00"
2020-11-09,2020110904001151,SFMF,50,22,500,10.00,"5,000.00"
2020-11-09,2020110904001402,SGI,34,58,10,454.00,"4,540.00"
2020-11-09,2020110904001385,SGI,34,58,10,454.00,"4,540.00"
2020-11-09,2020110904001336,SGI,34,42,10,454.00,"4,540.00"
2020-11-09,2020110904001263,SGI,34,48,10,454.00,"4,540.00"
2020-11-09,2020110904001231,SGI,34,48,10,454.00,"4,540.00"
2020-11-09,2020110904001117,SGI,34,36,10,454.00,"4,540.00"
2020-11-09,2020110904001078,SGI,34,52,10,454.00,"4,540.00"
2020-11-09,2020110904001015,SGI,34,57,10,454.00,"4,540.00"
2020-11-09,2020110904001377,STC,25,49,10,"4,500.00","45,000.00"
2020-11-09,2020110904001376,STC,57,49,75,"4,500.00","337,500.00"
2020-11-09,2020110904001375,STC,45,49,10,"4,500.00","45,000.00"
2020-11-09,2020110904001374,STC,59,49,20,"4,500.00","90,000.00"
2020-11-09,2020110904001321,STC,5,26,20,"4,500.00","90,000.00"
2020-11-09,2020110904001252,STC,5,34,20,"4,500.00","90,000.00"
2020-11-09,2020110904001175,STC,48,56,10,"4,522.00","45,220.00"
2020-11-09,2020110904001174,STC,59,56,10,"4,523.00","45,230.00"
2020-11-09,2020110904001173,STC,59,56,10,"4,525.00","45,250.00"
2020-11-09,2020110904001168,STC,59,56,40,"4,525.00","181,000.00"
2020-11-09,2020110904001161,STC,59,49,100,"4,525.00","452,500.00"
2020-11-09,2020110904001054,STC,17,34,35,"4,560.00","159,600.00"
2020-11-09,2020110904001238,STC,5,19,25,"4,500.00","112,500.00"
2020-11-09,2020110904001237,STC,6,19,25,"4,500.00","112,500.00"
2020-11-09,2020110904001219,STC,6,34,25,"4,500.00","112,500.00"
2020-11-09,2020110904001218,STC,59,34,10,"4,510.00","45,100.00"
2020-11-09,2020110904001217,STC,25,34,10,"4,510.00","45,100.00"
2020-11-09,2020110904001176,STC,40,56,20,"4,520.00","90,400.00"
2020-11-09,2020110904000796,BBC,17,58,46,"2,350.00","108,100.00"
2020-11-09,2020110904000793,BBC,49,58,200,"2,351.00","470,200.00"
2020-11-09,2020110904000790,BBC,29,58,50,"2,360.00","118,000.00"
2020-11-09,2020110904000789,BBC,21,58,10,"2,361.00","23,610.00"
2020-11-09,2020110904000583,BBC,29,40,50,"2,360.00","118,000.00"
2020-11-09,2020110904000582,BBC,37,43,45,"2,391.00","107,595.00"
2020-11-09,2020110904000550,BBC,56,50,10,"2,391.00","23,910.00"
2020-11-09,2020110904000409,BBC,37,14,25,"2,390.00","59,750.00"
2020-11-09,2020110904000746,CMF1,50,42,100,9.70,970.00
2020-11-09,2020110904000687,CMF1,50,22,500,9.89,"4,945.00"
2020-11-09,2020110904000683,CMF1,21,14,115,9.92,"1,140.80"
2020-11-09,2020110904000906,GIC,38,55,10,535.00,"5,350.00"
2020-11-09,2020110904000905,GIC,38,50,10,534.00,"5,340.00"
2020-11-09,2020110904000903,GIC,38,41,10,531.00,"5,310.00"
2020-11-09,2020110904000902,GIC,38,41,100,534.00,"53,400.00"
2020-11-09,2020110904000901,GIC,38,46,10,534.00,"5,340.00"
2020-11-09,2020110904000900,GIC,38,6,10,531.00,"5,310.00"
2020-11-09,2020110904000410,GIC,44,16,10,530.00,"5,300.00"
2020-11-09,2020110904000408,GIC,44,45,10,530.00,"5,300.00"
2020-11-09,2020110904000407,GIC,44,22,10,530.00,"5,300.00"
2020-11-09,2020110904000417,GIC,44,16,10,530.00,"5,300.00"
2020-11-09,2020110904000415,GIC,44,16,10,530.00,"5,300.00"
2020-11-09,2020110904000414,GIC,29,38,75,531.00,"39,825.00"
2020-11-09,2020110904000413,GIC,29,44,10,531.00,"5,310.00"
2020-11-09,2020110904000412,GIC,29,45,10,531.00,"5,310.00"
2020-11-09,2020110904000411,GIC,44,26,10,530.00,"5,300.00"
2020-11-09,2020110904000430,GIC,44,49,10,530.00,"5,300.00"
2020-11-09,2020110904000429,GIC,44,34,10,530.00,"5,300.00"
2020-11-09,2020110904000422,GIC,44,45,10,530.00,"5,300.00"
2020-11-09,2020110904000421,GIC,44,54,10,530.00,"5,300.00"
2020-11-09,2020110904000420,GIC,44,32,10,530.00,"5,300.00"
2020-11-09,2020110904000418,GIC,44,16,10,530.00,"5,300.00"
2020-11-09,2020110904000442,GIC,44,6,10,530.00,"5,300.00"
2020-11-09,2020110904000441,GIC,44,34,10,530.00,"5,300.00"
2020-11-09,2020110904000436,GIC,44,34,10,530.00,"5,300.00"
2020-11-09,2020110904000433,GIC,44,49,10,530.00,"5,300.00"
2020-11-09,2020110904000432,GIC,44,49,10,530.00,"5,300.00"
2020-11-09,2020110904000431,GIC,44,36,10,530.00,"5,300.00"
2020-11-09,2020110904000451,GIC,44,42,10,530.00,"5,300.00"
2020-11-09,2020110904000450,GIC,44,6,10,530.00,"5,300.00"
2020-11-09,2020110904000448,GIC,44,17,10,530.00,"5,300.00"
2020-11-09,2020110904000447,GIC,44,59,10,530.00,"5,300.00"
2020-11-09,2020110904000446,GIC,44,17,10,530.00,"5,300.00"
2020-11-09,2020110904000445,GIC,44,6,10,530.00,"5,300.00"
2020-11-09,2020110904000457,GIC,25,53,10,531.00,"5,310.00"
2020-11-09,2020110904000456,GIC,25,57,10,531.00,"5,310.00"
2020-11-09,2020110904000455,GIC,25,45,10,531.00,"5,310.00"
2020-11-09,2020110904000454,GIC,25,38,10,531.00,"5,310.00"
2020-11-09,2020110904000453,GIC,25,42,10,531.00,"5,310.00"
2020-11-09,2020110904000452,GIC,25,44,10,531.00,"5,310.00"
2020-11-09,2020110904000464,GIC,44,29,10,530.00,"5,300.00"
2020-11-09,2020110904000463,GIC,44,36,10,530.00,"5,300.00"
2020-11-09,2020110904000462,GIC,44,59,10,530.00,"5,300.00"
2020-11-09,2020110904000461,GIC,44,6,10,530.00,"5,300.00"
2020-11-09,2020110904000459,GIC,25,59,130,532.00,"69,160.00"
2020-11-09,2020110904000458,GIC,25,48,10,532.00,"5,320.00"
2020-11-09,2020110904000471,GIC,57,56,10,531.00,"5,310.00"
2020-11-09,2020110904000469,GIC,57,54,10,531.00,"5,310.00"
2020-11-09,2020110904000468,GIC,57,17,10,531.00,"5,310.00"
2020-11-09,2020110904000467,GIC,57,39,10,531.00,"5,310.00"
2020-11-09,2020110904000466,GIC,57,21,10,531.00,"5,310.00"
2020-11-09,2020110904000465,GIC,44,55,10,530.00,"5,300.00"
2020-11-09,2020110904000479,GIC,57,42,10,531.00,"5,310.00"
2020-11-09,2020110904000478,GIC,57,57,10,531.00,"5,310.00"
2020-11-09,2020110904000476,GIC,57,21,10,531.00,"5,310.00"
2020-11-09,2020110904000475,GIC,57,57,10,531.00,"5,310.00"
2020-11-09,2020110904000474,GIC,57,49,10,531.00,"5,310.00"
2020-11-09,2020110904000473,GIC,57,50,10,531.00,"5,310.00"
2020-11-09,2020110904000486,GIC,57,25,10,531.00,"5,310.00"
2020-11-09,2020110904000485,GIC,57,58,10,531.00,"5,310.00"
2020-11-09,2020110904000484,GIC,57,38,10,531.00,"5,310.00"
2020-11-09,2020110904000483,GIC,21,59,10,532.00,"5,320.00"
2020-11-09,2020110904000482,GIC,57,57,10,531.00,"5,310.00"
2020-11-09,2020110904000480,GIC,57,49,10,531.00,"5,310.00"
2020-11-09,2020110904000499,GIC,44,5,10,530.00,"5,300.00"
2020-11-09,2020110904000498,GIC,44,58,10,530.00,"5,300.00"
2020-11-09,2020110904000495,GIC,57,51,10,531.00,"5,310.00"
2020-11-09,2020110904000494,GIC,57,42,10,531.00,"5,310.00"
2020-11-09,2020110904000491,GIC,57,14,10,531.00,"5,310.00"
2020-11-09,2020110904000490,GIC,57,14,10,531.00,"5,310.00"
2020-11-09,2020110904000507,GIC,44,58,10,530.00,"5,300.00"
2020-11-09,2020110904000506,GIC,44,34,10,530.00,"5,300.00"
2020-11-09,2020110904000504,GIC,44,57,10,530.00,"5,300.00"
2020-11-09,2020110904000503,GIC,44,58,10,530.00,"5,300.00"
2020-11-09,2020110904000501,GIC,44,58,10,530.00,"5,300.00"
2020-11-09,2020110904000500,GIC,44,32,10,530.00,"5,300.00"
2020-11-09,2020110904000513,GIC,6,50,50,530.00,"26,500.00"
2020-11-09,2020110904000512,GIC,44,50,20,530.00,"10,600.00"
2020-11-09,2020110904000511,GIC,44,45,10,530.00,"5,300.00"
2020-11-09,2020110904000510,GIC,44,21,10,530.00,"5,300.00"
2020-11-09,2020110904000509,GIC,44,53,10,530.00,"5,300.00"
2020-11-09,2020110904000508,GIC,44,26,10,530.00,"5,300.00"
2020-11-09,2020110904000519,GIC,19,16,10,529.00,"5,290.00"
2020-11-09,2020110904000518,GIC,41,28,50,530.00,"26,500.00"
2020-11-09,2020110904000517,GIC,10,28,50,530.00,"26,500.00"
2020-11-09,2020110904000516,GIC,25,28,40,530.00,"21,200.00"
2020-11-09,2020110904000515,GIC,21,28,170,530.00,"90,100.00"
2020-11-09,2020110904000514,GIC,21,50,30,530.00,"15,900.00"
2020-11-09,2020110904000525,GIC,14,42,10,529.00,"5,290.00"
2020-11-09,2020110904000524,GIC,19,58,10,529.00,"5,290.00"
2020-11-09,2020110904000523,GIC,19,46,10,529.00,"5,290.00"
2020-11-09,2020110904000522,GIC,59,28,60,530.00,"31,800.00"
2020-11-09,2020110904000521,GIC,19,58,10,529.00,"5,290.00"
2020-11-09,2020110904000520,GIC,19,58,10,529.00,"5,290.00"
2020-11-09,2020110904000541,GIC,21,17,10,529.00,"5,290.00"
2020-11-09,2020110904000540,GIC,21,6,10,529.00,"5,290.00"
2020-11-09,2020110904000530,GIC,21,57,10,529.00,"5,290.00"
2020-11-09,2020110904000529,GIC,21,39,10,529.00,"5,290.00"
2020-11-09,2020110904000528,GIC,21,46,10,529.00,"5,290.00"
2020-11-09,2020110904000527,GIC,14,47,10,529.00,"5,290.00"
2020-11-09,2020110904000559,GIC,39,25,10,529.00,"5,290.00"
2020-11-09,2020110904000558,GIC,21,26,10,529.00,"5,290.00"
2020-11-09,2020110904000557,GIC,21,38,10,529.00,"5,290.00"
2020-11-09,2020110904000554,GIC,21,1,10,529.00,"5,290.00"
2020-11-09,2020110904000553,GIC,21,29,10,529.00,"5,290.00"
2020-11-09,2020110904000547,GIC,21,4,10,529.00,"5,290.00"
2020-11-09,2020110904000565,GIC,25,43,10,529.00,"5,290.00"
2020-11-09,2020110904000564,GIC,39,35,10,529.00,"5,290.00"
2020-11-09,2020110904000563,GIC,39,34,10,529.00,"5,290.00"
2020-11-09,2020110904000562,GIC,39,32,10,529.00,"5,290.00"
2020-11-09,2020110904000561,GIC,39,58,10,529.00,"5,290.00"
2020-11-09,2020110904000560,GIC,39,45,10,529.00,"5,290.00"
2020-11-09,2020110904000574,GIC,25,40,10,529.00,"5,290.00"
2020-11-09,2020110904000573,GIC,25,20,10,529.00,"5,290.00"
2020-11-09,2020110904000572,GIC,25,28,10,529.00,"5,290.00"
2020-11-09,2020110904000569,GIC,25,33,10,529.00,"5,290.00"
2020-11-09,2020110904000567,GIC,25,36,10,529.00,"5,290.00"
2020-11-09,2020110904000566,GIC,25,21,10,529.00,"5,290.00"
2020-11-09,2020110904000586,GIC,47,36,10,529.00,"5,290.00"
2020-11-09,2020110904000585,GIC,47,11,10,529.00,"5,290.00"
2020-11-09,2020110904000584,GIC,47,42,10,529.00,"5,290.00"
2020-11-09,2020110904000581,GIC,25,6,10,529.00,"5,290.00"
2020-11-09,2020110904000578,GIC,25,35,10,529.00,"5,290.00"
2020-11-09,2020110904000577,GIC,25,45,10,529.00,"5,290.00"
2020-11-09,2020110904000611,GIC,25,44,10,528.00,"5,280.00"
2020-11-09,2020110904000610,GIC,25,34,10,528.00,"5,280.00"
2020-11-09,2020110904000609,GIC,25,51,10,528.00,"5,280.00"
2020-11-09,2020110904000607,GIC,25,6,10,528.00,"5,280.00"
2020-11-09,2020110904000605,GIC,25,5,10,528.00,"5,280.00"
2020-11-09,2020110904000587,GIC,42,16,10,529.00,"5,290.00"
2020-11-09,2020110904000618,GIC,25,36,10,528.00,"5,280.00"
2020-11-09,2020110904000617,GIC,25,58,10,528.00,"5,280.00"
2020-11-09,2020110904000616,GIC,25,6,10,528.00,"5,280.00"
2020-11-09,2020110904000615,GIC,25,58,10,528.00,"5,280.00"
2020-11-09,2020110904000614,GIC,25,28,10,528.00,"5,280.00"
2020-11-09,2020110904000612,GIC,25,58,10,528.00,"5,280.00"
2020-11-09,2020110904000630,GIC,11,6,10,529.00,"5,290.00"
2020-11-09,2020110904000628,GIC,11,51,10,529.00,"5,290.00"
2020-11-09,2020110904000627,GIC,11,58,10,529.00,"5,290.00"
2020-11-09,2020110904000623,GIC,25,58,10,528.00,"5,280.00"
2020-11-09,2020110904000621,GIC,25,36,10,528.00,"5,280.00"
2020-11-09,2020110904000620,GIC,25,33,10,528.00,"5,280.00"
2020-11-09,2020110904000639,GIC,11,58,10,529.00,"5,290.00"
2020-11-09,2020110904000638,GIC,11,45,10,529.00,"5,290.00"
2020-11-09,2020110904000637,GIC,11,16,10,529.00,"5,290.00"
2020-11-09,2020110904000635,GIC,11,16,10,529.00,"5,290.00"
2020-11-09,2020110904000634,GIC,11,57,10,529.00,"5,290.00"
2020-11-09,2020110904000633,GIC,11,50,10,529.00,"5,290.00"
2020-11-09,2020110904000648,GIC,11,58,10,529.00,"5,290.00"
2020-11-09,2020110904000647,GIC,11,7,10,529.00,"5,290.00"
2020-11-09,2020110904000643,GIC,11,58,10,529.00,"5,290.00"
2020-11-09,2020110904000642,GIC,11,58,10,529.00,"5,290.00"
2020-11-09,2020110904000641,GIC,11,58,10,529.00,"5,290.00"
2020-11-09,2020110904000640,GIC,11,42,10,529.00,"5,290.00"
2020-11-09,2020110904000658,GIC,44,58,10,529.00,"5,290.00"
2020-11-09,2020110904000656,GIC,11,49,10,529.00,"5,290.00"
2020-11-09,2020110904000655,GIC,11,58,10,529.00,"5,290.00"
2020-11-09,2020110904000654,GIC,11,45,10,529.00,"5,290.00"
2020-11-09,2020110904000650,GIC,11,58,10,529.00,"5,290.00"
2020-11-09,2020110904000649,GIC,11,38,10,529.00,"5,290.00"
2020-11-09,2020110904000664,GIC,46,45,10,530.00,"5,300.00"
2020-11-09,2020110904000663,GIC,46,17,10,530.00,"5,300.00"
2020-11-09,2020110904000662,GIC,46,25,10,530.00,"5,300.00"
2020-11-09,2020110904000661,GIC,46,38,10,530.00,"5,300.00"
2020-11-09,2020110904000660,GIC,46,17,10,530.00,"5,300.00"
2020-11-09,2020110904000659,GIC,46,28,30,530.00,"15,900.00"
2020-11-09,2020110904000670,GIC,46,29,10,530.00,"5,300.00"
2020-11-09,2020110904000669,GIC,46,45,10,530.00,"5,300.00"
2020-11-09,2020110904000668,GIC,46,34,10,530.00,"5,300.00"
2020-11-09,2020110904000667,GIC,46,45,10,530.00,"5,300.00"
2020-11-09,2020110904000666,GIC,46,3,10,530.00,"5,300.00"
2020-11-09,2020110904000665,GIC,46,38,10,530.00,"5,300.00"
2020-11-09,2020110904000676,GIC,46,48,10,530.00,"5,300.00"
2020-11-09,2020110904000675,GIC,46,45,10,530.00,"5,300.00"
2020-11-09,2020110904000674,GIC,46,13,10,530.00,"5,300.00"
2020-11-09,2020110904000673,GIC,46,51,10,530.00,"5,300.00"
2020-11-09,2020110904000672,GIC,46,58,10,530.00,"5,300.00"
2020-11-09,2020110904000671,GIC,46,45,10,530.00,"5,300.00"
2020-11-09,2020110904000685,GIC,11,59,10,529.00,"5,290.00"
2020-11-09,2020110904000682,GIC,25,58,10,528.00,"5,280.00"
2020-11-09,2020110904000681,GIC,44,58,10,529.00,"5,290.00"
2020-11-09,2020110904000679,GIC,44,55,10,529.00,"5,290.00"
2020-11-09,2020110904000678,GIC,44,58,10,529.00,"5,290.00"
2020-11-09,2020110904000677,GIC,44,58,10,529.00,"5,290.00"
2020-11-09,2020110904000696,GIC,1,58,10,529.00,"5,290.00"
2020-11-09,2020110904000695,GIC,25,49,10,528.00,"5,280.00"
2020-11-09,2020110904000694,GIC,33,58,10,530.00,"5,300.00"
2020-11-09,2020110904000693,GIC,33,58,10,529.00,"5,290.00"
2020-11-09,2020110904000689,GIC,25,58,10,528.00,"5,280.00"
2020-11-09,2020110904000686,GIC,11,58,10,529.00,"5,290.00"
2020-11-09,2020110904000702,GIC,1,58,10,529.00,"5,290.00"
2020-11-09,2020110904000701,GIC,1,8,10,529.00,"5,290.00"
2020-11-09,2020110904000700,GIC,1,58,10,529.00,"5,290.00"
2020-11-09,2020110904000699,GIC,1,8,10,529.00,"5,290.00"
2020-11-09,2020110904000698,GIC,1,58,10,529.00,"5,290.00"
2020-11-09,2020110904000697,GIC,1,50,10,529.00,"5,290.00"
2020-11-09,2020110904000708,GIC,1,58,10,529.00,"5,290.00"
2020-11-09,2020110904000707,GIC,1,8,10,529.00,"5,290.00"
2020-11-09,2020110904000706,GIC,1,58,10,529.00,"5,290.00"
2020-11-09,2020110904000705,GIC,1,58,10,529.00,"5,290.00"
2020-11-09,2020110904000704,GIC,1,8,10,529.00,"5,290.00"
2020-11-09,2020110904000703,GIC,1,8,10,529.00,"5,290.00"
2020-11-09,2020110904000717,GIC,1,58,10,529.00,"5,290.00"
2020-11-09,2020110904000716,GIC,1,21,10,529.00,"5,290.00"
2020-11-09,2020110904000714,GIC,1,58,10,529.00,"5,290.00"
2020-11-09,2020110904000713,GIC,1,16,10,529.00,"5,290.00"
2020-11-09,2020110904000711,GIC,1,58,10,529.00,"5,290.00"
2020-11-09,2020110904000710,GIC,1,48,10,529.00,"5,290.00"
2020-11-09,2020110904000725,GIC,54,58,10,529.00,"5,290.00"
2020-11-09,2020110904000722,GIC,54,29,10,529.00,"5,290.00"
2020-11-09,2020110904000721,GIC,54,58,10,529.00,"5,290.00"
2020-11-09,2020110904000720,GIC,54,58,10,529.00,"5,290.00"
2020-11-09,2020110904000719,GIC,54,49,10,529.00,"5,290.00"
2020-11-09,2020110904000718,GIC,1,58,10,529.00,"5,290.00"
2020-11-09,2020110904000731,GIC,54,58,10,529.00,"5,290.00"
2020-11-09,2020110904000730,GIC,54,57,10,529.00,"5,290.00"
2020-11-09,2020110904000729,GIC,54,57,10,529.00,"5,290.00"
2020-11-09,2020110904000728,GIC,14,34,10,530.00,"5,300.00"
2020-11-09,2020110904000727,GIC,14,17,10,530.00,"5,300.00"
2020-11-09,2020110904000726,GIC,54,57,10,529.00,"5,290.00"
2020-11-09,2020110904000740,GIC,8,17,10,529.00,"5,290.00"
2020-11-09,2020110904000737,GIC,8,34,10,529.00,"5,290.00"
2020-11-09,2020110904000736,GIC,8,46,10,529.00,"5,290.00"
2020-11-09,2020110904000735,GIC,8,1,10,529.00,"5,290.00"
2020-11-09,2020110904000734,GIC,8,38,10,529.00,"5,290.00"
2020-11-09,2020110904000732,GIC,54,33,10,529.00,"5,290.00"
2020-11-09,2020110904000760,GIC,38,21,20,530.00,"10,600.00"
2020-11-09,2020110904000747,GIC,8,25,10,529.00,"5,290.00"
2020-11-09,2020110904000745,GIC,8,41,10,529.00,"5,290.00"
2020-11-09,2020110904000744,GIC,8,29,10,529.00,"5,290.00"
2020-11-09,2020110904000743,GIC,8,47,10,529.00,"5,290.00"
2020-11-09,2020110904000742,GIC,8,49,10,529.00,"5,290.00"
2020-11-09,2020110904000766,GIC,38,36,10,530.00,"5,300.00"
2020-11-09,2020110904000765,GIC,38,21,10,530.00,"5,300.00"
2020-11-09,2020110904000764,GIC,38,14,180,530.00,"95,400.00"
2020-11-09,2020110904000763,GIC,38,58,10,530.00,"5,300.00"
2020-11-09,2020110904000762,GIC,38,58,10,530.00,"5,300.00"
2020-11-09,2020110904000761,GIC,38,42,10,530.00,"5,300.00"
2020-11-09,2020110904000774,GIC,6,51,10,531.00,"5,310.00"
2020-11-09,2020110904000773,GIC,6,55,10,531.00,"5,310.00"
2020-11-09,2020110904000770,GIC,38,58,10,530.00,"5,300.00"
2020-11-09,2020110904000769,GIC,38,32,10,530.00,"5,300.00"
2020-11-09,2020110904000768,GIC,38,32,10,530.00,"5,300.00"
2020-11-09,2020110904000767,GIC,38,21,10,530.00,"5,300.00"
2020-11-09,2020110904000781,GIC,38,6,10,530.00,"5,300.00"
2020-11-09,2020110904000779,GIC,38,45,10,530.00,"5,300.00"
2020-11-09,2020110904000778,GIC,38,56,10,530.00,"5,300.00"
2020-11-09,2020110904000777,GIC,6,57,60,531.00,"31,860.00"
2020-11-09,2020110904000776,GIC,6,52,10,531.00,"5,310.00"
2020-11-09,2020110904000775,GIC,6,35,10,531.00,"5,310.00"
2020-11-09,2020110904000791,GIC,38,58,20,530.00,"10,600.00"
2020-11-09,2020110904000788,GIC,38,50,10,530.00,"5,300.00"
2020-11-09,2020110904000787,GIC,38,17,10,530.00,"5,300.00"
2020-11-09,2020110904000786,GIC,38,41,10,530.00,"5,300.00"
2020-11-09,2020110904000784,GIC,38,38,10,530.00,"5,300.00"
2020-11-09,2020110904000783,GIC,38,38,10,530.00,"5,300.00"
2020-11-09,2020110904000800,GIC,53,38,10,531.00,"5,310.00"
2020-11-09,2020110904000799,GIC,53,52,10,531.00,"5,310.00"
2020-11-09,2020110904000798,GIC,53,57,70,531.00,"37,170.00"
2020-11-09,2020110904000797,GIC,38,22,10,530.00,"5,300.00"
2020-11-09,2020110904000794,GIC,38,50,10,530.00,"5,300.00"
2020-11-09,2020110904000792,GIC,38,41,100,530.00,"53,000.00"
2020-11-09,2020110904000806,GIC,53,38,10,532.00,"5,320.00"
2020-11-09,2020110904000805,GIC,53,35,10,532.00,"5,320.00"
2020-11-09,2020110904000804,GIC,53,40,10,532.00,"5,320.00"
2020-11-09,2020110904000803,GIC,53,59,10,532.00,"5,320.00"
2020-11-09,2020110904000802,GIC,53,41,10,531.00,"5,310.00"
2020-11-09,2020110904000801,GIC,53,42,10,531.00,"5,310.00"
2020-11-09,2020110904000812,GIC,53,46,10,532.00,"5,320.00"
2020-11-09,2020110904000811,GIC,53,6,10,532.00,"5,320.00"
2020-11-09,2020110904000810,GIC,53,58,10,532.00,"5,320.00"
2020-11-09,2020110904000809,GIC,53,5,10,532.00,"5,320.00"
2020-11-09,2020110904000808,GIC,53,49,10,532.00,"5,320.00"
2020-11-09,2020110904000807,GIC,53,54,10,532.00,"5,320.00"
2020-11-09,2020110904000818,GIC,53,32,10,532.00,"5,320.00"
2020-11-09,2020110904000817,GIC,53,14,10,532.00,"5,320.00"
2020-11-09,2020110904000816,GIC,53,58,10,532.00,"5,320.00"
2020-11-09,2020110904000815,GIC,53,42,10,532.00,"5,320.00"
2020-11-09,2020110904000814,GIC,53,42,10,532.00,"5,320.00"
2020-11-09,2020110904000813,GIC,53,41,10,532.00,"5,320.00"
2020-11-09,2020110904000824,GIC,53,58,10,533.00,"5,330.00"
2020-11-09,2020110904000823,GIC,53,46,10,533.00,"5,330.00"
2020-11-09,2020110904000822,GIC,53,52,10,533.00,"5,330.00"
2020-11-09,2020110904000821,GIC,53,42,10,533.00,"5,330.00"
2020-11-09,2020110904000820,GIC,53,28,10,533.00,"5,330.00"
2020-11-09,2020110904000819,GIC,53,29,10,533.00,"5,330.00"
2020-11-09,2020110904000830,GIC,53,53,10,534.00,"5,340.00"
2020-11-09,2020110904000829,GIC,53,42,10,533.00,"5,330.00"
2020-11-09,2020110904000828,GIC,53,51,45,533.00,"23,985.00"
2020-11-09,2020110904000827,GIC,53,48,10,533.00,"5,330.00"
2020-11-09,2020110904000826,GIC,53,56,10,533.00,"5,330.00"
2020-11-09,2020110904000825,GIC,53,10,130,533.00,"69,290.00"
2020-11-09,2020110904000836,GIC,53,4,10,534.00,"5,340.00"
2020-11-09,2020110904000835,GIC,53,28,50,534.00,"26,700.00"
2020-11-09,2020110904000834,GIC,53,32,10,534.00,"5,340.00"
2020-11-09,2020110904000833,GIC,53,22,10,534.00,"5,340.00"
2020-11-09,2020110904000832,GIC,53,42,10,534.00,"5,340.00"
2020-11-09,2020110904000831,GIC,53,1,10,534.00,"5,340.00"
2020-11-09,2020110904000842,GIC,53,14,10,535.00,"5,350.00"
2020-11-09,2020110904000841,GIC,53,43,10,535.00,"5,350.00"
2020-11-09,2020110904000840,GIC,53,14,10,535.00,"5,350.00"
2020-11-09,2020110904000839,GIC,53,41,10,534.00,"5,340.00"
2020-11-09,2020110904000838,GIC,53,49,10,534.00,"5,340.00"
2020-11-09,2020110904000837,GIC,53,42,10,534.00,"5,340.00"
2020-11-09,2020110904000848,GIC,53,16,10,535.00,"5,350.00"
2020-11-09,2020110904000847,GIC,53,16,10,535.00,"5,350.00"
2020-11-09,2020110904000846,GIC,53,48,10,535.00,"5,350.00"
2020-11-09,2020110904000845,GIC,53,5,10,535.00,"5,350.00"
2020-11-09,2020110904000844,GIC,53,41,10,535.00,"5,350.00"
2020-11-09,2020110904000843,GIC,53,53,10,535.00,"5,350.00"
2020-11-09,2020110904000854,GIC,53,19,10,535.00,"5,350.00"
2020-11-09,2020110904000853,GIC,53,19,10,535.00,"5,350.00"
2020-11-09,2020110904000852,GIC,53,19,10,535.00,"5,350.00"
2020-11-09,2020110904000851,GIC,53,48,10,535.00,"5,350.00"
2020-11-09,2020110904000850,GIC,53,49,10,535.00,"5,350.00"
2020-11-09,2020110904000849,GIC,53,16,10,535.00,"5,350.00"
2020-11-09,2020110904000860,GIC,53,29,10,535.00,"5,350.00"
2020-11-09,2020110904000859,GIC,53,43,10,535.00,"5,350.00"
2020-11-09,2020110904000858,GIC,53,16,10,535.00,"5,350.00"
2020-11-09,2020110904000857,GIC,53,41,10,535.00,"5,350.00"
2020-11-09,2020110904000856,GIC,53,34,10,535.00,"5,350.00"
2020-11-09,2020110904000855,GIC,53,33,10,535.00,"5,350.00"
2020-11-09,2020110904000866,GIC,53,49,10,535.00,"5,350.00"
2020-11-09,2020110904000865,GIC,53,50,10,535.00,"5,350.00"
2020-11-09,2020110904000864,GIC,53,58,10,535.00,"5,350.00"
2020-11-09,2020110904000863,GIC,53,42,10,535.00,"5,350.00"
2020-11-09,2020110904000862,GIC,53,49,10,535.00,"5,350.00"
2020-11-09,2020110904000861,GIC,53,4,"2,000",535.00,"1,070,000.00"
2020-11-09,2020110904000872,GIC,53,17,10,535.00,"5,350.00"
2020-11-09,2020110904000871,GIC,53,55,10,535.00,"5,350.00"
2020-11-09,2020110904000870,GIC,53,52,10,535.00,"5,350.00"
2020-11-09,2020110904000869,GIC,53,52,10,535.00,"5,350.00"
2020-11-09,2020110904000868,GIC,53,52,10,535.00,"5,350.00"
2020-11-09,2020110904000867,GIC,53,52,10,535.00,"5,350.00"
2020-11-09,2020110904000883,GIC,38,17,10,531.00,"5,310.00"
2020-11-09,2020110904000880,GIC,38,45,10,531.00,"5,310.00"
2020-11-09,2020110904000879,GIC,38,1,10,531.00,"5,310.00"
2020-11-09,2020110904000878,GIC,38,5,10,530.00,"5,300.00"
2020-11-09,2020110904000877,GIC,38,42,10,530.00,"5,300.00"
2020-11-09,2020110904000874,GIC,38,56,10,530.00,"5,300.00"
2020-11-09,2020110904000893,GIC,38,43,10,531.00,"5,310.00"
2020-11-09,2020110904000892,GIC,38,38,10,531.00,"5,310.00"
2020-11-09,2020110904000891,GIC,38,20,10,531.00,"5,310.00"
2020-11-09,2020110904000890,GIC,38,56,10,531.00,"5,310.00"
2020-11-09,2020110904000889,GIC,38,10,10,531.00,"5,310.00"
2020-11-09,2020110904000888,GIC,38,44,10,531.00,"5,310.00"
2020-11-09,2020110904000899,GIC,38,56,10,531.00,"5,310.00"
2020-11-09,2020110904000898,GIC,38,38,10,531.00,"5,310.00"
2020-11-09,2020110904000897,GIC,38,45,10,531.00,"5,310.00"
2020-11-09,2020110904000896,GIC,38,59,10,531.00,"5,310.00"
2020-11-09,2020110904000895,GIC,38,50,10,531.00,"5,310.00"
2020-11-09,2020110904000894,GIC,38,38,10,531.00,"5,310.00"
2020-11-09,2020110904000780,GIMES1,21,57,200,10.05,"2,010.00"
2020-11-09,2020110904000449,GIMES1,57,38,200,10.01,"2,002.00"
2020-11-09,2020110904000772,LEMF,58,45,175,9.41,"1,646.75"
2020-11-09,2020110904000751,LEMF,58,45,500,9.41,"4,705.00"
2020-11-09,2020110904000756,LUK,58,45,100,9.51,951.00
2020-11-09,2020110904000625,LUK,34,42,100,9.45,945.00
2020-11-09,2020110904000606,LUK,34,42,100,9.45,945.00
2020-11-09,2020110904000580,LUK,34,59,"1,300",9.45,"12,285.00"
2020-11-09,2020110904000575,LUK,34,59,800,9.50,"7,600.00"
2020-11-09,2020110904000552,LUK,34,54,100,9.50,950.00
2020-11-09,2020110904000551,LUK,34,25,100,9.32,932.00
2020-11-09,2020110904000443,LUK,17,45,200,9.51,"1,902.00"
2020-11-09,2020110904000749,NBF2,11,44,"1,000",9.55,"9,550.00"
2020-11-09,2020110904000739,NBF2,6,49,"1,000",9.52,"9,520.00"
2020-11-09,2020110904000555,NBF2,6,20,500,9.52,"4,760.00"
2020-11-09,2020110904000549,NBF2,6,34,100,9.52,952.00
2020-11-09,2020110904000873,NEF,57,56,100,9.69,969.00
2020-11-09,2020110904000715,NEF,22,4,170,9.53,"1,620.10"
2020-11-09,2020110904000646,NEF,22,1,"7,737",9.53,"73,733.61"
2020-11-09,2020110904000645,NEF,57,1,"8,310",9.54,"79,277.40"
2020-11-09,2020110904000644,NEF,58,1,"13,953",9.60,"133,948.80"
2020-11-09,2020110904000624,NEF,58,51,"1,207",9.60,"11,587.20"
2020-11-09,2020110904000548,NEF,58,44,"2,414",9.60,"23,174.40"
2020-11-09,2020110904000497,NEF,58,5,"1,127",9.60,"10,819.20"
2020-11-09,2020110904000481,NEF,58,38,241,9.60,"2,313.60"
2020-11-09,2020110904000437,NEF,58,19,"1,931",9.60,"18,537.60"
2020-11-09,2020110904000496,NIBLPF,45,5,"2,525",9.72,"24,543.00"
2020-11-09,2020110904000887,NIBPO,19,39,11,372.00,"4,092.00"
2020-11-09,2020110904000884,NIBPO,52,34,700,373.00,"261,100.00"
2020-11-09,2020110904000785,NIBPO,44,34,300,373.00,"111,900.00"
2020-11-09,2020110904000546,NIBPO,39,34,655,372.00,"243,660.00"
2020-11-09,2020110904000542,NIBPO,45,28,203,371.00,"75,313.00"
2020-11-09,2020110904000505,NIBPO,49,49,"7,500",371.00,"2,782,500.00"
2020-11-09,2020110904000487,NIBPO,45,34,228,371.00,"84,588.00"
2020-11-09,2020110904000444,NIBPO,42,49,97,370.00,"35,890.00"
2020-11-09,2020110904000631,NIBSF1,17,32,"1,000",10.30,"10,300.00"
2020-11-09,2020110904000571,NIBSF1,54,58,"3,000",10.25,"30,750.00"
2020-11-09,2020110904000570,NIBSF1,54,38,"1,700",10.25,"17,425.00"
2020-11-09,2020110904000543,NIBSF1,38,38,300,10.25,"3,075.00"
2020-11-09,2020110904000435,NIBSF1,58,22,"23,389",10.25,"239,737.25"
2020-11-09,2020110904000434,NIBSF1,58,47,"3,000",10.24,"30,720.00"
2020-11-09,2020110904000875,NICBF,33,21,200,9.63,"1,926.00"
2020-11-09,2020110904000712,NICBF,22,21,"2,500",9.62,"24,050.00"
2020-11-09,2020110904000690,NICBF,33,21,900,9.63,"8,667.00"
2020-11-09,2020110904000629,NICBF,33,42,100,9.63,963.00
2020-11-09,2020110904000477,NICBF,22,35,100,9.62,962.00
2020-11-09,2020110904000782,NICGF,33,42,100,10.01,"1,001.00"
2020-11-09,2020110904000755,NICGF,26,17,"1,300",10.10,"13,130.00"
2020-11-09,2020110904000754,NICGF,26,17,"1,000",10.10,"10,100.00"
2020-11-09,2020110904000753,NICGF,26,14,200,10.10,"2,020.00"
2020-11-09,2020110904000752,NICGF,26,45,500,10.10,"5,050.00"
2020-11-09,2020110904000750,NICGF,33,45,300,10.01,"3,003.00"
2020-11-09,2020110904000691,NICGF,34,22,500,10.00,"5,000.00"
2020-11-09,2020110904000688,NICGF,34,50,500,10.00,"5,000.00"
2020-11-09,2020110904000636,NICGF,34,55,"2,500",10.00,"25,000.00"
2020-11-09,2020110904000472,NICGF,21,55,"3,000",10.00,"30,000.00"
2020-11-09,2020110904000470,NICGF,21,55,"3,000",10.00,"30,000.00"
2020-11-09,2020110904000738,NMB50,49,57,100,9.60,960.00
2020-11-09,2020110904000724,NMBHF1,54,22,"2,366",9.70,"22,950.20"
2020-11-09,2020110904000632,NMBHF1,54,42,100,9.70,970.00
2020-11-09,2020110904000626,NMBHF1,54,51,"1,664",9.70,"16,140.80"
2020-11-09,2020110904000493,NMBHF1,19,5,"3,494",9.67,"33,786.98"
2020-11-09,2020110904000492,NMBHF1,33,5,667,9.67,"6,449.89"
2020-11-09,2020110904000489,NMBHF1,33,38,333,9.67,"3,220.11"
2020-11-09,2020110904000488,NMBHF1,58,7,"9,782",9.80,"95,863.60"
2020-11-09,2020110904000426,NMBHF1,58,58,"1,577",9.80,"15,454.60"
2020-11-09,2020110904000425,NMBHF1,58,58,"1,577",9.80,"15,454.60"
2020-11-09,2020110904000424,NMBHF1,58,7,"10,000",9.79,"97,900.00"
2020-11-09,2020110904000423,NMBHF1,58,28,"2,064",9.78,"20,185.92"
2020-11-09,2020110904000876,PRVUPO,8,58,"6,074",128.00,"777,472.00"
2020-11-09,2020110904000759,RBCLPO,39,50,15,"12,650.00","189,750.00"
2020-11-09,2020110904000758,RBCLPO,39,33,20,"12,635.00","252,700.00"
2020-11-09,2020110904000757,RBCLPO,39,37,10,"12,630.00","126,300.00"
2020-11-09,2020110904000545,RBCLPO,42,26,10,"12,698.00","126,980.00"
2020-11-09,2020110904000544,RBCLPO,42,45,20,"12,649.00","252,980.00"
2020-11-09,2020110904000539,RBCLPO,42,28,20,"12,648.00","252,960.00"
2020-11-09,2020110904000538,RBCLPO,42,59,20,"12,645.00","252,900.00"
2020-11-09,2020110904000537,RBCLPO,42,41,50,"12,640.00","632,000.00"
2020-11-09,2020110904000536,RBCLPO,42,48,10,"12,630.00","126,300.00"
2020-11-09,2020110904000535,RBCLPO,42,33,10,"12,630.00","126,300.00"
2020-11-09,2020110904000534,RBCLPO,42,56,10,"12,625.00","126,250.00"
2020-11-09,2020110904000692,SAEF,34,22,500,10.35,"5,175.00"
2020-11-09,2020110904000684,SAEF,34,41,"1,000",10.35,"10,350.00"
2020-11-09,2020110904000680,SAEF,34,50,500,10.35,"5,175.00"
2020-11-09,2020110904000657,SAEF,34,45,"2,500",10.35,"25,875.00"
2020-11-09,2020110904000576,SAEF,33,55,"4,000",10.34,"41,360.00"
2020-11-09,2020110904000556,SAEF,58,50,"1,000",10.40,"10,400.00"
2020-11-09,2020110904000440,SAEF,35,22,"2,500",10.40,"26,000.00"
2020-11-09,2020110904000439,SAEF,35,47,"2,500",10.40,"26,000.00"
2020-11-09,2020110904000438,SAEF,35,34,"5,000",10.40,"52,000.00"
2020-11-09,2020110904000428,SAEF,50,34,"20,000",10.37,"207,400.00"
2020-11-09,2020110904000427,SAEF,50,51,"11,000",10.37,"114,070.00"
2020-11-09,2020110904000771,SAND2085,19,56,50,"1,055.00","52,750.00"
2020-11-09,2020110904000723,SAND2085,19,46,25,"1,055.00","26,375.00"
2020-11-09,2020110904000733,SEF,8,42,"1,000",9.96,"9,960.00"
2020-11-09,2020110904000653,SEF,8,6,"1,000",10.00,"10,000.00"
2020-11-09,2020110904000652,SEF,8,43,"5,000",10.00,"50,000.00"
2020-11-09,2020110904000651,SEF,8,55,"13,000",10.00,"130,000.00"
2020-11-09,2020110904000604,SEF,8,49,"1,300",9.96,"12,948.00"
2020-11-09,2020110904000603,SEF,1,13,170,10.10,"1,717.00"
2020-11-09,2020110904000590,SEF,1,41,"3,000",10.05,"30,150.00"
2020-11-09,2020110904000589,SEF,1,58,"1,000",10.04,"10,040.00"
2020-11-09,2020110904000588,SEF,1,54,"1,500",10.04,"15,060.00"
2020-11-09,2020110904000533,SEF,8,13,500,10.00,"5,000.00"
2020-11-09,2020110904000532,SEF,8,10,"7,000",10.00,"70,000.00"
2020-11-09,2020110904000502,SEF,50,58,"11,000",9.92,"109,120.00"
2020-11-09,2020110904000596,SEF,1,14,"1,000",10.07,"10,070.00"
2020-11-09,2020110904000595,SEF,1,11,"2,000",10.05,"20,100.00"
2020-11-09,2020110904000594,SEF,1,36,"2,500",10.05,"25,125.00"
2020-11-09,2020110904000593,SEF,1,43,500,10.05,"5,025.00"
2020-11-09,2020110904000592,SEF,1,43,500,10.05,"5,025.00"
2020-11-09,2020110904000591,SEF,1,41,"1,500",10.05,"15,075.00"
2020-11-09,2020110904000602,SEF,1,17,"2,500",10.10,"25,250.00"
2020-11-09,2020110904000601,SEF,1,16,"1,000",10.10,"10,100.00"
2020-11-09,2020110904000600,SEF,1,42,900,10.10,"9,090.00"
2020-11-09,2020110904000599,SEF,1,22,"1,000",10.10,"10,100.00"
2020-11-09,2020110904000598,SEF,1,58,"9,930",10.09,"100,193.70"
2020-11-09,2020110904000597,SEF,1,26,"5,000",10.09,"50,450.00"
2020-11-09,2020110904000795,SGI,34,22,10,454.00,"4,540.00"
2020-11-09,2020110904000709,SGI,34,33,10,454.00,"4,540.00"
2020-11-09,2020110904000608,SGI,34,6,10,454.00,"4,540.00"
2020-11-09,2020110904000579,SGI,34,45,10,454.00,"4,540.00"
2020-11-09,2020110904000568,SGI,34,43,10,454.00,"4,540.00"
2020-11-09,2020110904000531,SGI,34,58,10,454.00,"4,540.00"
2020-11-09,2020110904000460,SGI,34,17,10,454.00,"4,540.00"
2020-11-09,2020110904000419,SGI,34,45,10,454.00,"4,540.00"
2020-11-09,2020110904000741,SRBLD83,42,17,25,"1,090.00","27,250.00"
2020-11-09,2020110904000904,STC,59,50,10,"4,560.00","45,600.00"
2020-11-09,2020110904000886,STC,33,50,100,"4,475.00","447,500.00"
2020-11-09,2020110904000885,STC,59,50,100,"4,510.00","451,000.00"
2020-11-09,2020110904000882,STC,33,50,20,"4,550.00","91,000.00"
2020-11-09,2020110904000881,STC,41,50,20,"4,550.00","91,000.00"
2020-11-09,2020110904000748,STC,45,50,10,"4,600.00","46,000.00"
2020-11-09,2020110904000622,STC,59,49,50,"4,599.00","229,950.00"
2020-11-09,2020110904000619,STC,59,41,162,"4,550.00","737,100.00"
2020-11-09,2020110904000613,STC,26,57,10,"4,523.00","45,230.00"
2020-11-09,2020110904000526,STC,35,51,10,"4,435.00","44,350.00"
2020-11-09,2020110904000416,STC,26,38,26,"4,525.00","117,650.00"
2020-11-09,2020110904000399,BBC,37,32,30,"2,390.00","71,700.00"
2020-11-09,2020110904000282,BBC,28,50,10,"2,391.00","23,910.00"
2020-11-09,2020110904000264,BBC,33,32,100,"2,346.00","234,600.00"
2020-11-09,2020110904000259,BBC,33,45,35,"2,346.00","82,110.00"
2020-11-09,2020110904000258,BBC,33,29,25,"2,346.00","58,650.00"
2020-11-09,2020110904000257,BBC,33,45,40,"2,345.00","93,800.00"
2020-11-09,2020110904000099,BBC,34,14,50,"2,300.00","115,000.00"
2020-11-09,2020110904000077,BBC,34,1,100,"2,345.00","234,500.00"
2020-11-09,2020110904000076,BBC,45,1,11,"2,345.00","25,795.00"
2020-11-09,2020110904000018,BBC,45,14,20,"2,392.00","47,840.00"
2020-11-09,2020110904000226,BBC,53,45,10,"2,345.00","23,450.00"
2020-11-09,2020110904000212,BBC,45,14,30,"2,340.00","70,200.00"
2020-11-09,2020110904000210,BBC,57,45,15,"2,330.00","34,950.00"
2020-11-09,2020110904000186,BBC,36,45,35,"2,330.00","81,550.00"
2020-11-09,2020110904000113,BBC,42,14,10,"2,300.00","23,000.00"
2020-11-09,2020110904000103,BBC,42,45,50,"2,299.00","114,950.00"
2020-11-09,2020110903017557,CBBL,47,6,471,"1,190.00","560,490.00"
2020-11-09,2020110903017556,CBBL,48,6,230,"1,191.00","273,930.00"
2020-11-09,2020110903017508,CBBL,48,47,500,"1,191.00","595,500.00"
2020-11-09,2020110903017501,CBBL,26,6,180,"1,192.00","214,560.00"
2020-11-09,2020110903017486,CIT,25,55,40,"3,964.00","158,560.00"
2020-11-09,2020110903017485,CIT,55,55,20,"3,964.00","79,280.00"
2020-11-09,2020110903017484,CIT,58,55,40,"3,964.00","158,560.00"
2020-11-09,2020110903017535,CLBSL,14,46,50,729.00,"36,450.00"
2020-11-09,2020110903017533,DDBL,42,25,100,"1,033.00","103,300.00"
2020-11-09,2020110903017491,DDBL,19,25,28,"1,033.00","28,924.00"
2020-11-09,2020110903017490,DDBL,35,25,40,"1,033.00","41,320.00"
2020-11-09,2020110903017472,DDBL,35,7,100,"1,033.00","103,300.00"
2020-11-09,2020110903017527,FMDBL,1,42,26,608.00,"15,808.00"
2020-11-09,2020110903017526,FMDBL,38,42,200,608.00,"121,600.00"
2020-11-09,2020110903017525,FMDBL,36,42,50,608.00,"30,400.00"
2020-11-09,2020110903017524,FMDBL,56,42,100,608.00,"60,800.00"
2020-11-09,2020110903017523,FMDBL,55,42,70,608.00,"42,560.00"
2020-11-09,2020110903017513,GBBL,21,4,323,259.00,"83,657.00"
2020-11-09,2020110903017512,GBBL,4,4,177,259.00,"45,843.00"
2020-11-09,2020110903017511,GBBL,32,50,424,260.00,"110,240.00"
2020-11-09,2020110903017492,GBBL,4,50,623,259.00,"161,357.00"
2020-11-09,2020110904000355,GBD80/81,48,19,25,"1,050.00","26,250.00"
2020-11-09,2020110904000406,GIC,44,8,10,530.00,"5,300.00"
2020-11-09,2020110904000405,GIC,44,16,10,530.00,"5,300.00"
2020-11-09,2020110904000404,GIC,44,55,10,530.00,"5,300.00"
2020-11-09,2020110904000401,GIC,41,13,10,531.00,"5,310.00"
2020-11-09,2020110904000400,GIC,44,34,10,530.00,"5,300.00"
2020-11-09,2020110904000391,GIC,44,11,10,530.00,"5,300.00"
2020-11-09,2020110904000003,GIC,4,25,10,530.00,"5,300.00"
2020-11-09,2020110904000002,GIC,43,42,10,530.00,"5,300.00"
2020-11-09,2020110904000001,GIC,43,42,10,530.00,"5,300.00"
2020-11-09,2020110904000009,GIC,42,6,10,534.00,"5,340.00"
2020-11-09,2020110904000008,GIC,20,13,10,525.00,"5,250.00"
2020-11-09,2020110904000007,GIC,20,46,10,525.00,"5,250.00"
2020-11-09,2020110904000006,GIC,1,47,10,530.00,"5,300.00"
2020-11-09,2020110904000005,GIC,20,56,10,525.00,"5,250.00"
2020-11-09,2020110904000004,GIC,52,42,10,535.00,"5,350.00"
2020-11-09,2020110904000015,GIC,42,14,10,535.00,"5,350.00"
2020-11-09,2020110904000014,GIC,42,43,10,535.00,"5,350.00"
2020-11-09,2020110904000013,GIC,42,41,10,535.00,"5,350.00"
2020-11-09,2020110904000012,GIC,42,14,10,535.00,"5,350.00"
2020-11-09,2020110904000011,GIC,42,34,10,535.00,"5,350.00"
2020-11-09,2020110904000010,GIC,42,34,10,535.00,"5,350.00"
2020-11-09,2020110904000025,GIC,46,33,10,526.00,"5,260.00"
2020-11-09,2020110904000024,GIC,46,13,10,526.00,"5,260.00"
2020-11-09,2020110904000023,GIC,43,13,10,526.00,"5,260.00"
2020-11-09,2020110904000021,GIC,43,43,10,526.00,"5,260.00"
2020-11-09,2020110904000017,GIC,44,49,10,526.00,"5,260.00"
2020-11-09,2020110904000016,GIC,43,14,10,526.00,"5,260.00"
2020-11-09,2020110904000032,GIC,44,42,10,527.00,"5,270.00"
2020-11-09,2020110904000031,GIC,44,45,10,527.00,"5,270.00"
2020-11-09,2020110904000030,GIC,44,42,10,527.00,"5,270.00"
2020-11-09,2020110904000029,GIC,44,58,10,527.00,"5,270.00"
2020-11-09,2020110904000028,GIC,44,45,10,527.00,"5,270.00"
2020-11-09,2020110904000026,GIC,46,58,10,526.00,"5,260.00"
2020-11-09,2020110904000038,GIC,44,45,10,527.00,"5,270.00"
2020-11-09,2020110904000037,GIC,43,45,10,528.00,"5,280.00"
2020-11-09,2020110904000036,GIC,44,58,10,527.00,"5,270.00"
2020-11-09,2020110904000035,GIC,43,6,10,528.00,"5,280.00"
2020-11-09,2020110904000034,GIC,44,45,10,527.00,"5,270.00"
2020-11-09,2020110904000033,GIC,44,45,10,527.00,"5,270.00"
2020-11-09,2020110904000047,GIC,11,58,10,528.00,"5,280.00"
2020-11-09,2020110904000046,GIC,44,19,10,527.00,"5,270.00"
2020-11-09,2020110904000044,GIC,44,42,10,527.00,"5,270.00"
2020-11-09,2020110904000042,GIC,44,1,10,527.00,"5,270.00"
2020-11-09,2020110904000041,GIC,44,58,10,527.00,"5,270.00"
2020-11-09,2020110904000039,GIC,44,54,10,527.00,"5,270.00"
2020-11-09,2020110904000053,GIC,11,42,10,528.00,"5,280.00"
2020-11-09,2020110904000052,GIC,11,42,10,528.00,"5,280.00"
2020-11-09,2020110904000051,GIC,29,57,10,530.00,"5,300.00"
2020-11-09,2020110904000050,GIC,29,52,10,530.00,"5,300.00"
2020-11-09,2020110904000049,GIC,29,33,10,530.00,"5,300.00"
2020-11-09,2020110904000048,GIC,29,57,10,530.00,"5,300.00"
2020-11-09,2020110904000060,GIC,3,6,10,528.00,"5,280.00"
2020-11-09,2020110904000059,GIC,44,42,10,527.00,"5,270.00"
2020-11-09,2020110904000058,GIC,44,36,10,527.00,"5,270.00"
2020-11-09,2020110904000057,GIC,44,19,10,527.00,"5,270.00"
2020-11-09,2020110904000055,GIC,29,22,10,529.00,"5,290.00"
2020-11-09,2020110904000054,GIC,11,51,10,528.00,"5,280.00"
2020-11-09,2020110904000072,GIC,50,47,10,527.00,"5,270.00"
2020-11-09,2020110904000071,GIC,51,6,10,527.00,"5,270.00"
2020-11-09,2020110904000066,GIC,51,17,10,527.00,"5,270.00"
2020-11-09,2020110904000064,GIC,44,42,10,527.00,"5,270.00"
2020-11-09,2020110904000062,GIC,44,41,10,527.00,"5,270.00"
2020-11-09,2020110904000061,GIC,44,52,10,527.00,"5,270.00"
2020-11-09,2020110904000081,GIC,44,6,10,527.00,"5,270.00"
2020-11-09,2020110904000080,GIC,44,47,10,527.00,"5,270.00"
2020-11-09,2020110904000079,GIC,50,26,10,527.00,"5,270.00"
2020-11-09,2020110904000078,GIC,50,3,10,527.00,"5,270.00"
2020-11-09,2020110904000074,GIC,50,47,10,527.00,"5,270.00"
2020-11-09,2020110904000073,GIC,50,6,10,527.00,"5,270.00"
2020-11-09,2020110904000088,GIC,17,17,10,530.00,"5,300.00"
2020-11-09,2020110904000087,GIC,17,16,10,530.00,"5,300.00"
2020-11-09,2020110904000086,GIC,17,34,10,530.00,"5,300.00"
2020-11-09,2020110904000085,GIC,17,46,10,530.00,"5,300.00"
2020-11-09,2020110904000084,GIC,44,52,10,527.00,"5,270.00"
2020-11-09,2020110904000083,GIC,44,42,10,527.00,"5,270.00"
2020-11-09,2020110904000100,GIC,17,40,10,530.00,"5,300.00"
2020-11-09,2020110904000096,GIC,17,40,10,530.00,"5,300.00"
2020-11-09,2020110904000094,GIC,17,36,10,530.00,"5,300.00"
2020-11-09,2020110904000093,GIC,17,34,10,530.00,"5,300.00"
2020-11-09,2020110904000092,GIC,17,50,10,530.00,"5,300.00"
2020-11-09,2020110904000090,GIC,17,3,10,530.00,"5,300.00"
2020-11-09,2020110904000107,GIC,17,49,10,530.00,"5,300.00"
2020-11-09,2020110904000106,GIC,17,49,10,530.00,"5,300.00"
2020-11-09,2020110904000105,GIC,17,38,10,530.00,"5,300.00"
2020-11-09,2020110904000104,GIC,17,39,10,530.00,"5,300.00"
2020-11-09,2020110904000102,GIC,17,57,10,530.00,"5,300.00"
2020-11-09,2020110904000101,GIC,17,40,10,530.00,"5,300.00"
2020-11-09,2020110904000125,GIC,59,45,10,531.00,"5,310.00"
2020-11-09,2020110904000124,GIC,17,38,10,530.00,"5,300.00"
2020-11-09,2020110904000123,GIC,17,32,10,530.00,"5,300.00"
2020-11-09,2020110904000122,GIC,17,34,10,530.00,"5,300.00"
2020-11-09,2020110904000114,GIC,21,39,10,531.00,"5,310.00"
2020-11-09,2020110904000111,GIC,17,54,10,530.00,"5,300.00"
2020-11-09,2020110904000136,GIC,16,10,10,532.00,"5,320.00"
2020-11-09,2020110904000133,GIC,59,40,10,531.00,"5,310.00"
2020-11-09,2020110904000131,GIC,59,33,10,531.00,"5,310.00"
2020-11-09,2020110904000130,GIC,59,35,10,531.00,"5,310.00"
2020-11-09,2020110904000129,GIC,59,38,10,531.00,"5,310.00"
2020-11-09,2020110904000126,GIC,59,48,10,531.00,"5,310.00"
2020-11-09,2020110904000145,GIC,59,34,10,531.00,"5,310.00"
2020-11-09,2020110904000144,GIC,59,38,10,531.00,"5,310.00"
2020-11-09,2020110904000143,GIC,59,34,10,531.00,"5,310.00"
2020-11-09,2020110904000141,GIC,16,52,10,532.00,"5,320.00"
2020-11-09,2020110904000139,GIC,16,34,10,532.00,"5,320.00"
2020-11-09,2020110904000138,GIC,16,56,10,532.00,"5,320.00"
2020-11-09,2020110904000154,GIC,44,59,10,530.00,"5,300.00"
2020-11-09,2020110904000152,GIC,44,10,10,530.00,"5,300.00"
2020-11-09,2020110904000151,GIC,59,14,30,531.00,"15,930.00"
2020-11-09,2020110904000150,GIC,59,57,10,531.00,"5,310.00"
2020-11-09,2020110904000148,GIC,59,58,10,531.00,"5,310.00"
2020-11-09,2020110904000147,GIC,59,26,10,531.00,"5,310.00"
2020-11-09,2020110904000160,GIC,44,22,10,530.00,"5,300.00"
2020-11-09,2020110904000159,GIC,44,52,10,530.00,"5,300.00"
2020-11-09,2020110904000158,GIC,44,53,10,530.00,"5,300.00"
2020-11-09,2020110904000157,GIC,44,10,10,530.00,"5,300.00"
2020-11-09,2020110904000156,GIC,44,49,10,530.00,"5,300.00"
2020-11-09,2020110904000155,GIC,44,10,10,530.00,"5,300.00"
2020-11-09,2020110904000166,GIC,44,56,10,530.00,"5,300.00"
2020-11-09,2020110904000165,GIC,44,38,10,530.00,"5,300.00"
2020-11-09,2020110904000164,GIC,44,14,500,530.00,"265,000.00"
2020-11-09,2020110904000163,GIC,44,55,10,530.00,"5,300.00"
2020-11-09,2020110904000162,GIC,44,21,10,530.00,"5,300.00"
2020-11-09,2020110904000161,GIC,44,41,10,530.00,"5,300.00"
2020-11-09,2020110904000174,GIC,44,7,10,530.00,"5,300.00"
2020-11-09,2020110904000173,GIC,44,56,10,530.00,"5,300.00"
2020-11-09,2020110904000172,GIC,44,38,10,530.00,"5,300.00"
2020-11-09,2020110904000171,GIC,44,56,10,530.00,"5,300.00"
2020-11-09,2020110904000170,GIC,44,1,10,530.00,"5,300.00"
2020-11-09,2020110904000169,GIC,44,56,10,530.00,"5,300.00"
2020-11-09,2020110904000182,GIC,44,18,10,530.00,"5,300.00"
2020-11-09,2020110904000181,GIC,44,38,10,530.00,"5,300.00"
2020-11-09,2020110904000179,GIC,44,4,10,530.00,"5,300.00"
2020-11-09,2020110904000177,GIC,44,17,10,530.00,"5,300.00"
2020-11-09,2020110904000176,GIC,44,57,10,530.00,"5,300.00"
2020-11-09,2020110904000175,GIC,44,1,10,530.00,"5,300.00"
2020-11-09,2020110904000193,GIC,44,56,10,530.00,"5,300.00"
2020-11-09,2020110904000191,GIC,44,28,10,530.00,"5,300.00"
2020-11-09,2020110904000190,GIC,44,14,20,530.00,"10,600.00"
2020-11-09,2020110904000188,GIC,44,11,10,530.00,"5,300.00"
2020-11-09,2020110904000187,GIC,44,17,10,530.00,"5,300.00"
2020-11-09,2020110904000183,GIC,44,41,10,530.00,"5,300.00"
2020-11-09,2020110904000201,GIC,44,45,10,530.00,"5,300.00"
2020-11-09,2020110904000200,GIC,44,43,10,530.00,"5,300.00"
2020-11-09,2020110904000199,GIC,44,45,10,530.00,"5,300.00"
2020-11-09,2020110904000198,GIC,44,45,10,530.00,"5,300.00"
2020-11-09,2020110904000197,GIC,44,14,20,530.00,"10,600.00"
2020-11-09,2020110904000196,GIC,44,58,10,530.00,"5,300.00"
2020-11-09,2020110904000211,GIC,35,45,10,531.00,"5,310.00"
2020-11-09,2020110904000209,GIC,35,45,10,531.00,"5,310.00"
2020-11-09,2020110904000208,GIC,35,45,10,531.00,"5,310.00"
2020-11-09,2020110904000206,GIC,35,45,10,531.00,"5,310.00"
2020-11-09,2020110904000203,GIC,35,36,10,531.00,"5,310.00"
2020-11-09,2020110904000202,GIC,44,5,10,530.00,"5,300.00"
2020-11-09,2020110904000219,GIC,44,16,10,530.00,"5,300.00"
2020-11-09,2020110904000217,GIC,44,38,10,530.00,"5,300.00"
2020-11-09,2020110904000216,GIC,44,42,10,530.00,"5,300.00"
2020-11-09,2020110904000215,GIC,44,45,10,530.00,"5,300.00"
2020-11-09,2020110904000214,GIC,44,45,10,530.00,"5,300.00"
2020-11-09,2020110904000213,GIC,44,45,10,530.00,"5,300.00"
2020-11-09,2020110904000232,GIC,44,6,10,531.00,"5,310.00"
2020-11-09,2020110904000231,GIC,44,6,10,531.00,"5,310.00"
2020-11-09,2020110904000230,GIC,44,6,10,531.00,"5,310.00"
2020-11-09,2020110904000229,GIC,44,58,10,531.00,"5,310.00"
2020-11-09,2020110904000228,GIC,44,38,10,531.00,"5,310.00"
2020-11-09,2020110904000227,GIC,44,43,10,531.00,"5,310.00"
2020-11-09,2020110904000238,GIC,44,6,10,531.00,"5,310.00"
2020-11-09,2020110904000237,GIC,44,6,10,531.00,"5,310.00"
2020-11-09,2020110904000236,GIC,44,6,10,531.00,"5,310.00"
2020-11-09,2020110904000235,GIC,44,6,10,531.00,"5,310.00"
2020-11-09,2020110904000234,GIC,44,6,10,531.00,"5,310.00"
2020-11-09,2020110904000233,GIC,44,6,10,531.00,"5,310.00"
2020-11-09,2020110904000245,GIC,6,22,10,530.00,"5,300.00"
2020-11-09,2020110904000243,GIC,6,14,10,530.00,"5,300.00"
2020-11-09,2020110904000242,GIC,6,17,10,530.00,"5,300.00"
2020-11-09,2020110904000241,GIC,6,28,10,530.00,"5,300.00"
2020-11-09,2020110904000240,GIC,44,16,10,530.00,"5,300.00"
2020-11-09,2020110904000239,GIC,44,22,10,530.00,"5,300.00"
2020-11-09,2020110904000256,GIC,14,16,10,531.00,"5,310.00"
2020-11-09,2020110904000253,GIC,14,14,10,531.00,"5,310.00"
2020-11-09,2020110904000251,GIC,14,22,10,531.00,"5,310.00"
2020-11-09,2020110904000249,GIC,14,6,10,531.00,"5,310.00"
2020-11-09,2020110904000248,GIC,14,6,10,531.00,"5,310.00"
2020-11-09,2020110904000247,GIC,14,6,10,531.00,"5,310.00"
2020-11-09,2020110904000268,GIC,14,58,10,531.00,"5,310.00"
2020-11-09,2020110904000266,GIC,14,22,10,531.00,"5,310.00"
2020-11-09,2020110904000265,GIC,14,45,10,531.00,"5,310.00"
2020-11-09,2020110904000263,GIC,14,48,10,531.00,"5,310.00"
2020-11-09,2020110904000262,GIC,14,38,10,531.00,"5,310.00"
2020-11-09,2020110904000261,GIC,14,26,10,531.00,"5,310.00"
2020-11-09,2020110904000278,GIC,14,45,10,531.00,"5,310.00"
2020-11-09,2020110904000277,GIC,14,13,10,531.00,"5,310.00"
2020-11-09,2020110904000276,GIC,38,21,10,532.00,"5,320.00"
2020-11-09,2020110904000275,GIC,14,3,10,531.00,"5,310.00"
2020-11-09,2020110904000272,GIC,14,40,10,531.00,"5,310.00"
2020-11-09,2020110904000271,GIC,14,14,10,531.00,"5,310.00"
2020-11-09,2020110904000287,GIC,6,42,10,531.00,"5,310.00"
2020-11-09,2020110904000286,GIC,6,42,10,531.00,"5,310.00"
2020-11-09,2020110904000285,GIC,6,6,10,531.00,"5,310.00"
2020-11-09,2020110904000283,GIC,14,58,10,531.00,"5,310.00"
2020-11-09,2020110904000280,GIC,14,16,10,531.00,"5,310.00"
2020-11-09,2020110904000279,GIC,14,50,10,531.00,"5,310.00"
2020-11-09,2020110904000294,GIC,6,42,10,531.00,"5,310.00"
2020-11-09,2020110904000293,GIC,6,56,10,531.00,"5,310.00"
2020-11-09,2020110904000292,GIC,6,49,10,531.00,"5,310.00"
2020-11-09,2020110904000291,GIC,6,38,10,531.00,"5,310.00"
2020-11-09,2020110904000289,GIC,38,17,10,532.00,"5,320.00"
2020-11-09,2020110904000288,GIC,6,45,10,531.00,"5,310.00"
2020-11-09,2020110904000300,GIC,34,46,10,532.00,"5,320.00"
2020-11-09,2020110904000299,GIC,34,57,10,532.00,"5,320.00"
2020-11-09,2020110904000298,GIC,34,45,10,532.00,"5,320.00"
2020-11-09,2020110904000297,GIC,34,26,10,532.00,"5,320.00"
2020-11-09,2020110904000296,GIC,34,54,10,532.00,"5,320.00"
2020-11-09,2020110904000295,GIC,34,43,10,532.00,"5,320.00"
2020-11-09,2020110904000313,GIC,29,45,10,531.00,"5,310.00"
2020-11-09,2020110904000312,GIC,29,32,10,531.00,"5,310.00"
2020-11-09,2020110904000310,GIC,29,47,10,531.00,"5,310.00"
2020-11-09,2020110904000307,GIC,29,47,10,531.00,"5,310.00"
2020-11-09,2020110904000305,GIC,29,55,10,531.00,"5,310.00"
2020-11-09,2020110904000302,GIC,29,45,10,531.00,"5,310.00"
2020-11-09,2020110904000319,GIC,29,56,10,531.00,"5,310.00"
2020-11-09,2020110904000318,GIC,29,57,10,531.00,"5,310.00"
2020-11-09,2020110904000317,GIC,29,56,10,531.00,"5,310.00"
2020-11-09,2020110904000316,GIC,29,45,10,531.00,"5,310.00"
2020-11-09,2020110904000315,GIC,29,47,10,531.00,"5,310.00"
2020-11-09,2020110904000314,GIC,29,56,10,531.00,"5,310.00"
2020-11-09,2020110904000326,GIC,29,34,10,531.00,"5,310.00"
2020-11-09,2020110904000325,GIC,29,56,10,531.00,"5,310.00"
2020-11-09,2020110904000324,GIC,29,36,10,531.00,"5,310.00"
2020-11-09,2020110904000322,GIC,29,56,10,531.00,"5,310.00"
2020-11-09,2020110904000321,GIC,29,36,10,531.00,"5,310.00"
2020-11-09,2020110904000320,GIC,29,53,10,531.00,"5,310.00"
2020-11-09,2020110904000332,GIC,57,36,10,531.00,"5,310.00"
2020-11-09,2020110904000331,GIC,57,36,10,531.00,"5,310.00"
2020-11-09,2020110904000330,GIC,57,36,10,531.00,"5,310.00"
2020-11-09,2020110904000329,GIC,57,36,10,531.00,"5,310.00"
2020-11-09,2020110904000328,GIC,29,29,10,531.00,"5,310.00"
2020-11-09,2020110904000327,GIC,29,16,10,531.00,"5,310.00"
2020-11-09,2020110904000339,GIC,44,6,10,530.00,"5,300.00"
2020-11-09,2020110904000338,GIC,57,36,10,530.00,"5,300.00"
2020-11-09,2020110904000337,GIC,57,59,10,530.00,"5,300.00"
2020-11-09,2020110904000335,GIC,57,6,10,530.00,"5,300.00"
2020-11-09,2020110904000334,GIC,57,42,10,530.00,"5,300.00"
2020-11-09,2020110904000333,GIC,57,45,10,531.00,"5,310.00"
2020-11-09,2020110904000349,GIC,25,25,10,533.00,"5,330.00"
2020-11-09,2020110904000348,GIC,36,58,10,531.00,"5,310.00"
2020-11-09,2020110904000347,GIC,36,29,10,531.00,"5,310.00"
2020-11-09,2020110904000346,GIC,36,6,10,531.00,"5,310.00"
2020-11-09,2020110904000343,GIC,36,36,10,531.00,"5,310.00"
2020-11-09,2020110904000341,GIC,44,29,10,530.00,"5,300.00"
2020-11-09,2020110904000358,GIC,29,4,10,531.00,"5,310.00"
2020-11-09,2020110904000356,GIC,29,6,10,531.00,"5,310.00"
2020-11-09,2020110904000354,GIC,29,6,10,531.00,"5,310.00"
2020-11-09,2020110904000353,GIC,36,29,10,531.00,"5,310.00"
2020-11-09,2020110904000352,GIC,36,33,10,531.00,"5,310.00"
2020-11-09,2020110904000351,GIC,39,48,10,532.00,"5,320.00"
2020-11-09,2020110904000366,GIC,29,14,10,531.00,"5,310.00"
2020-11-09,2020110904000365,GIC,29,57,10,531.00,"5,310.00"
2020-11-09,2020110904000364,GIC,29,42,10,531.00,"5,310.00"
2020-11-09,2020110904000362,GIC,29,29,10,531.00,"5,310.00"
2020-11-09,2020110904000360,GIC,29,45,10,531.00,"5,310.00"
2020-11-09,2020110904000359,GIC,29,29,10,531.00,"5,310.00"
2020-11-09,2020110904000374,GIC,29,43,10,531.00,"5,310.00"
2020-11-09,2020110904000372,GIC,29,6,10,531.00,"5,310.00"
2020-11-09,2020110904000371,GIC,29,57,10,531.00,"5,310.00"
2020-11-09,2020110904000370,GIC,29,42,10,531.00,"5,310.00"
2020-11-09,2020110904000368,GIC,29,59,10,531.00,"5,310.00"
2020-11-09,2020110904000367,GIC,29,57,10,531.00,"5,310.00"
2020-11-09,2020110904000381,GIC,29,42,10,531.00,"5,310.00"
2020-11-09,2020110904000380,GIC,57,57,10,532.00,"5,320.00"
2020-11-09,2020110904000379,GIC,29,45,10,531.00,"5,310.00"
2020-11-09,2020110904000378,GIC,29,1,10,531.00,"5,310.00"
2020-11-09,2020110904000376,GIC,29,45,10,531.00,"5,310.00"
2020-11-09,2020110904000375,GIC,29,58,10,531.00,"5,310.00"
2020-11-09,2020110904000390,GIC,21,44,10,531.00,"5,310.00"
2020-11-09,2020110904000388,GIC,29,35,10,531.00,"5,310.00"
2020-11-09,2020110904000387,GIC,29,11,10,531.00,"5,310.00"
2020-11-09,2020110904000384,GIC,29,35,10,531.00,"5,310.00"
2020-11-09,2020110904000383,GIC,29,11,10,531.00,"5,310.00"
2020-11-09,2020110904000382,GIC,29,35,10,531.00,"5,310.00"
2020-11-09,2020110904000146,GIMES1,5,42,"2,000",9.97,"19,940.00"
2020-11-09,2020110904000020,GIMES1,21,38,100,9.96,996.00
2020-11-09,2020110903017531,GMFBS,28,47,10,886.00,"8,860.00"
2020-11-09,2020110903017549,GRDBL,26,13,25,157.00,"3,925.00"
2020-11-09,2020110903017546,HIDCL,58,52,200,237.00,"47,400.00"
2020-11-09,2020110903017521,HIDCL,32,52,96,237.00,"22,752.00"
2020-11-09,2020110903017520,HIDCL,32,58,404,237.00,"95,748.00"
2020-11-09,2020110903017498,HIDCL,59,58,30,237.00,"7,110.00"
2020-11-09,2020110903017497,HIDCL,26,58,566,237.00,"134,142.00"
2020-11-09,2020110903017553,ICFC,50,22,239,312.00,"74,568.00"
2020-11-09,2020110903017552,ICFC,50,41,500,312.00,"156,000.00"
2020-11-09,2020110903017551,ICFC,50,41,100,312.00,"31,200.00"
2020-11-09,2020110903017550,ICFC,50,41,120,312.00,"37,440.00"
2020-11-09,2020110903017496,ICFC,6,41,10,312.00,"3,120.00"
2020-11-09,2020110903017528,JFL,4,3,271,220.00,"59,620.00"
2020-11-09,2020110904000195,LEMF,22,17,100,9.36,936.00
2020-11-09,2020110904000194,LEMF,46,17,"2,000",9.37,"18,740.00"
2020-11-09,2020110904000116,LEMF,22,46,"2,000",9.36,"18,720.00"
2020-11-09,2020110904000115,LEMF,48,46,"3,000",9.37,"28,110.00"
2020-11-09,2020110904000377,LUK,4,59,100,9.60,960.00
2020-11-09,2020110904000373,LUK,4,45,100,9.60,960.00
2020-11-09,2020110904000361,LUK,4,4,"1,000",9.60,"9,600.00"
2020-11-09,2020110904000185,LUK,22,7,"4,800",9.70,"46,560.00"
2020-11-09,2020110904000168,LUK,45,21,400,9.71,"3,884.00"
2020-11-09,2020110904000091,LUK,22,6,200,9.70,"1,940.00"
2020-11-09,2020110903017532,MLBL,58,21,50,228.00,"11,400.00"
2020-11-09,2020110903017504,MNBBL,50,29,30,359.00,"10,770.00"
2020-11-09,2020110903017503,MNBBL,21,29,100,359.00,"35,900.00"
2020-11-09,2020110903017502,MNBBL,52,29,70,359.00,"25,130.00"
2020-11-09,2020110904000403,NBF2,58,1,"2,000",9.50,"19,000.00"
2020-11-09,2020110904000402,NBF2,58,57,100,9.50,950.00
2020-11-09,2020110904000336,NBF2,44,45,200,9.43,"1,886.00"
2020-11-09,2020110904000178,NBF2,22,17,"1,000",9.41,"9,410.00"
2020-11-09,2020110904000108,NBF2,22,35,200,9.41,"1,882.00"
2020-11-09,2020110904000082,NBF2,22,53,100,9.41,941.00
2020-11-09,2020110904000398,NEF,58,54,"3,000",9.60,"28,800.00"
2020-11-09,2020110904000397,NEF,58,42,"1,127",9.59,"10,807.93"
2020-11-09,2020110904000345,NEF,57,29,483,9.54,"4,607.82"
2020-11-09,2020110904000255,NEF,22,43,966,9.53,"9,205.98"
2020-11-09,2020110904000224,NEF,22,58,"1,127",9.53,"10,740.31"
2020-11-09,2020110904000205,NEF,46,29,"1,448",9.54,"13,813.92"
2020-11-09,2020110904000204,NEF,46,1,483,9.53,"4,602.99"
2020-11-09,2020110904000140,NEF,46,58,"1,127",9.55,"10,762.85"
2020-11-09,2020110904000117,NEF,57,35,"1,207",9.52,"11,490.64"
2020-11-09,2020110904000344,NIBSF1,57,28,"5,000",10.20,"51,000.00"
2020-11-09,2020110904000098,NIBSF1,28,38,"4,500",10.20,"45,900.00"
2020-11-09,2020110904000340,NICBF,22,45,100,9.62,962.00
2020-11-09,2020110904000311,NICGF,21,14,500,9.92,"4,960.00"
2020-11-09,2020110904000301,NICGF,35,42,"1,000",9.92,"9,920.00"
2020-11-09,2020110903017488,NLIC,34,48,10,"1,421.00","14,210.00"
2020-11-09,2020110903017555,NLICL,44,44,10,775.00,"7,750.00"
2020-11-09,2020110903017562,NRIC,44,53,55,969.00,"53,295.00"
2020-11-09,2020110903017560,NRIC,45,53,10,969.00,"9,690.00"
2020-11-09,2020110903017559,NRIC,47,53,10,969.00,"9,690.00"
2020-11-09,2020110903017558,NRIC,47,43,40,969.00,"38,760.00"
2020-11-09,2020110903017548,NRIC,50,56,20,968.00,"19,360.00"
2020-11-09,2020110903017541,NRIC,19,14,100,970.00,"97,000.00"
2020-11-09,2020110903017493,NRIC,10,34,200,969.00,"193,800.00"
2020-11-09,2020110903017483,NRIC,14,32,100,968.00,"96,800.00"
2020-11-09,2020110903017471,NRIC,39,14,60,970.00,"58,200.00"
2020-11-09,2020110903017470,NRIC,39,22,50,969.00,"48,450.00"
2020-11-09,2020110903017529,NRIC,47,14,100,969.00,"96,900.00"
2020-11-09,2020110903017519,NRIC,4,14,200,970.00,"194,000.00"
2020-11-09,2020110903017517,NRIC,47,11,100,969.00,"96,900.00"
2020-11-09,2020110903017509,NRIC,47,45,10,969.00,"9,690.00"
2020-11-09,2020110903017500,NRIC,44,14,150,970.00,"145,500.00"
2020-11-09,2020110903017499,NRIC,44,34,50,969.00,"48,450.00"
2020-11-09,2020110903017540,NRIC,10,10,199,968.00,"192,632.00"
2020-11-09,2020110903017539,NRIC,22,10,100,968.00,"96,800.00"
2020-11-09,2020110903017538,NRIC,14,10,20,968.00,"19,360.00"
2020-11-09,2020110903017537,NRIC,14,10,121,968.00,"117,128.00"
2020-11-09,2020110903017536,NRIC,47,10,60,969.00,"58,140.00"
2020-11-09,2020110903017534,NRIC,29,14,150,970.00,"145,500.00"
2020-11-09,2020110903017544,NRN,21,34,10,353.00,"3,530.00"
2020-11-09,2020110903017543,NRN,21,43,10,353.00,"3,530.00"
2020-11-09,2020110903017542,NRN,21,45,20,353.00,"7,060.00"
2020-11-09,2020110903017545,NTC,50,34,10,790.00,"7,900.00"
2020-11-09,2020110903017518,NTC,50,6,10,789.00,"7,890.00"
2020-11-09,2020110903017481,NTC,50,29,200,789.00,"157,800.00"
2020-11-09,2020110903017480,NTC,50,52,100,789.00,"78,900.00"
2020-11-09,2020110903017479,NTC,50,59,50,789.00,"39,450.00"
2020-11-09,2020110903017478,NTC,50,6,674,789.00,"531,786.00"
2020-11-09,2020110904000043,PCBLP,32,39,"6,500",150.00,"975,000.00"
2020-11-09,2020110903017530,PLIC,33,16,"1,000",689.00,"689,000.00"
2020-11-09,2020110903017516,PROFL,45,45,10,145.00,"1,450.00"
2020-11-09,2020110903017515,PROFL,45,54,250,145.00,"36,250.00"
2020-11-09,2020110903017514,PROFL,45,21,"1,040",145.00,"150,800.00"
2020-11-09,2020110904000281,RBCLPO,50,33,10,"12,650.00","126,500.00"
2020-11-09,2020110904000274,RBCLPO,50,34,10,"12,650.00","126,500.00"
2020-11-09,2020110904000250,RBCLPO,41,51,10,"12,700.00","127,000.00"
2020-11-09,2020110904000246,RBCLPO,42,34,21,"12,692.00","266,532.00"
2020-11-09,2020110904000223,RBCLPO,38,13,30,"12,692.00","380,760.00"
2020-11-09,2020110904000222,RBCLPO,38,17,50,"12,692.00","634,600.00"
2020-11-09,2020110904000221,RBCLPO,38,32,10,"12,600.00","126,000.00"
2020-11-09,2020110904000220,RBCLPO,38,32,10,"12,600.00","126,000.00"
2020-11-09,2020110904000192,RBCLPO,28,58,10,"12,444.00","124,440.00"
2020-11-09,2020110903017487,RLI,38,57,10,591.00,"5,910.00"
2020-11-09,2020110903017477,SADBL,39,34,83,190.00,"15,770.00"
2020-11-09,2020110903017476,SADBL,39,41,70,189.00,"13,230.00"
2020-11-09,2020110903017475,SADBL,39,42,330,189.00,"62,370.00"
2020-11-09,2020110903017474,SADBL,39,4,100,189.00,"18,900.00"
2020-11-09,2020110903017473,SADBL,39,22,395,188.00,"74,260.00"
2020-11-09,2020110904000363,SAEF,57,35,"1,500",10.32,"15,480.00"
2020-11-09,2020110904000342,SAEF,33,50,450,10.31,"4,639.50"
2020-11-09,2020110904000309,SAEF,33,58,200,10.30,"2,060.00"
2020-11-09,2020110904000260,SAEF,22,41,100,10.28,"1,028.00"
2020-11-09,2020110904000218,SAEF,33,17,"1,500",10.27,"15,405.00"
2020-11-09,2020110904000189,SAEF,47,17,"1,500",10.26,"15,390.00"
2020-11-09,2020110904000040,SAEF,5,17,"4,500",10.20,"45,900.00"
2020-11-09,2020110904000027,SAEF,22,55,"5,000",10.17,"50,850.00"
2020-11-09,2020110903017507,SDLBSL,16,25,40,913.00,"36,520.00"
2020-11-09,2020110904000395,SEF,58,42,100,10.00,"1,000.00"
2020-11-09,2020110904000394,SEF,58,53,"10,000",10.00,"100,000.00"
2020-11-09,2020110904000393,SEF,58,53,"10,000",10.00,"100,000.00"
2020-11-09,2020110904000392,SEF,58,56,"2,500",10.00,"25,000.00"
2020-11-09,2020110904000386,SEF,8,41,"10,000",9.99,"99,900.00"
2020-11-09,2020110904000385,SEF,8,35,"1,000",9.99,"9,990.00"
2020-11-09,2020110904000270,SEF,34,17,"3,000",9.88,"29,640.00"
2020-11-09,2020110904000269,SEF,19,17,"2,000",9.88,"19,760.00"
2020-11-09,2020110904000267,SEF,19,25,"1,000",9.90,"9,900.00"
2020-11-09,2020110904000225,SEF,19,34,500,9.88,"4,940.00"
2020-11-09,2020110904000207,SEF,19,34,500,9.88,"4,940.00"
2020-11-09,2020110904000184,SEF,19,29,"2,500",9.88,"24,700.00"
2020-11-09,2020110904000252,SFMF,50,42,100,10.00,"1,000.00"
2020-11-09,2020110904000396,SGI,34,45,10,454.00,"4,540.00"
2020-11-09,2020110904000323,SGI,34,58,10,454.00,"4,540.00"
2020-11-09,2020110904000304,SGI,34,6,10,454.00,"4,540.00"
2020-11-09,2020110904000290,SGI,34,35,10,454.00,"4,540.00"
2020-11-09,2020110904000284,SGI,34,6,10,454.00,"4,540.00"
2020-11-09,2020110904000273,SGI,34,50,10,454.00,"4,540.00"
2020-11-09,2020110904000063,SGI,32,17,10,421.00,"4,210.00"
2020-11-09,2020110904000244,SGI,34,47,10,454.00,"4,540.00"
2020-11-09,2020110904000153,SGI,34,21,10,454.00,"4,540.00"
2020-11-09,2020110904000149,SGI,48,13,10,453.00,"4,530.00"
2020-11-09,2020110904000142,SGI,5,34,10,445.00,"4,450.00"
2020-11-09,2020110904000075,SGI,48,38,10,437.00,"4,370.00"
2020-11-09,2020110904000067,SGI,48,6,10,429.00,"4,290.00"
2020-11-09,2020110903017510,SHINE,49,37,121,266.00,"32,186.00"
2020-11-09,2020110903017505,SHINE,49,49,100,266.00,"26,600.00"
2020-11-09,2020110903017482,SHINE,49,49,150,266.00,"39,900.00"
2020-11-09,2020110903017561,SHL,53,56,170,190.00,"32,300.00"
2020-11-09,2020110903017563,SIFC,8,44,500,205.00,"102,500.00"
2020-11-09,2020110903017522,SKBBL,14,45,10,"1,443.00","14,430.00"
2020-11-09,2020110903017489,SKBBL,6,34,10,"1,439.00","14,390.00"
2020-11-09,2020110903017554,SLBBL,50,50,25,888.00,"22,200.00"
2020-11-09,2020110903017495,SLICL,32,4,800,632.00,"505,600.00"
2020-11-09,2020110903017494,SLICL,18,4,500,632.00,"316,000.00"
2020-11-09,2020110904000389,STC,28,10,10,"4,550.00","45,500.00"
2020-11-09,2020110904000369,STC,26,57,10,"4,550.00","45,500.00"
2020-11-09,2020110904000357,STC,57,8,10,"4,515.00","45,150.00"
2020-11-09,2020110904000350,STC,48,26,20,"4,575.00","91,500.00"
2020-11-09,2020110904000308,STC,42,57,10,"4,600.00","46,000.00"
2020-11-09,2020110904000306,STC,21,26,20,"4,600.00","92,000.00"
2020-11-09,2020110904000056,STC,49,50,10,"4,358.00","43,580.00"
2020-11-09,2020110904000045,STC,42,50,10,"4,358.00","43,580.00"
2020-11-09,2020110904000022,STC,25,50,10,"4,273.00","42,730.00"
2020-11-09,2020110904000019,STC,38,57,10,"4,360.00","43,600.00"
2020-11-09,2020110904000095,STC,26,57,10,"4,533.00","45,330.00"
2020-11-09,2020110904000089,STC,26,57,10,"4,445.00","44,450.00"
2020-11-09,2020110904000070,STC,26,55,10,"4,358.00","43,580.00"
2020-11-09,2020110904000069,STC,26,25,10,"4,358.00","43,580.00"
2020-11-09,2020110904000068,STC,26,50,10,"4,358.00","43,580.00"
2020-11-09,2020110904000065,STC,36,50,20,"4,358.00","87,160.00"
2020-11-09,2020110904000119,STC,59,10,10,"4,700.00","47,000.00"
2020-11-09,2020110904000118,STC,59,56,20,"4,699.00","93,980.00"
2020-11-09,2020110904000112,STC,26,56,20,"4,623.00","92,460.00"
2020-11-09,2020110904000110,STC,26,59,100,"4,623.00","462,300.00"
2020-11-09,2020110904000109,STC,26,56,10,"4,622.00","46,220.00"
2020-11-09,2020110904000097,STC,26,22,10,"4,533.00","45,330.00"
2020-11-09,2020110904000134,STC,26,52,10,"4,700.00","47,000.00"
2020-11-09,2020110904000132,STC,41,16,10,"4,700.00","47,000.00"
2020-11-09,2020110904000128,STC,26,55,10,"4,700.00","47,000.00"
2020-11-09,2020110904000127,STC,26,56,50,"4,700.00","235,000.00"
2020-11-09,2020110904000121,STC,59,50,100,"4,700.00","470,000.00"
2020-11-09,2020110904000120,STC,59,17,50,"4,700.00","235,000.00"
2020-11-09,2020110904000303,STC,36,11,15,"4,610.00","69,150.00"
2020-11-09,2020110904000254,STC,19,57,12,"4,660.00","55,920.00"
2020-11-09,2020110904000180,STC,26,50,20,"4,665.00","93,300.00"
2020-11-09,2020110904000167,STC,57,57,20,"4,607.00","92,140.00"
2020-11-09,2020110904000137,STC,26,56,10,"4,701.00","47,010.00"
2020-11-09,2020110904000135,STC,26,46,10,"4,701.00","47,010.00"
2020-11-09,2020110903017506,USLB,33,58,10,"1,123.00","11,230.00"
2020-11-09,2020110903017366,BFC,26,38,10,146.00,"1,460.00"
2020-11-09,2020110903016983,BFC,45,45,"1,000",145.00,"145,000.00"
2020-11-09,2020110903017303,CBBL,26,6,295,"1,192.00","351,640.00"
2020-11-09,2020110903017302,CBBL,26,58,400,"1,192.00","476,800.00"
2020-11-09,2020110903017301,CBBL,26,22,55,"1,192.00","65,560.00"
2020-11-09,2020110903017399,CFCL,49,45,76,166.00,"12,616.00"
2020-11-09,2020110903017398,CFCL,43,45,100,166.00,"16,600.00"
2020-11-09,2020110903017397,CFCL,39,45,100,166.00,"16,600.00"
2020-11-09,2020110903017396,CFCL,49,45,100,166.00,"16,600.00"
2020-11-09,2020110903017395,CFCL,49,45,30,166.00,"4,980.00"
2020-11-09,2020110903017394,CFCL,25,45,500,166.00,"83,000.00"
2020-11-09,2020110903017393,CFCL,52,45,94,166.00,"15,604.00"
2020-11-09,2020110903017154,CFCL,52,41,106,166.00,"17,596.00"
2020-11-09,2020110903017153,CFCL,39,41,"1,000",166.00,"166,000.00"
2020-11-09,2020110903017152,CFCL,34,41,200,166.00,"33,200.00"
2020-11-09,2020110903017151,CFCL,13,41,100,166.00,"16,600.00"
2020-11-09,2020110903017229,CIT,26,14,10,"3,963.00","39,630.00"
2020-11-09,2020110903017168,CIT,58,52,10,"3,963.00","39,630.00"
2020-11-09,2020110903017161,CIT,19,14,3,"3,960.00","11,880.00"
2020-11-09,2020110903017155,CIT,34,52,10,"3,963.00","39,630.00"
2020-11-09,2020110903017370,CLBSL,14,11,52,729.00,"37,908.00"
2020-11-09,2020110903017465,DDBL,35,11,60,"1,033.00","61,980.00"
2020-11-09,2020110903017404,DDBL,54,42,50,"1,034.00","51,700.00"
2020-11-09,2020110903017364,DDBL,45,40,20,"1,033.00","20,660.00"
2020-11-09,2020110903017257,DDBL,43,42,90,"1,034.00","93,060.00"
2020-11-09,2020110903017085,DDBL,57,7,45,"1,033.00","46,485.00"
2020-11-09,2020110903017247,FMDBL,55,14,111,608.00,"67,488.00"
2020-11-09,2020110903017246,FMDBL,21,14,50,608.00,"30,400.00"
2020-11-09,2020110903017245,FMDBL,26,14,39,608.00,"23,712.00"
2020-11-09,2020110903017070,FMDBL,28,42,100,609.00,"60,900.00"
2020-11-09,2020110903017053,FMDBL,28,34,86,610.00,"52,460.00"
2020-11-09,2020110903017052,FMDBL,28,6,14,610.00,"8,540.00"
2020-11-09,2020110903017300,FOWAD,5,18,31,"1,623.00","50,313.00"
2020-11-09,2020110903017299,FOWAD,5,34,19,"1,622.00","30,818.00"
2020-11-09,2020110903017017,FOWAD,32,26,100,"1,621.00","162,100.00"
2020-11-09,2020110903017466,GBBL,32,50,"1,000",260.00,"260,000.00"
2020-11-09,2020110903017410,GBBL,55,50,"1,000",260.00,"260,000.00"
2020-11-09,2020110903017391,GBBL,4,49,200,259.00,"51,800.00"
2020-11-09,2020110903017322,GBBL,7,50,500,260.00,"130,000.00"
2020-11-09,2020110903017307,GBBL,10,50,"2,000",260.00,"520,000.00"
2020-11-09,2020110903017136,GBBL,53,50,20,260.00,"5,200.00"
2020-11-09,2020110903017084,GBBL,44,50,500,260.00,"130,000.00"
2020-11-09,2020110903017018,GBBL,36,50,200,260.00,"52,000.00"
2020-11-09,2020110903017409,GBLBS,58,26,10,555.00,"5,550.00"
2020-11-09,2020110903017408,GBLBS,58,44,"1,000",554.00,"554,000.00"
2020-11-09,2020110903017363,GBLBS,42,48,180,554.00,"99,720.00"
2020-11-09,2020110903017295,GBLBS,42,36,40,554.00,"22,160.00"
2020-11-09,2020110903017029,GBLBS,42,48,500,554.00,"277,000.00"
2020-11-09,2020110903017028,GBLBS,42,44,100,554.00,"55,400.00"
2020-11-09,2020110903017027,GBLBS,42,25,200,554.00,"110,800.00"
2020-11-09,2020110903017026,GBLBS,42,34,86,554.00,"47,644.00"
2020-11-09,2020110903017451,GILB,47,50,862,"1,351.00","1,164,562.00"
2020-11-09,2020110903017450,GILB,47,37,53,"1,351.00","71,603.00"
2020-11-09,2020110903017449,GILB,47,43,30,"1,350.00","40,500.00"
2020-11-09,2020110903017448,GILB,47,38,800,"1,350.00","1,080,000.00"
2020-11-09,2020110903017447,GILB,47,38,200,"1,350.00","270,000.00"
2020-11-09,2020110903017446,GILB,47,7,100,"1,350.00","135,000.00"
2020-11-09,2020110903017433,GILB,47,42,23,"1,345.00","30,935.00"
2020-11-09,2020110903017432,GILB,47,51,12,"1,343.00","16,116.00"
2020-11-09,2020110903017431,GILB,47,28,78,"1,343.00","104,754.00"
2020-11-09,2020110903017430,GILB,47,52,50,"1,342.00","67,100.00"
2020-11-09,2020110903017439,GILB,47,36,25,"1,349.00","33,725.00"
2020-11-09,2020110903017438,GILB,47,35,10,"1,349.00","13,490.00"
2020-11-09,2020110903017437,GILB,47,35,10,"1,349.00","13,490.00"
2020-11-09,2020110903017436,GILB,47,33,10,"1,349.00","13,490.00"
2020-11-09,2020110903017435,GILB,47,41,140,"1,348.00","188,720.00"
2020-11-09,2020110903017434,GILB,47,38,100,"1,348.00","134,800.00"
2020-11-09,2020110903017445,GILB,47,47,55,"1,350.00","74,250.00"
2020-11-09,2020110903017444,GILB,47,47,30,"1,350.00","40,500.00"
2020-11-09,2020110903017443,GILB,47,13,100,"1,349.00","134,900.00"
2020-11-09,2020110903017442,GILB,47,42,53,"1,349.00","71,497.00"
2020-11-09,2020110903017441,GILB,47,5,19,"1,349.00","25,631.00"
2020-11-09,2020110903017440,GILB,47,44,240,"1,349.00","323,760.00"
2020-11-09,2020110903017401,GLBSL,47,33,70,733.00,"51,310.00"
2020-11-09,2020110903017400,GLBSL,43,33,40,733.00,"29,320.00"
2020-11-09,2020110903017310,GLICL,29,42,173,584.00,"101,032.00"
2020-11-09,2020110903017309,GLICL,39,42,500,584.00,"292,000.00"
2020-11-09,2020110903017308,GLICL,59,42,200,584.00,"116,800.00"
2020-11-09,2020110903017379,GMFBS,28,48,10,886.00,"8,860.00"
2020-11-09,2020110903017378,GMFBS,28,59,10,883.00,"8,830.00"
2020-11-09,2020110903017377,GMFBS,28,53,10,880.00,"8,800.00"
2020-11-09,2020110903017376,GMFBS,28,53,20,878.00,"17,560.00"
2020-11-09,2020110903017150,GRDBL,44,41,80,156.00,"12,480.00"
2020-11-09,2020110903017149,GRDBL,44,42,25,156.00,"3,900.00"
2020-11-09,2020110903017148,GRDBL,44,52,100,156.00,"15,600.00"
2020-11-09,2020110903017392,HIDCL,26,42,220,237.00,"52,140.00"
2020-11-09,2020110903017372,HIDCL,26,25,214,237.00,"50,718.00"
2020-11-09,2020110903017371,HIDCL,56,25,86,238.00,"20,468.00"
2020-11-09,2020110903017298,HIDCL,8,5,"4,000",236.00,"944,000.00"
2020-11-09,2020110903017274,HIDCL,8,5,775,236.00,"182,900.00"
2020-11-09,2020110903017273,HIDCL,25,5,"1,000",236.00,"236,000.00"
2020-11-09,2020110903016981,HIDCL,17,37,465,237.00,"110,205.00"
2020-11-09,2020110903017176,HIDCL,33,5,465,237.00,"110,205.00"
2020-11-09,2020110903017097,HIDCL,57,52,414,238.00,"98,532.00"
2020-11-09,2020110903017096,HIDCL,57,40,86,238.00,"20,468.00"
2020-11-09,2020110903017091,HIDCL,33,40,500,237.00,"118,500.00"
2020-11-09,2020110903017090,HIDCL,5,40,50,238.00,"11,900.00"
2020-11-09,2020110903016982,HIDCL,33,37,35,237.00,"8,295.00"
2020-11-09,2020110903017204,HIDCL,45,52,86,238.00,"20,468.00"
2020-11-09,2020110903017181,HIDCL,57,5,75,237.00,"17,775.00"
2020-11-09,2020110903017180,HIDCL,41,5,200,237.00,"47,400.00"
2020-11-09,2020110903017179,HIDCL,48,5,260,237.00,"61,620.00"
2020-11-09,2020110903017178,HIDCL,16,5,"1,000",237.00,"237,000.00"
2020-11-09,2020110903017177,HIDCL,48,5,"2,000",237.00,"474,000.00"
2020-11-09,2020110903017237,HIDCL,35,5,200,236.00,"47,200.00"
2020-11-09,2020110903017236,HIDCL,21,5,"1,000",236.00,"236,000.00"
2020-11-09,2020110903017235,HIDCL,50,5,500,236.00,"118,000.00"
2020-11-09,2020110903017234,HIDCL,26,5,500,236.00,"118,000.00"
2020-11-09,2020110903017233,HIDCL,57,5,425,237.00,"100,725.00"
2020-11-09,2020110903017205,HIDCL,45,33,414,239.00,"98,946.00"
2020-11-09,2020110903017272,HIDCL,14,5,"1,000",236.00,"236,000.00"
2020-11-09,2020110903017271,HIDCL,14,5,225,236.00,"53,100.00"
2020-11-09,2020110903017270,HIDCL,36,5,"1,000",237.00,"237,000.00"
2020-11-09,2020110903017240,HIDCL,14,5,775,236.00,"182,900.00"
2020-11-09,2020110903017239,HIDCL,55,5,100,236.00,"23,600.00"
2020-11-09,2020110903017238,HIDCL,6,5,500,236.00,"118,000.00"
2020-11-09,2020110903016988,ICFC,58,42,100,310.00,"31,000.00"
2020-11-09,2020110903016987,ICFC,50,42,285,311.00,"88,635.00"
2020-11-09,2020110903017147,ILBS,19,32,22,868.00,"19,096.00"
2020-11-09,2020110903017131,ILBS,45,37,30,870.00,"26,100.00"
2020-11-09,2020110903017089,ILBS,45,37,13,870.00,"11,310.00"
2020-11-09,2020110903017160,JBBL,21,57,100,208.00,"20,800.00"
2020-11-09,2020110903017107,JBBL,21,34,51,208.00,"10,608.00"
2020-11-09,2020110903017106,JBBL,14,34,300,208.00,"62,400.00"
2020-11-09,2020110903017105,JBBL,38,34,100,208.00,"20,800.00"
2020-11-09,2020110903017104,JBBL,13,34,175,208.00,"36,400.00"
2020-11-09,2020110903017103,JBBL,34,34,"1,000",208.00,"208,000.00"
2020-11-09,2020110903017102,JBBL,58,34,100,208.00,"20,800.00"
2020-11-09,2020110903017101,JBBL,51,34,40,208.00,"8,320.00"
2020-11-09,2020110903017100,JBBL,22,34,100,208.00,"20,800.00"
2020-11-09,2020110903017099,JBBL,41,34,200,208.00,"41,600.00"
2020-11-09,2020110903017098,JBBL,14,34,934,208.00,"194,272.00"
2020-11-09,2020110903017061,JFL,57,6,200,219.00,"43,800.00"
2020-11-09,2020110903017243,JFL,4,32,500,220.00,"110,000.00"
2020-11-09,2020110903017242,JFL,4,17,705,220.00,"155,100.00"
2020-11-09,2020110903017095,JFL,55,32,200,219.00,"43,800.00"
2020-11-09,2020110903017094,JFL,58,32,800,219.00,"175,200.00"
2020-11-09,2020110903017063,JFL,58,6,200,219.00,"43,800.00"
2020-11-09,2020110903017062,JFL,1,6,100,219.00,"21,900.00"
2020-11-09,2020110903017267,JFL,4,3,271,220.00,"59,620.00"
2020-11-09,2020110903017266,JFL,4,32,500,220.00,"110,000.00"
2020-11-09,2020110903017265,JFL,4,37,24,220.00,"5,280.00"
2020-11-09,2020110903017264,JFL,4,45,"1,000",220.00,"220,000.00"
2020-11-09,2020110903017263,JFL,4,28,205,220.00,"45,100.00"
2020-11-09,2020110903017244,JFL,4,28,795,220.00,"174,900.00"
2020-11-09,2020110903017380,JFL,4,28,"1,000",220.00,"220,000.00"
2020-11-09,2020110903017290,JFL,4,3,729,220.00,"160,380.00"
2020-11-09,2020110903017277,KMCDB,59,16,18,787.00,"14,166.00"
