Date,Transact. No.,Symbol,Buyer,Seller,Quantity,Rate,Amount
2020-08-20,2020082001008176,ACLBSL,25,44,10,694.00,"6,940.00"
2020-08-20,2020082001008005,ACLBSL,26,17,10,690.00,"6,900.00"
2020-08-20,2020082001008004,ACLBSL,26,4,90,690.00,"62,100.00"
2020-08-20,2020082001008003,ACLBSL,45,4,10,691.00,"6,910.00"
2020-08-20,2020082001007864,ACLBSL,26,57,10,690.00,"6,900.00"
2020-08-20,2020082001008010,ADBL,54,50,10,412.00,"4,120.00"
2020-08-20,2020082001007945,AHPC,43,19,90,93.00,"8,370.00"
2020-08-20,2020082001007856,AHPC,43,52,12,93.00,"1,116.00"
2020-08-20,2020082001007855,AHPC,33,52,200,93.00,"18,600.00"
2020-08-20,2020082001007854,AHPC,43,52,10,93.00,930.00
2020-08-20,2020082001008271,AIL,51,45,10,480.00,"4,800.00"
2020-08-20,2020082001008220,AIL,51,36,10,480.00,"4,800.00"
2020-08-20,2020082001008219,AIL,51,42,10,480.00,"4,800.00"
2020-08-20,2020082001008218,AIL,51,42,10,480.00,"4,800.00"
2020-08-20,2020082001008160,AIL,37,49,10,479.00,"4,790.00"
2020-08-20,2020082001008124,AIL,37,45,10,479.00,"4,790.00"
2020-08-20,2020082001007857,AIL,37,45,10,479.00,"4,790.00"
2020-08-20,2020082001007850,AIL,37,39,10,479.00,"4,790.00"
2020-08-20,2020082001007846,AIL,37,45,10,479.00,"4,790.00"
2020-08-20,2020082001007971,AIL,48,44,10,480.00,"4,800.00"
2020-08-20,2020082001007970,AIL,48,44,10,480.00,"4,800.00"
2020-08-20,2020082001007967,AIL,37,45,10,479.00,"4,790.00"
2020-08-20,2020082001007966,AIL,37,1,50,479.00,"23,950.00"
2020-08-20,2020082001007913,AIL,37,45,10,479.00,"4,790.00"
2020-08-20,2020082001007875,AIL,37,45,10,479.00,"4,790.00"
2020-08-20,2020082001008088,AIL,51,44,10,480.00,"4,800.00"
2020-08-20,2020082001008087,AIL,51,44,10,480.00,"4,800.00"
2020-08-20,2020082001008074,AIL,37,17,20,479.00,"9,580.00"
2020-08-20,2020082001008073,AIL,37,45,10,479.00,"4,790.00"
2020-08-20,2020082001008016,AIL,37,45,10,479.00,"4,790.00"
2020-08-20,2020082001007987,AIL,37,45,10,479.00,"4,790.00"
2020-08-20,2020082001008094,AIL,51,22,200,480.00,"96,000.00"
2020-08-20,2020082001008093,AIL,51,38,20,480.00,"9,600.00"
2020-08-20,2020082001008092,AIL,51,33,20,480.00,"9,600.00"
2020-08-20,2020082001008091,AIL,51,53,10,480.00,"4,800.00"
2020-08-20,2020082001008090,AIL,51,55,120,480.00,"57,600.00"
2020-08-20,2020082001008089,AIL,51,58,10,480.00,"4,800.00"
2020-08-20,2020082001008179,AKPL,55,48,121,113.00,"13,673.00"
2020-08-20,2020082001008178,AKPL,29,48,29,113.00,"3,277.00"
2020-08-20,2020082001008082,AKPL,6,47,100,114.00,"11,400.00"
2020-08-20,2020082001007887,AKPL,41,28,20,114.00,"2,280.00"
2020-08-20,2020082001007886,AKPL,41,29,73,114.00,"8,322.00"
2020-08-20,2020082001008054,ALBSL,47,57,10,656.00,"6,560.00"
2020-08-20,2020082001007912,ALBSL,43,49,11,655.00,"7,205.00"
2020-08-20,2020082001007911,ALBSL,43,11,120,655.00,"78,600.00"
2020-08-20,2020082001007910,ALBSL,43,48,50,655.00,"32,750.00"
2020-08-20,2020082001007909,ALBSL,43,14,100,654.00,"65,400.00"
2020-08-20,2020082001007908,ALBSL,43,29,50,653.00,"32,650.00"
2020-08-20,2020082001008012,ALICL,50,22,116,634.00,"73,544.00"
2020-08-20,2020082001008011,ALICL,50,17,84,633.00,"53,172.00"
2020-08-20,2020082001008056,API,56,39,50,110.00,"5,500.00"
2020-08-20,2020082001007974,API,8,39,65,110.00,"7,150.00"
2020-08-20,2020082001007865,API,8,25,200,109.00,"21,800.00"
2020-08-20,2020082001008079,BFC,1,49,200,102.00,"20,400.00"
2020-08-20,2020082001007830,BFC,1,57,500,102.00,"51,000.00"
2020-08-20,2020082001008274,BOKL,34,28,10,224.00,"2,240.00"
2020-08-20,2020082001008143,BOKL,25,41,69,223.00,"15,387.00"
2020-08-20,2020082001008142,BOKL,11,41,50,223.00,"11,150.00"
2020-08-20,2020082001008141,BOKL,59,41,40,223.00,"8,920.00"
2020-08-20,2020082001008131,BPCL,1,13,400,360.00,"144,000.00"
2020-08-20,2020082001008130,BPCL,1,50,61,360.00,"21,960.00"
2020-08-20,2020082001008072,BPCL,1,39,30,359.00,"10,770.00"
2020-08-20,2020082001007944,BPCL,36,1,144,358.00,"51,552.00"
2020-08-20,2020082001008139,CBBL,29,14,42,"1,030.00","43,260.00"
2020-08-20,2020082001008138,CBBL,45,14,20,"1,031.00","20,620.00"
2020-08-20,2020082001008137,CBBL,25,14,50,"1,031.00","51,550.00"
2020-08-20,2020082001008136,CBBL,55,14,10,"1,032.00","10,320.00"
2020-08-20,2020082001008135,CBBL,52,14,10,"1,032.00","10,320.00"
2020-08-20,2020082001008134,CBBL,11,14,10,"1,032.00","10,320.00"
2020-08-20,2020082001008209,CBL,34,52,100,143.00,"14,300.00"
2020-08-20,2020082001007955,CCBL,49,44,990,172.00,"170,280.00"
2020-08-20,2020082001007883,CCBL,10,44,10,172.00,"1,720.00"
2020-08-20,2020082001008239,CFCL,1,38,75,122.00,"9,150.00"
2020-08-20,2020082001008238,CFCL,1,44,300,122.00,"36,600.00"
2020-08-20,2020082001008009,CHCL,48,10,10,393.00,"3,930.00"
2020-08-20,2020082001008265,CIT,50,55,34,"2,880.00","97,920.00"
2020-08-20,2020082001008177,CIT,51,55,10,"2,880.00","28,800.00"
2020-08-20,2020082001008126,CIT,33,33,20,"2,881.00","57,620.00"
2020-08-20,2020082001008122,CIT,45,33,50,"2,881.00","144,050.00"
2020-08-20,2020082001007995,CIT,56,40,58,"2,880.00","167,040.00"
2020-08-20,2020082001007959,CIT,56,52,15,"2,880.00","43,200.00"
2020-08-20,2020082001007940,CIT,44,35,23,"2,878.00","66,194.00"
2020-08-20,2020082001007939,CIT,52,35,40,"2,879.00","115,160.00"
2020-08-20,2020082001007871,CIT,40,17,10,"2,879.00","28,790.00"
2020-08-20,2020082001007870,CIT,50,17,10,"2,879.00","28,790.00"
2020-08-20,2020082001007869,CIT,46,17,10,"2,879.00","28,790.00"
2020-08-20,2020082001007972,CLBSL,53,25,39,680.00,"26,520.00"
2020-08-20,2020082001007953,CLBSL,53,47,50,680.00,"34,000.00"
2020-08-20,2020082001007952,CLBSL,53,53,17,680.00,"11,560.00"
2020-08-20,2020082001007951,CLBSL,53,58,11,680.00,"7,480.00"
2020-08-20,2020082001007950,CLBSL,53,19,10,680.00,"6,800.00"
2020-08-20,2020082001007949,CLBSL,53,38,11,680.00,"7,480.00"
2020-08-20,2020082001007948,CLBSL,53,17,11,675.00,"7,425.00"
2020-08-20,2020082001007947,CLBSL,53,40,40,669.00,"26,760.00"
2020-08-20,2020082001007946,CLBSL,53,50,11,668.00,"7,348.00"
2020-08-20,2020082001008123,CZBIL,52,36,10,193.00,"1,930.00"
2020-08-20,2020082001007873,CZBIL,55,36,100,193.00,"19,300.00"
2020-08-20,2020082001008320,EBL,44,16,10,710.00,"7,100.00"
2020-08-20,2020082001008272,EBL,54,57,10,717.00,"7,170.00"
2020-08-20,2020082001008235,EBL,44,57,70,717.00,"50,190.00"
2020-08-20,2020082001008234,EBL,44,28,30,717.00,"21,510.00"
2020-08-20,2020082001008033,EBL,44,16,10,710.00,"7,100.00"
2020-08-20,2020082001007878,EBL,44,49,500,716.00,"358,000.00"
2020-08-20,2020082001007877,EBL,44,49,100,716.00,"71,600.00"
2020-08-20,2020082001007876,EBL,44,41,36,715.00,"25,740.00"
2020-08-20,2020082001007860,EBL,44,41,44,715.00,"31,460.00"
2020-08-20,2020082001007859,EBL,44,11,60,715.00,"42,900.00"
2020-08-20,2020082001007858,EBL,44,16,796,714.00,"568,344.00"
2020-08-20,2020082001007848,EDBL,51,51,33,304.00,"10,032.00"
2020-08-20,2020082001008070,EIC,59,50,50,438.00,"21,900.00"
2020-08-20,2020082001007996,EIC,59,6,20,438.00,"8,760.00"
2020-08-20,2020082001008156,FMDBL,58,26,10,520.00,"5,200.00"
2020-08-20,2020082001008155,FMDBL,42,26,20,520.00,"10,400.00"
2020-08-20,2020082001008069,FOWAD,41,57,50,"1,511.00","75,550.00"
2020-08-20,2020082001008068,FOWAD,56,57,50,"1,517.00","75,850.00"
2020-08-20,2020082001007988,FOWAD,56,52,50,"1,517.00","75,850.00"
2020-08-20,2020082001007985,FOWAD,51,45,50,"1,517.00","75,850.00"
2020-08-20,2020082001008323,GBBL,58,1,103,231.00,"23,793.00"
2020-08-20,2020082001008228,GBBL,58,45,10,231.00,"2,310.00"
2020-08-20,2020082001007841,GBBL,58,46,65,231.00,"15,015.00"
2020-08-20,2020082001008109,GBIME,59,50,700,251.00,"175,700.00"
2020-08-20,2020082001007880,GBIME,58,50,100,251.00,"25,100.00"
2020-08-20,2020082001007828,GBLBS,52,45,10,464.00,"4,640.00"
2020-08-20,2020082001007827,GBLBS,45,45,40,464.00,"18,560.00"
2020-08-20,2020082001008110,GGBSL,38,45,10,790.00,"7,900.00"
2020-08-20,2020082001008151,GILB,29,22,60,"1,155.00","69,300.00"
2020-08-20,2020082001008150,GILB,42,22,30,"1,155.00","34,650.00"
2020-08-20,2020082001008149,GILB,53,22,10,"1,155.00","11,550.00"
2020-08-20,2020082001007961,GLICL,25,14,40,465.00,"18,600.00"
2020-08-20,2020082001007874,GMFBS,38,22,10,745.00,"7,450.00"
2020-08-20,2020082001008105,GMFIL,32,50,10,125.00,"1,250.00"
2020-08-20,2020082001008146,GRDBL,38,36,580,112.00,"64,960.00"
2020-08-20,2020082001008000,GRDBL,38,13,420,112.00,"47,040.00"
2020-08-20,2020082001007999,GRDBL,43,13,10,112.00,"1,120.00"
2020-08-20,2020082001007899,HDHPC,39,28,10,90.00,900.00
2020-08-20,2020082001007898,HDHPC,39,34,30,89.00,"2,670.00"
2020-08-20,2020082001007897,HDHPC,39,49,20,86.00,"1,720.00"
2020-08-20,2020082001007882,HDHPC,21,32,50,85.00,"4,250.00"
2020-08-20,2020082001007862,HDHPC,50,3,150,86.00,"12,900.00"
2020-08-20,2020082001008081,HDL,53,41,40,"1,652.00","66,080.00"
2020-08-20,2020082001007881,HDL,42,21,10,"1,650.00","16,500.00"
2020-08-20,2020082001008169,HGI,45,45,10,418.00,"4,180.00"
2020-08-20,2020082001007993,HIDCL,1,7,"1,000",128.00,"128,000.00"
2020-08-20,2020082001007992,HIDCL,1,49,21,128.00,"2,688.00"
2020-08-20,2020082001007838,IGI,5,1,50,474.00,"23,700.00"
2020-08-20,2020082001007839,IGI,5,46,150,474.00,"71,100.00"
2020-08-20,2020082001008104,ILBS,57,25,100,726.00,"72,600.00"
2020-08-20,2020082001007861,ILBS,42,41,11,726.00,"7,986.00"
2020-08-20,2020082001008261,JBBL,58,58,67,170.00,"11,390.00"
2020-08-20,2020082001008260,JBBL,58,38,233,169.00,"39,377.00"
2020-08-20,2020082001008113,JBBL,57,58,120,168.00,"20,160.00"
2020-08-20,2020082001008112,JBBL,6,58,180,168.00,"30,240.00"
2020-08-20,2020082001008210,JSLBB,14,36,27,"1,367.00","36,909.00"
2020-08-20,2020082001008108,KBL,38,49,100,184.00,"18,400.00"
2020-08-20,2020082001008309,KMCDB,52,58,10,730.00,"7,300.00"
2020-08-20,2020082001008053,KMCDB,41,41,80,725.00,"58,000.00"
2020-08-20,2020082001008098,KPCL,14,46,477,106.00,"50,562.00"
2020-08-20,2020082001008097,KPCL,14,11,10,106.00,"1,060.00"
2020-08-20,2020082001008096,KPCL,14,50,10,106.00,"1,060.00"
2020-08-20,2020082001008095,KPCL,14,38,10,106.00,"1,060.00"
2020-08-20,2020082001008086,KRBL,33,35,133,102.00,"13,566.00"
2020-08-20,2020082001008006,KSBBL,19,20,100,144.00,"14,400.00"
2020-08-20,2020082001008299,LBBL,54,57,133,181.00,"24,073.00"
2020-08-20,2020082001008298,LBBL,28,57,320,181.00,"57,920.00"
2020-08-20,2020082001008071,LBBL,45,57,50,182.00,"9,100.00"
2020-08-20,2020082001007984,LBBL,47,57,300,182.00,"54,600.00"
2020-08-20,2020082001007983,LBBL,34,57,30,182.00,"5,460.00"
2020-08-20,2020082001007982,LBBL,14,57,67,182.00,"12,194.00"
2020-08-20,2020082001008055,LBL,10,56,119,227.00,"27,013.00"
2020-08-20,2020082001008248,LGIL,16,59,739,457.00,"337,723.00"
2020-08-20,2020082001008206,LGIL,38,59,500,457.00,"228,500.00"
2020-08-20,2020082001008205,LGIL,44,59,"1,500",457.00,"685,500.00"
2020-08-20,2020082001008204,LGIL,34,59,110,457.00,"50,270.00"
2020-08-20,2020082001008203,LGIL,44,59,500,458.00,"229,000.00"
2020-08-20,2020082001008202,LGIL,52,59,500,458.00,"229,000.00"
2020-08-20,2020082001008201,LGIL,16,59,51,458.00,"23,358.00"
2020-08-20,2020082001008200,LGIL,49,59,100,458.00,"45,800.00"
2020-08-20,2020082001008191,LGIL,38,29,100,459.00,"45,900.00"
2020-08-20,2020082001007832,MBL,34,45,10,223.00,"2,230.00"
2020-08-20,2020082001007831,MBL,5,45,173,223.00,"38,579.00"
2020-08-20,2020082001008232,MDB,55,29,36,328.00,"11,808.00"
2020-08-20,2020082001007986,MDB,36,29,14,328.00,"4,592.00"
2020-08-20,2020082001008303,MEGA,57,32,20,216.00,"4,320.00"
2020-08-20,2020082001008157,MEGA,6,46,56,215.00,"12,040.00"
2020-08-20,2020082001008083,MEGA,14,32,250,216.00,"54,000.00"
2020-08-20,2020082001008195,MFIL,53,55,10,270.00,"2,700.00"
2020-08-20,2020082001008100,MFIL,19,35,10,267.00,"2,670.00"
2020-08-20,2020082001008099,MFIL,54,35,20,269.00,"5,380.00"
2020-08-20,2020082001007834,MHNL,35,42,30,80.00,"2,400.00"
2020-08-20,2020082001008310,MNBBL,14,6,100,316.00,"31,600.00"
2020-08-20,2020082001008305,MNBBL,35,6,100,316.00,"31,600.00"
2020-08-20,2020082001008267,MNBBL,41,6,250,316.00,"79,000.00"
2020-08-20,2020082001007885,MNBBL,52,45,100,317.00,"31,700.00"
2020-08-20,2020082001008222,NABIL,35,6,300,817.00,"245,100.00"
2020-08-20,2020082001008221,NABIL,11,6,200,817.00,"163,400.00"
2020-08-20,2020082001008133,NABIL,18,17,100,818.00,"81,800.00"
2020-08-20,2020082001008132,NABIL,18,49,100,818.00,"81,800.00"
2020-08-20,2020082001008106,NADEP,34,18,100,575.00,"57,500.00"
2020-08-20,2020082001007975,NADEP,41,37,17,575.00,"9,775.00"
2020-08-20,2020082001008319,NBB,35,6,100,193.00,"19,300.00"
2020-08-20,2020082001008318,NBB,34,6,15,193.00,"2,895.00"
2020-08-20,2020082001008317,NBB,53,6,150,193.00,"28,950.00"
2020-08-20,2020082001008316,NBB,17,6,200,193.00,"38,600.00"
2020-08-20,2020082001008315,NBB,45,6,10,193.00,"1,930.00"
2020-08-20,2020082001008314,NBB,36,6,101,193.00,"19,493.00"
2020-08-20,2020082001008313,NBB,55,6,22,193.00,"4,246.00"
2020-08-20,2020082001008047,NBB,55,41,100,193.00,"19,300.00"
2020-08-20,2020082001007902,NBB,55,6,178,193.00,"34,354.00"
2020-08-20,2020082001007901,NBB,41,6,50,193.00,"9,650.00"
2020-08-20,2020082001007900,NBB,54,6,772,193.00,"148,996.00"
2020-08-20,2020082001008325,NBL,33,43,50,281.00,"14,050.00"
2020-08-20,2020082001008324,NBL,33,25,30,281.00,"8,430.00"
2020-08-20,2020082001008263,NBL,59,52,100,280.00,"28,000.00"
2020-08-20,2020082001008262,NBL,59,10,600,280.00,"168,000.00"
2020-08-20,2020082001008226,NBL,16,10,224,279.00,"62,496.00"
2020-08-20,2020082001008225,NBL,43,10,51,279.00,"14,229.00"
2020-08-20,2020082001008224,NBL,21,10,100,279.00,"27,900.00"
2020-08-20,2020082001008223,NBL,46,10,325,279.00,"90,675.00"
2020-08-20,2020082001008194,NBL,36,10,100,280.00,"28,000.00"
2020-08-20,2020082001008158,NBL,14,10,50,280.00,"14,000.00"
2020-08-20,2020082001007884,NBL,45,10,10,280.00,"2,800.00"
2020-08-20,2020082001008301,NCCB,44,46,75,190.00,"14,250.00"
2020-08-20,2020082001008300,NCCB,44,49,25,190.00,"4,750.00"
2020-08-20,2020082001008017,NEF,25,4,"1,207",9.00,"10,863.00"
2020-08-20,2020082001007954,NEF,25,4,"1,207",9.00,"10,863.00"
2020-08-20,2020082001008233,NGPL,18,41,18,117.00,"2,106.00"
2020-08-20,2020082001008237,NHPC,6,45,570,53.00,"30,210.00"
2020-08-20,2020082001008236,NHPC,6,33,430,53.00,"22,790.00"
2020-08-20,2020082001007962,NIBLPF,52,45,"4,040",8.22,"33,208.80"
2020-08-20,2020082001008085,NICA,49,28,364,560.00,"203,840.00"
2020-08-20,2020082001008084,NICA,42,28,136,561.00,"76,296.00"
2020-08-20,2020082001008062,NICA,42,10,64,561.00,"35,904.00"
2020-08-20,2020082001008052,NICA,55,10,100,561.00,"56,100.00"
2020-08-20,2020082001008035,NICA,49,46,258,560.00,"144,480.00"
2020-08-20,2020082001008034,NICA,16,46,60,560.00,"33,600.00"
2020-08-20,2020082001007980,NICA,16,46,240,560.00,"134,400.00"
2020-08-20,2020082001007979,NICA,7,46,233,560.00,"130,480.00"
2020-08-20,2020082001007978,NICA,55,46,27,560.00,"15,120.00"
2020-08-20,2020082001008306,NICL,38,32,12,467.00,"5,604.00"
2020-08-20,2020082001007845,NICL,43,29,10,467.00,"4,670.00"
2020-08-20,2020082001008326,NIL,59,41,10,677.00,"6,770.00"
2020-08-20,2020082001008304,NIL,38,32,300,676.00,"202,800.00"
2020-08-20,2020082001008266,NIL,38,46,50,676.00,"33,800.00"
2020-08-20,2020082001008264,NIL,44,33,500,675.00,"337,500.00"
2020-08-20,2020082001008249,NIL,33,7,50,676.00,"33,800.00"
2020-08-20,2020082001008247,NIL,58,7,10,676.00,"6,760.00"
2020-08-20,2020082001007888,NIL,26,3,100,675.00,"67,500.00"
2020-08-20,2020082001007894,NIL,38,3,200,674.00,"134,800.00"
2020-08-20,2020082001007893,NIL,50,3,200,675.00,"135,000.00"
2020-08-20,2020082001007892,NIL,33,3,200,675.00,"135,000.00"
2020-08-20,2020082001007891,NIL,34,3,250,675.00,"168,750.00"
2020-08-20,2020082001007890,NIL,25,3,200,675.00,"135,000.00"
2020-08-20,2020082001007889,NIL,58,3,814,675.00,"549,450.00"
2020-08-20,2020082001008145,NIL,44,54,100,675.00,"67,500.00"
2020-08-20,2020082001008078,NIL,44,48,200,675.00,"135,000.00"
2020-08-20,2020082001007991,NIL,33,45,50,675.00,"33,750.00"
2020-08-20,2020082001007896,NIL,39,3,16,673.00,"10,768.00"
2020-08-20,2020082001007895,NIL,43,3,20,674.00,"13,480.00"
2020-08-20,2020082001008196,NIL,44,58,20,675.00,"13,500.00"
2020-08-20,2020082001008183,NIL,4,7,90,676.00,"60,840.00"
2020-08-20,2020082001008182,NIL,4,57,10,676.00,"6,760.00"
2020-08-20,2020082001008181,NIL,4,17,100,676.00,"67,600.00"
2020-08-20,2020082001008180,NIL,4,55,200,676.00,"135,200.00"
2020-08-20,2020082001008159,NIL,44,41,200,675.00,"135,000.00"
2020-08-20,2020082001008075,NLBBL,38,50,10,683.00,"6,830.00"
2020-08-20,2020082001008244,NLIC,59,39,50,"1,345.00","67,250.00"
2020-08-20,2020082001008227,NLIC,59,42,150,"1,344.00","201,600.00"
2020-08-20,2020082001008014,NLIC,59,42,50,"1,344.00","67,200.00"
2020-08-20,2020082001007842,NLIC,10,37,270,"1,343.00","362,610.00"
2020-08-20,2020082001008243,NLICL,34,25,10,669.00,"6,690.00"
2020-08-20,2020082001008153,NLICL,44,25,10,669.00,"6,690.00"
2020-08-20,2020082001008152,NLICL,44,8,500,668.00,"334,000.00"
2020-08-20,2020082001007849,NLICL,58,1,10,666.00,"6,660.00"
2020-08-20,2020082001008257,NMB,34,32,30,410.00,"12,300.00"
2020-08-20,2020082001008256,NMB,52,32,100,410.00,"41,000.00"
2020-08-20,2020082001008255,NMB,47,32,150,410.00,"61,500.00"
2020-08-20,2020082001008254,NMB,11,32,200,410.00,"82,000.00"
2020-08-20,2020082001008253,NMB,25,32,50,410.00,"20,500.00"
2020-08-20,2020082001008252,NMB,53,32,100,410.00,"41,000.00"
2020-08-20,2020082001008251,NMB,35,32,130,410.00,"53,300.00"
2020-08-20,2020082001007969,NMB,54,32,240,412.00,"98,880.00"
2020-08-20,2020082001007833,NMBMF,57,55,50,719.00,"35,950.00"
2020-08-20,2020082001008270,NMFBS,41,45,10,"1,524.00","15,240.00"
2020-08-20,2020082001008307,NRIC,28,6,10,583.00,"5,830.00"
2020-08-20,2020082001008175,NRIC,33,3,"1,075",582.00,"625,650.00"
2020-08-20,2020082001008174,NRIC,37,3,250,582.00,"145,500.00"
2020-08-20,2020082001008173,NRIC,42,3,100,582.00,"58,200.00"
2020-08-20,2020082001008172,NRIC,54,3,690,582.00,"401,580.00"
2020-08-20,2020082001008171,NRIC,50,3,20,583.00,"11,660.00"
2020-08-20,2020082001008015,NRIC,6,46,400,583.00,"233,200.00"
2020-08-20,2020082001007958,NRIC,39,29,20,584.00,"11,680.00"
2020-08-20,2020082001007957,NRIC,6,44,40,583.00,"23,320.00"
2020-08-20,2020082001008170,NRIC,6,3,865,583.00,"504,295.00"
2020-08-20,2020082001008154,NRIC,6,6,500,583.00,"291,500.00"
2020-08-20,2020082001008140,NRIC,6,50,60,583.00,"34,980.00"
2020-08-20,2020082001008111,NRIC,6,49,16,583.00,"9,328.00"
2020-08-20,2020082001008080,NRIC,6,58,40,583.00,"23,320.00"
2020-08-20,2020082001008018,NRIC,6,49,240,583.00,"139,920.00"
2020-08-20,2020082001007960,NTC,28,49,22,662.00,"14,564.00"
2020-08-20,2020082001008231,NUBL,43,11,30,932.00,"27,960.00"
2020-08-20,2020082001008230,NUBL,58,11,10,933.00,"9,330.00"
2020-08-20,2020082001008229,NUBL,47,11,20,934.00,"18,680.00"
2020-08-20,2020082001007907,NUBL,58,13,40,933.00,"37,320.00"
2020-08-20,2020082001007906,NUBL,7,13,100,933.00,"93,300.00"
2020-08-20,2020082001007905,NUBL,52,13,10,935.00,"9,350.00"
2020-08-20,2020082001007904,NUBL,52,13,50,935.00,"46,750.00"
2020-08-20,2020082001007903,NUBL,7,13,50,936.00,"46,800.00"
2020-08-20,2020082001008269,PCBL,16,46,100,272.00,"27,200.00"
2020-08-20,2020082001008211,PCBL,41,46,25,272.00,"6,800.00"
2020-08-20,2020082001008168,PCBL,44,46,200,271.00,"54,200.00"
2020-08-20,2020082001007867,PCBL,44,41,147,271.00,"39,837.00"
2020-08-20,2020082001007965,PFL,57,41,"2,500",144.00,"360,000.00"
2020-08-20,2020082001008246,PIC,50,29,21,657.00,"13,797.00"
2020-08-20,2020082001008245,PIC,50,37,60,655.00,"39,300.00"
2020-08-20,2020082001008208,PIC,45,37,40,655.00,"26,200.00"
2020-08-20,2020082001008061,PIC,51,29,50,657.00,"32,850.00"
2020-08-20,2020082001008060,PIC,52,29,21,657.00,"13,797.00"
2020-08-20,2020082001008322,PICL,32,43,10,464.00,"4,640.00"
2020-08-20,2020082001008312,PICL,48,43,10,464.00,"4,640.00"
2020-08-20,2020082001008311,PICL,48,34,50,463.00,"23,150.00"
2020-08-20,2020082001007964,PLIC,52,51,100,544.00,"54,400.00"
2020-08-20,2020082001007963,PLIC,52,1,100,543.00,"54,300.00"
2020-08-20,2020082001008167,PPCL,58,32,10,114.00,"1,140.00"
2020-08-20,2020082001008067,PPCL,32,17,20,116.00,"2,320.00"
2020-08-20,2020082001008066,PPCL,32,51,10,116.00,"1,160.00"
2020-08-20,2020082001008065,PPCL,32,49,200,116.00,"23,200.00"
2020-08-20,2020082001008064,PPCL,32,43,30,116.00,"3,480.00"
2020-08-20,2020082001008063,PPCL,32,53,20,116.00,"2,320.00"
2020-08-20,2020082001008032,PPCL,32,34,20,115.00,"2,300.00"
2020-08-20,2020082001008031,PPCL,32,58,30,115.00,"3,450.00"
2020-08-20,2020082001008030,PPCL,32,46,30,115.00,"3,450.00"
2020-08-20,2020082001008029,PPCL,32,1,30,115.00,"3,450.00"
2020-08-20,2020082001008028,PPCL,32,41,30,115.00,"3,450.00"
2020-08-20,2020082001008268,PRIN,11,51,97,514.00,"49,858.00"
2020-08-20,2020082001008259,PRIN,11,16,100,514.00,"51,400.00"
2020-08-20,2020082001008258,PRIN,11,19,74,514.00,"38,036.00"
2020-08-20,2020082001008116,PRIN,40,19,300,514.00,"154,200.00"
2020-08-20,2020082001008115,PRIN,57,19,126,514.00,"64,764.00"
2020-08-20,2020082001007998,PRIN,57,45,24,514.00,"12,336.00"
2020-08-20,2020082001007997,PRIN,41,45,376,514.00,"193,264.00"
2020-08-20,2020082001008103,PRVU,1,25,191,223.00,"42,593.00"
2020-08-20,2020082001008102,PRVU,56,25,247,223.00,"55,081.00"
2020-08-20,2020082001008101,PRVU,25,25,254,223.00,"56,642.00"
2020-08-20,2020082001007977,PRVU,4,45,100,224.00,"22,400.00"
2020-08-20,2020082001007976,PRVU,4,25,192,224.00,"43,008.00"
2020-08-20,2020082001008050,RADHI,38,17,12,177.00,"2,124.00"
2020-08-20,2020082001007868,RBCL,14,45,10,"9,448.00","94,480.00"
2020-08-20,2020082001007851,RBCL,28,45,10,"9,448.00","94,480.00"
2020-08-20,2020082001008242,RBCLPO,44,22,20,"8,131.00","162,620.00"
2020-08-20,2020082001008189,RHPC,59,58,391,85.00,"33,235.00"
2020-08-20,2020082001008188,RHPC,41,58,350,85.00,"29,750.00"
2020-08-20,2020082001008187,RHPC,41,58,500,85.00,"42,500.00"
2020-08-20,2020082001008186,RHPC,51,58,100,85.00,"8,500.00"
2020-08-20,2020082001008185,RHPC,29,58,200,85.00,"17,000.00"
2020-08-20,2020082001008184,RHPC,47,58,100,85.00,"8,500.00"
2020-08-20,2020082001008207,RHPL,42,39,10,147.00,"1,470.00"
2020-08-20,2020082001008148,RHPL,50,39,40,147.00,"5,880.00"
2020-08-20,2020082001008147,RHPL,5,39,220,147.00,"32,340.00"
2020-08-20,2020082001008308,RMDC,49,29,135,752.00,"101,520.00"
2020-08-20,2020082001007990,SAEF,56,34,"10,000",9.70,"97,000.00"
2020-08-20,2020082001008190,SANIMA,57,41,100,330.00,"33,000.00"
2020-08-20,2020082001008166,SBI,48,36,14,410.00,"5,740.00"
2020-08-20,2020082001007989,SBI,43,36,200,410.00,"82,000.00"
2020-08-20,2020082001007829,SBI,59,59,8,408.00,"3,264.00"
2020-08-20,2020082001008217,SCB,34,41,10,639.00,"6,390.00"
2020-08-20,2020082001008216,SCB,34,32,12,637.00,"7,644.00"
2020-08-20,2020082001008144,SCB,54,32,10,637.00,"6,370.00"
2020-08-20,2020082001007973,SCB,1,17,20,636.00,"12,720.00"
2020-08-20,2020082001007943,SCB,1,34,20,636.00,"12,720.00"
2020-08-20,2020082001007840,SCB,14,32,20,637.00,"12,740.00"
2020-08-20,2020082001008321,SDLBSL,17,34,10,845.00,"8,450.00"
2020-08-20,2020082001008302,SDLBSL,17,40,10,845.00,"8,450.00"
2020-08-20,2020082001008241,SDLBSL,17,49,10,845.00,"8,450.00"
2020-08-20,2020082001008165,SDLBSL,17,8,10,845.00,"8,450.00"
2020-08-20,2020082001008164,SDLBSL,17,47,10,845.00,"8,450.00"
2020-08-20,2020082001008163,SDLBSL,17,47,10,845.00,"8,450.00"
2020-08-20,2020082001008008,SDLBSL,17,51,10,844.00,"8,440.00"
2020-08-20,2020082001008007,SDLBSL,17,36,10,844.00,"8,440.00"
2020-08-20,2020082001008001,SDLBSL,13,17,10,843.00,"8,430.00"
2020-08-20,2020082001007956,SDLBSL,45,42,10,843.00,"8,430.00"
2020-08-20,2020082001007879,SDLBSL,45,45,10,842.00,"8,420.00"
2020-08-20,2020082001007847,SDLBSL,56,34,10,841.00,"8,410.00"
2020-08-20,2020082001008162,SDLBSL,17,47,10,845.00,"8,450.00"
2020-08-20,2020082001008161,SDLBSL,17,55,10,845.00,"8,450.00"
2020-08-20,2020082001008114,SDLBSL,50,42,10,845.00,"8,450.00"
2020-08-20,2020082001008059,SDLBSL,17,45,10,844.00,"8,440.00"
2020-08-20,2020082001008051,SDLBSL,17,38,10,844.00,"8,440.00"
2020-08-20,2020082001008013,SDLBSL,17,42,10,844.00,"8,440.00"
2020-08-20,2020082001008250,SHINE,36,33,12,234.00,"2,808.00"
2020-08-20,2020082001008297,SHIVM,58,58,320,599.00,"191,680.00"
2020-08-20,2020082001008296,SHIVM,58,38,10,599.00,"5,990.00"
2020-08-20,2020082001008295,SHIVM,58,59,100,598.00,"59,800.00"
2020-08-20,2020082001008294,SHIVM,58,34,100,598.00,"59,800.00"
2020-08-20,2020082001008293,SHIVM,58,36,200,598.00,"119,600.00"
2020-08-20,2020082001008292,SHIVM,58,58,50,597.00,"29,850.00"
2020-08-20,2020082001008022,SHIVM,10,41,50,590.00,"29,500.00"
2020-08-20,2020082001008021,SHIVM,10,56,100,590.00,"59,000.00"
2020-08-20,2020082001008020,SHIVM,10,41,25,590.00,"14,750.00"
2020-08-20,2020082001008019,SHIVM,10,45,50,590.00,"29,500.00"
2020-08-20,2020082001007968,SHIVM,58,25,200,589.00,"117,800.00"
2020-08-20,2020082001007863,SHIVM,58,19,200,589.00,"117,800.00"
2020-08-20,2020082001008193,SHIVM,58,29,"4,850",592.00,"2,871,200.00"
2020-08-20,2020082001008192,SHIVM,58,35,"2,000",592.00,"1,184,000.00"
2020-08-20,2020082001008026,SHIVM,10,34,20,591.00,"11,820.00"
2020-08-20,2020082001008025,SHIVM,10,45,50,591.00,"29,550.00"
2020-08-20,2020082001008024,SHIVM,10,29,560,590.00,"330,400.00"
2020-08-20,2020082001008023,SHIVM,10,14,200,590.00,"118,000.00"
2020-08-20,2020082001008279,SHIVM,58,51,50,594.00,"29,700.00"
2020-08-20,2020082001008278,SHIVM,58,45,100,593.00,"59,300.00"
2020-08-20,2020082001008277,SHIVM,58,38,10,593.00,"5,930.00"
2020-08-20,2020082001008276,SHIVM,58,6,250,593.00,"148,250.00"
2020-08-20,2020082001008275,SHIVM,58,52,100,593.00,"59,300.00"
2020-08-20,2020082001008215,SHIVM,58,6,15,592.00,"8,880.00"
2020-08-20,2020082001008285,SHIVM,58,51,100,595.00,"59,500.00"
2020-08-20,2020082001008284,SHIVM,58,34,200,595.00,"119,000.00"
2020-08-20,2020082001008283,SHIVM,58,35,"1,000",595.00,"595,000.00"
2020-08-20,2020082001008282,SHIVM,58,36,300,595.00,"178,500.00"
2020-08-20,2020082001008281,SHIVM,58,50,50,594.00,"29,700.00"
2020-08-20,2020082001008280,SHIVM,58,34,500,594.00,"297,000.00"
2020-08-20,2020082001008291,SHIVM,58,22,100,597.00,"59,700.00"
2020-08-20,2020082001008290,SHIVM,58,49,20,597.00,"11,940.00"
2020-08-20,2020082001008289,SHIVM,58,16,220,596.00,"131,120.00"
2020-08-20,2020082001008288,SHIVM,58,41,20,596.00,"11,920.00"
2020-08-20,2020082001008287,SHIVM,58,36,100,596.00,"59,600.00"
2020-08-20,2020082001008286,SHIVM,58,14,100,595.00,"59,500.00"
2020-08-20,2020082001008027,SHPC,45,48,"1,200",226.00,"271,200.00"
2020-08-20,2020082001007942,SHPC,45,22,"3,570",226.00,"806,820.00"
2020-08-20,2020082001007837,SHPC,45,49,"3,000",226.00,"678,000.00"
2020-08-20,2020082001007836,SHPC,45,38,370,226.00,"83,620.00"
2020-08-20,2020082001007835,SHPC,45,49,"1,834",225.00,"412,650.00"
2020-08-20,2020082001007981,SIC,14,54,10,770.00,"7,700.00"
2020-08-20,2020082001008273,SICL,10,22,51,"1,225.00","62,475.00"
2020-08-20,2020082001008125,SICL,5,22,70,"1,225.00","85,750.00"
2020-08-20,2020082001008107,SICL,10,6,50,"1,223.00","61,150.00"
2020-08-20,2020082001008077,SICL,6,22,29,"1,225.00","35,525.00"
2020-08-20,2020082001008002,SICL,6,49,121,"1,225.00","148,225.00"
2020-08-20,2020082001007872,SICL,17,49,100,"1,225.00","122,500.00"
2020-08-20,2020082001008058,SIL,44,38,11,630.00,"6,930.00"
2020-08-20,2020082001008057,SIL,44,22,49,629.00,"30,821.00"
2020-08-20,2020082001007853,SJCL,42,56,10,137.00,"1,370.00"
2020-08-20,2020082001008214,SKBBL,40,36,100,"1,265.00","126,500.00"
2020-08-20,2020082001008213,SKBBL,40,5,100,"1,265.00","126,500.00"
2020-08-20,2020082001008212,SKBBL,40,44,35,"1,265.00","44,275.00"
2020-08-20,2020082001007938,SKBBL,6,59,461,"1,260.00","580,860.00"
2020-08-20,2020082001007937,SKBBL,20,59,39,"1,261.00","49,179.00"
2020-08-20,2020082001008076,SLICL,38,29,40,456.00,"18,240.00"
2020-08-20,2020082001008049,SLICL,38,17,98,456.00,"44,688.00"
2020-08-20,2020082001008048,SLICL,38,17,162,455.00,"73,710.00"
2020-08-20,2020082001007994,SLICL,48,17,20,455.00,"9,100.00"
2020-08-20,2020082001007852,SLICL,53,57,50,453.00,"22,650.00"
2020-08-20,2020082001008240,SPARS,33,35,11,849.00,"9,339.00"
2020-08-20,2020082001007941,SWBBL,33,11,850,"1,181.00","1,003,850.00"
2020-08-20,2020082001008046,TRH,16,41,722,200.00,"144,400.00"
2020-08-20,2020082001008045,TRH,46,41,200,200.00,"40,000.00"
2020-08-20,2020082001008044,TRH,45,41,"1,000",200.00,"200,000.00"
2020-08-20,2020082001008043,TRH,52,41,108,200.00,"21,600.00"
2020-08-20,2020082001008042,TRH,33,41,200,200.00,"40,000.00"
2020-08-20,2020082001008041,TRH,34,41,50,200.00,"10,000.00"
2020-08-20,2020082001007917,TRH,58,41,40,202.00,"8,080.00"
2020-08-20,2020082001007916,TRH,40,41,80,203.00,"16,240.00"
2020-08-20,2020082001007915,TRH,11,41,20,203.00,"4,060.00"
2020-08-20,2020082001007914,TRH,10,41,120,203.00,"24,360.00"
2020-08-20,2020082001007923,TRH,52,41,20,201.00,"4,020.00"
2020-08-20,2020082001007922,TRH,34,41,100,201.00,"20,100.00"
2020-08-20,2020082001007921,TRH,10,41,90,201.00,"18,090.00"
2020-08-20,2020082001007920,TRH,33,41,200,202.00,"40,400.00"
2020-08-20,2020082001007919,TRH,17,41,200,202.00,"40,400.00"
2020-08-20,2020082001007918,TRH,10,41,100,202.00,"20,200.00"
2020-08-20,2020082001007929,TRH,58,41,100,201.00,"20,100.00"
2020-08-20,2020082001007928,TRH,57,41,20,201.00,"4,020.00"
2020-08-20,2020082001007927,TRH,8,41,300,201.00,"60,300.00"
2020-08-20,2020082001007926,TRH,10,41,"2,000",201.00,"402,000.00"
2020-08-20,2020082001007925,TRH,1,41,300,201.00,"60,300.00"
2020-08-20,2020082001007924,TRH,38,41,10,201.00,"2,010.00"
2020-08-20,2020082001007935,TRH,7,41,100,200.00,"20,000.00"
2020-08-20,2020082001007934,TRH,22,41,50,200.00,"10,000.00"
2020-08-20,2020082001007933,TRH,6,41,100,200.00,"20,000.00"
2020-08-20,2020082001007932,TRH,11,41,100,200.00,"20,000.00"
2020-08-20,2020082001007931,TRH,22,41,30,200.00,"6,000.00"
2020-08-20,2020082001007930,TRH,45,41,100,201.00,"20,100.00"
2020-08-20,2020082001008040,TRH,46,41,250,200.00,"50,000.00"
2020-08-20,2020082001008039,TRH,28,41,200,200.00,"40,000.00"
2020-08-20,2020082001008038,TRH,36,41,200,200.00,"40,000.00"
2020-08-20,2020082001008037,TRH,58,41,20,200.00,"4,000.00"
2020-08-20,2020082001008036,TRH,45,41,40,200.00,"8,000.00"
2020-08-20,2020082001007936,TRH,45,41,10,200.00,"2,000.00"
2020-08-20,2020082001008199,UIC,57,52,413,393.00,"162,309.00"
2020-08-20,2020082001008198,UIC,59,52,50,393.00,"19,650.00"
2020-08-20,2020082001008197,UIC,40,52,10,393.00,"3,930.00"
2020-08-20,2020082001008129,UIC,40,52,10,394.00,"3,940.00"
2020-08-20,2020082001008128,UIC,14,52,300,394.00,"118,200.00"
2020-08-20,2020082001008127,UIC,14,52,117,394.00,"46,098.00"
2020-08-20,2020082001007866,UPCL,17,57,10,70.00,700.00
2020-08-20,2020082001008121,UPPER,1,14,68,219.00,"14,892.00"
2020-08-20,2020082001008120,UPPER,58,14,90,219.00,"19,710.00"
2020-08-20,2020082001008119,UPPER,11,14,20,219.00,"4,380.00"
2020-08-20,2020082001008118,UPPER,52,14,50,219.00,"10,950.00"
2020-08-20,2020082001008117,UPPER,58,14,22,219.00,"4,818.00"
2020-08-20,2020082001007844,UPPER,1,45,100,220.00,"22,000.00"
2020-08-20,2020082001007843,UPPER,1,41,50,220.00,"11,000.00"
2020-08-20,2020082001007694,ADBL,25,17,108,410.00,"44,280.00"
2020-08-20,2020082001007373,ADBL,53,50,37,412.00,"15,244.00"
2020-08-20,2020082001007372,ADBL,53,38,323,411.00,"132,753.00"
2020-08-20,2020082001007371,ADBL,53,50,40,410.00,"16,400.00"
2020-08-20,2020082001007370,ADBL,53,52,100,410.00,"41,000.00"
2020-08-20,2020082001007360,ADBL,41,49,200,409.00,"81,800.00"
2020-08-20,2020082001007740,AHPC,43,19,90,93.00,"8,370.00"
2020-08-20,2020082001007821,AIL,37,45,10,479.00,"4,790.00"
2020-08-20,2020082001007791,AIL,37,45,10,479.00,"4,790.00"
2020-08-20,2020082001007777,AIL,37,45,10,479.00,"4,790.00"
2020-08-20,2020082001007750,AIL,37,45,10,479.00,"4,790.00"
2020-08-20,2020082001007715,AIL,37,45,10,479.00,"4,790.00"
2020-08-20,2020082001007674,AIL,37,45,10,479.00,"4,790.00"
2020-08-20,2020082001007384,AIL,51,43,10,478.00,"4,780.00"
2020-08-20,2020082001007466,AIL,51,17,10,478.00,"4,780.00"
2020-08-20,2020082001007457,AIL,51,38,10,478.00,"4,780.00"
2020-08-20,2020082001007442,AIL,51,38,10,478.00,"4,780.00"
2020-08-20,2020082001007422,AIL,51,22,10,478.00,"4,780.00"
2020-08-20,2020082001007417,AIL,51,38,10,478.00,"4,780.00"
2020-08-20,2020082001007416,AIL,51,42,10,478.00,"4,780.00"
2020-08-20,2020082001007520,AIL,51,38,10,478.00,"4,780.00"
2020-08-20,2020082001007514,AIL,51,59,10,478.00,"4,780.00"
2020-08-20,2020082001007510,AIL,51,38,10,478.00,"4,780.00"
2020-08-20,2020082001007495,AIL,51,38,10,478.00,"4,780.00"
2020-08-20,2020082001007488,AIL,51,38,10,478.00,"4,780.00"
2020-08-20,2020082001007477,AIL,51,38,10,478.00,"4,780.00"
2020-08-20,2020082001007565,AIL,51,38,10,478.00,"4,780.00"
2020-08-20,2020082001007555,AIL,51,46,10,478.00,"4,780.00"
2020-08-20,2020082001007551,AIL,51,38,10,478.00,"4,780.00"
2020-08-20,2020082001007549,AIL,59,58,10,479.00,"4,790.00"
2020-08-20,2020082001007548,AIL,51,38,10,478.00,"4,780.00"
2020-08-20,2020082001007527,AIL,51,34,10,478.00,"4,780.00"
2020-08-20,2020082001007640,AIL,37,45,10,479.00,"4,790.00"
2020-08-20,2020082001007638,AIL,37,5,10,479.00,"4,790.00"
2020-08-20,2020082001007609,AIL,37,45,10,479.00,"4,790.00"
2020-08-20,2020082001007582,AIL,37,45,10,479.00,"4,790.00"
2020-08-20,2020082001007568,AIL,37,22,10,479.00,"4,790.00"
2020-08-20,2020082001007567,AIL,37,58,10,479.00,"4,790.00"
2020-08-20,2020082001007763,ALBSL,26,48,11,647.00,"7,117.00"
2020-08-20,2020082001007630,ALBSL,26,22,11,647.00,"7,117.00"
2020-08-20,2020082001007588,ALBSL,26,17,11,650.00,"7,150.00"
2020-08-20,2020082001007587,ALBSL,26,49,11,650.00,"7,150.00"
2020-08-20,2020082001007535,ALICL,50,22,256,634.00,"162,304.00"
2020-08-20,2020082001007534,ALICL,50,18,30,633.00,"18,990.00"
2020-08-20,2020082001007533,ALICL,50,57,14,633.00,"8,862.00"
2020-08-20,2020082001007532,ALICL,50,41,200,632.00,"126,400.00"
2020-08-20,2020082001007641,API,8,17,506,109.00,"55,154.00"
2020-08-20,2020082001007465,API,8,37,460,109.00,"50,140.00"
2020-08-20,2020082001007464,API,8,42,340,109.00,"37,060.00"
2020-08-20,2020082001007443,API,34,45,49,108.00,"5,292.00"
2020-08-20,2020082001007508,BOKL,41,28,30,224.00,"6,720.00"
2020-08-20,2020082001007390,BOKL,14,28,150,224.00,"33,600.00"
2020-08-20,2020082001007389,BOKL,14,51,250,224.00,"56,000.00"
2020-08-20,2020082001007388,BOKL,14,49,100,224.00,"22,400.00"
2020-08-20,2020082001007369,CBBL,17,45,50,"1,035.00","51,750.00"
2020-08-20,2020082001007727,CBL,49,58,100,143.00,"14,300.00"
2020-08-20,2020082001007603,CBL,41,59,100,143.00,"14,300.00"
2020-08-20,2020082001007602,CBL,46,59,500,143.00,"71,500.00"
2020-08-20,2020082001007601,CBL,46,59,10,143.00,"1,430.00"
2020-08-20,2020082001007600,CBL,57,59,100,143.00,"14,300.00"
2020-08-20,2020082001007599,CBL,33,59,50,143.00,"7,150.00"
2020-08-20,2020082001007592,CBL,8,59,"1,000",143.00,"143,000.00"
2020-08-20,2020082001007591,CBL,39,59,666,143.00,"95,238.00"
2020-08-20,2020082001007399,CBL,39,37,41,143.00,"5,863.00"
2020-08-20,2020082001007598,CBL,19,59,80,143.00,"11,440.00"
2020-08-20,2020082001007597,CBL,46,59,607,143.00,"86,801.00"
2020-08-20,2020082001007596,CBL,34,59,"1,000",143.00,"143,000.00"
2020-08-20,2020082001007595,CBL,6,59,100,143.00,"14,300.00"
2020-08-20,2020082001007594,CBL,49,59,500,143.00,"71,500.00"
2020-08-20,2020082001007593,CBL,49,59,"1,000",143.00,"143,000.00"
2020-08-20,2020082001007530,CCBL,49,55,800,172.00,"137,600.00"
2020-08-20,2020082001007392,CCBL,7,3,15,172.00,"2,580.00"
2020-08-20,2020082001007391,CCBL,7,44,186,172.00,"31,992.00"
2020-08-20,2020082001007570,CHCL,41,34,14,391.00,"5,474.00"
2020-08-20,2020082001007784,CIT,34,52,10,"2,880.00","28,800.00"
2020-08-20,2020082001007783,CIT,34,40,46,"2,880.00","132,480.00"
2020-08-20,2020082001007782,CIT,34,16,44,"2,879.00","126,676.00"
2020-08-20,2020082001007769,CIT,56,14,10,"2,879.00","28,790.00"
2020-08-20,2020082001007717,CIT,56,26,23,"2,879.00","66,217.00"
2020-08-20,2020082001007523,CIT,4,52,15,"2,880.00","43,200.00"
2020-08-20,2020082001007490,CIT,6,52,10,"2,880.00","28,800.00"
2020-08-20,2020082001007359,CIT,5,25,10,"2,881.00","28,810.00"
2020-08-20,2020082001007358,CIT,5,17,10,"2,881.00","28,810.00"
2020-08-20,2020082001007357,CIT,5,22,78,"2,880.00","224,640.00"
2020-08-20,2020082001007698,CLBSL,13,17,10,667.00,"6,670.00"
2020-08-20,2020082001007515,CMF1,4,1,100,10.29,"1,029.00"
2020-08-20,2020082001007503,CZBIL,42,36,20,193.00,"3,860.00"
2020-08-20,2020082001007449,DDBL,41,20,75,820.00,"61,500.00"
2020-08-20,2020082001007767,DHPL,34,58,100,51.00,"5,100.00"
2020-08-20,2020082001007801,EBL,44,43,100,710.00,"71,000.00"
2020-08-20,2020082001007826,EDBL,52,51,25,305.00,"7,625.00"
2020-08-20,2020082001007559,EIC,59,52,20,438.00,"8,760.00"
2020-08-20,2020082001007543,EIC,59,52,20,438.00,"8,760.00"
2020-08-20,2020082001007743,GBIME,38,50,500,251.00,"125,500.00"
2020-08-20,2020082001007742,GBIME,18,50,100,251.00,"25,100.00"
2020-08-20,2020082001007741,GBIME,41,50,100,251.00,"25,100.00"
2020-08-20,2020082001007351,GBLBS,45,50,15,464.00,"6,960.00"
2020-08-20,2020082001007525,GFCL,33,55,80,150.00,"12,000.00"
2020-08-20,2020082001007606,GGBSL,41,47,20,785.00,"15,700.00"
2020-08-20,2020082001007377,GLBSL,7,58,10,760.00,"7,600.00"
2020-08-20,2020082001007798,GLICL,25,41,10,465.00,"4,650.00"
2020-08-20,2020082001007797,GLICL,50,41,70,465.00,"32,550.00"
2020-08-20,2020082001007723,GLICL,58,38,275,463.00,"127,325.00"
2020-08-20,2020082001007687,GLICL,50,58,80,464.00,"37,120.00"
2020-08-20,2020082001007810,HDHPC,50,42,50,85.00,"4,250.00"
2020-08-20,2020082001007710,HDHPC,11,3,20,85.00,"1,700.00"
2020-08-20,2020082001007709,HDHPC,34,3,40,85.00,"3,400.00"
2020-08-20,2020082001007547,HDHPC,14,3,350,86.00,"30,100.00"
2020-08-20,2020082001007546,HDHPC,14,51,50,86.00,"4,300.00"
2020-08-20,2020082001007545,HDHPC,14,38,50,86.00,"4,300.00"
2020-08-20,2020082001007544,HDHPC,14,34,50,86.00,"4,300.00"
2020-08-20,2020082001007486,HDHPC,35,34,30,86.00,"2,580.00"
2020-08-20,2020082001007485,HDHPC,35,33,50,86.00,"4,300.00"
2020-08-20,2020082001007444,HDHPC,51,34,20,86.00,"1,720.00"
2020-08-20,2020082001007382,HDHPC,51,33,30,86.00,"2,580.00"
2020-08-20,2020082001007766,HDL,16,41,50,"1,652.00","82,600.00"
2020-08-20,2020082001007764,HDL,42,29,160,"1,650.00","264,000.00"
2020-08-20,2020082001007612,HDL,36,32,100,"1,651.00","165,100.00"
2020-08-20,2020082001007611,HDL,50,32,10,"1,651.00","16,510.00"
2020-08-20,2020082001007458,HDL,57,41,100,"1,652.00","165,200.00"
2020-08-20,2020082001007454,HDL,53,46,30,"1,658.00","49,740.00"
2020-08-20,2020082001007453,HDL,53,48,50,"1,658.00","82,900.00"
2020-08-20,2020082001007452,HDL,53,50,370,"1,657.00","613,090.00"
2020-08-20,2020082001007451,HDL,53,28,45,"1,657.00","74,565.00"
2020-08-20,2020082001007793,HGI,48,35,200,416.00,"83,200.00"
2020-08-20,2020082001007792,HGI,25,35,100,416.00,"41,600.00"
2020-08-20,2020082001007401,HIDCL,6,45,50,127.00,"6,350.00"
2020-08-20,2020082001007554,HPPL,58,45,10,133.00,"1,330.00"
2020-08-20,2020082001007492,HPPL,58,21,10,133.00,"1,330.00"
2020-08-20,2020082001007643,ILBS,42,22,11,726.00,"7,986.00"
2020-08-20,2020082001007368,JBBL,35,38,25,169.00,"4,225.00"
2020-08-20,2020082001007487,JFL,42,50,100,160.00,"16,000.00"
2020-08-20,2020082001007765,JOSHI,57,42,20,58.00,"1,160.00"
2020-08-20,2020082001007531,KBL,48,45,50,183.00,"9,150.00"
2020-08-20,2020082001007509,KBL,44,49,15,184.00,"2,760.00"
2020-08-20,2020082001007375,KBL,1,49,37,184.00,"6,808.00"
2020-08-20,2020082001007374,KBL,1,39,18,184.00,"3,312.00"
2020-08-20,2020082001007642,KMCDB,41,57,10,725.00,"7,250.00"
2020-08-20,2020082001007522,KMCDB,41,22,10,725.00,"7,250.00"
2020-08-20,2020082001007420,KMCDB,1,55,100,725.00,"72,500.00"
2020-08-20,2020082001007419,KMCDB,41,55,90,725.00,"65,250.00"
2020-08-20,2020082001007418,KMCDB,16,55,20,726.00,"14,520.00"
2020-08-20,2020082001007365,KMCDB,16,22,10,726.00,"7,260.00"
2020-08-20,2020082001007796,KPCL,51,57,10,105.00,"1,050.00"
2020-08-20,2020082001007437,KPCL,51,49,70,105.00,"7,350.00"
2020-08-20,2020082001007436,KPCL,35,49,100,105.00,"10,500.00"
2020-08-20,2020082001007435,KPCL,22,49,230,105.00,"24,150.00"
2020-08-20,2020082001007732,KRBL,33,37,65,102.00,"6,630.00"
2020-08-20,2020082001007731,KRBL,32,37,100,102.00,"10,200.00"
2020-08-20,2020082001007730,KRBL,25,37,100,102.00,"10,200.00"
2020-08-20,2020082001007729,KRBL,17,37,45,102.00,"4,590.00"
2020-08-20,2020082001007379,KSBBL,58,32,158,143.00,"22,594.00"
2020-08-20,2020082001007720,LBL,10,14,307,227.00,"69,689.00"
2020-08-20,2020082001007691,LBL,10,41,50,227.00,"11,350.00"
2020-08-20,2020082001007690,LBL,10,41,143,227.00,"32,461.00"
2020-08-20,2020082001007689,LBL,10,3,10,227.00,"2,270.00"
2020-08-20,2020082001007688,LBL,10,13,350,227.00,"79,450.00"
2020-08-20,2020082001007566,LBL,14,52,20,226.00,"4,520.00"
2020-08-20,2020082001007628,LGIL,41,17,200,460.00,"92,000.00"
2020-08-20,2020082001007463,LLBS,45,6,10,"1,100.00","11,000.00"
2020-08-20,2020082001007805,MBL,5,6,827,223.00,"184,421.00"
2020-08-20,2020082001007804,MBL,34,6,85,223.00,"18,955.00"
2020-08-20,2020082001007789,MBL,34,28,900,223.00,"200,700.00"
2020-08-20,2020082001007489,MBL,34,45,15,223.00,"3,345.00"
2020-08-20,2020082001007825,MEGA,16,32,100,216.00,"21,600.00"
2020-08-20,2020082001007774,MEGA,57,32,10,216.00,"2,160.00"
2020-08-20,2020082001007773,MEGA,20,32,100,216.00,"21,600.00"
2020-08-20,2020082001007772,MEGA,13,32,300,216.00,"64,800.00"
2020-08-20,2020082001007771,MEGA,58,32,500,216.00,"108,000.00"
2020-08-20,2020082001007562,MEGA,43,41,300,217.00,"65,100.00"
2020-08-20,2020082001007770,MEGA,52,32,10,216.00,"2,160.00"
2020-08-20,2020082001007604,MERO,32,34,43,632.00,"27,176.00"
2020-08-20,2020082001007521,MERO,32,51,10,635.00,"6,350.00"
2020-08-20,2020082001007788,MFIL,43,55,10,270.00,"2,700.00"
2020-08-20,2020082001007682,MMFDB,14,48,30,890.00,"26,700.00"
2020-08-20,2020082001007681,MMFDB,45,48,40,890.00,"35,600.00"
2020-08-20,2020082001007680,MMFDB,46,48,150,892.00,"133,800.00"
2020-08-20,2020082001007679,MMFDB,36,48,10,892.00,"8,920.00"
2020-08-20,2020082001007678,MMFDB,38,48,40,892.00,"35,680.00"
2020-08-20,2020082001007677,MMFDB,8,48,200,893.00,"178,600.00"
2020-08-20,2020082001007676,MMFDB,51,48,30,893.00,"26,790.00"
2020-08-20,2020082001007415,MMFDB,1,49,10,899.00,"8,990.00"
2020-08-20,2020082001007800,MNBBL,11,25,100,317.00,"31,700.00"
2020-08-20,2020082001007799,MNBBL,6,25,10,317.00,"3,170.00"
2020-08-20,2020082001007550,MNBBL,6,28,50,317.00,"15,850.00"
2020-08-20,2020082001007482,MNBBL,1,6,44,315.00,"13,860.00"
2020-08-20,2020082001007476,MNBBL,33,6,29,315.00,"9,135.00"
2020-08-20,2020082001007475,MNBBL,14,6,205,315.00,"64,575.00"
2020-08-20,2020082001007468,MNBBL,22,6,10,316.00,"3,160.00"
2020-08-20,2020082001007450,MNBBL,14,25,100,317.00,"31,700.00"
2020-08-20,2020082001007474,MNBBL,41,6,"1,000",315.00,"315,000.00"
2020-08-20,2020082001007473,MNBBL,32,6,100,315.00,"31,500.00"
2020-08-20,2020082001007472,MNBBL,28,6,200,315.00,"63,000.00"
2020-08-20,2020082001007471,MNBBL,11,6,64,315.00,"20,160.00"
2020-08-20,2020082001007470,MNBBL,22,6,45,316.00,"14,220.00"
2020-08-20,2020082001007469,MNBBL,42,6,100,316.00,"31,600.00"
2020-08-20,2020082001007714,MPFL,42,17,15,105.00,"1,575.00"
2020-08-20,2020082001007790,NABIL,35,17,500,817.00,"408,500.00"
2020-08-20,2020082001007749,NADEP,53,37,23,575.00,"13,225.00"
2020-08-20,2020082001007561,NADEP,49,37,77,575.00,"44,275.00"
2020-08-20,2020082001007557,NADEP,49,58,23,575.00,"13,225.00"
2020-08-20,2020082001007448,NADEP,25,37,50,578.00,"28,900.00"
2020-08-20,2020082001007685,NBB,45,6,197,194.00,"38,218.00"
2020-08-20,2020082001007501,NBB,54,41,228,193.00,"44,004.00"
2020-08-20,2020082001007500,NBB,43,41,103,193.00,"19,879.00"
2020-08-20,2020082001007400,NBB,1,6,21,194.00,"4,074.00"
2020-08-20,2020082001007393,NBB,8,6,35,194.00,"6,790.00"
2020-08-20,2020082001007362,NBB,8,6,79,194.00,"15,326.00"
2020-08-20,2020082001007361,NBB,8,6,11,194.00,"2,134.00"
2020-08-20,2020082001007683,NBF2,49,10,100,9.36,936.00
2020-08-20,2020082001007760,NBL,46,56,175,279.00,"48,825.00"
2020-08-20,2020082001007759,NBL,42,56,100,279.00,"27,900.00"
2020-08-20,2020082001007758,NBL,25,56,50,279.00,"13,950.00"
2020-08-20,2020082001007757,NBL,59,56,27,279.00,"7,533.00"
2020-08-20,2020082001007665,NBL,14,10,50,280.00,"14,000.00"
2020-08-20,2020082001007664,NBL,19,10,190,280.00,"53,200.00"
2020-08-20,2020082001007564,NBL,19,41,10,280.00,"2,800.00"
2020-08-20,2020082001007462,NBL,19,32,400,280.00,"112,000.00"
2020-08-20,2020082001007461,NBL,19,41,400,280.00,"112,000.00"
2020-08-20,2020082001007752,NCCB,22,49,975,190.00,"185,250.00"
2020-08-20,2020082001007751,NCCB,22,46,25,190.00,"4,750.00"
2020-08-20,2020082001007439,NCCB,1,46,50,190.00,"9,500.00"
2020-08-20,2020082001007695,NEF,25,21,241,9.00,"2,169.00"
2020-08-20,2020082001007512,NEF,25,21,483,9.00,"4,347.00"
2020-08-20,2020082001007787,NFS,51,51,100,162.00,"16,200.00"
2020-08-20,2020082001007786,NFS,51,20,500,162.00,"81,000.00"
2020-08-20,2020082001007589,NIB,59,45,10,419.00,"4,190.00"
2020-08-20,2020082001007556,NIB,6,59,10,416.00,"4,160.00"
2020-08-20,2020082001007356,NIBSF1,42,51,"4,862",10.30,"50,078.60"
2020-08-20,2020082001007355,NIBSF1,25,51,"5,000",10.31,"51,550.00"
2020-08-20,2020082001007354,NIBSF1,51,51,"3,000",10.32,"30,960.00"
2020-08-20,2020082001007353,NIBSF1,42,51,638,10.35,"6,603.30"
2020-08-20,2020082001007803,NICA,5,46,100,561.00,"56,100.00"
2020-08-20,2020082001007447,NICA,53,46,182,563.00,"102,466.00"
2020-08-20,2020082001007446,NICA,53,26,268,562.00,"150,616.00"
2020-08-20,2020082001007445,NICA,53,45,50,561.00,"28,050.00"
2020-08-20,2020082001007479,NICL,45,6,50,466.00,"23,300.00"
2020-08-20,2020082001007456,NICL,45,6,50,466.00,"23,300.00"
2020-08-20,2020082001007423,NICL,45,50,50,466.00,"23,300.00"
2020-08-20,2020082001007814,NIL,26,53,100,675.00,"67,500.00"
2020-08-20,2020082001007795,NIL,20,55,200,676.00,"135,200.00"
2020-08-20,2020082001007329,NIL,58,44,100,674.00,"67,400.00"
2020-08-20,2020082001007328,NIL,58,6,300,674.00,"202,200.00"
2020-08-20,2020082001007327,NIL,58,10,"1,000",674.00,"674,000.00"
2020-08-20,2020082001007335,NIL,58,58,184,675.00,"124,200.00"
2020-08-20,2020082001007334,NIL,58,59,80,675.00,"54,000.00"
2020-08-20,2020082001007333,NIL,58,11,20,675.00,"13,500.00"
2020-08-20,2020082001007332,NIL,58,34,500,675.00,"337,500.00"
2020-08-20,2020082001007331,NIL,58,6,114,675.00,"76,950.00"
2020-08-20,2020082001007330,NIL,58,57,10,674.00,"6,740.00"
2020-08-20,2020082001007341,NIL,58,57,10,675.00,"6,750.00"
2020-08-20,2020082001007340,NIL,58,41,80,675.00,"54,000.00"
2020-08-20,2020082001007339,NIL,58,35,100,675.00,"67,500.00"
2020-08-20,2020082001007338,NIL,58,41,12,675.00,"8,100.00"
2020-08-20,2020082001007337,NIL,58,45,56,675.00,"37,800.00"
2020-08-20,2020082001007336,NIL,58,26,100,675.00,"67,500.00"
2020-08-20,2020082001007347,NIL,58,51,300,676.00,"202,800.00"
2020-08-20,2020082001007346,NIL,58,11,"2,500",676.00,"1,690,000.00"
2020-08-20,2020082001007345,NIL,58,35,153,676.00,"103,428.00"
2020-08-20,2020082001007344,NIL,58,25,100,675.00,"67,500.00"
2020-08-20,2020082001007343,NIL,58,41,134,675.00,"90,450.00"
2020-08-20,2020082001007342,NIL,58,44,488,675.00,"329,400.00"
2020-08-20,2020082001007728,NIL,26,54,25,676.00,"16,900.00"
2020-08-20,2020082001007708,NIL,26,21,25,676.00,"16,900.00"
2020-08-20,2020082001007656,NIL,26,55,50,676.00,"33,800.00"
2020-08-20,2020082001007493,NIL,20,58,200,676.00,"135,200.00"
2020-08-20,2020082001007366,NIL,58,57,10,676.00,"6,760.00"
2020-08-20,2020082001007348,NIL,58,19,300,676.00,"202,800.00"
2020-08-20,2020082001007511,NLIC,10,56,94,"1,343.00","126,242.00"
2020-08-20,2020082001007467,NLIC,10,43,50,"1,343.00","67,150.00"
2020-08-20,2020082001007396,NLIC,14,37,100,"1,344.00","134,400.00"
2020-08-20,2020082001007395,NLIC,10,37,50,"1,344.00","67,200.00"
2020-08-20,2020082001007394,NLIC,35,37,30,"1,344.00","40,320.00"
2020-08-20,2020082001007703,NLICL,58,33,40,666.00,"26,640.00"
2020-08-20,2020082001007702,NLICL,35,33,60,666.00,"39,960.00"
2020-08-20,2020082001007693,NLICL,44,1,10,667.00,"6,670.00"
2020-08-20,2020082001007635,NLICL,44,25,50,667.00,"33,350.00"
2020-08-20,2020082001007634,NLICL,44,45,10,667.00,"6,670.00"
2020-08-20,2020082001007707,NMB,38,50,200,412.00,"82,400.00"
2020-08-20,2020082001007706,NMB,38,43,94,412.00,"38,728.00"
2020-08-20,2020082001007705,NMB,38,38,83,411.00,"34,113.00"
2020-08-20,2020082001007663,NMB,43,38,20,411.00,"8,220.00"
2020-08-20,2020082001007524,NMB,35,55,60,410.00,"24,600.00"
2020-08-20,2020082001007349,NMB,51,43,50,412.00,"20,600.00"
2020-08-20,2020082001007779,NMBHF1,49,21,416,10.00,"4,160.00"
2020-08-20,2020082001007778,NMBHF1,49,21,832,10.00,"8,320.00"
2020-08-20,2020082001007563,NMBHF1,4,47,100,10.04,"1,004.00"
2020-08-20,2020082001007737,NMBMF,57,45,40,719.00,"28,760.00"
2020-08-20,2020082001007736,NMBMF,57,14,77,719.00,"55,363.00"
2020-08-20,2020082001007675,NMBMF,32,45,10,719.00,"7,190.00"
2020-08-20,2020082001007409,NMBMF,40,47,50,716.00,"35,800.00"
2020-08-20,2020082001007408,NMBMF,14,47,100,716.00,"71,600.00"
2020-08-20,2020082001007819,NRIC,6,47,845,583.00,"492,635.00"
2020-08-20,2020082001007818,NRIC,36,47,20,583.00,"11,660.00"
2020-08-20,2020082001007817,NRIC,25,47,50,583.00,"29,150.00"
2020-08-20,2020082001007816,NRIC,59,47,40,583.00,"23,320.00"
2020-08-20,2020082001007815,NRIC,6,47,115,583.00,"67,045.00"
2020-08-20,2020082001007746,NRIC,6,6,200,583.00,"116,600.00"
2020-08-20,2020082001007386,NRIC,6,50,50,583.00,"29,150.00"
2020-08-20,2020082001007497,NRIC,6,38,40,583.00,"23,320.00"
2020-08-20,2020082001007484,NRIC,6,38,40,583.00,"23,320.00"
2020-08-20,2020082001007483,NRIC,6,42,10,583.00,"5,830.00"
2020-08-20,2020082001007424,NRIC,6,38,40,583.00,"23,320.00"
2020-08-20,2020082001007402,NRIC,6,38,40,583.00,"23,320.00"
2020-08-20,2020082001007398,NRIC,6,38,40,583.00,"23,320.00"
2020-08-20,2020082001007539,NRIC,38,14,200,584.00,"116,800.00"
2020-08-20,2020082001007538,NRIC,38,54,40,584.00,"23,360.00"
2020-08-20,2020082001007537,NRIC,38,11,100,584.00,"58,400.00"
2020-08-20,2020082001007536,NRIC,38,49,258,584.00,"150,672.00"
2020-08-20,2020082001007529,NRIC,6,38,40,583.00,"23,320.00"
2020-08-20,2020082001007507,NRIC,59,49,90,584.00,"52,560.00"
2020-08-20,2020082001007744,NRIC,37,40,90,584.00,"52,560.00"
2020-08-20,2020082001007613,NRIC,6,49,30,583.00,"17,490.00"
2020-08-20,2020082001007605,NRIC,6,34,140,583.00,"81,620.00"
2020-08-20,2020082001007560,NRIC,6,49,40,583.00,"23,320.00"
2020-08-20,2020082001007542,NRIC,6,34,40,583.00,"23,320.00"
2020-08-20,2020082001007540,NRIC,38,40,402,584.00,"234,768.00"
2020-08-20,2020082001007639,NSEWA,51,13,10,676.00,"6,760.00"
2020-08-20,2020082001007633,NUBL,35,57,10,940.00,"9,400.00"
2020-08-20,2020082001007632,NUBL,25,57,11,940.00,"10,340.00"
2020-08-20,2020082001007631,NUBL,25,57,11,940.00,"10,340.00"
2020-08-20,2020082001007734,PCBL,44,6,945,271.00,"256,095.00"
2020-08-20,2020082001007733,PCBL,47,6,37,271.00,"10,027.00"
2020-08-20,2020082001007726,PCBL,47,26,200,271.00,"54,200.00"
2020-08-20,2020082001007712,PCBL,47,48,13,271.00,"3,523.00"
2020-08-20,2020082001007711,PCBL,54,48,87,271.00,"23,577.00"
2020-08-20,2020082001007659,PCBL,54,57,413,271.00,"111,923.00"
2020-08-20,2020082001007658,PCBL,22,57,100,271.00,"27,100.00"
2020-08-20,2020082001007657,PCBL,40,57,487,271.00,"131,977.00"
2020-08-20,2020082001007441,PCBL,49,6,18,272.00,"4,896.00"
2020-08-20,2020082001007440,PCBL,49,17,82,272.00,"22,304.00"
2020-08-20,2020082001007607,PFL,50,35,"1,450",143.00,"207,350.00"
2020-08-20,2020082001007433,PFL,50,29,550,143.00,"78,650.00"
2020-08-20,2020082001007432,PFL,14,29,500,143.00,"71,500.00"
2020-08-20,2020082001007431,PFL,14,29,100,143.00,"14,300.00"
2020-08-20,2020082001007430,PFL,34,29,100,143.00,"14,300.00"
2020-08-20,2020082001007429,PFL,58,29,100,143.00,"14,300.00"
2020-08-20,2020082001007428,PFL,34,29,150,143.00,"21,450.00"
2020-08-20,2020082001007427,PFL,14,29,200,143.00,"28,600.00"
2020-08-20,2020082001007426,PFL,16,29,100,143.00,"14,300.00"
2020-08-20,2020082001007425,PFL,1,29,200,143.00,"28,600.00"
2020-08-20,2020082001007421,PFL,17,41,111,144.00,"15,984.00"
2020-08-20,2020082001007513,PIC,52,52,29,657.00,"19,053.00"
2020-08-20,2020082001007768,PMHPL,32,57,10,81.00,810.00
2020-08-20,2020082001007794,PPCL,5,41,50,115.00,"5,750.00"
2020-08-20,2020082001007526,PRIN,38,53,150,514.00,"77,100.00"
2020-08-20,2020082001007407,PRIN,5,41,200,514.00,"102,800.00"
2020-08-20,2020082001007406,PRIN,38,41,100,514.00,"51,400.00"
2020-08-20,2020082001007405,PRIN,51,41,100,514.00,"51,400.00"
2020-08-20,2020082001007404,PRIN,14,41,490,514.00,"251,860.00"
2020-08-20,2020082001007350,PRIN,14,43,10,514.00,"5,140.00"
2020-08-20,2020082001007637,RBCL,57,34,10,"9,447.00","94,470.00"
2020-08-20,2020082001007748,RHPL,5,57,10,147.00,"1,470.00"
2020-08-20,2020082001007747,RHPL,5,43,40,147.00,"5,880.00"
2020-08-20,2020082001007506,RHPL,5,19,20,147.00,"2,940.00"
2020-08-20,2020082001007696,SABSL,57,43,10,736.00,"7,360.00"
2020-08-20,2020082001007403,SABSL,44,43,11,735.00,"8,085.00"
2020-08-20,2020082001007725,SADBL,33,58,30,143.00,"4,290.00"
2020-08-20,2020082001007590,SADBL,51,52,15,142.00,"2,130.00"
2020-08-20,2020082001007627,SANIMA,26,22,565,329.00,"185,885.00"
2020-08-20,2020082001007626,SANIMA,45,22,200,329.00,"65,800.00"
2020-08-20,2020082001007625,SANIMA,57,22,100,329.00,"32,900.00"
2020-08-20,2020082001007624,SANIMA,5,22,500,329.00,"164,500.00"
2020-08-20,2020082001007623,SANIMA,49,22,150,329.00,"49,350.00"
2020-08-20,2020082001007622,SANIMA,53,22,200,329.00,"65,800.00"
2020-08-20,2020082001007615,SANIMA,7,22,200,330.00,"66,000.00"
2020-08-20,2020082001007614,SANIMA,50,22,225,330.00,"74,250.00"
2020-08-20,2020082001007499,SANIMA,42,22,300,330.00,"99,000.00"
2020-08-20,2020082001007498,SANIMA,10,22,580,330.00,"191,400.00"
2020-08-20,2020082001007621,SANIMA,55,22,300,329.00,"98,700.00"
2020-08-20,2020082001007620,SANIMA,34,22,150,329.00,"49,350.00"
2020-08-20,2020082001007619,SANIMA,46,22,30,329.00,"9,870.00"
2020-08-20,2020082001007618,SANIMA,34,22,200,329.00,"65,800.00"
2020-08-20,2020082001007617,SANIMA,57,22,100,329.00,"32,900.00"
2020-08-20,2020082001007616,SANIMA,19,22,10,330.00,"3,300.00"
2020-08-20,2020082001007756,SBL,45,22,35,294.00,"10,290.00"
2020-08-20,2020082001007755,SBL,29,22,208,294.00,"61,152.00"
2020-08-20,2020082001007754,SBL,7,22,350,294.00,"102,900.00"
2020-08-20,2020082001007753,SBL,43,22,481,294.00,"141,414.00"
2020-08-20,2020082001007460,SBL,1,10,13,295.00,"3,835.00"
2020-08-20,2020082001007686,SCB,50,50,15,637.00,"9,555.00"
2020-08-20,2020082001007385,SCB,59,3,20,639.00,"12,780.00"
2020-08-20,2020082001007376,SCB,44,59,20,635.00,"12,700.00"
2020-08-20,2020082001007811,SDLBSL,46,10,10,842.00,"8,420.00"
2020-08-20,2020082001007802,SDLBSL,46,40,10,842.00,"8,420.00"
2020-08-20,2020082001007785,SDLBSL,56,10,10,841.00,"8,410.00"
2020-08-20,2020082001007776,SDLBSL,56,40,10,841.00,"8,410.00"
2020-08-20,2020082001007775,SDLBSL,56,58,10,841.00,"8,410.00"
2020-08-20,2020082001007738,SDLBSL,56,8,10,841.00,"8,410.00"
2020-08-20,2020082001007397,SDLBSL,33,6,10,841.00,"8,410.00"
2020-08-20,2020082001007367,SDLBSL,28,43,10,843.00,"8,430.00"
2020-08-20,2020082001007364,SDLBSL,28,38,10,843.00,"8,430.00"
2020-08-20,2020082001007363,SDLBSL,28,55,10,843.00,"8,430.00"
2020-08-20,2020082001007352,SDLBSL,33,49,10,841.00,"8,410.00"
2020-08-20,2020082001007541,SDLBSL,45,55,10,841.00,"8,410.00"
2020-08-20,2020082001007502,SDLBSL,53,48,10,841.00,"8,410.00"
2020-08-20,2020082001007494,SDLBSL,59,54,10,844.00,"8,440.00"
2020-08-20,2020082001007480,SDLBSL,42,59,10,841.00,"8,410.00"
2020-08-20,2020082001007478,SDLBSL,33,22,10,841.00,"8,410.00"
2020-08-20,2020082001007414,SDLBSL,45,6,10,843.00,"8,430.00"
2020-08-20,2020082001007724,SDLBSL,45,20,10,842.00,"8,420.00"
2020-08-20,2020082001007719,SDLBSL,45,55,10,842.00,"8,420.00"
2020-08-20,2020082001007716,SDLBSL,42,58,10,842.00,"8,420.00"
2020-08-20,2020082001007697,SDLBSL,56,58,10,841.00,"8,410.00"
2020-08-20,2020082001007629,SDLBSL,38,58,10,842.00,"8,420.00"
2020-08-20,2020082001007558,SDLBSL,46,55,10,841.00,"8,410.00"
2020-08-20,2020082001007739,SHINE,36,25,50,232.00,"11,600.00"
2020-08-20,2020082001007820,SHIVM,58,14,200,589.00,"117,800.00"
2020-08-20,2020082001007684,SHIVM,42,37,20,590.00,"11,800.00"
2020-08-20,2020082001007586,SHIVM,58,35,"1,900",589.00,"1,119,100.00"
2020-08-20,2020082001007481,SHIVM,58,47,100,589.00,"58,900.00"
2020-08-20,2020082001007809,SHL,14,22,"1,000",156.00,"156,000.00"
2020-08-20,2020082001007808,SHL,16,22,100,156.00,"15,600.00"
2020-08-20,2020082001007610,SHL,59,34,550,157.00,"86,350.00"
2020-08-20,2020082001007713,SHPC,45,49,166,225.00,"37,350.00"
2020-08-20,2020082001007662,SHPC,45,45,226,225.00,"50,850.00"
2020-08-20,2020082001007661,SHPC,45,57,"1,500",225.00,"337,500.00"
2020-08-20,2020082001007660,SHPC,45,26,108,225.00,"24,300.00"
2020-08-20,2020082001007585,SHPC,45,52,500,224.00,"112,000.00"
2020-08-20,2020082001007745,SICL,34,49,100,"1,225.00","122,500.00"
2020-08-20,2020082001007673,SICL,1,49,10,"1,225.00","12,250.00"
2020-08-20,2020082001007672,SICL,33,49,20,"1,225.00","24,500.00"
2020-08-20,2020082001007671,SICL,55,49,100,"1,225.00","122,500.00"
2020-08-20,2020082001007670,SICL,35,49,25,"1,225.00","30,625.00"
2020-08-20,2020082001007669,SICL,45,49,"1,000","1,225.00","1,225,000.00"
2020-08-20,2020082001007668,SICL,49,49,50,"1,226.00","61,300.00"
2020-08-20,2020082001007667,SICL,49,49,373,"1,226.00","457,298.00"
2020-08-20,2020082001007666,SICL,41,49,20,"1,228.00","24,560.00"
2020-08-20,2020082001007824,SIL,47,38,200,627.00,"125,400.00"
2020-08-20,2020082001007823,SIL,47,38,45,628.00,"28,260.00"
2020-08-20,2020082001007381,SIL,47,10,135,628.00,"84,780.00"
2020-08-20,2020082001007380,SIL,59,10,175,629.00,"110,075.00"
2020-08-20,2020082001007781,SJCL,42,49,10,135.00,"1,350.00"
2020-08-20,2020082001007577,SJCL,6,43,20,135.00,"2,700.00"
2020-08-20,2020082001007576,SJCL,6,50,20,135.00,"2,700.00"
2020-08-20,2020082001007575,SJCL,6,49,10,135.00,"1,350.00"
2020-08-20,2020082001007574,SJCL,6,50,20,135.00,"2,700.00"
2020-08-20,2020082001007573,SJCL,6,14,20,135.00,"2,700.00"
2020-08-20,2020082001007572,SJCL,6,50,10,135.00,"1,350.00"
2020-08-20,2020082001007645,SJCL,6,41,10,136.00,"1,360.00"
2020-08-20,2020082001007644,SJCL,6,14,10,136.00,"1,360.00"
2020-08-20,2020082001007581,SJCL,6,49,10,135.00,"1,350.00"
2020-08-20,2020082001007580,SJCL,6,51,450,135.00,"60,750.00"
2020-08-20,2020082001007579,SJCL,6,6,20,135.00,"2,700.00"
2020-08-20,2020082001007578,SJCL,6,50,10,135.00,"1,350.00"
2020-08-20,2020082001007651,SJCL,6,49,10,136.00,"1,360.00"
2020-08-20,2020082001007650,SJCL,6,50,20,136.00,"2,720.00"
2020-08-20,2020082001007649,SJCL,6,41,20,136.00,"2,720.00"
2020-08-20,2020082001007648,SJCL,6,59,20,136.00,"2,720.00"
2020-08-20,2020082001007647,SJCL,6,59,20,136.00,"2,720.00"
2020-08-20,2020082001007646,SJCL,6,1,20,136.00,"2,720.00"
2020-08-20,2020082001007722,SJCL,22,57,10,134.00,"1,340.00"
2020-08-20,2020082001007655,SJCL,6,26,100,136.00,"13,600.00"
2020-08-20,2020082001007654,SJCL,6,49,10,136.00,"1,360.00"
2020-08-20,2020082001007653,SJCL,6,42,10,136.00,"1,360.00"
2020-08-20,2020082001007652,SJCL,6,56,10,136.00,"1,360.00"
2020-08-20,2020082001007496,SLBBL,34,1,80,809.00,"64,720.00"
2020-08-20,2020082001007383,SLBBL,1,1,10,809.00,"8,090.00"
2020-08-20,2020082001007762,SLICL,25,57,200,453.00,"90,600.00"
2020-08-20,2020082001007761,SLICL,39,57,250,454.00,"113,500.00"
2020-08-20,2020082001007700,SLICL,45,17,118,455.00,"53,690.00"
2020-08-20,2020082001007692,SLICL,34,17,200,456.00,"91,200.00"
2020-08-20,2020082001007528,SLICL,45,17,100,455.00,"45,500.00"
2020-08-20,2020082001007608,SPDL,34,44,100,106.00,"10,600.00"
2020-08-20,2020082001007583,SPDL,6,5,147,105.00,"15,435.00"
2020-08-20,2020082001007387,SPDL,42,44,250,106.00,"26,500.00"
2020-08-20,2020082001007813,SRBL,52,53,27,225.00,"6,075.00"
2020-08-20,2020082001007812,SRBL,52,46,13,225.00,"2,925.00"
2020-08-20,2020082001007735,TMDBL,44,57,20,166.00,"3,320.00"
2020-08-20,2020082001007412,TMDBL,6,45,612,165.00,"100,980.00"
2020-08-20,2020082001007411,TMDBL,6,45,890,165.00,"146,850.00"
2020-08-20,2020082001007410,TMDBL,6,45,100,165.00,"16,500.00"
2020-08-20,2020082001007780,TRH,10,41,30,204.00,"6,120.00"
2020-08-20,2020082001007718,TRH,16,41,120,204.00,"24,480.00"
2020-08-20,2020082001007571,TRH,6,41,30,204.00,"6,120.00"
2020-08-20,2020082001007569,UIC,5,34,180,395.00,"71,100.00"
2020-08-20,2020082001007459,UIC,22,34,220,395.00,"86,900.00"
2020-08-20,2020082001007553,UMHL,49,41,900,101.00,"90,900.00"
2020-08-20,2020082001007552,UMHL,49,14,14,101.00,"1,414.00"
2020-08-20,2020082001007721,UNHPL,41,6,10,61.00,610.00
2020-08-20,2020082001007704,UNHPL,5,47,50,60.00,"3,000.00"
2020-08-20,2020082001007699,UNHPL,41,6,10,61.00,610.00
2020-08-20,2020082001007584,UNHPL,5,29,20,60.00,"1,200.00"
2020-08-20,2020082001007505,UNHPL,18,16,50,61.00,"3,050.00"
2020-08-20,2020082001007504,UNHPL,18,35,50,61.00,"3,050.00"
2020-08-20,2020082001007822,UNL,46,17,10,"18,130.00","181,300.00"
2020-08-20,2020082001007701,UPCL,26,57,50,69.00,"3,450.00"
2020-08-20,2020082001007807,UPPER,58,57,78,219.00,"17,082.00"
2020-08-20,2020082001007806,UPPER,6,57,12,219.00,"2,628.00"
2020-08-20,2020082001007491,UPPER,6,17,40,219.00,"8,760.00"
2020-08-20,2020082001007455,UPPER,59,14,40,220.00,"8,800.00"
2020-08-20,2020082001007378,UPPER,6,41,140,219.00,"30,660.00"
2020-08-20,2020082001007438,UPPER,6,42,10,219.00,"2,190.00"
2020-08-20,2020082001007434,UPPER,6,59,40,219.00,"8,760.00"
2020-08-20,2020082001007413,VLBS,45,22,10,878.00,"8,780.00"
2020-08-20,2020082001007636,WOMI,22,41,50,860.00,"43,000.00"
2020-08-20,2020082001007519,WOMI,22,29,60,860.00,"51,600.00"
2020-08-20,2020082001007518,WOMI,41,29,90,860.00,"77,400.00"
2020-08-20,2020082001007517,WOMI,41,29,40,860.00,"34,400.00"
2020-08-20,2020082001007516,WOMI,1,29,10,860.00,"8,600.00"
2020-08-20,2020082001007152,ACLBSL,1,58,10,689.00,"6,890.00"
2020-08-20,2020082001006924,ACLBSL,58,19,10,690.00,"6,900.00"
2020-08-20,2020082001006872,ACLBSL,58,40,10,690.00,"6,900.00"
2020-08-20,2020082001007234,AIL,51,58,10,478.00,"4,780.00"
2020-08-20,2020082001007232,AIL,51,38,10,478.00,"4,780.00"
2020-08-20,2020082001007228,AIL,51,45,10,478.00,"4,780.00"
2020-08-20,2020082001007214,AIL,25,28,200,479.00,"95,800.00"
2020-08-20,2020082001007190,AIL,51,35,10,478.00,"4,780.00"
2020-08-20,2020082001007182,AIL,51,51,10,478.00,"4,780.00"
2020-08-20,2020082001006978,AIL,53,22,30,478.00,"14,340.00"
2020-08-20,2020082001006977,AIL,25,22,30,478.00,"14,340.00"
2020-08-20,2020082001006946,AIL,25,5,10,478.00,"4,780.00"
2020-08-20,2020082001006912,AIL,50,22,20,479.00,"9,580.00"
2020-08-20,2020082001006851,AIL,51,51,10,478.00,"4,780.00"
2020-08-20,2020082001007172,AIL,51,42,10,478.00,"4,780.00"
2020-08-20,2020082001007159,AIL,51,51,10,478.00,"4,780.00"
2020-08-20,2020082001007125,AIL,51,36,10,478.00,"4,780.00"
2020-08-20,2020082001007079,AIL,17,22,60,478.00,"28,680.00"
2020-08-20,2020082001007002,AIL,17,22,100,478.00,"47,800.00"
2020-08-20,2020082001006979,AIL,17,22,40,478.00,"19,120.00"
2020-08-20,2020082001006933,AKPL,16,29,203,114.00,"23,142.00"
2020-08-20,2020082001006932,AKPL,16,51,70,114.00,"7,980.00"
2020-08-20,2020082001007326,ALBSL,26,26,11,649.00,"7,139.00"
2020-08-20,2020082001007069,ALICL,48,37,300,630.00,"189,000.00"
2020-08-20,2020082001007068,ALICL,41,37,200,630.00,"126,000.00"
2020-08-20,2020082001007187,API,41,42,150,109.00,"16,350.00"
2020-08-20,2020082001006893,API,54,42,10,109.00,"1,090.00"
2020-08-20,2020082001007191,BFC,1,58,10,100.00,"1,000.00"
2020-08-20,2020082001007071,BOKL,49,49,150,224.00,"33,600.00"
2020-08-20,2020082001007036,BOKL,59,10,150,223.00,"33,450.00"
2020-08-20,2020082001006849,BPCL,14,41,18,356.00,"6,408.00"
2020-08-20,2020082001007074,CBBL,32,34,14,"1,036.00","14,504.00"
2020-08-20,2020082001007043,CBBL,32,8,16,"1,036.00","16,576.00"
2020-08-20,2020082001006898,CBBL,32,56,100,"1,036.00","103,600.00"
2020-08-20,2020082001007099,CBL,39,45,102,143.00,"14,586.00"
2020-08-20,2020082001007095,CCBL,20,44,300,172.00,"51,600.00"
2020-08-20,2020082001006916,CCBL,52,44,14,172.00,"2,408.00"
2020-08-20,2020082001006915,CCBL,52,41,86,172.00,"14,792.00"
2020-08-20,2020082001006836,CHCL,41,33,150,392.00,"58,800.00"
2020-08-20,2020082001006835,CHCL,57,33,260,392.00,"101,920.00"
2020-08-20,2020082001007178,CIT,44,39,12,"2,878.00","34,536.00"
2020-08-20,2020082001007177,CIT,20,39,20,"2,879.00","57,580.00"
2020-08-20,2020082001006968,CIT,7,56,56,"2,880.00","161,280.00"
2020-08-20,2020082001006967,CIT,7,1,30,"2,880.00","86,400.00"
2020-08-20,2020082001006935,CIT,13,13,3,"2,823.00","8,469.00"
2020-08-20,2020082001006928,CIT,7,1,20,"2,880.00","57,600.00"
2020-08-20,2020082001006875,CIT,17,33,17,"2,880.00","48,960.00"
2020-08-20,2020082001007290,CZBIL,48,36,"1,027",193.00,"198,211.00"
2020-08-20,2020082001007133,CZBIL,48,36,250,193.00,"48,250.00"
2020-08-20,2020082001007094,CZBIL,48,51,"1,000",193.00,"193,000.00"
2020-08-20,2020082001006965,CZBIL,48,6,"1,000",193.00,"193,000.00"
2020-08-20,2020082001006964,CZBIL,48,52,269,193.00,"51,917.00"
2020-08-20,2020082001006963,CZBIL,48,25,200,193.00,"38,600.00"
2020-08-20,2020082001006962,CZBIL,48,16,244,193.00,"47,092.00"
2020-08-20,2020082001006961,CZBIL,48,34,"1,010",193.00,"194,930.00"
2020-08-20,2020082001007051,EBL,44,49,50,715.00,"35,750.00"
2020-08-20,2020082001006877,EBL,44,57,115,714.00,"82,110.00"
2020-08-20,2020082001006876,EBL,44,33,31,714.00,"22,134.00"
2020-08-20,2020082001006859,EBL,44,49,65,713.00,"46,345.00"
2020-08-20,2020082001007050,EBL,44,33,200,715.00,"143,000.00"
2020-08-20,2020082001007049,EBL,44,51,52,715.00,"37,180.00"
2020-08-20,2020082001007048,EBL,44,45,10,715.00,"7,150.00"
2020-08-20,2020082001007009,EBL,34,45,10,715.00,"7,150.00"
2020-08-20,2020082001007242,EIC,59,41,50,440.00,"22,000.00"
2020-08-20,2020082001007241,EIC,59,57,200,440.00,"88,000.00"
2020-08-20,2020082001007240,EIC,59,4,100,440.00,"44,000.00"
2020-08-20,2020082001007239,EIC,59,16,400,440.00,"176,000.00"
2020-08-20,2020082001007238,EIC,59,38,90,439.00,"39,510.00"
2020-08-20,2020082001007237,EIC,59,46,50,439.00,"21,950.00"
2020-08-20,2020082001006896,EIC,55,57,200,439.00,"87,800.00"
2020-08-20,2020082001006867,EIC,34,57,70,441.00,"30,870.00"
2020-08-20,2020082001007271,GBBL,58,44,43,231.00,"9,933.00"
2020-08-20,2020082001007270,GBBL,49,44,"1,000",231.00,"231,000.00"
2020-08-20,2020082001007269,GBBL,28,44,400,231.00,"92,400.00"
2020-08-20,2020082001007268,GBBL,39,44,126,231.00,"29,106.00"
2020-08-20,2020082001007158,GBBL,26,39,41,232.00,"9,512.00"
2020-08-20,2020082001007157,GBBL,32,39,"1,000",232.00,"232,000.00"
2020-08-20,2020082001007156,GBBL,1,39,100,232.00,"23,200.00"
2020-08-20,2020082001007155,GBBL,14,39,200,232.00,"46,400.00"
2020-08-20,2020082001007154,GBBL,47,39,500,232.00,"116,000.00"
2020-08-20,2020082001007153,GBBL,39,39,159,232.00,"36,888.00"
2020-08-20,2020082001007202,GBIME,44,17,176,252.00,"44,352.00"
2020-08-20,2020082001007201,GBIME,44,52,100,252.00,"25,200.00"
2020-08-20,2020082001007200,GBIME,44,41,99,252.00,"24,948.00"
2020-08-20,2020082001007199,GBIME,44,28,377,252.00,"95,004.00"
2020-08-20,2020082001007198,GBIME,44,41,100,252.00,"25,200.00"
2020-08-20,2020082001007197,GBIME,44,22,333,252.00,"83,916.00"
2020-08-20,2020082001006938,GBIME,32,34,30,251.00,"7,530.00"
2020-08-20,2020082001007196,GBIME,44,51,"1,000",252.00,"252,000.00"
2020-08-20,2020082001007195,GBIME,44,33,674,252.00,"169,848.00"
2020-08-20,2020082001007194,GBIME,44,52,100,251.00,"25,100.00"
2020-08-20,2020082001007104,GBIME,59,51,37,251.00,"9,287.00"
2020-08-20,2020082001006945,GBIME,55,51,463,251.00,"116,213.00"
2020-08-20,2020082001006939,GBIME,55,34,50,251.00,"12,550.00"
2020-08-20,2020082001006944,GLICL,25,58,150,464.00,"69,600.00"
2020-08-20,2020082001006943,GLICL,7,58,50,465.00,"23,250.00"
2020-08-20,2020082001006942,GLICL,22,58,50,465.00,"23,250.00"
2020-08-20,2020082001006941,GLICL,25,58,50,465.00,"23,250.00"
2020-08-20,2020082001006940,GLICL,43,58,80,465.00,"37,200.00"
2020-08-20,2020082001006854,HBL,1,32,85,550.00,"46,750.00"
2020-08-20,2020082001007165,HDHPC,34,42,30,85.00,"2,550.00"
2020-08-20,2020082001007031,HDHPC,34,48,10,85.00,850.00
2020-08-20,2020082001006960,HDHPC,34,48,10,85.00,850.00
2020-08-20,2020082001006842,HIDCL,4,17,107,127.00,"13,589.00"
2020-08-20,2020082001006837,HPPL,58,58,10,133.00,"1,330.00"
2020-08-20,2020082001006885,ICFC,55,42,20,175.00,"3,500.00"
2020-08-20,2020082001007070,JFL,42,50,100,160.00,"16,000.00"
2020-08-20,2020082001006895,JSLBB,14,45,18,"1,367.00","24,606.00"
2020-08-20,2020082001007229,KBL,48,57,"1,749",183.00,"320,067.00"
2020-08-20,2020082001007141,KBL,48,57,"1,100",183.00,"201,300.00"
2020-08-20,2020082001007140,KBL,40,57,100,183.00,"18,300.00"
2020-08-20,2020082001006927,KBL,45,29,39,183.00,"7,137.00"
2020-08-20,2020082001007288,KMCDB,16,22,10,726.00,"7,260.00"
2020-08-20,2020082001007101,KMCDB,16,57,10,726.00,"7,260.00"
2020-08-20,2020082001007100,KMCDB,3,22,10,726.00,"7,260.00"
2020-08-20,2020082001006926,KPCL,22,58,10,105.00,"1,050.00"
2020-08-20,2020082001007176,KSBBL,38,32,"3,000",143.00,"429,000.00"
2020-08-20,2020082001006985,KSBBL,53,57,24,142.00,"3,408.00"
2020-08-20,2020082001006984,KSBBL,33,57,100,142.00,"14,200.00"
2020-08-20,2020082001006983,KSBBL,11,57,49,142.00,"6,958.00"
2020-08-20,2020082001007151,LBL,45,13,50,227.00,"11,350.00"
2020-08-20,2020082001007032,LBL,14,56,50,226.00,"11,300.00"
2020-08-20,2020082001007175,LGIL,33,45,85,460.00,"39,100.00"
2020-08-20,2020082001007008,LGIL,33,6,15,460.00,"6,900.00"
2020-08-20,2020082001007007,LGIL,13,6,89,460.00,"40,940.00"
2020-08-20,2020082001007006,LGIL,47,6,106,461.00,"48,866.00"
2020-08-20,2020082001006834,LGIL,47,6,94,461.00,"43,334.00"
2020-08-20,2020082001006833,LGIL,52,6,106,461.00,"48,866.00"
2020-08-20,2020082001006828,MBL,25,6,88,224.00,"19,712.00"
2020-08-20,2020082001006827,MBL,25,29,12,224.00,"2,688.00"
2020-08-20,2020082001007186,MDB,36,55,36,328.00,"11,808.00"
2020-08-20,2020082001007255,MEGA,57,5,92,216.00,"19,872.00"
2020-08-20,2020082001007254,MEGA,13,5,108,216.00,"23,328.00"
2020-08-20,2020082001007162,MEGA,13,28,200,216.00,"43,200.00"
2020-08-20,2020082001007161,MEGA,35,28,200,216.00,"43,200.00"
2020-08-20,2020082001007160,MEGA,17,28,55,216.00,"11,880.00"
2020-08-20,2020082001007150,MEGA,45,41,600,217.00,"130,200.00"
2020-08-20,2020082001007149,MEGA,45,46,100,217.00,"21,700.00"
2020-08-20,2020082001007170,MLBBL,48,25,100,731.00,"73,100.00"
2020-08-20,2020082001006987,MNBBL,35,22,15,318.00,"4,770.00"
2020-08-20,2020082001006986,MNBBL,22,22,13,318.00,"4,134.00"
2020-08-20,2020082001006881,MNBBL,22,28,87,318.00,"27,666.00"
2020-08-20,2020082001006880,MNBBL,50,28,60,318.00,"19,080.00"
2020-08-20,2020082001006879,MNBBL,47,28,50,318.00,"15,900.00"
2020-08-20,2020082001006878,MNBBL,32,28,16,318.00,"5,088.00"
2020-08-20,2020082001007107,NABIL,58,33,51,816.00,"41,616.00"
2020-08-20,2020082001007106,NABIL,49,33,22,816.00,"17,952.00"
2020-08-20,2020082001007105,NABIL,54,33,450,817.00,"367,650.00"
2020-08-20,2020082001007028,NABIL,49,33,28,816.00,"22,848.00"
2020-08-20,2020082001007027,NABIL,1,33,200,816.00,"163,200.00"
2020-08-20,2020082001007026,NABIL,32,33,100,816.00,"81,600.00"
2020-08-20,2020082001007019,NABIL,35,33,170,818.00,"139,060.00"
2020-08-20,2020082001007018,NABIL,11,33,45,818.00,"36,810.00"
2020-08-20,2020082001007017,NABIL,11,33,100,818.00,"81,800.00"
2020-08-20,2020082001007016,NABIL,16,33,20,818.00,"16,360.00"
2020-08-20,2020082001007015,NABIL,50,33,35,819.00,"28,665.00"
2020-08-20,2020082001006897,NABIL,56,6,20,820.00,"16,400.00"
2020-08-20,2020082001007025,NABIL,43,33,100,816.00,"81,600.00"
2020-08-20,2020082001007024,NABIL,58,33,122,816.00,"99,552.00"
2020-08-20,2020082001007023,NABIL,34,33,10,816.00,"8,160.00"
2020-08-20,2020082001007022,NABIL,33,33,10,816.00,"8,160.00"
2020-08-20,2020082001007021,NABIL,26,33,10,817.00,"8,170.00"
2020-08-20,2020082001007020,NABIL,42,33,50,818.00,"40,900.00"
2020-08-20,2020082001007102,NADEP,57,25,85,575.00,"48,875.00"
2020-08-20,2020082001007090,NADEP,57,25,15,575.00,"8,625.00"
2020-08-20,2020082001007089,NADEP,56,25,67,575.00,"38,525.00"
2020-08-20,2020082001007088,NADEP,35,25,100,575.00,"57,500.00"
2020-08-20,2020082001007087,NADEP,41,25,500,575.00,"287,500.00"
2020-08-20,2020082001007086,NADEP,39,25,18,575.00,"10,350.00"
2020-08-20,2020082001007045,NADEP,39,40,12,575.00,"6,900.00"
2020-08-20,2020082001007044,NADEP,25,40,11,575.00,"6,325.00"
2020-08-20,2020082001007277,NBB,7,6,339,194.00,"65,766.00"
2020-08-20,2020082001006850,NBF2,49,48,100,9.34,934.00
2020-08-20,2020082001007216,NBL,59,43,251,279.00,"70,029.00"
2020-08-20,2020082001007123,NBL,45,43,45,280.00,"12,600.00"
2020-08-20,2020082001007091,NBL,59,34,142,279.00,"39,618.00"
2020-08-20,2020082001007001,NBL,59,56,150,279.00,"41,850.00"
2020-08-20,2020082001006973,NBL,19,43,204,280.00,"57,120.00"
2020-08-20,2020082001006972,NBL,19,45,50,280.00,"14,000.00"
2020-08-20,2020082001006855,NBL,13,50,776,280.00,"217,280.00"
2020-08-20,2020082001006971,NBL,19,17,30,280.00,"8,400.00"
2020-08-20,2020082001006970,NBL,19,47,216,280.00,"60,480.00"
2020-08-20,2020082001006870,NBL,59,35,50,279.00,"13,950.00"
2020-08-20,2020082001006858,NBL,13,47,14,280.00,"3,920.00"
2020-08-20,2020082001006857,NBL,13,14,200,280.00,"56,000.00"
2020-08-20,2020082001006856,NBL,13,34,10,280.00,"2,800.00"
2020-08-20,2020082001007325,NCCB,28,10,504,189.00,"95,256.00"
2020-08-20,2020082001007279,NCCB,41,46,50,190.00,"9,500.00"
2020-08-20,2020082001007119,NCCB,10,1,100,190.00,"19,000.00"
2020-08-20,2020082001006852,NCCB,55,25,100,191.00,"19,100.00"
2020-08-20,2020082001007047,NHDL,45,52,10,129.00,"1,290.00"
2020-08-20,2020082001007231,NHPC,58,33,20,53.00,"1,060.00"
2020-08-20,2020082001007310,NIB,53,57,83,419.00,"34,777.00"
2020-08-20,2020082001007226,NIB,53,34,89,419.00,"37,291.00"
2020-08-20,2020082001007225,NIB,53,29,49,419.00,"20,531.00"
2020-08-20,2020082001007224,NIB,53,50,496,419.00,"207,824.00"
2020-08-20,2020082001007223,NIB,53,17,31,418.00,"12,958.00"
2020-08-20,2020082001007222,NIB,53,58,75,418.00,"31,350.00"
2020-08-20,2020082001007131,NIB,10,37,100,417.00,"41,700.00"
2020-08-20,2020082001007221,NIB,53,57,37,418.00,"15,466.00"
2020-08-20,2020082001007220,NIB,53,1,31,418.00,"12,958.00"
2020-08-20,2020082001007219,NIB,53,43,17,418.00,"7,106.00"
2020-08-20,2020082001007218,NIB,53,59,92,417.00,"38,364.00"
2020-08-20,2020082001007203,NIB,6,53,44,416.00,"18,304.00"
2020-08-20,2020082001007132,NIB,6,37,150,416.00,"62,400.00"
2020-08-20,2020082001007292,NIBPO,34,6,"2,000",360.00,"720,000.00"
2020-08-20,2020082001006948,NIBPO,51,6,"1,250",360.00,"450,000.00"
2020-08-20,2020082001007124,NIBSF1,45,51,"1,400",10.40,"14,560.00"
2020-08-20,2020082001007076,NIBSF1,45,29,"3,600",10.40,"37,440.00"
2020-08-20,2020082001007075,NIBSF1,45,29,700,10.40,"7,280.00"
2020-08-20,2020082001006882,NICA,57,1,100,561.00,"56,100.00"
2020-08-20,2020082001006838,NICA,55,45,73,560.00,"40,880.00"
2020-08-20,2020082001006936,NICBF,8,48,100,9.50,950.00
2020-08-20,2020082001007033,NICL,6,59,186,466.00,"86,676.00"
2020-08-20,2020082001007013,NICL,26,57,180,465.00,"83,700.00"
2020-08-20,2020082001007012,NICL,45,57,100,465.00,"46,500.00"
2020-08-20,2020082001007011,NICL,16,57,20,465.00,"9,300.00"
2020-08-20,2020082001006920,NICL,1,59,14,466.00,"6,524.00"
2020-08-20,2020082001007311,NIL,4,25,50,672.00,"33,600.00"
2020-08-20,2020082001007230,NIL,4,28,100,672.00,"67,200.00"
2020-08-20,2020082001007213,NIL,38,39,500,673.00,"336,500.00"
2020-08-20,2020082001007212,NIL,38,49,25,673.00,"16,825.00"
2020-08-20,2020082001007211,NIL,38,18,600,673.00,"403,800.00"
2020-08-20,2020082001007210,NIL,38,34,50,673.00,"33,650.00"
2020-08-20,2020082001006832,NIL,29,6,170,672.00,"114,240.00"
2020-08-20,2020082001006831,NIL,46,6,30,672.00,"20,160.00"
2020-08-20,2020082001006905,NIL,39,3,600,670.00,"402,000.00"
2020-08-20,2020082001006904,NIL,55,3,200,671.00,"134,200.00"
2020-08-20,2020082001006903,NIL,45,3,100,671.00,"67,100.00"
2020-08-20,2020082001006902,NIL,14,3,500,671.00,"335,500.00"
2020-08-20,2020082001006901,NIL,4,3,500,672.00,"336,000.00"
2020-08-20,2020082001006874,NIL,29,41,30,672.00,"20,160.00"
2020-08-20,2020082001006911,NIL,58,3,535,670.00,"358,450.00"
2020-08-20,2020082001006910,NIL,45,3,15,670.00,"10,050.00"
2020-08-20,2020082001006909,NIL,55,3,200,670.00,"134,000.00"
2020-08-20,2020082001006908,NIL,58,3,"1,000",670.00,"670,000.00"
2020-08-20,2020082001006907,NIL,29,3,300,670.00,"201,000.00"
2020-08-20,2020082001006906,NIL,41,3,50,670.00,"33,500.00"
2020-08-20,2020082001007184,NIL,4,34,250,672.00,"168,000.00"
2020-08-20,2020082001007067,NIL,4,10,200,672.00,"134,400.00"
2020-08-20,2020082001007005,NIL,4,33,250,672.00,"168,000.00"
2020-08-20,2020082001006988,NIL,14,41,300,671.00,"201,300.00"
2020-08-20,2020082001006947,NIL,14,49,190,671.00,"127,490.00"
2020-08-20,2020082001006922,NIL,4,7,"1,000",672.00,"672,000.00"
2020-08-20,2020082001006889,NLBBL,5,29,50,672.00,"33,600.00"
2020-08-20,2020082001006888,NLBBL,11,29,50,672.00,"33,600.00"
2020-08-20,2020082001007014,NLG,49,33,104,672.00,"69,888.00"
2020-08-20,2020082001006931,NLG,49,5,100,672.00,"67,200.00"
2020-08-20,2020082001006930,NLG,49,17,96,671.00,"64,416.00"
2020-08-20,2020082001006929,NLG,49,32,200,671.00,"134,200.00"
2020-08-20,2020082001006919,NLG,26,6,30,670.00,"20,100.00"
2020-08-20,2020082001006918,NLG,26,6,170,670.00,"113,900.00"
2020-08-20,2020082001007282,NLIC,7,26,200,"1,345.00","269,000.00"
2020-08-20,2020082001007281,NLIC,55,26,50,"1,346.00","67,300.00"
2020-08-20,2020082001007280,NLIC,29,26,50,"1,346.00","67,300.00"
2020-08-20,2020082001007185,NLIC,36,44,100,"1,347.00","134,700.00"
2020-08-20,2020082001007139,NLIC,38,44,100,"1,347.00","134,700.00"
2020-08-20,2020082001007138,NLIC,49,44,420,"1,347.00","565,740.00"
2020-08-20,2020082001006894,NLIC,49,58,86,"1,347.00","115,842.00"
2020-08-20,2020082001007118,NLIC,49,58,100,"1,347.00","134,700.00"
2020-08-20,2020082001007073,NLIC,38,41,75,"1,349.00","101,175.00"
2020-08-20,2020082001007072,NLIC,38,42,220,"1,348.00","296,560.00"
2020-08-20,2020082001007046,NLIC,17,42,30,"1,348.00","40,440.00"
2020-08-20,2020082001006954,NLIC,17,17,10,"1,348.00","13,480.00"
2020-08-20,2020082001006934,NLIC,49,41,22,"1,347.00","29,634.00"
2020-08-20,2020082001007306,NMB,35,46,310,410.00,"127,100.00"
2020-08-20,2020082001007305,NMB,53,46,250,410.00,"102,500.00"
2020-08-20,2020082001007304,NMB,42,46,200,410.00,"82,000.00"
2020-08-20,2020082001007303,NMB,53,46,500,410.00,"205,000.00"
2020-08-20,2020082001007302,NMB,50,46,100,410.00,"41,000.00"
2020-08-20,2020082001007301,NMB,45,46,50,410.00,"20,500.00"
2020-08-20,2020082001007097,NMB,42,43,86,412.00,"35,432.00"
2020-08-20,2020082001007096,NMB,45,43,50,412.00,"20,600.00"
2020-08-20,2020082001006975,NMB,1,59,423,413.00,"174,699.00"
2020-08-20,2020082001006974,NMB,1,16,77,413.00,"31,801.00"
2020-08-20,2020082001006887,NMB,22,16,113,413.00,"46,669.00"
2020-08-20,2020082001006886,NMB,22,50,147,413.00,"60,711.00"
2020-08-20,2020082001007300,NMB,32,46,20,410.00,"8,200.00"
2020-08-20,2020082001007299,NMB,54,46,133,410.00,"54,530.00"
2020-08-20,2020082001007298,NMB,37,46,58,410.00,"23,780.00"
2020-08-20,2020082001007297,NMB,17,46,302,411.00,"124,122.00"
2020-08-20,2020082001007296,NMB,46,46,77,411.00,"31,647.00"
2020-08-20,2020082001007293,NMB,8,43,20,412.00,"8,240.00"
2020-08-20,2020082001007324,NRIC,6,47,30,583.00,"17,490.00"
2020-08-20,2020082001007323,NRIC,6,38,40,583.00,"23,320.00"
2020-08-20,2020082001007322,NRIC,6,16,20,583.00,"11,660.00"
2020-08-20,2020082001007291,NRIC,6,38,40,583.00,"23,320.00"
2020-08-20,2020082001007274,NRIC,6,38,40,583.00,"23,320.00"
2020-08-20,2020082001007267,NRIC,6,52,40,583.00,"23,320.00"
2020-08-20,2020082001006840,NRIC,54,43,30,582.00,"17,460.00"
2020-08-20,2020082001007084,NRIC,51,50,10,582.00,"5,820.00"
2020-08-20,2020082001007083,NRIC,17,50,140,582.00,"81,480.00"
2020-08-20,2020082001006957,NRIC,17,41,40,582.00,"23,280.00"
2020-08-20,2020082001006869,NRIC,17,58,20,582.00,"11,640.00"
2020-08-20,2020082001006868,NRIC,33,58,20,582.00,"11,640.00"
2020-08-20,2020082001006841,NRIC,32,43,269,582.00,"156,558.00"
2020-08-20,2020082001007205,NRIC,36,44,50,583.00,"29,150.00"
2020-08-20,2020082001007204,NRIC,36,29,100,583.00,"58,300.00"
2020-08-20,2020082001007121,NRIC,54,38,40,582.00,"23,280.00"
2020-08-20,2020082001007116,NRIC,54,36,40,582.00,"23,280.00"
2020-08-20,2020082001007110,NRIC,54,59,40,582.00,"23,280.00"
2020-08-20,2020082001007085,NRIC,54,50,150,582.00,"87,300.00"
2020-08-20,2020082001007260,NRIC,6,6,570,583.00,"332,310.00"
2020-08-20,2020082001007259,NRIC,6,41,25,583.00,"14,575.00"
2020-08-20,2020082001007258,NRIC,6,44,40,583.00,"23,320.00"
2020-08-20,2020082001007243,NRIC,54,38,40,582.00,"23,280.00"
2020-08-20,2020082001007207,NRIC,36,58,40,583.00,"23,320.00"
2020-08-20,2020082001007206,NRIC,36,1,10,583.00,"5,830.00"
2020-08-20,2020082001007266,NRIC,6,49,50,583.00,"29,150.00"
2020-08-20,2020082001007265,NRIC,6,34,20,583.00,"11,660.00"
2020-08-20,2020082001007264,NRIC,6,29,40,583.00,"23,320.00"
2020-08-20,2020082001007263,NRIC,6,40,40,583.00,"23,320.00"
2020-08-20,2020082001007262,NRIC,6,16,100,583.00,"58,300.00"
2020-08-20,2020082001007261,NRIC,6,25,40,583.00,"23,320.00"
2020-08-20,2020082001006956,NSEWA,51,45,10,680.00,"6,800.00"
2020-08-20,2020082001006955,NSEWA,51,17,70,680.00,"47,600.00"
2020-08-20,2020082001007189,PCBL,40,45,100,271.00,"27,100.00"
2020-08-20,2020082001007115,PCBL,40,25,200,271.00,"54,200.00"
2020-08-20,2020082001007078,PCBL,40,43,280,271.00,"75,880.00"
2020-08-20,2020082001007003,PCBL,40,41,163,271.00,"44,173.00"
2020-08-20,2020082001006976,PCBL,40,56,166,271.00,"44,986.00"
2020-08-20,2020082001006847,PCBL,40,26,159,271.00,"43,089.00"
2020-08-20,2020082001007275,PFL,14,41,100,144.00,"14,400.00"
2020-08-20,2020082001007042,PFL,32,41,20,144.00,"2,880.00"
2020-08-20,2020082001007041,PFL,34,41,10,144.00,"1,440.00"
2020-08-20,2020082001007040,PFL,22,41,100,144.00,"14,400.00"
2020-08-20,2020082001007039,PFL,13,41,480,144.00,"69,120.00"
2020-08-20,2020082001007038,PFL,32,41,12,144.00,"1,728.00"
2020-08-20,2020082001007034,PIC,32,29,100,658.00,"65,800.00"
2020-08-20,2020082001006925,PIC,41,29,150,659.00,"98,850.00"
2020-08-20,2020082001007257,PICL,46,36,10,458.00,"4,580.00"
2020-08-20,2020082001007256,PICL,41,36,190,458.00,"87,020.00"
2020-08-20,2020082001007092,PICL,41,33,280,458.00,"128,240.00"
2020-08-20,2020082001007249,PLIC,34,51,19,544.00,"10,336.00"
2020-08-20,2020082001006871,PPCL,58,58,20,114.00,"2,280.00"
2020-08-20,2020082001007313,PRVU,41,25,49,224.00,"10,976.00"
2020-08-20,2020082001007164,PRVU,58,49,150,225.00,"33,750.00"
2020-08-20,2020082001006845,PRVU,41,6,51,224.00,"11,424.00"
2020-08-20,2020082001007283,RBCL,51,18,10,"9,448.00","94,480.00"
2020-08-20,2020082001007250,RHPC,39,58,10,86.00,860.00
2020-08-20,2020082001007217,RHPC,49,58,100,86.00,"8,600.00"
2020-08-20,2020082001007309,RHPL,5,5,400,147.00,"58,800.00"
2020-08-20,2020082001007188,RHPL,5,49,10,147.00,"1,470.00"
2020-08-20,2020082001007103,RHPL,5,41,40,147.00,"5,880.00"
2020-08-20,2020082001007077,RSDC,51,38,737,491.00,"361,867.00"
2020-08-20,2020082001007174,SABSL,47,22,11,728.00,"8,008.00"
2020-08-20,2020082001007145,SABSL,47,39,11,728.00,"8,008.00"
2020-08-20,2020082001007081,SABSL,44,43,120,727.00,"87,240.00"
2020-08-20,2020082001007030,SABSL,44,25,380,727.00,"276,260.00"
2020-08-20,2020082001007029,SABSL,46,25,120,728.00,"87,360.00"
2020-08-20,2020082001007004,SABSL,36,36,1,725.00,725.00
2020-08-20,2020082001007147,SANIMA,10,37,200,330.00,"66,000.00"
2020-08-20,2020082001007065,SANIMA,10,6,220,330.00,"72,600.00"
2020-08-20,2020082001007064,SANIMA,16,6,100,330.00,"33,000.00"
2020-08-20,2020082001007063,SANIMA,19,6,50,330.00,"16,500.00"
2020-08-20,2020082001007062,SANIMA,25,6,50,330.00,"16,500.00"
2020-08-20,2020082001007061,SANIMA,4,6,100,330.00,"33,000.00"
2020-08-20,2020082001007054,SANIMA,13,6,20,330.00,"6,600.00"
2020-08-20,2020082001007053,SANIMA,45,6,20,330.00,"6,600.00"
2020-08-20,2020082001007052,SANIMA,48,6,440,330.00,"145,200.00"
2020-08-20,2020082001007010,SANIMA,48,49,300,330.00,"99,000.00"
2020-08-20,2020082001007060,SANIMA,38,6,100,330.00,"33,000.00"
2020-08-20,2020082001007059,SANIMA,56,6,50,330.00,"16,500.00"
2020-08-20,2020082001007058,SANIMA,50,6,50,330.00,"16,500.00"
2020-08-20,2020082001007057,SANIMA,51,6,100,330.00,"33,000.00"
2020-08-20,2020082001007056,SANIMA,42,6,"1,000",330.00,"330,000.00"
2020-08-20,2020082001007055,SANIMA,56,6,200,330.00,"66,000.00"
2020-08-20,2020082001007000,SBI,17,16,250,408.00,"102,000.00"
2020-08-20,2020082001006999,SBI,44,16,30,408.00,"12,240.00"
2020-08-20,2020082001006998,SBI,8,16,30,408.00,"12,240.00"
2020-08-20,2020082001006997,SBI,46,16,20,408.00,"8,160.00"
2020-08-20,2020082001006996,SBI,43,16,100,408.00,"40,800.00"
2020-08-20,2020082001006995,SBI,1,16,50,408.00,"20,400.00"
2020-08-20,2020082001006994,SBI,41,16,20,409.00,"8,180.00"
2020-08-20,2020082001006900,SBL,43,39,19,294.00,"5,586.00"
2020-08-20,2020082001006899,SBL,40,39,219,295.00,"64,605.00"
2020-08-20,2020082001006890,SBL,40,11,48,295.00,"14,160.00"
2020-08-20,2020082001007251,SCB,58,32,80,636.00,"50,880.00"
2020-08-20,2020082001007114,SCB,1,32,78,636.00,"49,608.00"
2020-08-20,2020082001006913,SCB,44,32,100,635.00,"63,500.00"
2020-08-20,2020082001007321,SDLBSL,33,48,69,841.00,"58,029.00"
2020-08-20,2020082001007320,SDLBSL,29,48,50,842.00,"42,100.00"
2020-08-20,2020082001007319,SDLBSL,34,48,20,842.00,"16,840.00"
2020-08-20,2020082001007318,SDLBSL,5,48,50,842.00,"42,100.00"
2020-08-20,2020082001007317,SDLBSL,26,48,20,842.00,"16,840.00"
2020-08-20,2020082001007316,SDLBSL,34,48,50,842.00,"42,100.00"
2020-08-20,2020082001006829,SDLBSL,18,8,10,843.00,"8,430.00"
2020-08-20,2020082001006884,SDLBSL,18,58,10,843.00,"8,430.00"
2020-08-20,2020082001006883,SDLBSL,18,8,10,843.00,"8,430.00"
2020-08-20,2020082001006873,SDLBSL,18,55,10,843.00,"8,430.00"
2020-08-20,2020082001006853,SDLBSL,18,8,10,843.00,"8,430.00"
2020-08-20,2020082001006848,SDLBSL,18,58,10,843.00,"8,430.00"
2020-08-20,2020082001006846,SDLBSL,18,8,10,843.00,"8,430.00"
2020-08-20,2020082001006959,SDLBSL,28,35,10,843.00,"8,430.00"
2020-08-20,2020082001006958,SDLBSL,28,47,10,843.00,"8,430.00"
2020-08-20,2020082001006937,SDLBSL,28,52,10,843.00,"8,430.00"
2020-08-20,2020082001006923,SDLBSL,28,45,10,843.00,"8,430.00"
2020-08-20,2020082001006921,SDLBSL,18,51,10,843.00,"8,430.00"
2020-08-20,2020082001006914,SDLBSL,18,55,10,843.00,"8,430.00"
2020-08-20,2020082001007035,SDLBSL,35,45,10,843.00,"8,430.00"
2020-08-20,2020082001006993,SDLBSL,49,45,10,843.00,"8,430.00"
2020-08-20,2020082001006989,SDLBSL,49,42,10,843.00,"8,430.00"
2020-08-20,2020082001006981,SDLBSL,49,58,10,843.00,"8,430.00"
2020-08-20,2020082001006980,SDLBSL,51,29,10,844.00,"8,440.00"
2020-08-20,2020082001006966,SDLBSL,28,42,10,843.00,"8,430.00"
2020-08-20,2020082001007113,SDLBSL,29,29,10,842.00,"8,420.00"
2020-08-20,2020082001007109,SDLBSL,29,45,10,842.00,"8,420.00"
2020-08-20,2020082001007098,SDLBSL,29,29,10,842.00,"8,420.00"
2020-08-20,2020082001007093,SDLBSL,29,45,10,842.00,"8,420.00"
2020-08-20,2020082001007082,SDLBSL,29,58,10,842.00,"8,420.00"
2020-08-20,2020082001007066,SDLBSL,29,45,10,842.00,"8,420.00"
2020-08-20,2020082001007166,SDLBSL,13,21,10,844.00,"8,440.00"
2020-08-20,2020082001007137,SDLBSL,49,48,10,842.00,"8,420.00"
2020-08-20,2020082001007135,SDLBSL,29,45,10,842.00,"8,420.00"
2020-08-20,2020082001007122,SDLBSL,29,51,10,842.00,"8,420.00"
2020-08-20,2020082001007120,SDLBSL,29,45,10,842.00,"8,420.00"
2020-08-20,2020082001007117,SDLBSL,29,58,10,842.00,"8,420.00"
2020-08-20,2020082001007208,SDLBSL,56,55,10,842.00,"8,420.00"
2020-08-20,2020082001007193,SDLBSL,56,58,10,842.00,"8,420.00"
2020-08-20,2020082001007173,SDLBSL,13,55,10,844.00,"8,440.00"
2020-08-20,2020082001007169,SDLBSL,13,39,10,844.00,"8,440.00"
2020-08-20,2020082001007168,SDLBSL,13,6,10,844.00,"8,440.00"
2020-08-20,2020082001007167,SDLBSL,13,29,10,844.00,"8,440.00"
2020-08-20,2020082001007253,SDLBSL,56,4,10,843.00,"8,430.00"
2020-08-20,2020082001007252,SDLBSL,56,56,10,843.00,"8,430.00"
2020-08-20,2020082001007236,SDLBSL,56,52,10,843.00,"8,430.00"
2020-08-20,2020082001007235,SDLBSL,56,22,10,843.00,"8,430.00"
2020-08-20,2020082001007227,SDLBSL,56,56,10,842.00,"8,420.00"
2020-08-20,2020082001007215,SDLBSL,56,4,10,842.00,"8,420.00"
2020-08-20,2020082001007287,SDLBSL,56,19,10,843.00,"8,430.00"
2020-08-20,2020082001007286,SDLBSL,56,52,10,843.00,"8,430.00"
2020-08-20,2020082001007285,SDLBSL,56,4,10,843.00,"8,430.00"
2020-08-20,2020082001007278,SDLBSL,56,56,10,843.00,"8,430.00"
2020-08-20,2020082001007276,SDLBSL,56,19,10,843.00,"8,430.00"
2020-08-20,2020082001007273,SDLBSL,56,45,10,843.00,"8,430.00"
2020-08-20,2020082001007315,SDLBSL,16,48,10,842.00,"8,420.00"
2020-08-20,2020082001007314,SDLBSL,56,48,70,843.00,"59,010.00"
2020-08-20,2020082001007312,SDLBSL,56,42,10,843.00,"8,430.00"
2020-08-20,2020082001007308,SDLBSL,56,19,10,843.00,"8,430.00"
2020-08-20,2020082001007295,SDLBSL,56,4,10,843.00,"8,430.00"
2020-08-20,2020082001007294,SDLBSL,56,56,10,842.00,"8,420.00"
2020-08-20,2020082001007130,SHINE,34,41,698,231.00,"161,238.00"
2020-08-20,2020082001007129,SHINE,41,41,100,231.00,"23,100.00"
2020-08-20,2020082001007128,SHINE,3,41,50,231.00,"11,550.00"
2020-08-20,2020082001007127,SHINE,34,41,30,232.00,"6,960.00"
2020-08-20,2020082001007126,SHINE,34,41,122,233.00,"28,426.00"
2020-08-20,2020082001006990,SHINE,47,34,122,233.00,"28,426.00"
2020-08-20,2020082001006992,SHINE,34,34,378,233.00,"88,074.00"
2020-08-20,2020082001006991,SHINE,42,34,"2,000",233.00,"466,000.00"
2020-08-20,2020082001007233,SHIVM,57,45,50,590.00,"29,500.00"
2020-08-20,2020082001007209,SHIVM,19,29,100,589.00,"58,900.00"
2020-08-20,2020082001007080,SHIVM,42,52,100,590.00,"59,000.00"
2020-08-20,2020082001006891,SHIVM,34,16,50,590.00,"29,500.00"
2020-08-20,2020082001007148,SHL,59,41,150,157.00,"23,550.00"
2020-08-20,2020082001007136,SHL,59,46,300,157.00,"47,100.00"
2020-08-20,2020082001007181,SHPC,48,48,705,223.00,"157,215.00"
2020-08-20,2020082001007180,SHPC,36,48,145,223.00,"32,335.00"
2020-08-20,2020082001007179,SHPC,28,48,150,223.00,"33,450.00"
2020-08-20,2020082001007183,SIC,59,14,30,759.00,"22,770.00"
2020-08-20,2020082001007134,SIC,58,45,130,762.00,"99,060.00"
2020-08-20,2020082001006982,SIC,58,1,490,760.00,"372,400.00"
2020-08-20,2020082001006952,SIC,36,1,50,760.00,"38,000.00"
2020-08-20,2020082001006951,SIC,45,1,80,760.00,"60,800.00"
2020-08-20,2020082001006950,SIC,45,1,100,760.00,"76,000.00"
2020-08-20,2020082001006949,SIC,50,1,20,760.00,"15,200.00"
2020-08-20,2020082001006844,SIC,25,1,50,761.00,"38,050.00"
2020-08-20,2020082001006843,SIC,25,1,100,761.00,"76,100.00"
2020-08-20,2020082001007146,SICL,41,43,80,"1,228.00","98,240.00"
2020-08-20,2020082001007112,SICL,49,47,127,"1,226.00","155,702.00"
2020-08-20,2020082001007111,SICL,14,47,13,"1,227.00","15,951.00"
2020-08-20,2020082001007037,SICL,11,43,20,"1,228.00","24,560.00"
2020-08-20,2020082001006969,SIL,33,41,500,630.00,"315,000.00"
2020-08-20,2020082001007171,SJCL,22,41,20,134.00,"2,680.00"
2020-08-20,2020082001006830,SJCL,22,26,10,134.00,"1,340.00"
2020-08-20,2020082001007248,SKBBL,40,14,17,"1,259.00","21,403.00"
2020-08-20,2020082001007247,SKBBL,4,14,50,"1,259.00","62,950.00"
2020-08-20,2020082001007246,SKBBL,42,14,600,"1,259.00","755,400.00"
2020-08-20,2020082001007245,SKBBL,42,14,188,"1,259.00","236,692.00"
2020-08-20,2020082001007244,SKBBL,34,14,66,"1,260.00","83,160.00"
2020-08-20,2020082001006866,SKBBL,34,59,134,"1,260.00","168,840.00"
2020-08-20,2020082001006865,SKBBL,29,59,200,"1,260.00","252,000.00"
2020-08-20,2020082001006864,SKBBL,14,59,50,"1,261.00","63,050.00"
2020-08-20,2020082001006863,SKBBL,41,59,16,"1,261.00","20,176.00"
2020-08-20,2020082001007307,SLBBL,41,5,30,808.00,"24,240.00"
2020-08-20,2020082001007289,SLICL,13,17,50,455.00,"22,750.00"
2020-08-20,2020082001007272,SPARS,21,47,22,855.00,"18,810.00"
2020-08-20,2020082001007108,SRBL,57,45,275,224.00,"61,600.00"
2020-08-20,2020082001007163,SWBBL,55,13,50,"1,185.00","59,250.00"
2020-08-20,2020082001006862,TRH,10,41,40,204.00,"8,160.00"
2020-08-20,2020082001006861,TRH,49,41,100,204.00,"20,400.00"
2020-08-20,2020082001006860,TRH,10,41,180,204.00,"36,720.00"
2020-08-20,2020082001007144,UIC,29,43,120,395.00,"47,400.00"
2020-08-20,2020082001007143,UIC,57,43,30,395.00,"11,850.00"
2020-08-20,2020082001006892,UIC,57,55,100,395.00,"39,500.00"
2020-08-20,2020082001007284,UMHL,19,41,14,100.00,"1,400.00"
2020-08-20,2020082001006917,UPCL,49,17,50,70.00,"3,500.00"
2020-08-20,2020082001006839,UPCL,34,26,50,69.00,"3,450.00"
2020-08-20,2020082001007192,UPPER,6,34,40,220.00,"8,800.00"
2020-08-20,2020082001006953,UPPER,6,46,93,219.00,"20,367.00"
2020-08-20,2020082001007142,VLBS,45,22,17,862.00,"14,654.00"
2020-08-20,2020082001006811,ACLBSL,6,4,193,691.00,"133,363.00"
2020-08-20,2020082001006810,ACLBSL,6,4,67,691.00,"46,297.00"
2020-08-20,2020082001006809,ACLBSL,36,4,20,692.00,"13,840.00"
2020-08-20,2020082001006808,ACLBSL,36,4,20,692.00,"13,840.00"
2020-08-20,2020082001006776,ACLBSL,1,11,10,693.00,"6,930.00"
2020-08-20,2020082001006426,ACLBSL,25,21,10,696.00,"6,960.00"
2020-08-20,2020082001006425,ACLBSL,25,47,32,695.00,"22,240.00"
2020-08-20,2020082001006740,ADBL,53,45,100,410.00,"41,000.00"
2020-08-20,2020082001006609,ADBL,41,33,295,409.00,"120,655.00"
2020-08-20,2020082001006608,ADBL,10,33,100,409.00,"40,900.00"
2020-08-20,2020082001006607,ADBL,49,33,10,409.00,"4,090.00"
2020-08-20,2020082001006606,ADBL,59,33,413,409.00,"168,917.00"
2020-08-20,2020082001006386,ADBL,58,45,300,410.00,"123,000.00"
2020-08-20,2020082001006360,ADBL,16,11,71,409.00,"29,039.00"
2020-08-20,2020082001006359,ADBL,1,11,29,409.00,"11,861.00"
2020-08-20,2020082001006605,ADBL,16,33,429,409.00,"175,461.00"
2020-08-20,2020082001006604,ADBL,55,33,"1,000",410.00,"410,000.00"
2020-08-20,2020082001006822,AIL,51,40,10,478.00,"4,780.00"
2020-08-20,2020082001006820,AIL,51,25,10,478.00,"4,780.00"
2020-08-20,2020082001006812,AIL,51,51,10,478.00,"4,780.00"
2020-08-20,2020082001006790,AIL,51,51,10,478.00,"4,780.00"
2020-08-20,2020082001006783,AIL,52,22,10,478.00,"4,780.00"
2020-08-20,2020082001006782,AIL,34,22,90,478.00,"43,020.00"
2020-08-20,2020082001006331,AIL,22,22,60,480.00,"28,800.00"
2020-08-20,2020082001006328,AIL,22,46,10,480.00,"4,800.00"
2020-08-20,2020082001006421,AIL,50,42,40,479.00,"19,160.00"
2020-08-20,2020082001006365,AIL,50,46,10,479.00,"4,790.00"
2020-08-20,2020082001006362,AIL,50,46,10,479.00,"4,790.00"
2020-08-20,2020082001006345,AIL,50,44,10,479.00,"4,790.00"
2020-08-20,2020082001006338,AIL,50,46,10,479.00,"4,790.00"
2020-08-20,2020082001006334,AIL,50,46,10,479.00,"4,790.00"
2020-08-20,2020082001006518,AIL,47,22,10,480.00,"4,800.00"
2020-08-20,2020082001006506,AIL,45,44,10,479.00,"4,790.00"
2020-08-20,2020082001006504,AIL,45,58,10,479.00,"4,790.00"
2020-08-20,2020082001006488,AIL,45,5,10,479.00,"4,790.00"
2020-08-20,2020082001006483,AIL,45,58,10,479.00,"4,790.00"
2020-08-20,2020082001006422,AIL,36,58,10,479.00,"4,790.00"
2020-08-20,2020082001006754,AIL,34,11,10,478.00,"4,780.00"
2020-08-20,2020082001006643,AIL,17,55,380,479.00,"182,020.00"
2020-08-20,2020082001006642,AIL,17,36,10,479.00,"4,790.00"
2020-08-20,2020082001006641,AIL,17,10,110,479.00,"52,690.00"
2020-08-20,2020082001006575,AIL,45,58,10,479.00,"4,790.00"
2020-08-20,2020082001006563,AIL,45,58,10,479.00,"4,790.00"
2020-08-20,2020082001006795,AKJCL,38,49,10,52.00,520.00
2020-08-20,2020082001006745,AKJCL,38,26,10,52.00,520.00
2020-08-20,2020082001006744,AKJCL,41,26,10,52.00,520.00
2020-08-20,2020082001006634,AKJCL,41,58,20,52.00,"1,040.00"
2020-08-20,2020082001006329,AKJCL,41,49,20,52.00,"1,040.00"
2020-08-20,2020082001006412,AKPL,29,50,71,113.00,"8,023.00"
2020-08-20,2020082001006411,AKPL,46,50,32,113.00,"3,616.00"
2020-08-20,2020082001006407,AKPL,46,58,13,113.00,"1,469.00"
2020-08-20,2020082001006688,ALBSL,4,29,100,646.00,"64,600.00"
2020-08-20,2020082001006743,ALICL,55,6,200,631.00,"126,200.00"
2020-08-20,2020082001006420,API,54,13,490,109.00,"53,410.00"
2020-08-20,2020082001006419,API,40,13,10,109.00,"1,090.00"
2020-08-20,2020082001006560,BBC,45,43,10,"1,624.00","16,240.00"
2020-08-20,2020082001006559,BBC,37,43,20,"1,624.00","32,480.00"
2020-08-20,2020082001006463,BFC,8,41,200,102.00,"20,400.00"
2020-08-20,2020082001006462,BFC,8,14,100,102.00,"10,200.00"
2020-08-20,2020082001006461,BFC,8,38,"1,000",102.00,"102,000.00"
2020-08-20,2020082001006460,BFC,8,26,600,101.00,"60,600.00"
2020-08-20,2020082001006529,BOKL,59,49,15,223.00,"3,345.00"
2020-08-20,2020082001006803,BPCL,11,57,38,357.00,"13,566.00"
2020-08-20,2020082001006755,BPCL,11,26,12,357.00,"4,284.00"
2020-08-20,2020082001006586,BPCL,17,1,200,358.00,"71,600.00"
2020-08-20,2020082001006585,BPCL,25,1,13,358.00,"4,654.00"
2020-08-20,2020082001006584,BPCL,45,1,143,358.00,"51,194.00"
2020-08-20,2020082001006799,CBBL,32,26,30,"1,036.00","31,080.00"
2020-08-20,2020082001006781,CBBL,32,32,140,"1,036.00","145,040.00"
2020-08-20,2020082001006645,CBBL,40,32,10,"1,038.00","10,380.00"
2020-08-20,2020082001006372,CBL,39,41,191,143.00,"27,313.00"
2020-08-20,2020082001006371,CBL,43,41,300,143.00,"42,900.00"
2020-08-20,2020082001006370,CBL,39,41,"1,218",143.00,"174,174.00"
2020-08-20,2020082001006558,CCBL,56,41,100,172.00,"17,200.00"
2020-08-20,2020082001006459,CCBL,39,39,6,171.00,"1,026.00"
2020-08-20,2020082001006675,CHCL,57,45,40,392.00,"15,680.00"
2020-08-20,2020082001006674,CHCL,42,45,10,392.00,"3,920.00"
2020-08-20,2020082001006393,CHCL,57,36,26,392.00,"10,192.00"
2020-08-20,2020082001006762,CIT,58,33,13,"2,880.00","37,440.00"
2020-08-20,2020082001006739,CIT,33,33,170,"2,880.00","489,600.00"
2020-08-20,2020082001006682,CIT,19,33,10,"2,882.00","28,820.00"
2020-08-20,2020082001006583,CIT,36,48,45,"2,880.00","129,600.00"
2020-08-20,2020082001006509,CIT,36,36,55,"2,880.00","158,400.00"
2020-08-20,2020082001006476,CIT,41,48,10,"2,880.00","28,800.00"
2020-08-20,2020082001006374,CIT,28,33,10,"2,882.00","28,820.00"
2020-08-20,2020082001006342,CIT,28,57,10,"2,881.00","28,810.00"
2020-08-20,2020082001006475,CIT,16,48,16,"2,880.00","46,080.00"
2020-08-20,2020082001006474,CIT,57,48,25,"2,880.00","72,000.00"
2020-08-20,2020082001006456,CIT,57,38,19,"2,880.00","54,720.00"
2020-08-20,2020082001006455,CIT,56,38,11,"2,881.00","31,691.00"
2020-08-20,2020082001006454,CIT,25,38,10,"2,881.00","28,810.00"
2020-08-20,2020082001006453,CIT,45,38,10,"2,881.00","28,810.00"
2020-08-20,2020082001006752,CLBSL,41,47,40,669.00,"26,760.00"
2020-08-20,2020082001006731,DDBL,41,14,125,820.00,"102,500.00"
2020-08-20,2020082001006730,DDBL,50,14,25,821.00,"20,525.00"
2020-08-20,2020082001006391,DDBL,33,52,30,824.00,"24,720.00"
2020-08-20,2020082001006793,EBL,44,46,150,710.00,"106,500.00"
2020-08-20,2020082001006773,EBL,53,46,50,710.00,"35,500.00"
2020-08-20,2020082001006772,EBL,52,46,50,710.00,"35,500.00"
2020-08-20,2020082001006771,EBL,45,46,200,710.00,"142,000.00"
2020-08-20,2020082001006613,EBL,51,46,20,713.00,"14,260.00"
2020-08-20,2020082001006388,EDBL,39,17,34,305.00,"10,370.00"
2020-08-20,2020082001006725,EIC,32,57,500,440.00,"220,000.00"
2020-08-20,2020082001006629,EIC,34,48,100,440.00,"44,000.00"
2020-08-20,2020082001006581,EIC,32,21,85,440.00,"37,400.00"
2020-08-20,2020082001006528,EIC,32,57,100,440.00,"44,000.00"
2020-08-20,2020082001006721,FMDBL,14,57,50,520.00,"26,000.00"
2020-08-20,2020082001006527,FMDBL,16,41,84,519.00,"43,596.00"
2020-08-20,2020082001006405,GBBL,39,41,141,232.00,"32,712.00"
2020-08-20,2020082001006343,GBBL,43,14,200,233.00,"46,600.00"
2020-08-20,2020082001006600,GBIME,32,46,350,250.00,"87,500.00"
2020-08-20,2020082001006599,GBIME,42,46,140,250.00,"35,000.00"
2020-08-20,2020082001006598,GBIME,38,46,50,250.00,"12,500.00"
2020-08-20,2020082001006597,GBIME,56,46,500,250.00,"125,000.00"
2020-08-20,2020082001006596,GBIME,34,46,160,251.00,"40,160.00"
2020-08-20,2020082001006569,GBIME,34,52,40,251.00,"10,040.00"
2020-08-20,2020082001006568,GBIME,58,52,10,251.00,"2,510.00"
2020-08-20,2020082001006565,GBLBS,6,22,10,466.00,"4,660.00"
2020-08-20,2020082001006490,GBLBS,45,58,30,464.00,"13,920.00"
2020-08-20,2020082001006823,GHL,26,47,30,56.00,"1,680.00"
2020-08-20,2020082001006770,GILB,34,38,100,"1,155.00","115,500.00"
2020-08-20,2020082001006769,GILB,14,38,100,"1,155.00","115,500.00"
2020-08-20,2020082001006768,GILB,49,38,300,"1,156.00","346,800.00"
2020-08-20,2020082001006707,GILB,43,22,40,"1,157.00","46,280.00"
2020-08-20,2020082001006689,GILB,17,22,10,"1,158.00","11,580.00"
2020-08-20,2020082001006484,GIMES1,52,45,"2,848",8.60,"24,492.80"
