Date,Transact. No.,Symbol,Buyer,Seller,Quantity,Rate,Amount
2021-03-03,2021030305008730,CGH,48,28,10,550.00,"5,500.00"
2021-03-03,2021030305008886,NIFRA,10,10,200,508.00,"101,600.00"
2021-03-03,2021030305008885,NIFRA,10,39,60,508.00,"30,480.00"
2021-03-03,2021030305008884,NIFRA,10,22,50,508.00,"25,400.00"
2021-03-03,2021030305008883,NIFRA,10,18,50,508.00,"25,400.00"
2021-03-03,2021030305008882,NIFRA,39,54,40,509.00,"20,360.00"
2021-03-03,2021030305008881,NIFRA,39,58,10,509.00,"5,090.00"
2021-03-03,2021030305008389,NIFRA,50,14,20,507.00,"10,140.00"
2021-03-03,2021030305008388,NIFRA,6,14,300,508.00,"152,400.00"
2021-03-03,2021030305008387,NIFRA,58,14,250,508.00,"127,000.00"
2021-03-03,2021030305008404,NIFRA,22,34,150,508.00,"76,200.00"
2021-03-03,2021030305008403,NIFRA,22,58,60,508.00,"30,480.00"
2021-03-03,2021030305008393,NIFRA,22,38,50,508.00,"25,400.00"
2021-03-03,2021030305008392,NIFRA,28,48,50,507.00,"25,350.00"
2021-03-03,2021030305008391,NIFRA,41,14,100,507.00,"50,700.00"
2021-03-03,2021030305008390,NIFRA,20,14,380,507.00,"192,660.00"
2021-03-03,2021030305008411,NIFRA,19,49,50,508.00,"25,400.00"
2021-03-03,2021030305008410,NIFRA,22,48,50,508.00,"25,400.00"
2021-03-03,2021030305008408,NIFRA,22,39,30,508.00,"15,240.00"
2021-03-03,2021030305008407,NIFRA,22,42,60,508.00,"30,480.00"
2021-03-03,2021030305008406,NIFRA,22,42,50,508.00,"25,400.00"
2021-03-03,2021030305008405,NIFRA,22,45,50,508.00,"25,400.00"
2021-03-03,2021030305008418,NIFRA,20,48,60,508.00,"30,480.00"
2021-03-03,2021030305008416,NIFRA,20,52,30,508.00,"15,240.00"
2021-03-03,2021030305008415,NIFRA,58,52,10,508.00,"5,080.00"
2021-03-03,2021030305008414,NIFRA,34,52,10,508.00,"5,080.00"
2021-03-03,2021030305008413,NIFRA,34,21,30,508.00,"15,240.00"
2021-03-03,2021030305008412,NIFRA,19,21,20,508.00,"10,160.00"
2021-03-03,2021030305008426,NIFRA,6,45,50,507.00,"25,350.00"
2021-03-03,2021030305008425,NIFRA,28,45,10,507.00,"5,070.00"
2021-03-03,2021030305008423,NIFRA,32,8,10,508.00,"5,080.00"
2021-03-03,2021030305008422,NIFRA,20,8,10,508.00,"5,080.00"
2021-03-03,2021030305008421,NIFRA,39,8,40,508.00,"20,320.00"
2021-03-03,2021030305008420,NIFRA,39,55,60,508.00,"30,480.00"
2021-03-03,2021030305008435,NIFRA,39,16,430,508.00,"218,440.00"
2021-03-03,2021030305008434,NIFRA,39,45,20,508.00,"10,160.00"
2021-03-03,2021030305008433,NIFRA,39,57,50,508.00,"25,400.00"
2021-03-03,2021030305008429,NIFRA,6,44,50,507.00,"25,350.00"
2021-03-03,2021030305008428,NIFRA,6,45,60,507.00,"30,420.00"
2021-03-03,2021030305008427,NIFRA,6,21,50,507.00,"25,350.00"
2021-03-03,2021030305008443,NIFRA,49,48,20,507.00,"10,140.00"
2021-03-03,2021030305008441,NIFRA,49,35,40,507.00,"20,280.00"
2021-03-03,2021030305008440,NIFRA,28,35,10,508.00,"5,080.00"
2021-03-03,2021030305008438,NIFRA,49,38,60,507.00,"30,420.00"
2021-03-03,2021030305008437,NIFRA,49,16,280,507.00,"141,960.00"
2021-03-03,2021030305008436,NIFRA,6,16,290,507.00,"147,030.00"
2021-03-03,2021030305008449,NIFRA,14,49,280,509.00,"142,520.00"
2021-03-03,2021030305008448,NIFRA,14,29,50,509.00,"25,450.00"
2021-03-03,2021030305008447,NIFRA,14,8,50,509.00,"25,450.00"
2021-03-03,2021030305008446,NIFRA,14,8,50,509.00,"25,450.00"
2021-03-03,2021030305008445,NIFRA,14,28,20,509.00,"10,180.00"
2021-03-03,2021030305008444,NIFRA,58,48,40,507.00,"20,280.00"
2021-03-03,2021030305008458,NIFRA,10,45,80,507.00,"40,560.00"
2021-03-03,2021030305008454,NIFRA,10,48,20,507.00,"10,140.00"
2021-03-03,2021030305008453,NIFRA,58,48,30,507.00,"15,210.00"
2021-03-03,2021030305008452,NIFRA,58,45,30,507.00,"15,210.00"
2021-03-03,2021030305008451,NIFRA,53,45,30,508.00,"15,240.00"
2021-03-03,2021030305008450,NIFRA,53,58,20,508.00,"10,160.00"
2021-03-03,2021030305008464,NIFRA,57,45,50,507.00,"25,350.00"
2021-03-03,2021030305008463,NIFRA,42,45,100,507.00,"50,700.00"
2021-03-03,2021030305008462,NIFRA,42,45,25,507.00,"12,675.00"
2021-03-03,2021030305008461,NIFRA,17,45,10,507.00,"5,070.00"
2021-03-03,2021030305008460,NIFRA,13,45,200,507.00,"101,400.00"
2021-03-03,2021030305008459,NIFRA,38,45,500,507.00,"253,500.00"
2021-03-03,2021030305008470,NIFRA,34,45,100,507.00,"50,700.00"
2021-03-03,2021030305008469,NIFRA,59,45,100,507.00,"50,700.00"
2021-03-03,2021030305008468,NIFRA,44,45,75,507.00,"38,025.00"
2021-03-03,2021030305008467,NIFRA,58,45,50,507.00,"25,350.00"
2021-03-03,2021030305008466,NIFRA,40,45,50,507.00,"25,350.00"
2021-03-03,2021030305008465,NIFRA,43,45,200,507.00,"101,400.00"
2021-03-03,2021030305008476,NIFRA,1,35,60,507.00,"30,420.00"
2021-03-03,2021030305008475,NIFRA,16,45,975,506.00,"493,350.00"
2021-03-03,2021030305008474,NIFRA,32,45,80,506.00,"40,480.00"
2021-03-03,2021030305008473,NIFRA,54,45,100,506.00,"50,600.00"
2021-03-03,2021030305008472,NIFRA,19,45,105,506.00,"53,130.00"
2021-03-03,2021030305008471,NIFRA,39,45,200,506.00,"101,200.00"
2021-03-03,2021030305008484,NIFRA,51,34,30,508.00,"15,240.00"
2021-03-03,2021030305008483,NIFRA,51,8,10,508.00,"5,080.00"
2021-03-03,2021030305008482,NIFRA,42,8,40,508.00,"20,320.00"
2021-03-03,2021030305008481,NIFRA,36,49,30,509.00,"15,270.00"
2021-03-03,2021030305008480,NIFRA,42,49,50,508.00,"25,400.00"
2021-03-03,2021030305008477,NIFRA,42,57,10,508.00,"5,080.00"
2021-03-03,2021030305008500,NIFRA,45,55,50,508.00,"25,400.00"
2021-03-03,2021030305008499,NIFRA,45,34,30,508.00,"15,240.00"
2021-03-03,2021030305008488,NIFRA,1,41,30,507.00,"15,210.00"
2021-03-03,2021030305008487,NIFRA,1,41,20,507.00,"10,140.00"
2021-03-03,2021030305008486,NIFRA,1,49,60,507.00,"30,420.00"
2021-03-03,2021030305008485,NIFRA,1,59,60,507.00,"30,420.00"
2021-03-03,2021030305008507,NIFRA,1,58,60,507.00,"30,420.00"
2021-03-03,2021030305008505,NIFRA,1,49,50,507.00,"25,350.00"
2021-03-03,2021030305008504,NIFRA,45,22,40,508.00,"20,320.00"
2021-03-03,2021030305008503,NIFRA,45,11,50,508.00,"25,400.00"
2021-03-03,2021030305008502,NIFRA,45,42,60,508.00,"30,480.00"
2021-03-03,2021030305008501,NIFRA,45,39,50,508.00,"25,400.00"
2021-03-03,2021030305008514,NIFRA,48,48,15,507.00,"7,605.00"
2021-03-03,2021030305008513,NIFRA,1,48,35,507.00,"17,745.00"
2021-03-03,2021030305008512,NIFRA,1,49,50,507.00,"25,350.00"
2021-03-03,2021030305008511,NIFRA,1,21,25,507.00,"12,675.00"
2021-03-03,2021030305008509,NIFRA,43,22,60,508.00,"30,480.00"
2021-03-03,2021030305008508,NIFRA,1,41,50,507.00,"25,350.00"
2021-03-03,2021030305008520,NIFRA,50,44,100,507.00,"50,700.00"
2021-03-03,2021030305008519,NIFRA,54,22,15,508.00,"7,620.00"
2021-03-03,2021030305008518,NIFRA,6,22,50,508.00,"25,400.00"
2021-03-03,2021030305008517,NIFRA,50,43,50,507.00,"25,350.00"
2021-03-03,2021030305008516,NIFRA,50,56,60,507.00,"30,420.00"
2021-03-03,2021030305008515,NIFRA,48,41,50,507.00,"25,350.00"
2021-03-03,2021030305008527,NIFRA,50,14,60,507.00,"30,420.00"
2021-03-03,2021030305008525,NIFRA,50,58,50,507.00,"25,350.00"
2021-03-03,2021030305008524,NIFRA,50,52,40,507.00,"20,280.00"
2021-03-03,2021030305008523,NIFRA,50,45,50,507.00,"25,350.00"
2021-03-03,2021030305008522,NIFRA,57,22,50,508.00,"25,400.00"
2021-03-03,2021030305008521,NIFRA,50,45,60,507.00,"30,420.00"
2021-03-03,2021030305008534,NIFRA,38,22,100,508.00,"50,800.00"
2021-03-03,2021030305008533,NIFRA,11,10,30,507.00,"15,210.00"
2021-03-03,2021030305008532,NIFRA,48,10,30,507.00,"15,210.00"
2021-03-03,2021030305008531,NIFRA,48,58,50,507.00,"25,350.00"
2021-03-03,2021030305008530,NIFRA,48,49,20,507.00,"10,140.00"
2021-03-03,2021030305008529,NIFRA,50,49,30,507.00,"15,210.00"
2021-03-03,2021030305008540,NIFRA,56,22,100,508.00,"50,800.00"
2021-03-03,2021030305008539,NIFRA,47,8,330,507.00,"167,310.00"
2021-03-03,2021030305008538,NIFRA,41,8,120,507.00,"60,840.00"
2021-03-03,2021030305008537,NIFRA,42,8,150,507.00,"76,050.00"
2021-03-03,2021030305008536,NIFRA,21,8,30,507.00,"15,210.00"
2021-03-03,2021030305008535,NIFRA,22,8,10,507.00,"5,070.00"
2021-03-03,2021030305008546,NIFRA,8,38,30,508.00,"15,240.00"
2021-03-03,2021030305008545,NIFRA,8,22,35,508.00,"17,780.00"
2021-03-03,2021030305008544,NIFRA,49,22,50,508.00,"25,400.00"
2021-03-03,2021030305008543,NIFRA,47,22,50,507.00,"25,350.00"
2021-03-03,2021030305008542,NIFRA,47,8,60,507.00,"30,420.00"
2021-03-03,2021030305008541,NIFRA,47,21,60,507.00,"30,420.00"
2021-03-03,2021030305008553,NIFRA,47,55,40,507.00,"20,280.00"
2021-03-03,2021030305008552,NIFRA,47,41,50,507.00,"25,350.00"
2021-03-03,2021030305008551,NIFRA,47,58,50,507.00,"25,350.00"
2021-03-03,2021030305008550,NIFRA,47,58,60,507.00,"30,420.00"
2021-03-03,2021030305008548,NIFRA,47,43,50,507.00,"25,350.00"
2021-03-03,2021030305008547,NIFRA,8,42,35,508.00,"17,780.00"
2021-03-03,2021030305008559,NIFRA,44,55,25,508.00,"12,700.00"
2021-03-03,2021030305008558,NIFRA,44,42,25,508.00,"12,700.00"
2021-03-03,2021030305008557,NIFRA,47,47,50,507.00,"25,350.00"
2021-03-03,2021030305008556,NIFRA,47,34,60,507.00,"30,420.00"
2021-03-03,2021030305008555,NIFRA,47,47,50,507.00,"25,350.00"
2021-03-03,2021030305008554,NIFRA,47,6,60,507.00,"30,420.00"
2021-03-03,2021030305008566,NIFRA,47,50,20,507.00,"10,140.00"
2021-03-03,2021030305008565,NIFRA,47,47,50,507.00,"25,350.00"
2021-03-03,2021030305008563,NIFRA,47,55,40,507.00,"20,280.00"
2021-03-03,2021030305008562,NIFRA,47,47,50,507.00,"25,350.00"
2021-03-03,2021030305008561,NIFRA,47,41,50,507.00,"25,350.00"
2021-03-03,2021030305008560,NIFRA,47,46,50,507.00,"25,350.00"
2021-03-03,2021030305008572,NIFRA,58,33,15,508.00,"7,620.00"
2021-03-03,2021030305008571,NIFRA,58,55,25,508.00,"12,700.00"
2021-03-03,2021030305008570,NIFRA,47,47,60,507.00,"30,420.00"
2021-03-03,2021030305008569,NIFRA,47,36,60,507.00,"30,420.00"
2021-03-03,2021030305008568,NIFRA,47,34,60,507.00,"30,420.00"
2021-03-03,2021030305008567,NIFRA,47,6,50,507.00,"25,350.00"
2021-03-03,2021030305008579,NIFRA,14,58,60,508.00,"30,480.00"
2021-03-03,2021030305008578,NIFRA,14,33,35,508.00,"17,780.00"
2021-03-03,2021030305008576,NIFRA,47,34,50,507.00,"25,350.00"
2021-03-03,2021030305008575,NIFRA,47,6,50,507.00,"25,350.00"
2021-03-03,2021030305008574,NIFRA,47,8,50,507.00,"25,350.00"
2021-03-03,2021030305008573,NIFRA,47,58,10,507.00,"5,070.00"
2021-03-03,2021030305008585,NIFRA,47,35,60,507.00,"30,420.00"
2021-03-03,2021030305008584,NIFRA,47,47,60,507.00,"30,420.00"
2021-03-03,2021030305008583,NIFRA,21,35,20,508.00,"10,160.00"
2021-03-03,2021030305008582,NIFRA,14,35,15,508.00,"7,620.00"
2021-03-03,2021030305008581,NIFRA,14,49,40,508.00,"20,320.00"
2021-03-03,2021030305008580,NIFRA,14,21,50,508.00,"25,400.00"
2021-03-03,2021030305008593,NIFRA,47,21,40,507.00,"20,280.00"
2021-03-03,2021030305008591,NIFRA,47,34,60,507.00,"30,420.00"
2021-03-03,2021030305008590,NIFRA,47,58,50,507.00,"25,350.00"
2021-03-03,2021030305008589,NIFRA,47,55,50,507.00,"25,350.00"
2021-03-03,2021030305008588,NIFRA,47,44,50,507.00,"25,350.00"
2021-03-03,2021030305008587,NIFRA,47,58,10,507.00,"5,070.00"
2021-03-03,2021030305008600,NIFRA,47,36,20,507.00,"10,140.00"
2021-03-03,2021030305008599,NIFRA,10,36,30,507.00,"15,210.00"
2021-03-03,2021030305008597,NIFRA,11,38,35,508.00,"17,780.00"
2021-03-03,2021030305008596,NIFRA,11,35,15,508.00,"7,620.00"
2021-03-03,2021030305008595,NIFRA,10,4,50,507.00,"25,350.00"
2021-03-03,2021030305008594,NIFRA,10,21,20,507.00,"10,140.00"
2021-03-03,2021030305008607,NIFRA,37,42,60,508.00,"30,480.00"
2021-03-03,2021030305008606,NIFRA,37,59,250,508.00,"127,000.00"
2021-03-03,2021030305008605,NIFRA,37,52,50,508.00,"25,400.00"
2021-03-03,2021030305008604,NIFRA,37,38,50,508.00,"25,400.00"
2021-03-03,2021030305008603,NIFRA,37,46,30,508.00,"15,240.00"
2021-03-03,2021030305008602,NIFRA,37,38,15,508.00,"7,620.00"
2021-03-03,2021030305008613,NIFRA,56,52,40,508.00,"20,320.00"
2021-03-03,2021030305008612,NIFRA,56,14,40,508.00,"20,320.00"
2021-03-03,2021030305008611,NIFRA,57,14,60,508.00,"30,480.00"
2021-03-03,2021030305008610,NIFRA,57,1,25,508.00,"12,700.00"
2021-03-03,2021030305008609,NIFRA,57,55,15,508.00,"7,620.00"
2021-03-03,2021030305008608,NIFRA,37,55,45,508.00,"22,860.00"
2021-03-03,2021030305008619,NIFRA,35,48,10,507.00,"5,070.00"
2021-03-03,2021030305008618,NIFRA,38,48,50,507.00,"25,350.00"
2021-03-03,2021030305008617,NIFRA,47,48,50,507.00,"25,350.00"
2021-03-03,2021030305008616,NIFRA,32,48,50,507.00,"25,350.00"
2021-03-03,2021030305008615,NIFRA,47,48,30,507.00,"15,210.00"
2021-03-03,2021030305008614,NIFRA,56,58,20,508.00,"10,160.00"
2021-03-03,2021030305008627,NIFRA,29,58,30,508.00,"15,240.00"
2021-03-03,2021030305008626,NIFRA,38,34,60,507.00,"30,420.00"
2021-03-03,2021030305008624,NIFRA,38,54,30,507.00,"15,210.00"
2021-03-03,2021030305008623,NIFRA,6,54,20,507.00,"10,140.00"
2021-03-03,2021030305008621,NIFRA,6,48,280,507.00,"141,960.00"
2021-03-03,2021030305008620,NIFRA,44,48,30,507.00,"15,210.00"
2021-03-03,2021030305008633,NIFRA,38,36,10,507.00,"5,070.00"
2021-03-03,2021030305008632,NIFRA,38,18,50,507.00,"25,350.00"
2021-03-03,2021030305008631,NIFRA,29,41,252,508.00,"128,016.00"
2021-03-03,2021030305008630,NIFRA,29,42,18,508.00,"9,144.00"
2021-03-03,2021030305008629,NIFRA,29,38,50,508.00,"25,400.00"
2021-03-03,2021030305008628,NIFRA,29,28,150,508.00,"76,200.00"
2021-03-03,2021030305008640,NIFRA,38,45,10,507.00,"5,070.00"
2021-03-03,2021030305008639,NIFRA,22,41,10,508.00,"5,080.00"
2021-03-03,2021030305008637,NIFRA,8,41,20,508.00,"10,160.00"
2021-03-03,2021030305008636,NIFRA,38,43,50,507.00,"25,350.00"
2021-03-03,2021030305008635,NIFRA,45,41,50,508.00,"25,400.00"
2021-03-03,2021030305008634,NIFRA,38,36,40,507.00,"20,280.00"
2021-03-03,2021030305008646,NIFRA,25,41,20,508.00,"10,160.00"
2021-03-03,2021030305008645,NIFRA,49,49,300,507.00,"152,100.00"
2021-03-03,2021030305008644,NIFRA,8,49,40,507.00,"20,280.00"
2021-03-03,2021030305008643,NIFRA,8,8,50,507.00,"25,350.00"
2021-03-03,2021030305008642,NIFRA,8,45,10,507.00,"5,070.00"
2021-03-03,2021030305008641,NIFRA,21,45,30,507.00,"15,210.00"
2021-03-03,2021030305008653,NIFRA,21,18,40,507.00,"20,280.00"
2021-03-03,2021030305008652,NIFRA,22,18,10,507.00,"5,070.00"
2021-03-03,2021030305008651,NIFRA,22,4,10,507.00,"5,070.00"
2021-03-03,2021030305008650,NIFRA,49,4,40,507.00,"20,280.00"
2021-03-03,2021030305008648,NIFRA,6,41,50,508.00,"25,400.00"
2021-03-03,2021030305008647,NIFRA,49,36,60,507.00,"30,420.00"
2021-03-03,2021030305008659,NIFRA,6,59,60,508.00,"30,480.00"
2021-03-03,2021030305008658,NIFRA,6,41,98,508.00,"49,784.00"
2021-03-03,2021030305008657,NIFRA,40,45,20,507.00,"10,140.00"
2021-03-03,2021030305008656,NIFRA,56,45,20,507.00,"10,140.00"
2021-03-03,2021030305008655,NIFRA,14,45,10,507.00,"5,070.00"
2021-03-03,2021030305008654,NIFRA,21,34,60,507.00,"30,420.00"
2021-03-03,2021030305008665,NIFRA,6,58,50,508.00,"25,400.00"
2021-03-03,2021030305008664,NIFRA,6,35,10,508.00,"5,080.00"
2021-03-03,2021030305008663,NIFRA,6,49,50,508.00,"25,400.00"
2021-03-03,2021030305008662,NIFRA,6,45,60,508.00,"30,480.00"
2021-03-03,2021030305008661,NIFRA,6,35,50,508.00,"25,400.00"
2021-03-03,2021030305008660,NIFRA,6,11,50,508.00,"25,400.00"
2021-03-03,2021030305008671,NIFRA,36,48,40,509.00,"20,360.00"
2021-03-03,2021030305008670,NIFRA,6,1,50,508.00,"25,400.00"
2021-03-03,2021030305008669,NIFRA,6,52,50,508.00,"25,400.00"
2021-03-03,2021030305008668,NIFRA,6,6,10,508.00,"5,080.00"
2021-03-03,2021030305008667,NIFRA,6,58,50,508.00,"25,400.00"
2021-03-03,2021030305008666,NIFRA,6,47,50,508.00,"25,400.00"
2021-03-03,2021030305008677,NIFRA,6,13,40,508.00,"20,320.00"
2021-03-03,2021030305008676,NIFRA,6,32,10,508.00,"5,080.00"
2021-03-03,2021030305008675,NIFRA,41,19,40,509.00,"20,360.00"
2021-03-03,2021030305008674,NIFRA,41,48,10,509.00,"5,090.00"
2021-03-03,2021030305008673,NIFRA,6,34,60,508.00,"30,480.00"
2021-03-03,2021030305008672,NIFRA,6,58,50,508.00,"25,400.00"
2021-03-03,2021030305008684,NIFRA,43,44,40,509.00,"20,360.00"
2021-03-03,2021030305008683,NIFRA,43,19,20,509.00,"10,180.00"
2021-03-03,2021030305008682,NIFRA,6,36,60,508.00,"30,480.00"
2021-03-03,2021030305008680,NIFRA,42,8,5,508.00,"2,540.00"
2021-03-03,2021030305008679,NIFRA,6,42,960,508.00,"487,680.00"
2021-03-03,2021030305008678,NIFRA,6,45,850,508.00,"431,800.00"
2021-03-03,2021030305008690,NIFRA,43,14,200,508.00,"101,600.00"
2021-03-03,2021030305008689,NIFRA,42,14,44,508.00,"22,352.00"
2021-03-03,2021030305008688,NIFRA,42,34,60,508.00,"30,480.00"
2021-03-03,2021030305008687,NIFRA,42,43,50,508.00,"25,400.00"
2021-03-03,2021030305008686,NIFRA,42,14,38,508.00,"19,304.00"
2021-03-03,2021030305008685,NIFRA,6,14,332,508.00,"168,656.00"
2021-03-03,2021030305008696,NIFRA,32,44,10,509.00,"5,090.00"
2021-03-03,2021030305008695,NIFRA,38,55,10,508.00,"5,080.00"
2021-03-03,2021030305008694,NIFRA,39,14,50,508.00,"25,400.00"
2021-03-03,2021030305008693,NIFRA,58,14,50,508.00,"25,400.00"
2021-03-03,2021030305008692,NIFRA,50,14,50,508.00,"25,400.00"
2021-03-03,2021030305008691,NIFRA,39,14,100,508.00,"50,800.00"
2021-03-03,2021030305008703,NIFRA,46,22,20,507.00,"10,140.00"
2021-03-03,2021030305008702,NIFRA,40,22,30,507.00,"15,210.00"
2021-03-03,2021030305008700,NIFRA,38,41,30,508.00,"15,240.00"
2021-03-03,2021030305008699,NIFRA,38,34,60,508.00,"30,480.00"
2021-03-03,2021030305008698,NIFRA,32,29,40,509.00,"20,360.00"
2021-03-03,2021030305008697,NIFRA,32,49,50,509.00,"25,450.00"
2021-03-03,2021030305008710,NIFRA,56,58,60,508.00,"30,480.00"
2021-03-03,2021030305008708,NIFRA,56,8,50,508.00,"25,400.00"
2021-03-03,2021030305008707,NIFRA,56,58,50,508.00,"25,400.00"
2021-03-03,2021030305008706,NIFRA,56,28,60,508.00,"30,480.00"
2021-03-03,2021030305008705,NIFRA,56,47,60,508.00,"30,480.00"
2021-03-03,2021030305008704,NIFRA,38,41,25,508.00,"12,700.00"
2021-03-03,2021030305008716,NIFRA,42,45,50,508.00,"25,400.00"
2021-03-03,2021030305008715,NIFRA,56,45,10,508.00,"5,080.00"
2021-03-03,2021030305008714,NIFRA,56,21,60,508.00,"30,480.00"
2021-03-03,2021030305008713,NIFRA,56,26,30,508.00,"15,240.00"
2021-03-03,2021030305008712,NIFRA,56,58,60,508.00,"30,480.00"
2021-03-03,2021030305008711,NIFRA,56,4,60,508.00,"30,480.00"
2021-03-03,2021030305008722,NIFRA,56,34,60,508.00,"30,480.00"
2021-03-03,2021030305008721,NIFRA,56,50,60,508.00,"30,480.00"
2021-03-03,2021030305008720,NIFRA,56,1,12,508.00,"6,096.00"
2021-03-03,2021030305008719,NIFRA,42,1,48,508.00,"24,384.00"
2021-03-03,2021030305008718,NIFRA,49,42,40,509.00,"20,360.00"
2021-03-03,2021030305008717,NIFRA,49,29,20,509.00,"10,180.00"
2021-03-03,2021030305008729,NIFRA,56,58,60,508.00,"30,480.00"
2021-03-03,2021030305008728,NIFRA,56,35,60,508.00,"30,480.00"
2021-03-03,2021030305008727,NIFRA,56,18,50,508.00,"25,400.00"
2021-03-03,2021030305008726,NIFRA,56,39,30,508.00,"15,240.00"
2021-03-03,2021030305008724,NIFRA,56,58,50,508.00,"25,400.00"
2021-03-03,2021030305008723,NIFRA,56,13,50,508.00,"25,400.00"
2021-03-03,2021030305008736,NIFRA,56,4,60,508.00,"30,480.00"
2021-03-03,2021030305008735,NIFRA,56,34,50,508.00,"25,400.00"
2021-03-03,2021030305008734,NIFRA,56,18,50,508.00,"25,400.00"
2021-03-03,2021030305008733,NIFRA,56,58,10,508.00,"5,080.00"
2021-03-03,2021030305008732,NIFRA,56,47,50,508.00,"25,400.00"
2021-03-03,2021030305008731,NIFRA,56,43,50,508.00,"25,400.00"
2021-03-03,2021030305008744,NIFRA,11,17,40,508.00,"20,320.00"
2021-03-03,2021030305008743,NIFRA,4,17,10,508.00,"5,080.00"
2021-03-03,2021030305008742,NIFRA,56,42,160,508.00,"81,280.00"
2021-03-03,2021030305008741,NIFRA,56,58,50,508.00,"25,400.00"
2021-03-03,2021030305008738,NIFRA,56,34,50,508.00,"25,400.00"
2021-03-03,2021030305008737,NIFRA,56,57,30,508.00,"15,240.00"
2021-03-03,2021030305008751,NIFRA,56,38,50,509.00,"25,450.00"
2021-03-03,2021030305008750,NIFRA,56,45,50,509.00,"25,450.00"
2021-03-03,2021030305008749,NIFRA,56,42,10,509.00,"5,090.00"
2021-03-03,2021030305008748,NIFRA,56,56,605,508.00,"307,340.00"
2021-03-03,2021030305008747,NIFRA,58,56,40,508.00,"20,320.00"
2021-03-03,2021030305008745,NIFRA,11,56,30,508.00,"15,240.00"
2021-03-03,2021030305008757,NIFRA,56,41,50,509.00,"25,450.00"
2021-03-03,2021030305008756,NIFRA,56,53,50,509.00,"25,450.00"
2021-03-03,2021030305008755,NIFRA,56,42,50,509.00,"25,450.00"
2021-03-03,2021030305008754,NIFRA,56,38,14,509.00,"7,126.00"
2021-03-03,2021030305008753,NIFRA,56,7,50,509.00,"25,450.00"
2021-03-03,2021030305008752,NIFRA,56,32,50,509.00,"25,450.00"
2021-03-03,2021030305008763,NIFRA,56,49,20,509.00,"10,180.00"
2021-03-03,2021030305008762,NIFRA,56,56,10,509.00,"5,090.00"
2021-03-03,2021030305008761,NIFRA,56,53,50,509.00,"25,450.00"
2021-03-03,2021030305008760,NIFRA,56,29,50,509.00,"25,450.00"
2021-03-03,2021030305008759,NIFRA,56,35,50,509.00,"25,450.00"
2021-03-03,2021030305008758,NIFRA,56,51,200,509.00,"101,800.00"
2021-03-03,2021030305008769,NIFRA,56,5,100,509.00,"50,900.00"
2021-03-03,2021030305008768,NIFRA,56,35,50,509.00,"25,450.00"
2021-03-03,2021030305008767,NIFRA,56,14,60,509.00,"30,540.00"
2021-03-03,2021030305008766,NIFRA,56,14,50,509.00,"25,450.00"
2021-03-03,2021030305008765,NIFRA,56,49,50,509.00,"25,450.00"
2021-03-03,2021030305008764,NIFRA,56,38,50,509.00,"25,450.00"
2021-03-03,2021030305008776,NIFRA,11,48,100,507.00,"50,700.00"
2021-03-03,2021030305008775,NIFRA,46,48,80,507.00,"40,560.00"
2021-03-03,2021030305008774,NIFRA,34,48,50,509.00,"25,450.00"
2021-03-03,2021030305008773,NIFRA,56,48,181,509.00,"92,129.00"
2021-03-03,2021030305008772,NIFRA,56,34,50,509.00,"25,450.00"
2021-03-03,2021030305008771,NIFRA,56,38,50,509.00,"25,450.00"
2021-03-03,2021030305008782,NIFRA,32,48,50,507.00,"25,350.00"
2021-03-03,2021030305008781,NIFRA,21,48,60,507.00,"30,420.00"
2021-03-03,2021030305008780,NIFRA,6,48,50,507.00,"25,350.00"
2021-03-03,2021030305008779,NIFRA,54,48,50,507.00,"25,350.00"
2021-03-03,2021030305008778,NIFRA,34,48,20,507.00,"10,140.00"
2021-03-03,2021030305008777,NIFRA,1,48,200,507.00,"101,400.00"
2021-03-03,2021030305008788,NIFRA,46,48,55,507.00,"27,885.00"
2021-03-03,2021030305008787,NIFRA,26,48,50,507.00,"25,350.00"
2021-03-03,2021030305008786,NIFRA,48,48,20,507.00,"10,140.00"
2021-03-03,2021030305008785,NIFRA,34,48,50,507.00,"25,350.00"
2021-03-03,2021030305008784,NIFRA,38,48,190,507.00,"96,330.00"
2021-03-03,2021030305008783,NIFRA,32,48,500,507.00,"253,500.00"
2021-03-03,2021030305008794,NIFRA,41,47,40,508.00,"20,320.00"
2021-03-03,2021030305008793,NIFRA,16,48,41,506.00,"20,746.00"
2021-03-03,2021030305008792,NIFRA,16,48,25,506.00,"12,650.00"
2021-03-03,2021030305008791,NIFRA,41,48,50,507.00,"25,350.00"
2021-03-03,2021030305008790,NIFRA,51,48,100,507.00,"50,700.00"
2021-03-03,2021030305008789,NIFRA,21,48,78,507.00,"39,546.00"
2021-03-03,2021030305008801,NIFRA,14,42,560,510.00,"285,600.00"
2021-03-03,2021030305008800,NIFRA,14,57,50,510.00,"25,500.00"
2021-03-03,2021030305008799,NIFRA,14,11,50,510.00,"25,500.00"
2021-03-03,2021030305008798,NIFRA,14,52,40,510.00,"20,400.00"
2021-03-03,2021030305008797,NIFRA,41,53,60,509.00,"30,540.00"
2021-03-03,2021030305008796,NIFRA,41,8,60,509.00,"30,540.00"
2021-03-03,2021030305008808,NIFRA,4,46,10,509.00,"5,090.00"
2021-03-03,2021030305008806,NIFRA,48,41,5,508.00,"2,540.00"
2021-03-03,2021030305008805,NIFRA,6,42,30,510.00,"15,300.00"
2021-03-03,2021030305008804,NIFRA,6,34,20,509.00,"10,180.00"
2021-03-03,2021030305008803,NIFRA,6,21,50,508.00,"25,400.00"
2021-03-03,2021030305008802,NIFRA,41,34,40,509.00,"20,360.00"
2021-03-03,2021030305008816,NIFRA,17,46,20,509.00,"10,180.00"
2021-03-03,2021030305008814,NIFRA,1,1,50,508.00,"25,400.00"
2021-03-03,2021030305008813,NIFRA,39,46,10,509.00,"5,090.00"
2021-03-03,2021030305008812,NIFRA,35,46,10,509.00,"5,090.00"
2021-03-03,2021030305008811,NIFRA,1,18,50,508.00,"25,400.00"
2021-03-03,2021030305008809,NIFRA,1,47,50,508.00,"25,400.00"
2021-03-03,2021030305008823,NIFRA,1,45,200,508.00,"101,600.00"
2021-03-03,2021030305008821,NIFRA,49,42,30,510.00,"15,300.00"
2021-03-03,2021030305008820,NIFRA,49,38,10,509.00,"5,090.00"
2021-03-03,2021030305008819,NIFRA,17,38,20,509.00,"10,180.00"
2021-03-03,2021030305008818,NIFRA,17,53,60,509.00,"30,540.00"
2021-03-03,2021030305008817,NIFRA,17,45,100,509.00,"50,900.00"
2021-03-03,2021030305008829,NIFRA,1,22,20,508.00,"10,160.00"
2021-03-03,2021030305008828,NIFRA,1,34,60,508.00,"30,480.00"
2021-03-03,2021030305008827,NIFRA,1,38,50,508.00,"25,400.00"
2021-03-03,2021030305008826,NIFRA,21,20,50,509.00,"25,450.00"
2021-03-03,2021030305008825,NIFRA,21,34,50,509.00,"25,450.00"
2021-03-03,2021030305008824,NIFRA,1,13,20,508.00,"10,160.00"
2021-03-03,2021030305008835,NIFRA,38,47,10,508.00,"5,080.00"
2021-03-03,2021030305008834,NIFRA,38,57,60,508.00,"30,480.00"
2021-03-03,2021030305008833,NIFRA,11,42,680,510.00,"346,800.00"
2021-03-03,2021030305008832,NIFRA,11,39,60,509.00,"30,540.00"
2021-03-03,2021030305008831,NIFRA,11,56,60,509.00,"30,540.00"
2021-03-03,2021030305008830,NIFRA,38,22,30,508.00,"15,240.00"
2021-03-03,2021030305008841,NIFRA,1,53,50,508.00,"25,400.00"
2021-03-03,2021030305008840,NIFRA,1,8,50,508.00,"25,400.00"
2021-03-03,2021030305008839,NIFRA,1,34,50,508.00,"25,400.00"
2021-03-03,2021030305008838,NIFRA,1,35,50,508.00,"25,400.00"
2021-03-03,2021030305008837,NIFRA,1,34,60,508.00,"30,480.00"
2021-03-03,2021030305008836,NIFRA,1,47,50,508.00,"25,400.00"
2021-03-03,2021030305008849,NIFRA,45,44,20,508.00,"10,160.00"
2021-03-03,2021030305008848,NIFRA,1,44,30,508.00,"15,240.00"
2021-03-03,2021030305008846,NIFRA,1,4,50,508.00,"25,400.00"
2021-03-03,2021030305008845,NIFRA,45,37,500,509.00,"254,500.00"
2021-03-03,2021030305008844,NIFRA,1,45,60,508.00,"30,480.00"
2021-03-03,2021030305008842,NIFRA,1,26,50,508.00,"25,400.00"
2021-03-03,2021030305008856,NIFRA,58,57,25,508.00,"12,700.00"
2021-03-03,2021030305008855,NIFRA,40,57,60,508.00,"30,480.00"
2021-03-03,2021030305008854,NIFRA,17,57,30,508.00,"15,240.00"
2021-03-03,2021030305008853,NIFRA,36,57,50,508.00,"25,400.00"
2021-03-03,2021030305008852,NIFRA,58,57,105,508.00,"53,340.00"
2021-03-03,2021030305008851,NIFRA,45,57,80,508.00,"40,640.00"
2021-03-03,2021030305008862,NIFRA,10,58,30,508.00,"15,240.00"
2021-03-03,2021030305008861,NIFRA,48,58,20,509.00,"10,180.00"
2021-03-03,2021030305008860,NIFRA,48,53,20,509.00,"10,180.00"
2021-03-03,2021030305008859,NIFRA,10,21,40,508.00,"20,320.00"
2021-03-03,2021030305008858,NIFRA,10,18,50,508.00,"25,400.00"
2021-03-03,2021030305008857,NIFRA,10,57,650,508.00,"330,200.00"
2021-03-03,2021030305008873,NIFRA,47,42,100,510.00,"51,000.00"
2021-03-03,2021030305008872,NIFRA,32,45,10,509.00,"5,090.00"
2021-03-03,2021030305008867,NIFRA,10,53,50,508.00,"25,400.00"
2021-03-03,2021030305008866,NIFRA,45,45,50,509.00,"25,450.00"
2021-03-03,2021030305008865,NIFRA,45,36,50,509.00,"25,450.00"
2021-03-03,2021030305008864,NIFRA,28,42,200,510.00,"102,000.00"
2021-03-03,2021030305008880,NIFRA,10,36,60,508.00,"30,480.00"
2021-03-03,2021030305008879,NIFRA,50,58,40,509.00,"20,360.00"
2021-03-03,2021030305008877,NIFRA,10,18,50,508.00,"25,400.00"
2021-03-03,2021030305008876,NIFRA,10,38,60,508.00,"30,480.00"
2021-03-03,2021030305008875,NIFRA,10,34,10,508.00,"5,080.00"
2021-03-03,2021030305008874,NIFRA,32,34,40,509.00,"20,360.00"
2021-03-03,2021030305008878,PLI,35,44,10,748.00,"7,480.00"
2021-03-03,2021030305008871,PLI,35,58,10,748.00,"7,480.00"
2021-03-03,2021030305008870,PLI,35,48,10,747.00,"7,470.00"
2021-03-03,2021030305008869,PLI,35,13,10,747.00,"7,470.00"
2021-03-03,2021030305008868,PLI,35,32,60,747.00,"44,820.00"
2021-03-03,2021030305008863,PLI,8,32,90,747.00,"67,230.00"
2021-03-03,2021030305008397,PLI,54,39,10,746.00,"7,460.00"
2021-03-03,2021030305008396,PLI,41,39,40,746.00,"29,840.00"
2021-03-03,2021030305008395,PLI,46,39,80,746.00,"59,680.00"
2021-03-03,2021030305008394,PLI,4,39,70,747.00,"52,290.00"
2021-03-03,2021030305008409,PLI,34,41,110,748.00,"82,280.00"
2021-03-03,2021030305008402,PLI,57,22,10,747.00,"7,470.00"
2021-03-03,2021030305008401,PLI,42,48,10,747.00,"7,470.00"
2021-03-03,2021030305008400,PLI,25,39,10,746.00,"7,460.00"
2021-03-03,2021030305008399,PLI,47,39,60,746.00,"44,760.00"
2021-03-03,2021030305008398,PLI,20,39,100,746.00,"74,600.00"
2021-03-03,2021030305008432,PLI,22,48,10,747.00,"7,470.00"
2021-03-03,2021030305008431,PLI,42,45,63,750.00,"47,250.00"
2021-03-03,2021030305008430,PLI,42,55,10,749.00,"7,490.00"
2021-03-03,2021030305008424,PLI,42,48,10,745.00,"7,450.00"
2021-03-03,2021030305008419,PLI,36,45,10,748.00,"7,480.00"
2021-03-03,2021030305008417,PLI,34,50,10,748.00,"7,480.00"
2021-03-03,2021030305008478,PLI,17,11,20,746.00,"14,920.00"
2021-03-03,2021030305008457,PLI,42,48,10,745.00,"7,450.00"
2021-03-03,2021030305008456,PLI,22,11,30,746.00,"22,380.00"
2021-03-03,2021030305008455,PLI,22,58,10,746.00,"7,460.00"
2021-03-03,2021030305008442,PLI,22,45,10,746.00,"7,460.00"
2021-03-03,2021030305008439,PLI,36,42,10,748.00,"7,480.00"
2021-03-03,2021030305008493,PLI,28,39,200,745.00,"149,000.00"
2021-03-03,2021030305008492,PLI,13,39,20,745.00,"14,900.00"
2021-03-03,2021030305008491,PLI,43,39,50,745.00,"37,250.00"
2021-03-03,2021030305008490,PLI,42,39,40,745.00,"29,800.00"
2021-03-03,2021030305008489,PLI,17,39,20,746.00,"14,920.00"
2021-03-03,2021030305008479,PLI,17,44,10,746.00,"7,460.00"
2021-03-03,2021030305008506,PLI,32,1,10,745.00,"7,450.00"
2021-03-03,2021030305008498,PLI,32,39,20,745.00,"14,900.00"
2021-03-03,2021030305008497,PLI,46,39,100,745.00,"74,500.00"
2021-03-03,2021030305008496,PLI,32,39,100,745.00,"74,500.00"
2021-03-03,2021030305008495,PLI,46,39,25,745.00,"18,625.00"
2021-03-03,2021030305008494,PLI,16,39,30,745.00,"22,350.00"
2021-03-03,2021030305008577,PLI,37,36,10,746.00,"7,460.00"
2021-03-03,2021030305008564,PLI,37,34,10,747.00,"7,470.00"
2021-03-03,2021030305008549,PLI,22,20,10,747.00,"7,470.00"
2021-03-03,2021030305008528,PLI,37,10,10,746.00,"7,460.00"
2021-03-03,2021030305008526,PLI,37,56,10,746.00,"7,460.00"
2021-03-03,2021030305008510,PLI,37,1,10,747.00,"7,470.00"
2021-03-03,2021030305008625,PLI,37,44,10,746.00,"7,460.00"
2021-03-03,2021030305008622,PLI,51,32,10,747.00,"7,470.00"
2021-03-03,2021030305008601,PLI,41,32,40,747.00,"29,880.00"
2021-03-03,2021030305008598,PLI,47,32,20,747.00,"14,940.00"
2021-03-03,2021030305008592,PLI,37,36,10,746.00,"7,460.00"
2021-03-03,2021030305008586,PLI,10,38,10,747.00,"7,470.00"
2021-03-03,2021030305008725,PLI,58,32,20,747.00,"14,940.00"
2021-03-03,2021030305008709,PLI,58,45,10,746.00,"7,460.00"
2021-03-03,2021030305008701,PLI,58,43,10,746.00,"7,460.00"
2021-03-03,2021030305008681,PLI,58,47,10,746.00,"7,460.00"
2021-03-03,2021030305008649,PLI,11,32,20,747.00,"14,940.00"
2021-03-03,2021030305008638,PLI,58,18,10,746.00,"7,460.00"
2021-03-03,2021030305008807,PLI,58,32,10,747.00,"7,470.00"
2021-03-03,2021030305008795,PLI,58,21,60,746.00,"44,760.00"
2021-03-03,2021030305008770,PLI,58,46,10,746.00,"7,460.00"
2021-03-03,2021030305008746,PLI,13,41,100,746.00,"74,600.00"
2021-03-03,2021030305008740,PLI,58,14,10,746.00,"7,460.00"
2021-03-03,2021030305008739,PLI,58,43,10,746.00,"7,460.00"
2021-03-03,2021030305008850,PLI,51,32,10,747.00,"7,470.00"
2021-03-03,2021030305008847,PLI,58,39,10,746.00,"7,460.00"
2021-03-03,2021030305008843,PLI,58,37,180,746.00,"134,280.00"
2021-03-03,2021030305008822,PLI,58,58,10,746.00,"7,460.00"
2021-03-03,2021030305008815,PLI,49,32,20,747.00,"14,940.00"
2021-03-03,2021030305008810,PLI,58,42,10,746.00,"7,460.00"
2021-03-03,2021030305008286,CGH,48,55,10,550.00,"5,500.00"
2021-03-03,2021030305008249,CGH,48,41,10,550.00,"5,500.00"
2021-03-03,2021030305008386,NIFRA,58,11,50,508.00,"25,400.00"
2021-03-03,2021030305008385,NIFRA,50,45,50,507.00,"25,350.00"
2021-03-03,2021030305008384,NIFRA,50,49,60,507.00,"30,420.00"
2021-03-03,2021030305008383,NIFRA,50,21,40,507.00,"20,280.00"
2021-03-03,2021030305008382,NIFRA,8,21,10,508.00,"5,080.00"
2021-03-03,2021030305008381,NIFRA,8,29,50,508.00,"25,400.00"
2021-03-03,2021030305007888,NIFRA,59,48,50,506.00,"25,300.00"
2021-03-03,2021030305007894,NIFRA,14,48,20,506.00,"10,120.00"
2021-03-03,2021030305007893,NIFRA,14,18,30,506.00,"15,180.00"
2021-03-03,2021030305007892,NIFRA,1,18,30,506.00,"15,180.00"
2021-03-03,2021030305007891,NIFRA,1,16,50,506.00,"25,300.00"
2021-03-03,2021030305007890,NIFRA,1,8,20,506.00,"10,120.00"
2021-03-03,2021030305007889,NIFRA,59,8,40,506.00,"20,240.00"
2021-03-03,2021030305007900,NIFRA,16,41,50,506.00,"25,300.00"
2021-03-03,2021030305007899,NIFRA,34,57,10,507.00,"5,070.00"
2021-03-03,2021030305007898,NIFRA,16,38,50,506.00,"25,300.00"
2021-03-03,2021030305007897,NIFRA,16,48,60,506.00,"30,360.00"
2021-03-03,2021030305007896,NIFRA,16,8,60,506.00,"30,360.00"
2021-03-03,2021030305007895,NIFRA,16,48,30,506.00,"15,180.00"
2021-03-03,2021030305007906,NIFRA,45,8,60,507.00,"30,420.00"
2021-03-03,2021030305007905,NIFRA,45,17,60,507.00,"30,420.00"
2021-03-03,2021030305007904,NIFRA,45,41,50,507.00,"25,350.00"
2021-03-03,2021030305007903,NIFRA,45,57,40,507.00,"20,280.00"
2021-03-03,2021030305007902,NIFRA,16,48,60,506.00,"30,360.00"
2021-03-03,2021030305007901,NIFRA,16,8,60,506.00,"30,360.00"
2021-03-03,2021030305007912,NIFRA,6,8,10,507.00,"5,070.00"
2021-03-03,2021030305007911,NIFRA,45,8,50,507.00,"25,350.00"
2021-03-03,2021030305007910,NIFRA,45,18,60,507.00,"30,420.00"
2021-03-03,2021030305007909,NIFRA,45,22,60,507.00,"30,420.00"
2021-03-03,2021030305007908,NIFRA,45,59,60,507.00,"30,420.00"
2021-03-03,2021030305007907,NIFRA,45,48,60,507.00,"30,420.00"
2021-03-03,2021030305007920,NIFRA,16,8,60,506.00,"30,360.00"
2021-03-03,2021030305007918,NIFRA,16,38,50,506.00,"25,300.00"
2021-03-03,2021030305007917,NIFRA,16,51,60,506.00,"30,360.00"
2021-03-03,2021030305007916,NIFRA,16,48,60,506.00,"30,360.00"
2021-03-03,2021030305007915,NIFRA,16,42,10,506.00,"5,060.00"
2021-03-03,2021030305007914,NIFRA,6,42,40,507.00,"20,280.00"
2021-03-03,2021030305007926,NIFRA,16,42,60,506.00,"30,360.00"
2021-03-03,2021030305007925,NIFRA,16,8,10,506.00,"5,060.00"
2021-03-03,2021030305007924,NIFRA,6,8,50,507.00,"25,350.00"
2021-03-03,2021030305007923,NIFRA,51,52,10,508.00,"5,080.00"
2021-03-03,2021030305007922,NIFRA,16,4,60,506.00,"30,360.00"
2021-03-03,2021030305007921,NIFRA,16,48,50,506.00,"25,300.00"
2021-03-03,2021030305007932,NIFRA,16,8,20,506.00,"10,120.00"
2021-03-03,2021030305007931,NIFRA,16,8,40,506.00,"20,240.00"
2021-03-03,2021030305007930,NIFRA,16,8,60,506.00,"30,360.00"
2021-03-03,2021030305007929,NIFRA,16,50,50,506.00,"25,300.00"
2021-03-03,2021030305007928,NIFRA,16,48,60,506.00,"30,360.00"
2021-03-03,2021030305007927,NIFRA,46,14,50,507.00,"25,350.00"
2021-03-03,2021030305007941,NIFRA,16,49,60,506.00,"30,360.00"
2021-03-03,2021030305007940,NIFRA,16,58,50,506.00,"25,300.00"
2021-03-03,2021030305007939,NIFRA,16,32,50,506.00,"25,300.00"
2021-03-03,2021030305007937,NIFRA,16,8,60,506.00,"30,360.00"
2021-03-03,2021030305007934,NIFRA,16,38,50,506.00,"25,300.00"
2021-03-03,2021030305007933,NIFRA,16,1,50,506.00,"25,300.00"
2021-03-03,2021030305007947,NIFRA,16,52,50,506.00,"25,300.00"
2021-03-03,2021030305007946,NIFRA,16,22,20,506.00,"10,120.00"
2021-03-03,2021030305007945,NIFRA,45,22,40,507.00,"20,280.00"
2021-03-03,2021030305007944,NIFRA,45,17,50,507.00,"25,350.00"
2021-03-03,2021030305007943,NIFRA,45,14,10,507.00,"5,070.00"
2021-03-03,2021030305007942,NIFRA,16,8,60,506.00,"30,360.00"
2021-03-03,2021030305007955,NIFRA,5,46,50,507.00,"25,350.00"
2021-03-03,2021030305007954,NIFRA,5,58,50,507.00,"25,350.00"
2021-03-03,2021030305007952,NIFRA,16,16,50,506.00,"25,300.00"
2021-03-03,2021030305007951,NIFRA,16,8,60,506.00,"30,360.00"
2021-03-03,2021030305007949,NIFRA,16,33,50,506.00,"25,300.00"
2021-03-03,2021030305007948,NIFRA,16,1,50,506.00,"25,300.00"
2021-03-03,2021030305007962,NIFRA,16,8,60,506.00,"30,360.00"
2021-03-03,2021030305007961,NIFRA,3,20,30,507.00,"15,210.00"
2021-03-03,2021030305007960,NIFRA,3,59,60,507.00,"30,420.00"
2021-03-03,2021030305007958,NIFRA,3,8,10,507.00,"5,070.00"
2021-03-03,2021030305007957,NIFRA,5,8,50,507.00,"25,350.00"
2021-03-03,2021030305007956,NIFRA,5,47,50,507.00,"25,350.00"
2021-03-03,2021030305007968,NIFRA,42,8,60,507.00,"30,420.00"
2021-03-03,2021030305007967,NIFRA,42,48,50,507.00,"25,350.00"
2021-03-03,2021030305007966,NIFRA,42,38,50,507.00,"25,350.00"
2021-03-03,2021030305007965,NIFRA,42,20,20,507.00,"10,140.00"
2021-03-03,2021030305007964,NIFRA,16,44,50,506.00,"25,300.00"
2021-03-03,2021030305007963,NIFRA,16,19,50,506.00,"25,300.00"
2021-03-03,2021030305007975,NIFRA,16,8,40,506.00,"20,240.00"
2021-03-03,2021030305007974,NIFRA,42,8,20,507.00,"10,140.00"
2021-03-03,2021030305007972,NIFRA,42,33,50,507.00,"25,350.00"
2021-03-03,2021030305007971,NIFRA,42,18,50,507.00,"25,350.00"
2021-03-03,2021030305007970,NIFRA,42,46,50,507.00,"25,350.00"
2021-03-03,2021030305007969,NIFRA,42,59,50,507.00,"25,350.00"
2021-03-03,2021030305007981,NIFRA,18,40,40,506.00,"20,240.00"
2021-03-03,2021030305007980,NIFRA,18,48,60,506.00,"30,360.00"
2021-03-03,2021030305007979,NIFRA,16,8,60,506.00,"30,360.00"
2021-03-03,2021030305007978,NIFRA,16,59,60,506.00,"30,360.00"
2021-03-03,2021030305007977,NIFRA,42,43,10,507.00,"5,070.00"
2021-03-03,2021030305007976,NIFRA,42,48,60,507.00,"30,420.00"
2021-03-03,2021030305007988,NIFRA,19,48,20,507.00,"10,140.00"
2021-03-03,2021030305007987,NIFRA,19,11,30,507.00,"15,210.00"
2021-03-03,2021030305007985,NIFRA,19,7,50,507.00,"25,350.00"
2021-03-03,2021030305007984,NIFRA,19,43,50,507.00,"25,350.00"
2021-03-03,2021030305007983,NIFRA,58,42,50,506.00,"25,300.00"
2021-03-03,2021030305007982,NIFRA,58,40,20,506.00,"10,120.00"
2021-03-03,2021030305007994,NIFRA,42,52,40,506.00,"20,240.00"
2021-03-03,2021030305007993,NIFRA,25,55,50,508.00,"25,400.00"
2021-03-03,2021030305007992,NIFRA,25,52,40,508.00,"20,320.00"
2021-03-03,2021030305007991,NIFRA,25,42,10,507.00,"5,070.00"
2021-03-03,2021030305007990,NIFRA,42,48,10,506.00,"5,060.00"
2021-03-03,2021030305007989,NIFRA,58,48,20,506.00,"10,120.00"
2021-03-03,2021030305008000,NIFRA,22,48,60,506.00,"30,360.00"
2021-03-03,2021030305007999,NIFRA,11,33,50,508.00,"25,400.00"
2021-03-03,2021030305007998,NIFRA,11,44,50,507.00,"25,350.00"
2021-03-03,2021030305007997,NIFRA,1,54,30,506.00,"15,180.00"
2021-03-03,2021030305007996,NIFRA,1,59,50,506.00,"25,300.00"
2021-03-03,2021030305007995,NIFRA,1,52,20,506.00,"10,120.00"
2021-03-03,2021030305008006,NIFRA,16,48,60,506.00,"30,360.00"
2021-03-03,2021030305008005,NIFRA,16,55,60,506.00,"30,360.00"
2021-03-03,2021030305008004,NIFRA,16,53,20,506.00,"10,120.00"
2021-03-03,2021030305008003,NIFRA,41,11,10,506.00,"5,060.00"
2021-03-03,2021030305008002,NIFRA,22,11,40,506.00,"20,240.00"
2021-03-03,2021030305008001,NIFRA,22,22,50,506.00,"25,300.00"
2021-03-03,2021030305008013,NIFRA,16,46,50,506.00,"25,300.00"
2021-03-03,2021030305008012,NIFRA,16,45,50,506.00,"25,300.00"
2021-03-03,2021030305008011,NIFRA,41,44,10,507.00,"5,070.00"
2021-03-03,2021030305008010,NIFRA,41,45,50,507.00,"25,350.00"
2021-03-03,2021030305008009,NIFRA,41,37,60,507.00,"30,420.00"
2021-03-03,2021030305008008,NIFRA,16,34,60,506.00,"30,360.00"
2021-03-03,2021030305008019,NIFRA,58,6,60,508.00,"30,480.00"
2021-03-03,2021030305008018,NIFRA,58,42,60,508.00,"30,480.00"
2021-03-03,2021030305008017,NIFRA,58,22,18,508.00,"9,144.00"
2021-03-03,2021030305008016,NIFRA,58,14,200,508.00,"101,600.00"
2021-03-03,2021030305008015,NIFRA,58,33,60,508.00,"30,480.00"
2021-03-03,2021030305008014,NIFRA,58,44,50,507.00,"25,350.00"
2021-03-03,2021030305008025,NIFRA,45,59,50,507.00,"25,350.00"
2021-03-03,2021030305008024,NIFRA,16,8,60,506.00,"30,360.00"
2021-03-03,2021030305008023,NIFRA,56,59,10,507.00,"5,070.00"
2021-03-03,2021030305008022,NIFRA,56,21,40,507.00,"20,280.00"
2021-03-03,2021030305008021,NIFRA,56,48,50,507.00,"25,350.00"
2021-03-03,2021030305008020,NIFRA,58,57,50,508.00,"25,400.00"
2021-03-03,2021030305008034,NIFRA,45,58,50,507.00,"25,350.00"
2021-03-03,2021030305008033,NIFRA,45,34,50,507.00,"25,350.00"
2021-03-03,2021030305008032,NIFRA,45,48,50,507.00,"25,350.00"
2021-03-03,2021030305008029,NIFRA,45,42,50,507.00,"25,350.00"
2021-03-03,2021030305008027,NIFRA,45,8,50,507.00,"25,350.00"
2021-03-03,2021030305008026,NIFRA,45,11,50,507.00,"25,350.00"
2021-03-03,2021030305008041,NIFRA,16,8,10,506.00,"5,060.00"
2021-03-03,2021030305008040,NIFRA,35,8,20,507.00,"10,140.00"
2021-03-03,2021030305008039,NIFRA,45,8,30,507.00,"15,210.00"
2021-03-03,2021030305008038,NIFRA,45,57,60,507.00,"30,420.00"
2021-03-03,2021030305008037,NIFRA,45,54,10,507.00,"5,070.00"
2021-03-03,2021030305008035,NIFRA,45,52,50,507.00,"25,350.00"
2021-03-03,2021030305008050,NIFRA,42,8,60,507.00,"30,420.00"
2021-03-03,2021030305008049,NIFRA,42,4,50,507.00,"25,350.00"
2021-03-03,2021030305008048,NIFRA,42,48,50,507.00,"25,350.00"
2021-03-03,2021030305008046,NIFRA,42,52,50,507.00,"25,350.00"
2021-03-03,2021030305008045,NIFRA,42,44,50,507.00,"25,350.00"
2021-03-03,2021030305008044,NIFRA,42,44,50,507.00,"25,350.00"
2021-03-03,2021030305008057,NIFRA,44,21,40,507.00,"20,280.00"
2021-03-03,2021030305008056,NIFRA,56,48,20,507.00,"10,140.00"
2021-03-03,2021030305008055,NIFRA,42,48,30,507.00,"15,210.00"
2021-03-03,2021030305008053,NIFRA,42,45,50,507.00,"25,350.00"
2021-03-03,2021030305008052,NIFRA,42,58,60,507.00,"30,420.00"
2021-03-03,2021030305008051,NIFRA,42,38,50,507.00,"25,350.00"
2021-03-03,2021030305008063,NIFRA,14,42,30,509.00,"15,270.00"
2021-03-03,2021030305008062,NIFRA,14,52,60,508.00,"30,480.00"
2021-03-03,2021030305008061,NIFRA,18,8,60,507.00,"30,420.00"
2021-03-03,2021030305008060,NIFRA,18,34,60,507.00,"30,420.00"
2021-03-03,2021030305008059,NIFRA,18,58,50,507.00,"25,350.00"
2021-03-03,2021030305008058,NIFRA,44,58,10,507.00,"5,070.00"
2021-03-03,2021030305008069,NIFRA,18,38,60,507.00,"30,420.00"
2021-03-03,2021030305008068,NIFRA,49,1,50,508.00,"25,400.00"
2021-03-03,2021030305008067,NIFRA,18,44,60,507.00,"30,420.00"
2021-03-03,2021030305008066,NIFRA,18,48,50,507.00,"25,350.00"
2021-03-03,2021030305008065,NIFRA,18,58,50,507.00,"25,350.00"
2021-03-03,2021030305008064,NIFRA,16,41,3,508.00,"1,524.00"
2021-03-03,2021030305008076,NIFRA,54,1,50,507.00,"25,350.00"
2021-03-03,2021030305008074,NIFRA,54,48,50,507.00,"25,350.00"
2021-03-03,2021030305008073,NIFRA,40,8,50,507.00,"25,350.00"
2021-03-03,2021030305008072,NIFRA,18,8,10,507.00,"5,070.00"
2021-03-03,2021030305008071,NIFRA,18,38,50,507.00,"25,350.00"
2021-03-03,2021030305008070,NIFRA,18,52,50,507.00,"25,350.00"
2021-03-03,2021030305008084,NIFRA,16,8,60,506.00,"30,360.00"
2021-03-03,2021030305008081,NIFRA,29,45,30,507.00,"15,210.00"
2021-03-03,2021030305008080,NIFRA,16,8,20,506.00,"10,120.00"
2021-03-03,2021030305008079,NIFRA,42,8,40,507.00,"20,280.00"
2021-03-03,2021030305008078,NIFRA,42,52,50,507.00,"25,350.00"
2021-03-03,2021030305008077,NIFRA,42,1,10,507.00,"5,070.00"
2021-03-03,2021030305008092,NIFRA,48,52,50,507.00,"25,350.00"
2021-03-03,2021030305008091,NIFRA,48,22,60,507.00,"30,420.00"
2021-03-03,2021030305008090,NIFRA,48,48,50,507.00,"25,350.00"
2021-03-03,2021030305008089,NIFRA,48,42,60,507.00,"30,420.00"
2021-03-03,2021030305008088,NIFRA,48,38,50,507.00,"25,350.00"
2021-03-03,2021030305008087,NIFRA,48,45,10,507.00,"5,070.00"
2021-03-03,2021030305008098,NIFRA,16,21,60,506.00,"30,360.00"
2021-03-03,2021030305008097,NIFRA,48,45,10,507.00,"5,070.00"
2021-03-03,2021030305008096,NIFRA,48,22,50,507.00,"25,350.00"
2021-03-03,2021030305008095,NIFRA,48,16,50,507.00,"25,350.00"
2021-03-03,2021030305008094,NIFRA,48,38,50,507.00,"25,350.00"
2021-03-03,2021030305008093,NIFRA,48,48,60,507.00,"30,420.00"
2021-03-03,2021030305008105,NIFRA,16,48,60,506.00,"30,360.00"
2021-03-03,2021030305008104,NIFRA,16,8,60,506.00,"30,360.00"
2021-03-03,2021030305008102,NIFRA,59,43,7,506.00,"3,542.00"
2021-03-03,2021030305008101,NIFRA,16,48,60,506.00,"30,360.00"
2021-03-03,2021030305008100,NIFRA,16,49,50,506.00,"25,300.00"
2021-03-03,2021030305008099,NIFRA,16,8,60,506.00,"30,360.00"
2021-03-03,2021030305008111,NIFRA,34,45,50,507.00,"25,350.00"
2021-03-03,2021030305008110,NIFRA,34,44,50,507.00,"25,350.00"
2021-03-03,2021030305008109,NIFRA,34,45,20,507.00,"10,140.00"
2021-03-03,2021030305008108,NIFRA,16,26,50,506.00,"25,300.00"
2021-03-03,2021030305008107,NIFRA,16,8,50,506.00,"25,300.00"
2021-03-03,2021030305008106,NIFRA,49,45,20,507.00,"10,140.00"
2021-03-03,2021030305008117,NIFRA,16,8,60,506.00,"30,360.00"
2021-03-03,2021030305008116,NIFRA,16,34,40,506.00,"20,240.00"
2021-03-03,2021030305008115,NIFRA,34,34,20,507.00,"10,140.00"
2021-03-03,2021030305008114,NIFRA,34,39,60,507.00,"30,420.00"
2021-03-03,2021030305008113,NIFRA,34,52,50,507.00,"25,350.00"
2021-03-03,2021030305008112,NIFRA,34,42,50,507.00,"25,350.00"
2021-03-03,2021030305008123,NIFRA,16,26,23,506.00,"11,638.00"
2021-03-03,2021030305008122,NIFRA,32,26,27,506.00,"13,662.00"
2021-03-03,2021030305008121,NIFRA,32,38,20,506.00,"10,120.00"
2021-03-03,2021030305008120,NIFRA,18,38,40,506.00,"20,240.00"
2021-03-03,2021030305008119,NIFRA,42,44,30,508.00,"15,240.00"
2021-03-03,2021030305008118,NIFRA,18,48,60,506.00,"30,360.00"
2021-03-03,2021030305008131,NIFRA,16,22,60,506.00,"30,360.00"
2021-03-03,2021030305008130,NIFRA,16,57,20,506.00,"10,120.00"
2021-03-03,2021030305008128,NIFRA,16,45,30,506.00,"15,180.00"
2021-03-03,2021030305008127,NIFRA,16,8,60,506.00,"30,360.00"
2021-03-03,2021030305008126,NIFRA,16,26,50,506.00,"25,300.00"
2021-03-03,2021030305008125,NIFRA,16,48,50,506.00,"25,300.00"
2021-03-03,2021030305008137,NIFRA,16,8,60,506.00,"30,360.00"
2021-03-03,2021030305008136,NIFRA,16,58,50,506.00,"25,300.00"
2021-03-03,2021030305008135,NIFRA,16,48,50,506.00,"25,300.00"
2021-03-03,2021030305008134,NIFRA,16,26,60,506.00,"30,360.00"
2021-03-03,2021030305008133,NIFRA,29,29,15,508.00,"7,620.00"
2021-03-03,2021030305008132,NIFRA,29,44,20,508.00,"10,160.00"
2021-03-03,2021030305008143,NIFRA,16,48,50,506.00,"25,300.00"
2021-03-03,2021030305008142,NIFRA,16,34,50,506.00,"25,300.00"
2021-03-03,2021030305008141,NIFRA,16,45,50,506.00,"25,300.00"
2021-03-03,2021030305008140,NIFRA,16,26,50,506.00,"25,300.00"
2021-03-03,2021030305008139,NIFRA,16,18,50,506.00,"25,300.00"
2021-03-03,2021030305008138,NIFRA,16,44,50,506.00,"25,300.00"
2021-03-03,2021030305008149,NIFRA,41,29,45,508.00,"22,860.00"
2021-03-03,2021030305008148,NIFRA,41,38,50,508.00,"25,400.00"
2021-03-03,2021030305008147,NIFRA,41,1,60,508.00,"30,480.00"
2021-03-03,2021030305008146,NIFRA,41,4,60,507.00,"30,420.00"
2021-03-03,2021030305008145,NIFRA,41,52,50,507.00,"25,350.00"
2021-03-03,2021030305008144,NIFRA,16,22,60,506.00,"30,360.00"
2021-03-03,2021030305008158,NIFRA,41,58,60,508.00,"30,480.00"
2021-03-03,2021030305008156,NIFRA,41,58,60,508.00,"30,480.00"
2021-03-03,2021030305008153,NIFRA,41,8,60,508.00,"30,480.00"
2021-03-03,2021030305008152,NIFRA,41,1,50,508.00,"25,400.00"
2021-03-03,2021030305008151,NIFRA,41,58,50,508.00,"25,400.00"
2021-03-03,2021030305008150,NIFRA,41,1,60,508.00,"30,480.00"
2021-03-03,2021030305008164,NIFRA,41,14,60,508.00,"30,480.00"
2021-03-03,2021030305008163,NIFRA,41,8,60,508.00,"30,480.00"
2021-03-03,2021030305008162,NIFRA,41,22,50,508.00,"25,400.00"
2021-03-03,2021030305008161,NIFRA,41,26,60,508.00,"30,480.00"
2021-03-03,2021030305008160,NIFRA,41,32,50,508.00,"25,400.00"
2021-03-03,2021030305008159,NIFRA,41,42,50,508.00,"25,400.00"
2021-03-03,2021030305008170,NIFRA,16,45,20,506.00,"10,120.00"
2021-03-03,2021030305008169,NIFRA,45,45,40,507.00,"20,280.00"
2021-03-03,2021030305008168,NIFRA,45,43,10,507.00,"5,070.00"
2021-03-03,2021030305008167,NIFRA,14,43,50,507.00,"25,350.00"
2021-03-03,2021030305008166,NIFRA,41,45,14,508.00,"7,112.00"
2021-03-03,2021030305008165,NIFRA,41,40,50,508.00,"25,400.00"
2021-03-03,2021030305008177,NIFRA,3,42,40,506.00,"20,240.00"
2021-03-03,2021030305008176,NIFRA,3,58,10,506.00,"5,060.00"
2021-03-03,2021030305008175,NIFRA,36,58,50,507.00,"25,350.00"
2021-03-03,2021030305008173,NIFRA,3,38,50,506.00,"25,300.00"
2021-03-03,2021030305008172,NIFRA,16,8,57,506.00,"28,842.00"
2021-03-03,2021030305008171,NIFRA,16,48,50,506.00,"25,300.00"
2021-03-03,2021030305008184,NIFRA,44,21,50,507.00,"25,350.00"
2021-03-03,2021030305008183,NIFRA,32,36,30,507.00,"15,210.00"
2021-03-03,2021030305008182,NIFRA,32,8,10,507.00,"5,070.00"
2021-03-03,2021030305008181,NIFRA,44,8,50,507.00,"25,350.00"
2021-03-03,2021030305008180,NIFRA,44,22,50,507.00,"25,350.00"
2021-03-03,2021030305008178,NIFRA,17,45,10,508.00,"5,080.00"
2021-03-03,2021030305008192,NIFRA,34,44,50,506.00,"25,300.00"
2021-03-03,2021030305008191,NIFRA,34,58,10,506.00,"5,060.00"
2021-03-03,2021030305008190,NIFRA,38,58,40,507.00,"20,280.00"
2021-03-03,2021030305008189,NIFRA,38,42,50,507.00,"25,350.00"
2021-03-03,2021030305008187,NIFRA,38,45,10,507.00,"5,070.00"
2021-03-03,2021030305008185,NIFRA,44,39,50,507.00,"25,350.00"
2021-03-03,2021030305008199,NIFRA,34,34,10,506.00,"5,060.00"
2021-03-03,2021030305008198,NIFRA,34,8,60,506.00,"30,360.00"
2021-03-03,2021030305008197,NIFRA,34,58,50,506.00,"25,300.00"
2021-03-03,2021030305008195,NIFRA,21,39,24,508.00,"12,192.00"
2021-03-03,2021030305008194,NIFRA,21,1,50,508.00,"25,400.00"
2021-03-03,2021030305008193,NIFRA,21,45,26,508.00,"13,208.00"
2021-03-03,2021030305008206,NIFRA,20,58,25,507.00,"12,675.00"
2021-03-03,2021030305008204,NIFRA,20,49,50,507.00,"25,350.00"
2021-03-03,2021030305008203,NIFRA,20,58,25,507.00,"12,675.00"
2021-03-03,2021030305008202,NIFRA,29,58,35,507.00,"17,745.00"
2021-03-03,2021030305008201,NIFRA,19,21,40,506.00,"20,240.00"
2021-03-03,2021030305008200,NIFRA,34,21,20,506.00,"10,120.00"
2021-03-03,2021030305008212,NIFRA,19,26,50,507.00,"25,350.00"
2021-03-03,2021030305008211,NIFRA,19,25,60,507.00,"30,420.00"
2021-03-03,2021030305008210,NIFRA,19,42,50,507.00,"25,350.00"
2021-03-03,2021030305008209,NIFRA,19,42,10,507.00,"5,070.00"
2021-03-03,2021030305008208,NIFRA,5,21,60,507.00,"30,420.00"
2021-03-03,2021030305008207,NIFRA,5,58,35,507.00,"17,745.00"
2021-03-03,2021030305008218,NIFRA,19,21,60,507.00,"30,420.00"
2021-03-03,2021030305008217,NIFRA,19,42,20,507.00,"10,140.00"
2021-03-03,2021030305008216,NIFRA,19,26,50,507.00,"25,350.00"
2021-03-03,2021030305008215,NIFRA,19,28,10,507.00,"5,070.00"
2021-03-03,2021030305008214,NIFRA,19,42,50,507.00,"25,350.00"
2021-03-03,2021030305008213,NIFRA,19,37,50,507.00,"25,350.00"
2021-03-03,2021030305008224,NIFRA,19,28,10,507.00,"5,070.00"
2021-03-03,2021030305008223,NIFRA,19,21,50,507.00,"25,350.00"
2021-03-03,2021030305008222,NIFRA,19,52,50,507.00,"25,350.00"
2021-03-03,2021030305008221,NIFRA,19,17,30,507.00,"15,210.00"
2021-03-03,2021030305008220,NIFRA,19,58,50,507.00,"25,350.00"
2021-03-03,2021030305008219,NIFRA,19,45,50,507.00,"25,350.00"
2021-03-03,2021030305008230,NIFRA,19,45,50,507.00,"25,350.00"
2021-03-03,2021030305008229,NIFRA,19,1,40,507.00,"20,280.00"
2021-03-03,2021030305008228,NIFRA,19,36,60,507.00,"30,420.00"
2021-03-03,2021030305008227,NIFRA,19,26,50,507.00,"25,350.00"
2021-03-03,2021030305008226,NIFRA,19,18,60,507.00,"30,420.00"
2021-03-03,2021030305008225,NIFRA,19,48,50,507.00,"25,350.00"
2021-03-03,2021030305008236,NIFRA,44,26,50,507.00,"25,350.00"
2021-03-03,2021030305008235,NIFRA,25,17,30,507.00,"15,210.00"
2021-03-03,2021030305008234,NIFRA,25,55,10,507.00,"5,070.00"
2021-03-03,2021030305008233,NIFRA,17,55,50,507.00,"25,350.00"
2021-03-03,2021030305008232,NIFRA,32,28,10,507.00,"5,070.00"
2021-03-03,2021030305008231,NIFRA,19,28,40,507.00,"20,280.00"
2021-03-03,2021030305008242,NIFRA,42,14,900,508.00,"457,200.00"
2021-03-03,2021030305008241,NIFRA,42,48,50,507.00,"25,350.00"
2021-03-03,2021030305008240,NIFRA,19,26,10,506.00,"5,060.00"
2021-03-03,2021030305008239,NIFRA,19,21,40,506.00,"20,240.00"
2021-03-03,2021030305008238,NIFRA,25,21,10,507.00,"5,070.00"
2021-03-03,2021030305008237,NIFRA,25,13,50,507.00,"25,350.00"
2021-03-03,2021030305008248,NIFRA,59,28,23,507.00,"11,661.00"
2021-03-03,2021030305008247,NIFRA,57,28,27,507.00,"13,689.00"
2021-03-03,2021030305008246,NIFRA,57,58,23,507.00,"11,661.00"
2021-03-03,2021030305008245,NIFRA,34,58,27,507.00,"13,689.00"
2021-03-03,2021030305008244,NIFRA,42,18,14,508.00,"7,112.00"
2021-03-03,2021030305008243,NIFRA,42,39,36,508.00,"18,288.00"
2021-03-03,2021030305008256,NIFRA,8,33,50,508.00,"25,400.00"
2021-03-03,2021030305008255,NIFRA,8,41,60,508.00,"30,480.00"
2021-03-03,2021030305008254,NIFRA,8,1,50,508.00,"25,400.00"
2021-03-03,2021030305008253,NIFRA,8,18,36,508.00,"18,288.00"
2021-03-03,2021030305008252,NIFRA,59,1,500,507.00,"253,500.00"
2021-03-03,2021030305008251,NIFRA,59,8,60,507.00,"30,420.00"
2021-03-03,2021030305008263,NIFRA,59,55,50,507.00,"25,350.00"
2021-03-03,2021030305008262,NIFRA,59,16,20,507.00,"10,140.00"
2021-03-03,2021030305008260,NIFRA,59,1,10,507.00,"5,070.00"
2021-03-03,2021030305008259,NIFRA,36,1,6,508.00,"3,048.00"
2021-03-03,2021030305008258,NIFRA,8,1,54,508.00,"27,432.00"
2021-03-03,2021030305008257,NIFRA,8,16,50,508.00,"25,400.00"
2021-03-03,2021030305008269,NIFRA,36,1,50,508.00,"25,400.00"
2021-03-03,2021030305008268,NIFRA,59,49,50,507.00,"25,350.00"
2021-03-03,2021030305008267,NIFRA,59,48,50,507.00,"25,350.00"
2021-03-03,2021030305008266,NIFRA,10,17,40,508.00,"20,320.00"
2021-03-03,2021030305008265,NIFRA,59,58,50,507.00,"25,350.00"
2021-03-03,2021030305008264,NIFRA,59,42,60,507.00,"30,420.00"
2021-03-03,2021030305008275,NIFRA,6,21,50,508.00,"25,400.00"
2021-03-03,2021030305008274,NIFRA,57,58,20,508.00,"10,160.00"
2021-03-03,2021030305008273,NIFRA,57,21,10,508.00,"5,080.00"
2021-03-03,2021030305008272,NIFRA,57,17,10,508.00,"5,080.00"
2021-03-03,2021030305008271,NIFRA,59,48,60,507.00,"30,420.00"
2021-03-03,2021030305008270,NIFRA,59,26,60,507.00,"30,420.00"
2021-03-03,2021030305008282,NIFRA,6,55,50,508.00,"25,400.00"
2021-03-03,2021030305008281,NIFRA,6,58,10,508.00,"5,080.00"
2021-03-03,2021030305008279,NIFRA,6,42,60,508.00,"30,480.00"
2021-03-03,2021030305008278,NIFRA,6,55,50,508.00,"25,400.00"
2021-03-03,2021030305008277,NIFRA,6,58,30,508.00,"15,240.00"
2021-03-03,2021030305008276,NIFRA,6,1,50,508.00,"25,400.00"
2021-03-03,2021030305008289,NIFRA,49,29,60,508.00,"30,480.00"
2021-03-03,2021030305008288,NIFRA,49,45,10,508.00,"5,080.00"
2021-03-03,2021030305008287,NIFRA,6,45,40,508.00,"20,320.00"
2021-03-03,2021030305008285,NIFRA,6,34,50,508.00,"25,400.00"
2021-03-03,2021030305008284,NIFRA,6,8,60,508.00,"30,480.00"
2021-03-03,2021030305008283,NIFRA,6,17,50,508.00,"25,400.00"
2021-03-03,2021030305008297,NIFRA,19,58,50,507.00,"25,350.00"
2021-03-03,2021030305008296,NIFRA,7,26,100,508.00,"50,800.00"
2021-03-03,2021030305008294,NIFRA,36,48,60,508.00,"30,480.00"
2021-03-03,2021030305008293,NIFRA,19,16,50,507.00,"25,350.00"
2021-03-03,2021030305008291,NIFRA,19,26,20,507.00,"10,140.00"
2021-03-03,2021030305008290,NIFRA,49,26,30,508.00,"15,240.00"
2021-03-03,2021030305008303,NIFRA,34,28,30,509.00,"15,270.00"
2021-03-03,2021030305008302,NIFRA,34,42,20,509.00,"10,180.00"
2021-03-03,2021030305008301,NIFRA,34,42,50,508.00,"25,400.00"
2021-03-03,2021030305008300,NIFRA,34,29,50,508.00,"25,400.00"
2021-03-03,2021030305008299,NIFRA,34,26,50,508.00,"25,400.00"
2021-03-03,2021030305008298,NIFRA,34,26,50,508.00,"25,400.00"
2021-03-03,2021030305008309,NIFRA,19,29,50,507.00,"25,350.00"
2021-03-03,2021030305008308,NIFRA,19,45,60,507.00,"30,420.00"
2021-03-03,2021030305008307,NIFRA,19,26,60,507.00,"30,420.00"
2021-03-03,2021030305008306,NIFRA,41,58,20,508.00,"10,160.00"
2021-03-03,2021030305008305,NIFRA,50,52,50,508.00,"25,400.00"
2021-03-03,2021030305008304,NIFRA,19,45,60,507.00,"30,420.00"
2021-03-03,2021030305008315,NIFRA,52,38,30,508.00,"15,240.00"
2021-03-03,2021030305008314,NIFRA,37,38,20,508.00,"10,160.00"
2021-03-03,2021030305008313,NIFRA,37,38,60,508.00,"30,480.00"
2021-03-03,2021030305008312,NIFRA,37,58,20,508.00,"10,160.00"
2021-03-03,2021030305008311,NIFRA,19,17,50,507.00,"25,350.00"
2021-03-03,2021030305008310,NIFRA,19,49,50,507.00,"25,350.00"
2021-03-03,2021030305008322,NIFRA,19,49,50,507.00,"25,350.00"
2021-03-03,2021030305008320,NIFRA,58,28,2,508.00,"1,016.00"
2021-03-03,2021030305008319,NIFRA,42,28,48,508.00,"24,384.00"
2021-03-03,2021030305008318,NIFRA,42,19,50,508.00,"25,400.00"
2021-03-03,2021030305008317,NIFRA,19,55,30,507.00,"15,210.00"
2021-03-03,2021030305008316,NIFRA,52,55,20,508.00,"10,160.00"
2021-03-03,2021030305008328,NIFRA,28,26,60,508.00,"30,480.00"
2021-03-03,2021030305008327,NIFRA,19,42,50,507.00,"25,350.00"
2021-03-03,2021030305008326,NIFRA,19,58,60,507.00,"30,420.00"
2021-03-03,2021030305008325,NIFRA,19,16,60,507.00,"30,420.00"
2021-03-03,2021030305008324,NIFRA,19,4,60,507.00,"30,420.00"
2021-03-03,2021030305008323,NIFRA,19,57,60,507.00,"30,420.00"
2021-03-03,2021030305008335,NIFRA,17,29,60,508.00,"30,480.00"
2021-03-03,2021030305008334,NIFRA,17,45,20,508.00,"10,160.00"
2021-03-03,2021030305008333,NIFRA,17,1,50,508.00,"25,400.00"
2021-03-03,2021030305008332,NIFRA,19,57,60,507.00,"30,420.00"
2021-03-03,2021030305008330,NIFRA,19,45,60,507.00,"30,420.00"
2021-03-03,2021030305008329,NIFRA,28,45,40,508.00,"20,320.00"
2021-03-03,2021030305008341,NIFRA,19,49,30,507.00,"15,210.00"
2021-03-03,2021030305008340,NIFRA,19,39,30,507.00,"15,210.00"
2021-03-03,2021030305008339,NIFRA,32,39,10,508.00,"5,080.00"
2021-03-03,2021030305008338,NIFRA,17,39,20,508.00,"10,160.00"
2021-03-03,2021030305008337,NIFRA,54,22,9,507.00,"4,563.00"
2021-03-03,2021030305008336,NIFRA,17,58,50,508.00,"25,400.00"
2021-03-03,2021030305008351,NIFRA,34,11,30,507.00,"15,210.00"
2021-03-03,2021030305008350,NIFRA,41,11,20,507.00,"10,140.00"
2021-03-03,2021030305008346,NIFRA,41,21,60,507.00,"30,420.00"
2021-03-03,2021030305008345,NIFRA,41,42,20,507.00,"10,140.00"
2021-03-03,2021030305008344,NIFRA,19,42,40,507.00,"20,280.00"
2021-03-03,2021030305008342,NIFRA,19,49,20,507.00,"10,140.00"
2021-03-03,2021030305008359,NIFRA,50,5,100,507.00,"50,700.00"
2021-03-03,2021030305008356,NIFRA,50,8,10,507.00,"5,070.00"
2021-03-03,2021030305008355,NIFRA,13,8,10,507.00,"5,070.00"
2021-03-03,2021030305008354,NIFRA,16,8,20,507.00,"10,140.00"
2021-03-03,2021030305008353,NIFRA,21,8,20,507.00,"10,140.00"
2021-03-03,2021030305008352,NIFRA,28,52,50,508.00,"25,400.00"
2021-03-03,2021030305008365,NIFRA,50,35,50,507.00,"25,350.00"
2021-03-03,2021030305008364,NIFRA,50,34,50,507.00,"25,350.00"
2021-03-03,2021030305008363,NIFRA,50,48,50,507.00,"25,350.00"
2021-03-03,2021030305008362,NIFRA,50,49,60,507.00,"30,420.00"
2021-03-03,2021030305008361,NIFRA,50,58,60,507.00,"30,420.00"
2021-03-03,2021030305008360,NIFRA,50,58,50,507.00,"25,350.00"
2021-03-03,2021030305008371,NIFRA,50,36,100,507.00,"50,700.00"
2021-03-03,2021030305008370,NIFRA,50,54,50,507.00,"25,350.00"
2021-03-03,2021030305008369,NIFRA,50,22,50,507.00,"25,350.00"
2021-03-03,2021030305008368,NIFRA,42,14,50,508.00,"25,400.00"
2021-03-03,2021030305008367,NIFRA,50,58,50,507.00,"25,350.00"
2021-03-03,2021030305008366,NIFRA,50,45,50,507.00,"25,350.00"
2021-03-03,2021030305008380,NIFRA,8,55,60,508.00,"30,480.00"
2021-03-03,2021030305008376,NIFRA,8,1,50,508.00,"25,400.00"
2021-03-03,2021030305008375,NIFRA,8,45,30,508.00,"15,240.00"
2021-03-03,2021030305008374,NIFRA,33,14,100,508.00,"50,800.00"
2021-03-03,2021030305008373,NIFRA,50,50,50,507.00,"25,350.00"
2021-03-03,2021030305008372,NIFRA,50,11,50,507.00,"25,350.00"
2021-03-03,2021030305008379,PLI,57,39,50,748.00,"37,400.00"
2021-03-03,2021030305008378,PLI,11,39,10,748.00,"7,480.00"
2021-03-03,2021030305008377,PLI,39,39,290,748.00,"216,920.00"
2021-03-03,2021030305008358,PLI,39,48,10,748.00,"7,480.00"
2021-03-03,2021030305008357,PLI,39,57,10,748.00,"7,480.00"
2021-03-03,2021030305008349,PLI,39,29,10,748.00,"7,480.00"
2021-03-03,2021030305007936,PLI,42,55,10,746.00,"7,460.00"
2021-03-03,2021030305007935,PLI,42,42,10,746.00,"7,460.00"
2021-03-03,2021030305007919,PLI,42,45,10,745.00,"7,450.00"
2021-03-03,2021030305007913,PLI,22,14,10,750.00,"7,500.00"
2021-03-03,2021030305007887,PLI,42,38,10,745.00,"7,450.00"
2021-03-03,2021030305007986,PLI,37,58,10,747.00,"7,470.00"
2021-03-03,2021030305007973,PLI,46,38,10,746.00,"7,460.00"
2021-03-03,2021030305007959,PLI,42,16,10,745.00,"7,450.00"
2021-03-03,2021030305007953,PLI,49,58,10,746.00,"7,460.00"
2021-03-03,2021030305007950,PLI,42,17,10,746.00,"7,460.00"
2021-03-03,2021030305007938,PLI,42,58,10,746.00,"7,460.00"
2021-03-03,2021030305008042,PLI,22,41,10,750.00,"7,500.00"
2021-03-03,2021030305008036,PLI,39,46,10,748.00,"7,480.00"
2021-03-03,2021030305008031,PLI,39,45,10,748.00,"7,480.00"
2021-03-03,2021030305008030,PLI,39,41,10,748.00,"7,480.00"
2021-03-03,2021030305008028,PLI,39,59,10,748.00,"7,480.00"
2021-03-03,2021030305008007,PLI,46,13,10,746.00,"7,460.00"
2021-03-03,2021030305008083,PLI,53,33,10,749.00,"7,490.00"
2021-03-03,2021030305008082,PLI,53,44,10,749.00,"7,490.00"
2021-03-03,2021030305008075,PLI,8,41,10,750.00,"7,500.00"
2021-03-03,2021030305008054,PLI,39,13,10,748.00,"7,480.00"
2021-03-03,2021030305008047,PLI,39,45,10,748.00,"7,480.00"
2021-03-03,2021030305008043,PLI,39,58,10,748.00,"7,480.00"
2021-03-03,2021030305008154,PLI,38,58,10,749.00,"7,490.00"
2021-03-03,2021030305008129,PLI,8,45,10,750.00,"7,500.00"
2021-03-03,2021030305008124,PLI,38,52,10,749.00,"7,490.00"
2021-03-03,2021030305008103,PLI,53,42,10,749.00,"7,490.00"
2021-03-03,2021030305008086,PLI,53,22,10,749.00,"7,490.00"
2021-03-03,2021030305008085,PLI,53,45,10,749.00,"7,490.00"
2021-03-03,2021030305008188,PLI,39,28,10,748.00,"7,480.00"
2021-03-03,2021030305008186,PLI,58,14,10,749.00,"7,490.00"
2021-03-03,2021030305008179,PLI,50,28,10,749.00,"7,490.00"
2021-03-03,2021030305008174,PLI,50,14,10,749.00,"7,490.00"
2021-03-03,2021030305008157,PLI,38,1,10,749.00,"7,490.00"
2021-03-03,2021030305008155,PLI,38,45,10,749.00,"7,490.00"
2021-03-03,2021030305008292,PLI,39,39,10,748.00,"7,480.00"
2021-03-03,2021030305008280,PLI,39,48,10,748.00,"7,480.00"
2021-03-03,2021030305008261,PLI,39,48,10,748.00,"7,480.00"
2021-03-03,2021030305008250,PLI,39,48,10,748.00,"7,480.00"
2021-03-03,2021030305008205,PLI,39,28,10,748.00,"7,480.00"
2021-03-03,2021030305008196,PLI,39,28,10,748.00,"7,480.00"
2021-03-03,2021030305008348,PLI,50,58,10,749.00,"7,490.00"
2021-03-03,2021030305008347,PLI,50,22,10,749.00,"7,490.00"
2021-03-03,2021030305008343,PLI,39,55,10,748.00,"7,480.00"
2021-03-03,2021030305008331,PLI,39,4,10,748.00,"7,480.00"
2021-03-03,2021030305008321,PLI,39,35,10,748.00,"7,480.00"
2021-03-03,2021030305008295,PLI,39,26,10,748.00,"7,480.00"
2021-03-03,2021030305007885,NIFRA,55,52,10,510.00,"5,100.00"
2021-03-03,2021030305007884,NIFRA,55,49,60,510.00,"30,600.00"
2021-03-03,2021030305007883,NIFRA,55,21,60,510.00,"30,600.00"
2021-03-03,2021030305007882,NIFRA,55,38,50,510.00,"25,500.00"
2021-03-03,2021030305007881,NIFRA,55,58,50,510.00,"25,500.00"
2021-03-03,2021030305007880,NIFRA,55,42,60,510.00,"30,600.00"
2021-03-03,2021030305007387,NIFRA,45,56,50,506.00,"25,300.00"
2021-03-03,2021030305007396,NIFRA,45,48,10,506.00,"5,060.00"
2021-03-03,2021030305007395,NIFRA,45,38,60,506.00,"30,360.00"
2021-03-03,2021030305007394,NIFRA,45,51,50,506.00,"25,300.00"
2021-03-03,2021030305007393,NIFRA,45,47,50,506.00,"25,300.00"
2021-03-03,2021030305007392,NIFRA,45,38,60,506.00,"30,360.00"
2021-03-03,2021030305007391,NIFRA,45,8,50,506.00,"25,300.00"
2021-03-03,2021030305007402,NIFRA,45,4,50,506.00,"25,300.00"
2021-03-03,2021030305007401,NIFRA,45,14,50,506.00,"25,300.00"
2021-03-03,2021030305007400,NIFRA,45,8,50,506.00,"25,300.00"
2021-03-03,2021030305007399,NIFRA,45,38,50,506.00,"25,300.00"
2021-03-03,2021030305007398,NIFRA,45,52,50,506.00,"25,300.00"
2021-03-03,2021030305007397,NIFRA,45,42,30,506.00,"15,180.00"
2021-03-03,2021030305007408,NIFRA,45,8,50,506.00,"25,300.00"
2021-03-03,2021030305007407,NIFRA,25,59,150,507.00,"76,050.00"
2021-03-03,2021030305007406,NIFRA,25,41,50,507.00,"25,350.00"
2021-03-03,2021030305007405,NIFRA,45,58,50,506.00,"25,300.00"
2021-03-03,2021030305007404,NIFRA,45,8,50,506.00,"25,300.00"
2021-03-03,2021030305007403,NIFRA,45,45,60,506.00,"30,360.00"
2021-03-03,2021030305007414,NIFRA,45,45,50,506.00,"25,300.00"
2021-03-03,2021030305007413,NIFRA,45,32,50,506.00,"25,300.00"
2021-03-03,2021030305007412,NIFRA,45,1,50,506.00,"25,300.00"
2021-03-03,2021030305007411,NIFRA,45,57,50,506.00,"25,300.00"
2021-03-03,2021030305007410,NIFRA,45,53,70,506.00,"35,420.00"
2021-03-03,2021030305007409,NIFRA,45,57,50,506.00,"25,300.00"
2021-03-03,2021030305007421,NIFRA,22,8,50,506.00,"25,300.00"
2021-03-03,2021030305007420,NIFRA,22,38,50,506.00,"25,300.00"
2021-03-03,2021030305007419,NIFRA,22,38,50,506.00,"25,300.00"
2021-03-03,2021030305007417,NIFRA,22,4,50,506.00,"25,300.00"
2021-03-03,2021030305007416,NIFRA,22,8,40,506.00,"20,240.00"
2021-03-03,2021030305007415,NIFRA,45,8,10,506.00,"5,060.00"
2021-03-03,2021030305007432,NIFRA,22,8,10,506.00,"5,060.00"
2021-03-03,2021030305007430,NIFRA,34,59,100,507.00,"50,700.00"
2021-03-03,2021030305007427,NIFRA,22,58,150,506.00,"75,900.00"
2021-03-03,2021030305007426,NIFRA,22,59,50,506.00,"25,300.00"
2021-03-03,2021030305007423,NIFRA,22,59,50,507.00,"25,350.00"
2021-03-03,2021030305007422,NIFRA,22,39,50,506.00,"25,300.00"
2021-03-03,2021030305007439,NIFRA,25,34,50,506.00,"25,300.00"
2021-03-03,2021030305007438,NIFRA,59,3,60,506.00,"30,360.00"
2021-03-03,2021030305007437,NIFRA,59,42,50,506.00,"25,300.00"
2021-03-03,2021030305007436,NIFRA,59,8,50,506.00,"25,300.00"
2021-03-03,2021030305007435,NIFRA,59,8,50,506.00,"25,300.00"
2021-03-03,2021030305007433,NIFRA,59,8,40,506.00,"20,240.00"
2021-03-03,2021030305007447,NIFRA,25,1,50,506.00,"25,300.00"
2021-03-03,2021030305007446,NIFRA,25,8,50,506.00,"25,300.00"
2021-03-03,2021030305007445,NIFRA,25,8,50,506.00,"25,300.00"
2021-03-03,2021030305007444,NIFRA,25,58,50,506.00,"25,300.00"
2021-03-03,2021030305007443,NIFRA,25,36,12,506.00,"6,072.00"
2021-03-03,2021030305007442,NIFRA,56,36,500,506.00,"253,000.00"
2021-03-03,2021030305007453,NIFRA,17,47,50,506.00,"25,300.00"
2021-03-03,2021030305007452,NIFRA,11,57,8,506.00,"4,048.00"
2021-03-03,2021030305007451,NIFRA,11,35,42,506.00,"21,252.00"
2021-03-03,2021030305007450,NIFRA,5,35,10,506.00,"5,060.00"
2021-03-03,2021030305007449,NIFRA,38,35,10,506.00,"5,060.00"
2021-03-03,2021030305007448,NIFRA,25,35,238,506.00,"120,428.00"
2021-03-03,2021030305007459,NIFRA,56,58,50,506.00,"25,300.00"
2021-03-03,2021030305007458,NIFRA,56,8,30,506.00,"15,180.00"
2021-03-03,2021030305007457,NIFRA,17,8,20,506.00,"10,120.00"
2021-03-03,2021030305007456,NIFRA,51,1,60,506.00,"30,360.00"
2021-03-03,2021030305007455,NIFRA,49,59,10,506.00,"5,060.00"
2021-03-03,2021030305007454,NIFRA,41,59,50,506.00,"25,300.00"
2021-03-03,2021030305007466,NIFRA,29,21,60,506.00,"30,360.00"
2021-03-03,2021030305007464,NIFRA,29,58,50,506.00,"25,300.00"
2021-03-03,2021030305007463,NIFRA,29,8,30,506.00,"15,180.00"
2021-03-03,2021030305007462,NIFRA,56,8,20,506.00,"10,120.00"
2021-03-03,2021030305007461,NIFRA,17,1,30,507.00,"15,210.00"
2021-03-03,2021030305007460,NIFRA,17,59,270,507.00,"136,890.00"
2021-03-03,2021030305007472,NIFRA,29,59,50,506.00,"25,300.00"
2021-03-03,2021030305007471,NIFRA,51,1,10,507.00,"5,070.00"
2021-03-03,2021030305007470,NIFRA,29,5,60,506.00,"30,360.00"
2021-03-03,2021030305007469,NIFRA,29,36,50,506.00,"25,300.00"
2021-03-03,2021030305007468,NIFRA,29,8,50,506.00,"25,300.00"
2021-03-03,2021030305007467,NIFRA,29,39,50,506.00,"25,300.00"
2021-03-03,2021030305007479,NIFRA,35,58,50,506.00,"25,300.00"
2021-03-03,2021030305007478,NIFRA,1,1,60,507.00,"30,420.00"
2021-03-03,2021030305007476,NIFRA,35,8,50,506.00,"25,300.00"
2021-03-03,2021030305007475,NIFRA,59,1,20,507.00,"10,140.00"
2021-03-03,2021030305007474,NIFRA,29,8,50,506.00,"25,300.00"
2021-03-03,2021030305007473,NIFRA,29,52,50,506.00,"25,300.00"
2021-03-03,2021030305007487,NIFRA,22,57,50,506.00,"25,300.00"
2021-03-03,2021030305007486,NIFRA,22,19,60,506.00,"30,360.00"
2021-03-03,2021030305007485,NIFRA,25,8,50,506.00,"25,300.00"
2021-03-03,2021030305007483,NIFRA,51,8,50,506.00,"25,300.00"
2021-03-03,2021030305007482,NIFRA,45,14,50,506.00,"25,300.00"
2021-03-03,2021030305007480,NIFRA,35,57,50,506.00,"25,300.00"
2021-03-03,2021030305007493,NIFRA,22,8,50,506.00,"25,300.00"
2021-03-03,2021030305007492,NIFRA,22,3,60,506.00,"30,360.00"
2021-03-03,2021030305007491,NIFRA,3,1,500,507.00,"253,500.00"
2021-03-03,2021030305007490,NIFRA,22,38,60,506.00,"30,360.00"
2021-03-03,2021030305007489,NIFRA,28,1,100,507.00,"50,700.00"
2021-03-03,2021030305007488,NIFRA,22,26,60,506.00,"30,360.00"
2021-03-03,2021030305007501,NIFRA,3,58,50,506.00,"25,300.00"
2021-03-03,2021030305007498,NIFRA,3,8,20,506.00,"10,120.00"
2021-03-03,2021030305007497,NIFRA,22,8,30,506.00,"15,180.00"
2021-03-03,2021030305007496,NIFRA,22,40,50,506.00,"25,300.00"
2021-03-03,2021030305007495,NIFRA,22,1,50,506.00,"25,300.00"
2021-03-03,2021030305007494,NIFRA,22,38,30,506.00,"15,180.00"
2021-03-03,2021030305007507,NIFRA,7,26,60,506.00,"30,360.00"
2021-03-03,2021030305007506,NIFRA,7,58,50,506.00,"25,300.00"
2021-03-03,2021030305007505,NIFRA,7,59,50,506.00,"25,300.00"
2021-03-03,2021030305007504,NIFRA,7,8,10,506.00,"5,060.00"
2021-03-03,2021030305007503,NIFRA,34,8,10,506.00,"5,060.00"
2021-03-03,2021030305007502,NIFRA,3,8,30,506.00,"15,180.00"
2021-03-03,2021030305007513,NIFRA,32,13,30,506.00,"15,180.00"
2021-03-03,2021030305007512,NIFRA,38,13,20,506.00,"10,120.00"
2021-03-03,2021030305007511,NIFRA,6,8,50,506.00,"25,300.00"
2021-03-03,2021030305007510,NIFRA,6,8,50,506.00,"25,300.00"
2021-03-03,2021030305007509,NIFRA,52,45,10,506.00,"5,060.00"
2021-03-03,2021030305007508,NIFRA,7,45,30,506.00,"15,180.00"
2021-03-03,2021030305007520,NIFRA,37,1,280,507.00,"141,960.00"
2021-03-03,2021030305007519,NIFRA,14,8,10,506.00,"5,060.00"
2021-03-03,2021030305007518,NIFRA,32,8,40,506.00,"20,240.00"
2021-03-03,2021030305007517,NIFRA,32,22,30,506.00,"15,180.00"
2021-03-03,2021030305007516,NIFRA,32,8,50,506.00,"25,300.00"
2021-03-03,2021030305007514,NIFRA,32,58,50,506.00,"25,300.00"
2021-03-03,2021030305007526,NIFRA,41,8,60,506.00,"30,360.00"
2021-03-03,2021030305007525,NIFRA,37,51,30,507.00,"15,210.00"
2021-03-03,2021030305007524,NIFRA,37,42,50,507.00,"25,350.00"
2021-03-03,2021030305007523,NIFRA,37,17,60,507.00,"30,420.00"
2021-03-03,2021030305007522,NIFRA,37,33,50,507.00,"25,350.00"
2021-03-03,2021030305007521,NIFRA,37,34,30,507.00,"15,210.00"
2021-03-03,2021030305007537,NIFRA,42,41,50,506.00,"25,300.00"
2021-03-03,2021030305007531,NIFRA,42,29,10,506.00,"5,060.00"
2021-03-03,2021030305007530,NIFRA,16,29,40,506.00,"20,240.00"
2021-03-03,2021030305007529,NIFRA,16,8,50,506.00,"25,300.00"
2021-03-03,2021030305007528,NIFRA,16,58,10,506.00,"5,060.00"
2021-03-03,2021030305007527,NIFRA,41,58,40,506.00,"20,240.00"
2021-03-03,2021030305007544,NIFRA,42,8,20,506.00,"10,120.00"
2021-03-03,2021030305007543,NIFRA,58,51,50,507.00,"25,350.00"
2021-03-03,2021030305007542,NIFRA,42,29,60,506.00,"30,360.00"
2021-03-03,2021030305007540,NIFRA,42,32,60,506.00,"30,360.00"
2021-03-03,2021030305007539,NIFRA,42,8,50,506.00,"25,300.00"
2021-03-03,2021030305007538,NIFRA,42,56,50,506.00,"25,300.00"
2021-03-03,2021030305007550,NIFRA,16,33,10,507.00,"5,070.00"
2021-03-03,2021030305007549,NIFRA,16,25,30,507.00,"15,210.00"
2021-03-03,2021030305007548,NIFRA,33,8,50,506.00,"25,300.00"
2021-03-03,2021030305007547,NIFRA,33,26,50,506.00,"25,300.00"
2021-03-03,2021030305007546,NIFRA,33,32,50,506.00,"25,300.00"
2021-03-03,2021030305007545,NIFRA,32,8,30,506.00,"15,180.00"
2021-03-03,2021030305007556,NIFRA,33,8,30,506.00,"15,180.00"
2021-03-03,2021030305007555,NIFRA,33,59,50,506.00,"25,300.00"
2021-03-03,2021030305007554,NIFRA,33,42,60,506.00,"30,360.00"
2021-03-03,2021030305007553,NIFRA,33,59,60,506.00,"30,360.00"
2021-03-03,2021030305007552,NIFRA,58,42,50,507.00,"25,350.00"
2021-03-03,2021030305007551,NIFRA,58,33,50,507.00,"25,350.00"
2021-03-03,2021030305007564,NIFRA,17,28,50,507.00,"25,350.00"
2021-03-03,2021030305007563,NIFRA,17,33,50,507.00,"25,350.00"
2021-03-03,2021030305007562,NIFRA,17,37,50,507.00,"25,350.00"
2021-03-03,2021030305007561,NIFRA,17,49,40,507.00,"20,280.00"
2021-03-03,2021030305007560,NIFRA,17,25,30,507.00,"15,210.00"
2021-03-03,2021030305007557,NIFRA,3,8,20,506.00,"10,120.00"
2021-03-03,2021030305007570,NIFRA,3,59,50,506.00,"25,300.00"
2021-03-03,2021030305007569,NIFRA,3,59,50,506.00,"25,300.00"
2021-03-03,2021030305007568,NIFRA,3,8,50,506.00,"25,300.00"
2021-03-03,2021030305007567,NIFRA,3,8,50,506.00,"25,300.00"
2021-03-03,2021030305007566,NIFRA,3,17,10,506.00,"5,060.00"
2021-03-03,2021030305007565,NIFRA,17,17,40,507.00,"20,280.00"
2021-03-03,2021030305007576,NIFRA,3,19,60,506.00,"30,360.00"
2021-03-03,2021030305007575,NIFRA,3,8,50,506.00,"25,300.00"
2021-03-03,2021030305007574,NIFRA,49,38,50,508.00,"25,400.00"
2021-03-03,2021030305007573,NIFRA,49,22,50,508.00,"25,400.00"
2021-03-03,2021030305007572,NIFRA,49,59,50,508.00,"25,400.00"
2021-03-03,2021030305007571,NIFRA,49,58,50,508.00,"25,400.00"
2021-03-03,2021030305007583,NIFRA,3,8,50,506.00,"25,300.00"
2021-03-03,2021030305007582,NIFRA,3,59,60,506.00,"30,360.00"
2021-03-03,2021030305007581,NIFRA,3,8,50,506.00,"25,300.00"
2021-03-03,2021030305007580,NIFRA,3,19,60,506.00,"30,360.00"
2021-03-03,2021030305007579,NIFRA,3,45,50,506.00,"25,300.00"
2021-03-03,2021030305007577,NIFRA,3,59,50,506.00,"25,300.00"
2021-03-03,2021030305007589,NIFRA,3,55,50,506.00,"25,300.00"
2021-03-03,2021030305007588,NIFRA,3,38,60,506.00,"30,360.00"
2021-03-03,2021030305007587,NIFRA,3,34,30,506.00,"15,180.00"
2021-03-03,2021030305007586,NIFRA,3,19,60,506.00,"30,360.00"
2021-03-03,2021030305007585,NIFRA,3,8,50,506.00,"25,300.00"
2021-03-03,2021030305007584,NIFRA,3,21,30,506.00,"15,180.00"
2021-03-03,2021030305007595,NIFRA,42,22,40,507.00,"20,280.00"
2021-03-03,2021030305007594,NIFRA,42,33,50,507.00,"25,350.00"
2021-03-03,2021030305007593,NIFRA,42,8,50,507.00,"25,350.00"
2021-03-03,2021030305007592,NIFRA,42,52,60,507.00,"30,420.00"
2021-03-03,2021030305007591,NIFRA,46,42,50,506.00,"25,300.00"
2021-03-03,2021030305007590,NIFRA,46,55,10,506.00,"5,060.00"
2021-03-03,2021030305007602,NIFRA,46,59,50,506.00,"25,300.00"
2021-03-03,2021030305007601,NIFRA,6,36,50,508.00,"25,400.00"
2021-03-03,2021030305007600,NIFRA,49,8,50,507.00,"25,350.00"
2021-03-03,2021030305007599,NIFRA,49,19,60,507.00,"30,420.00"
2021-03-03,2021030305007597,NIFRA,49,40,10,507.00,"5,070.00"
2021-03-03,2021030305007596,NIFRA,49,22,20,507.00,"10,140.00"
2021-03-03,2021030305007608,NIFRA,6,41,20,506.00,"10,120.00"
2021-03-03,2021030305007607,NIFRA,46,41,40,506.00,"20,240.00"
2021-03-03,2021030305007606,NIFRA,46,8,50,506.00,"25,300.00"
2021-03-03,2021030305007605,NIFRA,46,57,50,506.00,"25,300.00"
2021-03-03,2021030305007604,NIFRA,46,17,50,506.00,"25,300.00"
2021-03-03,2021030305007603,NIFRA,46,19,50,506.00,"25,300.00"
2021-03-03,2021030305007614,NIFRA,21,36,10,508.00,"5,080.00"
2021-03-03,2021030305007613,NIFRA,21,1,10,507.00,"5,070.00"
2021-03-03,2021030305007612,NIFRA,1,59,60,506.00,"30,360.00"
2021-03-03,2021030305007611,NIFRA,1,6,32,506.00,"16,192.00"
2021-03-03,2021030305007610,NIFRA,6,6,18,506.00,"9,108.00"
2021-03-03,2021030305007609,NIFRA,6,39,60,506.00,"30,360.00"
2021-03-03,2021030305007621,NIFRA,43,8,50,506.00,"25,300.00"
2021-03-03,2021030305007620,NIFRA,36,38,50,508.00,"25,400.00"
2021-03-03,2021030305007619,NIFRA,36,52,50,507.00,"25,350.00"
2021-03-03,2021030305007618,NIFRA,43,19,50,506.00,"25,300.00"
2021-03-03,2021030305007616,NIFRA,1,54,50,506.00,"25,300.00"
2021-03-03,2021030305007615,NIFRA,1,55,50,506.00,"25,300.00"
2021-03-03,2021030305007628,NIFRA,6,46,30,506.00,"15,180.00"
2021-03-03,2021030305007627,NIFRA,6,39,100,506.00,"50,600.00"
2021-03-03,2021030305007626,NIFRA,43,55,50,506.00,"25,300.00"
2021-03-03,2021030305007625,NIFRA,43,55,50,506.00,"25,300.00"
2021-03-03,2021030305007624,NIFRA,43,8,50,506.00,"25,300.00"
2021-03-03,2021030305007622,NIFRA,43,57,50,506.00,"25,300.00"
2021-03-03,2021030305007634,NIFRA,16,56,50,506.00,"25,300.00"
2021-03-03,2021030305007633,NIFRA,16,1,60,506.00,"30,360.00"
2021-03-03,2021030305007632,NIFRA,16,39,50,506.00,"25,300.00"
2021-03-03,2021030305007631,NIFRA,16,8,50,506.00,"25,300.00"
2021-03-03,2021030305007630,NIFRA,16,17,50,506.00,"25,300.00"
2021-03-03,2021030305007629,NIFRA,16,46,20,506.00,"10,120.00"
2021-03-03,2021030305007640,NIFRA,16,18,50,506.00,"25,300.00"
2021-03-03,2021030305007639,NIFRA,16,26,60,506.00,"30,360.00"
2021-03-03,2021030305007638,NIFRA,16,8,50,506.00,"25,300.00"
2021-03-03,2021030305007637,NIFRA,16,49,50,506.00,"25,300.00"
2021-03-03,2021030305007636,NIFRA,16,35,60,506.00,"30,360.00"
2021-03-03,2021030305007635,NIFRA,16,42,50,506.00,"25,300.00"
2021-03-03,2021030305007646,NIFRA,35,49,120,507.00,"60,840.00"
2021-03-03,2021030305007645,NIFRA,35,33,50,507.00,"25,350.00"
2021-03-03,2021030305007644,NIFRA,35,42,30,507.00,"15,210.00"
2021-03-03,2021030305007643,NIFRA,16,42,50,506.00,"25,300.00"
2021-03-03,2021030305007642,NIFRA,16,8,60,506.00,"30,360.00"
2021-03-03,2021030305007641,NIFRA,16,45,50,506.00,"25,300.00"
2021-03-03,2021030305007652,NIFRA,3,49,60,507.00,"30,420.00"
2021-03-03,2021030305007651,NIFRA,16,39,50,506.00,"25,300.00"
2021-03-03,2021030305007650,NIFRA,16,26,60,506.00,"30,360.00"
2021-03-03,2021030305007649,NIFRA,16,28,50,506.00,"25,300.00"
2021-03-03,2021030305007648,NIFRA,16,22,50,506.00,"25,300.00"
2021-03-03,2021030305007647,NIFRA,1,49,58,507.00,"29,406.00"
2021-03-03,2021030305007658,NIFRA,10,33,50,506.00,"25,300.00"
2021-03-03,2021030305007657,NIFRA,10,38,40,506.00,"20,240.00"
2021-03-03,2021030305007656,NIFRA,14,38,20,506.00,"10,120.00"
2021-03-03,2021030305007655,NIFRA,14,8,60,506.00,"30,360.00"
2021-03-03,2021030305007654,NIFRA,14,48,20,506.00,"10,120.00"
2021-03-03,2021030305007653,NIFRA,16,48,30,506.00,"15,180.00"
2021-03-03,2021030305007664,NIFRA,52,49,160,507.00,"81,120.00"
2021-03-03,2021030305007663,NIFRA,16,45,60,506.00,"30,360.00"
2021-03-03,2021030305007662,NIFRA,16,45,60,506.00,"30,360.00"
2021-03-03,2021030305007661,NIFRA,50,49,60,507.00,"30,420.00"
2021-03-03,2021030305007660,NIFRA,10,43,50,506.00,"25,300.00"
2021-03-03,2021030305007659,NIFRA,10,26,60,506.00,"30,360.00"
2021-03-03,2021030305007671,NIFRA,16,26,60,506.00,"30,360.00"
2021-03-03,2021030305007670,NIFRA,16,35,10,506.00,"5,060.00"
2021-03-03,2021030305007669,NIFRA,40,49,30,507.00,"15,210.00"
2021-03-03,2021030305007668,NIFRA,16,34,10,506.00,"5,060.00"
2021-03-03,2021030305007667,NIFRA,16,14,60,506.00,"30,360.00"
2021-03-03,2021030305007665,NIFRA,16,22,50,506.00,"25,300.00"
2021-03-03,2021030305007677,NIFRA,16,45,50,506.00,"25,300.00"
2021-03-03,2021030305007676,NIFRA,16,28,50,506.00,"25,300.00"
2021-03-03,2021030305007675,NIFRA,45,49,100,507.00,"50,700.00"
2021-03-03,2021030305007674,NIFRA,16,8,60,506.00,"30,360.00"
2021-03-03,2021030305007673,NIFRA,36,49,50,507.00,"25,350.00"
2021-03-03,2021030305007672,NIFRA,8,49,100,507.00,"50,700.00"
2021-03-03,2021030305007686,NIFRA,16,8,50,506.00,"25,300.00"
2021-03-03,2021030305007682,NIFRA,16,8,60,506.00,"30,360.00"
2021-03-03,2021030305007681,NIFRA,16,16,50,506.00,"25,300.00"
2021-03-03,2021030305007680,NIFRA,16,45,60,506.00,"30,360.00"
2021-03-03,2021030305007679,NIFRA,16,49,100,507.00,"50,700.00"
2021-03-03,2021030305007678,NIFRA,16,51,50,506.00,"25,300.00"
2021-03-03,2021030305007692,NIFRA,16,8,60,506.00,"30,360.00"
2021-03-03,2021030305007691,NIFRA,49,33,50,507.00,"25,350.00"
2021-03-03,2021030305007690,NIFRA,49,39,50,507.00,"25,350.00"
2021-03-03,2021030305007689,NIFRA,49,52,60,507.00,"30,420.00"
2021-03-03,2021030305007688,NIFRA,49,49,323,507.00,"163,761.00"
2021-03-03,2021030305007687,NIFRA,16,33,60,506.00,"30,360.00"
2021-03-03,2021030305007700,NIFRA,51,16,50,507.00,"25,350.00"
2021-03-03,2021030305007698,NIFRA,51,33,10,507.00,"5,070.00"
2021-03-03,2021030305007696,NIFRA,49,42,10,506.00,"5,060.00"
2021-03-03,2021030305007695,NIFRA,16,42,40,506.00,"20,240.00"
2021-03-03,2021030305007694,NIFRA,16,52,50,506.00,"25,300.00"
2021-03-03,2021030305007693,NIFRA,16,28,50,506.00,"25,300.00"
2021-03-03,2021030305007707,NIFRA,38,8,60,507.00,"30,420.00"
2021-03-03,2021030305007706,NIFRA,38,45,30,507.00,"15,210.00"
2021-03-03,2021030305007705,NIFRA,38,55,30,507.00,"15,210.00"
2021-03-03,2021030305007704,NIFRA,51,55,20,507.00,"10,140.00"
2021-03-03,2021030305007702,NIFRA,51,8,60,507.00,"30,420.00"
2021-03-03,2021030305007701,NIFRA,51,45,60,507.00,"30,420.00"
2021-03-03,2021030305007720,NIFRA,6,47,60,508.00,"30,480.00"
2021-03-03,2021030305007719,NIFRA,38,22,50,507.00,"25,350.00"
2021-03-03,2021030305007718,NIFRA,38,29,60,507.00,"30,420.00"
2021-03-03,2021030305007717,NIFRA,38,1,50,507.00,"25,350.00"
2021-03-03,2021030305007716,NIFRA,38,28,60,507.00,"30,420.00"
2021-03-03,2021030305007715,NIFRA,38,38,50,507.00,"25,350.00"
2021-03-03,2021030305007726,NIFRA,6,46,50,508.00,"25,400.00"
2021-03-03,2021030305007725,NIFRA,6,58,50,508.00,"25,400.00"
2021-03-03,2021030305007724,NIFRA,6,3,25,508.00,"12,700.00"
2021-03-03,2021030305007723,NIFRA,6,39,60,508.00,"30,480.00"
2021-03-03,2021030305007722,NIFRA,6,29,50,508.00,"25,400.00"
2021-03-03,2021030305007721,NIFRA,6,52,50,508.00,"25,400.00"
2021-03-03,2021030305007738,NIFRA,37,33,50,508.00,"25,400.00"
2021-03-03,2021030305007731,NIFRA,38,45,50,507.00,"25,350.00"
2021-03-03,2021030305007730,NIFRA,41,8,5,500.00,"2,500.00"
2021-03-03,2021030305007729,NIFRA,6,8,55,508.00,"27,940.00"
2021-03-03,2021030305007728,NIFRA,6,16,50,508.00,"25,400.00"
2021-03-03,2021030305007727,NIFRA,6,29,50,508.00,"25,400.00"
2021-03-03,2021030305007745,NIFRA,13,48,10,507.00,"5,070.00"
2021-03-03,2021030305007744,NIFRA,38,8,60,507.00,"30,420.00"
2021-03-03,2021030305007743,NIFRA,37,42,20,508.00,"10,160.00"
2021-03-03,2021030305007742,NIFRA,37,17,50,508.00,"25,400.00"
2021-03-03,2021030305007741,NIFRA,37,8,60,508.00,"30,480.00"
2021-03-03,2021030305007740,NIFRA,37,1,50,508.00,"25,400.00"
2021-03-03,2021030305007752,NIFRA,38,56,50,507.00,"25,350.00"
2021-03-03,2021030305007751,NIFRA,38,21,50,507.00,"25,350.00"
2021-03-03,2021030305007749,NIFRA,38,1,50,507.00,"25,350.00"
2021-03-03,2021030305007748,NIFRA,38,14,60,507.00,"30,420.00"
2021-03-03,2021030305007747,NIFRA,38,34,10,507.00,"5,070.00"
2021-03-03,2021030305007746,NIFRA,13,34,40,507.00,"20,280.00"
2021-03-03,2021030305007759,NIFRA,49,42,50,508.00,"25,400.00"
2021-03-03,2021030305007758,NIFRA,49,49,50,508.00,"25,400.00"
2021-03-03,2021030305007757,NIFRA,49,42,20,508.00,"10,160.00"
2021-03-03,2021030305007756,NIFRA,38,36,50,507.00,"25,350.00"
2021-03-03,2021030305007755,NIFRA,38,38,60,507.00,"30,420.00"
2021-03-03,2021030305007754,NIFRA,38,8,60,507.00,"30,420.00"
2021-03-03,2021030305007765,NIFRA,49,45,50,508.00,"25,400.00"
2021-03-03,2021030305007764,NIFRA,49,36,50,508.00,"25,400.00"
2021-03-03,2021030305007763,NIFRA,49,6,50,508.00,"25,400.00"
2021-03-03,2021030305007762,NIFRA,49,8,60,508.00,"30,480.00"
2021-03-03,2021030305007761,NIFRA,49,28,60,508.00,"30,480.00"
2021-03-03,2021030305007760,NIFRA,49,38,10,508.00,"5,080.00"
2021-03-03,2021030305007771,NIFRA,21,52,8,507.00,"4,056.00"
2021-03-03,2021030305007770,NIFRA,34,52,42,507.00,"21,294.00"
2021-03-03,2021030305007769,NIFRA,34,38,10,507.00,"5,070.00"
2021-03-03,2021030305007768,NIFRA,38,38,50,507.00,"25,350.00"
2021-03-03,2021030305007767,NIFRA,38,8,60,507.00,"30,420.00"
2021-03-03,2021030305007766,NIFRA,49,36,50,508.00,"25,400.00"
2021-03-03,2021030305007778,NIFRA,42,45,50,509.00,"25,450.00"
2021-03-03,2021030305007777,NIFRA,42,6,20,509.00,"10,180.00"
2021-03-03,2021030305007776,NIFRA,42,22,50,509.00,"25,450.00"
2021-03-03,2021030305007775,NIFRA,42,8,50,509.00,"25,450.00"
2021-03-03,2021030305007774,NIFRA,42,16,110,509.00,"55,990.00"
2021-03-03,2021030305007773,NIFRA,42,1,50,508.00,"25,400.00"
2021-03-03,2021030305007784,NIFRA,42,8,60,509.00,"30,540.00"
2021-03-03,2021030305007783,NIFRA,42,52,50,509.00,"25,450.00"
2021-03-03,2021030305007782,NIFRA,42,8,60,509.00,"30,540.00"
2021-03-03,2021030305007781,NIFRA,42,8,50,509.00,"25,450.00"
2021-03-03,2021030305007780,NIFRA,42,8,60,509.00,"30,540.00"
2021-03-03,2021030305007779,NIFRA,42,39,10,509.00,"5,090.00"
2021-03-03,2021030305007790,NIFRA,42,43,20,510.00,"10,200.00"
2021-03-03,2021030305007789,NIFRA,42,49,60,510.00,"30,600.00"
2021-03-03,2021030305007788,NIFRA,42,58,50,510.00,"25,500.00"
2021-03-03,2021030305007787,NIFRA,42,38,10,510.00,"5,100.00"
2021-03-03,2021030305007786,NIFRA,42,8,50,509.00,"25,450.00"
2021-03-03,2021030305007785,NIFRA,42,49,50,509.00,"25,450.00"
2021-03-03,2021030305007796,NIFRA,42,51,50,510.00,"25,500.00"
2021-03-03,2021030305007795,NIFRA,42,52,50,510.00,"25,500.00"
2021-03-03,2021030305007794,NIFRA,42,13,50,510.00,"25,500.00"
2021-03-03,2021030305007793,NIFRA,42,19,50,510.00,"25,500.00"
2021-03-03,2021030305007792,NIFRA,42,26,200,510.00,"102,000.00"
2021-03-03,2021030305007791,NIFRA,42,51,50,510.00,"25,500.00"
2021-03-03,2021030305007802,NIFRA,42,42,30,510.00,"15,300.00"
2021-03-03,2021030305007801,NIFRA,42,33,50,510.00,"25,500.00"
2021-03-03,2021030305007800,NIFRA,42,42,50,510.00,"25,500.00"
2021-03-03,2021030305007799,NIFRA,42,21,50,510.00,"25,500.00"
2021-03-03,2021030305007798,NIFRA,42,58,50,510.00,"25,500.00"
2021-03-03,2021030305007797,NIFRA,42,36,250,510.00,"127,500.00"
2021-03-03,2021030305007808,NIFRA,6,39,50,508.00,"25,400.00"
2021-03-03,2021030305007807,NIFRA,42,35,40,510.00,"20,400.00"
2021-03-03,2021030305007806,NIFRA,42,39,50,510.00,"25,500.00"
2021-03-03,2021030305007805,NIFRA,42,13,50,510.00,"25,500.00"
2021-03-03,2021030305007804,NIFRA,42,45,50,510.00,"25,500.00"
2021-03-03,2021030305007803,NIFRA,42,13,20,510.00,"10,200.00"
2021-03-03,2021030305007815,NIFRA,7,36,60,507.00,"30,420.00"
2021-03-03,2021030305007813,NIFRA,49,8,30,506.00,"15,180.00"
2021-03-03,2021030305007812,NIFRA,57,8,30,507.00,"15,210.00"
2021-03-03,2021030305007811,NIFRA,57,28,60,507.00,"30,420.00"
2021-03-03,2021030305007810,NIFRA,57,8,60,507.00,"30,420.00"
2021-03-03,2021030305007809,NIFRA,6,36,50,508.00,"25,400.00"
2021-03-03,2021030305007823,NIFRA,50,33,50,508.00,"25,400.00"
2021-03-03,2021030305007821,NIFRA,50,8,60,508.00,"30,480.00"
2021-03-03,2021030305007819,NIFRA,50,16,50,508.00,"25,400.00"
2021-03-03,2021030305007818,NIFRA,50,36,10,508.00,"5,080.00"
2021-03-03,2021030305007817,NIFRA,56,38,10,507.00,"5,070.00"
2021-03-03,2021030305007816,NIFRA,7,38,40,507.00,"20,280.00"
2021-03-03,2021030305007834,NIFRA,49,8,50,506.00,"25,300.00"
2021-03-03,2021030305007833,NIFRA,56,8,10,507.00,"5,070.00"
2021-03-03,2021030305007827,NIFRA,56,16,60,507.00,"30,420.00"
2021-03-03,2021030305007826,NIFRA,25,22,50,508.00,"25,400.00"
2021-03-03,2021030305007825,NIFRA,56,36,20,507.00,"10,140.00"
2021-03-03,2021030305007824,NIFRA,50,36,30,508.00,"15,240.00"
2021-03-03,2021030305007840,NIFRA,47,8,60,508.00,"30,480.00"
2021-03-03,2021030305007839,NIFRA,47,35,60,508.00,"30,480.00"
2021-03-03,2021030305007838,NIFRA,47,35,50,508.00,"25,400.00"
2021-03-03,2021030305007837,NIFRA,47,8,50,507.00,"25,350.00"
2021-03-03,2021030305007836,NIFRA,47,49,50,507.00,"25,350.00"
2021-03-03,2021030305007835,NIFRA,47,42,50,507.00,"25,350.00"
2021-03-03,2021030305007847,NIFRA,35,34,20,507.00,"10,140.00"
2021-03-03,2021030305007846,NIFRA,59,38,60,506.00,"30,360.00"
2021-03-03,2021030305007845,NIFRA,59,36,20,506.00,"10,120.00"
2021-03-03,2021030305007844,NIFRA,49,36,10,506.00,"5,060.00"
2021-03-03,2021030305007843,NIFRA,47,36,30,508.00,"15,240.00"
2021-03-03,2021030305007842,NIFRA,47,16,50,508.00,"25,400.00"
2021-03-03,2021030305007853,NIFRA,35,8,60,507.00,"30,420.00"
2021-03-03,2021030305007852,NIFRA,37,42,10,509.00,"5,090.00"
2021-03-03,2021030305007851,NIFRA,37,8,60,509.00,"30,540.00"
2021-03-03,2021030305007850,NIFRA,35,48,50,507.00,"25,350.00"
2021-03-03,2021030305007849,NIFRA,35,43,60,507.00,"30,420.00"
2021-03-03,2021030305007848,NIFRA,35,8,60,507.00,"30,420.00"
2021-03-03,2021030305007861,NIFRA,59,46,20,506.00,"10,120.00"
2021-03-03,2021030305007860,NIFRA,41,46,30,507.00,"15,210.00"
2021-03-03,2021030305007857,NIFRA,41,16,50,507.00,"25,350.00"
2021-03-03,2021030305007856,NIFRA,41,36,60,507.00,"30,420.00"
2021-03-03,2021030305007855,NIFRA,41,52,10,507.00,"5,070.00"
2021-03-03,2021030305007854,NIFRA,35,52,50,507.00,"25,350.00"
2021-03-03,2021030305007867,NIFRA,55,42,40,509.00,"20,360.00"
2021-03-03,2021030305007866,NIFRA,55,8,50,509.00,"25,450.00"
2021-03-03,2021030305007865,NIFRA,55,17,50,508.00,"25,400.00"
2021-03-03,2021030305007864,NIFRA,55,48,60,507.00,"30,420.00"
2021-03-03,2021030305007863,NIFRA,59,8,60,506.00,"30,360.00"
2021-03-03,2021030305007862,NIFRA,59,18,50,506.00,"25,300.00"
2021-03-03,2021030305007873,NIFRA,55,35,10,510.00,"5,100.00"
2021-03-03,2021030305007872,NIFRA,55,49,50,510.00,"25,500.00"
2021-03-03,2021030305007871,NIFRA,55,58,60,509.00,"30,540.00"
2021-03-03,2021030305007870,NIFRA,55,6,50,509.00,"25,450.00"
2021-03-03,2021030305007869,NIFRA,55,6,50,509.00,"25,450.00"
2021-03-03,2021030305007868,NIFRA,55,8,50,509.00,"25,450.00"
2021-03-03,2021030305007879,NIFRA,55,52,40,510.00,"20,400.00"
2021-03-03,2021030305007878,NIFRA,55,58,50,510.00,"25,500.00"
2021-03-03,2021030305007877,NIFRA,55,6,60,510.00,"30,600.00"
2021-03-03,2021030305007876,NIFRA,55,13,20,510.00,"10,200.00"
2021-03-03,2021030305007875,NIFRA,55,49,60,510.00,"30,600.00"
2021-03-03,2021030305007874,NIFRA,55,43,10,510.00,"5,100.00"
2021-03-03,2021030305007886,PLI,42,58,10,745.00,"7,450.00"
2021-03-03,2021030305007859,PLI,57,17,149,746.00,"111,154.00"
2021-03-03,2021030305007858,PLI,3,17,10,746.00,"7,460.00"
2021-03-03,2021030305007841,PLI,38,17,50,746.00,"37,300.00"
2021-03-03,2021030305007832,PLI,58,17,"1,000",746.00,"746,000.00"
2021-03-03,2021030305007831,PLI,55,17,100,746.00,"74,600.00"
2021-03-03,2021030305007388,PLI,45,42,10,747.00,"7,470.00"
2021-03-03,2021030305007428,PLI,42,58,10,750.00,"7,500.00"
2021-03-03,2021030305007425,PLI,39,53,30,746.00,"22,380.00"
2021-03-03,2021030305007424,PLI,43,53,20,746.00,"14,920.00"
2021-03-03,2021030305007418,PLI,43,28,10,746.00,"7,460.00"
2021-03-03,2021030305007390,PLI,45,46,10,750.00,"7,500.00"
2021-03-03,2021030305007389,PLI,45,37,10,750.00,"7,500.00"
2021-03-03,2021030305007465,PLI,39,57,10,746.00,"7,460.00"
2021-03-03,2021030305007441,PLI,39,4,10,746.00,"7,460.00"
2021-03-03,2021030305007440,PLI,51,38,10,746.00,"7,460.00"
2021-03-03,2021030305007434,PLI,39,4,10,746.00,"7,460.00"
2021-03-03,2021030305007431,PLI,39,35,10,746.00,"7,460.00"
2021-03-03,2021030305007429,PLI,42,41,10,750.00,"7,500.00"
2021-03-03,2021030305007515,PLI,39,38,10,746.00,"7,460.00"
2021-03-03,2021030305007500,PLI,39,22,10,747.00,"7,470.00"
2021-03-03,2021030305007499,PLI,39,38,10,747.00,"7,470.00"
2021-03-03,2021030305007484,PLI,39,58,10,747.00,"7,470.00"
2021-03-03,2021030305007481,PLI,39,36,10,747.00,"7,470.00"
2021-03-03,2021030305007477,PLI,39,19,10,747.00,"7,470.00"
2021-03-03,2021030305007541,PLI,39,29,10,746.00,"7,460.00"
2021-03-03,2021030305007536,PLI,58,55,10,750.00,"7,500.00"
2021-03-03,2021030305007535,PLI,58,4,10,750.00,"7,500.00"
2021-03-03,2021030305007534,PLI,58,14,10,750.00,"7,500.00"
2021-03-03,2021030305007533,PLI,58,45,10,749.00,"7,490.00"
2021-03-03,2021030305007532,PLI,58,59,10,748.00,"7,480.00"
2021-03-03,2021030305007623,PLI,40,49,10,746.00,"7,460.00"
2021-03-03,2021030305007617,PLI,6,25,10,750.00,"7,500.00"
2021-03-03,2021030305007598,PLI,40,55,10,746.00,"7,460.00"
2021-03-03,2021030305007578,PLI,38,25,10,747.00,"7,470.00"
2021-03-03,2021030305007559,PLI,40,57,15,746.00,"11,190.00"
2021-03-03,2021030305007558,PLI,39,57,60,746.00,"44,760.00"
2021-03-03,2021030305007699,PLI,37,17,10,750.00,"7,500.00"
2021-03-03,2021030305007697,PLI,37,45,10,750.00,"7,500.00"
2021-03-03,2021030305007685,PLI,37,39,10,750.00,"7,500.00"
2021-03-03,2021030305007684,PLI,37,58,10,750.00,"7,500.00"
2021-03-03,2021030305007683,PLI,37,48,10,750.00,"7,500.00"
2021-03-03,2021030305007666,PLI,51,42,10,747.00,"7,470.00"
2021-03-03,2021030305007712,PLI,37,35,10,752.00,"7,520.00"
2021-03-03,2021030305007711,PLI,37,3,10,752.00,"7,520.00"
2021-03-03,2021030305007710,PLI,37,13,10,752.00,"7,520.00"
2021-03-03,2021030305007709,PLI,37,22,10,752.00,"7,520.00"
2021-03-03,2021030305007708,PLI,37,58,10,752.00,"7,520.00"
2021-03-03,2021030305007703,PLI,37,33,10,750.00,"7,500.00"
2021-03-03,2021030305007735,PLI,37,21,10,753.00,"7,530.00"
2021-03-03,2021030305007734,PLI,37,16,200,753.00,"150,600.00"
2021-03-03,2021030305007733,PLI,37,58,10,753.00,"7,530.00"
2021-03-03,2021030305007732,PLI,37,58,10,753.00,"7,530.00"
2021-03-03,2021030305007714,PLI,37,56,10,752.00,"7,520.00"
2021-03-03,2021030305007713,PLI,37,26,10,752.00,"7,520.00"
2021-03-03,2021030305007772,PLI,40,36,10,746.00,"7,460.00"
2021-03-03,2021030305007753,PLI,40,17,10,746.00,"7,460.00"
2021-03-03,2021030305007750,PLI,40,28,10,746.00,"7,460.00"
2021-03-03,2021030305007739,PLI,3,17,10,751.00,"7,510.00"
2021-03-03,2021030305007737,PLI,37,28,10,753.00,"7,530.00"
2021-03-03,2021030305007736,PLI,37,22,10,753.00,"7,530.00"
2021-03-03,2021030305007830,PLI,17,17,50,746.00,"37,300.00"
2021-03-03,2021030305007829,PLI,47,17,20,746.00,"14,920.00"
2021-03-03,2021030305007828,PLI,40,17,205,746.00,"152,930.00"
2021-03-03,2021030305007822,PLI,40,49,10,746.00,"7,460.00"
2021-03-03,2021030305007820,PLI,40,28,10,746.00,"7,460.00"
2021-03-03,2021030305007814,PLI,40,58,10,746.00,"7,460.00"
2021-03-03,2021030305007342,CGH,48,28,10,550.00,"5,500.00"
2021-03-03,2021030305007310,CGH,48,51,10,550.00,"5,500.00"
2021-03-03,2021030305007386,NIFRA,45,41,10,506.00,"5,060.00"
2021-03-03,2021030305007385,NIFRA,40,58,50,507.00,"25,350.00"
2021-03-03,2021030305007384,NIFRA,45,42,10,506.00,"5,060.00"
2021-03-03,2021030305007383,NIFRA,45,14,50,506.00,"25,300.00"
2021-03-03,2021030305007382,NIFRA,45,57,50,506.00,"25,300.00"
2021-03-03,2021030305007381,NIFRA,45,8,50,506.00,"25,300.00"
2021-03-03,2021030305006892,NIFRA,49,21,50,510.00,"25,500.00"
2021-03-03,2021030305006891,NIFRA,49,8,60,510.00,"30,600.00"
2021-03-03,2021030305006890,NIFRA,49,35,100,510.00,"51,000.00"
2021-03-03,2021030305006889,NIFRA,21,35,100,510.00,"51,000.00"
2021-03-03,2021030305006888,NIFRA,38,35,20,510.00,"10,200.00"
2021-03-03,2021030305006887,NIFRA,8,35,80,510.00,"40,800.00"
2021-03-03,2021030305006899,NIFRA,53,53,20,510.00,"10,200.00"
2021-03-03,2021030305006898,NIFRA,49,48,100,510.00,"51,000.00"
2021-03-03,2021030305006897,NIFRA,49,7,190,510.00,"96,900.00"
2021-03-03,2021030305006896,NIFRA,53,7,50,511.00,"25,550.00"
2021-03-03,2021030305006894,NIFRA,53,49,10,511.00,"5,110.00"
2021-03-03,2021030305006893,NIFRA,53,56,10,511.00,"5,110.00"
2021-03-03,2021030305006912,NIFRA,21,38,220,510.00,"112,200.00"
2021-03-03,2021030305006910,NIFRA,58,21,30,509.00,"15,270.00"
2021-03-03,2021030305006909,NIFRA,53,21,30,510.00,"15,300.00"
2021-03-03,2021030305006908,NIFRA,53,52,50,510.00,"25,500.00"
2021-03-03,2021030305006901,NIFRA,53,36,50,510.00,"25,500.00"
2021-03-03,2021030305006900,NIFRA,53,11,50,510.00,"25,500.00"
2021-03-03,2021030305006919,NIFRA,13,51,50,509.00,"25,450.00"
2021-03-03,2021030305006918,NIFRA,13,47,50,509.00,"25,450.00"
2021-03-03,2021030305006917,NIFRA,13,38,50,509.00,"25,450.00"
2021-03-03,2021030305006916,NIFRA,41,38,20,510.00,"10,200.00"
2021-03-03,2021030305006914,NIFRA,13,21,10,509.00,"5,090.00"
2021-03-03,2021030305006913,NIFRA,58,21,40,509.00,"20,360.00"
2021-03-03,2021030305006925,NIFRA,13,21,50,509.00,"25,450.00"
2021-03-03,2021030305006924,NIFRA,13,18,50,509.00,"25,450.00"
2021-03-03,2021030305006923,NIFRA,13,19,50,509.00,"25,450.00"
2021-03-03,2021030305006922,NIFRA,13,3,50,509.00,"25,450.00"
2021-03-03,2021030305006921,NIFRA,13,8,50,509.00,"25,450.00"
2021-03-03,2021030305006920,NIFRA,13,11,60,509.00,"30,540.00"
2021-03-03,2021030305006939,NIFRA,22,21,50,508.00,"25,400.00"
2021-03-03,2021030305006937,NIFRA,5,16,50,509.00,"25,450.00"
2021-03-03,2021030305006929,NIFRA,59,16,10,509.00,"5,090.00"
2021-03-03,2021030305006928,NIFRA,22,16,70,509.00,"35,630.00"
2021-03-03,2021030305006927,NIFRA,37,16,100,509.00,"50,900.00"
2021-03-03,2021030305006926,NIFRA,13,16,530,509.00,"269,770.00"
2021-03-03,2021030305006945,NIFRA,52,47,60,508.00,"30,480.00"
2021-03-03,2021030305006944,NIFRA,52,52,50,508.00,"25,400.00"
2021-03-03,2021030305006943,NIFRA,52,57,40,508.00,"20,320.00"
2021-03-03,2021030305006942,NIFRA,22,57,20,508.00,"10,160.00"
2021-03-03,2021030305006941,NIFRA,22,13,50,508.00,"25,400.00"
2021-03-03,2021030305006940,NIFRA,22,21,50,508.00,"25,400.00"
2021-03-03,2021030305006953,NIFRA,52,21,50,508.00,"25,400.00"
2021-03-03,2021030305006952,NIFRA,52,47,20,508.00,"10,160.00"
2021-03-03,2021030305006951,NIFRA,52,26,50,508.00,"25,400.00"
2021-03-03,2021030305006950,NIFRA,52,44,60,508.00,"30,480.00"
2021-03-03,2021030305006947,NIFRA,50,16,30,509.00,"15,270.00"
2021-03-03,2021030305006946,NIFRA,52,21,50,508.00,"25,400.00"
2021-03-03,2021030305006959,NIFRA,55,21,20,508.00,"10,160.00"
2021-03-03,2021030305006958,NIFRA,55,57,30,508.00,"15,240.00"
2021-03-03,2021030305006957,NIFRA,8,57,20,508.00,"10,160.00"
2021-03-03,2021030305006956,NIFRA,57,8,50,508.00,"25,400.00"
2021-03-03,2021030305006955,NIFRA,52,21,60,508.00,"30,480.00"
2021-03-03,2021030305006954,NIFRA,52,28,60,508.00,"30,480.00"
2021-03-03,2021030305006966,NIFRA,46,41,27,508.00,"13,716.00"
2021-03-03,2021030305006965,NIFRA,49,41,40,508.00,"20,320.00"
2021-03-03,2021030305006964,NIFRA,22,41,60,508.00,"30,480.00"
2021-03-03,2021030305006962,NIFRA,22,39,40,508.00,"20,320.00"
2021-03-03,2021030305006961,NIFRA,58,39,20,508.00,"10,160.00"
2021-03-03,2021030305006960,NIFRA,58,21,30,508.00,"15,240.00"
2021-03-03,2021030305006972,NIFRA,45,41,50,508.00,"25,400.00"
2021-03-03,2021030305006971,NIFRA,34,41,10,508.00,"5,080.00"
2021-03-03,2021030305006970,NIFRA,42,41,10,508.00,"5,080.00"
2021-03-03,2021030305006969,NIFRA,38,41,20,508.00,"10,160.00"
2021-03-03,2021030305006968,NIFRA,46,41,50,508.00,"25,400.00"
2021-03-03,2021030305006967,NIFRA,49,41,100,508.00,"50,800.00"
2021-03-03,2021030305006978,NIFRA,47,44,40,508.00,"20,320.00"
2021-03-03,2021030305006977,NIFRA,39,16,100,509.00,"50,900.00"
2021-03-03,2021030305006976,NIFRA,47,28,60,508.00,"30,480.00"
2021-03-03,2021030305006975,NIFRA,45,41,60,508.00,"30,480.00"
2021-03-03,2021030305006974,NIFRA,11,41,20,508.00,"10,160.00"
2021-03-03,2021030305006973,NIFRA,47,41,50,508.00,"25,400.00"
2021-03-03,2021030305006984,NIFRA,8,21,60,508.00,"30,480.00"
2021-03-03,2021030305006983,NIFRA,8,21,50,508.00,"25,400.00"
2021-03-03,2021030305006982,NIFRA,8,21,10,508.00,"5,080.00"
2021-03-03,2021030305006981,NIFRA,41,21,20,508.00,"10,160.00"
2021-03-03,2021030305006980,NIFRA,28,21,20,508.00,"10,160.00"
2021-03-03,2021030305006979,NIFRA,28,44,10,508.00,"5,080.00"
2021-03-03,2021030305006990,NIFRA,6,36,98,508.00,"49,784.00"
2021-03-03,2021030305006989,NIFRA,25,36,100,508.00,"50,800.00"
2021-03-03,2021030305006988,NIFRA,34,36,20,508.00,"10,160.00"
2021-03-03,2021030305006987,NIFRA,8,36,80,508.00,"40,640.00"
2021-03-03,2021030305006986,NIFRA,8,8,50,508.00,"25,400.00"
2021-03-03,2021030305006985,NIFRA,8,58,50,508.00,"25,400.00"
2021-03-03,2021030305006996,NIFRA,1,10,10,507.00,"5,070.00"
2021-03-03,2021030305006995,NIFRA,50,10,50,507.00,"25,350.00"
2021-03-03,2021030305006994,NIFRA,33,36,200,508.00,"101,600.00"
2021-03-03,2021030305006993,NIFRA,43,36,50,508.00,"25,400.00"
2021-03-03,2021030305006992,NIFRA,25,36,50,508.00,"25,400.00"
2021-03-03,2021030305006991,NIFRA,56,36,390,508.00,"198,120.00"
2021-03-03,2021030305007003,NIFRA,11,36,50,508.00,"25,400.00"
2021-03-03,2021030305007002,NIFRA,34,8,20,507.00,"10,140.00"
2021-03-03,2021030305007001,NIFRA,22,8,40,507.00,"20,280.00"
2021-03-03,2021030305007000,NIFRA,22,21,50,507.00,"25,350.00"
2021-03-03,2021030305006998,NIFRA,22,21,10,507.00,"5,070.00"
2021-03-03,2021030305006997,NIFRA,1,21,40,507.00,"20,280.00"
2021-03-03,2021030305007009,NIFRA,17,3,200,507.00,"101,400.00"
2021-03-03,2021030305007008,NIFRA,34,3,30,507.00,"15,210.00"
2021-03-03,2021030305007007,NIFRA,37,36,50,508.00,"25,400.00"
2021-03-03,2021030305007006,NIFRA,34,28,50,507.00,"25,350.00"
2021-03-03,2021030305007005,NIFRA,34,8,50,507.00,"25,350.00"
2021-03-03,2021030305007004,NIFRA,34,58,50,507.00,"25,350.00"
2021-03-03,2021030305007015,NIFRA,37,3,100,507.00,"50,700.00"
2021-03-03,2021030305007014,NIFRA,22,3,50,507.00,"25,350.00"
2021-03-03,2021030305007013,NIFRA,38,3,50,507.00,"25,350.00"
2021-03-03,2021030305007012,NIFRA,55,3,50,507.00,"25,350.00"
2021-03-03,2021030305007011,NIFRA,37,3,100,507.00,"50,700.00"
2021-03-03,2021030305007010,NIFRA,17,3,200,507.00,"101,400.00"
2021-03-03,2021030305007022,NIFRA,48,25,60,507.00,"30,420.00"
2021-03-03,2021030305007021,NIFRA,48,29,60,507.00,"30,420.00"
2021-03-03,2021030305007020,NIFRA,48,57,60,507.00,"30,420.00"
2021-03-03,2021030305007019,NIFRA,48,44,50,507.00,"25,350.00"
2021-03-03,2021030305007018,NIFRA,48,52,60,507.00,"30,420.00"
2021-03-03,2021030305007016,NIFRA,48,3,220,507.00,"111,540.00"
2021-03-03,2021030305007028,NIFRA,48,8,50,507.00,"25,350.00"
2021-03-03,2021030305007027,NIFRA,48,28,50,507.00,"25,350.00"
2021-03-03,2021030305007026,NIFRA,49,36,50,508.00,"25,400.00"
2021-03-03,2021030305007025,NIFRA,48,8,50,507.00,"25,350.00"
2021-03-03,2021030305007024,NIFRA,48,21,50,507.00,"25,350.00"
2021-03-03,2021030305007023,NIFRA,48,21,50,507.00,"25,350.00"
