Date,Transact. No.,Symbol,Buyer,Seller,Quantity,Rate,Amount
2020-01-09,2020010901009611,ADBL,42,22,10,365.00,"3,650.00"
2020-01-09,2020010901009610,ADBL,42,22,500,363.00,"181,500.00"
2020-01-09,2020010901009537,ADBL,3,5,169,363.00,"61,347.00"
2020-01-09,2020010901009536,ADBL,57,5,50,363.00,"18,150.00"
2020-01-09,2020010901009535,ADBL,45,5,250,363.00,"90,750.00"
2020-01-09,2020010901009534,ADBL,43,5,50,363.00,"18,150.00"
2020-01-09,2020010901009512,ADBL,19,33,97,363.00,"35,211.00"
2020-01-09,2020010901009511,ADBL,40,33,500,363.00,"181,500.00"
2020-01-09,2020010901009510,ADBL,36,33,100,363.00,"36,300.00"
2020-01-09,2020010901009509,ADBL,45,33,50,363.00,"18,150.00"
2020-01-09,2020010901009265,ADBL,42,33,22,364.00,"8,008.00"
2020-01-09,2020010901009533,ADBL,41,5,20,363.00,"7,260.00"
2020-01-09,2020010901009532,ADBL,51,5,100,363.00,"36,300.00"
2020-01-09,2020010901009531,ADBL,44,5,40,363.00,"14,520.00"
2020-01-09,2020010901009530,ADBL,45,5,50,363.00,"18,150.00"
2020-01-09,2020010901009529,ADBL,35,5,20,363.00,"7,260.00"
2020-01-09,2020010901009528,ADBL,19,5,103,363.00,"37,389.00"
2020-01-09,2020010901009612,AKPL,45,48,101,115.00,"11,615.00"
2020-01-09,2020010901009166,AKPL,16,41,"1,293",113.00,"146,109.00"
2020-01-09,2020010901009165,AKPL,44,41,707,113.00,"79,891.00"
2020-01-09,2020010901009164,AKPL,1,41,"1,000",114.00,"114,000.00"
2020-01-09,2020010901009384,ALBSL,44,33,10,580.00,"5,800.00"
2020-01-09,2020010901009259,ALICL,17,4,400,381.00,"152,400.00"
2020-01-09,2020010901009258,ALICL,11,4,500,381.00,"190,500.00"
2020-01-09,2020010901009257,ALICL,57,4,38,382.00,"14,516.00"
2020-01-09,2020010901009590,API,58,45,500,112.00,"56,000.00"
2020-01-09,2020010901009503,API,25,43,50,113.00,"5,650.00"
2020-01-09,2020010901009457,API,58,45,950,112.00,"106,400.00"
2020-01-09,2020010901009456,API,58,32,400,112.00,"44,800.00"
2020-01-09,2020010901009455,API,58,32,150,112.00,"16,800.00"
2020-01-09,2020010901009337,API,41,32,850,112.00,"95,200.00"
2020-01-09,2020010901009336,API,41,51,150,112.00,"16,800.00"
2020-01-09,2020010901009464,BFC,52,52,"1,000",90.00,"90,000.00"
2020-01-09,2020010901009462,BOKL,42,22,10,225.00,"2,250.00"
2020-01-09,2020010901009461,BOKL,42,42,400,224.00,"89,600.00"
2020-01-09,2020010901009460,BOKL,42,42,200,224.00,"44,800.00"
2020-01-09,2020010901009459,BOKL,42,40,500,224.00,"112,000.00"
2020-01-09,2020010901009416,BOKL,41,5,100,221.00,"22,100.00"
2020-01-09,2020010901009415,BOKL,29,5,50,221.00,"11,050.00"
2020-01-09,2020010901009303,BOKL,37,34,237,221.00,"52,377.00"
2020-01-09,2020010901009302,BOKL,33,34,"1,000",221.00,"221,000.00"
2020-01-09,2020010901009301,BOKL,21,34,300,221.00,"66,300.00"
2020-01-09,2020010901009300,BOKL,26,34,463,221.00,"102,323.00"
2020-01-09,2020010901009299,BOKL,33,34,"2,000",222.00,"444,000.00"
2020-01-09,2020010901009414,BOKL,45,5,300,221.00,"66,300.00"
2020-01-09,2020010901009413,BOKL,45,5,200,221.00,"44,200.00"
2020-01-09,2020010901009412,BOKL,44,5,300,221.00,"66,300.00"
2020-01-09,2020010901009411,BOKL,37,5,"1,000",221.00,"221,000.00"
2020-01-09,2020010901009410,BOKL,57,5,300,221.00,"66,300.00"
2020-01-09,2020010901009409,BOKL,37,5,263,221.00,"58,123.00"
2020-01-09,2020010901009453,BPCL,33,37,15,309.00,"4,635.00"
2020-01-09,2020010901009440,CBBL,57,22,48,856.00,"41,088.00"
2020-01-09,2020010901009439,CBBL,57,59,10,855.00,"8,550.00"
2020-01-09,2020010901009341,CBBL,25,14,52,852.00,"44,304.00"
2020-01-09,2020010901009477,CBL,43,34,10,137.00,"1,370.00"
2020-01-09,2020010901009172,CBL,29,16,260,136.00,"35,360.00"
2020-01-09,2020010901009246,CBLPO,44,13,"255,347",100.00,"25,534,700.00"
2020-01-09,2020010901009205,CBLPO,44,13,"280,304",100.00,"28,030,400.00"
2020-01-09,2020010901009189,CBLPO,44,13,"72,540",100.00,"7,254,000.00"
2020-01-09,2020010901009647,CCBL,32,16,19,170.00,"3,230.00"
2020-01-09,2020010901009494,CFCL,5,14,445,127.00,"56,515.00"
2020-01-09,2020010901009470,CFCL,4,14,"1,000",128.00,"128,000.00"
2020-01-09,2020010901009469,CFCL,50,14,340,128.00,"43,520.00"
2020-01-09,2020010901009318,CHCL,42,49,500,372.00,"186,000.00"
2020-01-09,2020010901009566,CIT,26,13,100,"2,077.00","207,700.00"
2020-01-09,2020010901009546,CIT,45,22,100,"2,074.00","207,400.00"
2020-01-09,2020010901009357,CIT,55,22,20,"2,073.00","41,460.00"
2020-01-09,2020010901009356,CIT,45,22,100,"2,073.00","207,300.00"
2020-01-09,2020010901009355,CIT,35,22,20,"2,073.00","41,460.00"
2020-01-09,2020010901009354,CIT,8,22,10,"2,073.00","20,730.00"
2020-01-09,2020010901009548,CLBSL,38,21,10,794.00,"7,940.00"
2020-01-09,2020010901009298,CLBSL,34,18,93,780.00,"72,540.00"
2020-01-09,2020010901009297,CLBSL,43,18,100,781.00,"78,100.00"
2020-01-09,2020010901009296,CLBSL,22,18,40,785.00,"31,400.00"
2020-01-09,2020010901009295,CLBSL,22,18,67,785.00,"52,595.00"
2020-01-09,2020010901009583,DBBL,48,52,10,142.00,"1,420.00"
2020-01-09,2020010901009268,DBBL,32,14,967,141.00,"136,347.00"
2020-01-09,2020010901009267,DBBL,45,14,33,141.00,"4,653.00"
2020-01-09,2020010901009188,DBBL,45,40,165,141.00,"23,265.00"
2020-01-09,2020010901009604,DDBL,44,22,70,957.00,"66,990.00"
2020-01-09,2020010901009581,DDBL,44,22,200,957.00,"191,400.00"
2020-01-09,2020010901009580,DDBL,44,1,50,957.00,"47,850.00"
2020-01-09,2020010901009579,DDBL,44,53,180,957.00,"172,260.00"
2020-01-09,2020010901009562,DDBL,25,53,10,957.00,"9,570.00"
2020-01-09,2020010901009547,DDBL,47,53,10,957.00,"9,570.00"
2020-01-09,2020010901009417,DDBL,35,53,20,957.00,"19,140.00"
2020-01-09,2020010901009363,DDBL,25,53,10,957.00,"9,570.00"
2020-01-09,2020010901009223,DDBL,5,53,100,957.00,"95,700.00"
2020-01-09,2020010901009180,DDBL,6,53,40,957.00,"38,280.00"
2020-01-09,2020010901009345,EBL,28,29,400,586.00,"234,400.00"
2020-01-09,2020010901009449,EIC,34,8,204,279.00,"56,916.00"
2020-01-09,2020010901009448,EIC,34,50,500,279.00,"139,500.00"
2020-01-09,2020010901009447,EIC,34,17,50,279.00,"13,950.00"
2020-01-09,2020010901009446,EIC,34,37,500,279.00,"139,500.00"
2020-01-09,2020010901009445,EIC,34,33,275,279.00,"76,725.00"
2020-01-09,2020010901009444,EIC,34,57,500,278.00,"139,000.00"
2020-01-09,2020010901009443,EIC,34,45,850,278.00,"236,300.00"
2020-01-09,2020010901009442,EIC,34,38,121,277.00,"33,517.00"
2020-01-09,2020010901009393,EIC,29,38,140,277.00,"38,780.00"
2020-01-09,2020010901009349,EIC,38,6,50,275.00,"13,750.00"
2020-01-09,2020010901009624,FMDBL,59,10,100,367.00,"36,700.00"
2020-01-09,2020010901009608,FMDBL,58,6,60,366.00,"21,960.00"
2020-01-09,2020010901009603,FMDBL,1,6,40,366.00,"14,640.00"
2020-01-09,2020010901009504,FMDBL,1,53,960,366.00,"351,360.00"
2020-01-09,2020010901009493,FMDBL,6,53,40,366.00,"14,640.00"
2020-01-09,2020010901009458,FMDBL,49,45,150,366.00,"54,900.00"
2020-01-09,2020010901009326,FMDBL,58,58,23,366.00,"8,418.00"
2020-01-09,2020010901009325,FMDBL,58,48,35,366.00,"12,810.00"
2020-01-09,2020010901009242,FMDBL,25,48,50,365.00,"18,250.00"
2020-01-09,2020010901009241,FMDBL,25,55,218,365.00,"79,570.00"
2020-01-09,2020010901009228,FMDBL,25,55,200,365.00,"73,000.00"
2020-01-09,2020010901009427,FMDBL,26,26,105,365.00,"38,325.00"
2020-01-09,2020010901009426,FMDBL,25,26,70,365.00,"25,550.00"
2020-01-09,2020010901009407,FMDBL,25,56,30,365.00,"10,950.00"
2020-01-09,2020010901009390,FMDBL,25,59,100,365.00,"36,500.00"
2020-01-09,2020010901009389,FMDBL,46,59,400,365.00,"146,000.00"
2020-01-09,2020010901009327,FMDBL,58,45,42,366.00,"15,372.00"
2020-01-09,2020010901009516,FOWAD,42,34,50,"1,140.00","57,000.00"
2020-01-09,2020010901009555,GBBL,4,6,288,215.00,"61,920.00"
2020-01-09,2020010901009554,GBBL,4,34,22,215.00,"4,730.00"
2020-01-09,2020010901009553,GBBL,4,16,160,215.00,"34,400.00"
2020-01-09,2020010901009552,GBBL,4,1,30,214.00,"6,420.00"
2020-01-09,2020010901009468,GBBL,4,1,470,214.00,"100,580.00"
2020-01-09,2020010901009467,GBBL,4,34,30,214.00,"6,420.00"
2020-01-09,2020010901009305,GBBL,4,43,230,212.00,"48,760.00"
2020-01-09,2020010901009304,GBBL,4,43,20,213.00,"4,260.00"
2020-01-09,2020010901009424,GBBL,4,34,500,214.00,"107,000.00"
2020-01-09,2020010901009386,GBBL,4,34,370,214.00,"79,180.00"
2020-01-09,2020010901009385,GBBL,4,26,130,214.00,"27,820.00"
2020-01-09,2020010901009359,GBBL,4,26,270,214.00,"57,780.00"
2020-01-09,2020010901009320,GBBL,4,26,100,214.00,"21,400.00"
2020-01-09,2020010901009319,GBBL,4,39,400,214.00,"85,600.00"
2020-01-09,2020010901009621,GBLBS,16,52,10,367.00,"3,670.00"
2020-01-09,2020010901009501,GBLBS,45,42,200,365.00,"73,000.00"
2020-01-09,2020010901009500,GBLBS,45,41,500,365.00,"182,500.00"
2020-01-09,2020010901009499,GBLBS,45,58,430,365.00,"156,950.00"
2020-01-09,2020010901009365,GBLBS,14,58,200,365.00,"73,000.00"
2020-01-09,2020010901009274,GBLBS,50,43,636,364.00,"231,504.00"
2020-01-09,2020010901009266,GBLBS,17,43,200,364.00,"72,800.00"
2020-01-09,2020010901009219,GBLBS,45,43,100,364.00,"36,400.00"
2020-01-09,2020010901009218,GBLBS,57,43,10,364.00,"3,640.00"
2020-01-09,2020010901009187,GBLBS,36,58,300,365.00,"109,500.00"
2020-01-09,2020010901009185,GBLBS,16,58,70,365.00,"25,550.00"
2020-01-09,2020010901009160,GBLBS,16,43,10,366.00,"3,660.00"
2020-01-09,2020010901009594,GILB,56,38,60,"1,022.00","61,320.00"
2020-01-09,2020010901009593,GILB,56,29,20,"1,021.00","20,420.00"
2020-01-09,2020010901009383,GLBSL,56,58,10,581.00,"5,810.00"
2020-01-09,2020010901009382,GLBSL,56,1,10,580.00,"5,800.00"
2020-01-09,2020010901009381,GLBSL,56,22,10,580.00,"5,800.00"
2020-01-09,2020010901009380,GLBSL,56,38,90,580.00,"52,200.00"
2020-01-09,2020010901009343,GLBSL,56,36,300,579.00,"173,700.00"
2020-01-09,2020010901009342,GLBSL,56,38,10,578.00,"5,780.00"
2020-01-09,2020010901009309,GLBSL,56,38,390,578.00,"225,420.00"
2020-01-09,2020010901009308,GLBSL,56,5,10,578.00,"5,780.00"
2020-01-09,2020010901009307,GLBSL,56,59,10,578.00,"5,780.00"
2020-01-09,2020010901009314,GLICL,6,48,550,485.00,"266,750.00"
2020-01-09,2020010901009263,GLICL,49,48,50,482.00,"24,100.00"
2020-01-09,2020010901009250,GLICL,6,56,430,484.00,"208,120.00"
2020-01-09,2020010901009576,GMFBS,11,17,10,685.00,"6,850.00"
2020-01-09,2020010901009545,GMFBS,43,17,10,685.00,"6,850.00"
2020-01-09,2020010901009489,GMFBS,43,38,500,680.00,"340,000.00"
2020-01-09,2020010901009488,GMFBS,45,38,105,681.00,"71,505.00"
2020-01-09,2020010901009441,GMFBS,34,17,10,685.00,"6,850.00"
2020-01-09,2020010901009288,GMFBS,45,38,125,681.00,"85,125.00"
2020-01-09,2020010901009287,GMFBS,14,38,100,681.00,"68,100.00"
2020-01-09,2020010901009186,GUFL,52,3,36,116.00,"4,176.00"
2020-01-09,2020010901009229,HBL,11,16,90,544.00,"48,960.00"
2020-01-09,2020010901009623,HDL,8,58,100,"1,202.00","120,200.00"
2020-01-09,2020010901009289,HDL,39,45,30,"1,205.00","36,150.00"
2020-01-09,2020010901009418,HGI,36,25,400,295.00,"118,000.00"
2020-01-09,2020010901009231,HGI,59,25,100,295.00,"29,500.00"
2020-01-09,2020010901009651,IGI,28,5,47,329.00,"15,463.00"
2020-01-09,2020010901009597,IGI,6,5,100,329.00,"32,900.00"
2020-01-09,2020010901009635,ILBS,45,22,100,632.00,"63,200.00"
2020-01-09,2020010901009541,ILBS,14,22,180,632.00,"113,760.00"
2020-01-09,2020010901009540,ILBS,14,40,10,630.00,"6,300.00"
2020-01-09,2020010901009539,ILBS,14,32,10,630.00,"6,300.00"
2020-01-09,2020010901009182,JBBL,58,17,300,156.00,"46,800.00"
2020-01-09,2020010901009181,JBBL,58,1,200,156.00,"31,200.00"
2020-01-09,2020010901009313,JSLBB,7,26,50,"1,350.00","67,500.00"
2020-01-09,2020010901009589,KADBL,4,59,"2,000",233.00,"466,000.00"
2020-01-09,2020010901009588,KADBL,4,1,124,231.00,"28,644.00"
2020-01-09,2020010901009543,KADBL,4,59,500,230.00,"115,000.00"
2020-01-09,2020010901009348,KADBL,28,45,10,230.00,"2,300.00"
2020-01-09,2020010901009599,KPCL,58,11,10,84.00,840.00
2020-01-09,2020010901009598,KPCL,19,11,50,84.00,"4,200.00"
2020-01-09,2020010901009556,KPCL,1,11,490,85.00,"41,650.00"
2020-01-09,2020010901009425,LGIL,58,49,10,355.00,"3,550.00"
2020-01-09,2020010901009373,LGIL,1,49,10,355.00,"3,550.00"
2020-01-09,2020010901009362,LGIL,40,58,200,349.00,"69,800.00"
2020-01-09,2020010901009361,LGIL,58,58,140,349.00,"48,860.00"
2020-01-09,2020010901009338,LGIL,1,51,73,350.00,"25,550.00"
2020-01-09,2020010901009222,LGIL,1,51,200,350.00,"70,000.00"
2020-01-09,2020010901009221,LGIL,14,51,27,350.00,"9,450.00"
2020-01-09,2020010901009492,LICN,13,17,16,"1,110.00","17,760.00"
2020-01-09,2020010901009291,LICN,25,17,10,"1,110.00","11,100.00"
2020-01-09,2020010901009276,LICN,33,44,44,"1,108.00","48,752.00"
2020-01-09,2020010901009275,LICN,19,25,120,"1,102.00","132,240.00"
2020-01-09,2020010901009184,MBL,38,25,100,225.00,"22,500.00"
2020-01-09,2020010901009485,MERO,38,59,100,540.00,"54,000.00"
2020-01-09,2020010901009484,MERO,38,39,100,540.00,"54,000.00"
2020-01-09,2020010901009286,MERO,44,16,100,539.00,"53,900.00"
2020-01-09,2020010901009290,MHNL,45,50,40,93.00,"3,720.00"
2020-01-09,2020010901009260,MHNL,49,50,40,94.00,"3,760.00"
2020-01-09,2020010901009549,MLBBL,49,48,10,575.00,"5,750.00"
2020-01-09,2020010901009262,MLBBL,38,25,99,570.00,"56,430.00"
2020-01-09,2020010901009582,MLBL,52,52,15,184.00,"2,760.00"
2020-01-09,2020010901009212,MLBL,45,43,21,181.00,"3,801.00"
2020-01-09,2020010901009202,MNBBL,32,22,50,291.00,"14,550.00"
2020-01-09,2020010901009264,MSLB,25,43,150,885.00,"132,750.00"
2020-01-09,2020010901009656,MSMBS,34,51,26,692.00,"17,992.00"
2020-01-09,2020010901009655,MSMBS,34,45,50,683.00,"34,150.00"
2020-01-09,2020010901009654,MSMBS,34,48,100,681.00,"68,100.00"
2020-01-09,2020010901009653,MSMBS,34,44,54,681.00,"36,774.00"
2020-01-09,2020010901009353,MSMBS,34,44,36,681.00,"24,516.00"
2020-01-09,2020010901009352,MSMBS,34,49,22,680.00,"14,960.00"
2020-01-09,2020010901009243,MSMBS,58,45,20,670.00,"13,400.00"
2020-01-09,2020010901009210,MSMBS,38,17,11,669.00,"7,359.00"
2020-01-09,2020010901009351,MSMBS,34,49,22,680.00,"14,960.00"
2020-01-09,2020010901009350,MSMBS,34,42,50,679.00,"33,950.00"
2020-01-09,2020010901009317,MSMBS,58,39,75,675.00,"50,625.00"
2020-01-09,2020010901009316,MSMBS,58,41,11,672.00,"7,392.00"
2020-01-09,2020010901009315,MSMBS,58,11,20,672.00,"13,440.00"
2020-01-09,2020010901009244,MSMBS,58,58,581,670.00,"389,270.00"
2020-01-09,2020010901009607,NABIL,42,8,150,716.00,"107,400.00"
2020-01-09,2020010901009476,NABIL,42,57,20,716.00,"14,320.00"
2020-01-09,2020010901009498,NADEP,1,19,57,590.00,"33,630.00"
2020-01-09,2020010901009497,NADEP,1,6,40,590.00,"23,600.00"
2020-01-09,2020010901009496,NADEP,1,17,43,590.00,"25,370.00"
2020-01-09,2020010901009253,NADEP,18,40,200,589.00,"117,800.00"
2020-01-09,2020010901009495,NADEP,1,58,10,589.00,"5,890.00"
2020-01-09,2020010901009387,NADEP,11,58,10,589.00,"5,890.00"
2020-01-09,2020010901009339,NADEP,11,58,10,589.00,"5,890.00"
2020-01-09,2020010901009256,NADEP,18,17,50,590.00,"29,500.00"
2020-01-09,2020010901009255,NADEP,18,32,200,590.00,"118,000.00"
2020-01-09,2020010901009254,NADEP,18,43,50,589.00,"29,450.00"
2020-01-09,2020010901009270,NBB,32,17,"1,000",198.00,"198,000.00"
2020-01-09,2020010901009269,NBB,32,17,"1,000",198.00,"198,000.00"
2020-01-09,2020010901009652,NBL,33,44,25,271.00,"6,775.00"
2020-01-09,2020010901009636,NBL,49,44,10,271.00,"2,710.00"
2020-01-09,2020010901009592,NBL,39,58,882,270.00,"238,140.00"
2020-01-09,2020010901009591,NBL,37,58,618,270.00,"166,860.00"
2020-01-09,2020010901009183,NBL,37,4,50,270.00,"13,500.00"
2020-01-09,2020010901009399,NCCB,58,34,150,209.00,"31,350.00"
2020-01-09,2020010901009398,NCCB,58,51,500,209.00,"104,500.00"
2020-01-09,2020010901009397,NCCB,58,51,500,209.00,"104,500.00"
2020-01-09,2020010901009396,NCCB,58,14,100,209.00,"20,900.00"
2020-01-09,2020010901009395,NCCB,58,56,100,209.00,"20,900.00"
2020-01-09,2020010901009372,NCCB,58,43,"1,159",208.00,"241,072.00"
2020-01-09,2020010901009282,NCCB,58,54,287,208.00,"59,696.00"
2020-01-09,2020010901009281,NCCB,42,54,200,208.00,"41,600.00"
2020-01-09,2020010901009280,NCCB,22,54,13,208.00,"2,704.00"
2020-01-09,2020010901009167,NCCB,22,53,500,208.00,"104,000.00"
2020-01-09,2020010901009333,NIB,48,45,100,398.00,"39,800.00"
2020-01-09,2020010901009273,NIB,52,46,3,397.00,"1,191.00"
2020-01-09,2020010901009272,NIB,19,46,43,397.00,"17,071.00"
2020-01-09,2020010901009170,NIB,17,46,35,397.00,"13,895.00"
2020-01-09,2020010901009169,NIB,58,46,30,397.00,"11,910.00"
2020-01-09,2020010901009168,NIB,39,46,79,397.00,"31,363.00"
2020-01-09,2020010901009513,NIBLPF,32,17,"2,000",7.03,"14,060.00"
2020-01-09,2020010901009209,NIBPO,11,36,170,370.00,"62,900.00"
2020-01-09,2020010901009406,NICA,14,45,220,433.00,"95,260.00"
2020-01-09,2020010901009198,NICA,59,54,"1,000",434.00,"434,000.00"
2020-01-09,2020010901009197,NICA,59,45,500,434.00,"217,000.00"
2020-01-09,2020010901009471,NICL,34,8,15,310.00,"4,650.00"
2020-01-09,2020010901009466,NICL,25,8,85,310.00,"26,350.00"
2020-01-09,2020010901009465,NICL,25,43,35,310.00,"10,850.00"
2020-01-09,2020010901009234,NICL,16,43,500,310.00,"155,000.00"
2020-01-09,2020010901009233,NICL,29,43,814,310.00,"252,340.00"
2020-01-09,2020010901009159,NIL,39,34,153,400.00,"61,200.00"
2020-01-09,2020010901009616,NLBBL,45,29,100,588.00,"58,800.00"
2020-01-09,2020010901009615,NLBBL,45,45,15,588.00,"8,820.00"
2020-01-09,2020010901009614,NLBBL,45,17,100,588.00,"58,800.00"
2020-01-09,2020010901009613,NLBBL,45,16,190,588.00,"111,720.00"
2020-01-09,2020010901009606,NLBBL,53,16,10,588.00,"5,880.00"
2020-01-09,2020010901009605,NLBBL,53,33,50,587.00,"29,350.00"
2020-01-09,2020010901009283,NLBBL,45,19,50,584.00,"29,200.00"
2020-01-09,2020010901009551,NLBBL,53,26,300,581.00,"174,300.00"
2020-01-09,2020010901009436,NLBBL,34,33,50,585.00,"29,250.00"
2020-01-09,2020010901009435,NLBBL,34,43,65,585.00,"38,025.00"
2020-01-09,2020010901009434,NLBBL,34,56,10,585.00,"5,850.00"
2020-01-09,2020010901009433,NLBBL,34,49,250,585.00,"146,250.00"
2020-01-09,2020010901009364,NLBBL,19,49,190,585.00,"111,150.00"
2020-01-09,2020010901009619,NLG,34,58,16,638.00,"10,208.00"
2020-01-09,2020010901009618,NLG,34,43,200,635.00,"127,000.00"
2020-01-09,2020010901009617,NLG,34,28,134,635.00,"85,090.00"
2020-01-09,2020010901009595,NLIC,51,38,12,960.00,"11,520.00"
2020-01-09,2020010901009578,NLIC,26,58,50,959.00,"47,950.00"
2020-01-09,2020010901009518,NLIC,6,38,38,960.00,"36,480.00"
2020-01-09,2020010901009517,NLIC,6,45,62,960.00,"59,520.00"
2020-01-09,2020010901009451,NLIC,49,45,38,960.00,"36,480.00"
2020-01-09,2020010901009450,NLIC,49,44,244,960.00,"234,240.00"
2020-01-09,2020010901009215,NLIC,55,57,63,959.00,"60,417.00"
2020-01-09,2020010901009199,NLIC,46,14,113,960.00,"108,480.00"
2020-01-09,2020010901009344,NLIC,38,44,20,960.00,"19,200.00"
2020-01-09,2020010901009306,NLIC,48,14,18,960.00,"17,280.00"
2020-01-09,2020010901009237,NLIC,14,14,29,960.00,"27,840.00"
2020-01-09,2020010901009236,NLIC,14,57,57,959.00,"54,663.00"
2020-01-09,2020010901009217,NLIC,26,57,50,959.00,"47,950.00"
2020-01-09,2020010901009216,NLIC,26,57,30,959.00,"28,770.00"
2020-01-09,2020010901009472,NLICL,34,36,37,489.00,"18,093.00"
2020-01-09,2020010901009632,NMB,47,35,30,335.00,"10,050.00"
2020-01-09,2020010901009631,NMB,47,35,100,335.00,"33,500.00"
2020-01-09,2020010901009630,NMB,54,35,200,335.00,"67,000.00"
2020-01-09,2020010901009629,NMB,4,35,200,335.00,"67,000.00"
2020-01-09,2020010901009628,NMB,7,35,200,335.00,"67,000.00"
2020-01-09,2020010901009627,NMB,19,35,50,335.00,"16,750.00"
2020-01-09,2020010901009626,NMB,42,35,20,335.00,"6,700.00"
2020-01-09,2020010901009625,NMB,22,35,200,335.00,"67,000.00"
2020-01-09,2020010901009158,NMB,6,35,740,336.00,"248,640.00"
2020-01-09,2020010901009324,NMFBS,5,25,200,"1,328.00","265,600.00"
2020-01-09,2020010901009323,NMFBS,5,38,49,"1,328.00","65,072.00"
2020-01-09,2020010901009322,NMFBS,5,33,100,"1,327.00","132,700.00"
2020-01-09,2020010901009321,NMFBS,5,14,100,"1,326.00","132,600.00"
2020-01-09,2020010901009371,NNLB,45,14,40,595.00,"23,800.00"
2020-01-09,2020010901009230,NNLB,45,48,50,595.00,"29,750.00"
2020-01-09,2020010901009646,NTC,52,22,10,620.00,"6,200.00"
2020-01-09,2020010901009542,NTC,43,32,10,617.00,"6,170.00"
2020-01-09,2020010901009347,NTC,43,22,10,620.00,"6,200.00"
2020-01-09,2020010901009196,NTC,43,43,50,617.00,"30,850.00"
2020-01-09,2020010901009195,NTC,43,43,50,617.00,"30,850.00"
2020-01-09,2020010901009586,NUBL,17,39,10,864.00,"8,640.00"
2020-01-09,2020010901009392,NUBL,4,39,90,864.00,"77,760.00"
2020-01-09,2020010901009370,NUBL,4,28,390,864.00,"336,960.00"
2020-01-09,2020010901009358,NUBL,4,39,100,864.00,"86,400.00"
2020-01-09,2020010901009332,NUBL,4,39,200,864.00,"172,800.00"
2020-01-09,2020010901009284,NUBL,4,39,110,864.00,"95,040.00"
2020-01-09,2020010901009279,NUBL,4,39,110,864.00,"95,040.00"
2020-01-09,2020010901009278,NUBL,52,39,40,864.00,"34,560.00"
2020-01-09,2020010901009245,NUBL,52,39,10,864.00,"8,640.00"
2020-01-09,2020010901009220,NUBL,52,39,50,864.00,"43,200.00"
2020-01-09,2020010901009405,OHL,6,4,13,463.00,"6,019.00"
2020-01-09,2020010901009404,OHL,42,4,100,463.00,"46,300.00"
2020-01-09,2020010901009403,OHL,44,4,50,463.00,"23,150.00"
2020-01-09,2020010901009402,OHL,45,4,10,464.00,"4,640.00"
2020-01-09,2020010901009401,OHL,57,4,100,464.00,"46,400.00"
2020-01-09,2020010901009400,OHL,25,4,207,465.00,"96,255.00"
2020-01-09,2020010901009176,PCBL,5,38,11,248.00,"2,728.00"
2020-01-09,2020010901009514,PFL,34,44,260,136.00,"35,360.00"
2020-01-09,2020010901009602,PIC,40,26,200,420.00,"84,000.00"
2020-01-09,2020010901009601,PIC,14,26,294,420.00,"123,480.00"
2020-01-09,2020010901009600,PIC,59,26,62,420.00,"26,040.00"
2020-01-09,2020010901009483,PIC,59,57,54,420.00,"22,680.00"
2020-01-09,2020010901009482,PIC,52,57,100,421.00,"42,100.00"
2020-01-09,2020010901009157,PIC,28,57,100,422.00,"42,200.00"
2020-01-09,2020010901009438,PICL,6,5,30,479.00,"14,370.00"
2020-01-09,2020010901009335,PICL,34,10,200,470.00,"94,000.00"
2020-01-09,2020010901009271,PLIC,22,16,200,378.00,"75,600.00"
2020-01-09,2020010901009261,PPCL,6,58,30,115.00,"3,450.00"
2020-01-09,2020010901009329,PRIN,44,25,350,350.00,"122,500.00"
2020-01-09,2020010901009277,PRIN,44,38,500,350.00,"175,000.00"
2020-01-09,2020010901009235,PRIN,44,14,500,350.00,"175,000.00"
2020-01-09,2020010901009609,PRVU,32,17,200,234.00,"46,800.00"
2020-01-09,2020010901009565,PRVU,32,17,35,234.00,"8,190.00"
2020-01-09,2020010901009564,PRVU,32,38,465,233.00,"108,345.00"
2020-01-09,2020010901009544,PRVU,28,38,10,233.00,"2,330.00"
2020-01-09,2020010901009208,PRVU,34,38,25,233.00,"5,825.00"
2020-01-09,2020010901009162,PRVU,38,38,"1,000",231.00,"231,000.00"
2020-01-09,2020010901009161,PRVU,34,38,"1,000",231.00,"231,000.00"
2020-01-09,2020010901009346,PRVU,53,38,100,232.00,"23,200.00"
2020-01-09,2020010901009379,RBCLPO,44,35,55,"7,800.00","429,000.00"
2020-01-09,2020010901009378,RBCLPO,20,35,10,"7,801.00","78,010.00"
2020-01-09,2020010901009377,RBCLPO,42,35,10,"7,820.00","78,200.00"
2020-01-09,2020010901009369,RBCLPO,39,26,10,"7,821.00","78,210.00"
2020-01-09,2020010901009368,RBCLPO,38,26,10,"7,821.00","78,210.00"
2020-01-09,2020010901009527,RHPL,45,44,520,168.00,"87,360.00"
2020-01-09,2020010901009526,RHPL,37,44,500,168.00,"84,000.00"
2020-01-09,2020010901009525,RHPL,37,44,"1,000",168.00,"168,000.00"
2020-01-09,2020010901009524,RHPL,11,44,50,168.00,"8,400.00"
2020-01-09,2020010901009523,RHPL,26,44,150,168.00,"25,200.00"
2020-01-09,2020010901009522,RHPL,34,44,500,168.00,"84,000.00"
2020-01-09,2020010901009428,RHPL,51,44,770,169.00,"130,130.00"
2020-01-09,2020010901009232,RHPL,51,19,40,169.00,"6,760.00"
2020-01-09,2020010901009193,RHPL,51,25,190,169.00,"32,110.00"
2020-01-09,2020010901009192,RHPL,51,25,"1,000",169.00,"169,000.00"
2020-01-09,2020010901009191,RHPL,19,25,50,169.00,"8,450.00"
2020-01-09,2020010901009190,RHPL,37,25,"1,950",169.00,"329,550.00"
2020-01-09,2020010901009521,RHPL,46,44,150,168.00,"25,200.00"
2020-01-09,2020010901009520,RHPL,17,44,130,168.00,"21,840.00"
2020-01-09,2020010901009432,RHPL,17,44,20,168.00,"3,360.00"
2020-01-09,2020010901009431,RHPL,22,44,500,168.00,"84,000.00"
2020-01-09,2020010901009430,RHPL,54,44,"1,610",168.00,"270,480.00"
2020-01-09,2020010901009429,RHPL,58,44,100,169.00,"16,900.00"
2020-01-09,2020010901009642,RLFL,14,51,33,115.00,"3,795.00"
2020-01-09,2020010901009641,RLFL,45,51,59,115.00,"6,785.00"
2020-01-09,2020010901009515,RMDC,25,53,50,590.00,"29,500.00"
2020-01-09,2020010901009502,RMDC,53,53,250,590.00,"147,500.00"
2020-01-09,2020010901009408,RMDC,16,35,20,588.00,"11,760.00"
2020-01-09,2020010901009360,RMDC,38,58,50,589.00,"29,450.00"
2020-01-09,2020010901009214,RMDC,22,25,100,591.00,"59,100.00"
2020-01-09,2020010901009213,RMDC,22,28,50,591.00,"29,550.00"
2020-01-09,2020010901009171,RMDC,25,28,50,591.00,"29,550.00"
2020-01-09,2020010901009560,RSDC,45,43,147,367.00,"53,949.00"
2020-01-09,2020010901009388,RSDC,26,16,50,368.00,"18,400.00"
2020-01-09,2020010901009340,RSDC,58,16,100,368.00,"36,800.00"
2020-01-09,2020010901009203,RSDC,16,48,100,367.00,"36,700.00"
2020-01-09,2020010901009163,RSDC,16,22,50,367.00,"18,350.00"
2020-01-09,2020010901009538,SABSL,40,45,195,708.00,"138,060.00"
2020-01-09,2020010901009508,SABSL,6,45,85,708.00,"60,180.00"
2020-01-09,2020010901009507,SABSL,6,43,30,708.00,"21,240.00"
2020-01-09,2020010901009506,SABSL,6,43,50,708.00,"35,400.00"
2020-01-09,2020010901009505,SABSL,6,28,135,708.00,"95,580.00"
2020-01-09,2020010901009557,SANIMA,54,34,57,330.00,"18,810.00"
2020-01-09,2020010901009475,SANIMA,54,17,943,330.00,"311,190.00"
2020-01-09,2020010901009194,SANIMA,54,17,57,330.00,"18,810.00"
2020-01-09,2020010901009634,SBI,25,47,10,395.00,"3,950.00"
2020-01-09,2020010901009633,SBI,25,57,100,394.00,"39,400.00"
2020-01-09,2020010901009650,SBL,59,58,357,299.00,"106,743.00"
2020-01-09,2020010901009649,SBL,6,58,408,299.00,"121,992.00"
2020-01-09,2020010901009648,SBL,42,58,235,300.00,"70,500.00"
2020-01-09,2020010901009312,SBL,42,45,265,300.00,"79,500.00"
2020-01-09,2020010901009311,SBL,43,45,35,300.00,"10,500.00"
2020-01-09,2020010901009639,SCB,22,50,135,565.00,"76,275.00"
2020-01-09,2020010901009638,SCB,34,50,100,565.00,"56,500.00"
2020-01-09,2020010901009637,SCB,16,50,85,565.00,"48,025.00"
2020-01-09,2020010901009207,SCB,25,50,460,566.00,"260,360.00"
2020-01-09,2020010901009206,SCB,45,50,20,567.00,"11,340.00"
2020-01-09,2020010901009201,SDESI,45,7,50,733.00,"36,650.00"
2020-01-09,2020010901009238,SHINE,44,34,200,249.00,"49,800.00"
2020-01-09,2020010901009211,SHINE,42,34,150,249.00,"37,350.00"
2020-01-09,2020010901009200,SHINE,44,34,200,249.00,"49,800.00"
2020-01-09,2020010901009474,SHINE,50,42,120,250.00,"30,000.00"
2020-01-09,2020010901009367,SHINE,42,42,317,250.00,"79,250.00"
2020-01-09,2020010901009366,SHINE,42,45,183,250.00,"45,750.00"
2020-01-09,2020010901009240,SHINE,57,34,450,249.00,"112,050.00"
2020-01-09,2020010901009239,SHINE,57,59,280,249.00,"69,720.00"
2020-01-09,2020010901009568,SHINE,44,48,66,250.00,"16,500.00"
2020-01-09,2020010901009567,SHINE,44,48,34,250.00,"8,500.00"
2020-01-09,2020010901009491,SHINE,44,21,100,250.00,"25,000.00"
2020-01-09,2020010901009490,SHINE,44,42,66,250.00,"16,500.00"
2020-01-09,2020010901009640,SHIVM,53,58,108,477.00,"51,516.00"
2020-01-09,2020010901009563,SHIVM,28,50,250,478.00,"119,500.00"
2020-01-09,2020010901009454,SHIVM,59,50,25,478.00,"11,950.00"
2020-01-09,2020010901009394,SHIVM,32,57,100,479.00,"47,900.00"
2020-01-09,2020010901009285,SHIVM,51,58,40,478.00,"19,120.00"
2020-01-09,2020010901009294,SIC,43,7,98,513.00,"50,274.00"
2020-01-09,2020010901009293,SIC,34,7,16,513.00,"8,208.00"
2020-01-09,2020010901009292,SIC,41,7,184,513.00,"94,392.00"
2020-01-09,2020010901009310,SICL,5,25,15,900.00,"13,500.00"
2020-01-09,2020010901009622,SIL,44,3,335,430.00,"144,050.00"
2020-01-09,2020010901009587,SIL,44,38,15,430.00,"6,450.00"
2020-01-09,2020010901009328,SIL,44,38,35,430.00,"15,050.00"
2020-01-09,2020010901009204,SJCL,29,32,50,162.00,"8,100.00"
2020-01-09,2020010901009437,SKBBL,34,28,11,900.00,"9,900.00"
2020-01-09,2020010901009252,SKBBL,50,28,500,894.00,"447,000.00"
2020-01-09,2020010901009577,SLBBL,58,49,10,683.00,"6,830.00"
2020-01-09,2020010901009330,SLBBL,45,14,140,676.00,"94,640.00"
2020-01-09,2020010901009481,SLBBL,26,14,360,675.00,"243,000.00"
2020-01-09,2020010901009331,SLBBL,34,14,500,675.00,"337,500.00"
2020-01-09,2020010901009179,SLBSL,13,39,10,719.00,"7,190.00"
2020-01-09,2020010901009178,SLBSL,13,19,10,718.00,"7,180.00"
2020-01-09,2020010901009452,SLICL,44,43,200,310.00,"62,000.00"
2020-01-09,2020010901009249,SLICL,51,47,300,309.00,"92,700.00"
2020-01-09,2020010901009248,SLICL,6,47,400,309.00,"123,600.00"
2020-01-09,2020010901009247,SLICL,32,47,100,309.00,"30,900.00"
2020-01-09,2020010901009175,SLICL,34,43,200,310.00,"62,000.00"
2020-01-09,2020010901009174,SLICL,44,43,500,310.00,"155,000.00"
2020-01-09,2020010901009173,SLICL,42,43,30,310.00,"9,300.00"
2020-01-09,2020010901009575,SMB,7,19,50,683.00,"34,150.00"
2020-01-09,2020010901009574,SMB,7,48,10,683.00,"6,830.00"
2020-01-09,2020010901009573,SMB,7,29,80,683.00,"54,640.00"
2020-01-09,2020010901009572,SMB,7,5,50,683.00,"34,150.00"
2020-01-09,2020010901009571,SMB,7,11,200,683.00,"136,600.00"
2020-01-09,2020010901009570,SMB,7,54,50,682.00,"34,100.00"
2020-01-09,2020010901009569,SMB,7,17,50,680.00,"34,000.00"
2020-01-09,2020010901009519,SMB,16,50,10,670.00,"6,700.00"
2020-01-09,2020010901009487,SMFBS,58,38,10,"1,177.00","11,770.00"
2020-01-09,2020010901009486,SMFBS,58,1,350,"1,177.00","411,950.00"
2020-01-09,2020010901009423,SMFBS,53,1,150,"1,177.00","176,550.00"
2020-01-09,2020010901009422,SMFBS,53,55,10,"1,177.00","11,770.00"
2020-01-09,2020010901009421,SMFBS,53,58,10,"1,177.00","11,770.00"
2020-01-09,2020010901009420,SMFBS,53,47,10,"1,177.00","11,770.00"
2020-01-09,2020010901009224,SMFBS,56,10,10,"1,170.00","11,700.00"
2020-01-09,2020010901009419,SMFBS,53,14,20,"1,177.00","23,540.00"
2020-01-09,2020010901009376,SMFBS,5,25,20,"1,176.00","23,520.00"
2020-01-09,2020010901009375,SMFBS,56,25,80,"1,176.00","94,080.00"
2020-01-09,2020010901009374,SMFBS,57,25,100,"1,177.00","117,700.00"
2020-01-09,2020010901009334,SMFBS,39,14,30,"1,177.00","35,310.00"
2020-01-09,2020010901009225,SMFBS,56,56,10,"1,176.00","11,760.00"
2020-01-09,2020010901009645,SWBBL,46,17,10,939.00,"9,390.00"
2020-01-09,2020010901009644,SWBBL,46,34,15,935.00,"14,025.00"
2020-01-09,2020010901009643,SWBBL,46,54,15,931.00,"13,965.00"
2020-01-09,2020010901009559,SWBBL,37,14,50,930.00,"46,500.00"
2020-01-09,2020010901009558,SWBBL,38,14,50,931.00,"46,550.00"
2020-01-09,2020010901009561,TRH,46,50,50,280.00,"14,000.00"
2020-01-09,2020010901009596,UIC,38,7,30,299.00,"8,970.00"
2020-01-09,2020010901009473,UPCL,52,58,50,74.00,"3,700.00"
2020-01-09,2020010901009480,UPPER,6,44,400,238.00,"95,200.00"
2020-01-09,2020010901009479,UPPER,52,44,300,238.00,"71,400.00"
2020-01-09,2020010901009478,UPPER,7,44,"1,810",238.00,"430,780.00"
2020-01-09,2020010901009391,UPPER,7,59,50,238.00,"11,900.00"
2020-01-09,2020010901009620,WOMI,58,47,67,891.00,"59,697.00"
2020-01-09,2020010901009585,WOMI,58,11,90,890.00,"80,100.00"
2020-01-09,2020010901009584,WOMI,51,11,47,890.00,"41,830.00"
2020-01-09,2020010901009550,WOMI,48,11,133,891.00,"118,503.00"
2020-01-09,2020010901009463,WOMI,48,47,67,892.00,"59,764.00"
2020-01-09,2020010901009251,WOMI,51,46,13,890.00,"11,570.00"
2020-01-09,2020010901009227,WOMI,33,5,431,890.00,"383,590.00"
2020-01-09,2020010901009226,WOMI,33,5,400,890.00,"356,000.00"
2020-01-09,2020010901009177,WOMI,46,47,100,889.00,"88,900.00"
2020-01-09,2020010901008889,ADBL,45,33,581,364.00,"211,484.00"
2020-01-09,2020010901008762,ADBL,45,6,100,364.00,"36,400.00"
2020-01-09,2020010901008696,ADBL,41,33,50,365.00,"18,250.00"
2020-01-09,2020010901008695,ADBL,38,33,100,365.00,"36,500.00"
2020-01-09,2020010901008963,AHPC,59,38,50,91.00,"4,550.00"
2020-01-09,2020010901008962,AHPC,43,38,350,91.00,"31,850.00"
2020-01-09,2020010901008961,AHPC,19,38,600,91.00,"54,600.00"
2020-01-09,2020010901008803,AKPL,1,48,"1,000",114.00,"114,000.00"
2020-01-09,2020010901008790,AKPL,51,48,"1,000",114.00,"114,000.00"
2020-01-09,2020010901008749,AKPL,45,46,999,114.00,"113,886.00"
2020-01-09,2020010901008851,ALBSL,56,34,10,584.00,"5,840.00"
2020-01-09,2020010901008939,ALICL,57,29,162,382.00,"61,884.00"
2020-01-09,2020010901008938,ALICL,22,29,100,383.00,"38,300.00"
2020-01-09,2020010901008991,API,25,51,50,112.00,"5,600.00"
2020-01-09,2020010901008884,API,6,25,100,111.00,"11,100.00"
2020-01-09,2020010901008986,BFC,52,4,100,90.00,"9,000.00"
2020-01-09,2020010901008985,BFC,52,52,100,90.00,"9,000.00"
2020-01-09,2020010901009061,BPCL,49,25,84,306.00,"25,704.00"
2020-01-09,2020010901009060,BPCL,33,25,100,306.00,"30,600.00"
2020-01-09,2020010901009059,BPCL,21,25,100,306.00,"30,600.00"
2020-01-09,2020010901009058,BPCL,57,25,60,306.00,"18,360.00"
2020-01-09,2020010901009057,BPCL,52,25,100,306.00,"30,600.00"
2020-01-09,2020010901009056,BPCL,1,25,56,306.00,"17,136.00"
2020-01-09,2020010901009105,CBBL,25,29,13,852.00,"11,076.00"
2020-01-09,2020010901008931,CBBL,37,6,106,855.00,"90,630.00"
2020-01-09,2020010901008930,CBBL,37,55,45,855.00,"38,475.00"
2020-01-09,2020010901008929,CBBL,37,45,50,855.00,"42,750.00"
2020-01-09,2020010901008928,CBBL,37,44,36,854.00,"30,744.00"
2020-01-09,2020010901008823,CBL,32,38,13,135.00,"1,755.00"
2020-01-09,2020010901008798,CBL,38,16,100,136.00,"13,600.00"
2020-01-09,2020010901008770,CBL,57,16,140,136.00,"19,040.00"
2020-01-09,2020010901008769,CBL,57,34,360,136.00,"48,960.00"
2020-01-09,2020010901009102,CBLPO,44,13,"299,357",100.00,"29,935,700.00"
2020-01-09,2020010901009094,CBLPO,44,13,"368,130",100.00,"36,813,000.00"
2020-01-09,2020010901008862,CBLPO,44,11,"230,633",100.00,"23,063,300.00"
2020-01-09,2020010901008854,CBLPO,44,11,"412,473",100.00,"41,247,300.00"
2020-01-09,2020010901008792,CBLPO,44,10,"99,877",100.00,"9,987,700.00"
2020-01-09,2020010901009006,CCBL,1,59,5,166.00,830.00
2020-01-09,2020010901008726,CFCL,43,51,10,130.00,"1,300.00"
2020-01-09,2020010901009081,CHCL,26,45,40,370.00,"14,800.00"
2020-01-09,2020010901009136,CIT,33,45,10,"2,073.00","20,730.00"
2020-01-09,2020010901008944,CIT,45,58,50,"2,073.00","103,650.00"
2020-01-09,2020010901008755,CIT,33,7,10,"2,073.00","20,730.00"
2020-01-09,2020010901009076,CLBSL,34,5,18,790.00,"14,220.00"
2020-01-09,2020010901009075,CLBSL,34,5,200,790.00,"158,000.00"
2020-01-09,2020010901009074,CLBSL,34,6,35,790.00,"27,650.00"
2020-01-09,2020010901009073,CLBSL,34,43,11,789.00,"8,679.00"
2020-01-09,2020010901009072,CLBSL,34,48,17,789.00,"13,413.00"
2020-01-09,2020010901008979,CZBIL,33,34,84,194.00,"16,296.00"
2020-01-09,2020010901008978,CZBIL,33,26,16,194.00,"3,104.00"
2020-01-09,2020010901008842,CZBIL,50,25,200,193.00,"38,600.00"
2020-01-09,2020010901008818,CZBIL,50,51,100,193.00,"19,300.00"
2020-01-09,2020010901009062,DBBL,41,52,30,142.00,"4,260.00"
2020-01-09,2020010901009154,DDBL,6,45,100,956.00,"95,600.00"
2020-01-09,2020010901009153,DDBL,6,58,10,956.00,"9,560.00"
2020-01-09,2020010901008975,DDBL,57,53,100,957.00,"95,700.00"
2020-01-09,2020010901008937,DDBL,45,53,30,957.00,"28,710.00"
2020-01-09,2020010901008706,DDBL,25,35,20,958.00,"19,160.00"
2020-01-09,2020010901008691,DDBL,38,35,105,958.00,"100,590.00"
2020-01-09,2020010901009090,EBL,45,22,100,587.00,"58,700.00"
2020-01-09,2020010901009118,EIC,22,38,39,277.00,"10,803.00"
2020-01-09,2020010901009123,FMDBL,33,55,50,365.00,"18,250.00"
2020-01-09,2020010901009093,FMDBL,33,53,50,365.00,"18,250.00"
2020-01-09,2020010901009070,FMDBL,33,34,400,365.00,"146,000.00"
2020-01-09,2020010901009047,FMDBL,25,34,100,365.00,"36,500.00"
2020-01-09,2020010901009004,FMDBL,25,17,34,364.00,"12,376.00"
2020-01-09,2020010901008863,FMDBL,25,57,100,364.00,"36,400.00"
2020-01-09,2020010901008704,FMDBL,25,26,12,364.00,"4,368.00"
2020-01-09,2020010901008703,FMDBL,25,5,50,364.00,"18,200.00"
2020-01-09,2020010901008702,FMDBL,48,5,50,364.00,"18,200.00"
2020-01-09,2020010901008686,FMDBL,6,6,"1,000",364.00,"364,000.00"
2020-01-09,2020010901008677,FMDBL,5,36,155,363.00,"56,265.00"
2020-01-09,2020010901008740,FMDBL,25,49,216,365.00,"78,840.00"
2020-01-09,2020010901008739,FMDBL,25,14,117,365.00,"42,705.00"
2020-01-09,2020010901008738,FMDBL,25,53,167,365.00,"60,955.00"
2020-01-09,2020010901008737,FMDBL,45,53,350,365.00,"127,750.00"
2020-01-09,2020010901008711,FMDBL,25,16,50,364.00,"18,200.00"
2020-01-09,2020010901008710,FMDBL,25,16,50,364.00,"18,200.00"
2020-01-09,2020010901008858,FMDBL,58,48,65,366.00,"23,790.00"
2020-01-09,2020010901008841,FMDBL,34,26,400,365.00,"146,000.00"
2020-01-09,2020010901008840,FMDBL,34,56,100,365.00,"36,500.00"
2020-01-09,2020010901008839,FMDBL,34,49,"1,000",365.00,"365,000.00"
2020-01-09,2020010901008761,FMDBL,25,54,50,365.00,"18,250.00"
2020-01-09,2020010901008760,FMDBL,25,49,552,365.00,"201,480.00"
2020-01-09,2020010901008876,FOWAD,36,5,50,"1,132.00","56,600.00"
2020-01-09,2020010901008753,FOWAD,37,5,19,"1,136.00","21,584.00"
2020-01-09,2020010901008752,FOWAD,37,53,100,"1,135.00","113,500.00"
2020-01-09,2020010901008751,FOWAD,37,19,20,"1,135.00","22,700.00"
2020-01-09,2020010901008750,FOWAD,37,45,40,"1,134.00","45,360.00"
2020-01-09,2020010901008666,FOWAD,29,51,20,"1,130.00","22,600.00"
2020-01-09,2020010901008982,GBBL,4,7,400,213.00,"85,200.00"
2020-01-09,2020010901008981,GBBL,4,7,80,213.00,"17,040.00"
2020-01-09,2020010901008980,GBBL,4,7,220,213.00,"46,860.00"
2020-01-09,2020010901008970,GBBL,4,7,280,213.00,"59,640.00"
2020-01-09,2020010901008969,GBBL,59,7,20,213.00,"4,260.00"
2020-01-09,2020010901008865,GBBL,59,38,30,213.00,"6,390.00"
2020-01-09,2020010901009152,GBLBS,16,51,18,365.00,"6,570.00"
2020-01-09,2020010901009135,GBLBS,16,58,"1,320",365.00,"481,800.00"
2020-01-09,2020010901009106,GBLBS,16,56,500,365.00,"182,500.00"
2020-01-09,2020010901009100,GBLBS,16,42,92,365.00,"33,580.00"
2020-01-09,2020010901009099,GBLBS,7,42,23,365.00,"8,395.00"
2020-01-09,2020010901008990,GBLBS,16,45,100,366.00,"36,600.00"
2020-01-09,2020010901008679,GBLBS,19,54,15,366.00,"5,490.00"
2020-01-09,2020010901008658,GBLBS,59,52,461,367.00,"169,187.00"
2020-01-09,2020010901008657,GBLBS,59,5,39,366.00,"14,274.00"
2020-01-09,2020010901008989,GBLBS,16,46,300,366.00,"109,800.00"
2020-01-09,2020010901008788,GBLBS,7,52,477,365.00,"174,105.00"
2020-01-09,2020010901008787,GBLBS,49,52,23,365.00,"8,395.00"
2020-01-09,2020010901008732,GBLBS,49,26,977,365.00,"356,605.00"
2020-01-09,2020010901008731,GBLBS,1,26,23,365.00,"8,395.00"
2020-01-09,2020010901008707,GBLBS,57,52,150,367.00,"55,050.00"
2020-01-09,2020010901008875,GILB,56,41,45,"1,022.00","45,990.00"
2020-01-09,2020010901008874,GILB,56,52,15,"1,022.00","15,330.00"
2020-01-09,2020010901008873,GILB,56,22,40,"1,022.00","40,880.00"
2020-01-09,2020010901009116,GLICL,7,34,224,483.00,"108,192.00"
2020-01-09,2020010901008977,GLICL,58,48,150,482.00,"72,300.00"
2020-01-09,2020010901008891,GLICL,48,34,200,483.00,"96,600.00"
2020-01-09,2020010901008805,GMFBS,43,48,10,682.00,"6,820.00"
2020-01-09,2020010901008723,GMFBS,14,42,100,681.00,"68,100.00"
2020-01-09,2020010901009002,HBL,59,16,450,544.00,"244,800.00"
2020-01-09,2020010901009001,HBL,59,26,50,544.00,"27,200.00"
2020-01-09,2020010901009122,HDL,40,50,20,"1,205.00","24,100.00"
2020-01-09,2020010901008894,HDL,51,52,300,"1,201.00","360,300.00"
2020-01-09,2020010901009133,HIDCL,5,59,31,135.00,"4,185.00"
2020-01-09,2020010901009132,HIDCL,5,8,60,135.00,"8,100.00"
2020-01-09,2020010901009131,HIDCL,5,6,159,134.00,"21,306.00"
2020-01-09,2020010901009130,HIDCL,5,6,159,134.00,"21,306.00"
2020-01-09,2020010901009129,HIDCL,5,47,29,134.00,"3,886.00"
2020-01-09,2020010901008746,HIDCL,6,39,300,133.00,"39,900.00"
2020-01-09,2020010901009009,IGI,59,53,50,330.00,"16,500.00"
2020-01-09,2020010901009008,IGI,59,58,52,330.00,"17,160.00"
2020-01-09,2020010901009007,IGI,59,26,190,330.00,"62,700.00"
2020-01-09,2020010901008987,IGI,36,26,10,330.00,"3,300.00"
2020-01-09,2020010901009077,ILBS,51,40,10,627.00,"6,270.00"
2020-01-09,2020010901008941,ILBS,51,22,100,629.00,"62,900.00"
2020-01-09,2020010901008940,ILBS,51,38,200,628.00,"125,600.00"
2020-01-09,2020010901008912,ILBS,51,55,50,627.00,"31,350.00"
2020-01-09,2020010901008911,ILBS,51,36,10,626.00,"6,260.00"
2020-01-09,2020010901008910,ILBS,51,5,10,625.00,"6,250.00"
2020-01-09,2020010901008909,ILBS,51,29,20,625.00,"12,500.00"
2020-01-09,2020010901008908,ILBS,51,44,100,625.00,"62,500.00"
2020-01-09,2020010901008907,ILBS,51,41,300,624.00,"187,200.00"
2020-01-09,2020010901008906,ILBS,51,17,10,623.00,"6,230.00"
2020-01-09,2020010901008905,ILBS,51,5,10,623.00,"6,230.00"
2020-01-09,2020010901009147,JBBL,28,17,475,154.00,"73,150.00"
2020-01-09,2020010901009146,JBBL,22,17,150,154.00,"23,100.00"
2020-01-09,2020010901009145,JBBL,32,17,200,154.00,"30,800.00"
2020-01-09,2020010901009144,JBBL,29,17,"1,504",154.00,"231,616.00"
2020-01-09,2020010901009143,JBBL,44,17,500,154.00,"77,000.00"
2020-01-09,2020010901009142,JBBL,47,17,200,154.00,"30,800.00"
2020-01-09,2020010901009141,JBBL,43,17,"1,000",155.00,"155,000.00"
2020-01-09,2020010901009140,JBBL,26,17,171,155.00,"26,505.00"
2020-01-09,2020010901009139,JBBL,52,17,100,155.00,"15,500.00"
2020-01-09,2020010901009117,JSLBB,7,48,50,"1,350.00","67,500.00"
2020-01-09,2020010901009111,KBL,45,28,100,186.00,"18,600.00"
2020-01-09,2020010901008997,KBL,33,28,100,186.00,"18,600.00"
2020-01-09,2020010901008856,KBL,57,43,737,185.00,"136,345.00"
2020-01-09,2020010901008855,KBL,45,43,263,185.00,"48,655.00"
2020-01-09,2020010901008800,KBL,45,25,37,185.00,"6,845.00"
2020-01-09,2020010901008799,KBL,32,25,63,185.00,"11,655.00"
2020-01-09,2020010901008721,KBL,32,25,686,185.00,"126,910.00"
2020-01-09,2020010901008689,KBL,32,59,251,185.00,"46,435.00"
2020-01-09,2020010901008688,KBL,7,59,102,185.00,"18,870.00"
2020-01-09,2020010901008687,KBL,32,59,197,185.00,"36,445.00"
2020-01-09,2020010901008949,KRBL,52,38,250,103.00,"25,750.00"
2020-01-09,2020010901009078,LBBL,41,35,300,180.00,"54,000.00"
2020-01-09,2020010901009124,LBL,45,25,100,201.00,"20,100.00"
2020-01-09,2020010901009110,LBL,29,29,10,200.00,"2,000.00"
2020-01-09,2020010901009109,LBL,53,29,500,200.00,"100,000.00"
2020-01-09,2020010901009108,LBL,43,29,990,200.00,"198,000.00"
2020-01-09,2020010901008685,LBL,43,43,10,200.00,"2,000.00"
2020-01-09,2020010901008684,LBL,11,43,40,200.00,"8,000.00"
2020-01-09,2020010901008683,LBL,13,43,51,200.00,"10,200.00"
2020-01-09,2020010901008932,LGIL,14,56,27,350.00,"9,450.00"
2020-01-09,2020010901008754,LGIL,14,56,100,350.00,"35,000.00"
2020-01-09,2020010901008878,LICN,5,44,124,"1,108.00","137,392.00"
2020-01-09,2020010901008877,LICN,5,35,44,"1,105.00","48,620.00"
2020-01-09,2020010901009029,LLBS,29,17,89,825.00,"73,425.00"
2020-01-09,2020010901008694,LLBS,45,17,11,825.00,"9,075.00"
2020-01-09,2020010901008984,MBL,42,11,173,224.00,"38,752.00"
2020-01-09,2020010901008782,MDB,45,6,100,270.00,"27,000.00"
2020-01-09,2020010901009049,MEGA,33,36,105,193.00,"20,265.00"
2020-01-09,2020010901008992,MEGA,34,10,"1,000",192.00,"192,000.00"
2020-01-09,2020010901008824,MEGA,34,25,19,192.00,"3,648.00"
2020-01-09,2020010901008660,MEGA,14,25,500,192.00,"96,000.00"
2020-01-09,2020010901008988,MERO,43,26,34,534.00,"18,156.00"
2020-01-09,2020010901008973,MERO,43,26,154,534.00,"82,236.00"
2020-01-09,2020010901008972,MERO,5,26,200,535.00,"107,000.00"
2020-01-09,2020010901008832,MERO,29,8,230,536.00,"123,280.00"
2020-01-09,2020010901008725,MERO,47,8,100,536.00,"53,600.00"
2020-01-09,2020010901008724,MERO,58,8,70,536.00,"37,520.00"
2020-01-09,2020010901008971,MERO,16,26,89,538.00,"47,882.00"
2020-01-09,2020010901008943,MERO,16,39,200,538.00,"107,600.00"
2020-01-09,2020010901008942,MERO,16,8,211,538.00,"113,518.00"
2020-01-09,2020010901008900,MERO,42,8,135,538.00,"72,630.00"
2020-01-09,2020010901008899,MERO,42,35,30,537.00,"16,110.00"
2020-01-09,2020010901008898,MERO,42,34,35,536.00,"18,760.00"
2020-01-09,2020010901009115,MLBBL,6,48,100,575.00,"57,500.00"
2020-01-09,2020010901008859,MLBBL,49,53,50,575.00,"28,750.00"
2020-01-09,2020010901008814,MLBBL,29,33,200,575.00,"115,000.00"
2020-01-09,2020010901008781,MLBBL,49,21,50,570.00,"28,500.00"
2020-01-09,2020010901009092,MLBL,52,45,100,182.00,"18,200.00"
2020-01-09,2020010901009091,MLBL,44,45,200,182.00,"36,400.00"
2020-01-09,2020010901009138,MNBBL,32,5,11,291.00,"3,201.00"
2020-01-09,2020010901009137,MNBBL,32,5,31,291.00,"9,021.00"
2020-01-09,2020010901008759,MNBBL,32,40,11,290.00,"3,190.00"
2020-01-09,2020010901008736,MNBBL,25,34,383,289.00,"110,687.00"
2020-01-09,2020010901008735,MNBBL,45,34,500,289.00,"144,500.00"
2020-01-09,2020010901008734,MNBBL,57,34,117,289.00,"33,813.00"
2020-01-09,2020010901009104,NABIL,56,29,150,717.00,"107,550.00"
2020-01-09,2020010901008848,NABIL,58,29,10,717.00,"7,170.00"
2020-01-09,2020010901009064,NADEP,18,52,50,589.00,"29,450.00"
2020-01-09,2020010901009022,NADEP,7,56,34,585.00,"19,890.00"
2020-01-09,2020010901009021,NADEP,7,17,69,585.00,"40,365.00"
2020-01-09,2020010901009020,NADEP,7,19,500,585.00,"292,500.00"
2020-01-09,2020010901008784,NADEP,50,48,10,581.00,"5,810.00"
2020-01-09,2020010901008756,NADEP,6,45,19,584.00,"11,096.00"
2020-01-09,2020010901009019,NADEP,7,28,58,584.00,"33,872.00"
2020-01-09,2020010901009000,NADEP,1,34,20,582.00,"11,640.00"
2020-01-09,2020010901008829,NADEP,25,28,49,584.00,"28,616.00"
2020-01-09,2020010901008730,NBB,38,57,285,197.00,"56,145.00"
2020-01-09,2020010901008729,NBB,1,57,187,197.00,"36,839.00"
2020-01-09,2020010901009063,NBL,37,22,100,270.00,"27,000.00"
2020-01-09,2020010901008886,NBL,37,29,200,270.00,"54,000.00"
2020-01-09,2020010901008786,NBL,39,44,200,271.00,"54,200.00"
2020-01-09,2020010901009033,NCCB,17,56,400,209.00,"83,600.00"
2020-01-09,2020010901009032,NCCB,17,13,"1,600",209.00,"334,400.00"
2020-01-09,2020010901009023,NCCB,22,40,300,208.00,"62,400.00"
2020-01-09,2020010901008822,NCCB,22,8,100,208.00,"20,800.00"
2020-01-09,2020010901008748,NCCB,22,25,87,208.00,"18,096.00"
2020-01-09,2020010901008747,NCCB,37,25,395,208.00,"82,160.00"
2020-01-09,2020010901008705,NGPL,42,39,376,112.00,"42,112.00"
2020-01-09,2020010901008811,NHPC,55,52,200,51.00,"10,200.00"
2020-01-09,2020010901008810,NHPC,38,52,500,51.00,"25,500.00"
2020-01-09,2020010901008809,NHPC,6,52,500,51.00,"25,500.00"
2020-01-09,2020010901008808,NHPC,58,52,600,51.00,"30,600.00"
2020-01-09,2020010901008807,NHPC,38,52,500,51.00,"25,500.00"
2020-01-09,2020010901008806,NHPC,19,52,200,52.00,"10,400.00"
2020-01-09,2020010901008968,NIB,58,41,20,397.00,"7,940.00"
2020-01-09,2020010901008967,NIB,37,41,31,397.00,"12,307.00"
2020-01-09,2020010901008802,NIB,37,17,19,397.00,"7,543.00"
2020-01-09,2020010901008801,NIB,42,17,50,397.00,"19,850.00"
2020-01-09,2020010901008743,NIB,52,56,47,397.00,"18,659.00"
2020-01-09,2020010901008742,NIB,13,56,88,397.00,"34,936.00"
2020-01-09,2020010901009055,NICA,42,34,100,434.00,"43,400.00"
2020-01-09,2020010901009054,NICA,49,34,20,434.00,"8,680.00"
2020-01-09,2020010901009053,NICA,57,34,100,434.00,"43,400.00"
2020-01-09,2020010901009052,NICA,45,34,50,434.00,"21,700.00"
2020-01-09,2020010901009051,NICA,58,34,125,434.00,"54,250.00"
2020-01-09,2020010901009034,NICA,58,25,105,434.00,"45,570.00"
2020-01-09,2020010901008833,NICA,26,51,188,435.00,"81,780.00"
2020-01-09,2020010901008741,NICA,56,57,200,434.00,"86,800.00"
2020-01-09,2020010901008667,NICA,56,10,500,434.00,"217,000.00"
2020-01-09,2020010901009025,NICA,58,50,770,434.00,"334,180.00"
2020-01-09,2020010901009024,NICA,32,50,530,434.00,"230,020.00"
2020-01-09,2020010901008927,NICA,11,53,500,435.00,"217,500.00"
2020-01-09,2020010901008870,NICA,32,43,470,434.00,"203,980.00"
2020-01-09,2020010901008869,NICA,56,43,300,434.00,"130,200.00"
2020-01-09,2020010901008834,NICA,26,53,312,435.00,"135,720.00"
2020-01-09,2020010901008996,NICL,29,56,186,310.00,"57,660.00"
2020-01-09,2020010901008995,NICL,45,56,145,310.00,"44,950.00"
2020-01-09,2020010901008994,NICL,45,56,43,310.00,"13,330.00"
2020-01-09,2020010901008993,NICL,16,56,66,311.00,"20,526.00"
2020-01-09,2020010901008778,NICL,41,58,50,310.00,"15,500.00"
2020-01-09,2020010901008777,NICL,46,58,393,310.00,"121,830.00"
2020-01-09,2020010901008847,NICL,16,20,434,311.00,"134,974.00"
2020-01-09,2020010901008780,NICL,45,58,57,310.00,"17,670.00"
2020-01-09,2020010901008779,NICL,14,58,500,310.00,"155,000.00"
2020-01-09,2020010901009155,NLBBL,45,49,500,585.00,"292,500.00"
2020-01-09,2020010901009107,NLBBL,45,21,50,584.00,"29,200.00"
2020-01-09,2020010901009037,NLBBL,52,43,51,580.00,"29,580.00"
2020-01-09,2020010901008945,NLBBL,52,34,14,580.00,"8,120.00"
2020-01-09,2020010901008904,NLBBL,46,49,10,585.00,"5,850.00"
2020-01-09,2020010901008883,NLBBL,46,19,100,582.00,"58,200.00"
2020-01-09,2020010901008882,NLBBL,46,33,50,584.00,"29,200.00"
2020-01-09,2020010901008881,NLBBL,46,11,100,583.00,"58,300.00"
2020-01-09,2020010901008861,NLBBL,46,13,131,582.00,"76,242.00"
2020-01-09,2020010901008934,NLG,34,26,45,634.00,"28,530.00"
2020-01-09,2020010901009084,NLIC,55,43,20,959.00,"19,180.00"
2020-01-09,2020010901009083,NLIC,21,43,30,959.00,"28,770.00"
2020-01-09,2020010901009046,NLIC,51,36,105,960.00,"100,800.00"
2020-01-09,2020010901009017,NLIC,45,36,87,960.00,"83,520.00"
2020-01-09,2020010901009016,NLIC,45,34,13,960.00,"12,480.00"
2020-01-09,2020010901008966,NLIC,45,34,12,960.00,"11,520.00"
2020-01-09,2020010901008965,NLIC,45,45,100,960.00,"96,000.00"
2020-01-09,2020010901008964,NLIC,45,36,88,960.00,"84,480.00"
2020-01-09,2020010901008897,NLIC,13,36,50,960.00,"48,000.00"
2020-01-09,2020010901008896,NLIC,26,36,12,960.00,"11,520.00"
2020-01-09,2020010901008774,NLIC,26,40,18,960.00,"17,280.00"
2020-01-09,2020010901008773,NLIC,51,40,182,960.00,"174,720.00"
2020-01-09,2020010901008879,NLICL,35,56,13,488.00,"6,344.00"
2020-01-09,2020010901008664,NLICL,16,56,250,488.00,"122,000.00"
2020-01-09,2020010901008663,NLICL,35,56,30,488.00,"14,640.00"
2020-01-09,2020010901008662,NLICL,35,56,20,488.00,"9,760.00"
2020-01-09,2020010901008661,NLICL,34,56,47,488.00,"22,936.00"
2020-01-09,2020010901009040,NMB,45,35,100,336.00,"33,600.00"
2020-01-09,2020010901008890,NMB,4,38,38,335.00,"12,730.00"
2020-01-09,2020010901008817,NMB,14,13,426,336.00,"143,136.00"
2020-01-09,2020010901008767,NMB,14,4,74,336.00,"24,864.00"
2020-01-09,2020010901008766,NMB,26,4,40,336.00,"13,440.00"
2020-01-09,2020010901008765,NMB,21,4,432,336.00,"145,152.00"
2020-01-09,2020010901008764,NMB,26,4,500,336.00,"168,000.00"
2020-01-09,2020010901008763,NMB,26,4,954,336.00,"320,544.00"
2020-01-09,2020010901008983,NMBMF,11,58,201,685.00,"137,685.00"
2020-01-09,2020010901008813,NMBMF,45,58,119,685.00,"81,515.00"
2020-01-09,2020010901008812,NMBMF,45,13,40,685.00,"27,400.00"
2020-01-09,2020010901008796,NMBMF,45,1,41,680.00,"27,880.00"
2020-01-09,2020010901008783,NMBMF,45,45,41,675.00,"27,675.00"
2020-01-09,2020010901008665,NMBMF,16,43,50,680.00,"34,000.00"
2020-01-09,2020010901008821,NNLB,19,57,10,596.00,"5,960.00"
2020-01-09,2020010901008697,NNLB,45,41,10,595.00,"5,950.00"
2020-01-09,2020010901009098,NTC,43,52,50,618.00,"30,900.00"
2020-01-09,2020010901009097,NTC,42,52,50,618.00,"30,900.00"
2020-01-09,2020010901009096,NTC,40,52,80,618.00,"49,440.00"
2020-01-09,2020010901009095,NTC,42,52,40,618.00,"24,720.00"
2020-01-09,2020010901009018,NTC,52,22,10,620.00,"6,200.00"
2020-01-09,2020010901008947,NTC,42,19,150,618.00,"92,700.00"
2020-01-09,2020010901008864,NTC,7,56,12,619.00,"7,428.00"
2020-01-09,2020010901009112,NUBL,4,28,770,864.00,"665,280.00"
2020-01-09,2020010901009087,NUBL,4,39,80,864.00,"69,120.00"
2020-01-09,2020010901009080,NUBL,4,39,150,864.00,"129,600.00"
2020-01-09,2020010901009079,NUBL,25,39,50,864.00,"43,200.00"
2020-01-09,2020010901009038,NUBL,35,39,12,865.00,"10,380.00"
2020-01-09,2020010901009036,NUBL,35,39,40,865.00,"34,600.00"
2020-01-09,2020010901008698,NUBL,49,28,50,865.00,"43,250.00"
2020-01-09,2020010901009035,NUBL,57,39,10,865.00,"8,650.00"
2020-01-09,2020010901008946,NUBL,57,39,50,865.00,"43,250.00"
2020-01-09,2020010901008902,NUBL,57,39,40,865.00,"34,600.00"
2020-01-09,2020010901008901,NUBL,56,39,60,866.00,"51,960.00"
2020-01-09,2020010901008700,NUBL,25,28,50,864.00,"43,200.00"
2020-01-09,2020010901008699,NUBL,52,28,300,864.00,"259,200.00"
2020-01-09,2020010901009048,OHL,25,56,93,465.00,"43,245.00"
2020-01-09,2020010901008674,OHL,34,4,20,471.00,"9,420.00"
2020-01-09,2020010901008926,PCBL,5,29,500,248.00,"124,000.00"
2020-01-09,2020010901008895,PCBL,5,34,16,248.00,"3,968.00"
2020-01-09,2020010901008846,PCBL,6,28,198,250.00,"49,500.00"
2020-01-09,2020010901008845,PCBL,6,3,234,250.00,"58,500.00"
2020-01-09,2020010901008844,PCBL,6,57,100,250.00,"25,000.00"
2020-01-09,2020010901008843,PCBL,6,5,84,250.00,"21,000.00"
2020-01-09,2020010901008820,PCBL,6,40,84,249.00,"20,916.00"
2020-01-09,2020010901008819,PCBL,6,45,300,249.00,"74,700.00"
2020-01-09,2020010901008675,PCBL,56,40,13,249.00,"3,237.00"
2020-01-09,2020010901009156,PIC,26,57,46,422.00,"19,412.00"
2020-01-09,2020010901009119,PICL,34,5,30,479.00,"14,370.00"
2020-01-09,2020010901009069,PICL,34,42,100,474.00,"47,400.00"
2020-01-09,2020010901009068,PICL,34,19,25,474.00,"11,850.00"
2020-01-09,2020010901009067,PICL,34,8,17,466.00,"7,922.00"
2020-01-09,2020010901009013,PICL,8,8,50,465.00,"23,250.00"
2020-01-09,2020010901008772,PLIC,55,16,200,378.00,"75,600.00"
2020-01-09,2020010901009113,PRIN,44,37,500,350.00,"175,000.00"
2020-01-09,2020010901009012,PRIN,44,37,500,350.00,"175,000.00"
2020-01-09,2020010901008933,PRIN,49,38,250,351.00,"87,750.00"
2020-01-09,2020010901008872,PRIN,49,43,350,351.00,"122,850.00"
2020-01-09,2020010901008871,PRIN,6,43,150,351.00,"52,650.00"
2020-01-09,2020010901008857,PRIN,6,45,100,351.00,"35,100.00"
2020-01-09,2020010901008791,PROFL,34,57,10,102.00,"1,020.00"
2020-01-09,2020010901008744,PROFL,34,57,10,100.00,"1,000.00"
2020-01-09,2020010901008701,PROFL,34,20,10,99.00,990.00
2020-01-09,2020010901009082,PRVU,28,17,10,234.00,"2,340.00"
2020-01-09,2020010901009015,PRVU,32,38,233,232.00,"54,056.00"
2020-01-09,2020010901008974,PRVU,32,34,767,232.00,"177,944.00"
2020-01-09,2020010901008960,PRVU,42,38,500,231.00,"115,500.00"
2020-01-09,2020010901008959,PRVU,26,38,"2,000",231.00,"462,000.00"
2020-01-09,2020010901008892,PRVU,50,53,100,233.00,"23,300.00"
2020-01-09,2020010901008868,PRVU,47,38,24,233.00,"5,592.00"
2020-01-09,2020010901008849,PRVU,59,38,500,233.00,"116,500.00"
2020-01-09,2020010901008727,PRVU,56,49,40,232.00,"9,280.00"
2020-01-09,2020010901008920,PRVU,22,34,500,232.00,"116,000.00"
2020-01-09,2020010901008919,PRVU,59,34,"3,000",232.00,"696,000.00"
2020-01-09,2020010901008918,PRVU,51,34,"2,000",232.00,"464,000.00"
2020-01-09,2020010901008917,PRVU,51,34,80,232.00,"18,560.00"
2020-01-09,2020010901008916,PRVU,56,34,353,232.00,"81,896.00"
2020-01-09,2020010901008893,PRVU,50,38,400,233.00,"93,200.00"
2020-01-09,2020010901008952,PRVU,44,38,180,231.00,"41,580.00"
2020-01-09,2020010901008951,PRVU,34,38,99,231.00,"22,869.00"
2020-01-09,2020010901008950,PRVU,56,38,97,231.00,"22,407.00"
2020-01-09,2020010901008923,PRVU,34,34,500,232.00,"116,000.00"
2020-01-09,2020010901008922,PRVU,49,34,300,232.00,"69,600.00"
2020-01-09,2020010901008921,PRVU,37,34,"1,000",232.00,"232,000.00"
2020-01-09,2020010901008958,PRVU,38,38,500,231.00,"115,500.00"
2020-01-09,2020010901008957,PRVU,38,38,300,231.00,"69,300.00"
2020-01-09,2020010901008956,PRVU,42,38,50,231.00,"11,550.00"
2020-01-09,2020010901008955,PRVU,42,38,500,231.00,"115,500.00"
2020-01-09,2020010901008954,PRVU,18,38,"1,000",231.00,"231,000.00"
2020-01-09,2020010901008953,PRVU,34,38,500,231.00,"115,500.00"
2020-01-09,2020010901008835,RBCLPO,38,52,10,"7,821.00","78,210.00"
2020-01-09,2020010901008830,RBCLPO,43,35,20,"7,825.00","156,500.00"
2020-01-09,2020010901008768,RBCLPO,34,35,20,"7,825.00","156,500.00"
2020-01-09,2020010901009014,RHPL,37,47,20,169.00,"3,380.00"
2020-01-09,2020010901008680,RHPL,11,58,300,170.00,"51,000.00"
2020-01-09,2020010901009065,RMDC,59,6,300,588.00,"176,400.00"
2020-01-09,2020010901009031,RMDC,59,59,100,590.00,"59,000.00"
2020-01-09,2020010901009030,RMDC,59,5,53,589.00,"31,217.00"
2020-01-09,2020010901009134,RSDC,42,16,100,368.00,"36,800.00"
2020-01-09,2020010901009005,RSDC,16,56,50,367.00,"18,350.00"
2020-01-09,2020010901008816,RSDC,26,16,28,368.00,"10,304.00"
2020-01-09,2020010901008668,RSDC,34,56,28,366.00,"10,248.00"
2020-01-09,2020010901008815,RSDC,26,16,22,368.00,"8,096.00"
2020-01-09,2020010901008795,RSDC,38,34,200,367.00,"73,400.00"
2020-01-09,2020010901008794,RSDC,38,44,250,367.00,"91,750.00"
2020-01-09,2020010901008722,RSDC,49,41,100,365.00,"36,500.00"
2020-01-09,2020010901008670,RSDC,34,19,50,366.00,"18,300.00"
2020-01-09,2020010901008669,RSDC,34,42,100,366.00,"36,600.00"
2020-01-09,2020010901009045,SABSL,29,28,65,708.00,"46,020.00"
2020-01-09,2020010901009044,SABSL,29,49,50,708.00,"35,400.00"
2020-01-09,2020010901009043,SABSL,29,58,65,708.00,"46,020.00"
2020-01-09,2020010901009042,SABSL,29,17,10,705.00,"7,050.00"
2020-01-09,2020010901009041,SABSL,29,26,10,705.00,"7,050.00"
2020-01-09,2020010901008673,SABSL,13,58,10,700.00,"7,000.00"
2020-01-09,2020010901008672,SABSL,13,58,10,700.00,"7,000.00"
2020-01-09,2020010901008671,SABSL,13,58,10,700.00,"7,000.00"
2020-01-09,2020010901008999,SAEF,45,6,"1,000",8.70,"8,700.00"
2020-01-09,2020010901008887,SAEF,45,6,"1,000",8.70,"8,700.00"
2020-01-09,2020010901009120,SANIMA,14,43,150,331.00,"49,650.00"
2020-01-09,2020010901009114,SANIMA,54,58,150,330.00,"49,500.00"
2020-01-09,2020010901009066,SANIMA,54,1,661,330.00,"218,130.00"
2020-01-09,2020010901008850,SANIMA,54,55,132,329.00,"43,428.00"
2020-01-09,2020010901008914,SAPDBL,17,41,500,132.00,"66,000.00"
2020-01-09,2020010901008775,SAPDBL,43,32,10,134.00,"1,340.00"
2020-01-09,2020010901009011,SBI,6,57,150,394.00,"59,100.00"
2020-01-09,2020010901009010,SBI,6,19,50,394.00,"19,700.00"
2020-01-09,2020010901008692,SBI,25,19,50,394.00,"19,700.00"
2020-01-09,2020010901009071,SBL,43,38,20,300.00,"6,000.00"
2020-01-09,2020010901008776,SBL,43,7,40,300.00,"12,000.00"
2020-01-09,2020010901009050,SCB,45,29,80,567.00,"45,360.00"
2020-01-09,2020010901008713,SCB,1,34,100,566.00,"56,600.00"
2020-01-09,2020010901008948,SCB,25,34,40,566.00,"22,640.00"
2020-01-09,2020010901008789,SCB,35,34,60,566.00,"33,960.00"
2020-01-09,2020010901008785,SCB,16,45,100,565.00,"56,500.00"
2020-01-09,2020010901009103,SDESI,25,7,20,733.00,"14,660.00"
2020-01-09,2020010901009003,SDESI,47,5,50,725.00,"36,250.00"
2020-01-09,2020010901008838,SDESI,25,45,10,739.00,"7,390.00"
2020-01-09,2020010901008837,SDESI,25,11,40,738.00,"29,520.00"
2020-01-09,2020010901008836,SDESI,25,1,35,737.00,"25,795.00"
2020-01-09,2020010901008831,SDESI,25,25,50,727.00,"36,350.00"
2020-01-09,2020010901008804,SDESI,25,36,215,713.00,"153,295.00"
2020-01-09,2020010901008793,SDESI,25,36,85,713.00,"60,605.00"
2020-01-09,2020010901008693,SDESI,40,5,30,727.00,"21,810.00"
2020-01-09,2020010901008860,SEF,3,6,"7,500",9.00,"67,500.00"
2020-01-09,2020010901009150,SHINE,21,10,100,248.00,"24,800.00"
2020-01-09,2020010901009149,SHINE,21,47,147,248.00,"36,456.00"
2020-01-09,2020010901009148,SHINE,21,59,150,247.00,"37,050.00"
2020-01-09,2020010901009128,SHINE,34,59,350,247.00,"86,450.00"
2020-01-09,2020010901008913,SHINE,34,51,100,247.00,"24,700.00"
2020-01-09,2020010901008797,SHIVM,53,48,20,477.00,"9,540.00"
2020-01-09,2020010901008733,SHIVM,32,57,100,479.00,"47,900.00"
2020-01-09,2020010901008714,SHIVM,6,38,100,478.00,"47,800.00"
2020-01-09,2020010901008690,SHIVM,53,36,50,477.00,"23,850.00"
2020-01-09,2020010901008867,SHL,8,50,500,196.00,"98,000.00"
2020-01-09,2020010901009101,SHPC,32,16,175,177.00,"30,975.00"
2020-01-09,2020010901009126,SICL,37,43,50,891.00,"44,550.00"
2020-01-09,2020010901008925,SIL,44,40,465,430.00,"199,950.00"
2020-01-09,2020010901008924,SIL,1,40,35,430.00,"15,050.00"
2020-01-09,2020010901008998,SJCL,56,47,20,160.00,"3,200.00"
2020-01-09,2020010901009028,SKBBL,4,28,400,893.00,"357,200.00"
2020-01-09,2020010901009027,SKBBL,35,28,100,894.00,"89,400.00"
2020-01-09,2020010901009026,SKBBL,4,28,300,896.00,"268,800.00"
2020-01-09,2020010901008915,SKBBL,4,28,200,896.00,"179,200.00"
2020-01-09,2020010901008880,SKBBL,34,17,48,898.00,"43,104.00"
2020-01-09,2020010901008771,SKBBL,42,17,25,902.00,"22,550.00"
2020-01-09,2020010901008659,SKBBL,28,36,500,901.00,"450,500.00"
2020-01-09,2020010901008827,SLBBL,45,49,160,676.00,"108,160.00"
2020-01-09,2020010901008826,SLBBL,17,49,490,677.00,"331,730.00"
2020-01-09,2020010901008728,SLBBL,17,17,10,677.00,"6,770.00"
2020-01-09,2020010901008888,SLBSL,22,47,10,705.00,"7,050.00"
2020-01-09,2020010901008825,SLICL,42,26,500,310.00,"155,000.00"
2020-01-09,2020010901008758,SLICL,42,41,50,310.00,"15,500.00"
2020-01-09,2020010901008757,SLICL,42,41,150,311.00,"46,650.00"
2020-01-09,2020010901009151,SMB,34,17,10,657.00,"6,570.00"
2020-01-09,2020010901009086,SMB,34,11,180,657.00,"118,260.00"
2020-01-09,2020010901009085,SMB,34,11,20,657.00,"13,140.00"
2020-01-09,2020010901008976,SMB,34,17,10,657.00,"6,570.00"
2020-01-09,2020010901008678,SMFBS,52,14,100,"1,177.00","117,700.00"
2020-01-09,2020010901009127,SMFDB,28,57,10,668.00,"6,680.00"
2020-01-09,2020010901008716,SMFDB,51,41,129,660.00,"85,140.00"
2020-01-09,2020010901008715,SMFDB,51,58,50,660.00,"33,000.00"
2020-01-09,2020010901008709,SMFDB,51,38,200,659.00,"131,800.00"
2020-01-09,2020010901008708,SMFDB,51,38,100,659.00,"65,900.00"
2020-01-09,2020010901008720,SMFDB,51,39,50,660.00,"33,000.00"
2020-01-09,2020010901008719,SMFDB,51,5,50,660.00,"33,000.00"
2020-01-09,2020010901008718,SMFDB,51,19,43,660.00,"28,380.00"
2020-01-09,2020010901008717,SMFDB,51,58,50,660.00,"33,000.00"
2020-01-09,2020010901008903,SPARS,45,40,40,696.00,"27,840.00"
2020-01-09,2020010901008745,SPARS,21,32,20,698.00,"13,960.00"
2020-01-09,2020010901008682,SRBL,43,42,17,225.00,"3,825.00"
2020-01-09,2020010901008681,SRBL,51,42,83,225.00,"18,675.00"
2020-01-09,2020010901008853,STC,16,48,10,"1,969.00","19,690.00"
2020-01-09,2020010901008852,STC,16,57,20,"1,969.00","39,380.00"
2020-01-09,2020010901009121,TMDBL,1,14,"1,000",160.00,"160,000.00"
2020-01-09,2020010901008866,TRH,46,3,84,280.00,"23,520.00"
2020-01-09,2020010901009089,UPPER,7,45,140,238.00,"33,320.00"
2020-01-09,2020010901009088,UPPER,44,45,860,238.00,"204,680.00"
2020-01-09,2020010901008676,UPPER,39,51,"1,000",239.00,"239,000.00"
2020-01-09,2020010901009125,WOMI,6,22,30,888.00,"26,640.00"
2020-01-09,2020010901009039,WOMI,33,55,200,889.00,"177,800.00"
2020-01-09,2020010901008936,WOMI,6,28,67,888.00,"59,496.00"
2020-01-09,2020010901008935,WOMI,48,28,33,888.00,"29,304.00"
2020-01-09,2020010901008885,WOMI,29,47,200,889.00,"177,800.00"
2020-01-09,2020010901008828,WOMI,33,5,100,890.00,"89,000.00"
2020-01-09,2020010901008712,WOMI,46,45,50,892.00,"44,600.00"
2020-01-09,2020010901008410,ADBL,45,10,319,364.00,"116,116.00"
2020-01-09,2020010901008409,ADBL,37,10,48,364.00,"17,472.00"
2020-01-09,2020010901008408,ADBL,26,10,40,365.00,"14,600.00"
2020-01-09,2020010901008190,ADBL,11,19,100,365.00,"36,500.00"
2020-01-09,2020010901008189,ADBL,11,58,126,365.00,"45,990.00"
2020-01-09,2020010901008526,AKPL,44,48,"4,293",113.00,"485,109.00"
2020-01-09,2020010901008525,AKPL,34,48,20,113.00,"2,260.00"
2020-01-09,2020010901008524,AKPL,5,48,500,113.00,"56,500.00"
2020-01-09,2020010901008523,AKPL,48,48,100,113.00,"11,300.00"
2020-01-09,2020010901008522,AKPL,14,48,"2,000",113.00,"226,000.00"
2020-01-09,2020010901008521,AKPL,45,48,"1,000",113.00,"113,000.00"
2020-01-09,2020010901008514,AKPL,42,48,"1,500",115.00,"172,500.00"
2020-01-09,2020010901008513,AKPL,45,48,"1,000",115.00,"115,000.00"
2020-01-09,2020010901008225,AKPL,45,45,799,115.00,"91,885.00"
2020-01-09,2020010901008193,AKPL,36,45,200,115.00,"23,000.00"
2020-01-09,2020010901008520,AKPL,46,48,487,113.00,"55,031.00"
2020-01-09,2020010901008519,AKPL,51,48,"1,000",114.00,"114,000.00"
2020-01-09,2020010901008518,AKPL,19,48,"1,000",114.00,"114,000.00"
2020-01-09,2020010901008517,AKPL,36,48,"1,000",114.00,"114,000.00"
2020-01-09,2020010901008516,AKPL,1,48,"1,000",114.00,"114,000.00"
2020-01-09,2020010901008515,AKPL,29,48,100,114.00,"11,400.00"
2020-01-09,2020010901008424,ALBSL,58,42,100,577.00,"57,700.00"
2020-01-09,2020010901008491,API,6,56,200,111.00,"22,200.00"
2020-01-09,2020010901008255,API,39,58,"1,100",112.00,"123,200.00"
2020-01-09,2020010901008254,API,39,57,500,112.00,"56,000.00"
2020-01-09,2020010901008625,BFC,59,19,226,89.00,"20,114.00"
2020-01-09,2020010901008624,BFC,59,45,200,89.00,"17,800.00"
2020-01-09,2020010901008623,BFC,59,25,"1,000",89.00,"89,000.00"
2020-01-09,2020010901008622,BFC,59,44,231,89.00,"20,559.00"
2020-01-09,2020010901008182,BOKL,26,45,537,221.00,"118,677.00"
2020-01-09,2020010901008181,BOKL,37,45,200,221.00,"44,200.00"
2020-01-09,2020010901008180,BOKL,36,45,200,221.00,"44,200.00"
2020-01-09,2020010901008179,BOKL,37,45,300,222.00,"66,600.00"
2020-01-09,2020010901008178,BOKL,49,45,200,222.00,"44,400.00"
2020-01-09,2020010901008177,BOKL,22,45,20,222.00,"4,440.00"
2020-01-09,2020010901008170,BOKL,17,45,500,223.00,"111,500.00"
2020-01-09,2020010901008169,BOKL,48,45,500,223.00,"111,500.00"
2020-01-09,2020010901008168,BOKL,1,45,50,223.00,"11,150.00"
2020-01-09,2020010901008167,BOKL,49,45,393,223.00,"87,639.00"
2020-01-09,2020010901008176,BOKL,32,45,250,222.00,"55,500.00"
2020-01-09,2020010901008175,BOKL,35,45,50,222.00,"11,100.00"
2020-01-09,2020010901008174,BOKL,59,45,300,222.00,"66,600.00"
2020-01-09,2020010901008173,BOKL,28,45,500,223.00,"111,500.00"
2020-01-09,2020010901008172,BOKL,32,45,"1,000",223.00,"223,000.00"
2020-01-09,2020010901008171,BOKL,50,45,100,223.00,"22,300.00"
2020-01-09,2020010901008233,BPCL,28,55,10,310.00,"3,100.00"
2020-01-09,2020010901008192,BPCL,36,34,"1,697",307.00,"520,979.00"
2020-01-09,2020010901008495,CBBL,56,4,42,854.00,"35,868.00"
2020-01-09,2020010901008400,CBBL,32,4,48,854.00,"40,992.00"
2020-01-09,2020010901008349,CBBL,25,56,90,852.00,"76,680.00"
2020-01-09,2020010901008616,CBL,47,34,100,136.00,"13,600.00"
2020-01-09,2020010901008199,CBL,45,34,150,136.00,"20,400.00"
2020-01-09,2020010901008601,CIT,16,33,360,"2,075.00","747,000.00"
2020-01-09,2020010901008584,CIT,45,22,50,"2,079.00","103,950.00"
2020-01-09,2020010901008583,CIT,16,52,140,"2,075.00","290,500.00"
2020-01-09,2020010901008582,CIT,50,52,60,"2,075.00","124,500.00"
2020-01-09,2020010901008565,CIT,50,19,40,"2,075.00","83,000.00"
2020-01-09,2020010901008564,CIT,50,19,30,"2,075.00","62,250.00"
2020-01-09,2020010901008396,CIT,26,36,100,"2,083.00","208,300.00"
2020-01-09,2020010901008395,CIT,1,36,57,"2,083.00","118,731.00"
2020-01-09,2020010901008383,CIT,1,10,43,"2,083.00","89,569.00"
2020-01-09,2020010901008382,CIT,45,10,293,"2,084.00","610,612.00"
2020-01-09,2020010901008247,CIT,45,17,107,"2,084.00","222,988.00"
2020-01-09,2020010901008563,CIT,1,19,20,"2,076.00","41,520.00"
2020-01-09,2020010901008510,CIT,1,1,80,"2,076.00","166,080.00"
2020-01-09,2020010901008471,CIT,22,33,50,"2,080.00","104,000.00"
2020-01-09,2020010901008454,CIT,22,22,50,"2,080.00","104,000.00"
2020-01-09,2020010901008453,CIT,50,22,100,"2,082.00","208,200.00"
2020-01-09,2020010901008397,CIT,16,36,93,"2,083.00","193,719.00"
2020-01-09,2020010901008332,CLBSL,22,45,11,785.00,"8,635.00"
2020-01-09,2020010901008331,CLBSL,22,45,11,785.00,"8,635.00"
2020-01-09,2020010901008330,CLBSL,22,45,11,785.00,"8,635.00"
2020-01-09,2020010901008191,CLBSL,17,44,30,782.00,"23,460.00"
2020-01-09,2020010901008275,CORBL,20,56,100,122.00,"12,200.00"
2020-01-09,2020010901008621,DDBL,29,32,50,957.00,"47,850.00"
2020-01-09,2020010901008612,DDBL,29,21,100,957.00,"95,700.00"
2020-01-09,2020010901008604,DDBL,32,32,30,956.00,"28,680.00"
2020-01-09,2020010901008579,DDBL,22,21,50,957.00,"47,850.00"
2020-01-09,2020010901008536,DDBL,14,21,50,957.00,"47,850.00"
2020-01-09,2020010901008472,DDBL,29,44,79,957.00,"75,603.00"
2020-01-09,2020010901008333,DDBL,29,35,200,958.00,"191,600.00"
2020-01-09,2020010901008304,DDBL,29,48,215,957.00,"205,755.00"
2020-01-09,2020010901008213,DDBL,29,52,73,957.00,"69,861.00"
2020-01-09,2020010901008164,DDBL,19,16,73,957.00,"69,861.00"
2020-01-09,2020010901008478,EBL,17,58,100,586.00,"58,600.00"
2020-01-09,2020010901008643,EIC,22,45,61,278.00,"16,958.00"
2020-01-09,2020010901008480,EIC,49,45,350,278.00,"97,300.00"
2020-01-09,2020010901008423,EIC,38,3,90,275.00,"24,750.00"
2020-01-09,2020010901008407,EIC,38,3,150,275.00,"41,250.00"
2020-01-09,2020010901008406,EIC,42,3,100,275.00,"27,500.00"
2020-01-09,2020010901008405,EIC,34,3,"1,000",275.00,"275,000.00"
2020-01-09,2020010901008404,EIC,26,3,400,276.00,"110,400.00"
2020-01-09,2020010901008403,EIC,34,3,300,276.00,"82,800.00"
2020-01-09,2020010901008402,EIC,38,3,50,277.00,"13,850.00"
2020-01-09,2020010901008303,EIC,56,45,10,278.00,"2,780.00"
2020-01-09,2020010901008649,FMDBL,25,19,262,364.00,"95,368.00"
2020-01-09,2020010901008609,FMDBL,45,19,38,364.00,"13,832.00"
2020-01-09,2020010901008581,FMDBL,45,16,36,364.00,"13,104.00"
2020-01-09,2020010901008559,FMDBL,56,19,500,364.00,"182,000.00"
2020-01-09,2020010901008359,FMDBL,26,50,500,364.00,"182,000.00"
2020-01-09,2020010901008313,FMDBL,55,53,150,365.00,"54,750.00"
2020-01-09,2020010901008246,FMDBL,41,53,333,365.00,"121,545.00"
2020-01-09,2020010901008245,FMDBL,41,11,167,365.00,"60,955.00"
2020-01-09,2020010901008230,FMDBL,45,56,90,364.00,"32,760.00"
2020-01-09,2020010901008569,FOWAD,29,45,10,"1,130.00","11,300.00"
2020-01-09,2020010901008568,FOWAD,37,45,50,"1,130.00","56,500.00"
2020-01-09,2020010901008450,FOWAD,37,14,50,"1,130.00","56,500.00"
2020-01-09,2020010901008603,GBLBS,1,45,20,365.00,"7,300.00"
2020-01-09,2020010901008571,GBLBS,54,5,150,366.00,"54,900.00"
2020-01-09,2020010901008551,GBLBS,1,29,50,365.00,"18,250.00"
2020-01-09,2020010901008483,GBLBS,36,5,811,366.00,"296,826.00"
2020-01-09,2020010901008482,GBLBS,36,52,200,366.00,"73,200.00"
2020-01-09,2020010901008481,GBLBS,36,4,99,366.00,"36,234.00"
2020-01-09,2020010901008401,GBLBS,1,25,230,365.00,"83,950.00"
2020-01-09,2020010901008269,GBLBS,36,52,845,367.00,"310,115.00"
2020-01-09,2020010901008268,GBLBS,36,38,155,367.00,"56,885.00"
2020-01-09,2020010901008652,GGBSL,55,46,10,691.00,"6,910.00"
2020-01-09,2020010901008327,GGBSL,48,22,10,691.00,"6,910.00"
2020-01-09,2020010901008317,GILB,26,22,10,"1,022.00","10,220.00"
2020-01-09,2020010901008567,GLBSL,56,52,10,578.00,"5,780.00"
2020-01-09,2020010901008566,GLBSL,56,38,320,575.00,"184,000.00"
2020-01-09,2020010901008542,GLBSL,56,13,300,574.00,"172,200.00"
2020-01-09,2020010901008541,GLBSL,56,13,100,570.00,"57,000.00"
2020-01-09,2020010901008428,GLBSL,34,13,200,574.00,"114,800.00"
2020-01-09,2020010901008427,GLBSL,34,1,20,574.00,"11,480.00"
2020-01-09,2020010901008426,GLBSL,34,38,100,572.00,"57,200.00"
2020-01-09,2020010901008425,GLBSL,34,28,30,570.00,"17,100.00"
2020-01-09,2020010901008419,GLBSL,22,42,30,565.00,"16,950.00"
2020-01-09,2020010901008212,GLBSL,22,21,10,565.00,"5,650.00"
2020-01-09,2020010901008611,GLICL,6,48,800,482.00,"385,600.00"
2020-01-09,2020010901008610,GLICL,56,48,50,483.00,"24,150.00"
2020-01-09,2020010901008224,GLICL,6,38,200,482.00,"96,400.00"
2020-01-09,2020010901008470,GMFBS,39,28,80,688.00,"55,040.00"
2020-01-09,2020010901008469,GMFBS,39,55,10,687.00,"6,870.00"
2020-01-09,2020010901008343,GMFBS,14,17,200,685.00,"137,000.00"
2020-01-09,2020010901008342,GMFBS,14,36,100,685.00,"68,500.00"
2020-01-09,2020010901008249,GRDBL,59,45,500,105.00,"52,500.00"
2020-01-09,2020010901008655,HBL,11,17,71,542.00,"38,482.00"
2020-01-09,2020010901008654,HBL,11,17,36,542.00,"19,512.00"
2020-01-09,2020010901008653,HBL,45,17,64,542.00,"34,688.00"
2020-01-09,2020010901008627,HGI,59,51,200,295.00,"59,000.00"
2020-01-09,2020010901008617,HGI,22,51,100,295.00,"29,500.00"
2020-01-09,2020010901008561,ICFC,55,25,25,152.00,"3,800.00"
2020-01-09,2020010901008560,ICFC,4,25,220,152.00,"33,440.00"
2020-01-09,2020010901008645,IGI,36,34,364,326.00,"118,664.00"
2020-01-09,2020010901008644,IGI,36,13,36,326.00,"11,736.00"
2020-01-09,2020010901008570,IGI,36,34,30,326.00,"9,780.00"
2020-01-09,2020010901008363,IGI,36,34,29,326.00,"9,454.00"
2020-01-09,2020010901008215,IGI,52,16,91,328.00,"29,848.00"
2020-01-09,2020010901008214,IGI,36,16,39,328.00,"12,792.00"
2020-01-09,2020010901008325,ILBS,22,5,20,620.00,"12,400.00"
2020-01-09,2020010901008324,ILBS,22,38,100,620.00,"62,000.00"
2020-01-09,2020010901008323,ILBS,22,56,10,620.00,"6,200.00"
2020-01-09,2020010901008322,ILBS,22,51,10,620.00,"6,200.00"
2020-01-09,2020010901008321,ILBS,22,54,50,620.00,"31,000.00"
2020-01-09,2020010901008320,ILBS,22,34,10,620.00,"6,200.00"
2020-01-09,2020010901008319,ILBS,22,45,180,620.00,"111,600.00"
2020-01-09,2020010901008318,ILBS,22,38,50,619.00,"30,950.00"
2020-01-09,2020010901008494,JSLBB,33,37,100,"1,350.00","135,000.00"
2020-01-09,2020010901008461,JSLBB,7,34,20,"1,346.00","26,920.00"
2020-01-09,2020010901008460,JSLBB,7,22,20,"1,341.00","26,820.00"
2020-01-09,2020010901008459,JSLBB,7,21,10,"1,339.00","13,390.00"
2020-01-09,2020010901008458,JSLBB,7,25,11,"1,339.00","14,729.00"
2020-01-09,2020010901008457,JSLBB,7,21,10,"1,339.00","13,390.00"
2020-01-09,2020010901008229,JSLBB,43,37,160,"1,330.00","212,800.00"
2020-01-09,2020010901008228,JSLBB,43,1,20,"1,329.00","26,580.00"
2020-01-09,2020010901008227,JSLBB,43,34,20,"1,329.00","26,580.00"
2020-01-09,2020010901008388,JSLBB,43,47,50,"1,336.00","66,800.00"
2020-01-09,2020010901008387,JSLBB,43,48,50,"1,336.00","66,800.00"
2020-01-09,2020010901008367,JSLBB,43,47,100,"1,335.00","133,500.00"
2020-01-09,2020010901008366,JSLBB,43,41,100,"1,333.00","133,300.00"
2020-01-09,2020010901008354,JSLBB,7,11,10,"1,332.00","13,320.00"
2020-01-09,2020010901008353,JSLBB,7,37,40,"1,330.00","53,200.00"
2020-01-09,2020010901008503,KBL,32,43,803,185.00,"148,555.00"
2020-01-09,2020010901008502,KBL,32,43,197,185.00,"36,445.00"
2020-01-09,2020010901008328,KBL,32,43,400,185.00,"74,000.00"
2020-01-09,2020010901008451,KRBL,52,45,500,103.00,"51,500.00"
2020-01-09,2020010901008538,KSBBL,45,44,15,138.00,"2,070.00"
2020-01-09,2020010901008531,LBBL,28,35,110,180.00,"19,800.00"
2020-01-09,2020010901008530,LBBL,41,35,300,180.00,"54,000.00"
2020-01-09,2020010901008529,LBBL,51,35,700,180.00,"126,000.00"
2020-01-09,2020010901008528,LBBL,32,35,200,180.00,"36,000.00"
2020-01-09,2020010901008527,LBBL,59,35,285,180.00,"51,300.00"
2020-01-09,2020010901008452,LBBL,59,56,460,180.00,"82,800.00"
2020-01-09,2020010901008605,LBL,48,25,200,201.00,"40,200.00"
2020-01-09,2020010901008507,LGIL,58,40,360,349.00,"125,640.00"
2020-01-09,2020010901008506,LGIL,17,40,30,349.00,"10,470.00"
2020-01-09,2020010901008505,LGIL,1,40,50,349.00,"17,450.00"
2020-01-09,2020010901008504,LGIL,3,40,60,350.00,"21,000.00"
2020-01-09,2020010901008498,LGIL,41,34,100,351.00,"35,100.00"
2020-01-09,2020010901008360,LGIL,33,49,200,355.00,"71,000.00"
2020-01-09,2020010901008356,LGIL,3,13,40,350.00,"14,000.00"
2020-01-09,2020010901008355,LGIL,53,13,300,350.00,"105,000.00"
2020-01-09,2020010901008340,LGIL,42,49,50,355.00,"17,750.00"
2020-01-09,2020010901008339,LGIL,42,49,50,354.00,"17,700.00"
2020-01-09,2020010901008312,LGIL,14,13,200,353.00,"70,600.00"
2020-01-09,2020010901008311,LGIL,57,13,50,353.00,"17,650.00"
2020-01-09,2020010901008364,LICN,14,44,10,"1,108.00","11,080.00"
2020-01-09,2020010901008598,MBL,42,56,94,224.00,"21,056.00"
2020-01-09,2020010901008473,MBL,42,36,950,224.00,"212,800.00"
2020-01-09,2020010901008411,MBL,42,38,664,224.00,"148,736.00"
2020-01-09,2020010901008463,MEGA,11,42,100,193.00,"19,300.00"
2020-01-09,2020010901008462,MEGA,11,34,136,193.00,"26,248.00"
2020-01-09,2020010901008421,MEGA,34,6,65,191.00,"12,415.00"
2020-01-09,2020010901008365,MEGA,34,6,63,191.00,"12,033.00"
2020-01-09,2020010901008259,MEGA,34,6,85,191.00,"16,235.00"
2020-01-09,2020010901008258,MEGA,28,6,150,191.00,"28,650.00"
2020-01-09,2020010901008257,MEGA,34,6,200,191.00,"38,200.00"
2020-01-09,2020010901008256,MEGA,33,6,65,192.00,"12,480.00"
2020-01-09,2020010901008511,MERO,58,34,100,536.00,"53,600.00"
2020-01-09,2020010901008468,MERO,58,45,30,536.00,"16,080.00"
2020-01-09,2020010901008448,MERO,41,8,284,538.00,"152,792.00"
2020-01-09,2020010901008243,MERO,43,13,200,538.00,"107,600.00"
2020-01-09,2020010901008242,MERO,43,48,50,538.00,"26,900.00"
2020-01-09,2020010901008223,MERO,58,32,55,533.00,"29,315.00"
2020-01-09,2020010901008299,MFIL,6,58,100,150.00,"15,000.00"
2020-01-09,2020010901008650,MNBBL,42,40,50,290.00,"14,500.00"
2020-01-09,2020010901008574,MNBBL,45,40,30,290.00,"8,700.00"
2020-01-09,2020010901008573,MNBBL,22,40,28,290.00,"8,120.00"
2020-01-09,2020010901008493,MNBBL,22,6,61,290.00,"17,690.00"
2020-01-09,2020010901008274,MNBBL,33,5,449,291.00,"130,659.00"
2020-01-09,2020010901008273,MNBBL,33,39,51,291.00,"14,841.00"
2020-01-09,2020010901008600,NABIL,17,11,566,715.00,"404,690.00"
2020-01-09,2020010901008599,NABIL,6,11,20,716.00,"14,320.00"
2020-01-09,2020010901008270,NABIL,17,29,500,715.00,"357,500.00"
2020-01-09,2020010901008160,NABIL,17,28,500,715.00,"357,500.00"
2020-01-09,2020010901008399,NADEP,6,6,31,582.00,"18,042.00"
2020-01-09,2020010901008296,NADEP,50,21,210,581.00,"122,010.00"
2020-01-09,2020010901008295,NADEP,51,21,10,582.00,"5,820.00"
2020-01-09,2020010901008234,NADEP,16,38,10,582.00,"5,820.00"
2020-01-09,2020010901008642,NBL,37,52,32,270.00,"8,640.00"
2020-01-09,2020010901008641,NBL,38,52,10,270.00,"2,700.00"
2020-01-09,2020010901008640,NBL,21,52,458,270.00,"123,660.00"
2020-01-09,2020010901008596,NBL,21,43,42,270.00,"11,340.00"
2020-01-09,2020010901008595,NBL,45,43,100,270.00,"27,000.00"
2020-01-09,2020010901008594,NBL,59,43,300,270.00,"81,000.00"
2020-01-09,2020010901008297,NBL,18,44,250,271.00,"67,750.00"
2020-01-09,2020010901008198,NBL,4,45,162,270.00,"43,740.00"
2020-01-09,2020010901008197,NBL,41,45,38,270.00,"10,260.00"
2020-01-09,2020010901008587,NBL,42,43,"1,000",270.00,"270,000.00"
2020-01-09,2020010901008586,NBL,26,43,300,270.00,"81,000.00"
2020-01-09,2020010901008585,NBL,34,43,88,270.00,"23,760.00"
2020-01-09,2020010901008398,NBL,42,44,80,271.00,"21,680.00"
2020-01-09,2020010901008358,NBL,34,34,112,270.00,"30,240.00"
2020-01-09,2020010901008357,NBL,4,34,88,270.00,"23,760.00"
2020-01-09,2020010901008593,NBL,38,43,200,270.00,"54,000.00"
2020-01-09,2020010901008592,NBL,22,43,200,270.00,"54,000.00"
2020-01-09,2020010901008591,NBL,22,43,20,270.00,"5,400.00"
2020-01-09,2020010901008590,NBL,43,43,50,270.00,"13,500.00"
2020-01-09,2020010901008589,NBL,41,43,100,270.00,"27,000.00"
2020-01-09,2020010901008588,NBL,7,43,100,270.00,"27,000.00"
2020-01-09,2020010901008646,NCCB,37,56,232,208.00,"48,256.00"
2020-01-09,2020010901008626,NCCB,37,25,"1,000",208.00,"208,000.00"
2020-01-09,2020010901008368,NCCB,37,56,90,208.00,"18,720.00"
2020-01-09,2020010901008351,NCCB,37,20,283,208.00,"58,864.00"
2020-01-09,2020010901008350,NCCB,33,20,652,208.00,"135,616.00"
2020-01-09,2020010901008467,NEF,57,11,"4,000",7.65,"30,600.00"
2020-01-09,2020010901008466,NEF,34,11,"3,000",7.66,"22,980.00"
2020-01-09,2020010901008465,NEF,25,11,"1,000",7.67,"7,670.00"
2020-01-09,2020010901008186,NHDL,56,16,10,116.00,"1,160.00"
2020-01-09,2020010901008608,NIB,13,16,30,397.00,"11,910.00"
2020-01-09,2020010901008607,NIB,38,16,50,398.00,"19,900.00"
2020-01-09,2020010901008606,NIB,19,16,10,398.00,"3,980.00"
2020-01-09,2020010901008496,NIBLPF,10,41,"2,020",7.17,"14,483.40"
2020-01-09,2020010901008488,NIBLPF,10,32,"1,111",7.10,"7,888.10"
2020-01-09,2020010901008637,NICA,56,38,100,434.00,"43,400.00"
2020-01-09,2020010901008543,NICA,43,51,200,435.00,"87,000.00"
2020-01-09,2020010901008390,NICA,50,51,10,435.00,"4,350.00"
2020-01-09,2020010901008187,NICA,56,35,100,434.00,"43,400.00"
2020-01-09,2020010901008487,NIL,46,52,101,399.00,"40,299.00"
2020-01-09,2020010901008486,NIL,38,52,149,400.00,"59,600.00"
2020-01-09,2020010901008474,NIL,38,46,500,400.00,"200,000.00"
2020-01-09,2020010901008420,NIL,38,56,105,400.00,"42,000.00"
2020-01-09,2020010901008393,NIL,38,56,326,400.00,"130,400.00"
2020-01-09,2020010901008392,NIL,38,56,174,400.00,"69,600.00"
2020-01-09,2020010901008540,NLBBL,52,49,50,585.00,"29,250.00"
2020-01-09,2020010901008539,NLBBL,52,44,50,585.00,"29,250.00"
2020-01-09,2020010901008389,NLBBL,59,21,17,579.00,"9,843.00"
2020-01-09,2020010901008378,NLBBL,59,21,100,580.00,"58,000.00"
2020-01-09,2020010901008375,NLBBL,52,44,50,585.00,"29,250.00"
2020-01-09,2020010901008374,NLBBL,52,16,50,584.00,"29,200.00"
2020-01-09,2020010901008221,NLBBL,46,40,50,580.00,"29,000.00"
2020-01-09,2020010901008346,NLBBL,59,49,220,580.00,"127,600.00"
2020-01-09,2020010901008345,NLBBL,59,33,50,580.00,"29,000.00"
2020-01-09,2020010901008344,NLBBL,59,7,100,580.00,"58,000.00"
2020-01-09,2020010901008336,NLBBL,49,33,50,580.00,"29,000.00"
2020-01-09,2020010901008335,NLBBL,49,32,50,580.00,"29,000.00"
2020-01-09,2020010901008222,NLBBL,46,32,350,580.00,"203,000.00"
2020-01-09,2020010901008373,NLBBL,52,6,100,581.00,"58,100.00"
2020-01-09,2020010901008372,NLBBL,52,5,50,581.00,"29,050.00"
2020-01-09,2020010901008371,NLBBL,52,33,100,581.00,"58,100.00"
2020-01-09,2020010901008370,NLBBL,52,45,50,581.00,"29,050.00"
2020-01-09,2020010901008369,NLBBL,25,45,50,581.00,"29,050.00"
2020-01-09,2020010901008347,NLBBL,59,33,70,580.00,"40,600.00"
2020-01-09,2020010901008613,NLG,57,7,20,625.00,"12,500.00"
2020-01-09,2020010901008244,NLG,38,19,100,630.00,"63,000.00"
2020-01-09,2020010901008433,NLIC,51,36,318,960.00,"305,280.00"
2020-01-09,2020010901008432,NLIC,45,36,20,960.00,"19,200.00"
2020-01-09,2020010901008431,NLIC,37,36,131,960.00,"125,760.00"
2020-01-09,2020010901008430,NLIC,45,36,18,961.00,"17,298.00"
2020-01-09,2020010901008429,NLIC,50,36,13,961.00,"12,493.00"
2020-01-09,2020010901008200,NLIC,50,58,387,961.00,"371,907.00"
2020-01-09,2020010901008185,NLIC,37,38,69,960.00,"66,240.00"
2020-01-09,2020010901008184,NLIC,26,38,20,960.00,"19,200.00"
2020-01-09,2020010901008183,NLIC,58,38,410,960.00,"393,600.00"
2020-01-09,2020010901008166,NLIC,55,58,100,961.00,"96,100.00"
2020-01-09,2020010901008162,NLIC,58,35,90,960.00,"86,400.00"
2020-01-09,2020010901008161,NLIC,13,35,10,960.00,"9,600.00"
2020-01-09,2020010901008316,NLICL,36,36,113,489.00,"55,257.00"
2020-01-09,2020010901008163,NLICL,13,36,400,489.00,"195,600.00"
2020-01-09,2020010901008656,NMB,42,13,100,337.00,"33,700.00"
2020-01-09,2020010901008577,NMB,26,4,46,336.00,"15,456.00"
2020-01-09,2020010901008576,NMB,44,4,100,336.00,"33,600.00"
2020-01-09,2020010901008575,NMB,1,4,633,336.00,"212,688.00"
2020-01-09,2020010901008329,NMB,25,13,100,337.00,"33,700.00"
2020-01-09,2020010901008267,NMB,32,13,300,337.00,"101,100.00"
2020-01-09,2020010901008158,NMB,28,13,900,337.00,"303,300.00"
2020-01-09,2020010901008157,NMB,28,36,100,337.00,"33,700.00"
2020-01-09,2020010901008620,NMBMF,38,13,10,685.00,"6,850.00"
2020-01-09,2020010901008619,NMBMF,38,40,65,682.00,"44,330.00"
2020-01-09,2020010901008165,NSEWA,34,58,10,586.00,"5,860.00"
2020-01-09,2020010901008556,NUBL,52,39,50,864.00,"43,200.00"
2020-01-09,2020010901008535,NUBL,4,28,840,865.00,"726,600.00"
2020-01-09,2020010901008501,NUBL,4,39,60,865.00,"51,900.00"
2020-01-09,2020010901008417,NUBL,4,39,100,865.00,"86,500.00"
2020-01-09,2020010901008231,NUBL,4,28,"1,000",865.00,"865,000.00"
2020-01-09,2020010901008639,OHL,42,5,100,464.00,"46,400.00"
2020-01-09,2020010901008415,OHL,34,38,20,473.00,"9,460.00"
2020-01-09,2020010901008386,OHL,39,45,40,470.00,"18,800.00"
2020-01-09,2020010901008475,PCBL,56,56,35,249.00,"8,715.00"
2020-01-09,2020010901008305,PFL,34,10,"1,000",136.00,"136,000.00"
2020-01-09,2020010901008549,PIC,26,43,40,422.00,"16,880.00"
2020-01-09,2020010901008548,PIC,26,43,90,424.00,"38,160.00"
2020-01-09,2020010901008455,PIC,57,16,93,425.00,"39,525.00"
2020-01-09,2020010901008648,PICL,57,8,250,465.00,"116,250.00"
2020-01-09,2020010901008647,PICL,8,8,100,466.00,"46,600.00"
2020-01-09,2020010901008558,PLIC,14,47,50,378.00,"18,900.00"
2020-01-09,2020010901008557,PLIC,14,35,100,378.00,"37,800.00"
2020-01-09,2020010901008194,PMHPL,46,16,10,85.00,850.00
2020-01-09,2020010901008490,PRIN,6,43,250,351.00,"87,750.00"
2020-01-09,2020010901008489,PRIN,56,43,50,351.00,"17,550.00"
2020-01-09,2020010901008315,PRIN,51,43,500,353.00,"176,500.00"
2020-01-09,2020010901008651,PRVU,28,17,10,234.00,"2,340.00"
2020-01-09,2020010901008618,PRVU,57,38,88,233.00,"20,504.00"
2020-01-09,2020010901008580,PRVU,57,26,72,233.00,"16,776.00"
2020-01-09,2020010901008216,PRVU,32,38,500,233.00,"116,500.00"
2020-01-09,2020010901008391,PRVU,57,38,420,233.00,"97,860.00"
2020-01-09,2020010901008341,PRVU,57,38,420,233.00,"97,860.00"
2020-01-09,2020010901008301,PRVU,25,38,500,233.00,"116,500.00"
2020-01-09,2020010901008253,PRVU,32,38,"1,270",233.00,"295,910.00"
2020-01-09,2020010901008464,RBCLPO,43,35,10,"7,850.00","78,500.00"
2020-01-09,2020010901008361,RBCLPO,43,35,10,"7,850.00","78,500.00"
2020-01-09,2020010901008298,RBCLPO,43,35,10,"7,850.00","78,500.00"
2020-01-09,2020010901008508,RHPL,39,58,80,170.00,"13,600.00"
2020-01-09,2020010901008436,RHPL,37,59,300,169.00,"50,700.00"
2020-01-09,2020010901008362,RHPL,37,17,10,169.00,"1,690.00"
2020-01-09,2020010901008188,RHPL,37,45,500,169.00,"84,500.00"
2020-01-09,2020010901008509,RSDC,39,33,22,365.00,"8,030.00"
2020-01-09,2020010901008250,RSDC,34,49,50,365.00,"18,250.00"
2020-01-09,2020010901008196,RSDC,17,25,100,364.00,"36,400.00"
2020-01-09,2020010901008195,RSDC,49,25,100,365.00,"36,500.00"
2020-01-09,2020010901008479,SABSL,25,22,10,700.00,"7,000.00"
2020-01-09,2020010901008418,SAEF,1,53,"1,000",8.70,"8,700.00"
2020-01-09,2020010901008512,SANIMA,44,25,200,329.00,"65,800.00"
2020-01-09,2020010901008492,SANIMA,43,57,200,328.00,"65,600.00"
2020-01-09,2020010901008348,SANIMA,43,16,50,328.00,"16,400.00"
2020-01-09,2020010901008226,SANIMA,26,25,30,329.00,"9,870.00"
2020-01-09,2020010901008251,SBI,48,40,200,392.00,"78,400.00"
2020-01-09,2020010901008220,SBI,25,8,"1,998",390.00,"779,220.00"
2020-01-09,2020010901008219,SBI,25,37,302,390.00,"117,780.00"
2020-01-09,2020010901008218,SBI,25,22,100,389.00,"38,900.00"
2020-01-09,2020010901008217,SBI,25,6,100,388.00,"38,800.00"
2020-01-09,2020010901008477,SBL,43,36,405,300.00,"121,500.00"
2020-01-09,2020010901008381,SBL,6,36,92,299.00,"27,508.00"
2020-01-09,2020010901008380,SBL,52,36,100,299.00,"29,900.00"
2020-01-09,2020010901008379,SBL,53,36,500,299.00,"149,500.00"
2020-01-09,2020010901008638,SCB,8,45,45,566.00,"25,470.00"
2020-01-09,2020010901008631,SCB,8,17,255,566.00,"144,330.00"
2020-01-09,2020010901008630,SCB,49,17,45,566.00,"25,470.00"
2020-01-09,2020010901008615,SCB,49,17,40,566.00,"22,640.00"
2020-01-09,2020010901008614,SCB,13,17,60,567.00,"34,020.00"
2020-01-09,2020010901008546,SDESI,47,51,175,741.00,"129,675.00"
2020-01-09,2020010901008545,SDESI,47,14,30,741.00,"22,230.00"
2020-01-09,2020010901008544,SDESI,47,18,160,741.00,"118,560.00"
2020-01-09,2020010901008500,SDESI,25,18,11,741.00,"8,151.00"
2020-01-09,2020010901008499,SDESI,25,7,53,740.00,"39,220.00"
2020-01-09,2020010901008300,SDESI,25,18,29,730.00,"21,170.00"
2020-01-09,2020010901008202,SDESI,25,19,20,705.00,"14,100.00"
2020-01-09,2020010901008201,SDESI,25,4,10,702.00,"7,020.00"
2020-01-09,2020010901008236,SDESI,22,5,47,710.00,"33,370.00"
2020-01-09,2020010901008235,SDESI,22,25,100,709.00,"70,900.00"
2020-01-09,2020010901008206,SDESI,25,39,20,707.00,"14,140.00"
2020-01-09,2020010901008205,SDESI,25,13,23,707.00,"16,261.00"
2020-01-09,2020010901008204,SDESI,25,50,50,707.00,"35,350.00"
2020-01-09,2020010901008203,SDESI,25,42,14,705.00,"9,870.00"
2020-01-09,2020010901008260,SDESI,25,45,100,712.00,"71,200.00"
2020-01-09,2020010901008241,SDESI,22,45,190,710.00,"134,900.00"
2020-01-09,2020010901008240,SDESI,22,36,50,710.00,"35,500.00"
2020-01-09,2020010901008239,SDESI,22,18,100,710.00,"71,000.00"
2020-01-09,2020010901008238,SDESI,22,11,50,710.00,"35,500.00"
2020-01-09,2020010901008237,SDESI,22,45,173,710.00,"122,830.00"
2020-01-09,2020010901008266,SDESI,25,58,50,716.00,"35,800.00"
2020-01-09,2020010901008265,SDESI,25,14,40,714.00,"28,560.00"
2020-01-09,2020010901008264,SDESI,25,29,150,712.00,"106,800.00"
2020-01-09,2020010901008263,SDESI,25,41,100,712.00,"71,200.00"
2020-01-09,2020010901008262,SDESI,25,47,10,712.00,"7,120.00"
2020-01-09,2020010901008261,SDESI,25,34,21,712.00,"14,952.00"
2020-01-09,2020010901008602,SHINE,49,38,10,246.00,"2,460.00"
2020-01-09,2020010901008449,SHINE,34,4,856,248.00,"212,288.00"
2020-01-09,2020010901008414,SHINE,58,59,400,247.00,"98,800.00"
2020-01-09,2020010901008334,SHINE,13,59,100,247.00,"24,700.00"
2020-01-09,2020010901008306,SHINE,13,57,100,247.00,"24,700.00"
2020-01-09,2020010901008210,SHINE,44,4,200,248.00,"49,600.00"
2020-01-09,2020010901008209,SHINE,44,4,500,248.00,"124,000.00"
2020-01-09,2020010901008208,SHINE,44,4,200,248.00,"49,600.00"
2020-01-09,2020010901008207,SHINE,44,4,248,248.00,"61,504.00"
2020-01-09,2020010901008636,SHIVM,53,36,90,477.00,"42,930.00"
2020-01-09,2020010901008597,SHIVM,25,50,850,478.00,"406,300.00"
2020-01-09,2020010901008272,SHIVM,28,50,150,478.00,"71,700.00"
2020-01-09,2020010901008271,SHIVM,28,40,100,478.00,"47,800.00"
2020-01-09,2020010901008572,SHIVM,53,7,205,477.00,"97,785.00"
2020-01-09,2020010901008497,SHIVM,53,38,225,477.00,"107,325.00"
2020-01-09,2020010901008484,SHIVM,47,28,100,476.00,"47,600.00"
2020-01-09,2020010901008476,SHIVM,25,38,100,477.00,"47,700.00"
2020-01-09,2020010901008338,SHIVM,56,7,200,477.00,"95,400.00"
2020-01-09,2020010901008337,SHIVM,32,7,500,477.00,"238,500.00"
2020-01-09,2020010901008578,SHL,8,5,200,196.00,"39,200.00"
2020-01-09,2020010901008555,SHL,8,38,300,196.00,"58,800.00"
2020-01-09,2020010901008534,SHL,51,34,100,196.00,"19,600.00"
2020-01-09,2020010901008533,SHL,49,34,200,197.00,"39,400.00"
2020-01-09,2020010901008532,SHL,11,34,100,197.00,"19,700.00"
2020-01-09,2020010901008232,SIC,37,34,184,515.00,"94,760.00"
2020-01-09,2020010901008537,SICL,58,1,10,900.00,"9,000.00"
2020-01-09,2020010901008385,SJCL,56,17,10,160.00,"1,600.00"
2020-01-09,2020010901008553,SKBBL,34,36,52,898.00,"46,696.00"
2020-01-09,2020010901008552,SKBBL,22,36,98,900.00,"88,200.00"
2020-01-09,2020010901008550,SLBBL,45,58,200,685.00,"137,000.00"
2020-01-09,2020010901008314,SLBSL,34,32,20,700.00,"14,000.00"
2020-01-09,2020010901008547,SLICL,45,45,100,311.00,"31,100.00"
2020-01-09,2020010901008352,SMATA,57,11,100,677.00,"67,700.00"
2020-01-09,2020010901008629,SMFBS,34,14,50,"1,177.00","58,850.00"
2020-01-09,2020010901008628,SMFBS,34,6,10,"1,176.00","11,760.00"
2020-01-09,2020010901008456,SMFBS,7,14,50,"1,177.00","58,850.00"
2020-01-09,2020010901008422,SMFBS,16,14,30,"1,177.00","35,310.00"
2020-01-09,2020010901008416,SMFBS,44,14,50,"1,177.00","58,850.00"
2020-01-09,2020010901008384,SMFBS,38,14,50,"1,177.00","58,850.00"
2020-01-09,2020010901008279,SMFBS,56,7,10,"1,176.00","11,760.00"
2020-01-09,2020010901008278,SMFBS,56,41,35,"1,176.00","41,160.00"
2020-01-09,2020010901008277,SMFBS,56,57,10,"1,175.00","11,750.00"
2020-01-09,2020010901008276,SMFBS,56,14,90,"1,175.00","105,750.00"
2020-01-09,2020010901008252,SMFBS,56,20,10,"1,170.00","11,700.00"
2020-01-09,2020010901008159,SMFBS,25,14,30,"1,175.00","35,250.00"
2020-01-09,2020010901008285,SMFBS,56,4,10,"1,177.00","11,770.00"
2020-01-09,2020010901008284,SMFBS,56,56,10,"1,177.00","11,770.00"
2020-01-09,2020010901008283,SMFBS,56,47,17,"1,177.00","20,009.00"
2020-01-09,2020010901008282,SMFBS,56,4,10,"1,177.00","11,770.00"
2020-01-09,2020010901008281,SMFBS,56,42,40,"1,176.00","47,040.00"
2020-01-09,2020010901008280,SMFBS,56,41,10,"1,176.00","11,760.00"
2020-01-09,2020010901008291,SMFBS,56,48,10,"1,177.00","11,770.00"
2020-01-09,2020010901008290,SMFBS,56,22,10,"1,177.00","11,770.00"
2020-01-09,2020010901008289,SMFBS,56,36,10,"1,177.00","11,770.00"
2020-01-09,2020010901008288,SMFBS,56,36,10,"1,177.00","11,770.00"
2020-01-09,2020010901008287,SMFBS,56,18,460,"1,177.00","541,420.00"
2020-01-09,2020010901008286,SMFBS,56,14,200,"1,177.00","235,400.00"
2020-01-09,2020010901008377,SMFBS,38,14,18,"1,177.00","21,186.00"
2020-01-09,2020010901008376,SMFBS,38,58,32,"1,177.00","37,664.00"
2020-01-09,2020010901008302,SMFBS,7,58,10,"1,177.00","11,770.00"
2020-01-09,2020010901008294,SMFBS,56,58,38,"1,177.00","44,726.00"
2020-01-09,2020010901008293,SMFBS,56,7,10,"1,177.00","11,770.00"
2020-01-09,2020010901008292,SMFBS,56,39,10,"1,177.00","11,770.00"
2020-01-09,2020010901008562,SPARS,45,42,50,692.00,"34,600.00"
2020-01-09,2020010901008447,SPARS,25,45,60,699.00,"41,940.00"
2020-01-09,2020010901008446,SPARS,25,57,30,698.00,"20,940.00"
2020-01-09,2020010901008445,SPARS,25,47,10,698.00,"6,980.00"
2020-01-09,2020010901008444,SPARS,25,38,10,698.00,"6,980.00"
2020-01-09,2020010901008443,SPARS,25,57,20,697.00,"13,940.00"
2020-01-09,2020010901008435,SPARS,45,5,10,692.00,"6,920.00"
2020-01-09,2020010901008434,SPARS,45,44,24,692.00,"16,608.00"
2020-01-09,2020010901008413,SPARS,25,44,80,692.00,"55,360.00"
2020-01-09,2020010901008412,SPARS,25,40,20,691.00,"13,820.00"
2020-01-09,2020010901008394,SPARS,25,49,10,690.00,"6,900.00"
2020-01-09,2020010901008442,SPARS,25,38,20,697.00,"13,940.00"
2020-01-09,2020010901008441,SPARS,25,38,20,696.00,"13,920.00"
2020-01-09,2020010901008440,SPARS,25,42,100,695.00,"69,500.00"
2020-01-09,2020010901008439,SPARS,25,56,10,695.00,"6,950.00"
2020-01-09,2020010901008438,SPARS,25,59,10,693.00,"6,930.00"
2020-01-09,2020010901008437,SPARS,25,59,10,693.00,"6,930.00"
2020-01-09,2020010901008485,SRBL,51,56,47,225.00,"10,575.00"
2020-01-09,2020010901008307,SWBBL,38,10,50,935.00,"46,750.00"
2020-01-09,2020010901008211,UPCL,52,16,50,74.00,"3,700.00"
2020-01-09,2020010901008554,UPPER,44,47,500,238.00,"119,000.00"
2020-01-09,2020010901008248,UPPER,44,21,50,238.00,"11,900.00"
2020-01-09,2020010901008635,VLBS,14,50,25,803.00,"20,075.00"
2020-01-09,2020010901008634,VLBS,14,50,25,803.00,"20,075.00"
2020-01-09,2020010901008633,VLBS,14,50,59,803.00,"47,377.00"
2020-01-09,2020010901008632,VLBS,14,50,32,803.00,"25,696.00"
2020-01-09,2020010901008326,WOMI,11,57,17,893.00,"15,181.00"
2020-01-09,2020010901008310,WOMI,55,57,100,889.00,"88,900.00"
2020-01-09,2020010901008309,WOMI,57,57,100,889.00,"88,900.00"
2020-01-09,2020010901008308,WOMI,29,57,100,890.00,"89,000.00"
2020-01-09,2020010901007954,ADBL,51,58,600,365.00,"219,000.00"
2020-01-09,2020010901007862,ADBL,37,19,152,364.00,"55,328.00"
2020-01-09,2020010901007861,ADBL,42,19,153,364.00,"55,692.00"
2020-01-09,2020010901007818,ADBL,42,57,47,364.00,"17,108.00"
2020-01-09,2020010901007817,ADBL,49,57,82,364.00,"29,848.00"
2020-01-09,2020010901007816,ADBL,59,57,462,364.00,"168,168.00"
2020-01-09,2020010901007693,ADBL,59,50,38,364.00,"13,832.00"
2020-01-09,2020010901007692,ADBL,37,50,100,364.00,"36,400.00"
2020-01-09,2020010901008097,AKJCL,8,16,10,57.00,570.00
2020-01-09,2020010901008020,AKPL,45,48,500,115.00,"57,500.00"
2020-01-09,2020010901007981,AKPL,45,48,500,115.00,"57,500.00"
2020-01-09,2020010901007956,AKPL,45,48,499,115.00,"57,385.00"
2020-01-09,2020010901007911,AKPL,45,48,"1,000",115.00,"115,000.00"
2020-01-09,2020010901007910,AKPL,6,48,500,115.00,"57,500.00"
2020-01-09,2020010901008141,API,39,51,200,111.00,"22,200.00"
2020-01-09,2020010901008140,API,41,51,240,111.00,"26,640.00"
2020-01-09,2020010901007812,API,58,46,"1,000",112.00,"112,000.00"
2020-01-09,2020010901007846,BOKL,38,22,10,225.00,"2,250.00"
2020-01-09,2020010901007714,BOKL,32,7,20,224.00,"4,480.00"
2020-01-09,2020010901007980,CBBL,49,42,"1,000",856.00,"856,000.00"
2020-01-09,2020010901007979,CBBL,49,47,500,855.00,"427,500.00"
2020-01-09,2020010901007978,CBBL,49,55,100,855.00,"85,500.00"
2020-01-09,2020010901007977,CBBL,49,46,510,855.00,"436,050.00"
2020-01-09,2020010901007976,CBBL,49,28,100,855.00,"85,500.00"
2020-01-09,2020010901007975,CBBL,49,59,260,855.00,"222,300.00"
2020-01-09,2020010901007974,CBBL,49,19,100,854.00,"85,400.00"
2020-01-09,2020010901007973,CBBL,49,26,150,854.00,"128,100.00"
2020-01-09,2020010901007795,CBBL,34,49,25,853.00,"21,325.00"
2020-01-09,2020010901007701,CBBL,35,49,30,853.00,"25,590.00"
2020-01-09,2020010901008103,CBL,32,26,60,135.00,"8,100.00"
2020-01-09,2020010901007687,CBL,32,57,100,135.00,"13,500.00"
2020-01-09,2020010901007915,CCBL,1,59,5,166.00,830.00
2020-01-09,2020010901007877,CCBL,56,40,155,169.00,"26,195.00"
2020-01-09,2020010901007876,CCBL,56,42,200,169.00,"33,800.00"
2020-01-09,2020010901007875,CCBL,56,51,"1,000",169.00,"169,000.00"
2020-01-09,2020010901007874,CCBL,56,13,400,169.00,"67,600.00"
2020-01-09,2020010901007873,CCBL,56,41,144,169.00,"24,336.00"
2020-01-09,2020010901007872,CCBL,56,35,440,169.00,"74,360.00"
2020-01-09,2020010901007813,CCBL,32,35,50,169.00,"8,450.00"
2020-01-09,2020010901007792,CCBL,32,6,908,168.00,"152,544.00"
2020-01-09,2020010901007791,CCBL,22,6,92,168.00,"15,456.00"
2020-01-09,2020010901007844,CHCL,46,39,300,369.00,"110,700.00"
2020-01-09,2020010901007843,CHCL,13,39,200,369.00,"73,800.00"
2020-01-09,2020010901007842,CHCL,44,39,250,370.00,"92,500.00"
2020-01-09,2020010901007841,CHCL,32,39,100,370.00,"37,000.00"
2020-01-09,2020010901007840,CHCL,25,39,50,370.00,"18,500.00"
2020-01-09,2020010901007935,CIT,45,58,100,"2,084.00","208,400.00"
2020-01-09,2020010901008109,CLBSL,17,45,10,782.00,"7,820.00"
2020-01-09,2020010901007889,CZBIL,26,5,100,192.00,"19,200.00"
2020-01-09,2020010901007888,CZBIL,26,19,36,192.00,"6,912.00"
2020-01-09,2020010901007887,CZBIL,17,19,91,193.00,"17,563.00"
2020-01-09,2020010901007731,CZBIL,17,25,109,193.00,"21,037.00"
2020-01-09,2020010901008110,DDBL,45,16,10,957.00,"9,570.00"
2020-01-09,2020010901007939,DDBL,32,53,20,956.00,"19,120.00"
2020-01-09,2020010901007938,DDBL,25,53,50,956.00,"47,800.00"
2020-01-09,2020010901007937,DDBL,45,53,30,956.00,"28,680.00"
2020-01-09,2020010901007810,DDBL,35,16,100,957.00,"95,700.00"
2020-01-09,2020010901007781,DDBL,49,17,200,957.00,"191,400.00"
2020-01-09,2020010901007780,DDBL,49,35,200,957.00,"191,400.00"
2020-01-09,2020010901007863,EIC,34,10,200,276.00,"55,200.00"
2020-01-09,2020010901008127,FMDBL,45,57,15,364.00,"5,460.00"
2020-01-09,2020010901008126,FMDBL,45,14,47,364.00,"17,108.00"
2020-01-09,2020010901008125,FMDBL,45,42,50,364.00,"18,200.00"
2020-01-09,2020010901008124,FMDBL,45,19,24,363.00,"8,712.00"
2020-01-09,2020010901008094,FMDBL,36,19,48,363.00,"17,424.00"
2020-01-09,2020010901008093,FMDBL,36,49,"1,652",363.00,"599,676.00"
2020-01-09,2020010901007673,FMDBL,58,35,246,359.00,"88,314.00"
2020-01-09,2020010901007679,FMDBL,58,45,400,362.00,"144,800.00"
2020-01-09,2020010901007678,FMDBL,58,6,"1,000",361.00,"361,000.00"
2020-01-09,2020010901007677,FMDBL,58,51,100,361.00,"36,100.00"
2020-01-09,2020010901007676,FMDBL,58,53,"1,000",360.00,"360,000.00"
2020-01-09,2020010901007675,FMDBL,58,19,200,360.00,"72,000.00"
2020-01-09,2020010901007674,FMDBL,58,22,54,360.00,"19,440.00"
2020-01-09,2020010901007901,FMDBL,58,53,"1,000",361.00,"361,000.00"
2020-01-09,2020010901007900,FMDBL,58,19,585,360.00,"210,600.00"
2020-01-09,2020010901007899,FMDBL,58,34,50,360.00,"18,000.00"
2020-01-09,2020010901007832,FMDBL,35,34,50,360.00,"18,000.00"
2020-01-09,2020010901007783,FMDBL,35,38,250,360.00,"90,000.00"
2020-01-09,2020010901007782,FMDBL,58,56,500,357.00,"178,500.00"
2020-01-09,2020010901007999,FMDBL,58,45,13,362.00,"4,706.00"
2020-01-09,2020010901007998,FMDBL,58,58,87,361.00,"31,407.00"
2020-01-09,2020010901007997,FMDBL,58,48,400,360.00,"144,000.00"
2020-01-09,2020010901007988,FMDBL,58,48,100,360.00,"36,000.00"
2020-01-09,2020010901007903,FMDBL,58,45,65,362.00,"23,530.00"
2020-01-09,2020010901007902,FMDBL,58,22,500,362.00,"181,000.00"
2020-01-09,2020010901008083,FMDBL,58,49,500,363.00,"181,500.00"
2020-01-09,2020010901008082,FMDBL,58,58,500,363.00,"181,500.00"
2020-01-09,2020010901008031,FMDBL,58,6,542,362.00,"196,204.00"
2020-01-09,2020010901008015,FMDBL,58,6,458,362.00,"165,796.00"
2020-01-09,2020010901008014,FMDBL,58,55,20,362.00,"7,240.00"
2020-01-09,2020010901008013,FMDBL,58,45,522,362.00,"188,964.00"
2020-01-09,2020010901008078,GBBL,4,14,"1,497",212.00,"317,364.00"
2020-01-09,2020010901008077,GBBL,43,14,500,213.00,"106,500.00"
2020-01-09,2020010901008076,GBBL,4,14,827,213.00,"176,151.00"
2020-01-09,2020010901008075,GBBL,46,14,200,213.00,"42,600.00"
2020-01-09,2020010901008074,GBBL,46,14,182,213.00,"38,766.00"
2020-01-09,2020010901008117,GBLBS,16,36,100,366.00,"36,600.00"
2020-01-09,2020010901008116,GBLBS,16,53,500,366.00,"183,000.00"
2020-01-09,2020010901008115,GBLBS,16,53,500,366.00,"183,000.00"
2020-01-09,2020010901008114,GBLBS,16,14,40,366.00,"14,640.00"
2020-01-09,2020010901008113,GBLBS,16,52,500,366.00,"183,000.00"
2020-01-09,2020010901008112,GBLBS,16,44,30,366.00,"10,980.00"
2020-01-09,2020010901007699,GBLBS,41,58,100,365.00,"36,500.00"
2020-01-09,2020010901007694,GBLBS,57,57,185,364.00,"67,340.00"
2020-01-09,2020010901007757,GBLBS,16,6,200,365.00,"73,000.00"
2020-01-09,2020010901007756,GBLBS,16,37,500,365.00,"182,500.00"
2020-01-09,2020010901007755,GBLBS,16,47,250,365.00,"91,250.00"
2020-01-09,2020010901007754,GBLBS,16,58,720,365.00,"262,800.00"
2020-01-09,2020010901007748,GBLBS,57,17,215,364.00,"78,260.00"
2020-01-09,2020010901007738,GBLBS,57,58,100,365.00,"36,500.00"
