Date,Transact. No.,Symbol,Buyer,Seller,Quantity,Rate,Amount
2020-01-16,2020011601017186,AHPC,45,45,266,100.00,"26,600.00"
2020-01-16,2020011601016893,AHPC,39,59,50,100.00,"5,000.00"
2020-01-16,2020011601016915,AKJCL,25,16,20,59.00,"1,180.00"
2020-01-16,2020011601017221,AKPL,55,45,250,136.00,"34,000.00"
2020-01-16,2020011601017242,ALBSL,51,43,400,675.00,"270,000.00"
2020-01-16,2020011601016976,ALBSL,45,43,20,675.00,"13,500.00"
2020-01-16,2020011601016975,ALBSL,45,47,10,674.00,"6,740.00"
2020-01-16,2020011601016974,ALBSL,45,28,20,674.00,"13,480.00"
2020-01-16,2020011601017068,ALICL,57,58,260,439.00,"114,140.00"
2020-01-16,2020011601016797,ALICL,7,58,100,439.00,"43,900.00"
2020-01-16,2020011601016954,API,25,38,50,128.00,"6,400.00"
2020-01-16,2020011601016953,API,25,14,200,127.00,"25,400.00"
2020-01-16,2020011601017026,BBC,39,58,100,"2,100.00","210,000.00"
2020-01-16,2020011601017073,BBC,39,58,10,"2,142.00","21,420.00"
2020-01-16,2020011601017285,BOKL,8,38,763,244.00,"186,172.00"
2020-01-16,2020011601017284,BOKL,8,52,200,244.00,"48,800.00"
2020-01-16,2020011601017283,BOKL,8,57,37,244.00,"9,028.00"
2020-01-16,2020011601017172,BOKL,8,56,190,242.00,"45,980.00"
2020-01-16,2020011601016904,BOKL,4,56,90,242.00,"21,780.00"
2020-01-16,2020011601017079,BPCL,33,38,10,332.00,"3,320.00"
2020-01-16,2020011601017288,CBL,58,49,200,150.00,"30,000.00"
2020-01-16,2020011601017146,CBL,45,17,100,150.00,"15,000.00"
2020-01-16,2020011601016844,CBL,21,17,200,150.00,"30,000.00"
2020-01-16,2020011601017260,CCBL,44,56,500,188.00,"94,000.00"
2020-01-16,2020011601017259,CCBL,4,56,62,188.00,"11,656.00"
2020-01-16,2020011601017258,CCBL,34,56,"1,000",189.00,"189,000.00"
2020-01-16,2020011601017217,CCBL,4,25,200,191.00,"38,200.00"
2020-01-16,2020011601017071,CCBL,4,25,750,191.00,"143,250.00"
2020-01-16,2020011601017070,CCBL,4,19,50,191.00,"9,550.00"
2020-01-16,2020011601017069,CCBL,4,19,200,190.00,"38,000.00"
2020-01-16,2020011601016916,CCBL,4,19,50,190.00,"9,500.00"
2020-01-16,2020011601016881,CCBL,4,6,150,190.00,"28,500.00"
2020-01-16,2020011601016873,CCBL,4,51,400,188.00,"75,200.00"
2020-01-16,2020011601016824,CCBL,4,26,370,188.00,"69,560.00"
2020-01-16,2020011601016946,CFCL,34,55,50,153.00,"7,650.00"
2020-01-16,2020011601016828,CHCL,14,48,100,420.00,"42,000.00"
2020-01-16,2020011601016801,CHCL,51,48,300,420.00,"126,000.00"
2020-01-16,2020011601017161,CHL,45,32,157,89.00,"13,973.00"
2020-01-16,2020011601017160,CHL,37,32,43,89.00,"3,827.00"
2020-01-16,2020011601017171,CIT,33,35,20,"2,207.00","44,140.00"
2020-01-16,2020011601017170,CIT,18,35,30,"2,207.00","66,210.00"
2020-01-16,2020011601017075,CIT,41,35,50,"2,208.00","110,400.00"
2020-01-16,2020011601017022,CIT,41,40,50,"2,208.00","110,400.00"
2020-01-16,2020011601016978,CIT,18,35,20,"2,207.00","44,140.00"
2020-01-16,2020011601016977,CIT,7,35,50,"2,208.00","110,400.00"
2020-01-16,2020011601017129,CLBSL,25,6,10,858.00,"8,580.00"
2020-01-16,2020011601017128,CLBSL,25,6,200,831.00,"166,200.00"
2020-01-16,2020011601017127,CLBSL,25,7,100,831.00,"83,100.00"
2020-01-16,2020011601017126,CLBSL,25,42,17,831.00,"14,127.00"
2020-01-16,2020011601017190,CZBIL,39,57,92,209.00,"19,228.00"
2020-01-16,2020011601017131,DDBL,45,35,50,"1,040.00","52,000.00"
2020-01-16,2020011601017008,DDBL,14,35,100,"1,044.00","104,400.00"
2020-01-16,2020011601017007,DDBL,38,35,20,"1,044.00","20,880.00"
2020-01-16,2020011601016955,DDBL,45,35,30,"1,045.00","31,350.00"
2020-01-16,2020011601016934,DDBL,5,21,10,"1,048.00","10,480.00"
2020-01-16,2020011601016846,DDBL,14,42,44,"1,046.00","46,024.00"
2020-01-16,2020011601017184,EBL,55,14,500,629.00,"314,500.00"
2020-01-16,2020011601017183,EBL,7,14,162,629.00,"101,898.00"
2020-01-16,2020011601017182,EBL,37,14,14,630.00,"8,820.00"
2020-01-16,2020011601017085,EBL,37,52,186,630.00,"117,180.00"
2020-01-16,2020011601017084,EBL,55,52,45,630.00,"28,350.00"
2020-01-16,2020011601017083,EBL,39,52,69,630.00,"43,470.00"
2020-01-16,2020011601017112,EIC,40,57,10,328.00,"3,280.00"
2020-01-16,2020011601016956,EIC,45,45,180,327.00,"58,860.00"
2020-01-16,2020011601016885,EIC,6,55,100,328.00,"32,800.00"
2020-01-16,2020011601017243,FMDBL,57,17,20,423.00,"8,460.00"
2020-01-16,2020011601017087,FMDBL,17,21,99,420.00,"41,580.00"
2020-01-16,2020011601017039,GBBL,4,43,250,233.00,"58,250.00"
2020-01-16,2020011601017029,GBLBS,1,32,250,412.00,"103,000.00"
2020-01-16,2020011601016831,GBLBS,6,19,100,409.00,"40,900.00"
2020-01-16,2020011601016805,GBLBS,6,19,175,409.00,"71,575.00"
2020-01-16,2020011601016804,GBLBS,1,19,200,409.00,"81,800.00"
2020-01-16,2020011601016803,GBLBS,54,19,50,410.00,"20,500.00"
2020-01-16,2020011601016802,GBLBS,6,19,305,410.00,"125,050.00"
2020-01-16,2020011601017290,GGBSL,3,32,10,935.00,"9,350.00"
2020-01-16,2020011601017185,GGBSL,48,1,10,925.00,"9,250.00"
2020-01-16,2020011601017163,GGBSL,48,42,150,925.00,"138,750.00"
2020-01-16,2020011601017111,GGBSL,3,42,10,925.00,"9,250.00"
2020-01-16,2020011601017076,GGBSL,3,47,10,920.00,"9,200.00"
2020-01-16,2020011601016928,GGBSL,3,26,10,905.00,"9,050.00"
2020-01-16,2020011601017018,GLBSL,34,55,10,652.00,"6,520.00"
2020-01-16,2020011601017273,GLICL,53,38,10,558.00,"5,580.00"
2020-01-16,2020011601017088,GLICL,44,19,65,556.00,"36,140.00"
2020-01-16,2020011601016917,GLICL,44,51,296,556.00,"164,576.00"
2020-01-16,2020011601016979,GUFL,39,32,871,122.00,"106,262.00"
2020-01-16,2020011601016858,GUFL,34,32,"1,000",122.00,"122,000.00"
2020-01-16,2020011601017279,HBL,38,40,10,579.00,"5,790.00"
2020-01-16,2020011601017229,HBL,5,43,496,569.00,"282,224.00"
2020-01-16,2020011601017081,HBL,5,43,504,569.00,"286,776.00"
2020-01-16,2020011601017080,HBL,14,43,496,570.00,"282,720.00"
2020-01-16,2020011601017074,HBL,14,51,200,570.00,"114,000.00"
2020-01-16,2020011601017033,HBL,14,43,304,570.00,"173,280.00"
2020-01-16,2020011601016902,HBL,45,43,500,574.00,"287,000.00"
2020-01-16,2020011601017032,HBL,42,43,10,570.00,"5,700.00"
2020-01-16,2020011601017031,HBL,6,43,686,571.00,"391,706.00"
2020-01-16,2020011601016964,HBL,6,43,64,571.00,"36,544.00"
2020-01-16,2020011601016963,HBL,56,43,40,571.00,"22,840.00"
2020-01-16,2020011601016962,HBL,1,43,40,574.00,"22,960.00"
2020-01-16,2020011601016961,HBL,45,43,166,574.00,"95,284.00"
2020-01-16,2020011601017222,HDL,33,44,10,"1,279.00","12,790.00"
2020-01-16,2020011601017059,HDL,25,57,200,"1,270.00","254,000.00"
2020-01-16,2020011601017058,HDL,25,34,250,"1,269.00","317,250.00"
2020-01-16,2020011601017057,HDL,25,48,250,"1,268.00","317,000.00"
2020-01-16,2020011601017056,HDL,25,45,70,"1,268.00","88,760.00"
2020-01-16,2020011601017021,HDL,5,45,10,"1,268.00","12,680.00"
2020-01-16,2020011601016986,HDL,38,45,20,"1,268.00","25,360.00"
2020-01-16,2020011601016848,HDL,33,45,100,"1,268.00","126,800.00"
2020-01-16,2020011601016875,HGI,59,22,100,330.00,"33,000.00"
2020-01-16,2020011601016868,HGI,46,22,240,330.00,"79,200.00"
2020-01-16,2020011601017211,HIDCL,56,25,100,145.00,"14,500.00"
2020-01-16,2020011601017210,HIDCL,56,20,100,144.00,"14,400.00"
2020-01-16,2020011601017209,HIDCL,56,34,100,144.00,"14,400.00"
2020-01-16,2020011601017208,HIDCL,56,32,450,143.00,"64,350.00"
2020-01-16,2020011601017107,HIDCL,29,32,50,143.00,"7,150.00"
2020-01-16,2020011601017103,JBBL,35,35,835,175.00,"146,125.00"
2020-01-16,2020011601017102,JBBL,35,48,611,174.00,"106,314.00"
2020-01-16,2020011601017101,JBBL,35,42,200,174.00,"34,800.00"
2020-01-16,2020011601017100,JBBL,35,48,"1,000",174.00,"174,000.00"
2020-01-16,2020011601017099,JBBL,35,13,200,174.00,"34,800.00"
2020-01-16,2020011601017098,JBBL,35,25,300,174.00,"52,200.00"
2020-01-16,2020011601016840,JBBL,35,34,800,173.00,"138,400.00"
2020-01-16,2020011601016839,JBBL,35,21,500,172.00,"86,000.00"
2020-01-16,2020011601016838,JBBL,35,58,151,172.00,"25,972.00"
2020-01-16,2020011601016837,JBBL,35,56,"1,500",172.00,"258,000.00"
2020-01-16,2020011601016969,JBBL,35,25,239,173.00,"41,347.00"
2020-01-16,2020011601016968,JBBL,35,37,"1,760",173.00,"304,480.00"
2020-01-16,2020011601016967,JBBL,35,42,140,173.00,"24,220.00"
2020-01-16,2020011601016966,JBBL,35,45,24,173.00,"4,152.00"
2020-01-16,2020011601016842,JBBL,35,45,12,173.00,"2,076.00"
2020-01-16,2020011601016841,JBBL,35,45,37,173.00,"6,401.00"
2020-01-16,2020011601017097,JBBL,35,35,41,174.00,"7,134.00"
2020-01-16,2020011601017096,JBBL,35,39,813,174.00,"141,462.00"
2020-01-16,2020011601016973,JBBL,35,39,187,174.00,"32,538.00"
2020-01-16,2020011601016972,JBBL,35,59,300,173.00,"51,900.00"
2020-01-16,2020011601016971,JBBL,35,58,"1,000",173.00,"173,000.00"
2020-01-16,2020011601016970,JBBL,35,59,350,173.00,"60,550.00"
2020-01-16,2020011601017271,JFL,22,54,95,180.00,"17,100.00"
2020-01-16,2020011601017270,JFL,22,38,100,180.00,"18,000.00"
2020-01-16,2020011601017269,JFL,22,55,11,180.00,"1,980.00"
2020-01-16,2020011601017268,JFL,22,6,200,180.00,"36,000.00"
2020-01-16,2020011601017267,JFL,22,16,10,180.00,"1,800.00"
2020-01-16,2020011601017266,JFL,22,57,133,180.00,"23,940.00"
2020-01-16,2020011601017265,JFL,22,34,317,180.00,"57,060.00"
2020-01-16,2020011601016821,JSLBB,45,43,200,"1,434.00","286,800.00"
2020-01-16,2020011601016820,JSLBB,45,7,150,"1,433.00","214,950.00"
2020-01-16,2020011601016819,JSLBB,45,1,10,"1,432.00","14,320.00"
2020-01-16,2020011601016822,JSLBB,45,1,40,"1,434.00","57,360.00"
2020-01-16,2020011601017281,KBL,34,43,300,203.00,"60,900.00"
2020-01-16,2020011601017264,KBL,28,43,400,203.00,"81,200.00"
2020-01-16,2020011601017191,KBL,34,43,10,203.00,"2,030.00"
2020-01-16,2020011601016871,KBL,11,41,"1,100",203.00,"223,300.00"
2020-01-16,2020011601016870,KBL,11,6,441,203.00,"89,523.00"
2020-01-16,2020011601016869,KBL,11,25,198,202.00,"39,996.00"
2020-01-16,2020011601017145,KBL,56,43,300,203.00,"60,900.00"
2020-01-16,2020011601016931,KBL,36,36,"12,346",202.00,"2,493,892.00"
2020-01-16,2020011601016872,KBL,11,43,261,203.00,"52,983.00"
2020-01-16,2020011601017006,KPCL,58,21,70,99.00,"6,930.00"
2020-01-16,2020011601017005,KPCL,58,14,10,99.00,990.00
2020-01-16,2020011601017004,KPCL,58,14,10,99.00,990.00
2020-01-16,2020011601017003,KPCL,58,6,10,99.00,990.00
2020-01-16,2020011601017002,KPCL,58,53,30,99.00,"2,970.00"
2020-01-16,2020011601017108,KRBL,46,18,200,115.00,"23,000.00"
2020-01-16,2020011601017287,KSBBL,45,57,300,155.00,"46,500.00"
2020-01-16,2020011601016958,KSBBL,21,57,100,155.00,"15,500.00"
2020-01-16,2020011601016862,KSBBL,45,46,10,156.00,"1,560.00"
2020-01-16,2020011601016861,KSBBL,45,37,700,153.00,"107,100.00"
2020-01-16,2020011601017142,LBBL,59,50,100,189.00,"18,900.00"
2020-01-16,2020011601017141,LBBL,34,50,500,189.00,"94,500.00"
2020-01-16,2020011601017140,LBBL,33,50,"1,000",189.00,"189,000.00"
2020-01-16,2020011601017139,LBBL,33,50,"1,000",189.00,"189,000.00"
2020-01-16,2020011601017138,LBBL,37,50,50,189.00,"9,450.00"
2020-01-16,2020011601017137,LBBL,39,50,"1,000",189.00,"189,000.00"
2020-01-16,2020011601017136,LBBL,47,50,474,189.00,"89,586.00"
2020-01-16,2020011601017020,LBBL,50,45,193,190.00,"36,670.00"
2020-01-16,2020011601017019,LBBL,50,35,17,190.00,"3,230.00"
2020-01-16,2020011601017038,LBL,59,52,205,216.00,"44,280.00"
2020-01-16,2020011601016929,LBL,59,38,205,216.00,"44,280.00"
2020-01-16,2020011601017274,LGIL,42,6,10,418.00,"4,180.00"
2020-01-16,2020011601017167,LGIL,58,22,100,415.00,"41,500.00"
2020-01-16,2020011601016900,LGIL,5,5,686,411.00,"281,946.00"
2020-01-16,2020011601016899,LGIL,58,5,200,411.00,"82,200.00"
2020-01-16,2020011601016898,LGIL,57,5,200,411.00,"82,200.00"
2020-01-16,2020011601016897,LGIL,56,5,200,412.00,"82,400.00"
2020-01-16,2020011601016896,LGIL,40,5,14,412.00,"5,768.00"
2020-01-16,2020011601016895,LGIL,58,5,200,413.00,"82,600.00"
2020-01-16,2020011601016880,LGIL,57,25,100,415.00,"41,500.00"
2020-01-16,2020011601016843,LGIL,56,51,200,417.00,"83,400.00"
2020-01-16,2020011601016823,LGIL,57,53,100,415.00,"41,500.00"
2020-01-16,2020011601017254,LICN,50,34,100,"1,198.00","119,800.00"
2020-01-16,2020011601017253,LICN,50,32,100,"1,198.00","119,800.00"
2020-01-16,2020011601017252,LICN,50,54,30,"1,183.00","35,490.00"
2020-01-16,2020011601017251,LICN,50,8,200,"1,183.00","236,600.00"
2020-01-16,2020011601017250,LICN,50,47,41,"1,183.00","48,503.00"
2020-01-16,2020011601017249,LICN,50,10,50,"1,183.00","59,150.00"
2020-01-16,2020011601016845,LICN,25,16,10,"1,181.00","11,810.00"
2020-01-16,2020011601017248,LICN,50,54,50,"1,183.00","59,150.00"
2020-01-16,2020011601017247,LICN,50,25,500,"1,183.00","591,500.00"
2020-01-16,2020011601017246,LICN,50,44,100,"1,183.00","118,300.00"
2020-01-16,2020011601017245,LICN,50,34,100,"1,181.00","118,100.00"
2020-01-16,2020011601017244,LICN,50,25,76,"1,181.00","89,756.00"
2020-01-16,2020011601017189,LICN,50,34,200,"1,175.00","235,000.00"
2020-01-16,2020011601017060,LLBS,38,1,10,999.00,"9,990.00"
2020-01-16,2020011601017093,MBL,44,55,500,245.00,"122,500.00"
2020-01-16,2020011601017023,MBL,44,37,172,245.00,"42,140.00"
2020-01-16,2020011601016922,MBL,44,57,736,245.00,"180,320.00"
2020-01-16,2020011601016921,MBL,22,57,50,245.00,"12,250.00"
2020-01-16,2020011601016920,MBL,50,57,100,245.00,"24,500.00"
2020-01-16,2020011601016919,MBL,40,57,500,245.00,"122,500.00"
2020-01-16,2020011601016918,MBL,37,57,146,245.00,"35,770.00"
2020-01-16,2020011601016811,MBL,37,14,100,245.00,"24,500.00"
2020-01-16,2020011601017053,MEGA,16,52,500,208.00,"104,000.00"
2020-01-16,2020011601017090,MERO,17,34,100,637.00,"63,700.00"
2020-01-16,2020011601017089,MERO,58,10,392,638.00,"250,096.00"
2020-01-16,2020011601016933,MERO,34,39,150,649.00,"97,350.00"
2020-01-16,2020011601017228,MFIL,38,41,"1,000",196.00,"196,000.00"
2020-01-16,2020011601017227,MFIL,38,32,200,196.00,"39,200.00"
2020-01-16,2020011601017226,MFIL,38,53,105,196.00,"20,580.00"
2020-01-16,2020011601017225,MFIL,38,42,17,196.00,"3,332.00"
2020-01-16,2020011601017224,MFIL,38,51,128,196.00,"25,088.00"
2020-01-16,2020011601017223,MFIL,38,47,327,196.00,"64,092.00"
2020-01-16,2020011601017012,MFIL,35,47,334,196.00,"65,464.00"
2020-01-16,2020011601017011,MFIL,35,33,500,196.00,"98,000.00"
2020-01-16,2020011601017010,MFIL,35,43,166,196.00,"32,536.00"
2020-01-16,2020011601016981,MFIL,35,59,500,195.00,"97,500.00"
2020-01-16,2020011601016980,MFIL,35,34,"1,000",195.00,"195,000.00"
2020-01-16,2020011601017072,MLBL,28,52,10,211.00,"2,110.00"
2020-01-16,2020011601017001,MLBL,4,20,20,209.00,"4,180.00"
2020-01-16,2020011601017000,MLBL,4,25,14,209.00,"2,926.00"
2020-01-16,2020011601016999,MLBL,4,4,"1,000",209.00,"209,000.00"
2020-01-16,2020011601016992,MLBL,4,16,932,207.00,"192,924.00"
2020-01-16,2020011601016940,MLBL,4,16,68,207.00,"14,076.00"
2020-01-16,2020011601016939,MLBL,4,45,32,207.00,"6,624.00"
2020-01-16,2020011601016998,MLBL,4,53,100,208.00,"20,800.00"
2020-01-16,2020011601016997,MLBL,4,45,500,208.00,"104,000.00"
2020-01-16,2020011601016996,MLBL,4,47,50,208.00,"10,400.00"
2020-01-16,2020011601016995,MLBL,4,14,"1,444",208.00,"300,352.00"
2020-01-16,2020011601016994,MLBL,4,29,500,207.00,"103,500.00"
2020-01-16,2020011601016993,MLBL,4,13,250,207.00,"51,750.00"
2020-01-16,2020011601017257,MNBBL,25,20,18,318.00,"5,724.00"
2020-01-16,2020011601017256,MNBBL,28,20,50,318.00,"15,900.00"
2020-01-16,2020011601016910,MNBBL,38,57,54,319.00,"17,226.00"
2020-01-16,2020011601016911,MNBBL,25,57,46,319.00,"14,674.00"
2020-01-16,2020011601017130,MSLB,32,33,10,969.00,"9,690.00"
2020-01-16,2020011601017028,NABIL,1,47,55,751.00,"41,305.00"
2020-01-16,2020011601017276,NBB,37,1,500,214.00,"107,000.00"
2020-01-16,2020011601016894,NBB,36,25,190,213.00,"40,470.00"
2020-01-16,2020011601016860,NBB,45,56,230,213.00,"48,990.00"
2020-01-16,2020011601017240,NBL,37,1,286,282.00,"80,652.00"
2020-01-16,2020011601017239,NBL,37,22,714,282.00,"201,348.00"
2020-01-16,2020011601017177,NBL,37,22,200,282.00,"56,400.00"
2020-01-16,2020011601017109,NBL,36,36,"5,000",282.00,"1,410,000.00"
2020-01-16,2020011601017054,NBL,35,22,50,282.00,"14,100.00"
2020-01-16,2020011601017036,NBL,32,38,567,281.00,"159,327.00"
2020-01-16,2020011601017035,NBL,10,38,223,281.00,"62,663.00"
2020-01-16,2020011601016847,NBL,1,22,400,282.00,"112,800.00"
2020-01-16,2020011601017295,NCCB,8,17,10,226.00,"2,260.00"
2020-01-16,2020011601017263,NCCB,36,36,"5,497",225.00,"1,236,825.00"
2020-01-16,2020011601017133,NCCB,44,17,174,225.00,"39,150.00"
2020-01-16,2020011601017132,NCCB,17,17,826,225.00,"185,850.00"
2020-01-16,2020011601017122,NCCB,17,21,100,225.00,"22,500.00"
2020-01-16,2020011601017092,NCCB,17,1,500,225.00,"112,500.00"
2020-01-16,2020011601017025,NCCB,22,17,500,226.00,"113,000.00"
2020-01-16,2020011601016812,NCCB,47,40,"1,000",226.00,"226,000.00"
2020-01-16,2020011601016879,NGPL,51,16,417,119.00,"49,623.00"
2020-01-16,2020011601016878,NGPL,22,16,200,119.00,"23,800.00"
2020-01-16,2020011601016877,NGPL,37,16,200,119.00,"23,800.00"
2020-01-16,2020011601016876,NGPL,44,16,22,119.00,"2,618.00"
2020-01-16,2020011601017095,NGPL,14,14,10,120.00,"1,200.00"
2020-01-16,2020011601017192,NIB,46,37,97,409.00,"39,673.00"
2020-01-16,2020011601016960,NIB,34,1,14,410.00,"5,740.00"
2020-01-16,2020011601016959,NIB,34,46,111,410.00,"45,510.00"
2020-01-16,2020011601016909,NIB,6,46,19,410.00,"7,790.00"
2020-01-16,2020011601016908,NIB,6,14,411,409.00,"168,099.00"
2020-01-16,2020011601017052,NIBPO,46,21,50,386.00,"19,300.00"
2020-01-16,2020011601016850,NICA,45,51,750,475.00,"356,250.00"
2020-01-16,2020011601016849,NICA,45,51,250,475.00,"118,750.00"
2020-01-16,2020011601016818,NICA,45,58,100,476.00,"47,600.00"
2020-01-16,2020011601016817,NICA,35,58,100,476.00,"47,600.00"
2020-01-16,2020011601016816,NICA,44,58,500,476.00,"238,000.00"
2020-01-16,2020011601016815,NICA,49,58,"1,495",476.00,"711,620.00"
2020-01-16,2020011601017094,NICL,43,57,10,372.00,"3,720.00"
2020-01-16,2020011601017051,NICL,43,57,10,365.00,"3,650.00"
2020-01-16,2020011601017050,NICL,43,33,300,365.00,"109,500.00"
2020-01-16,2020011601017049,NICL,43,16,100,365.00,"36,500.00"
2020-01-16,2020011601017048,NICL,43,14,50,365.00,"18,250.00"
2020-01-16,2020011601017047,NICL,43,58,265,364.00,"96,460.00"
2020-01-16,2020011601016864,NICL,43,21,100,357.00,"35,700.00"
2020-01-16,2020011601016863,NICL,43,44,"2,418",356.00,"860,808.00"
2020-01-16,2020011601016829,NICL,43,10,480,352.00,"168,960.00"
2020-01-16,2020011601016827,NICL,44,56,"1,700",349.00,"593,300.00"
2020-01-16,2020011601016826,NICL,7,56,200,350.00,"70,000.00"
2020-01-16,2020011601016949,NICL,43,42,50,360.00,"18,000.00"
2020-01-16,2020011601016948,NICL,43,21,10,360.00,"3,600.00"
2020-01-16,2020011601016884,NICL,43,45,300,359.00,"107,700.00"
2020-01-16,2020011601016867,NICL,43,10,200,359.00,"71,800.00"
2020-01-16,2020011601016866,NICL,43,44,100,358.00,"35,800.00"
2020-01-16,2020011601016865,NICL,43,13,"1,000",357.00,"357,000.00"
2020-01-16,2020011601017046,NICL,43,39,200,364.00,"72,800.00"
2020-01-16,2020011601017045,NICL,43,19,43,364.00,"15,652.00"
2020-01-16,2020011601017044,NICL,43,44,200,363.00,"72,600.00"
2020-01-16,2020011601017043,NICL,43,43,150,362.00,"54,300.00"
2020-01-16,2020011601017042,NICL,43,49,"1,000",362.00,"362,000.00"
2020-01-16,2020011601016950,NICL,43,13,300,360.00,"108,000.00"
2020-01-16,2020011601017169,NIL,44,53,70,436.00,"30,520.00"
2020-01-16,2020011601017168,NIL,44,53,50,437.00,"21,850.00"
2020-01-16,2020011601016907,NLG,38,22,341,715.00,"243,815.00"
2020-01-16,2020011601017286,NLIC,55,32,200,"1,039.00","207,800.00"
2020-01-16,2020011601017113,NLIC,35,36,15,"1,035.00","15,525.00"
2020-01-16,2020011601017041,NLIC,35,36,15,"1,035.00","15,525.00"
2020-01-16,2020011601016932,NLIC,50,58,200,"1,035.00","207,000.00"
2020-01-16,2020011601016927,NLIC,50,32,20,"1,035.00","20,700.00"
2020-01-16,2020011601016903,NLIC,42,58,100,"1,037.00","103,700.00"
2020-01-16,2020011601016901,NLIC,42,57,200,"1,037.00","207,400.00"
2020-01-16,2020011601016809,NLIC,35,45,200,"1,037.00","207,400.00"
2020-01-16,2020011601016806,NLIC,50,28,200,"1,035.00","207,000.00"
2020-01-16,2020011601017218,NMBMF,59,54,10,819.00,"8,190.00"
2020-01-16,2020011601016952,NMBMF,25,55,10,806.00,"8,060.00"
2020-01-16,2020011601017078,NTC,6,17,145,639.00,"92,655.00"
2020-01-16,2020011601017125,OHL,58,42,22,527.00,"11,594.00"
2020-01-16,2020011601017124,OHL,21,42,200,528.00,"105,600.00"
2020-01-16,2020011601017123,OHL,58,42,500,528.00,"264,000.00"
2020-01-16,2020011601017289,PCBL,5,4,100,282.00,"28,200.00"
2020-01-16,2020011601017278,PCBL,4,48,100,286.00,"28,600.00"
2020-01-16,2020011601017166,PCBL,5,21,66,282.00,"18,612.00"
2020-01-16,2020011601017165,PCBL,6,21,606,282.00,"170,892.00"
2020-01-16,2020011601017164,PCBL,4,21,288,283.00,"81,504.00"
2020-01-16,2020011601017144,PCBL,29,55,50,285.00,"14,250.00"
2020-01-16,2020011601016912,PCBL,4,55,100,285.00,"28,500.00"
2020-01-16,2020011601016888,PCBL,4,4,50,283.00,"14,150.00"
2020-01-16,2020011601016887,PCBL,4,4,50,285.00,"14,250.00"
2020-01-16,2020011601016944,PIC,38,48,193,491.00,"94,763.00"
2020-01-16,2020011601016943,PIC,53,48,20,491.00,"9,820.00"
2020-01-16,2020011601016942,PIC,42,48,200,494.00,"98,800.00"
2020-01-16,2020011601016796,PIC,53,34,200,491.00,"98,200.00"
2020-01-16,2020011601017280,PLIC,49,16,50,440.00,"22,000.00"
2020-01-16,2020011601017212,PLIC,49,34,50,440.00,"22,000.00"
2020-01-16,2020011601017293,PRIN,36,21,30,391.00,"11,730.00"
2020-01-16,2020011601017204,PRIN,21,58,34,386.00,"13,124.00"
2020-01-16,2020011601016957,PRIN,6,45,100,384.00,"38,400.00"
2020-01-16,2020011601016930,PRIN,45,38,100,385.00,"38,500.00"
2020-01-16,2020011601016914,PRIN,48,38,500,385.00,"192,500.00"
2020-01-16,2020011601016913,PRIN,53,38,100,385.00,"38,500.00"
2020-01-16,2020011601016855,PRIN,32,58,200,386.00,"77,200.00"
2020-01-16,2020011601016854,PRIN,21,58,100,386.00,"38,600.00"
2020-01-16,2020011601016853,PRIN,58,58,150,386.00,"57,900.00"
2020-01-16,2020011601016852,PRIN,5,58,16,387.00,"6,192.00"
2020-01-16,2020011601017294,PRVU,4,14,200,253.00,"50,600.00"
2020-01-16,2020011601017282,PRVU,32,34,200,254.00,"50,800.00"
2020-01-16,2020011601017194,PRVU,32,34,180,254.00,"45,720.00"
2020-01-16,2020011601017193,PRVU,32,33,20,254.00,"5,080.00"
2020-01-16,2020011601017162,PRVU,32,33,100,254.00,"25,400.00"
2020-01-16,2020011601017143,PRVU,39,33,"1,000",254.00,"254,000.00"
2020-01-16,2020011601016924,PRVU,32,57,720,254.00,"182,880.00"
2020-01-16,2020011601016856,PRVU,4,57,200,253.00,"50,600.00"
2020-01-16,2020011601017135,PRVU,50,33,100,254.00,"25,400.00"
2020-01-16,2020011601017017,PRVU,36,36,"10,000",253.00,"2,530,000.00"
2020-01-16,2020011601016925,PRVU,32,33,280,254.00,"71,120.00"
2020-01-16,2020011601016883,RBCL,38,17,10,"9,275.00","92,750.00"
2020-01-16,2020011601016882,RBCL,38,43,10,"9,274.00","92,740.00"
2020-01-16,2020011601017275,RHPL,46,19,900,176.00,"158,400.00"
2020-01-16,2020011601017241,RHPL,46,41,50,176.00,"8,800.00"
2020-01-16,2020011601017197,RHPL,50,37,220,178.00,"39,160.00"
2020-01-16,2020011601017196,RHPL,50,41,40,178.00,"7,120.00"
2020-01-16,2020011601017195,RHPL,50,41,40,178.00,"7,120.00"
2020-01-16,2020011601017181,RHPL,46,41,50,176.00,"8,800.00"
2020-01-16,2020011601017134,RHPL,46,26,10,176.00,"1,760.00"
2020-01-16,2020011601017110,RHPL,46,41,40,176.00,"7,040.00"
2020-01-16,2020011601017061,RHPL,46,41,40,176.00,"7,040.00"
2020-01-16,2020011601017027,RHPL,46,41,40,176.00,"7,040.00"
2020-01-16,2020011601016983,RHPL,46,41,40,176.00,"7,040.00"
2020-01-16,2020011601016808,RHPL,46,55,50,176.00,"8,800.00"
2020-01-16,2020011601017082,RLFL,48,5,858,131.00,"112,398.00"
2020-01-16,2020011601016807,RRHP,13,29,10,103.00,"1,030.00"
2020-01-16,2020011601017037,RSDC,58,21,50,424.00,"21,200.00"
2020-01-16,2020011601016926,RSDC,16,6,10,432.00,"4,320.00"
2020-01-16,2020011601016835,RSDC,16,41,20,426.00,"8,520.00"
2020-01-16,2020011601016834,RSDC,16,41,20,426.00,"8,520.00"
2020-01-16,2020011601016833,RSDC,16,34,546,426.00,"232,596.00"
2020-01-16,2020011601016832,RSDC,16,19,47,425.00,"19,975.00"
2020-01-16,2020011601017198,SABSL,5,35,10,798.00,"7,980.00"
2020-01-16,2020011601017159,SABSL,5,36,10,795.00,"7,950.00"
2020-01-16,2020011601017158,SABSL,5,1,10,795.00,"7,950.00"
2020-01-16,2020011601017157,SABSL,5,6,10,795.00,"7,950.00"
2020-01-16,2020011601017156,SABSL,5,6,10,795.00,"7,950.00"
2020-01-16,2020011601017155,SABSL,5,6,10,795.00,"7,950.00"
2020-01-16,2020011601017063,SABSL,5,45,200,782.00,"156,400.00"
2020-01-16,2020011601017062,SABSL,5,32,200,780.00,"156,000.00"
2020-01-16,2020011601017148,SABSL,5,45,10,790.00,"7,900.00"
2020-01-16,2020011601017147,SABSL,5,45,200,789.00,"157,800.00"
2020-01-16,2020011601017067,SABSL,5,25,100,788.00,"78,800.00"
2020-01-16,2020011601017066,SABSL,5,45,10,785.00,"7,850.00"
2020-01-16,2020011601017065,SABSL,5,19,200,785.00,"157,000.00"
2020-01-16,2020011601017064,SABSL,5,52,185,783.00,"144,855.00"
2020-01-16,2020011601017154,SABSL,5,28,200,795.00,"159,000.00"
2020-01-16,2020011601017153,SABSL,5,13,10,791.00,"7,910.00"
2020-01-16,2020011601017152,SABSL,5,13,10,791.00,"7,910.00"
2020-01-16,2020011601017151,SABSL,5,33,10,790.00,"7,900.00"
2020-01-16,2020011601017150,SABSL,5,41,10,790.00,"7,900.00"
2020-01-16,2020011601017149,SABSL,5,41,10,790.00,"7,900.00"
2020-01-16,2020011601016857,SADBL,46,46,850,158.00,"134,300.00"
2020-01-16,2020011601017277,SANIMA,34,4,"1,885",349.00,"657,865.00"
2020-01-16,2020011601017207,SANIMA,3,4,341,349.00,"119,009.00"
2020-01-16,2020011601017206,SANIMA,57,4,200,349.00,"69,800.00"
2020-01-16,2020011601017205,SANIMA,5,4,"1,000",349.00,"349,000.00"
2020-01-16,2020011601017178,SAPDBL,28,28,10,153.00,"1,530.00"
2020-01-16,2020011601017077,SAPDBL,32,28,10,150.00,"1,500.00"
2020-01-16,2020011601017272,SBL,32,35,10,326.00,"3,260.00"
2020-01-16,2020011601017106,SBL,41,4,324,325.00,"105,300.00"
2020-01-16,2020011601017105,SBL,33,4,"1,000",325.00,"325,000.00"
2020-01-16,2020011601017104,SBL,32,4,310,325.00,"100,750.00"
2020-01-16,2020011601016991,SBL,32,6,690,325.00,"224,250.00"
2020-01-16,2020011601016990,SBL,4,6,744,325.00,"241,800.00"
2020-01-16,2020011601016989,SBL,45,6,200,325.00,"65,000.00"
2020-01-16,2020011601016988,SBL,26,6,300,325.00,"97,500.00"
2020-01-16,2020011601016987,SBL,51,6,66,325.00,"21,450.00"
2020-01-16,2020011601016836,SBL,7,4,235,326.00,"76,610.00"
2020-01-16,2020011601016810,SCB,35,6,100,635.00,"63,500.00"
2020-01-16,2020011601017237,SDESI,33,45,12,804.00,"9,648.00"
2020-01-16,2020011601017236,SDESI,33,5,20,800.00,"16,000.00"
2020-01-16,2020011601017235,SDESI,33,45,10,800.00,"8,000.00"
2020-01-16,2020011601017234,SDESI,33,34,100,800.00,"80,000.00"
2020-01-16,2020011601017233,SDESI,33,47,27,800.00,"21,600.00"
2020-01-16,2020011601017232,SDESI,33,3,11,800.00,"8,800.00"
2020-01-16,2020011601016982,SDESI,45,33,100,784.00,"78,400.00"
2020-01-16,2020011601016891,SDESI,29,14,66,798.00,"52,668.00"
2020-01-16,2020011601016890,SDESI,29,6,34,798.00,"27,132.00"
2020-01-16,2020011601017231,SDESI,33,35,20,800.00,"16,000.00"
2020-01-16,2020011601017176,SDESI,33,45,300,799.00,"239,700.00"
2020-01-16,2020011601017175,SDESI,33,45,100,799.00,"79,900.00"
2020-01-16,2020011601017174,SDESI,33,14,134,798.00,"106,932.00"
2020-01-16,2020011601017173,SDESI,33,33,900,783.00,"704,700.00"
2020-01-16,2020011601017291,SFFIL,45,38,200,236.00,"47,200.00"
2020-01-16,2020011601017220,SFFIL,45,17,850,238.00,"202,300.00"
2020-01-16,2020011601017219,SFFIL,45,41,150,237.00,"35,550.00"
2020-01-16,2020011601017179,SFFIL,45,52,10,236.00,"2,360.00"
2020-01-16,2020011601016951,SFFIL,26,26,42,232.00,"9,744.00"
2020-01-16,2020011601017292,SHIVM,32,14,80,524.00,"41,920.00"
2020-01-16,2020011601017255,SHL,34,29,110,211.00,"23,210.00"
2020-01-16,2020011601017055,SHL,34,32,100,212.00,"21,200.00"
2020-01-16,2020011601017009,SHL,34,56,800,212.00,"169,600.00"
2020-01-16,2020011601016947,SHL,34,51,100,211.00,"21,100.00"
2020-01-16,2020011601016938,SHL,34,42,107,210.00,"22,470.00"
2020-01-16,2020011601016937,SHL,52,42,200,210.00,"42,000.00"
2020-01-16,2020011601016936,SHL,58,42,693,210.00,"145,530.00"
2020-01-16,2020011601016965,SHPC,4,49,100,204.00,"20,400.00"
2020-01-16,2020011601016906,SIC,29,43,16,601.00,"9,616.00"
2020-01-16,2020011601016905,SIC,22,43,84,602.00,"50,568.00"
2020-01-16,2020011601016945,SICL,47,7,100,945.00,"94,500.00"
2020-01-16,2020011601017086,SIL,44,45,100,480.00,"48,000.00"
2020-01-16,2020011601016923,SIL,44,8,100,480.00,"48,000.00"
2020-01-16,2020011601016859,SJCL,37,55,20,166.00,"3,320.00"
2020-01-16,2020011601017114,SKBBL,34,32,50,965.00,"48,250.00"
2020-01-16,2020011601017230,SLBBL,14,37,100,748.00,"74,800.00"
2020-01-16,2020011601017180,SLBBL,42,35,88,745.00,"65,560.00"
2020-01-16,2020011601017040,SLBBL,42,7,100,745.00,"74,500.00"
2020-01-16,2020011601016874,SLBBL,14,55,100,741.00,"74,100.00"
2020-01-16,2020011601017034,SLICL,5,45,150,349.00,"52,350.00"
2020-01-16,2020011601017024,SLICL,5,48,70,349.00,"24,430.00"
2020-01-16,2020011601016889,SLICL,40,29,77,350.00,"26,950.00"
2020-01-16,2020011601016886,SLICL,40,22,370,350.00,"129,500.00"
2020-01-16,2020011601016830,SLICL,40,17,53,350.00,"18,550.00"
2020-01-16,2020011601016814,SLICL,34,22,180,353.00,"63,540.00"
2020-01-16,2020011601016813,SLICL,34,19,20,352.00,"7,040.00"
2020-01-16,2020011601017262,SPARS,47,34,180,769.00,"138,420.00"
2020-01-16,2020011601017261,SPARS,47,14,20,768.00,"15,360.00"
2020-01-16,2020011601017016,SRBL,42,40,50,240.00,"12,000.00"
2020-01-16,2020011601017015,SRBL,33,40,"1,000",242.00,"242,000.00"
2020-01-16,2020011601017014,SRBL,34,40,300,242.00,"72,600.00"
2020-01-16,2020011601017013,SRBL,25,40,150,242.00,"36,300.00"
2020-01-16,2020011601017091,STC,16,14,10,"2,600.00","26,000.00"
2020-01-16,2020011601016941,STC,48,6,100,"2,584.00","258,400.00"
2020-01-16,2020011601017115,TMDBL,40,4,200,186.00,"37,200.00"
2020-01-16,2020011601017188,TRH,45,3,10,306.00,"3,060.00"
2020-01-16,2020011601017187,TRH,45,56,120,305.00,"36,600.00"
2020-01-16,2020011601016985,TRH,59,58,143,302.00,"43,186.00"
2020-01-16,2020011601016984,TRH,58,58,439,302.00,"132,578.00"
2020-01-16,2020011601016800,TRH,58,29,561,302.00,"169,422.00"
2020-01-16,2020011601016799,TRH,7,29,20,302.00,"6,040.00"
2020-01-16,2020011601016798,TRH,59,29,80,303.00,"24,240.00"
2020-01-16,2020011601016825,UFL,42,28,50,185.00,"9,250.00"
2020-01-16,2020011601017216,UIC,42,58,200,358.00,"71,600.00"
2020-01-16,2020011601017215,UIC,42,45,20,358.00,"7,160.00"
2020-01-16,2020011601017214,UIC,42,37,140,358.00,"50,120.00"
2020-01-16,2020011601017213,UIC,42,42,50,357.00,"17,850.00"
2020-01-16,2020011601017238,UPPER,32,10,40,249.00,"9,960.00"
2020-01-16,2020011601016935,UPPER,32,34,50,249.00,"12,450.00"
2020-01-16,2020011601017030,VLBS,56,13,450,892.00,"401,400.00"
2020-01-16,2020011601016892,VLBS,56,43,100,890.00,"89,000.00"
2020-01-16,2020011601017203,WOMI,39,58,222,980.00,"217,560.00"
2020-01-16,2020011601017202,WOMI,39,55,420,980.00,"411,600.00"
2020-01-16,2020011601017201,WOMI,39,54,100,980.00,"98,000.00"
2020-01-16,2020011601017200,WOMI,39,34,218,979.00,"213,422.00"
2020-01-16,2020011601017199,WOMI,39,1,40,979.00,"39,160.00"
2020-01-16,2020011601017121,WOMI,40,58,200,971.00,"194,200.00"
2020-01-16,2020011601016851,WOMI,5,10,10,979.00,"9,790.00"
2020-01-16,2020011601017120,WOMI,45,34,32,979.00,"31,328.00"
2020-01-16,2020011601017119,WOMI,45,10,49,979.00,"47,971.00"
2020-01-16,2020011601017118,WOMI,45,10,49,971.00,"47,579.00"
2020-01-16,2020011601017117,WOMI,45,50,50,971.00,"48,550.00"
2020-01-16,2020011601017116,WOMI,45,39,20,971.00,"19,420.00"
2020-01-16,2020011601016605,ADBL,55,51,50,391.00,"19,550.00"
2020-01-16,2020011601016363,ADBL,25,6,500,392.00,"196,000.00"
2020-01-16,2020011601016362,ADBL,6,6,50,392.00,"19,600.00"
2020-01-16,2020011601016705,AKPL,45,50,10,137.00,"1,370.00"
2020-01-16,2020011601016582,AKPL,29,46,"1,000",135.00,"135,000.00"
2020-01-16,2020011601016581,AKPL,29,46,375,135.00,"50,625.00"
2020-01-16,2020011601016489,AKPL,29,45,50,135.00,"6,750.00"
2020-01-16,2020011601016485,AKPL,45,50,10,137.00,"1,370.00"
2020-01-16,2020011601016573,ALBSL,41,55,10,668.00,"6,680.00"
2020-01-16,2020011601016512,ALBSL,41,52,100,668.00,"66,800.00"
2020-01-16,2020011601016511,ALBSL,14,52,310,668.00,"207,080.00"
2020-01-16,2020011601016432,ALBSL,14,5,10,668.00,"6,680.00"
2020-01-16,2020011601016513,ALICL,34,58,100,439.00,"43,900.00"
2020-01-16,2020011601016571,API,25,38,63,128.00,"8,064.00"
2020-01-16,2020011601016549,API,35,25,297,126.00,"37,422.00"
2020-01-16,2020011601016703,BFC,41,21,25,98.00,"2,450.00"
2020-01-16,2020011601016431,BFC,41,21,60,98.00,"5,880.00"
2020-01-16,2020011601016670,BOKL,11,56,500,242.00,"121,000.00"
2020-01-16,2020011601016669,BOKL,29,56,220,242.00,"53,240.00"
2020-01-16,2020011601016754,CBBL,57,55,35,917.00,"32,095.00"
2020-01-16,2020011601016734,CBBL,14,45,150,911.00,"136,650.00"
2020-01-16,2020011601016646,CBBL,41,11,100,911.00,"91,100.00"
2020-01-16,2020011601016417,CBBL,41,39,500,914.00,"457,000.00"
2020-01-16,2020011601016416,CBBL,39,39,100,915.00,"91,500.00"
2020-01-16,2020011601016620,CBL,4,11,166,149.00,"24,734.00"
2020-01-16,2020011601016435,CBL,4,32,"1,200",149.00,"178,800.00"
2020-01-16,2020011601016418,CBL,4,58,"3,000",149.00,"447,000.00"
2020-01-16,2020011601016795,CCBL,16,6,850,189.00,"160,650.00"
2020-01-16,2020011601016745,CCBL,6,19,50,191.00,"9,550.00"
2020-01-16,2020011601016744,CCBL,6,19,250,190.00,"47,500.00"
2020-01-16,2020011601016743,CCBL,6,48,900,190.00,"171,000.00"
2020-01-16,2020011601016533,CCBL,4,48,100,190.00,"19,000.00"
2020-01-16,2020011601016412,CCBL,49,17,250,189.00,"47,250.00"
2020-01-16,2020011601016532,CCBL,4,48,100,190.00,"19,000.00"
2020-01-16,2020011601016504,CCBL,16,17,150,189.00,"28,350.00"
2020-01-16,2020011601016450,CCBL,4,51,168,188.00,"31,584.00"
2020-01-16,2020011601016449,CCBL,6,51,500,188.00,"94,000.00"
2020-01-16,2020011601016448,CCBL,32,51,129,188.00,"24,252.00"
2020-01-16,2020011601016446,CCBL,32,14,52,188.00,"9,776.00"
2020-01-16,2020011601016665,CFCL,4,58,50,152.00,"7,600.00"
2020-01-16,2020011601016640,CFCL,42,26,100,154.00,"15,400.00"
2020-01-16,2020011601016527,CFCL,52,26,100,154.00,"15,400.00"
2020-01-16,2020011601016487,CFCL,59,14,"1,500",153.00,"229,500.00"
2020-01-16,2020011601016486,CFCL,59,52,500,153.00,"76,500.00"
2020-01-16,2020011601016727,CHCL,28,58,659,418.00,"275,462.00"
2020-01-16,2020011601016726,CHCL,52,58,37,418.00,"15,466.00"
2020-01-16,2020011601016725,CHCL,52,58,252,418.00,"105,336.00"
2020-01-16,2020011601016662,CHCL,52,25,148,418.00,"61,864.00"
2020-01-16,2020011601016661,CHCL,42,25,75,418.00,"31,350.00"
2020-01-16,2020011601016660,CHCL,45,25,238,419.00,"99,722.00"
2020-01-16,2020011601016315,CHCL,37,58,50,419.00,"20,950.00"
2020-01-16,2020011601016314,CHCL,42,58,115,419.00,"48,185.00"
2020-01-16,2020011601016622,CHCL,6,48,10,420.00,"4,200.00"
2020-01-16,2020011601016595,CHCL,45,57,262,419.00,"109,778.00"
2020-01-16,2020011601016498,CHCL,54,57,100,419.00,"41,900.00"
2020-01-16,2020011601016318,CHCL,42,58,25,418.00,"10,450.00"
2020-01-16,2020011601016317,CHCL,7,58,57,419.00,"23,883.00"
2020-01-16,2020011601016316,CHCL,35,58,100,419.00,"41,900.00"
2020-01-16,2020011601016720,CIT,22,14,20,"2,215.00","44,300.00"
2020-01-16,2020011601016706,CIT,43,40,300,"2,214.00","664,200.00"
2020-01-16,2020011601016303,CIT,28,43,100,"2,206.00","220,600.00"
2020-01-16,2020011601016785,CZBIL,51,57,408,209.00,"85,272.00"
2020-01-16,2020011601016753,CZBIL,51,58,592,209.00,"123,728.00"
2020-01-16,2020011601016442,CZBIL,49,38,62,208.00,"12,896.00"
2020-01-16,2020011601016379,CZBIL,41,58,200,209.00,"41,800.00"
2020-01-16,2020011601016794,DDBL,45,17,70,"1,045.00","73,150.00"
2020-01-16,2020011601016643,DDBL,45,43,50,"1,045.00","52,250.00"
2020-01-16,2020011601016642,DDBL,45,34,50,"1,045.00","52,250.00"
2020-01-16,2020011601016641,DDBL,45,56,100,"1,045.00","104,500.00"
2020-01-16,2020011601016494,DDBL,14,56,100,"1,045.00","104,500.00"
2020-01-16,2020011601016329,DDBL,38,33,80,"1,044.00","83,520.00"
2020-01-16,2020011601016326,DDBL,37,33,20,"1,044.00","20,880.00"
2020-01-16,2020011601016493,EBL,39,52,431,630.00,"271,530.00"
2020-01-16,2020011601016492,EBL,54,52,69,630.00,"43,470.00"
2020-01-16,2020011601016345,EBL,59,59,500,632.00,"316,000.00"
2020-01-16,2020011601016344,EBL,59,59,195,632.00,"123,240.00"
2020-01-16,2020011601016606,EIC,33,55,200,328.00,"65,600.00"
2020-01-16,2020011601016544,EIC,34,55,200,328.00,"65,600.00"
2020-01-16,2020011601016509,EIC,45,8,450,327.00,"147,150.00"
2020-01-16,2020011601016354,EIC,46,8,500,327.00,"163,500.00"
2020-01-16,2020011601016353,EIC,11,8,10,328.00,"3,280.00"
2020-01-16,2020011601016667,FOWAD,38,47,40,"1,290.00","51,600.00"
2020-01-16,2020011601016535,FOWAD,38,40,160,"1,290.00","206,400.00"
2020-01-16,2020011601016629,GBBL,43,8,300,234.00,"70,200.00"
2020-01-16,2020011601016628,GBBL,43,25,50,234.00,"11,700.00"
2020-01-16,2020011601016627,GBBL,43,14,50,234.00,"11,700.00"
2020-01-16,2020011601016626,GBBL,43,14,"1,000",234.00,"234,000.00"
2020-01-16,2020011601016625,GBBL,43,4,388,234.00,"90,792.00"
2020-01-16,2020011601016541,GBBL,4,39,800,233.00,"186,400.00"
2020-01-16,2020011601016430,GBBL,4,34,28,233.00,"6,524.00"
2020-01-16,2020011601016429,GBBL,32,34,50,233.00,"11,650.00"
2020-01-16,2020011601016428,GBBL,21,34,13,233.00,"3,029.00"
2020-01-16,2020011601016747,GBLBS,6,25,95,410.00,"38,950.00"
2020-01-16,2020011601016746,GBLBS,52,25,405,410.00,"166,050.00"
2020-01-16,2020011601016374,GBLBS,52,58,95,410.00,"38,950.00"
2020-01-16,2020011601016373,GBLBS,39,58,820,410.00,"336,200.00"
2020-01-16,2020011601016372,GBLBS,16,58,85,411.00,"34,935.00"
2020-01-16,2020011601016336,GFCL,32,59,20,141.00,"2,820.00"
2020-01-16,2020011601016675,GILB,14,44,200,"1,320.00","264,000.00"
2020-01-16,2020011601016674,GILB,14,54,10,"1,320.00","13,200.00"
2020-01-16,2020011601016673,GILB,14,49,300,"1,320.00","396,000.00"
2020-01-16,2020011601016672,GILB,14,44,100,"1,320.00","132,000.00"
2020-01-16,2020011601016732,GLICL,44,34,200,556.00,"111,200.00"
2020-01-16,2020011601016351,GLICL,44,21,50,556.00,"27,800.00"
2020-01-16,2020011601016791,GRDBL,20,4,137,117.00,"16,029.00"
2020-01-16,2020011601016790,GRDBL,52,4,800,118.00,"94,400.00"
2020-01-16,2020011601016452,GUFL,16,32,500,124.00,"62,000.00"
2020-01-16,2020011601016409,GUFL,44,32,"1,000",124.00,"124,000.00"
2020-01-16,2020011601016408,GUFL,55,32,600,124.00,"74,400.00"
2020-01-16,2020011601016407,GUFL,20,32,400,126.00,"50,400.00"
2020-01-16,2020011601016516,HBL,45,46,334,574.00,"191,716.00"
2020-01-16,2020011601016515,HBL,44,46,166,574.00,"95,284.00"
2020-01-16,2020011601016391,HDL,46,34,50,"1,269.00","63,450.00"
2020-01-16,2020011601016390,HDL,46,56,50,"1,269.00","63,450.00"
2020-01-16,2020011601016355,HDL,11,56,50,"1,269.00","63,450.00"
2020-01-16,2020011601016775,HGI,46,45,25,330.00,"8,250.00"
2020-01-16,2020011601016774,HGI,55,45,100,330.00,"33,000.00"
2020-01-16,2020011601016773,HGI,11,45,50,330.00,"16,500.00"
2020-01-16,2020011601016772,HGI,25,45,90,330.00,"29,700.00"
2020-01-16,2020011601016324,HIDCL,36,6,220,143.00,"31,460.00"
2020-01-16,2020011601016323,HIDCL,36,45,"1,700",143.00,"243,100.00"
2020-01-16,2020011601016476,HPPL,5,57,10,160.00,"1,600.00"
2020-01-16,2020011601016475,HPPL,5,5,50,160.00,"8,000.00"
2020-01-16,2020011601016474,HPPL,5,6,10,156.00,"1,560.00"
2020-01-16,2020011601016385,HURJA,3,29,20,116.00,"2,320.00"
2020-01-16,2020011601016556,ICFC,50,14,584,187.00,"109,208.00"
2020-01-16,2020011601016531,IGI,43,52,200,363.00,"72,600.00"
2020-01-16,2020011601016530,IGI,57,52,20,365.00,"7,300.00"
2020-01-16,2020011601016447,JBBL,57,34,90,171.00,"15,390.00"
2020-01-16,2020011601016621,JSLBB,37,1,50,"1,416.00","70,800.00"
2020-01-16,2020011601016335,KADBL,4,4,20,293.00,"5,860.00"
2020-01-16,2020011601016334,KADBL,4,21,250,288.00,"72,000.00"
2020-01-16,2020011601016764,KBL,34,6,59,203.00,"11,977.00"
2020-01-16,2020011601016763,KBL,34,21,41,203.00,"8,323.00"
2020-01-16,2020011601016762,KBL,34,58,900,202.00,"181,800.00"
2020-01-16,2020011601016719,KBL,42,58,500,202.00,"101,000.00"
2020-01-16,2020011601016701,KBL,34,17,19,201.00,"3,819.00"
2020-01-16,2020011601016700,KBL,21,17,881,201.00,"177,081.00"
2020-01-16,2020011601016569,KBL,35,58,500,202.00,"101,000.00"
2020-01-16,2020011601016568,KBL,34,58,100,202.00,"20,200.00"
2020-01-16,2020011601016497,KBL,34,43,"2,000",202.00,"404,000.00"
2020-01-16,2020011601016490,KBL,34,43,"2,000",202.00,"404,000.00"
2020-01-16,2020011601016460,KBL,34,48,574,202.00,"115,948.00"
2020-01-16,2020011601016459,KBL,49,48,100,202.00,"20,200.00"
2020-01-16,2020011601016779,KSBBL,39,37,200,153.00,"30,600.00"
2020-01-16,2020011601016699,KSBBL,4,46,286,156.00,"44,616.00"
2020-01-16,2020011601016698,KSBBL,4,19,300,156.00,"46,800.00"
2020-01-16,2020011601016697,KSBBL,4,38,"2,000",156.00,"312,000.00"
2020-01-16,2020011601016696,KSBBL,4,33,500,155.00,"77,500.00"
2020-01-16,2020011601016695,KSBBL,4,35,239,155.00,"37,045.00"
2020-01-16,2020011601016567,KSBBL,21,34,184,153.00,"28,152.00"
2020-01-16,2020011601016444,KSBBL,45,57,421,154.00,"64,834.00"
2020-01-16,2020011601016307,KSBBL,20,38,527,155.00,"81,685.00"
2020-01-16,2020011601016694,KSBBL,4,10,100,155.00,"15,500.00"
2020-01-16,2020011601016693,KSBBL,4,42,100,155.00,"15,500.00"
2020-01-16,2020011601016692,KSBBL,4,16,67,155.00,"10,385.00"
2020-01-16,2020011601016691,KSBBL,4,32,535,155.00,"82,925.00"
2020-01-16,2020011601016690,KSBBL,4,57,500,155.00,"77,500.00"
2020-01-16,2020011601016689,KSBBL,4,38,373,155.00,"57,815.00"
2020-01-16,2020011601016793,LBL,59,22,90,216.00,"19,440.00"
2020-01-16,2020011601016590,LBL,18,34,100,216.00,"21,600.00"
2020-01-16,2020011601016589,LBL,19,34,"2,000",216.00,"432,000.00"
2020-01-16,2020011601016588,LBL,46,34,22,216.00,"4,752.00"
2020-01-16,2020011601016445,LBL,46,17,150,216.00,"32,400.00"
2020-01-16,2020011601016404,LBL,1,22,10,217.00,"2,170.00"
2020-01-16,2020011601016403,LBL,1,21,80,217.00,"17,360.00"
2020-01-16,2020011601016393,LBL,41,21,200,217.00,"43,400.00"
2020-01-16,2020011601016508,LGIL,40,5,186,412.00,"76,632.00"
2020-01-16,2020011601016507,LGIL,43,5,500,413.00,"206,500.00"
2020-01-16,2020011601016506,LGIL,56,5,314,417.00,"130,938.00"
2020-01-16,2020011601016483,LGIL,56,48,400,417.00,"166,800.00"
2020-01-16,2020011601016482,LGIL,56,16,102,417.00,"42,534.00"
2020-01-16,2020011601016481,LGIL,56,49,184,416.00,"76,544.00"
2020-01-16,2020011601016436,LGIL,56,17,110,415.00,"45,650.00"
2020-01-16,2020011601016702,LICN,50,56,100,"1,175.00","117,500.00"
2020-01-16,2020011601016612,LICN,50,39,200,"1,175.00","235,000.00"
2020-01-16,2020011601016591,LICN,25,16,10,"1,181.00","11,810.00"
2020-01-16,2020011601016574,LICN,50,22,100,"1,175.00","117,500.00"
2020-01-16,2020011601016529,LICN,50,58,189,"1,170.00","221,130.00"
2020-01-16,2020011601016528,LICN,25,58,10,"1,174.00","11,740.00"
2020-01-16,2020011601016480,LICN,50,22,90,"1,175.00","105,750.00"
2020-01-16,2020011601016479,LICN,50,59,70,"1,174.00","82,180.00"
2020-01-16,2020011601016784,LLBS,38,6,20,999.00,"19,980.00"
2020-01-16,2020011601016415,MBL,22,5,50,246.00,"12,300.00"
2020-01-16,2020011601016778,MEGA,25,52,158,208.00,"32,864.00"
2020-01-16,2020011601016777,MEGA,25,6,42,208.00,"8,736.00"
2020-01-16,2020011601016761,MEGA,43,6,10,208.00,"2,080.00"
2020-01-16,2020011601016542,MEGA,26,17,191,207.00,"39,537.00"
2020-01-16,2020011601016414,MEGA,26,14,99,207.00,"20,493.00"
2020-01-16,2020011601016392,MEGA,26,47,100,207.00,"20,700.00"
2020-01-16,2020011601016360,MEGA,45,17,100,207.00,"20,700.00"
2020-01-16,2020011601016359,MEGA,44,17,242,207.00,"50,094.00"
2020-01-16,2020011601016736,MERO,17,35,380,637.00,"242,060.00"
2020-01-16,2020011601016614,MERO,40,17,83,638.00,"52,954.00"
2020-01-16,2020011601016580,MERO,25,35,100,640.00,"64,000.00"
2020-01-16,2020011601016579,MERO,58,35,20,640.00,"12,800.00"
2020-01-16,2020011601016731,MFIL,28,55,20,192.00,"3,840.00"
2020-01-16,2020011601016624,MFIL,28,25,676,192.00,"129,792.00"
2020-01-16,2020011601016623,MFIL,28,25,206,192.00,"39,552.00"
2020-01-16,2020011601016311,MFIL,28,45,794,192.00,"152,448.00"
2020-01-16,2020011601016310,MFIL,21,45,300,193.00,"57,900.00"
2020-01-16,2020011601016707,MHNL,19,57,40,104.00,"4,160.00"
2020-01-16,2020011601016655,MLBL,4,34,54,206.00,"11,124.00"
2020-01-16,2020011601016651,MLBL,4,45,100,207.00,"20,700.00"
2020-01-16,2020011601016313,MLBL,4,47,43,206.00,"8,858.00"
2020-01-16,2020011601016552,MNBBL,38,32,46,319.00,"14,674.00"
2020-01-16,2020011601016551,MNBBL,25,32,50,320.00,"16,000.00"
2020-01-16,2020011601016550,MNBBL,1,32,50,320.00,"16,000.00"
2020-01-16,2020011601016484,MNBBL,17,53,500,320.00,"160,000.00"
2020-01-16,2020011601016563,MSMBS,38,41,73,760.00,"55,480.00"
2020-01-16,2020011601016562,MSMBS,14,41,100,760.00,"76,000.00"
2020-01-16,2020011601016561,MSMBS,58,41,200,765.00,"153,000.00"
2020-01-16,2020011601016560,MSMBS,50,41,89,766.00,"68,174.00"
2020-01-16,2020011601016733,NABIL,41,35,80,752.00,"60,160.00"
2020-01-16,2020011601016688,NABIL,10,35,930,747.00,"694,710.00"
2020-01-16,2020011601016687,NABIL,42,35,150,747.00,"112,050.00"
2020-01-16,2020011601016686,NABIL,28,35,200,748.00,"149,600.00"
2020-01-16,2020011601016685,NABIL,33,35,"1,000",748.00,"748,000.00"
2020-01-16,2020011601016684,NABIL,4,35,100,748.00,"74,800.00"
2020-01-16,2020011601016677,NABIL,54,35,50,750.00,"37,500.00"
2020-01-16,2020011601016676,NABIL,39,35,200,750.00,"150,000.00"
2020-01-16,2020011601016413,NABIL,33,35,50,752.00,"37,600.00"
2020-01-16,2020011601016683,NABIL,49,35,500,748.00,"374,000.00"
2020-01-16,2020011601016682,NABIL,53,35,50,748.00,"37,400.00"
2020-01-16,2020011601016681,NABIL,28,35,500,749.00,"374,500.00"
2020-01-16,2020011601016680,NABIL,32,35,200,750.00,"150,000.00"
2020-01-16,2020011601016679,NABIL,22,35,20,750.00,"15,000.00"
2020-01-16,2020011601016678,NABIL,55,35,100,750.00,"75,000.00"
2020-01-16,2020011601016617,NADEP,35,38,200,645.00,"129,000.00"
2020-01-16,2020011601016536,NADEP,45,51,13,645.00,"8,385.00"
2020-01-16,2020011601016514,NADEP,28,38,100,647.00,"64,700.00"
2020-01-16,2020011601016501,NADEP,45,51,13,645.00,"8,385.00"
2020-01-16,2020011601016378,NADEP,59,38,20,647.00,"12,940.00"
2020-01-16,2020011601016523,NBB,45,17,250,213.00,"53,250.00"
2020-01-16,2020011601016467,NBB,45,25,400,213.00,"85,200.00"
2020-01-16,2020011601016466,NBB,45,50,120,213.00,"25,560.00"
2020-01-16,2020011601016330,NBB,44,25,10,212.00,"2,120.00"
2020-01-16,2020011601016633,NBL,10,32,77,281.00,"21,637.00"
2020-01-16,2020011601016632,NBL,39,32,20,281.00,"5,620.00"
2020-01-16,2020011601016631,NBL,47,32,50,281.00,"14,050.00"
2020-01-16,2020011601016630,NBL,36,32,853,281.00,"239,693.00"
2020-01-16,2020011601016616,NBL,36,46,147,281.00,"41,307.00"
2020-01-16,2020011601016615,NBL,18,46,53,281.00,"14,893.00"
2020-01-16,2020011601016364,NBL,17,13,775,282.00,"218,550.00"
2020-01-16,2020011601016327,NBL,25,13,300,282.00,"84,600.00"
2020-01-16,2020011601016546,NBL,47,56,100,282.00,"28,200.00"
2020-01-16,2020011601016545,NBL,25,56,150,282.00,"42,300.00"
2020-01-16,2020011601016499,NBL,25,17,150,282.00,"42,300.00"
2020-01-16,2020011601016367,NBL,17,29,"2,000",282.00,"564,000.00"
2020-01-16,2020011601016366,NBL,17,47,100,282.00,"28,200.00"
2020-01-16,2020011601016365,NBL,17,5,500,282.00,"141,000.00"
2020-01-16,2020011601016776,NCCB,17,33,819,225.00,"184,275.00"
2020-01-16,2020011601016302,NCCB,57,33,500,226.00,"113,000.00"
2020-01-16,2020011601016619,NEF,47,25,"1,217",8.70,"10,587.90"
2020-01-16,2020011601016370,NEF,47,29,"25,000",8.70,"217,500.00"
2020-01-16,2020011601016610,NGPL,55,14,100,120.00,"12,000.00"
2020-01-16,2020011601016609,NGPL,21,14,100,120.00,"12,000.00"
2020-01-16,2020011601016406,NIB,3,14,461,409.00,"188,549.00"
2020-01-16,2020011601016578,NIBSF1,58,41,"13,000",9.69,"125,970.00"
2020-01-16,2020011601016577,NIBSF1,58,26,"1,600",9.68,"15,488.00"
2020-01-16,2020011601016771,NICA,49,7,"1,100",476.00,"523,600.00"
2020-01-16,2020011601016749,NICA,49,33,405,476.00,"192,780.00"
2020-01-16,2020011601016748,NICA,40,33,747,476.00,"355,572.00"
2020-01-16,2020011601016724,NICA,40,11,119,476.00,"56,644.00"
2020-01-16,2020011601016704,NICA,57,33,100,477.00,"47,700.00"
2020-01-16,2020011601016650,NICA,40,22,134,476.00,"63,784.00"
2020-01-16,2020011601016439,NICA,52,29,55,478.00,"26,290.00"
2020-01-16,2020011601016438,NICA,52,8,10,478.00,"4,780.00"
2020-01-16,2020011601016437,NICA,52,49,15,478.00,"7,170.00"
2020-01-16,2020011601016478,NICA,19,33,300,477.00,"143,100.00"
2020-01-16,2020011601016457,NICA,59,33,40,477.00,"19,080.00"
2020-01-16,2020011601016456,NICA,36,33,700,477.00,"333,900.00"
2020-01-16,2020011601016455,NICA,28,33,"2,000",477.00,"954,000.00"
2020-01-16,2020011601016454,NICA,32,33,30,477.00,"14,310.00"
2020-01-16,2020011601016453,NICA,50,33,76,477.00,"36,252.00"
2020-01-16,2020011601016649,NICA,34,22,10,476.00,"4,760.00"
2020-01-16,2020011601016648,NICA,49,22,56,476.00,"26,656.00"
2020-01-16,2020011601016611,NICA,49,10,300,476.00,"142,800.00"
2020-01-16,2020011601016572,NICA,43,33,500,477.00,"238,500.00"
2020-01-16,2020011601016559,NICA,17,33,200,477.00,"95,400.00"
2020-01-16,2020011601016491,NICA,53,33,45,477.00,"21,465.00"
2020-01-16,2020011601016543,NICL,44,14,100,349.00,"34,900.00"
2020-01-16,2020011601016361,NICL,25,14,20,351.00,"7,020.00"
2020-01-16,2020011601016308,NICL,36,36,"2,966",350.00,"1,038,100.00"
2020-01-16,2020011601016322,NLBBL,22,1,100,680.00,"68,000.00"
2020-01-16,2020011601016558,NLG,38,22,100,715.00,"71,500.00"
2020-01-16,2020011601016557,NLG,53,22,120,715.00,"85,800.00"
2020-01-16,2020011601016742,NLIC,50,57,76,"1,035.00","78,660.00"
2020-01-16,2020011601016741,NLIC,16,57,100,"1,036.00","103,600.00"
2020-01-16,2020011601016740,NLIC,19,57,20,"1,036.00","20,720.00"
2020-01-16,2020011601016739,NLIC,42,57,56,"1,036.00","58,016.00"
2020-01-16,2020011601016738,NLIC,35,57,500,"1,037.00","518,500.00"
2020-01-16,2020011601016737,NLIC,59,57,48,"1,037.00","49,776.00"
2020-01-16,2020011601016387,NLIC,58,57,22,"1,040.00","22,880.00"
2020-01-16,2020011601016386,NLIC,58,57,22,"1,040.00","22,880.00"
2020-01-16,2020011601016337,NLIC,17,26,21,"1,038.00","21,798.00"
2020-01-16,2020011601016477,NLIC,19,19,50,"1,040.00","52,000.00"
2020-01-16,2020011601016443,NLIC,19,6,160,"1,040.00","166,400.00"
2020-01-16,2020011601016434,NLIC,58,6,20,"1,040.00","20,800.00"
2020-01-16,2020011601016433,NLIC,53,6,20,"1,040.00","20,800.00"
2020-01-16,2020011601016389,NLIC,58,56,34,"1,040.00","35,360.00"
2020-01-16,2020011601016388,NLIC,58,57,22,"1,040.00","22,880.00"
2020-01-16,2020011601016710,NLIC,59,19,40,"1,037.00","41,480.00"
2020-01-16,2020011601016709,NLIC,57,19,50,"1,038.00","51,900.00"
2020-01-16,2020011601016708,NLIC,28,19,10,"1,038.00","10,380.00"
2020-01-16,2020011601016618,NLIC,35,32,170,"1,039.00","176,630.00"
2020-01-16,2020011601016548,NLIC,55,32,30,"1,039.00","31,170.00"
2020-01-16,2020011601016522,NLIC,35,57,200,"1,040.00","208,000.00"
2020-01-16,2020011601016321,NLICL,25,50,10,628.00,"6,280.00"
2020-01-16,2020011601016780,NMB,14,14,163,375.00,"61,125.00"
2020-01-16,2020011601016735,NMB,57,14,100,375.00,"37,500.00"
2020-01-16,2020011601016668,NMB,14,14,50,375.00,"18,750.00"
2020-01-16,2020011601016586,NMB,45,14,60,375.00,"22,500.00"
2020-01-16,2020011601016520,NMB,48,17,350,374.00,"130,900.00"
2020-01-16,2020011601016519,NMB,41,17,500,374.00,"187,000.00"
2020-01-16,2020011601016518,NMB,10,17,500,374.00,"187,000.00"
2020-01-16,2020011601016496,NMB,49,17,180,375.00,"67,500.00"
2020-01-16,2020011601016495,NMB,51,17,470,375.00,"176,250.00"
2020-01-16,2020011601016792,NUBL,57,19,50,935.00,"46,750.00"
2020-01-16,2020011601016555,NUBL,33,48,100,935.00,"93,500.00"
2020-01-16,2020011601016554,NUBL,33,57,20,930.00,"18,600.00"
2020-01-16,2020011601016502,NUBL,40,37,45,925.00,"41,625.00"
2020-01-16,2020011601016312,NUBL,35,37,50,929.00,"46,450.00"
2020-01-16,2020011601016594,OHL,45,34,100,535.00,"53,500.00"
2020-01-16,2020011601016593,OHL,46,34,450,535.00,"240,750.00"
2020-01-16,2020011601016547,OHL,46,56,50,535.00,"26,750.00"
2020-01-16,2020011601016728,PCBL,39,48,10,286.00,"2,860.00"
2020-01-16,2020011601016671,PCBL,39,39,"20,000",282.00,"5,640,000.00"
2020-01-16,2020011601016639,PCBL,4,48,"6,380",286.00,"1,824,680.00"
2020-01-16,2020011601016638,PCBL,4,53,"3,000",286.00,"858,000.00"
2020-01-16,2020011601016637,PCBL,4,25,76,286.00,"21,736.00"
2020-01-16,2020011601016636,PCBL,4,4,500,286.00,"143,000.00"
2020-01-16,2020011601016635,PCBL,4,29,16,286.00,"4,576.00"
2020-01-16,2020011601016634,PCBL,4,20,28,286.00,"8,008.00"
2020-01-16,2020011601016613,PCBL,4,34,50,285.00,"14,250.00"
2020-01-16,2020011601016488,PCBL,4,4,100,283.00,"28,300.00"
2020-01-16,2020011601016781,PFL,34,17,166,160.00,"26,560.00"
2020-01-16,2020011601016752,PIC,53,38,280,491.00,"137,480.00"
2020-01-16,2020011601016751,PIC,52,38,500,492.00,"246,000.00"
2020-01-16,2020011601016750,PIC,3,38,20,492.00,"9,840.00"
2020-01-16,2020011601016583,PIC,3,37,280,492.00,"137,760.00"
2020-01-16,2020011601016471,PICL,34,10,10,574.00,"5,740.00"
2020-01-16,2020011601016470,PICL,34,43,300,560.00,"168,000.00"
2020-01-16,2020011601016469,PICL,34,57,300,560.00,"168,000.00"
2020-01-16,2020011601016468,PICL,34,32,30,560.00,"16,800.00"
2020-01-16,2020011601016587,PPCL,6,43,20,141.00,"2,820.00"
2020-01-16,2020011601016534,PPCL,6,21,50,139.00,"6,950.00"
2020-01-16,2020011601016333,PPCL,6,39,80,137.00,"10,960.00"
2020-01-16,2020011601016332,PPCL,6,14,30,137.00,"4,110.00"
2020-01-16,2020011601016331,PPCL,6,14,30,137.00,"4,110.00"
2020-01-16,2020011601016320,PPCL,6,20,50,135.00,"6,750.00"
2020-01-16,2020011601016319,PPCL,6,59,480,135.00,"64,800.00"
2020-01-16,2020011601016717,PRVU,4,45,"1,000",253.00,"253,000.00"
2020-01-16,2020011601016608,PRVU,4,58,300,253.00,"75,900.00"
2020-01-16,2020011601016526,PRVU,48,52,"1,700",252.00,"428,400.00"
2020-01-16,2020011601016525,PRVU,44,52,100,252.00,"25,200.00"
2020-01-16,2020011601016524,PRVU,56,52,200,253.00,"50,600.00"
2020-01-16,2020011601016723,RBCL,59,43,20,"9,274.00","185,480.00"
2020-01-16,2020011601016716,RBCL,59,52,10,"9,273.00","92,730.00"
2020-01-16,2020011601016715,RBCL,59,38,40,"9,250.00","370,000.00"
2020-01-16,2020011601016714,RBCL,59,34,10,"9,248.00","92,480.00"
2020-01-16,2020011601016713,RBCL,59,59,10,"9,247.00","92,470.00"
2020-01-16,2020011601016712,RBCL,59,42,10,"9,245.00","92,450.00"
2020-01-16,2020011601016664,RHPL,21,37,10,178.00,"1,780.00"
2020-01-16,2020011601016663,RHPL,58,37,10,178.00,"1,780.00"
2020-01-16,2020011601016465,RHPL,58,41,40,178.00,"7,120.00"
2020-01-16,2020011601016464,RHPL,58,41,10,178.00,"1,780.00"
2020-01-16,2020011601016463,RHPL,58,34,100,178.00,"17,800.00"
2020-01-16,2020011601016462,RHPL,58,48,40,178.00,"7,120.00"
2020-01-16,2020011601016461,RHPL,58,6,100,178.00,"17,800.00"
2020-01-16,2020011601016755,RLFL,38,14,101,132.00,"13,332.00"
2020-01-16,2020011601016607,RLFL,48,52,400,131.00,"52,400.00"
2020-01-16,2020011601016656,RRHP,13,29,10,103.00,"1,030.00"
2020-01-16,2020011601016349,RSDC,21,19,50,424.00,"21,200.00"
2020-01-16,2020011601016348,RSDC,58,19,100,424.00,"42,400.00"
2020-01-16,2020011601016347,RSDC,21,19,45,424.00,"19,080.00"
2020-01-16,2020011601016346,RSDC,21,19,108,425.00,"45,900.00"
2020-01-16,2020011601016783,SABSL,22,21,150,775.00,"116,250.00"
2020-01-16,2020011601016782,SABSL,22,45,80,774.00,"61,920.00"
2020-01-16,2020011601016789,SANIMA,53,25,495,349.00,"172,755.00"
2020-01-16,2020011601016788,SANIMA,45,25,100,349.00,"34,900.00"
2020-01-16,2020011601016787,SANIMA,11,25,200,349.00,"69,800.00"
2020-01-16,2020011601016786,SANIMA,34,25,105,349.00,"36,645.00"
2020-01-16,2020011601016654,SANIMA,58,38,200,350.00,"70,000.00"
2020-01-16,2020011601016423,SAPDBL,32,17,192,148.00,"28,416.00"
2020-01-16,2020011601016422,SAPDBL,59,17,"1,000",148.00,"148,000.00"
2020-01-16,2020011601016421,SAPDBL,59,17,108,148.00,"15,984.00"
2020-01-16,2020011601016420,SAPDBL,32,17,400,149.00,"59,600.00"
2020-01-16,2020011601016419,SAPDBL,28,17,300,151.00,"45,300.00"
2020-01-16,2020011601016596,SBI,16,43,450,419.00,"188,550.00"
2020-01-16,2020011601016564,SBI,16,43,300,419.00,"125,700.00"
2020-01-16,2020011601016721,SBL,51,25,100,325.00,"32,500.00"
2020-01-16,2020011601016517,SBL,16,4,500,326.00,"163,000.00"
2020-01-16,2020011601016402,SBL,26,4,100,326.00,"32,600.00"
2020-01-16,2020011601016401,SBL,22,4,500,326.00,"163,000.00"
2020-01-16,2020011601016400,SBL,56,4,200,326.00,"65,200.00"
2020-01-16,2020011601016399,SBL,28,4,500,326.00,"163,000.00"
2020-01-16,2020011601016398,SBL,29,4,40,326.00,"13,040.00"
2020-01-16,2020011601016397,SBL,53,4,"1,000",326.00,"326,000.00"
2020-01-16,2020011601016396,SBL,34,4,500,326.00,"163,000.00"
2020-01-16,2020011601016395,SBL,41,4,500,326.00,"163,000.00"
2020-01-16,2020011601016394,SBL,48,4,310,326.00,"101,060.00"
2020-01-16,2020011601016565,SCB,52,5,62,635.00,"39,370.00"
2020-01-16,2020011601016500,SCB,6,5,133,635.00,"84,455.00"
2020-01-16,2020011601016441,SCB,6,4,103,635.00,"65,405.00"
2020-01-16,2020011601016711,SDESI,35,41,35,795.00,"27,825.00"
2020-01-16,2020011601016645,SDESI,35,6,132,790.00,"104,280.00"
2020-01-16,2020011601016644,SDESI,35,37,23,789.00,"18,147.00"
2020-01-16,2020011601016760,SFFIL,56,26,20,232.00,"4,640.00"
2020-01-16,2020011601016759,SFFIL,14,26,50,232.00,"11,600.00"
2020-01-16,2020011601016758,SFFIL,53,26,500,232.00,"116,000.00"
2020-01-16,2020011601016757,SFFIL,19,26,168,233.00,"39,144.00"
2020-01-16,2020011601016756,SFFIL,6,26,220,234.00,"51,480.00"
2020-01-16,2020011601016653,SFFIL,6,43,80,234.00,"18,720.00"
2020-01-16,2020011601016652,SFFIL,21,43,20,234.00,"4,680.00"
2020-01-16,2020011601016358,SFFIL,21,40,180,234.00,"42,120.00"
2020-01-16,2020011601016357,SFFIL,42,40,50,235.00,"11,750.00"
2020-01-16,2020011601016356,SFFIL,25,40,220,235.00,"51,700.00"
2020-01-16,2020011601016342,SFFIL,25,50,34,235.00,"7,990.00"
2020-01-16,2020011601016592,SHINE,52,16,500,264.00,"132,000.00"
2020-01-16,2020011601016584,SHINE,57,16,500,263.00,"131,500.00"
2020-01-16,2020011601016451,SHINE,57,43,"1,000",263.00,"263,000.00"
2020-01-16,2020011601016659,SHIVM,32,35,255,524.00,"133,620.00"
2020-01-16,2020011601016658,SHIVM,38,35,100,524.00,"52,400.00"
2020-01-16,2020011601016657,SHIVM,42,35,145,524.00,"75,980.00"
2020-01-16,2020011601016647,SHIVM,42,35,250,524.00,"131,000.00"
2020-01-16,2020011601016603,SHIVM,42,35,105,524.00,"55,020.00"
2020-01-16,2020011601016602,SHIVM,48,35,700,524.00,"366,800.00"
2020-01-16,2020011601016566,SHIVM,13,19,20,524.00,"10,480.00"
2020-01-16,2020011601016328,SHIVM,13,29,100,524.00,"52,400.00"
2020-01-16,2020011601016601,SHIVM,38,35,500,524.00,"262,000.00"
2020-01-16,2020011601016600,SHIVM,22,35,500,524.00,"262,000.00"
2020-01-16,2020011601016599,SHIVM,38,35,"1,000",524.00,"524,000.00"
2020-01-16,2020011601016598,SHIVM,28,35,900,524.00,"471,600.00"
2020-01-16,2020011601016597,SHIVM,13,35,295,524.00,"154,580.00"
2020-01-16,2020011601016570,SHIVM,13,35,500,524.00,"262,000.00"
2020-01-16,2020011601016411,SHL,58,56,107,210.00,"22,470.00"
2020-01-16,2020011601016383,SHL,58,56,"2,800",210.00,"588,000.00"
2020-01-16,2020011601016382,SHL,34,56,"1,000",211.00,"211,000.00"
2020-01-16,2020011601016381,SHL,25,56,100,212.00,"21,200.00"
2020-01-16,2020011601016380,SHL,58,56,200,212.00,"42,400.00"
2020-01-16,2020011601016377,SHL,34,56,700,212.00,"148,400.00"
2020-01-16,2020011601016376,SHL,21,56,100,212.00,"21,200.00"
2020-01-16,2020011601016375,SHL,21,56,100,212.00,"21,200.00"
2020-01-16,2020011601016666,SHPC,4,49,100,204.00,"20,400.00"
2020-01-16,2020011601016405,SHPC,56,16,100,203.00,"20,300.00"
2020-01-16,2020011601016350,SHPC,4,16,100,203.00,"20,300.00"
2020-01-16,2020011601016540,SIC,22,39,416,602.00,"250,432.00"
2020-01-16,2020011601016539,SIC,36,39,100,602.00,"60,200.00"
2020-01-16,2020011601016538,SIC,43,39,500,603.00,"301,500.00"
2020-01-16,2020011601016537,SIC,19,39,100,603.00,"60,300.00"
2020-01-16,2020011601016440,SICL,16,35,300,944.00,"283,200.00"
2020-01-16,2020011601016770,SIFC,4,44,"1,106",172.00,"190,232.00"
2020-01-16,2020011601016769,SIFC,4,29,"3,044",172.00,"523,568.00"
2020-01-16,2020011601016768,SIFC,4,17,100,172.00,"17,200.00"
2020-01-16,2020011601016767,SIFC,4,17,150,171.00,"25,650.00"
2020-01-16,2020011601016766,SIFC,4,42,500,170.00,"85,000.00"
2020-01-16,2020011601016765,SIFC,4,21,100,169.00,"16,900.00"
2020-01-16,2020011601016722,SIL,44,7,100,480.00,"48,000.00"
2020-01-16,2020011601016576,SIL,44,41,95,480.00,"45,600.00"
2020-01-16,2020011601016575,SIL,46,41,35,480.00,"16,800.00"
2020-01-16,2020011601016306,SIL,46,17,165,480.00,"79,200.00"
2020-01-16,2020011601016305,SIL,46,17,300,481.00,"144,300.00"
2020-01-16,2020011601016304,SIL,46,17,185,481.00,"88,985.00"
2020-01-16,2020011601016352,SJCL,37,45,50,166.00,"8,300.00"
2020-01-16,2020011601016340,SJCL,42,45,470,166.00,"78,020.00"
2020-01-16,2020011601016339,SJCL,14,45,90,166.00,"14,940.00"
2020-01-16,2020011601016338,SJCL,58,45,560,166.00,"92,960.00"
2020-01-16,2020011601016604,SKBBL,34,45,10,958.00,"9,580.00"
2020-01-16,2020011601016426,SKBBL,34,38,390,958.00,"373,620.00"
2020-01-16,2020011601016425,SKBBL,26,38,100,960.00,"96,000.00"
2020-01-16,2020011601016424,SKBBL,51,38,10,960.00,"9,600.00"
2020-01-16,2020011601016730,SLICL,40,22,200,350.00,"70,000.00"
2020-01-16,2020011601016729,SLICL,17,22,50,351.00,"17,550.00"
2020-01-16,2020011601016718,SLICL,17,40,150,351.00,"52,650.00"
2020-01-16,2020011601016505,SLICL,56,38,800,351.00,"280,800.00"
2020-01-16,2020011601016371,SLICL,56,58,100,351.00,"35,100.00"
2020-01-16,2020011601016384,SMATA,57,58,29,750.00,"21,750.00"
2020-01-16,2020011601016341,SMATA,57,21,10,750.00,"7,500.00"
2020-01-16,2020011601016325,SPARS,48,34,75,769.00,"57,675.00"
2020-01-16,2020011601016301,SRBL,39,4,300,243.00,"72,900.00"
2020-01-16,2020011601016300,SRBL,41,4,500,243.00,"121,500.00"
2020-01-16,2020011601016299,SRBL,26,4,100,243.00,"24,300.00"
2020-01-16,2020011601016298,SRBL,10,4,"1,000",243.00,"243,000.00"
2020-01-16,2020011601016297,SRBL,43,4,"1,000",243.00,"243,000.00"
2020-01-16,2020011601016296,SRBL,51,4,670,243.00,"162,810.00"
2020-01-16,2020011601016343,STC,52,52,20,"2,636.00","52,720.00"
2020-01-16,2020011601016553,SWBBL,26,14,200,"1,039.00","207,800.00"
2020-01-16,2020011601016369,TRH,59,58,420,303.00,"127,260.00"
2020-01-16,2020011601016368,TRH,33,58,380,303.00,"115,140.00"
2020-01-16,2020011601016521,UIC,11,42,50,357.00,"17,850.00"
2020-01-16,2020011601016585,UPPER,32,1,90,249.00,"22,410.00"
2020-01-16,2020011601016503,UPPER,32,58,800,249.00,"199,200.00"
2020-01-16,2020011601016473,UPPER,16,58,370,249.00,"92,130.00"
2020-01-16,2020011601016472,UPPER,16,38,130,249.00,"32,370.00"
2020-01-16,2020011601016410,UPPER,39,38,50,249.00,"12,450.00"
2020-01-16,2020011601016309,UPPER,33,52,"1,000",248.00,"248,000.00"
2020-01-16,2020011601016510,WOMI,40,53,90,971.00,"87,390.00"
2020-01-16,2020011601016458,WOMI,41,10,50,979.00,"48,950.00"
2020-01-16,2020011601016427,WOMI,41,10,100,979.00,"97,900.00"
2020-01-16,2020011601016218,ADBL,6,51,50,392.00,"19,600.00"
2020-01-16,2020011601016105,ADBL,25,50,100,392.00,"39,200.00"
2020-01-16,2020011601016104,ADBL,25,34,150,392.00,"58,800.00"
2020-01-16,2020011601016103,ADBL,25,11,27,392.00,"10,584.00"
2020-01-16,2020011601016189,AKJCL,1,57,200,60.00,"12,000.00"
2020-01-16,2020011601016188,AKJCL,42,57,40,60.00,"2,400.00"
2020-01-16,2020011601016038,AKPL,29,29,10,135.00,"1,350.00"
2020-01-16,2020011601016024,AKPL,29,32,"2,021",135.00,"272,835.00"
2020-01-16,2020011601016259,ALBSL,14,32,10,668.00,"6,680.00"
2020-01-16,2020011601015959,ALICL,45,50,100,438.00,"43,800.00"
2020-01-16,2020011601015946,ALICL,48,29,40,436.00,"17,440.00"
2020-01-16,2020011601015816,ALICL,57,59,100,436.00,"43,600.00"
2020-01-16,2020011601016234,API,21,38,10,128.00,"1,280.00"
2020-01-16,2020011601016029,API,35,14,203,126.00,"25,578.00"
2020-01-16,2020011601016028,API,45,14,100,126.00,"12,600.00"
2020-01-16,2020011601016027,API,57,14,300,126.00,"37,800.00"
2020-01-16,2020011601016026,API,40,14,400,126.00,"50,400.00"
2020-01-16,2020011601015948,API,25,41,50,128.00,"6,400.00"
2020-01-16,2020011601015858,API,34,52,100,126.00,"12,600.00"
2020-01-16,2020011601015857,API,16,52,"1,000",126.00,"126,000.00"
2020-01-16,2020011601015856,API,46,52,599,126.00,"75,474.00"
2020-01-16,2020011601015855,API,45,52,200,127.00,"25,400.00"
2020-01-16,2020011601015854,API,25,52,100,128.00,"12,800.00"
2020-01-16,2020011601015827,BBC,48,58,50,"2,080.00","104,000.00"
2020-01-16,2020011601015826,BBC,51,58,25,"2,095.00","52,375.00"
2020-01-16,2020011601015825,BBC,48,58,50,"2,095.00","104,750.00"
2020-01-16,2020011601016036,BOKL,46,59,195,244.00,"47,580.00"
2020-01-16,2020011601016035,BOKL,46,11,15,244.00,"3,660.00"
2020-01-16,2020011601015982,BOKL,29,51,680,242.00,"164,560.00"
2020-01-16,2020011601015847,BOKL,29,11,100,242.00,"24,200.00"
2020-01-16,2020011601016071,BPCL,13,51,100,328.00,"32,800.00"
2020-01-16,2020011601015892,BPCL,1,52,54,327.00,"17,658.00"
2020-01-16,2020011601015891,BPCL,43,52,160,327.00,"52,320.00"
2020-01-16,2020011601015890,BPCL,49,52,130,327.00,"42,510.00"
2020-01-16,2020011601015889,BPCL,48,52,156,330.00,"51,480.00"
2020-01-16,2020011601015875,BPCL,36,28,100,332.00,"33,200.00"
2020-01-16,2020011601015874,BPCL,36,58,893,332.00,"296,476.00"
2020-01-16,2020011601015873,BPCL,36,32,25,331.00,"8,275.00"
2020-01-16,2020011601015813,BPCL,48,52,344,330.00,"113,520.00"
2020-01-16,2020011601015812,BPCL,52,52,100,330.00,"33,000.00"
2020-01-16,2020011601015811,BPCL,1,52,200,330.00,"66,000.00"
2020-01-16,2020011601015810,BPCL,44,52,156,330.00,"51,480.00"
2020-01-16,2020011601016264,CBL,32,58,"2,000",149.00,"298,000.00"
2020-01-16,2020011601016209,CBL,26,47,100,149.00,"14,900.00"
2020-01-16,2020011601016242,CCBL,4,47,200,190.00,"38,000.00"
2020-01-16,2020011601016186,CCBL,4,39,"1,000",190.00,"190,000.00"
2020-01-16,2020011601016141,CCBL,4,7,103,190.00,"19,570.00"
2020-01-16,2020011601016140,CCBL,4,52,300,190.00,"57,000.00"
2020-01-16,2020011601016139,CCBL,4,17,204,190.00,"38,760.00"
2020-01-16,2020011601016138,CCBL,4,41,120,190.00,"22,800.00"
2020-01-16,2020011601015831,CCBL,4,42,200,189.00,"37,800.00"
2020-01-16,2020011601016113,CCBL,4,48,514,189.00,"97,146.00"
2020-01-16,2020011601016068,CCBL,55,48,300,189.00,"56,700.00"
2020-01-16,2020011601016043,CCBL,4,48,186,189.00,"35,154.00"
2020-01-16,2020011601016042,CCBL,4,47,500,189.00,"94,500.00"
2020-01-16,2020011601016041,CCBL,4,42,314,189.00,"59,346.00"
2020-01-16,2020011601015984,CCBL,48,42,200,189.00,"37,800.00"
2020-01-16,2020011601016119,CCBL,4,44,510,190.00,"96,900.00"
2020-01-16,2020011601016118,CCBL,4,13,100,190.00,"19,000.00"
2020-01-16,2020011601016117,CCBL,4,58,419,190.00,"79,610.00"
2020-01-16,2020011601016116,CCBL,4,54,104,190.00,"19,760.00"
2020-01-16,2020011601016115,CCBL,4,14,164,189.00,"30,996.00"
2020-01-16,2020011601016114,CCBL,4,13,49,189.00,"9,261.00"
2020-01-16,2020011601016125,CCBL,4,25,200,190.00,"38,000.00"
2020-01-16,2020011601016124,CCBL,4,5,400,190.00,"76,000.00"
2020-01-16,2020011601016123,CCBL,4,13,200,190.00,"38,000.00"
2020-01-16,2020011601016122,CCBL,4,54,133,190.00,"25,270.00"
2020-01-16,2020011601016121,CCBL,4,13,402,190.00,"76,380.00"
2020-01-16,2020011601016120,CCBL,4,10,500,190.00,"95,000.00"
2020-01-16,2020011601016131,CCBL,4,51,100,190.00,"19,000.00"
2020-01-16,2020011601016130,CCBL,4,22,377,190.00,"71,630.00"
2020-01-16,2020011601016129,CCBL,4,33,100,190.00,"19,000.00"
2020-01-16,2020011601016128,CCBL,4,25,95,190.00,"18,050.00"
2020-01-16,2020011601016127,CCBL,4,47,300,190.00,"57,000.00"
2020-01-16,2020011601016126,CCBL,4,57,"1,000",190.00,"190,000.00"
2020-01-16,2020011601016137,CCBL,4,44,"1,500",190.00,"285,000.00"
2020-01-16,2020011601016136,CCBL,4,58,22,190.00,"4,180.00"
2020-01-16,2020011601016135,CCBL,4,10,"1,386",190.00,"263,340.00"
2020-01-16,2020011601016134,CCBL,4,22,214,190.00,"40,660.00"
2020-01-16,2020011601016133,CCBL,4,25,500,190.00,"95,000.00"
2020-01-16,2020011601016132,CCBL,4,25,200,190.00,"38,000.00"
2020-01-16,2020011601016249,CHCL,59,58,40,420.00,"16,800.00"
2020-01-16,2020011601016248,CHCL,52,58,"1,000",420.00,"420,000.00"
2020-01-16,2020011601016247,CHCL,13,58,50,420.00,"21,000.00"
2020-01-16,2020011601016246,CHCL,45,58,62,421.00,"26,102.00"
2020-01-16,2020011601016196,CIT,28,55,32,"2,206.00","70,592.00"
2020-01-16,2020011601016195,CIT,1,55,70,"2,206.00","154,420.00"
2020-01-16,2020011601016146,CIT,50,55,50,"2,207.00","110,350.00"
2020-01-16,2020011601016084,CIT,50,58,150,"2,207.00","331,050.00"
2020-01-16,2020011601016030,CIT,7,10,50,"2,210.00","110,500.00"
2020-01-16,2020011601015956,CIT,17,10,40,"2,210.00","88,400.00"
2020-01-16,2020011601015904,CIT,33,10,10,"2,210.00","22,100.00"
2020-01-16,2020011601016143,CZBIL,55,58,172,210.00,"36,120.00"
2020-01-16,2020011601016142,CZBIL,55,58,128,210.00,"26,880.00"
2020-01-16,2020011601015955,CZBIL,28,58,100,208.00,"20,800.00"
2020-01-16,2020011601015954,CZBIL,57,58,190,208.00,"39,520.00"
2020-01-16,2020011601015936,CZBIL,57,58,"1,810",208.00,"376,480.00"
2020-01-16,2020011601015935,CZBIL,21,58,500,209.00,"104,500.00"
2020-01-16,2020011601015934,CZBIL,14,58,190,209.00,"39,710.00"
2020-01-16,2020011601015820,CZBIL,49,58,872,210.00,"183,120.00"
2020-01-16,2020011601015833,DDBL,25,17,27,"1,040.00","28,080.00"
2020-01-16,2020011601015828,DDBL,7,42,20,"1,046.00","20,920.00"
2020-01-16,2020011601015818,DDBL,20,42,50,"1,046.00","52,300.00"
2020-01-16,2020011601015848,EBL,59,14,150,632.00,"94,800.00"
2020-01-16,2020011601016156,FMDBL,47,28,"1,183",420.00,"496,860.00"
2020-01-16,2020011601016018,FMDBL,53,28,100,420.00,"42,000.00"
2020-01-16,2020011601016017,FMDBL,59,28,50,420.00,"21,000.00"
2020-01-16,2020011601016016,FMDBL,28,28,200,420.00,"84,000.00"
2020-01-16,2020011601016015,FMDBL,28,28,500,420.00,"210,000.00"
2020-01-16,2020011601016014,FMDBL,49,28,20,420.00,"8,400.00"
2020-01-16,2020011601016007,FMDBL,29,28,20,421.00,"8,420.00"
2020-01-16,2020011601016006,FMDBL,34,28,677,422.00,"285,694.00"
2020-01-16,2020011601015951,FMDBL,34,25,323,422.00,"136,306.00"
2020-01-16,2020011601015950,FMDBL,41,25,177,422.00,"74,694.00"
2020-01-16,2020011601015842,FMDBL,41,33,23,422.00,"9,706.00"
2020-01-16,2020011601015841,FMDBL,45,33,28,422.00,"11,816.00"
2020-01-16,2020011601016013,FMDBL,21,28,500,420.00,"210,000.00"
2020-01-16,2020011601016012,FMDBL,55,28,200,420.00,"84,000.00"
2020-01-16,2020011601016011,FMDBL,42,28,50,421.00,"21,050.00"
2020-01-16,2020011601016010,FMDBL,16,28,200,421.00,"84,200.00"
2020-01-16,2020011601016009,FMDBL,44,28,300,421.00,"126,300.00"
2020-01-16,2020011601016008,FMDBL,14,28,100,421.00,"42,100.00"
2020-01-16,2020011601016025,FOWAD,32,47,20,"1,312.00","26,240.00"
2020-01-16,2020011601015933,FOWAD,32,58,10,"1,287.00","12,870.00"
2020-01-16,2020011601015846,FOWAD,41,46,30,"1,262.00","37,860.00"
2020-01-16,2020011601015845,FOWAD,41,35,10,"1,246.00","12,460.00"
2020-01-16,2020011601015844,FOWAD,41,34,10,"1,244.00","12,440.00"
2020-01-16,2020011601015843,FOWAD,41,47,53,"1,244.00","65,932.00"
2020-01-16,2020011601015808,FOWAD,45,43,75,"1,239.00","92,925.00"
2020-01-16,2020011601015807,FOWAD,45,6,44,"1,238.00","54,472.00"
2020-01-16,2020011601016251,GBLBS,16,57,315,411.00,"129,465.00"
2020-01-16,2020011601016250,GBLBS,14,57,185,412.00,"76,220.00"
2020-01-16,2020011601016202,GBLBS,18,58,300,413.00,"123,900.00"
2020-01-16,2020011601016101,GBLBS,14,37,15,412.00,"6,180.00"
2020-01-16,2020011601016083,GBLBS,42,58,20,413.00,"8,260.00"
2020-01-16,2020011601016082,GBLBS,22,58,285,413.00,"117,705.00"
2020-01-16,2020011601015900,GBLBS,22,19,15,413.00,"6,195.00"
2020-01-16,2020011601016205,GIMES1,36,8,"3,000",8.22,"24,660.00"
2020-01-16,2020011601016111,GLBSL,42,59,160,663.00,"106,080.00"
2020-01-16,2020011601016110,GLBSL,48,59,50,667.00,"33,350.00"
2020-01-16,2020011601016109,GLBSL,25,59,40,670.00,"26,800.00"
2020-01-16,2020011601016231,GLICL,44,29,200,556.00,"111,200.00"
2020-01-16,2020011601015981,GLICL,44,56,200,556.00,"111,200.00"
2020-01-16,2020011601016080,HBL,44,33,834,574.00,"478,716.00"
2020-01-16,2020011601016079,HBL,7,33,"1,000",575.00,"575,000.00"
2020-01-16,2020011601016078,HBL,55,33,30,575.00,"17,250.00"
2020-01-16,2020011601016077,HBL,11,33,50,576.00,"28,800.00"
2020-01-16,2020011601016076,HBL,41,33,86,576.00,"49,536.00"
2020-01-16,2020011601016294,HDL,53,53,500,"1,250.00","625,000.00"
2020-01-16,2020011601016293,HDL,38,53,50,"1,250.00","62,500.00"
2020-01-16,2020011601016292,HDL,56,53,500,"1,250.00","625,000.00"
2020-01-16,2020011601016291,HDL,34,53,500,"1,250.00","625,000.00"
2020-01-16,2020011601016290,HDL,51,53,300,"1,250.00","375,000.00"
2020-01-16,2020011601016289,HDL,34,53,500,"1,250.00","625,000.00"
2020-01-16,2020011601016034,HDL,45,52,60,"1,269.00","76,140.00"
2020-01-16,2020011601015939,HDL,39,52,20,"1,269.00","25,380.00"
2020-01-16,2020011601015806,HDL,5,52,50,"1,269.00","63,450.00"
2020-01-16,2020011601016270,HDL,22,53,100,"1,255.00","125,500.00"
2020-01-16,2020011601016269,HDL,28,53,60,"1,255.00","75,300.00"
2020-01-16,2020011601016268,HDL,44,53,50,"1,256.00","62,800.00"
2020-01-16,2020011601016267,HDL,38,53,10,"1,260.00","12,600.00"
2020-01-16,2020011601016266,HDL,33,53,50,"1,261.00","63,050.00"
2020-01-16,2020011601016265,HDL,21,53,100,"1,265.00","126,500.00"
2020-01-16,2020011601016276,HDL,6,53,20,"1,251.00","25,020.00"
2020-01-16,2020011601016275,HDL,14,53,100,"1,251.00","125,100.00"
2020-01-16,2020011601016274,HDL,6,53,50,"1,251.00","62,550.00"
2020-01-16,2020011601016273,HDL,11,53,100,"1,251.00","125,100.00"
2020-01-16,2020011601016272,HDL,26,53,60,"1,252.00","75,120.00"
2020-01-16,2020011601016271,HDL,28,53,100,"1,255.00","125,500.00"
2020-01-16,2020011601016282,HDL,34,53,500,"1,250.00","625,000.00"
2020-01-16,2020011601016281,HDL,50,53,300,"1,250.00","375,000.00"
2020-01-16,2020011601016280,HDL,50,53,100,"1,250.00","125,000.00"
2020-01-16,2020011601016279,HDL,50,53,300,"1,250.00","375,000.00"
2020-01-16,2020011601016278,HDL,48,53,100,"1,251.00","125,100.00"
2020-01-16,2020011601016277,HDL,6,53,100,"1,251.00","125,100.00"
2020-01-16,2020011601016288,HDL,18,53,100,"1,250.00","125,000.00"
2020-01-16,2020011601016287,HDL,34,53,500,"1,250.00","625,000.00"
2020-01-16,2020011601016286,HDL,57,53,"1,200","1,250.00","1,500,000.00"
2020-01-16,2020011601016285,HDL,34,53,500,"1,250.00","625,000.00"
2020-01-16,2020011601016284,HDL,48,53,100,"1,250.00","125,000.00"
2020-01-16,2020011601016283,HDL,39,53,100,"1,250.00","125,000.00"
2020-01-16,2020011601016005,HIDCL,49,45,300,143.00,"42,900.00"
2020-01-16,2020011601015801,ICFC,50,42,500,187.00,"93,500.00"
2020-01-16,2020011601015800,ICFC,50,25,"1,000",186.00,"186,000.00"
2020-01-16,2020011601016224,ILBS,46,32,10,831.00,"8,310.00"
2020-01-16,2020011601016070,KBL,6,21,59,203.00,"11,977.00"
2020-01-16,2020011601016069,KBL,6,28,105,203.00,"21,315.00"
2020-01-16,2020011601015894,KBL,6,25,200,202.00,"40,400.00"
2020-01-16,2020011601016230,KRBL,11,38,300,114.00,"34,200.00"
2020-01-16,2020011601015888,KRBL,11,56,300,114.00,"34,200.00"
2020-01-16,2020011601015823,KSBBL,45,38,"1,136",154.00,"174,944.00"
2020-01-16,2020011601015822,KSBBL,45,55,643,154.00,"99,022.00"
2020-01-16,2020011601015821,KSBBL,45,58,800,154.00,"123,200.00"
2020-01-16,2020011601016191,LLBS,45,11,100,999.00,"99,900.00"
2020-01-16,2020011601016223,MBL,57,49,"1,755",246.00,"431,730.00"
2020-01-16,2020011601016056,MBL,57,38,35,246.00,"8,610.00"
2020-01-16,2020011601016055,MBL,57,16,210,246.00,"51,660.00"
2020-01-16,2020011601015958,MBL,37,47,500,245.00,"122,500.00"
2020-01-16,2020011601015815,MBL,37,52,"1,254",245.00,"307,230.00"
2020-01-16,2020011601015814,MBL,46,52,"1,246",245.00,"305,270.00"
2020-01-16,2020011601016244,MEGA,44,26,758,207.00,"156,906.00"
2020-01-16,2020011601016243,MEGA,16,26,242,207.00,"50,094.00"
2020-01-16,2020011601015961,MEGA,16,6,48,208.00,"9,984.00"
2020-01-16,2020011601015960,MEGA,16,57,12,208.00,"2,496.00"
2020-01-16,2020011601015819,MEGA,16,53,16,207.00,"3,312.00"
2020-01-16,2020011601016158,MHNL,19,49,310,104.00,"32,240.00"
2020-01-16,2020011601016157,MHNL,19,49,690,104.00,"71,760.00"
2020-01-16,2020011601015817,MLBL,4,47,100,206.00,"20,600.00"
2020-01-16,2020011601015941,MSMBS,16,16,170,770.00,"130,900.00"
2020-01-16,2020011601015911,MSMBS,50,6,11,766.00,"8,426.00"
2020-01-16,2020011601015910,MSMBS,39,6,20,766.00,"15,320.00"
2020-01-16,2020011601015909,MSMBS,37,6,69,766.00,"52,854.00"
2020-01-16,2020011601015853,MSMBS,45,16,50,770.00,"38,500.00"
2020-01-16,2020011601015852,MSMBS,28,16,50,770.00,"38,500.00"
2020-01-16,2020011601015851,MSMBS,45,16,30,770.00,"23,100.00"
2020-01-16,2020011601015850,MSMBS,25,16,39,771.00,"30,069.00"
2020-01-16,2020011601015849,MSMBS,53,16,26,772.00,"20,072.00"
2020-01-16,2020011601016226,NABIL,46,35,225,752.00,"169,200.00"
2020-01-16,2020011601016046,NABIL,51,41,100,750.00,"75,000.00"
2020-01-16,2020011601015953,NABIL,49,29,12,751.00,"9,012.00"
2020-01-16,2020011601015952,NABIL,45,29,16,751.00,"12,016.00"
2020-01-16,2020011601015926,NABIL,22,35,30,752.00,"22,560.00"
2020-01-16,2020011601016241,NADEP,45,57,23,645.00,"14,835.00"
2020-01-16,2020011601015837,NADEP,36,26,177,649.00,"114,873.00"
2020-01-16,2020011601015836,NADEP,36,38,23,645.00,"14,835.00"
2020-01-16,2020011601016099,NBB,26,50,50,213.00,"10,650.00"
2020-01-16,2020011601015947,NBB,3,50,100,213.00,"21,300.00"
2020-01-16,2020011601015905,NBB,47,50,230,213.00,"48,990.00"
2020-01-16,2020011601016219,NBL,47,13,100,282.00,"28,200.00"
2020-01-16,2020011601016072,NBL,18,47,280,281.00,"78,680.00"
2020-01-16,2020011601015999,NBL,47,13,50,282.00,"14,100.00"
2020-01-16,2020011601015993,NBL,18,47,167,281.00,"46,927.00"
2020-01-16,2020011601015992,NBL,37,47,143,281.00,"40,183.00"
2020-01-16,2020011601015988,NBL,47,13,275,282.00,"77,550.00"
2020-01-16,2020011601015805,NBL,44,47,550,281.00,"154,550.00"
2020-01-16,2020011601015945,NBL,37,47,357,281.00,"100,317.00"
2020-01-16,2020011601015944,NBL,44,47,593,281.00,"166,633.00"
2020-01-16,2020011601015940,NBL,37,56,200,282.00,"56,400.00"
2020-01-16,2020011601015920,NBL,44,47,650,281.00,"182,650.00"
2020-01-16,2020011601015880,NBL,44,47,320,281.00,"89,920.00"
2020-01-16,2020011601015840,NBL,44,47,600,281.00,"168,600.00"
2020-01-16,2020011601016252,NCCB,49,33,800,226.00,"180,800.00"
2020-01-16,2020011601016100,NCCB,38,33,20,226.00,"4,520.00"
2020-01-16,2020011601015990,NCCB,33,33,500,226.00,"113,000.00"
2020-01-16,2020011601015989,NCCB,6,33,361,226.00,"81,586.00"
2020-01-16,2020011601015884,NCCB,6,5,639,226.00,"144,414.00"
2020-01-16,2020011601015883,NCCB,1,5,300,226.00,"67,800.00"
2020-01-16,2020011601015861,NCCB,17,5,61,226.00,"13,786.00"
2020-01-16,2020011601015860,NCCB,17,34,439,226.00,"99,214.00"
2020-01-16,2020011601015835,NCCB,1,34,125,226.00,"28,250.00"
2020-01-16,2020011601015834,NCCB,1,14,175,226.00,"39,550.00"
2020-01-16,2020011601015799,NCCB,1,34,115,226.00,"25,990.00"
2020-01-16,2020011601015798,NCCB,1,52,85,226.00,"19,210.00"
2020-01-16,2020011601016187,NEF,47,51,"2,000",8.70,"17,400.00"
2020-01-16,2020011601016044,NEF,47,37,676,8.70,"5,881.20"
2020-01-16,2020011601016145,NGPL,44,51,28,119.00,"3,332.00"
2020-01-16,2020011601016144,NGPL,21,51,72,119.00,"8,568.00"
2020-01-16,2020011601016169,NHDL,17,51,60,121.00,"7,260.00"
2020-01-16,2020011601016033,NHDL,21,51,40,121.00,"4,840.00"
2020-01-16,2020011601016181,NHPC,14,57,600,53.00,"31,800.00"
2020-01-16,2020011601016180,NHPC,32,57,"3,000",53.00,"159,000.00"
2020-01-16,2020011601016179,NHPC,40,57,"1,000",53.00,"53,000.00"
2020-01-16,2020011601016178,NHPC,25,57,"1,000",53.00,"53,000.00"
2020-01-16,2020011601016177,NHPC,55,57,500,53.00,"26,500.00"
2020-01-16,2020011601016176,NHPC,54,57,"2,000",53.00,"106,000.00"
2020-01-16,2020011601016175,NHPC,38,57,400,53.00,"21,200.00"
2020-01-16,2020011601015796,NHPC,38,33,100,53.00,"5,300.00"
2020-01-16,2020011601016258,NIB,3,21,39,409.00,"15,951.00"
2020-01-16,2020011601016257,NIB,49,21,20,409.00,"8,180.00"
2020-01-16,2020011601016256,NIB,8,21,241,409.00,"98,569.00"
2020-01-16,2020011601016206,NIB,8,25,117,409.00,"47,853.00"
2020-01-16,2020011601016174,NIB,8,42,142,409.00,"58,078.00"
2020-01-16,2020011601016173,NIB,49,42,"1,000",409.00,"409,000.00"
2020-01-16,2020011601016172,NIB,17,42,300,409.00,"122,700.00"
2020-01-16,2020011601016171,NIB,28,42,558,409.00,"228,222.00"
2020-01-16,2020011601016154,NIB,28,42,442,409.00,"180,778.00"
2020-01-16,2020011601016153,NIB,39,42,100,409.00,"40,900.00"
2020-01-16,2020011601016152,NIB,19,42,100,409.00,"40,900.00"
2020-01-16,2020011601016151,NIB,28,42,358,409.00,"146,422.00"
2020-01-16,2020011601016081,NIBLPF,41,26,"2,000",7.99,"15,980.00"
2020-01-16,2020011601016239,NICA,50,45,224,477.00,"106,848.00"
2020-01-16,2020011601016238,NICA,47,45,100,477.00,"47,700.00"
2020-01-16,2020011601016237,NICA,33,45,50,477.00,"23,850.00"
2020-01-16,2020011601016236,NICA,35,45,100,477.00,"47,700.00"
2020-01-16,2020011601016235,NICA,18,45,26,477.00,"12,402.00"
2020-01-16,2020011601016204,NICA,18,46,274,477.00,"130,698.00"
2020-01-16,2020011601015925,NICA,43,40,149,478.00,"71,222.00"
2020-01-16,2020011601015899,NICA,43,45,125,478.00,"59,750.00"
2020-01-16,2020011601015898,NICA,28,45,250,478.00,"119,500.00"
2020-01-16,2020011601015897,NICA,28,45,625,478.00,"298,750.00"
2020-01-16,2020011601016088,NICA,32,38,50,478.00,"23,900.00"
2020-01-16,2020011601016087,NICA,50,38,50,478.00,"23,900.00"
2020-01-16,2020011601016086,NICA,49,38,50,478.00,"23,900.00"
2020-01-16,2020011601016085,NICA,56,38,26,478.00,"12,428.00"
2020-01-16,2020011601015943,NICA,56,14,274,478.00,"130,972.00"
2020-01-16,2020011601015942,NICA,43,14,226,478.00,"108,028.00"
2020-01-16,2020011601016166,NICA,43,46,"1,000",478.00,"478,000.00"
2020-01-16,2020011601016165,NICA,26,46,50,478.00,"23,900.00"
2020-01-16,2020011601016164,NICA,50,46,100,478.00,"47,800.00"
2020-01-16,2020011601016163,NICA,49,46,576,478.00,"275,328.00"
2020-01-16,2020011601016106,NICA,49,58,200,478.00,"95,600.00"
2020-01-16,2020011601016089,NICA,49,38,224,478.00,"107,072.00"
2020-01-16,2020011601016225,NICL,43,14,100,351.00,"35,100.00"
2020-01-16,2020011601016167,NICL,25,10,20,352.00,"7,040.00"
2020-01-16,2020011601015937,NICL,44,56,"1,691",350.00,"591,850.00"
2020-01-16,2020011601016049,NIL,6,29,16,440.00,"7,040.00"
2020-01-16,2020011601016048,NIL,6,33,324,439.00,"142,236.00"
2020-01-16,2020011601016047,NIL,6,49,300,438.00,"131,400.00"
2020-01-16,2020011601015903,NIL,46,49,324,437.00,"141,588.00"
2020-01-16,2020011601015902,NIL,14,49,500,437.00,"218,500.00"
2020-01-16,2020011601015901,NIL,45,49,276,437.00,"120,612.00"
2020-01-16,2020011601016229,NLBBL,43,50,120,670.00,"80,400.00"
2020-01-16,2020011601016215,NLIC,17,49,79,"1,038.00","82,002.00"
2020-01-16,2020011601016214,NLIC,17,49,100,"1,038.00","103,800.00"
2020-01-16,2020011601016213,NLIC,17,49,100,"1,038.00","103,800.00"
2020-01-16,2020011601016212,NLIC,17,49,100,"1,038.00","103,800.00"
2020-01-16,2020011601016211,NLIC,17,49,21,"1,038.00","21,798.00"
2020-01-16,2020011601016075,NLIC,17,50,79,"1,038.00","82,002.00"
2020-01-16,2020011601016074,NLIC,13,50,178,"1,038.00","184,764.00"
2020-01-16,2020011601016073,NLIC,18,50,193,"1,039.00","200,527.00"
2020-01-16,2020011601016019,NLIC,35,32,200,"1,040.00","208,000.00"
2020-01-16,2020011601016210,NLICL,36,36,"2,673",619.00,"1,654,587.00"
2020-01-16,2020011601016037,NLICL,25,50,10,628.00,"6,280.00"
2020-01-16,2020011601016217,NMB,42,55,50,376.00,"18,800.00"
2020-01-16,2020011601016203,NMB,42,55,100,376.00,"37,600.00"
2020-01-16,2020011601016066,NMB,51,35,30,375.00,"11,250.00"
2020-01-16,2020011601016065,NMB,45,35,100,375.00,"37,500.00"
2020-01-16,2020011601016064,NMB,42,35,20,375.00,"7,500.00"
2020-01-16,2020011601016063,NMB,7,35,200,375.00,"75,000.00"
2020-01-16,2020011601015980,NMB,48,11,30,375.00,"11,250.00"
2020-01-16,2020011601015921,NMB,6,55,163,376.00,"61,288.00"
2020-01-16,2020011601015829,NMB,6,26,"1,000",376.00,"376,000.00"
2020-01-16,2020011601016062,NMB,21,35,100,375.00,"37,500.00"
2020-01-16,2020011601016061,NMB,41,35,80,375.00,"30,000.00"
2020-01-16,2020011601016060,NMB,48,35,100,375.00,"37,500.00"
2020-01-16,2020011601016059,NMB,44,35,"1,000",375.00,"375,000.00"
2020-01-16,2020011601016058,NMB,43,35,200,375.00,"75,000.00"
2020-01-16,2020011601016057,NMB,48,35,170,375.00,"63,750.00"
2020-01-16,2020011601015928,NMBMF,59,45,10,805.00,"8,050.00"
2020-01-16,2020011601015908,NMBMF,26,45,10,810.00,"8,100.00"
2020-01-16,2020011601016194,OHL,54,52,500,535.00,"267,500.00"
2020-01-16,2020011601016032,OHL,16,17,200,534.00,"106,800.00"
2020-01-16,2020011601016221,PCBL,4,20,72,286.00,"20,592.00"
2020-01-16,2020011601016220,PCBL,4,29,28,285.00,"7,980.00"
2020-01-16,2020011601015979,PCBL,4,29,266,285.00,"75,810.00"
2020-01-16,2020011601015978,PCBL,4,5,136,285.00,"38,760.00"
2020-01-16,2020011601015977,PCBL,4,59,50,285.00,"14,250.00"
2020-01-16,2020011601015976,PCBL,4,7,100,285.00,"28,500.00"
2020-01-16,2020011601015957,PCBL,36,21,50,284.00,"14,200.00"
2020-01-16,2020011601015839,PCBL,4,4,"4,304",283.00,"1,218,032.00"
2020-01-16,2020011601015838,PCBL,4,38,258,283.00,"73,014.00"
2020-01-16,2020011601015832,PCBL,20,38,100,283.00,"28,300.00"
2020-01-16,2020011601015969,PCBL,4,42,500,285.00,"142,500.00"
2020-01-16,2020011601015968,PCBL,4,17,176,285.00,"50,160.00"
2020-01-16,2020011601015967,PCBL,4,53,"2,000",284.00,"568,000.00"
2020-01-16,2020011601015966,PCBL,4,47,400,284.00,"113,600.00"
2020-01-16,2020011601015965,PCBL,4,19,250,284.00,"71,000.00"
2020-01-16,2020011601015964,PCBL,4,21,22,284.00,"6,248.00"
2020-01-16,2020011601015975,PCBL,4,22,100,285.00,"28,500.00"
2020-01-16,2020011601015974,PCBL,4,50,100,285.00,"28,500.00"
2020-01-16,2020011601015973,PCBL,4,55,"1,000",285.00,"285,000.00"
2020-01-16,2020011601015972,PCBL,4,25,200,285.00,"57,000.00"
2020-01-16,2020011601015971,PCBL,4,48,500,285.00,"142,500.00"
2020-01-16,2020011601015970,PCBL,4,34,200,285.00,"57,000.00"
2020-01-16,2020011601016182,PLIC,50,48,"1,000",441.00,"441,000.00"
2020-01-16,2020011601016053,PLIC,3,45,500,447.00,"223,500.00"
2020-01-16,2020011601016004,PLIC,17,33,200,445.00,"89,000.00"
2020-01-16,2020011601016003,PLIC,17,33,200,445.00,"89,000.00"
2020-01-16,2020011601016002,PLIC,17,19,50,445.00,"22,250.00"
2020-01-16,2020011601016001,PLIC,17,48,100,444.00,"44,400.00"
2020-01-16,2020011601015963,PLIC,17,57,112,443.00,"49,616.00"
2020-01-16,2020011601016102,PPCL,53,41,200,134.00,"26,800.00"
2020-01-16,2020011601015893,PRIN,28,13,100,390.00,"39,000.00"
2020-01-16,2020011601016052,PRVU,44,58,100,252.00,"25,200.00"
2020-01-16,2020011601016051,PRVU,52,58,50,252.00,"12,600.00"
2020-01-16,2020011601016050,PRVU,34,58,48,252.00,"12,096.00"
2020-01-16,2020011601015867,PRVU,38,33,"1,000",253.00,"253,000.00"
2020-01-16,2020011601015866,PRVU,41,33,"1,000",253.00,"253,000.00"
2020-01-16,2020011601015865,PRVU,55,33,200,253.00,"50,600.00"
2020-01-16,2020011601015864,PRVU,44,33,740,253.00,"187,220.00"
2020-01-16,2020011601015863,PRVU,43,33,560,253.00,"141,680.00"
2020-01-16,2020011601015994,PRVU,34,16,58,252.00,"14,616.00"
2020-01-16,2020011601015872,PRVU,39,33,"1,000",253.00,"253,000.00"
2020-01-16,2020011601015871,PRVU,56,33,200,253.00,"50,600.00"
2020-01-16,2020011601015870,PRVU,38,33,200,253.00,"50,600.00"
2020-01-16,2020011601015869,PRVU,49,33,100,253.00,"25,300.00"
2020-01-16,2020011601015868,PRVU,34,33,500,253.00,"126,500.00"
2020-01-16,2020011601015919,RHPL,43,59,500,176.00,"88,000.00"
2020-01-16,2020011601016263,RLFL,48,36,"1,242",131.00,"162,702.00"
2020-01-16,2020011601016262,RLFL,48,36,"1,000",131.00,"131,000.00"
2020-01-16,2020011601016261,RLFL,48,36,200,131.00,"26,200.00"
2020-01-16,2020011601016260,RLFL,1,36,50,131.00,"6,550.00"
2020-01-16,2020011601016098,RLFL,48,14,"2,000",132.00,"264,000.00"
2020-01-16,2020011601016097,RLFL,54,14,960,132.00,"126,720.00"
2020-01-16,2020011601016096,RLFL,35,14,339,133.00,"45,087.00"
2020-01-16,2020011601016162,RMDC,43,39,150,640.00,"96,000.00"
2020-01-16,2020011601016161,RMDC,49,39,20,640.00,"12,800.00"
2020-01-16,2020011601016160,RMDC,49,39,80,640.00,"51,200.00"
2020-01-16,2020011601016159,RMDC,59,39,50,641.00,"32,050.00"
2020-01-16,2020011601016107,RMDC,59,35,150,641.00,"96,150.00"
2020-01-16,2020011601016208,RSDC,21,39,392,425.00,"166,600.00"
2020-01-16,2020011601016207,RSDC,35,39,108,425.00,"45,900.00"
2020-01-16,2020011601016228,SADBL,4,48,15,161.00,"2,415.00"
2020-01-16,2020011601016227,SADBL,4,32,195,160.00,"31,200.00"
2020-01-16,2020011601016040,SADBL,46,4,100,158.00,"15,800.00"
2020-01-16,2020011601016039,SADBL,46,14,50,158.00,"7,900.00"
2020-01-16,2020011601016245,SANIMA,34,59,200,350.00,"70,000.00"
2020-01-16,2020011601016185,SANIMA,34,58,95,349.00,"33,155.00"
2020-01-16,2020011601016184,SANIMA,58,58,100,349.00,"34,900.00"
2020-01-16,2020011601016183,SANIMA,56,58,805,350.00,"281,750.00"
2020-01-16,2020011601016112,SANIMA,56,58,"1,000",350.00,"350,000.00"
2020-01-16,2020011601016023,SANIMA,56,58,195,350.00,"68,250.00"
2020-01-16,2020011601015915,SANIMA,21,4,100,351.00,"35,100.00"
2020-01-16,2020011601015914,SANIMA,16,4,200,351.00,"70,200.00"
2020-01-16,2020011601015913,SANIMA,14,4,300,351.00,"105,300.00"
2020-01-16,2020011601016022,SANIMA,52,58,100,350.00,"35,000.00"
2020-01-16,2020011601016021,SANIMA,53,58,200,350.00,"70,000.00"
2020-01-16,2020011601016020,SANIMA,25,58,"1,505",350.00,"526,750.00"
2020-01-16,2020011601015918,SANIMA,14,4,"1,000",351.00,"351,000.00"
2020-01-16,2020011601015917,SANIMA,53,4,"1,000",351.00,"351,000.00"
2020-01-16,2020011601015916,SANIMA,53,4,500,351.00,"175,500.00"
2020-01-16,2020011601015938,SAPDBL,28,17,700,154.00,"107,800.00"
2020-01-16,2020011601016190,SBI,34,38,"1,464",417.00,"610,488.00"
2020-01-16,2020011601016233,SBL,48,6,690,326.00,"224,940.00"
2020-01-16,2020011601016232,SBL,26,6,630,326.00,"205,380.00"
2020-01-16,2020011601015997,SBL,45,4,"1,000",327.00,"327,000.00"
2020-01-16,2020011601015996,SBL,6,4,"1,000",327.00,"327,000.00"
2020-01-16,2020011601015995,SBL,41,4,200,327.00,"65,400.00"
2020-01-16,2020011601015985,SCB,18,57,80,636.00,"50,880.00"
2020-01-16,2020011601016240,SFFIL,25,51,100,235.00,"23,500.00"
2020-01-16,2020011601016170,SFFIL,25,10,92,235.00,"21,620.00"
2020-01-16,2020011601015987,SFFIL,25,19,54,235.00,"12,690.00"
2020-01-16,2020011601015986,SFFIL,17,19,46,236.00,"10,856.00"
2020-01-16,2020011601015949,SFFIL,14,19,100,237.00,"23,700.00"
2020-01-16,2020011601015983,SHINE,57,51,100,263.00,"26,300.00"
2020-01-16,2020011601015830,SHINE,57,42,33,263.00,"8,679.00"
2020-01-16,2020011601015912,SHIVM,13,51,50,524.00,"26,200.00"
2020-01-16,2020011601015887,SHIVM,13,48,35,524.00,"18,340.00"
2020-01-16,2020011601015886,SHIVM,35,26,100,524.00,"52,400.00"
2020-01-16,2020011601015885,SHIVM,22,26,195,524.00,"102,180.00"
2020-01-16,2020011601015803,SHIVM,22,3,105,524.00,"55,020.00"
2020-01-16,2020011601015802,SHIVM,58,3,195,524.00,"102,180.00"
2020-01-16,2020011601015932,SHL,21,1,400,212.00,"84,800.00"
2020-01-16,2020011601015931,SHL,16,1,500,212.00,"106,000.00"
2020-01-16,2020011601015930,SHL,52,1,100,212.00,"21,200.00"
2020-01-16,2020011601016168,SHPC,56,42,100,203.00,"20,300.00"
2020-01-16,2020011601016155,SHPC,56,42,100,203.00,"20,300.00"
2020-01-16,2020011601016108,SHPC,56,42,100,203.00,"20,300.00"
2020-01-16,2020011601015881,SHPC,4,42,100,203.00,"20,300.00"
2020-01-16,2020011601015876,SIC,38,32,65,609.00,"39,585.00"
2020-01-16,2020011601015859,SICL,42,55,10,950.00,"9,500.00"
2020-01-16,2020011601015929,SIFC,1,17,100,169.00,"16,900.00"
2020-01-16,2020011601016198,SIL,25,45,13,484.00,"6,292.00"
2020-01-16,2020011601016216,SJCL,58,45,"1,000",166.00,"166,000.00"
2020-01-16,2020011601016092,SJCL,58,49,440,166.00,"73,040.00"
2020-01-16,2020011601016091,SJCL,11,49,300,166.00,"49,800.00"
2020-01-16,2020011601016090,SJCL,29,49,110,166.00,"18,260.00"
2020-01-16,2020011601016255,SKBBL,57,39,"1,000",962.00,"962,000.00"
2020-01-16,2020011601016254,SKBBL,50,39,110,963.00,"105,930.00"
2020-01-16,2020011601016253,SKBBL,34,39,50,974.00,"48,700.00"
2020-01-16,2020011601016201,SKBBL,50,50,90,963.00,"86,670.00"
2020-01-16,2020011601016200,SKBBL,26,50,100,964.00,"96,400.00"
2020-01-16,2020011601016199,SKBBL,57,50,10,965.00,"9,650.00"
2020-01-16,2020011601015862,SKBBL,41,18,48,970.00,"46,560.00"
2020-01-16,2020011601015809,SKBBL,41,48,50,970.00,"48,500.00"
2020-01-16,2020011601016067,SLICL,3,19,80,352.00,"28,160.00"
2020-01-16,2020011601015896,SLICL,3,50,420,352.00,"147,840.00"
2020-01-16,2020011601015895,SLICL,19,50,80,352.00,"28,160.00"
2020-01-16,2020011601015797,SLICL,50,46,235,354.00,"83,190.00"
2020-01-16,2020011601016192,SMATA,57,28,61,750.00,"45,750.00"
2020-01-16,2020011601016094,SMATA,32,28,10,750.00,"7,500.00"
2020-01-16,2020011601016093,SMATA,32,21,10,749.00,"7,490.00"
2020-01-16,2020011601016000,SMATA,41,45,10,744.00,"7,440.00"
2020-01-16,2020011601015879,SMATA,34,28,20,750.00,"15,000.00"
2020-01-16,2020011601015878,SMATA,34,38,50,750.00,"37,500.00"
2020-01-16,2020011601015877,SMATA,34,42,30,749.00,"22,470.00"
2020-01-16,2020011601016193,SPARS,13,14,90,770.00,"69,300.00"
2020-01-16,2020011601016054,SPARS,58,7,100,770.00,"77,000.00"
2020-01-16,2020011601016045,SPARS,13,45,10,770.00,"7,700.00"
2020-01-16,2020011601015998,SPARS,21,58,10,770.00,"7,700.00"
2020-01-16,2020011601016295,SRBL,49,4,195,244.00,"47,580.00"
2020-01-16,2020011601015927,SRBL,49,51,305,244.00,"74,420.00"
2020-01-16,2020011601015824,SRBL,51,40,333,243.00,"80,919.00"
2020-01-16,2020011601015804,SRBL,29,51,15,244.00,"3,660.00"
2020-01-16,2020011601016222,TRH,33,56,"1,000",303.00,"303,000.00"
2020-01-16,2020011601016150,TRH,59,58,500,304.00,"152,000.00"
2020-01-16,2020011601016149,TRH,54,58,500,304.00,"152,000.00"
2020-01-16,2020011601016148,TRH,19,58,"1,000",304.00,"304,000.00"
2020-01-16,2020011601016147,TRH,32,58,200,305.00,"61,000.00"
2020-01-16,2020011601015907,TRH,58,3,200,306.00,"61,200.00"
2020-01-16,2020011601015906,TRH,52,3,100,306.00,"30,600.00"
2020-01-16,2020011601015962,UPCL,13,50,"1,000",78.00,"78,000.00"
2020-01-16,2020011601016197,UPPER,33,1,500,248.00,"124,000.00"
2020-01-16,2020011601016031,UPPER,41,38,200,249.00,"49,800.00"
2020-01-16,2020011601015991,VLBS,13,16,270,878.00,"237,060.00"
2020-01-16,2020011601016095,WOMI,19,10,164,981.00,"160,884.00"
2020-01-16,2020011601015924,WOMI,45,58,350,980.00,"343,000.00"
2020-01-16,2020011601015923,WOMI,45,33,50,980.00,"49,000.00"
2020-01-16,2020011601015922,WOMI,45,53,100,979.00,"97,900.00"
2020-01-16,2020011601015882,WOMI,7,53,100,979.00,"97,900.00"
2020-01-16,2020011601015619,ADBL,29,11,73,392.00,"28,616.00"
2020-01-16,2020011601015496,ADBL,32,44,20,393.00,"7,860.00"
2020-01-16,2020011601015412,ADBL,29,52,327,392.00,"128,184.00"
2020-01-16,2020011601015456,AHPC,36,45,"1,000",101.00,"101,000.00"
2020-01-16,2020011601015533,AKPL,29,40,13,135.00,"1,755.00"
2020-01-16,2020011601015522,AKPL,29,40,531,135.00,"71,685.00"
2020-01-16,2020011601015521,AKPL,1,40,469,135.00,"63,315.00"
2020-01-16,2020011601015520,AKPL,29,40,"1,000",136.00,"136,000.00"
2020-01-16,2020011601015647,ALBSL,14,25,20,668.00,"13,360.00"
2020-01-16,2020011601015767,API,46,52,401,126.00,"50,526.00"
2020-01-16,2020011601015766,API,55,52,300,126.00,"37,800.00"
2020-01-16,2020011601015765,API,6,52,299,127.00,"37,973.00"
2020-01-16,2020011601015744,API,6,40,51,127.00,"6,477.00"
2020-01-16,2020011601015743,API,40,40,149,127.00,"18,923.00"
2020-01-16,2020011601015588,API,25,44,18,129.00,"2,322.00"
2020-01-16,2020011601015572,API,40,25,"1,500",127.00,"190,500.00"
2020-01-16,2020011601015569,API,40,40,18,127.00,"2,286.00"
2020-01-16,2020011601015550,API,40,26,100,127.00,"12,700.00"
2020-01-16,2020011601015741,BARUN,16,57,130,91.00,"11,830.00"
2020-01-16,2020011601015716,BARUN,42,57,20,92.00,"1,840.00"
2020-01-16,2020011601015710,BBC,45,51,20,"2,110.00","42,200.00"
2020-01-16,2020011601015753,BFC,52,6,68,100.00,"6,800.00"
2020-01-16,2020011601015752,BFC,39,6,125,100.00,"12,500.00"
2020-01-16,2020011601015481,CBBL,39,50,72,922.00,"66,384.00"
2020-01-16,2020011601015532,CBBL,25,50,100,920.00,"92,000.00"
2020-01-16,2020011601015531,CBBL,59,50,25,920.00,"23,000.00"
2020-01-16,2020011601015359,CBL,55,17,200,150.00,"30,000.00"
2020-01-16,2020011601015358,CBL,42,17,100,150.00,"15,000.00"
2020-01-16,2020011601015357,CBL,45,17,500,150.00,"75,000.00"
2020-01-16,2020011601015356,CBL,33,17,65,150.00,"9,750.00"
2020-01-16,2020011601015351,CBL,33,48,100,150.00,"15,000.00"
2020-01-16,2020011601015344,CBL,33,52,135,150.00,"20,250.00"
2020-01-16,2020011601015343,CBL,57,52,100,150.00,"15,000.00"
2020-01-16,2020011601015342,CBL,6,52,265,150.00,"39,750.00"
2020-01-16,2020011601015789,CCBL,32,19,319,188.00,"59,972.00"
2020-01-16,2020011601015788,CCBL,22,19,181,188.00,"34,028.00"
2020-01-16,2020011601015747,CCBL,22,17,319,188.00,"59,972.00"
2020-01-16,2020011601015746,CCBL,21,17,500,188.00,"94,000.00"
2020-01-16,2020011601015745,CCBL,29,17,181,188.00,"34,028.00"
2020-01-16,2020011601015593,CCBL,29,40,19,188.00,"3,572.00"
2020-01-16,2020011601015592,CCBL,41,40,48,188.00,"9,024.00"
2020-01-16,2020011601015540,CCBL,4,54,200,190.00,"38,000.00"
2020-01-16,2020011601015783,CIT,18,49,100,"2,207.00","220,700.00"
2020-01-16,2020011601015782,CIT,51,49,50,"2,207.00","110,350.00"
2020-01-16,2020011601015568,CIT,1,38,30,"2,206.00","66,180.00"
2020-01-16,2020011601015567,CIT,1,38,10,"2,206.00","22,060.00"
2020-01-16,2020011601015566,CIT,33,38,10,"2,207.00","22,070.00"
2020-01-16,2020011601015565,CIT,22,38,100,"2,207.00","220,700.00"
2020-01-16,2020011601015564,CIT,50,38,50,"2,208.00","110,400.00"
2020-01-16,2020011601015563,CIT,19,38,50,"2,209.00","110,450.00"
2020-01-16,2020011601015346,CIT,7,38,50,"2,209.00","110,450.00"
2020-01-16,2020011601015453,CZBIL,43,49,20,211.00,"4,220.00"
2020-01-16,2020011601015408,CZBIL,17,49,200,211.00,"42,200.00"
2020-01-16,2020011601015407,CZBIL,34,49,65,211.00,"13,715.00"
2020-01-16,2020011601015362,CZBIL,34,14,45,211.00,"9,495.00"
2020-01-16,2020011601015721,DDBL,25,17,20,"1,040.00","20,800.00"
2020-01-16,2020011601015720,DDBL,45,17,20,"1,040.00","20,800.00"
2020-01-16,2020011601015719,DDBL,17,17,20,"1,040.00","20,800.00"
2020-01-16,2020011601015718,DDBL,44,17,40,"1,040.00","41,600.00"
2020-01-16,2020011601015602,DDBL,45,42,10,"1,046.00","10,460.00"
2020-01-16,2020011601015524,DDBL,54,42,39,"1,046.00","40,794.00"
2020-01-16,2020011601015523,DDBL,13,42,37,"1,047.00","38,739.00"
2020-01-16,2020011601015451,DDBL,13,26,63,"1,047.00","65,961.00"
2020-01-16,2020011601015487,EBL,59,58,155,632.00,"97,960.00"
2020-01-16,2020011601015486,EBL,28,58,"1,000",633.00,"633,000.00"
2020-01-16,2020011601015485,EBL,55,58,100,634.00,"63,400.00"
2020-01-16,2020011601015484,EBL,34,58,300,634.00,"190,200.00"
2020-01-16,2020011601015483,EBL,32,58,200,634.00,"126,800.00"
2020-01-16,2020011601015482,EBL,16,58,245,634.00,"155,330.00"
2020-01-16,2020011601015723,EDBL,38,32,"1,000",339.00,"339,000.00"
2020-01-16,2020011601015660,EIC,42,37,50,327.00,"16,350.00"
2020-01-16,2020011601015490,EIC,35,26,300,328.00,"98,400.00"
2020-01-16,2020011601015680,FMDBL,45,26,72,422.00,"30,384.00"
2020-01-16,2020011601015679,FMDBL,36,26,28,422.00,"11,816.00"
2020-01-16,2020011601015649,FMDBL,50,5,91,423.00,"38,493.00"
2020-01-16,2020011601015648,FMDBL,14,5,43,423.00,"18,189.00"
2020-01-16,2020011601015530,FMDBL,14,29,200,423.00,"84,600.00"
2020-01-16,2020011601015411,FMDBL,14,26,57,423.00,"24,111.00"
2020-01-16,2020011601015410,FMDBL,49,26,50,423.00,"21,150.00"
2020-01-16,2020011601015409,FMDBL,22,26,50,423.00,"21,150.00"
2020-01-16,2020011601015736,FOWAD,21,6,506,"1,238.00","626,428.00"
2020-01-16,2020011601015561,FOWAD,32,6,450,"1,238.00","557,100.00"
2020-01-16,2020011601015560,FOWAD,32,49,50,"1,237.00","61,850.00"
2020-01-16,2020011601015363,FOWAD,37,47,94,"1,237.00","116,278.00"
2020-01-16,2020011601015386,GBBL,21,14,487,233.00,"113,471.00"
2020-01-16,2020011601015385,GBBL,45,14,400,233.00,"93,200.00"
2020-01-16,2020011601015384,GBBL,14,14,113,233.00,"26,329.00"
2020-01-16,2020011601015676,GBLBS,14,58,500,414.00,"207,000.00"
2020-01-16,2020011601015675,GBLBS,19,58,455,414.00,"188,370.00"
2020-01-16,2020011601015339,GBLBS,49,59,100,418.00,"41,800.00"
2020-01-16,2020011601015447,GGBSL,3,58,10,905.00,"9,050.00"
2020-01-16,2020011601015448,GGBSL,3,45,10,907.00,"9,070.00"
2020-01-16,2020011601015634,GLICL,26,26,500,558.00,"279,000.00"
2020-01-16,2020011601015473,GUFL,20,34,100,126.00,"12,600.00"
2020-01-16,2020011601015436,GUFL,38,32,"2,000",127.00,"254,000.00"
2020-01-16,2020011601015419,GUFL,20,32,500,128.00,"64,000.00"
2020-01-16,2020011601015418,GUFL,45,32,100,128.00,"12,800.00"
2020-01-16,2020011601015417,GUFL,34,32,29,128.00,"3,712.00"
2020-01-16,2020011601015580,HBL,41,4,400,576.00,"230,400.00"
2020-01-16,2020011601015527,HBL,32,40,20,579.00,"11,580.00"
2020-01-16,2020011601015514,HBL,36,33,"2,000",578.00,"1,156,000.00"
2020-01-16,2020011601015706,HDL,39,52,70,"1,269.00","88,830.00"
2020-01-16,2020011601015705,HDL,39,42,30,"1,269.00","38,070.00"
2020-01-16,2020011601015529,HGI,25,57,10,330.00,"3,300.00"
