Date,Transact. No.,Symbol,Buyer,Seller,Quantity,Rate,Amount
2019-07-10,2019071001005267,ADBL,36,50,50,407.00,"20,350.00"
2019-07-10,2019071001005017,ADBL,57,35,150,406.00,"60,900.00"
2019-07-10,2019071001005011,ADBL,57,5,500,406.00,"203,000.00"
2019-07-10,2019071001004984,ADBL,57,5,30,406.00,"12,180.00"
2019-07-10,2019071001004983,ADBL,50,5,100,406.00,"40,600.00"
2019-07-10,2019071001004982,ADBL,26,5,370,406.00,"150,220.00"
2019-07-10,2019071001004981,ADBL,26,19,82,406.00,"33,292.00"
2019-07-10,2019071001004859,ADBL,26,45,48,406.00,"19,488.00"
2019-07-10,2019071001004858,ADBL,49,45,154,406.00,"62,524.00"
2019-07-10,2019071001004837,ADBL,49,6,83,406.00,"33,698.00"
2019-07-10,2019071001005272,AKPL,58,19,10,195.00,"1,950.00"
2019-07-10,2019071001005243,AKPL,10,41,10,186.00,"1,860.00"
2019-07-10,2019071001005084,AKPL,41,21,32,183.00,"5,856.00"
2019-07-10,2019071001005083,AKPL,41,48,537,183.00,"98,271.00"
2019-07-10,2019071001004999,API,25,58,40,144.00,"5,760.00"
2019-07-10,2019071001004998,API,25,51,200,143.00,"28,600.00"
2019-07-10,2019071001004997,API,25,16,300,143.00,"42,900.00"
2019-07-10,2019071001004798,API,25,16,200,143.00,"28,600.00"
2019-07-10,2019071001005180,BARUN,34,3,80,90.00,"7,200.00"
2019-07-10,2019071001004972,BNT,14,13,80,"6,748.00","539,840.00"
2019-07-10,2019071001005265,BOKL,33,17,10,257.00,"2,570.00"
2019-07-10,2019071001004995,BOKL,19,45,53,255.00,"13,515.00"
2019-07-10,2019071001004994,BOKL,52,45,121,255.00,"30,855.00"
2019-07-10,2019071001004950,BOKL,52,36,879,255.00,"224,145.00"
2019-07-10,2019071001004949,BOKL,49,36,100,255.00,"25,500.00"
2019-07-10,2019071001004948,BOKL,47,36,25,255.00,"6,375.00"
2019-07-10,2019071001004947,BOKL,6,36,10,255.00,"2,550.00"
2019-07-10,2019071001004946,BOKL,21,36,487,256.00,"124,672.00"
2019-07-10,2019071001004942,BOKL,21,42,13,256.00,"3,328.00"
2019-07-10,2019071001004773,BPCL,43,6,272,407.00,"110,704.00"
2019-07-10,2019071001004813,BPCL,43,7,275,407.00,"111,925.00"
2019-07-10,2019071001004774,BPCL,43,7,275,407.00,"111,925.00"
2019-07-10,2019071001005086,CBBL,26,37,60,950.00,"57,000.00"
2019-07-10,2019071001004848,CBBL,20,48,59,948.00,"55,932.00"
2019-07-10,2019071001005145,CBL,28,34,400,157.00,"62,800.00"
2019-07-10,2019071001005144,CBL,6,41,600,158.00,"94,800.00"
2019-07-10,2019071001005027,CBL,28,41,"1,000",157.00,"157,000.00"
2019-07-10,2019071001004989,CBL,38,41,150,158.00,"23,700.00"
2019-07-10,2019071001004969,CBL,28,49,"2,000",157.00,"314,000.00"
2019-07-10,2019071001004951,CBL,28,8,200,157.00,"31,400.00"
2019-07-10,2019071001005257,CCBL,48,8,"1,287",176.00,"226,512.00"
2019-07-10,2019071001005227,CCBL,48,34,"1,213",176.00,"213,488.00"
2019-07-10,2019071001005226,CCBL,38,34,50,176.00,"8,800.00"
2019-07-10,2019071001005225,CCBL,45,34,500,176.00,"88,000.00"
2019-07-10,2019071001005224,CCBL,28,34,50,176.00,"8,800.00"
2019-07-10,2019071001005223,CCBL,22,34,187,176.00,"32,912.00"
2019-07-10,2019071001005195,CCBL,22,45,813,176.00,"143,088.00"
2019-07-10,2019071001005194,CCBL,49,45,187,176.00,"32,912.00"
2019-07-10,2019071001005072,CEFL,34,22,100,102.00,"10,200.00"
2019-07-10,2019071001005140,CHCL,34,10,103,509.00,"52,427.00"
2019-07-10,2019071001005108,CHCL,29,10,"1,000",510.00,"510,000.00"
2019-07-10,2019071001005107,CHCL,6,10,500,510.00,"255,000.00"
2019-07-10,2019071001005106,CHCL,6,10,100,510.00,"51,000.00"
2019-07-10,2019071001005105,CHCL,8,10,497,510.00,"253,470.00"
2019-07-10,2019071001005021,CIT,33,34,100,"2,439.00","243,900.00"
2019-07-10,2019071001004796,CIT,25,10,90,"2,430.00","218,700.00"
2019-07-10,2019071001004971,CLBSL,29,55,20,495.00,"9,900.00"
2019-07-10,2019071001004970,CLBSL,51,55,20,495.00,"9,900.00"
2019-07-10,2019071001004926,CORBL,42,45,10,119.00,"1,190.00"
2019-07-10,2019071001004925,CORBL,39,45,50,120.00,"6,000.00"
2019-07-10,2019071001005039,CZBIL,28,6,76,222.00,"16,872.00"
2019-07-10,2019071001004836,CZBIL,3,55,165,224.00,"36,960.00"
2019-07-10,2019071001004835,CZBIL,3,46,22,224.00,"4,928.00"
2019-07-10,2019071001004834,CZBIL,3,21,156,224.00,"34,944.00"
2019-07-10,2019071001004833,CZBIL,3,43,407,224.00,"91,168.00"
2019-07-10,2019071001004832,CZBIL,3,48,50,224.00,"11,200.00"
2019-07-10,2019071001004831,CZBIL,3,46,200,223.00,"44,600.00"
2019-07-10,2019071001005008,DBBL,14,34,599,142.00,"85,058.00"
2019-07-10,2019071001005097,DDBL,17,54,40,724.00,"28,960.00"
2019-07-10,2019071001005068,DDBL,45,54,150,724.00,"108,600.00"
2019-07-10,2019071001005151,EBL,35,39,106,659.00,"69,854.00"
2019-07-10,2019071001005001,EBL,35,19,53,659.00,"34,927.00"
2019-07-10,2019071001005152,FMDBL,58,45,50,377.00,"18,850.00"
2019-07-10,2019071001005081,FMDBL,21,48,603,376.00,"226,728.00"
2019-07-10,2019071001005080,FMDBL,19,48,50,376.00,"18,800.00"
2019-07-10,2019071001005256,GBLBS,55,36,100,339.00,"33,900.00"
2019-07-10,2019071001005255,GBLBS,13,36,100,339.00,"33,900.00"
2019-07-10,2019071001005254,GBLBS,39,36,90,339.00,"30,510.00"
2019-07-10,2019071001005063,GBLBS,1,29,30,345.00,"10,350.00"
2019-07-10,2019071001005062,GBLBS,1,39,50,342.00,"17,100.00"
2019-07-10,2019071001005061,GBLBS,39,32,10,339.00,"3,390.00"
2019-07-10,2019071001004924,GBLBS,17,6,10,340.00,"3,400.00"
2019-07-10,2019071001004905,GILB,42,58,20,"1,297.00","25,940.00"
2019-07-10,2019071001004811,GILB,19,6,10,"1,298.00","12,980.00"
2019-07-10,2019071001005092,GLBSL,39,21,10,392.00,"3,920.00"
2019-07-10,2019071001005089,GLBSL,39,32,10,392.00,"3,920.00"
2019-07-10,2019071001005010,GLBSL,39,21,10,392.00,"3,920.00"
2019-07-10,2019071001004987,GLBSL,39,21,10,392.00,"3,920.00"
2019-07-10,2019071001005266,GMFBS,50,21,10,441.00,"4,410.00"
2019-07-10,2019071001005236,GMFBS,50,21,10,441.00,"4,410.00"
2019-07-10,2019071001005192,GMFBS,50,21,10,441.00,"4,410.00"
2019-07-10,2019071001005135,GMFBS,50,21,10,441.00,"4,410.00"
2019-07-10,2019071001005110,GMFBS,50,21,10,441.00,"4,410.00"
2019-07-10,2019071001005020,GMFBS,50,41,26,441.00,"11,466.00"
2019-07-10,2019071001004940,GMFBS,50,21,10,441.00,"4,410.00"
2019-07-10,2019071001004909,GMFBS,50,59,10,441.00,"4,410.00"
2019-07-10,2019071001004870,GRDBL,20,11,55,115.00,"6,325.00"
2019-07-10,2019071001004869,GRDBL,57,11,50,115.00,"5,750.00"
2019-07-10,2019071001004890,HDL,33,39,110,"1,656.00","182,160.00"
2019-07-10,2019071001005076,HGI,51,52,33,349.00,"11,517.00"
2019-07-10,2019071001004961,HGI,21,52,20,350.00,"7,000.00"
2019-07-10,2019071001004908,HGI,57,21,100,348.00,"34,800.00"
2019-07-10,2019071001004808,HGI,25,52,113,350.00,"39,550.00"
2019-07-10,2019071001004807,HGI,25,7,87,350.00,"30,450.00"
2019-07-10,2019071001005053,HIDCL,34,5,29,159.00,"4,611.00"
2019-07-10,2019071001005052,HIDCL,25,5,500,159.00,"79,500.00"
2019-07-10,2019071001005051,HIDCL,58,5,200,159.00,"31,800.00"
2019-07-10,2019071001005050,HIDCL,29,5,450,159.00,"71,550.00"
2019-07-10,2019071001004902,HIDCL,29,50,550,159.00,"87,450.00"
2019-07-10,2019071001004901,HIDCL,6,50,200,159.00,"31,800.00"
2019-07-10,2019071001004900,HIDCL,6,50,300,159.00,"47,700.00"
2019-07-10,2019071001004899,HIDCL,1,50,710,159.00,"112,890.00"
2019-07-10,2019071001004898,HIDCL,58,50,86,160.00,"13,760.00"
2019-07-10,2019071001005198,HURJA,3,37,20,140.00,"2,800.00"
2019-07-10,2019071001005133,HURJA,3,37,20,140.00,"2,800.00"
2019-07-10,2019071001005103,HURJA,3,37,20,140.00,"2,800.00"
2019-07-10,2019071001005085,HURJA,3,28,20,140.00,"2,800.00"
2019-07-10,2019071001004863,HURJA,3,36,20,140.00,"2,800.00"
2019-07-10,2019071001005078,ILBS,58,40,10,414.00,"4,140.00"
2019-07-10,2019071001005038,ILBS,58,40,10,414.00,"4,140.00"
2019-07-10,2019071001005013,ILBS,58,40,10,414.00,"4,140.00"
2019-07-10,2019071001005182,JFL,6,6,90,178.00,"16,020.00"
2019-07-10,2019071001005181,JFL,6,47,12,178.00,"2,136.00"
2019-07-10,2019071001004919,JSLBB,40,32,10,927.00,"9,270.00"
2019-07-10,2019071001005234,KBL,54,37,500,220.00,"110,000.00"
2019-07-10,2019071001005216,KBL,38,37,100,220.00,"22,000.00"
2019-07-10,2019071001005215,KBL,54,37,225,220.00,"49,500.00"
2019-07-10,2019071001004842,KBL,54,17,285,220.00,"62,700.00"
2019-07-10,2019071001004819,KBL,51,36,325,219.00,"71,175.00"
2019-07-10,2019071001004809,KBL,51,6,49,219.00,"10,731.00"
2019-07-10,2019071001005210,KPCL,56,28,10,91.00,910.00
2019-07-10,2019071001004776,KPCL,56,3,49,91.00,"4,459.00"
2019-07-10,2019071001004810,KPCL,56,28,10,91.00,910.00
2019-07-10,2019071001005116,KPCL,56,28,10,91.00,910.00
2019-07-10,2019071001004821,KSBBL,32,34,"2,000",159.00,"318,000.00"
2019-07-10,2019071001005217,LBBL,59,32,10,194.00,"1,940.00"
2019-07-10,2019071001005132,LBBL,33,32,20,194.00,"3,880.00"
2019-07-10,2019071001005114,LBBL,33,20,500,192.00,"96,000.00"
2019-07-10,2019071001005048,LBBL,34,28,100,192.00,"19,200.00"
2019-07-10,2019071001004894,LBBL,45,10,70,191.00,"13,370.00"
2019-07-10,2019071001004867,LBBL,45,51,90,191.00,"17,190.00"
2019-07-10,2019071001004895,LBBL,25,10,930,191.00,"177,630.00"
2019-07-10,2019071001005214,LBL,38,43,10,227.00,"2,270.00"
2019-07-10,2019071001005165,LBL,35,11,213,225.00,"47,925.00"
2019-07-10,2019071001005164,LBL,22,11,300,225.00,"67,500.00"
2019-07-10,2019071001005163,LBL,4,11,50,225.00,"11,250.00"
2019-07-10,2019071001005162,LBL,20,11,313,225.00,"70,425.00"
2019-07-10,2019071001005037,LBL,20,32,200,225.00,"45,000.00"
2019-07-10,2019071001004922,LBL,14,11,500,226.00,"113,000.00"
2019-07-10,2019071001004799,LBL,20,34,500,225.00,"112,500.00"
2019-07-10,2019071001005203,LICN,25,22,10,"1,619.00","16,190.00"
2019-07-10,2019071001004968,MBL,57,57,124,264.00,"32,736.00"
2019-07-10,2019071001005183,MDB,22,33,61,235.00,"14,335.00"
2019-07-10,2019071001004822,MDB,22,28,39,235.00,"9,165.00"
2019-07-10,2019071001005175,MEGA,32,25,500,212.00,"106,000.00"
2019-07-10,2019071001005174,MEGA,32,34,"1,000",212.00,"212,000.00"
2019-07-10,2019071001005173,MEGA,32,8,200,212.00,"42,400.00"
2019-07-10,2019071001005172,MEGA,32,57,100,212.00,"21,200.00"
2019-07-10,2019071001005171,MEGA,32,42,500,212.00,"106,000.00"
2019-07-10,2019071001005170,MEGA,32,25,"2,000",212.00,"424,000.00"
2019-07-10,2019071001004777,MEGA,14,42,131,211.00,"27,641.00"
2019-07-10,2019071001004882,MEGA,16,7,104,211.00,"21,944.00"
2019-07-10,2019071001004817,MEGA,16,7,109,211.00,"22,999.00"
2019-07-10,2019071001004806,MEGA,34,55,100,212.00,"21,200.00"
2019-07-10,2019071001004781,MEGA,16,36,104,211.00,"21,944.00"
2019-07-10,2019071001004779,MEGA,16,42,669,211.00,"141,159.00"
2019-07-10,2019071001004778,MEGA,25,42,200,211.00,"42,200.00"
2019-07-10,2019071001005042,MEGA,16,7,100,212.00,"21,200.00"
2019-07-10,2019071001005041,MEGA,16,6,250,212.00,"53,000.00"
2019-07-10,2019071001005040,MEGA,16,55,171,212.00,"36,252.00"
2019-07-10,2019071001005026,MEGA,16,39,"1,000",211.00,"211,000.00"
2019-07-10,2019071001005016,MEGA,32,55,100,212.00,"21,200.00"
2019-07-10,2019071001004923,MEGA,16,19,209,211.00,"44,099.00"
2019-07-10,2019071001005127,MEGA,8,39,"1,000",211.00,"211,000.00"
2019-07-10,2019071001005126,MEGA,16,39,805,211.00,"169,855.00"
2019-07-10,2019071001005046,MEGA,16,58,162,212.00,"34,344.00"
2019-07-10,2019071001005045,MEGA,16,38,230,212.00,"48,760.00"
2019-07-10,2019071001005044,MEGA,16,34,70,212.00,"14,840.00"
2019-07-10,2019071001005043,MEGA,16,45,"1,017",212.00,"215,604.00"
2019-07-10,2019071001005169,MEGA,32,14,500,212.00,"106,000.00"
2019-07-10,2019071001005168,MEGA,32,58,138,212.00,"29,256.00"
2019-07-10,2019071001005160,MEGA,39,42,"1,000",211.00,"211,000.00"
2019-07-10,2019071001005130,MEGA,39,39,"2,311",211.00,"487,621.00"
2019-07-10,2019071001005129,MEGA,57,39,200,211.00,"42,200.00"
2019-07-10,2019071001005128,MEGA,22,39,100,211.00,"21,100.00"
2019-07-10,2019071001005167,MERO,52,38,35,516.00,"18,060.00"
2019-07-10,2019071001005099,MERO,6,50,60,515.00,"30,900.00"
2019-07-10,2019071001005098,MERO,7,50,10,516.00,"5,160.00"
2019-07-10,2019071001004996,MERO,7,26,10,516.00,"5,160.00"
2019-07-10,2019071001004791,MERO,6,37,18,515.00,"9,270.00"
2019-07-10,2019071001005258,MHNL,45,28,40,105.00,"4,200.00"
2019-07-10,2019071001004838,MHNL,45,28,40,105.00,"4,200.00"
2019-07-10,2019071001005200,MLBBL,37,48,50,400.00,"20,000.00"
2019-07-10,2019071001004864,MLBBL,37,7,16,400.00,"6,400.00"
2019-07-10,2019071001004825,MLBBL,37,34,96,400.00,"38,400.00"
2019-07-10,2019071001004824,MLBBL,17,34,50,400.00,"20,000.00"
2019-07-10,2019071001004823,MLBBL,58,34,15,401.00,"6,015.00"
2019-07-10,2019071001005070,MNBBL,5,21,100,362.00,"36,200.00"
2019-07-10,2019071001005069,MNBBL,25,21,793,362.00,"287,066.00"
2019-07-10,2019071001004853,MNBBL,29,7,18,363.00,"6,534.00"
2019-07-10,2019071001004852,MNBBL,29,7,19,363.00,"6,897.00"
2019-07-10,2019071001004851,MNBBL,29,7,19,363.00,"6,897.00"
2019-07-10,2019071001004850,MNBBL,26,7,10,363.00,"3,630.00"
2019-07-10,2019071001004945,MNBBL,25,40,207,362.00,"74,934.00"
2019-07-10,2019071001004944,MNBBL,39,40,10,363.00,"3,630.00"
2019-07-10,2019071001004943,MNBBL,29,40,19,363.00,"6,897.00"
2019-07-10,2019071001004911,MNBBL,29,40,19,363.00,"6,897.00"
2019-07-10,2019071001004910,MNBBL,25,40,132,363.00,"47,916.00"
2019-07-10,2019071001005161,MSLB,5,34,16,878.00,"14,048.00"
2019-07-10,2019071001005004,MSLB,5,34,10,878.00,"8,780.00"
2019-07-10,2019071001005228,NABIL,41,33,35,811.00,"28,385.00"
2019-07-10,2019071001004988,NABIL,41,57,50,811.00,"40,550.00"
2019-07-10,2019071001004931,NABIL,5,21,30,815.00,"24,450.00"
2019-07-10,2019071001004930,NABIL,5,11,80,814.00,"65,120.00"
2019-07-10,2019071001004929,NABIL,5,4,20,814.00,"16,280.00"
2019-07-10,2019071001004928,NABIL,5,22,50,813.00,"40,650.00"
2019-07-10,2019071001004927,NABIL,5,41,20,813.00,"16,260.00"
2019-07-10,2019071001004866,NABIL,59,22,10,813.00,"8,130.00"
2019-07-10,2019071001004865,NABIL,59,5,10,812.00,"8,120.00"
2019-07-10,2019071001005264,NADEP,34,42,15,402.00,"6,030.00"
2019-07-10,2019071001005263,NADEP,34,42,485,402.00,"194,970.00"
2019-07-10,2019071001005252,NADEP,34,16,515,402.00,"207,030.00"
2019-07-10,2019071001005213,NADEP,28,16,500,403.00,"201,500.00"
2019-07-10,2019071001005212,NADEP,56,16,40,403.00,"16,120.00"
2019-07-10,2019071001005211,NADEP,48,16,20,403.00,"8,060.00"
2019-07-10,2019071001004913,NADEP,32,16,500,406.00,"203,000.00"
2019-07-10,2019071001004912,NADEP,38,16,20,406.00,"8,120.00"
2019-07-10,2019071001005191,NADEP,45,16,60,404.00,"24,240.00"
2019-07-10,2019071001005134,NADEP,21,16,100,405.00,"40,500.00"
2019-07-10,2019071001005123,NADEP,41,16,20,405.00,"8,100.00"
2019-07-10,2019071001005122,NADEP,5,16,130,405.00,"52,650.00"
2019-07-10,2019071001004914,NADEP,32,16,100,406.00,"40,600.00"
2019-07-10,2019071001005218,NBB,6,13,123,219.00,"26,937.00"
2019-07-10,2019071001005125,NBB,58,48,403,218.00,"87,854.00"
2019-07-10,2019071001005124,NBB,6,48,97,219.00,"21,243.00"
2019-07-10,2019071001004868,NBB,19,22,100,219.00,"21,900.00"
2019-07-10,2019071001004780,NBB,25,22,200,219.00,"43,800.00"
2019-07-10,2019071001004952,NBB,58,19,404,218.00,"88,072.00"
2019-07-10,2019071001004877,NBB,25,22,200,219.00,"43,800.00"
2019-07-10,2019071001005074,NBB,6,52,"1,243",219.00,"272,217.00"
2019-07-10,2019071001005073,NBB,6,22,"4,660",219.00,"1,020,540.00"
2019-07-10,2019071001005271,NBL,33,50,100,338.00,"33,800.00"
2019-07-10,2019071001005235,NBL,47,58,500,337.00,"168,500.00"
2019-07-10,2019071001005101,NBL,47,47,100,337.00,"33,700.00"
2019-07-10,2019071001004973,NBL,17,50,500,338.00,"169,000.00"
2019-07-10,2019071001004939,NBL,17,50,260,338.00,"87,880.00"
2019-07-10,2019071001004938,NBL,17,19,240,338.00,"81,120.00"
2019-07-10,2019071001004897,NBL,47,49,66,337.00,"22,242.00"
2019-07-10,2019071001004896,NBL,50,49,34,337.00,"11,458.00"
2019-07-10,2019071001004845,NBL,50,1,16,337.00,"5,392.00"
2019-07-10,2019071001004844,NBL,34,1,384,337.00,"129,408.00"
2019-07-10,2019071001004826,NBL,34,50,"2,000",337.00,"674,000.00"
2019-07-10,2019071001004795,NBL,34,6,64,337.00,"21,568.00"
2019-07-10,2019071001005109,NCCB,51,51,168,245.00,"41,160.00"
2019-07-10,2019071001005035,NCCB,51,7,332,245.00,"81,340.00"
2019-07-10,2019071001005034,NCCB,32,7,300,245.00,"73,500.00"
2019-07-10,2019071001005033,NCCB,1,7,369,245.00,"90,405.00"
2019-07-10,2019071001004991,NCCB,50,51,300,246.00,"73,800.00"
2019-07-10,2019071001004964,NCCB,1,8,31,245.00,"7,595.00"
2019-07-10,2019071001004856,NCCB,29,35,100,246.00,"24,600.00"
2019-07-10,2019071001004855,NCCB,29,35,47,246.00,"11,562.00"
2019-07-10,2019071001004788,NCCB,29,6,53,246.00,"13,038.00"
2019-07-10,2019071001004787,NCCB,29,6,100,246.00,"24,600.00"
2019-07-10,2019071001004963,NCCB,19,8,100,245.00,"24,500.00"
2019-07-10,2019071001004962,NCCB,58,8,170,245.00,"41,650.00"
2019-07-10,2019071001004893,NCCB,59,51,300,246.00,"73,800.00"
2019-07-10,2019071001004892,NCCB,25,51,200,246.00,"49,200.00"
2019-07-10,2019071001004891,NCCB,29,51,47,246.00,"11,562.00"
2019-07-10,2019071001004857,NCCB,29,35,53,246.00,"13,038.00"
2019-07-10,2019071001005208,NEF,32,56,"1,967",7.85,"15,440.95"
2019-07-10,2019071001005150,NEF,28,56,"2,000",7.90,"15,800.00"
2019-07-10,2019071001005149,NEF,49,56,"1,500",7.91,"11,865.00"
2019-07-10,2019071001005148,NEF,25,56,"2,119",7.92,"16,782.48"
2019-07-10,2019071001005147,NEF,32,56,"2,414",7.93,"19,143.02"
2019-07-10,2019071001005075,NEF,25,21,"1,127",7.92,"8,925.84"
2019-07-10,2019071001005018,NEF,25,21,"1,127",7.92,"8,925.84"
2019-07-10,2019071001005003,NEF,25,21,627,7.92,"4,965.84"
2019-07-10,2019071001005002,NEF,45,21,500,8.00,"4,000.00"
2019-07-10,2019071001005060,NHPC,40,56,100,64.00,"6,400.00"
2019-07-10,2019071001005059,NHPC,28,56,"5,000",64.00,"320,000.00"
2019-07-10,2019071001005058,NHPC,34,56,"2,000",64.00,"128,000.00"
2019-07-10,2019071001005057,NHPC,21,56,"1,000",64.00,"64,000.00"
2019-07-10,2019071001005056,NHPC,57,56,200,64.00,"12,800.00"
2019-07-10,2019071001005055,NHPC,56,56,245,64.00,"15,680.00"
2019-07-10,2019071001005054,NHPC,42,56,"1,000",64.00,"64,000.00"
2019-07-10,2019071001004986,NHPC,42,33,"1,000",64.00,"64,000.00"
2019-07-10,2019071001004985,NHPC,39,33,500,64.00,"32,000.00"
2019-07-10,2019071001005249,NIB,32,32,60,512.00,"30,720.00"
2019-07-10,2019071001005248,NIB,45,32,10,513.00,"5,130.00"
2019-07-10,2019071001005247,NIB,45,32,10,513.00,"5,130.00"
2019-07-10,2019071001005246,NIB,14,32,20,513.00,"10,260.00"
2019-07-10,2019071001005245,NIB,38,32,100,513.00,"51,300.00"
2019-07-10,2019071001005244,NIB,42,32,42,513.00,"21,546.00"
2019-07-10,2019071001004816,NIB,45,10,87,513.00,"44,631.00"
2019-07-10,2019071001005115,NIB,42,43,71,513.00,"36,423.00"
2019-07-10,2019071001004993,NIB,42,17,400,513.00,"205,200.00"
2019-07-10,2019071001004992,NIB,1,17,100,513.00,"51,300.00"
2019-07-10,2019071001004960,NIB,32,4,33,512.00,"16,896.00"
2019-07-10,2019071001004921,NIB,29,10,113,513.00,"57,969.00"
2019-07-10,2019071001004849,NIB,32,7,19,512.00,"9,728.00"
2019-07-10,2019071001004977,NIBPO,36,32,900,468.00,"421,200.00"
2019-07-10,2019071001004976,NIBPO,1,32,300,468.00,"140,400.00"
2019-07-10,2019071001004975,NIBPO,56,32,300,468.00,"140,400.00"
2019-07-10,2019071001004974,NIBPO,32,32,500,469.00,"234,500.00"
2019-07-10,2019071001004880,NIBPO,11,49,100,469.00,"46,900.00"
2019-07-10,2019071001004805,NIBPO,32,19,100,470.00,"47,000.00"
2019-07-10,2019071001004932,NICA,43,55,200,445.00,"89,000.00"
2019-07-10,2019071001004789,NICA,22,28,42,444.00,"18,648.00"
2019-07-10,2019071001005143,NICL,28,20,20,353.00,"7,060.00"
2019-07-10,2019071001004936,NICL,6,25,74,351.00,"25,974.00"
2019-07-10,2019071001004935,NICL,6,25,226,351.00,"79,326.00"
2019-07-10,2019071001004843,NICL,6,16,"1,500",352.00,"528,000.00"
2019-07-10,2019071001004818,NICL,6,16,500,352.00,"176,000.00"
2019-07-10,2019071001005159,NIL,22,46,308,489.00,"150,612.00"
2019-07-10,2019071001005118,NIL,22,16,150,487.00,"73,050.00"
2019-07-10,2019071001005117,NIL,22,43,417,487.00,"203,079.00"
2019-07-10,2019071001004966,NIL,22,29,35,486.00,"17,010.00"
2019-07-10,2019071001004965,NIL,22,39,90,486.00,"43,740.00"
2019-07-10,2019071001005201,NLBBL,21,50,43,481.00,"20,683.00"
2019-07-10,2019071001004839,NLBBL,21,7,18,481.00,"8,658.00"
2019-07-10,2019071001005242,NLG,35,41,10,730.00,"7,300.00"
2019-07-10,2019071001005241,NLG,35,48,20,728.00,"14,560.00"
2019-07-10,2019071001005240,NLG,35,4,96,727.00,"69,792.00"
2019-07-10,2019071001005239,NLG,35,6,46,725.00,"33,350.00"
2019-07-10,2019071001005238,NLG,35,53,50,725.00,"36,250.00"
2019-07-10,2019071001005237,NLG,35,52,50,724.00,"36,200.00"
2019-07-10,2019071001005100,NLG,16,53,50,725.00,"36,250.00"
2019-07-10,2019071001004871,NLG,35,42,50,721.00,"36,050.00"
2019-07-10,2019071001004793,NLG,35,26,63,721.00,"45,423.00"
2019-07-10,2019071001004792,NLG,26,26,38,722.00,"27,436.00"
2019-07-10,2019071001005253,NLIC,17,28,100,891.00,"89,100.00"
2019-07-10,2019071001005112,NLIC,34,28,470,890.00,"418,300.00"
2019-07-10,2019071001005071,NLIC,34,28,500,890.00,"445,000.00"
2019-07-10,2019071001004979,NLIC,34,28,500,890.00,"445,000.00"
2019-07-10,2019071001005190,NLICL,16,5,195,572.00,"111,540.00"
2019-07-10,2019071001005189,NLICL,14,5,30,573.00,"17,190.00"
2019-07-10,2019071001005188,NLICL,28,5,50,573.00,"28,650.00"
2019-07-10,2019071001005187,NLICL,1,5,10,573.00,"5,730.00"
2019-07-10,2019071001005186,NLICL,45,5,20,574.00,"11,480.00"
2019-07-10,2019071001005185,NLICL,5,5,77,574.00,"44,198.00"
2019-07-10,2019071001005184,NLICL,14,5,30,575.00,"17,250.00"
2019-07-10,2019071001005177,NLICL,14,43,70,575.00,"40,250.00"
2019-07-10,2019071001005176,NLICL,26,43,110,575.00,"63,250.00"
2019-07-10,2019071001004980,NLICL,49,49,"9,000",574.00,"5,166,000.00"
2019-07-10,2019071001004920,NLICL,26,48,65,575.00,"37,375.00"
2019-07-10,2019071001004840,NMBMF,57,41,15,988.00,"14,820.00"
2019-07-10,2019071001004814,NMBMF,57,26,35,988.00,"34,580.00"
2019-07-10,2019071001005025,NMFBS,33,44,10,"1,453.00","14,530.00"
2019-07-10,2019071001005024,NMFBS,33,17,18,"1,452.00","26,136.00"
2019-07-10,2019071001005023,NMFBS,33,34,19,"1,450.00","27,550.00"
2019-07-10,2019071001005022,NMFBS,33,36,47,"1,430.00","67,210.00"
2019-07-10,2019071001005270,NTC,37,4,10,686.00,"6,860.00"
2019-07-10,2019071001005209,NTC,37,4,10,686.00,"6,860.00"
2019-07-10,2019071001005111,NTC,28,4,20,700.00,"14,000.00"
2019-07-10,2019071001004957,NTC,26,50,500,686.00,"343,000.00"
2019-07-10,2019071001004956,NTC,34,50,50,687.00,"34,350.00"
2019-07-10,2019071001004955,NTC,49,50,50,687.00,"34,350.00"
2019-07-10,2019071001004954,NTC,35,50,50,688.00,"34,400.00"
2019-07-10,2019071001005096,NTC,28,25,200,697.00,"139,400.00"
2019-07-10,2019071001005095,NTC,28,34,210,694.00,"145,740.00"
2019-07-10,2019071001004959,NTC,37,50,200,686.00,"137,200.00"
2019-07-10,2019071001004958,NTC,51,50,150,686.00,"102,900.00"
2019-07-10,2019071001005196,OHL,45,14,100,610.00,"61,000.00"
2019-07-10,2019071001005251,PIC,7,42,11,484.00,"5,324.00"
2019-07-10,2019071001005250,PIC,7,51,89,484.00,"43,076.00"
2019-07-10,2019071001005029,PIC,52,51,11,484.00,"5,324.00"
2019-07-10,2019071001004937,PIC,43,51,79,484.00,"38,236.00"
2019-07-10,2019071001004846,PIC,8,44,90,483.00,"43,470.00"
2019-07-10,2019071001005202,PMHPL,59,21,10,102.00,"1,020.00"
2019-07-10,2019071001005146,PMHPL,59,21,10,102.00,"1,020.00"
2019-07-10,2019071001005120,PMHPL,59,21,10,102.00,"1,020.00"
2019-07-10,2019071001005028,PMHPL,59,21,10,102.00,"1,020.00"
2019-07-10,2019071001005014,PMHPL,13,28,10,103.00,"1,030.00"
2019-07-10,2019071001005000,PMHPL,59,21,10,102.00,"1,020.00"
2019-07-10,2019071001005222,PPCL,36,21,30,136.00,"4,080.00"
2019-07-10,2019071001004801,PPCL,58,50,20,136.00,"2,720.00"
2019-07-10,2019071001004800,PPCL,58,16,469,136.00,"63,784.00"
2019-07-10,2019071001004794,PPCL,38,19,100,135.00,"13,500.00"
2019-07-10,2019071001004978,PRIN,35,25,200,364.00,"72,800.00"
2019-07-10,2019071001004967,PRIN,29,25,125,364.00,"45,500.00"
2019-07-10,2019071001004785,PRIN,28,36,54,363.00,"19,602.00"
2019-07-10,2019071001005093,PRVU,17,16,200,260.00,"52,000.00"
2019-07-10,2019071001005036,PRVU,57,28,100,261.00,"26,100.00"
2019-07-10,2019071001004917,PRVU,17,16,559,260.00,"145,340.00"
2019-07-10,2019071001004916,PRVU,45,16,200,260.00,"52,000.00"
2019-07-10,2019071001004915,PRVU,8,16,741,260.00,"192,660.00"
2019-07-10,2019071001004804,PRVU,8,14,259,260.00,"67,340.00"
2019-07-10,2019071001004803,PRVU,19,14,60,260.00,"15,600.00"
2019-07-10,2019071001004802,PRVU,34,14,681,260.00,"177,060.00"
2019-07-10,2019071001004784,PRVU,34,32,200,260.00,"52,000.00"
2019-07-10,2019071001005179,RBCL,42,32,21,"9,300.00","195,300.00"
2019-07-10,2019071001005178,RBCL,45,32,10,"9,300.00","93,000.00"
2019-07-10,2019071001005102,RLFL,25,17,100,120.00,"12,000.00"
2019-07-10,2019071001005032,RRHP,17,34,10,108.00,"1,080.00"
2019-07-10,2019071001004990,RRHP,59,38,10,110.00,"1,100.00"
2019-07-10,2019071001004885,RRHP,17,28,10,108.00,"1,080.00"
2019-07-10,2019071001005091,RSDC,16,5,24,337.00,"8,088.00"
2019-07-10,2019071001005090,RSDC,22,5,39,338.00,"13,182.00"
2019-07-10,2019071001004884,RSDC,22,16,281,338.00,"94,978.00"
2019-07-10,2019071001004883,RSDC,17,16,67,338.00,"22,646.00"
2019-07-10,2019071001004862,RSDC,53,16,27,339.00,"9,153.00"
2019-07-10,2019071001004860,RSDC,53,34,204,339.00,"69,156.00"
2019-07-10,2019071001004861,SADBL,55,58,200,160.00,"32,000.00"
2019-07-10,2019071001005233,SANIMA,49,28,280,342.00,"95,760.00"
2019-07-10,2019071001005232,SANIMA,47,28,500,342.00,"171,000.00"
2019-07-10,2019071001005231,SANIMA,14,28,20,342.00,"6,840.00"
2019-07-10,2019071001005230,SANIMA,58,28,200,343.00,"68,600.00"
2019-07-10,2019071001005229,SANIMA,6,28,400,343.00,"137,200.00"
2019-07-10,2019071001005077,SANIMA,55,28,500,345.00,"172,500.00"
2019-07-10,2019071001005119,SBI,17,45,50,460.00,"23,000.00"
2019-07-10,2019071001004872,SBI,26,25,121,465.00,"56,265.00"
2019-07-10,2019071001004775,SBI,48,52,150,460.00,"69,000.00"
2019-07-10,2019071001005206,SBL,28,38,10,313.00,"3,130.00"
2019-07-10,2019071001005205,SBL,57,38,90,314.00,"28,260.00"
2019-07-10,2019071001005131,SBL,57,16,25,314.00,"7,850.00"
2019-07-10,2019071001005067,SBL,28,25,386,313.00,"120,818.00"
2019-07-10,2019071001005066,SBL,58,25,200,313.00,"62,600.00"
2019-07-10,2019071001005065,SBL,26,25,200,313.00,"62,600.00"
2019-07-10,2019071001005064,SBL,32,25,214,313.00,"66,982.00"
2019-07-10,2019071001005015,SBL,32,19,320,313.00,"100,160.00"
2019-07-10,2019071001005009,SBL,32,38,210,313.00,"65,730.00"
2019-07-10,2019071001004933,SBL,17,16,200,314.00,"62,800.00"
2019-07-10,2019071001004906,SCB,33,28,26,662.00,"17,212.00"
2019-07-10,2019071001004881,SCB,11,21,10,669.00,"6,690.00"
2019-07-10,2019071001004830,SCB,42,45,50,670.00,"33,500.00"
2019-07-10,2019071001004829,SCB,42,34,50,670.00,"33,500.00"
2019-07-10,2019071001005207,SCB,14,11,63,669.00,"42,147.00"
2019-07-10,2019071001005262,SDESI,57,43,201,545.00,"109,545.00"
2019-07-10,2019071001005261,SDESI,57,39,13,545.00,"7,085.00"
2019-07-10,2019071001005260,SDESI,57,17,23,544.00,"12,512.00"
2019-07-10,2019071001005094,SDESI,19,16,25,541.00,"13,525.00"
2019-07-10,2019071001005047,SDESI,58,16,100,542.00,"54,200.00"
2019-07-10,2019071001005197,SHIVM,19,34,100,601.00,"60,100.00"
2019-07-10,2019071001005142,SHIVM,59,33,50,602.00,"30,100.00"
2019-07-10,2019071001005141,SHIVM,57,42,500,600.00,"300,000.00"
2019-07-10,2019071001005049,SHIVM,10,40,50,601.00,"30,050.00"
2019-07-10,2019071001005012,SHIVM,45,40,950,601.00,"570,950.00"
2019-07-10,2019071001005007,SHIVM,45,32,50,601.00,"30,050.00"
2019-07-10,2019071001004876,SHIVM,17,34,"1,000",601.00,"601,000.00"
2019-07-10,2019071001004875,SHIVM,59,34,50,601.00,"30,050.00"
2019-07-10,2019071001004874,SHIVM,50,34,100,601.00,"60,100.00"
2019-07-10,2019071001004873,SHIVM,32,34,50,601.00,"30,050.00"
2019-07-10,2019071001004847,SHIVM,59,34,30,602.00,"18,060.00"
2019-07-10,2019071001005221,SHPC,25,39,150,247.00,"37,050.00"
2019-07-10,2019071001005220,SHPC,40,39,250,247.00,"61,750.00"
2019-07-10,2019071001005139,SHPC,40,34,"1,250",247.00,"308,750.00"
2019-07-10,2019071001005138,SHPC,47,34,240,248.00,"59,520.00"
2019-07-10,2019071001005137,SHPC,47,34,300,248.00,"74,400.00"
2019-07-10,2019071001005136,SHPC,47,34,700,248.00,"173,600.00"
2019-07-10,2019071001005199,SIC,21,7,20,610.00,"12,200.00"
2019-07-10,2019071001004953,SIC,39,44,110,607.00,"66,770.00"
2019-07-10,2019071001004812,SIC,39,14,28,607.00,"16,996.00"
2019-07-10,2019071001005121,SIFC,34,19,504,154.00,"77,616.00"
2019-07-10,2019071001004879,SIL,34,16,85,446.00,"37,910.00"
2019-07-10,2019071001004854,SIL,34,16,320,446.00,"142,720.00"
2019-07-10,2019071001004783,SIL,59,13,139,447.00,"62,133.00"
2019-07-10,2019071001004782,SIL,34,13,30,447.00,"13,410.00"
2019-07-10,2019071001004786,SINDU,59,4,10,138.00,"1,380.00"
2019-07-10,2019071001005031,SLBSL,11,49,40,535.00,"21,400.00"
2019-07-10,2019071001005030,SLBSL,11,35,10,531.00,"5,310.00"
2019-07-10,2019071001005113,SLICL,59,43,10,458.00,"4,580.00"
2019-07-10,2019071001005006,SLICL,42,48,128,452.00,"57,856.00"
2019-07-10,2019071001005005,SLICL,59,48,10,454.00,"4,540.00"
2019-07-10,2019071001004815,SLICL,21,6,60,454.00,"27,240.00"
2019-07-10,2019071001004797,SLICL,42,13,200,452.00,"90,400.00"
2019-07-10,2019071001005079,SMATA,54,34,12,"1,104.00","13,248.00"
2019-07-10,2019071001005219,SRBL,38,28,577,252.00,"145,404.00"
2019-07-10,2019071001004907,SRBL,38,11,211,252.00,"53,172.00"
2019-07-10,2019071001004878,SRBL,21,11,387,252.00,"97,524.00"
2019-07-10,2019071001004828,SRBL,21,11,113,252.00,"28,476.00"
2019-07-10,2019071001004827,SRBL,49,11,51,252.00,"12,852.00"
2019-07-10,2019071001005259,SWBBL,49,57,25,875.00,"21,875.00"
2019-07-10,2019071001005193,SWBBL,49,44,800,875.00,"700,000.00"
2019-07-10,2019071001005088,SWBBL,49,44,84,875.00,"73,500.00"
2019-07-10,2019071001005087,SWBBL,49,44,447,875.00,"391,125.00"
2019-07-10,2019071001005019,SWBBL,49,46,382,875.00,"334,250.00"
2019-07-10,2019071001004934,SWBBL,49,10,171,875.00,"149,625.00"
2019-07-10,2019071001004888,SWBBL,41,44,500,876.00,"438,000.00"
2019-07-10,2019071001004887,SWBBL,28,44,669,876.00,"586,044.00"
2019-07-10,2019071001004886,SWBBL,45,44,300,877.00,"263,100.00"
2019-07-10,2019071001004790,TRH,35,36,10,312.00,"3,120.00"
2019-07-10,2019071001005269,UPPER,13,5,"1,500",267.00,"400,500.00"
2019-07-10,2019071001005268,UPPER,16,5,546,267.00,"145,782.00"
2019-07-10,2019071001005166,UPPER,25,51,14,268.00,"3,752.00"
2019-07-10,2019071001005158,UPPER,25,51,24,268.00,"6,432.00"
2019-07-10,2019071001005157,UPPER,25,21,25,268.00,"6,700.00"
2019-07-10,2019071001004941,UPPER,16,21,40,267.00,"10,680.00"
2019-07-10,2019071001004918,UPPER,16,21,40,267.00,"10,680.00"
2019-07-10,2019071001004904,UPPER,16,8,334,267.00,"89,178.00"
2019-07-10,2019071001004903,UPPER,59,8,66,267.00,"17,622.00"
2019-07-10,2019071001004889,UPPER,59,21,50,267.00,"13,350.00"
2019-07-10,2019071001005156,UPPER,25,40,36,268.00,"9,648.00"
2019-07-10,2019071001005155,UPPER,25,21,25,268.00,"6,700.00"
2019-07-10,2019071001005154,UPPER,25,21,40,268.00,"10,720.00"
2019-07-10,2019071001005153,UPPER,25,21,50,268.00,"13,400.00"
2019-07-10,2019071001005104,UPPER,16,34,40,267.00,"10,680.00"
2019-07-10,2019071001004841,VLBS,6,41,100,476.00,"47,600.00"
2019-07-10,2019071001004770,ADBL,57,35,59,407.00,"24,013.00"
2019-07-10,2019071001004769,ADBL,57,45,40,407.00,"16,280.00"
2019-07-10,2019071001004753,ADBL,49,6,537,406.00,"218,022.00"
2019-07-10,2019071001004681,ADBL,35,45,460,407.00,"187,220.00"
2019-07-10,2019071001004680,ADBL,35,48,200,407.00,"81,400.00"
2019-07-10,2019071001004679,ADBL,35,33,340,407.00,"138,380.00"
2019-07-10,2019071001004678,ADBL,48,33,60,407.00,"24,420.00"
2019-07-10,2019071001004512,ADBL,49,45,226,406.00,"91,756.00"
2019-07-10,2019071001004511,ADBL,22,45,174,406.00,"70,644.00"
2019-07-10,2019071001004542,AHPC,45,32,100,106.00,"10,600.00"
2019-07-10,2019071001004541,AHPC,45,3,900,106.00,"95,400.00"
2019-07-10,2019071001004540,AHPC,45,42,"1,000",106.00,"106,000.00"
2019-07-10,2019071001004539,AHPC,45,19,"2,000",106.00,"212,000.00"
2019-07-10,2019071001004348,AHPC,45,41,207,105.00,"21,735.00"
2019-07-10,2019071001004767,AKJCL,55,22,470,70.00,"32,900.00"
2019-07-10,2019071001004766,AKJCL,55,17,10,70.00,700.00
2019-07-10,2019071001004765,AKJCL,55,17,10,70.00,700.00
2019-07-10,2019071001004764,AKJCL,55,17,10,70.00,700.00
2019-07-10,2019071001004445,AKJCL,55,22,90,69.00,"6,210.00"
2019-07-10,2019071001004444,AKJCL,39,22,100,69.00,"6,900.00"
2019-07-10,2019071001004443,AKJCL,56,22,150,69.00,"10,350.00"
2019-07-10,2019071001004442,AKJCL,58,22,100,69.00,"6,900.00"
2019-07-10,2019071001004441,AKJCL,42,22,10,69.00,690.00
2019-07-10,2019071001004426,AKJCL,17,22,50,70.00,"3,500.00"
2019-07-10,2019071001004747,AKPL,57,44,551,182.00,"100,282.00"
2019-07-10,2019071001004746,AKPL,57,44,349,182.00,"63,518.00"
2019-07-10,2019071001004738,AKPL,57,14,500,181.00,"90,500.00"
2019-07-10,2019071001004693,API,25,16,18,143.00,"2,574.00"
2019-07-10,2019071001004505,API,39,16,900,141.00,"126,900.00"
2019-07-10,2019071001004504,API,25,16,500,141.00,"70,500.00"
2019-07-10,2019071001004487,API,25,16,96,141.00,"13,536.00"
2019-07-10,2019071001004479,API,25,16,500,141.00,"70,500.00"
2019-07-10,2019071001004384,API,34,16,100,141.00,"14,100.00"
2019-07-10,2019071001004377,API,47,16,100,141.00,"14,100.00"
2019-07-10,2019071001004376,API,22,16,186,141.00,"26,226.00"
2019-07-10,2019071001004367,API,26,16,100,142.00,"14,200.00"
2019-07-10,2019071001004383,API,48,16,300,141.00,"42,300.00"
2019-07-10,2019071001004382,API,47,16,200,141.00,"28,200.00"
2019-07-10,2019071001004381,API,35,16,50,141.00,"7,050.00"
2019-07-10,2019071001004380,API,14,16,100,141.00,"14,100.00"
2019-07-10,2019071001004379,API,42,16,800,141.00,"112,800.00"
2019-07-10,2019071001004378,API,45,16,200,141.00,"28,200.00"
2019-07-10,2019071001004694,BOKL,17,17,35,257.00,"8,995.00"
2019-07-10,2019071001004494,BOKL,17,32,165,257.00,"42,405.00"
2019-07-10,2019071001004493,BOKL,7,32,20,257.00,"5,140.00"
2019-07-10,2019071001004492,BOKL,5,32,15,257.00,"3,855.00"
2019-07-10,2019071001004735,BPCL,20,28,33,408.00,"13,464.00"
2019-07-10,2019071001004734,BPCL,20,49,33,408.00,"13,464.00"
2019-07-10,2019071001004733,BPCL,20,28,33,408.00,"13,464.00"
2019-07-10,2019071001004732,BPCL,20,28,11,408.00,"4,488.00"
2019-07-10,2019071001004514,BPCL,20,38,187,408.00,"76,296.00"
2019-07-10,2019071001004513,BPCL,20,38,103,408.00,"42,024.00"
2019-07-10,2019071001004587,CBBL,4,53,80,947.00,"75,760.00"
2019-07-10,2019071001004756,CBL,28,42,500,157.00,"78,500.00"
2019-07-10,2019071001004706,CBL,44,41,200,158.00,"31,600.00"
2019-07-10,2019071001004557,CBL,56,41,100,158.00,"15,800.00"
2019-07-10,2019071001004556,CBL,28,38,839,157.00,"131,723.00"
2019-07-10,2019071001004458,CBL,28,59,500,157.00,"78,500.00"
2019-07-10,2019071001004446,CBL,28,58,"2,000",157.00,"314,000.00"
2019-07-10,2019071001004285,CBL,3,36,900,157.00,"141,300.00"
2019-07-10,2019071001004562,CCBL,39,45,100,177.00,"17,700.00"
2019-07-10,2019071001004534,CCBL,56,45,100,177.00,"17,700.00"
2019-07-10,2019071001004427,CCBL,49,39,500,176.00,"88,000.00"
2019-07-10,2019071001004399,CCBL,49,26,313,176.00,"55,088.00"
2019-07-10,2019071001004296,CCBL,38,26,300,176.00,"52,800.00"
2019-07-10,2019071001004295,CCBL,45,26,877,176.00,"154,352.00"
2019-07-10,2019071001004561,CHCL,59,10,300,511.00,"153,300.00"
2019-07-10,2019071001004437,CHCL,42,17,89,512.00,"45,568.00"
2019-07-10,2019071001004436,CHCL,42,17,114,511.00,"58,254.00"
2019-07-10,2019071001004409,CHCL,8,42,203,510.00,"103,530.00"
2019-07-10,2019071001004640,CHL,26,49,32,90.00,"2,880.00"
2019-07-10,2019071001004639,CHL,26,37,10,90.00,900.00
2019-07-10,2019071001004638,CHL,26,37,10,90.00,900.00
2019-07-10,2019071001004637,CHL,26,41,34,88.00,"2,992.00"
2019-07-10,2019071001004636,CHL,26,41,34,88.00,"2,992.00"
2019-07-10,2019071001004691,CIT,42,5,125,"2,430.00","303,750.00"
2019-07-10,2019071001004690,CIT,28,5,20,"2,431.00","48,620.00"
2019-07-10,2019071001004689,CIT,51,5,99,"2,431.00","240,669.00"
2019-07-10,2019071001004688,CIT,1,5,10,"2,432.00","24,320.00"
2019-07-10,2019071001004687,CIT,46,5,20,"2,432.00","48,640.00"
2019-07-10,2019071001004592,CLBSL,52,54,10,498.00,"4,980.00"
2019-07-10,2019071001004591,CLBSL,22,54,10,498.00,"4,980.00"
2019-07-10,2019071001004590,CLBSL,10,54,41,498.00,"20,418.00"
2019-07-10,2019071001004425,CMF1,17,42,100,9.35,935.00
2019-07-10,2019071001004669,CZBIL,43,44,36,223.00,"8,028.00"
2019-07-10,2019071001004668,CZBIL,43,17,550,223.00,"122,650.00"
2019-07-10,2019071001004423,CZBIL,28,45,296,222.00,"65,712.00"
2019-07-10,2019071001004491,DBBL,14,34,60,142.00,"8,520.00"
2019-07-10,2019071001004699,DDBL,4,34,53,723.00,"38,319.00"
2019-07-10,2019071001004698,DDBL,4,11,50,723.00,"36,150.00"
2019-07-10,2019071001004697,DDBL,4,58,249,723.00,"180,027.00"
2019-07-10,2019071001004696,DDBL,4,1,200,722.00,"144,400.00"
2019-07-10,2019071001004695,DDBL,4,43,40,722.00,"28,880.00"
2019-07-10,2019071001004451,DDBL,41,58,251,723.00,"181,473.00"
2019-07-10,2019071001004450,DDBL,41,42,99,722.00,"71,478.00"
2019-07-10,2019071001004449,DDBL,41,42,50,722.00,"36,100.00"
2019-07-10,2019071001004448,DDBL,41,11,100,722.00,"72,200.00"
2019-07-10,2019071001004579,EBL,4,34,129,664.00,"85,656.00"
2019-07-10,2019071001004578,EBL,4,13,50,662.00,"33,100.00"
2019-07-10,2019071001004577,EBL,4,7,100,662.00,"66,200.00"
2019-07-10,2019071001004576,EBL,4,36,20,660.00,"13,200.00"
2019-07-10,2019071001004523,EBL,59,36,266,661.00,"175,826.00"
2019-07-10,2019071001004510,EBL,59,36,234,661.00,"154,674.00"
2019-07-10,2019071001004509,EBL,59,56,266,661.00,"175,826.00"
2019-07-10,2019071001004350,EBL,35,32,51,659.00,"33,609.00"
2019-07-10,2019071001004572,FMDBL,21,49,240,380.00,"91,200.00"
2019-07-10,2019071001004564,FMDBL,35,49,150,380.00,"57,000.00"
2019-07-10,2019071001004675,FOWAD,41,44,15,"1,315.00","19,725.00"
2019-07-10,2019071001004648,GBBL,39,37,"2,174",222.00,"482,628.00"
2019-07-10,2019071001004610,GBBL,41,37,60,222.00,"13,320.00"
2019-07-10,2019071001004609,GBBL,28,37,"1,000",222.00,"222,000.00"
2019-07-10,2019071001004608,GBBL,38,37,146,222.00,"32,412.00"
2019-07-10,2019071001004607,GBBL,50,37,120,222.00,"26,640.00"
2019-07-10,2019071001004700,GBLBS,36,16,285,338.00,"96,330.00"
2019-07-10,2019071001004683,GBLBS,51,16,15,339.00,"5,085.00"
2019-07-10,2019071001004672,GBLBS,11,16,20,340.00,"6,800.00"
2019-07-10,2019071001004477,GBLBS,36,1,840,338.00,"283,920.00"
2019-07-10,2019071001004476,GBLBS,17,1,10,338.00,"3,380.00"
2019-07-10,2019071001004475,GBLBS,1,1,150,339.00,"50,850.00"
2019-07-10,2019071001004390,GBLBS,1,28,50,339.00,"16,950.00"
2019-07-10,2019071001004389,GBLBS,58,28,60,339.00,"20,340.00"
2019-07-10,2019071001004388,GBLBS,53,28,100,339.00,"33,900.00"
2019-07-10,2019071001004387,GBLBS,35,28,40,339.00,"13,560.00"
2019-07-10,2019071001004386,GBLBS,55,16,200,340.00,"68,000.00"
2019-07-10,2019071001004353,GBLBS,45,16,60,340.00,"20,400.00"
2019-07-10,2019071001004658,GDBL,48,4,386,212.00,"81,832.00"
2019-07-10,2019071001004657,GDBL,58,4,690,212.00,"146,280.00"
2019-07-10,2019071001004656,GDBL,58,4,"1,424",213.00,"303,312.00"
2019-07-10,2019071001004580,GDBL,58,20,480,213.00,"102,240.00"
2019-07-10,2019071001004529,GDBL,58,13,96,213.00,"20,448.00"
2019-07-10,2019071001004327,GDBL,58,19,"1,000",213.00,"213,000.00"
2019-07-10,2019071001004600,GILB,50,25,22,"1,295.00","28,490.00"
2019-07-10,2019071001004599,GILB,50,28,41,"1,290.00","52,890.00"
2019-07-10,2019071001004454,GILB,19,28,30,"1,290.00","38,700.00"
2019-07-10,2019071001004605,GLBSL,49,21,10,395.00,"3,950.00"
2019-07-10,2019071001004520,GLBSL,49,14,10,395.00,"3,950.00"
2019-07-10,2019071001004434,GLBSL,10,14,10,398.00,"3,980.00"
2019-07-10,2019071001004361,GLBSL,10,41,10,398.00,"3,980.00"
2019-07-10,2019071001004549,GMFBS,22,14,10,440.00,"4,400.00"
2019-07-10,2019071001004524,GMFBS,21,21,10,441.00,"4,410.00"
2019-07-10,2019071001004281,GMFBS,22,17,10,440.00,"4,400.00"
2019-07-10,2019071001004278,GMFBS,22,43,10,440.00,"4,400.00"
2019-07-10,2019071001004277,GMFBS,22,48,10,440.00,"4,400.00"
2019-07-10,2019071001004276,GMFBS,22,35,10,440.00,"4,400.00"
2019-07-10,2019071001004275,GMFBS,22,55,10,440.00,"4,400.00"
2019-07-10,2019071001004274,GMFBS,22,4,10,440.00,"4,400.00"
2019-07-10,2019071001004651,HBL,32,16,18,535.00,"9,630.00"
2019-07-10,2019071001004598,HBL,59,16,227,535.00,"121,445.00"
2019-07-10,2019071001004597,HBL,59,48,273,535.00,"146,055.00"
2019-07-10,2019071001004762,HDL,33,26,210,"1,660.00","348,600.00"
2019-07-10,2019071001004723,HDL,38,26,40,"1,660.00","66,400.00"
2019-07-10,2019071001004574,HDL,25,26,200,"1,660.00","332,000.00"
2019-07-10,2019071001004573,HDL,25,26,50,"1,660.00","83,000.00"
2019-07-10,2019071001004294,HDL,5,58,100,"1,660.00","166,000.00"
2019-07-10,2019071001004719,HGI,45,7,50,350.00,"17,500.00"
2019-07-10,2019071001004545,HGI,57,45,20,348.00,"6,960.00"
2019-07-10,2019071001004544,HGI,33,45,80,348.00,"27,840.00"
2019-07-10,2019071001004659,HIDCL,58,18,30,160.00,"4,800.00"
2019-07-10,2019071001004612,HIDCL,58,58,124,160.00,"19,840.00"
2019-07-10,2019071001004611,HIDCL,35,58,116,160.00,"18,560.00"
2019-07-10,2019071001004635,HPPL,57,36,480,172.00,"82,560.00"
2019-07-10,2019071001004634,HPPL,19,36,40,172.00,"6,880.00"
2019-07-10,2019071001004633,HPPL,17,36,300,172.00,"51,600.00"
2019-07-10,2019071001004632,HPPL,48,36,500,173.00,"86,500.00"
2019-07-10,2019071001004631,HPPL,58,36,90,173.00,"15,570.00"
2019-07-10,2019071001004630,HPPL,22,36,290,173.00,"50,170.00"
2019-07-10,2019071001004629,HPPL,22,36,500,174.00,"87,000.00"
2019-07-10,2019071001004628,HPPL,58,36,90,174.00,"15,660.00"
2019-07-10,2019071001004627,HPPL,13,36,10,175.00,"1,750.00"
2019-07-10,2019071001004701,HURJA,3,28,20,140.00,"2,800.00"
2019-07-10,2019071001004686,HURJA,45,37,10,142.00,"1,420.00"
2019-07-10,2019071001004685,HURJA,45,42,20,142.00,"2,840.00"
2019-07-10,2019071001004684,HURJA,45,36,20,142.00,"2,840.00"
2019-07-10,2019071001004586,HURJA,3,28,20,140.00,"2,800.00"
2019-07-10,2019071001004585,HURJA,3,54,30,140.00,"4,200.00"
2019-07-10,2019071001004288,HURJA,3,17,10,140.00,"1,400.00"
2019-07-10,2019071001004287,HURJA,10,17,10,140.00,"1,400.00"
2019-07-10,2019071001004581,HURJA,3,54,20,140.00,"2,800.00"
2019-07-10,2019071001004484,HURJA,52,49,20,141.00,"2,820.00"
2019-07-10,2019071001004478,HURJA,3,49,20,140.00,"2,800.00"
2019-07-10,2019071001004467,HURJA,3,28,20,140.00,"2,800.00"
2019-07-10,2019071001004359,HURJA,3,49,20,140.00,"2,800.00"
2019-07-10,2019071001004300,HURJA,3,52,10,140.00,"1,400.00"
2019-07-10,2019071001004418,ILBS,58,40,10,414.00,"4,140.00"
2019-07-10,2019071001004400,ILBS,58,40,10,414.00,"4,140.00"
2019-07-10,2019071001004374,ILBS,58,40,10,414.00,"4,140.00"
2019-07-10,2019071001004362,ILBS,58,40,10,414.00,"4,140.00"
2019-07-10,2019071001004331,ILBS,58,55,10,414.00,"4,140.00"
2019-07-10,2019071001004565,JOSHI,26,54,20,79.00,"1,580.00"
2019-07-10,2019071001004547,JOSHI,26,42,20,79.00,"1,580.00"
2019-07-10,2019071001004546,JOSHI,26,55,20,79.00,"1,580.00"
2019-07-10,2019071001004730,KBL,29,17,100,220.00,"22,000.00"
2019-07-10,2019071001004729,KBL,29,17,100,220.00,"22,000.00"
2019-07-10,2019071001004728,KBL,29,17,100,220.00,"22,000.00"
2019-07-10,2019071001004727,KBL,34,17,100,220.00,"22,000.00"
2019-07-10,2019071001004726,KBL,38,17,315,220.00,"69,300.00"
2019-07-10,2019071001004709,KBL,38,14,185,220.00,"40,700.00"
2019-07-10,2019071001004284,KBL,58,32,500,220.00,"110,000.00"
2019-07-10,2019071001004708,KBL,47,14,300,220.00,"66,000.00"
2019-07-10,2019071001004707,KBL,58,14,515,220.00,"113,300.00"
2019-07-10,2019071001004682,KBL,58,46,200,220.00,"44,000.00"
2019-07-10,2019071001004486,KBL,58,20,589,220.00,"129,580.00"
2019-07-10,2019071001004453,KBL,58,49,100,220.00,"22,000.00"
2019-07-10,2019071001004368,KBL,58,32,96,220.00,"21,120.00"
2019-07-10,2019071001004531,KKHC,11,41,16,69.00,"1,104.00"
2019-07-10,2019071001004530,KKHC,11,41,16,69.00,"1,104.00"
2019-07-10,2019071001004369,KPCL,56,49,10,91.00,910.00
2019-07-10,2019071001004596,KPCL,56,28,10,91.00,910.00
2019-07-10,2019071001004584,KPCL,56,49,10,91.00,910.00
2019-07-10,2019071001004395,KPCL,56,13,10,91.00,910.00
2019-07-10,2019071001004507,LBL,50,35,300,226.00,"67,800.00"
2019-07-10,2019071001004506,LBL,50,45,100,226.00,"22,600.00"
2019-07-10,2019071001004360,LBL,38,35,500,226.00,"113,000.00"
2019-07-10,2019071001004752,LEMF,26,38,300,7.63,"2,289.00"
2019-07-10,2019071001004721,LGIL,22,11,54,438.00,"23,652.00"
2019-07-10,2019071001004720,LGIL,7,11,10,438.00,"4,380.00"
2019-07-10,2019071001004570,LICN,53,59,24,"1,601.00","38,424.00"
2019-07-10,2019071001004617,MBL,45,1,94,263.00,"24,722.00"
2019-07-10,2019071001004616,MBL,14,1,81,263.00,"21,303.00"
2019-07-10,2019071001004293,MBL,14,57,180,263.00,"47,340.00"
2019-07-10,2019071001004772,MEGA,51,55,229,212.00,"48,548.00"
2019-07-10,2019071001004771,MEGA,51,39,271,212.00,"57,452.00"
2019-07-10,2019071001004768,MEGA,14,19,100,211.00,"21,100.00"
2019-07-10,2019071001004724,MEGA,22,39,100,212.00,"21,200.00"
2019-07-10,2019071001004614,MEGA,14,52,50,211.00,"10,550.00"
2019-07-10,2019071001004588,MEGA,14,42,200,211.00,"42,200.00"
2019-07-10,2019071001004304,MEGA,3,11,100,211.00,"21,100.00"
2019-07-10,2019071001004303,MEGA,26,11,106,211.00,"22,366.00"
2019-07-10,2019071001004466,MEGA,39,39,130,212.00,"27,560.00"
2019-07-10,2019071001004465,MEGA,39,55,870,212.00,"184,440.00"
2019-07-10,2019071001004457,MEGA,6,55,200,212.00,"42,400.00"
2019-07-10,2019071001004357,MEGA,14,55,50,212.00,"10,600.00"
2019-07-10,2019071001004306,MEGA,39,11,218,211.00,"45,998.00"
2019-07-10,2019071001004305,MEGA,38,11,100,211.00,"21,100.00"
2019-07-10,2019071001004555,MEGA,14,17,519,211.00,"109,509.00"
2019-07-10,2019071001004554,MEGA,34,17,"1,000",211.00,"211,000.00"
2019-07-10,2019071001004553,MEGA,6,17,100,211.00,"21,100.00"
2019-07-10,2019071001004552,MEGA,39,17,581,211.00,"122,591.00"
2019-07-10,2019071001004538,MEGA,39,49,100,211.00,"21,100.00"
2019-07-10,2019071001004532,MEGA,39,41,101,211.00,"21,311.00"
2019-07-10,2019071001004692,MERO,6,48,50,515.00,"25,750.00"
2019-07-10,2019071001004615,MHNL,45,28,30,105.00,"3,150.00"
2019-07-10,2019071001004496,MHNL,45,49,30,105.00,"3,150.00"
2019-07-10,2019071001004429,MLBBL,50,50,1,407.00,407.00
2019-07-10,2019071001004402,MNBBL,17,40,60,365.00,"21,900.00"
2019-07-10,2019071001004373,MSLB,41,16,19,878.00,"16,682.00"
2019-07-10,2019071001004372,MSLB,39,16,52,879.00,"45,708.00"
2019-07-10,2019071001004543,NABIL,33,36,70,810.00,"56,700.00"
2019-07-10,2019071001004393,NABIL,33,32,22,810.00,"17,820.00"
2019-07-10,2019071001004460,NAGRO,38,14,10,493.00,"4,930.00"
2019-07-10,2019071001004292,NAGRO,38,17,10,493.00,"4,930.00"
2019-07-10,2019071001004741,NBB,58,1,500,218.00,"109,000.00"
2019-07-10,2019071001004722,NBB,58,39,907,218.00,"197,726.00"
2019-07-10,2019071001004447,NBB,58,32,100,218.00,"21,800.00"
2019-07-10,2019071001004317,NBB,38,22,300,219.00,"65,700.00"
2019-07-10,2019071001004289,NBB,58,22,500,219.00,"109,500.00"
2019-07-10,2019071001004710,NBL,34,51,100,337.00,"33,700.00"
2019-07-10,2019071001004626,NBL,34,4,452,337.00,"152,324.00"
2019-07-10,2019071001004625,NBL,35,4,"1,000",337.00,"337,000.00"
2019-07-10,2019071001004624,NBL,48,4,500,337.00,"168,500.00"
2019-07-10,2019071001004623,NBL,50,4,"1,000",337.00,"337,000.00"
2019-07-10,2019071001004622,NBL,13,4,100,337.00,"33,700.00"
2019-07-10,2019071001004438,NBL,48,19,278,337.00,"93,686.00"
2019-07-10,2019071001004558,NBL,13,19,40,338.00,"13,520.00"
2019-07-10,2019071001004485,NBL,32,32,120,337.00,"40,440.00"
2019-07-10,2019071001004483,NBL,36,19,500,338.00,"169,000.00"
2019-07-10,2019071001004459,NBL,13,19,60,338.00,"20,280.00"
2019-07-10,2019071001004440,NBL,32,19,692,337.00,"233,204.00"
2019-07-10,2019071001004439,NBL,59,19,30,337.00,"10,110.00"
2019-07-10,2019071001004621,NBL,6,4,60,337.00,"20,220.00"
2019-07-10,2019071001004620,NBL,26,4,500,337.00,"168,500.00"
2019-07-10,2019071001004619,NBL,32,4,200,337.00,"67,400.00"
2019-07-10,2019071001004618,NBL,32,4,188,337.00,"63,356.00"
2019-07-10,2019071001004589,NBL,36,19,200,338.00,"67,600.00"
2019-07-10,2019071001004559,NBL,13,19,60,338.00,"20,280.00"
2019-07-10,2019071001004428,NCCB,58,45,10,247.00,"2,470.00"
2019-07-10,2019071001004405,NCCB,3,1,901,246.00,"221,646.00"
2019-07-10,2019071001004385,NCCB,3,1,100,246.00,"24,600.00"
2019-07-10,2019071001004316,NEF,49,41,"2,414",8.00,"19,312.00"
2019-07-10,2019071001004643,NHDL,4,39,50,126.00,"6,300.00"
2019-07-10,2019071001004731,NIB,45,37,163,513.00,"83,619.00"
2019-07-10,2019071001004604,NIB,38,32,114,513.00,"58,482.00"
2019-07-10,2019071001004603,NIB,52,32,472,513.00,"242,136.00"
2019-07-10,2019071001004602,NIB,14,32,100,514.00,"51,400.00"
2019-07-10,2019071001004601,NIB,42,32,72,514.00,"37,008.00"
2019-07-10,2019071001004519,NIB,42,11,28,514.00,"14,392.00"
2019-07-10,2019071001004313,NIB,16,37,10,515.00,"5,150.00"
2019-07-10,2019071001004606,NIBPO,39,4,135,470.00,"63,450.00"
2019-07-10,2019071001004516,NIBPO,4,4,300,470.00,"141,000.00"
2019-07-10,2019071001004761,NICA,6,42,20,445.00,"8,900.00"
2019-07-10,2019071001004760,NICA,6,37,917,445.00,"408,065.00"
2019-07-10,2019071001004759,NICA,6,11,963,445.00,"428,535.00"
2019-07-10,2019071001004705,NICA,35,11,37,445.00,"16,465.00"
2019-07-10,2019071001004704,NICA,35,57,963,445.00,"428,535.00"
2019-07-10,2019071001004674,NICA,41,57,50,445.00,"22,250.00"
2019-07-10,2019071001004330,NICA,50,57,100,445.00,"44,500.00"
2019-07-10,2019071001004329,NICA,44,57,525,445.00,"233,625.00"
2019-07-10,2019071001004286,NICA,44,16,475,445.00,"211,375.00"
2019-07-10,2019071001004650,NICA,19,57,200,445.00,"89,000.00"
2019-07-10,2019071001004594,NICA,10,57,200,445.00,"89,000.00"
2019-07-10,2019071001004488,NICA,17,57,50,445.00,"22,250.00"
2019-07-10,2019071001004480,NICA,28,57,100,445.00,"44,500.00"
2019-07-10,2019071001004422,NICA,49,57,100,445.00,"44,500.00"
2019-07-10,2019071001004349,NICA,58,57,500,445.00,"222,500.00"
2019-07-10,2019071001004528,NICL,6,51,539,354.00,"190,806.00"
2019-07-10,2019071001004527,NICL,6,58,386,354.00,"136,644.00"
2019-07-10,2019071001004526,NICL,6,39,150,354.00,"53,100.00"
2019-07-10,2019071001004370,NICL,33,58,14,354.00,"4,956.00"
2019-07-10,2019071001004311,NICL,6,10,74,351.00,"25,974.00"
2019-07-10,2019071001004310,NICL,22,10,100,352.00,"35,200.00"
2019-07-10,2019071001004309,NICL,59,10,10,352.00,"3,520.00"
2019-07-10,2019071001004308,NICL,17,10,50,353.00,"17,650.00"
2019-07-10,2019071001004307,NICL,6,10,16,353.00,"5,648.00"
2019-07-10,2019071001004283,NICL,6,26,395,353.00,"139,435.00"
2019-07-10,2019071001004282,NICL,49,26,105,353.00,"37,065.00"
2019-07-10,2019071001004366,NIL,7,39,10,486.00,"4,860.00"
2019-07-10,2019071001004716,NLBBL,21,37,37,481.00,"17,797.00"
2019-07-10,2019071001004715,NLBBL,33,37,85,482.00,"40,970.00"
2019-07-10,2019071001004714,NLBBL,17,37,10,483.00,"4,830.00"
2019-07-10,2019071001004566,NLG,57,6,10,725.00,"7,250.00"
2019-07-10,2019071001004677,NLIC,34,33,335,890.00,"298,150.00"
2019-07-10,2019071001004575,NLIC,59,33,65,890.00,"57,850.00"
2019-07-10,2019071001004533,NLIC,34,28,500,892.00,"446,000.00"
2019-07-10,2019071001004420,NLIC,59,46,35,890.00,"31,150.00"
2019-07-10,2019071001004419,NLIC,59,8,100,890.00,"89,000.00"
2019-07-10,2019071001004551,NLICL,26,25,325,575.00,"186,875.00"
2019-07-10,2019071001004412,NLICL,5,39,23,574.00,"13,202.00"
2019-07-10,2019071001004411,NLICL,8,39,75,574.00,"43,050.00"
2019-07-10,2019071001004410,NLICL,1,39,10,575.00,"5,750.00"
2019-07-10,2019071001004649,NMFBS,33,19,15,"1,430.00","21,450.00"
2019-07-10,2019071001004315,NMFBS,33,16,391,"1,402.00","548,182.00"
2019-07-10,2019071001004314,NMFBS,14,16,20,"1,402.00","28,040.00"
2019-07-10,2019071001004297,NMFBS,32,16,15,"1,415.00","21,225.00"
2019-07-10,2019071001004354,PCBL,52,45,249,274.00,"68,226.00"
2019-07-10,2019071001004347,PCBL,41,45,15,274.00,"4,110.00"
2019-07-10,2019071001004322,PCBL,41,11,15,274.00,"4,110.00"
2019-07-10,2019071001004321,PCBL,58,11,16,274.00,"4,384.00"
2019-07-10,2019071001004665,PFL,55,50,100,141.00,"14,100.00"
2019-07-10,2019071001004664,PFL,55,38,100,140.00,"14,000.00"
2019-07-10,2019071001004462,PFL,6,38,100,140.00,"14,000.00"
2019-07-10,2019071001004737,PIC,6,57,150,482.00,"72,300.00"
2019-07-10,2019071001004517,PIC,57,51,100,484.00,"48,400.00"
2019-07-10,2019071001004464,PIC,48,1,100,482.00,"48,200.00"
2019-07-10,2019071001004463,PIC,47,1,50,483.00,"24,150.00"
2019-07-10,2019071001004328,PIC,8,51,100,484.00,"48,400.00"
2019-07-10,2019071001004713,PLIC,49,36,500,433.00,"216,500.00"
2019-07-10,2019071001004654,PMHPL,16,28,10,103.00,"1,030.00"
2019-07-10,2019071001004548,PMHPL,16,49,10,103.00,"1,030.00"
2019-07-10,2019071001004501,PMHPL,16,28,10,103.00,"1,030.00"
2019-07-10,2019071001004417,PMHPL,16,49,10,103.00,"1,030.00"
2019-07-10,2019071001004273,PMHPL,16,33,10,103.00,"1,030.00"
2019-07-10,2019071001004671,PPCL,41,16,500,136.00,"68,000.00"
2019-07-10,2019071001004670,PPCL,3,16,40,136.00,"5,440.00"
2019-07-10,2019071001004563,PPCL,3,54,300,136.00,"40,800.00"
2019-07-10,2019071001004525,PPCL,3,54,20,136.00,"2,720.00"
2019-07-10,2019071001004497,PPCL,3,7,10,136.00,"1,360.00"
2019-07-10,2019071001004298,PPCL,3,17,30,136.00,"4,080.00"
2019-07-10,2019071001004725,PRIN,28,11,50,363.00,"18,150.00"
2019-07-10,2019071001004503,PRIN,51,36,100,364.00,"36,400.00"
2019-07-10,2019071001004502,PRIN,51,36,900,364.00,"327,600.00"
2019-07-10,2019071001004421,PRIN,51,29,100,364.00,"36,400.00"
2019-07-10,2019071001004667,PROFL,59,26,"3,233",105.00,"339,465.00"
2019-07-10,2019071001004666,PROFL,34,26,500,105.00,"52,500.00"
2019-07-10,2019071001004647,PROFL,59,26,200,106.00,"21,200.00"
2019-07-10,2019071001004646,PROFL,42,26,200,106.00,"21,200.00"
2019-07-10,2019071001004645,PROFL,42,26,100,106.00,"10,600.00"
2019-07-10,2019071001004644,PROFL,34,26,200,106.00,"21,200.00"
2019-07-10,2019071001004712,PRVU,34,48,100,260.00,"26,000.00"
2019-07-10,2019071001004356,PRVU,34,53,269,260.00,"69,940.00"
2019-07-10,2019071001004355,PRVU,28,53,598,260.00,"155,480.00"
2019-07-10,2019071001004319,PRVU,52,53,200,261.00,"52,200.00"
2019-07-10,2019071001004280,PRVU,28,49,402,260.00,"104,520.00"
2019-07-10,2019071001004279,PRVU,48,49,775,260.00,"201,500.00"
2019-07-10,2019071001004408,PRVU,52,28,208,261.00,"54,288.00"
2019-07-10,2019071001004407,PRVU,52,11,292,261.00,"76,212.00"
2019-07-10,2019071001004403,PRVU,19,28,10,261.00,"2,610.00"
2019-07-10,2019071001004394,PRVU,19,28,10,261.00,"2,610.00"
2019-07-10,2019071001004371,PRVU,19,28,10,261.00,"2,610.00"
2019-07-10,2019071001004364,PRVU,19,28,10,261.00,"2,610.00"
2019-07-10,2019071001004568,RADHI,26,7,11,145.00,"1,595.00"
2019-07-10,2019071001004345,RADHI,26,41,11,147.00,"1,617.00"
2019-07-10,2019071001004344,RADHI,26,41,11,147.00,"1,617.00"
2019-07-10,2019071001004343,RADHI,26,22,11,147.00,"1,617.00"
2019-07-10,2019071001004342,RADHI,26,41,11,147.00,"1,617.00"
2019-07-10,2019071001004341,RADHI,26,41,11,147.00,"1,617.00"
2019-07-10,2019071001004340,RADHI,26,41,11,147.00,"1,617.00"
2019-07-10,2019071001004339,RADHI,26,1,11,147.00,"1,617.00"
2019-07-10,2019071001004338,RADHI,26,1,11,147.00,"1,617.00"
2019-07-10,2019071001004711,RBCL,57,32,28,"9,308.00","260,624.00"
2019-07-10,2019071001004676,RBCL,57,32,10,"9,308.00","93,080.00"
2019-07-10,2019071001004593,RBCL,45,36,10,"9,300.00","93,000.00"
2019-07-10,2019071001004521,RBCL,35,32,10,"9,308.00","93,080.00"
2019-07-10,2019071001004500,RBCL,51,32,10,"9,308.00","93,080.00"
2019-07-10,2019071001004499,RBCL,44,32,50,"9,308.00","465,400.00"
2019-07-10,2019071001004498,RBCL,16,32,10,"9,309.00","93,090.00"
2019-07-10,2019071001004472,RBCL,47,32,10,"9,310.00","93,100.00"
2019-07-10,2019071001004471,RBCL,47,32,20,"9,312.00","186,240.00"
2019-07-10,2019071001004470,RBCL,21,32,40,"9,320.00","372,800.00"
2019-07-10,2019071001004469,RBCL,38,32,10,"9,350.00","93,500.00"
2019-07-10,2019071001004641,RBCLPO,47,33,10,"8,500.00","85,000.00"
2019-07-10,2019071001004642,RLFL,25,54,200,120.00,"24,000.00"
2019-07-10,2019071001004461,RMDC,17,5,100,670.00,"67,000.00"
2019-07-10,2019071001004392,RMDC,38,41,138,668.00,"92,184.00"
2019-07-10,2019071001004391,RMDC,38,29,11,667.00,"7,337.00"
2019-07-10,2019071001004652,RRHP,17,44,10,108.00,"1,080.00"
2019-07-10,2019071001004522,RRHP,17,28,10,108.00,"1,080.00"
2019-07-10,2019071001004365,RSDC,10,10,1,333.00,333.00
2019-07-10,2019071001004351,RSDC,10,10,1,333.00,333.00
2019-07-10,2019071001004320,RSDC,10,10,1,333.00,333.00
2019-07-10,2019071001004452,SADBL,35,59,400,159.00,"63,600.00"
2019-07-10,2019071001004763,SANIMA,6,38,100,343.00,"34,300.00"
2019-07-10,2019071001004571,SANIMA,42,13,100,344.00,"34,400.00"
2019-07-10,2019071001004718,SBI,59,49,500,461.00,"230,500.00"
2019-07-10,2019071001004717,SBI,59,49,49,460.00,"22,540.00"
2019-07-10,2019071001004653,SBI,59,49,300,460.00,"138,000.00"
2019-07-10,2019071001004749,SBL,32,48,928,313.00,"290,464.00"
2019-07-10,2019071001004748,SBL,59,48,500,314.00,"157,000.00"
2019-07-10,2019071001004518,SBL,32,38,30,313.00,"9,390.00"
2019-07-10,2019071001004508,SBL,32,38,36,313.00,"11,268.00"
2019-07-10,2019071001004495,SBL,32,38,42,313.00,"13,146.00"
2019-07-10,2019071001004482,SBL,32,38,40,313.00,"12,520.00"
2019-07-10,2019071001004414,SBL,47,38,70,314.00,"21,980.00"
2019-07-10,2019071001004404,SBL,47,38,85,314.00,"26,690.00"
2019-07-10,2019071001004398,SBL,47,38,81,314.00,"25,434.00"
2019-07-10,2019071001004397,SBL,38,38,13,314.00,"4,082.00"
2019-07-10,2019071001004375,SBL,38,38,100,314.00,"31,400.00"
2019-07-10,2019071001004468,SBL,32,38,46,313.00,"14,398.00"
2019-07-10,2019071001004456,SBL,32,38,36,313.00,"11,268.00"
2019-07-10,2019071001004455,SBL,44,38,14,314.00,"4,396.00"
2019-07-10,2019071001004424,SBL,44,38,70,314.00,"21,980.00"
2019-07-10,2019071001004416,SBL,44,32,76,314.00,"23,864.00"
2019-07-10,2019071001004415,SBL,47,32,74,314.00,"23,236.00"
2019-07-10,2019071001004430,SCB,39,11,30,671.00,"20,130.00"
2019-07-10,2019071001004302,SCB,55,11,10,671.00,"6,710.00"
2019-07-10,2019071001004301,SCB,55,56,90,671.00,"60,390.00"
2019-07-10,2019071001004550,SEOS,34,45,"20,000",10.60,"212,000.00"
2019-07-10,2019071001004474,SHINE,26,40,100,251.00,"25,100.00"
2019-07-10,2019071001004473,SHINE,45,40,25,251.00,"6,275.00"
2019-07-10,2019071001004755,SHIVM,32,41,50,601.00,"30,050.00"
2019-07-10,2019071001004743,SHIVM,38,26,50,601.00,"30,050.00"
2019-07-10,2019071001004742,SHIVM,36,26,97,601.00,"58,297.00"
2019-07-10,2019071001004703,SHIVM,36,21,270,601.00,"162,270.00"
2019-07-10,2019071001004702,SHIVM,6,21,30,602.00,"18,060.00"
2019-07-10,2019071001004673,SHIVM,6,34,20,602.00,"12,040.00"
2019-07-10,2019071001004358,SHIVM,35,49,100,603.00,"60,300.00"
2019-07-10,2019071001004352,SHIVM,57,49,30,603.00,"18,090.00"
2019-07-10,2019071001004535,SHIVM,43,34,164,602.00,"98,728.00"
2019-07-10,2019071001004433,SHIVM,17,45,100,603.00,"60,300.00"
2019-07-10,2019071001004432,SHIVM,17,49,110,603.00,"66,330.00"
2019-07-10,2019071001004431,SHIVM,43,13,36,602.00,"21,672.00"
2019-07-10,2019071001004413,SHIVM,1,49,10,603.00,"6,030.00"
2019-07-10,2019071001004396,SHIVM,43,39,100,602.00,"60,200.00"
2019-07-10,2019071001004595,SHIVM,36,7,50,601.00,"30,050.00"
2019-07-10,2019071001004583,SHIVM,36,16,83,601.00,"49,883.00"
2019-07-10,2019071001004582,SHIVM,29,16,900,601.00,"540,900.00"
2019-07-10,2019071001004569,SHIVM,19,16,17,602.00,"10,234.00"
2019-07-10,2019071001004537,SHIVM,19,34,26,602.00,"15,652.00"
2019-07-10,2019071001004536,SHIVM,22,34,10,602.00,"6,020.00"
2019-07-10,2019071001004655,SIC,19,7,50,610.00,"30,500.00"
2019-07-10,2019071001004346,SICL,22,47,69,766.00,"52,854.00"
2019-07-10,2019071001004745,SIFC,34,8,110,154.00,"16,940.00"
2019-07-10,2019071001004744,SIFC,42,8,50,156.00,"7,800.00"
2019-07-10,2019071001004567,SIL,25,13,50,447.00,"22,350.00"
2019-07-10,2019071001004401,SIL,34,44,130,446.00,"57,980.00"
2019-07-10,2019071001004337,SIL,35,44,30,447.00,"13,410.00"
2019-07-10,2019071001004336,SIL,35,44,30,447.00,"13,410.00"
2019-07-10,2019071001004335,SIL,35,44,50,447.00,"22,350.00"
2019-07-10,2019071001004334,SIL,35,44,80,447.00,"35,760.00"
2019-07-10,2019071001004333,SIL,35,44,100,447.00,"44,700.00"
2019-07-10,2019071001004332,SIL,35,44,80,447.00,"35,760.00"
2019-07-10,2019071001004758,SLICL,42,26,527,452.00,"238,204.00"
2019-07-10,2019071001004757,SLICL,22,26,10,453.00,"4,530.00"
2019-07-10,2019071001004736,SMATA,42,40,10,"1,110.00","11,100.00"
2019-07-10,2019071001004406,SMATA,34,40,10,"1,110.00","11,100.00"
2019-07-10,2019071001004481,SPARS,19,14,10,428.00,"4,280.00"
2019-07-10,2019071001004515,SRBL,43,49,150,251.00,"37,650.00"
2019-07-10,2019071001004490,SRBL,38,22,371,252.00,"93,492.00"
2019-07-10,2019071001004489,SRBL,38,22,160,252.00,"40,320.00"
2019-07-10,2019071001004325,SRBL,43,6,202,251.00,"50,702.00"
2019-07-10,2019071001004324,SRBL,59,6,500,251.00,"125,500.00"
2019-07-10,2019071001004323,SRBL,51,6,168,251.00,"42,168.00"
2019-07-10,2019071001004318,SRBL,51,45,276,251.00,"69,276.00"
2019-07-10,2019071001004751,UFL,39,11,136,180.00,"24,480.00"
2019-07-10,2019071001004560,UPCL,51,49,20,90.00,"1,800.00"
2019-07-10,2019071001004435,UPCL,51,49,50,90.00,"4,500.00"
2019-07-10,2019071001004363,UPCL,51,13,100,90.00,"9,000.00"
2019-07-10,2019071001004326,UPCL,51,14,50,90.00,"4,500.00"
2019-07-10,2019071001004290,UPCL,51,13,50,90.00,"4,500.00"
2019-07-10,2019071001004754,UPPER,59,41,40,267.00,"10,680.00"
2019-07-10,2019071001004750,UPPER,59,19,50,267.00,"13,350.00"
2019-07-10,2019071001004740,UPPER,59,36,79,267.00,"21,093.00"
2019-07-10,2019071001004739,UPPER,59,16,215,267.00,"57,405.00"
2019-07-10,2019071001004663,UPPER,34,16,60,267.00,"16,020.00"
2019-07-10,2019071001004662,UPPER,25,16,800,267.00,"213,600.00"
2019-07-10,2019071001004312,UPPER,56,17,50,267.00,"13,350.00"
2019-07-10,2019071001004299,UPPER,13,40,14,268.00,"3,752.00"
2019-07-10,2019071001004291,UPPER,13,21,25,268.00,"6,700.00"
2019-07-10,2019071001004661,UPPER,13,16,"2,000",267.00,"534,000.00"
2019-07-10,2019071001004660,UPPER,56,16,10,267.00,"2,670.00"
2019-07-10,2019071001004613,UPPER,56,44,20,267.00,"5,340.00"
2019-07-10,2019071001004131,ADBL,22,25,35,406.00,"14,210.00"
2019-07-10,2019071001003877,ADBL,49,33,500,407.00,"203,500.00"
2019-07-10,2019071001004227,AHPC,26,3,10,106.00,"1,060.00"
2019-07-10,2019071001003969,AKJCL,22,42,20,71.00,"1,420.00"
2019-07-10,2019071001003799,AKJCL,51,42,10,70.00,700.00
2019-07-10,2019071001003893,AKPL,41,38,63,180.00,"11,340.00"
2019-07-10,2019071001003892,AKPL,39,38,30,181.00,"5,430.00"
2019-07-10,2019071001003891,AKPL,36,38,50,181.00,"9,050.00"
2019-07-10,2019071001003890,AKPL,42,38,35,181.00,"6,335.00"
2019-07-10,2019071001003859,AKPL,42,17,22,181.00,"3,982.00"
2019-07-10,2019071001004082,AKPL,41,17,13,181.00,"2,353.00"
2019-07-10,2019071001003946,AKPL,41,41,3,178.00,534.00
2019-07-10,2019071001003939,AKPL,41,41,3,178.00,534.00
2019-07-10,2019071001004235,ALBSL,26,26,10,404.00,"4,040.00"
2019-07-10,2019071001004208,ALBSL,26,26,10,404.00,"4,040.00"
2019-07-10,2019071001004118,ALBSL,11,20,10,407.00,"4,070.00"
2019-07-10,2019071001004117,ALBSL,11,47,10,406.00,"4,060.00"
2019-07-10,2019071001004093,ALBSL,11,26,10,405.00,"4,050.00"
2019-07-10,2019071001004092,ALBSL,11,26,10,405.00,"4,050.00"
2019-07-10,2019071001003858,ALBSL,56,57,10,398.00,"3,980.00"
2019-07-10,2019071001004091,ALBSL,11,7,10,404.00,"4,040.00"
2019-07-10,2019071001004090,ALBSL,11,13,10,403.00,"4,030.00"
2019-07-10,2019071001004075,ALBSL,36,36,10,399.00,"3,990.00"
2019-07-10,2019071001003963,ALICL,16,33,34,382.00,"12,988.00"
2019-07-10,2019071001003915,ALICL,59,33,87,383.00,"33,321.00"
2019-07-10,2019071001003914,ALICL,28,33,169,384.00,"64,896.00"
2019-07-10,2019071001003805,API,25,16,32,143.00,"4,576.00"
2019-07-10,2019071001004121,BOKL,5,13,85,257.00,"21,845.00"
2019-07-10,2019071001003998,BPCL,43,41,33,407.00,"13,431.00"
2019-07-10,2019071001003997,BPCL,43,41,33,407.00,"13,431.00"
2019-07-10,2019071001003992,BPCL,21,38,15,408.00,"6,120.00"
2019-07-10,2019071001003991,BPCL,36,38,30,408.00,"12,240.00"
2019-07-10,2019071001004126,CBBL,17,37,30,950.00,"28,500.00"
2019-07-10,2019071001004076,CBBL,35,50,13,950.00,"12,350.00"
2019-07-10,2019071001004062,CBBL,17,50,500,950.00,"475,000.00"
2019-07-10,2019071001004061,CBBL,41,50,200,951.00,"190,200.00"
2019-07-10,2019071001003800,CBBL,35,50,100,956.00,"95,600.00"
2019-07-10,2019071001004163,CBL,3,42,100,157.00,"15,700.00"
2019-07-10,2019071001004007,CBL,28,57,456,157.00,"71,592.00"
2019-07-10,2019071001004006,CBL,28,7,"1,500",157.00,"235,500.00"
2019-07-10,2019071001004005,CBL,28,46,200,157.00,"31,400.00"
2019-07-10,2019071001004004,CBL,28,6,50,157.00,"7,850.00"
2019-07-10,2019071001004003,CBL,28,8,"1,000",157.00,"157,000.00"
2019-07-10,2019071001004002,CBL,28,6,300,157.00,"47,100.00"
2019-07-10,2019071001004001,CBL,28,6,100,157.00,"15,700.00"
2019-07-10,2019071001004000,CBL,28,6,100,157.00,"15,700.00"
2019-07-10,2019071001003999,CBL,28,28,988,157.00,"155,116.00"
2019-07-10,2019071001004205,CCBL,3,45,584,177.00,"103,368.00"
2019-07-10,2019071001004204,CCBL,3,37,97,177.00,"17,169.00"
2019-07-10,2019071001004203,CCBL,3,7,200,177.00,"35,400.00"
2019-07-10,2019071001004202,CCBL,3,38,119,177.00,"21,063.00"
2019-07-10,2019071001004066,CCBL,45,52,123,176.00,"21,648.00"
2019-07-10,2019071001004065,CCBL,49,52,300,176.00,"52,800.00"
2019-07-10,2019071001003896,CCBL,32,43,500,176.00,"88,000.00"
2019-07-10,2019071001003895,CCBL,25,43,150,176.00,"26,400.00"
2019-07-10,2019071001003894,CCBL,34,43,275,176.00,"48,400.00"
2019-07-10,2019071001003838,CCBL,34,40,285,176.00,"50,160.00"
2019-07-10,2019071001003794,CCBL,34,26,12,176.00,"2,112.00"
2019-07-10,2019071001003785,CCBL,6,38,100,177.00,"17,700.00"
2019-07-10,2019071001004064,CCBL,29,52,81,176.00,"14,256.00"
2019-07-10,2019071001003920,CCBL,29,43,119,176.00,"20,944.00"
2019-07-10,2019071001003919,CCBL,46,43,881,176.00,"155,056.00"
2019-07-10,2019071001003900,CCBL,46,40,119,176.00,"20,944.00"
2019-07-10,2019071001003899,CCBL,50,40,125,176.00,"22,000.00"
2019-07-10,2019071001003897,CCBL,50,43,75,176.00,"13,200.00"
2019-07-10,2019071001003880,CFCL,44,21,124,120.00,"14,880.00"
2019-07-10,2019071001004253,CHCL,35,17,20,511.00,"10,220.00"
2019-07-10,2019071001004252,CHCL,29,17,333,511.00,"170,163.00"
2019-07-10,2019071001004080,CHCL,28,10,500,512.00,"256,000.00"
2019-07-10,2019071001003816,CHL,6,41,10,89.00,890.00
2019-07-10,2019071001003907,CIT,43,11,200,"2,435.00","487,000.00"
2019-07-10,2019071001004149,CZBIL,45,44,500,222.00,"111,000.00"
2019-07-10,2019071001004148,CZBIL,45,44,200,222.00,"44,400.00"
2019-07-10,2019071001004147,CZBIL,16,44,248,222.00,"55,056.00"
2019-07-10,2019071001004130,CZBIL,16,46,174,222.00,"38,628.00"
2019-07-10,2019071001004128,CZBIL,16,16,78,222.00,"17,316.00"
2019-07-10,2019071001003974,CZBIL,45,17,102,223.00,"22,746.00"
2019-07-10,2019071001003973,CZBIL,45,22,22,223.00,"4,906.00"
2019-07-10,2019071001003972,CZBIL,45,14,176,223.00,"39,248.00"
2019-07-10,2019071001003971,CZBIL,45,1,200,223.00,"44,600.00"
2019-07-10,2019071001003948,DBBL,34,40,124,142.00,"17,608.00"
2019-07-10,2019071001003941,DBBL,34,40,216,142.00,"30,672.00"
2019-07-10,2019071001004161,DDBL,45,1,400,723.00,"289,200.00"
2019-07-10,2019071001004160,DDBL,45,39,22,723.00,"15,906.00"
2019-07-10,2019071001004151,DDBL,56,6,22,722.00,"15,884.00"
2019-07-10,2019071001004150,DDBL,56,50,200,722.00,"144,400.00"
2019-07-10,2019071001004231,EBL,14,56,500,661.00,"330,500.00"
2019-07-10,2019071001004230,EBL,14,8,100,660.00,"66,000.00"
2019-07-10,2019071001004229,EBL,14,44,20,660.00,"13,200.00"
2019-07-10,2019071001004141,EBL,41,37,200,659.00,"131,800.00"
2019-07-10,2019071001004119,EBL,41,22,100,659.00,"65,900.00"
2019-07-10,2019071001004088,EBL,41,8,100,659.00,"65,900.00"
2019-07-10,2019071001003773,EBL,25,42,100,660.00,"66,000.00"
2019-07-10,2019071001003868,EIC,57,44,50,370.00,"18,500.00"
2019-07-10,2019071001004122,FMDBL,21,49,10,380.00,"3,800.00"
2019-07-10,2019071001003967,FMDBL,34,41,287,375.00,"107,625.00"
2019-07-10,2019071001003958,FMDBL,59,41,100,375.00,"37,500.00"
2019-07-10,2019071001003908,FMDBL,11,41,200,375.00,"75,000.00"
2019-07-10,2019071001004136,FOWAD,43,16,19,"1,314.00","24,966.00"
2019-07-10,2019071001004132,FOWAD,43,16,131,"1,314.00","172,134.00"
2019-07-10,2019071001004067,FOWAD,43,57,14,"1,314.00","18,396.00"
2019-07-10,2019071001003947,FOWAD,43,41,30,"1,314.00","39,420.00"
2019-07-10,2019071001003810,FOWAD,1,41,15,"1,312.00","19,680.00"
2019-07-10,2019071001003809,FOWAD,35,41,15,"1,315.00","19,725.00"
2019-07-10,2019071001004050,GBBL,21,37,200,223.00,"44,600.00"
2019-07-10,2019071001004261,GBLBS,56,16,150,340.00,"51,000.00"
2019-07-10,2019071001004260,GBLBS,13,16,50,340.00,"17,000.00"
2019-07-10,2019071001004259,GBLBS,51,16,860,340.00,"292,400.00"
2019-07-10,2019071001004201,GBLBS,51,41,10,340.00,"3,400.00"
2019-07-10,2019071001003960,GBLBS,51,39,130,340.00,"44,200.00"
2019-07-10,2019071001003959,GBLBS,37,39,70,340.00,"23,800.00"
2019-07-10,2019071001004108,GDBL,28,37,"2,000",213.00,"426,000.00"
2019-07-10,2019071001003846,GDBL,45,39,500,213.00,"106,500.00"
2019-07-10,2019071001004033,GDBL,6,37,"2,500",213.00,"532,500.00"
2019-07-10,2019071001003847,GDBL,6,39,"2,500",213.00,"532,500.00"
2019-07-10,2019071001004098,GDBL,58,19,310,212.00,"65,720.00"
2019-07-10,2019071001004097,GDBL,6,19,31,212.00,"6,572.00"
2019-07-10,2019071001004096,GDBL,48,19,500,212.00,"106,000.00"
2019-07-10,2019071001004095,GDBL,6,19,159,212.00,"33,708.00"
2019-07-10,2019071001004159,GLBSL,26,38,10,399.00,"3,990.00"
2019-07-10,2019071001004142,GLBSL,10,26,10,398.00,"3,980.00"
2019-07-10,2019071001003879,GLBSL,42,38,30,399.00,"11,970.00"
2019-07-10,2019071001003876,GLBSL,10,19,10,398.00,"3,980.00"
2019-07-10,2019071001003817,GLBSL,10,44,10,398.00,"3,980.00"
2019-07-10,2019071001003807,GLBSL,10,44,10,398.00,"3,980.00"
2019-07-10,2019071001004197,GMFBS,26,26,10,439.00,"4,390.00"
2019-07-10,2019071001004123,GMFBS,36,36,10,438.00,"4,380.00"
2019-07-10,2019071001003978,GMFBS,22,43,40,437.00,"17,480.00"
2019-07-10,2019071001003883,GMFBS,22,35,10,437.00,"4,370.00"
2019-07-10,2019071001003789,GMFBS,22,17,10,437.00,"4,370.00"
2019-07-10,2019071001004139,GUFL,39,25,50,121.00,"6,050.00"
2019-07-10,2019071001004226,HIDCL,35,35,384,160.00,"61,440.00"
2019-07-10,2019071001004215,HIDCL,59,35,400,160.00,"64,000.00"
2019-07-10,2019071001004214,HIDCL,25,35,500,160.00,"80,000.00"
2019-07-10,2019071001004213,HIDCL,45,35,286,160.00,"45,760.00"
2019-07-10,2019071001003814,HIDCL,45,43,214,160.00,"34,240.00"
2019-07-10,2019071001003798,HIDCL,51,43,270,160.00,"43,200.00"
2019-07-10,2019071001003797,HIDCL,29,43,16,161.00,"2,576.00"
2019-07-10,2019071001003795,HIDCL,29,17,61,161.00,"9,821.00"
2019-07-10,2019071001003793,HIDCL,29,17,61,161.00,"9,821.00"
2019-07-10,2019071001003792,HIDCL,29,17,61,161.00,"9,821.00"
2019-07-10,2019071001003791,HIDCL,29,52,31,161.00,"4,991.00"
2019-07-10,2019071001003790,HIDCL,29,39,300,161.00,"48,300.00"
2019-07-10,2019071001003961,HPPL,19,41,10,174.00,"1,740.00"
2019-07-10,2019071001003823,HPPL,19,41,20,174.00,"3,480.00"
2019-07-10,2019071001003813,HPPL,19,41,10,174.00,"1,740.00"
2019-07-10,2019071001003787,HPPL,19,41,20,174.00,"3,480.00"
2019-07-10,2019071001004251,HURJA,10,17,20,140.00,"2,800.00"
2019-07-10,2019071001004243,HURJA,10,17,20,140.00,"2,800.00"
2019-07-10,2019071001004188,HURJA,10,45,20,140.00,"2,800.00"
2019-07-10,2019071001004152,HURJA,10,16,50,140.00,"7,000.00"
2019-07-10,2019071001003898,HURJA,10,49,20,140.00,"2,800.00"
2019-07-10,2019071001003834,HURJA,10,22,20,140.00,"2,800.00"
2019-07-10,2019071001004158,JBBL,34,16,137,161.00,"22,057.00"
2019-07-10,2019071001003968,JBBL,34,5,63,161.00,"10,143.00"
2019-07-10,2019071001004106,JFL,6,22,178,177.00,"31,506.00"
2019-07-10,2019071001004129,KBL,58,33,500,220.00,"110,000.00"
2019-07-10,2019071001003913,KPCL,56,49,10,91.00,910.00
2019-07-10,2019071001004037,KRBL,45,46,12,117.00,"1,404.00"
2019-07-10,2019071001004178,KSBBL,51,34,"3,000",158.00,"474,000.00"
2019-07-10,2019071001004177,KSBBL,40,34,"1,000",158.00,"158,000.00"
2019-07-10,2019071001004176,KSBBL,14,34,"1,000",158.00,"158,000.00"
2019-07-10,2019071001004175,KSBBL,26,34,10,159.00,"1,590.00"
2019-07-10,2019071001004140,LBBL,45,5,103,191.00,"19,673.00"
2019-07-10,2019071001004138,LBBL,45,33,237,191.00,"45,267.00"
2019-07-10,2019071001004137,LBBL,29,33,263,191.00,"50,233.00"
2019-07-10,2019071001004102,LBL,22,35,200,226.00,"45,200.00"
2019-07-10,2019071001004267,LLBS,38,36,20,685.00,"13,700.00"
2019-07-10,2019071001004266,LLBS,38,58,20,684.00,"13,680.00"
2019-07-10,2019071001004265,LLBS,38,57,24,679.00,"16,296.00"
2019-07-10,2019071001004105,MBL,14,42,200,263.00,"52,600.00"
2019-07-10,2019071001004104,MBL,14,36,539,263.00,"141,757.00"
2019-07-10,2019071001004041,MBL,14,36,478,263.00,"125,714.00"
2019-07-10,2019071001003986,MBL,14,20,610,263.00,"160,430.00"
2019-07-10,2019071001004264,MEGA,3,55,280,212.00,"59,360.00"
2019-07-10,2019071001004263,MEGA,3,38,500,212.00,"106,000.00"
2019-07-10,2019071001004262,MEGA,3,13,220,212.00,"46,640.00"
2019-07-10,2019071001004116,MEGA,14,13,380,212.00,"80,560.00"
2019-07-10,2019071001004115,MEGA,14,42,620,212.00,"131,440.00"
2019-07-10,2019071001004049,MEGA,26,26,94,211.00,"19,834.00"
2019-07-10,2019071001003796,MEGA,57,42,100,212.00,"21,200.00"
2019-07-10,2019071001003950,MEGA,19,42,100,212.00,"21,200.00"
2019-07-10,2019071001003942,MEGA,19,42,200,212.00,"42,400.00"
2019-07-10,2019071001003804,MEGA,3,32,190,211.00,"40,090.00"
2019-07-10,2019071001003803,MEGA,6,32,250,211.00,"52,750.00"
2019-07-10,2019071001003802,MEGA,14,32,50,211.00,"10,550.00"
2019-07-10,2019071001003801,MEGA,58,32,10,211.00,"2,110.00"
2019-07-10,2019071001004048,MEGA,50,26,100,211.00,"21,100.00"
2019-07-10,2019071001004047,MEGA,40,26,50,211.00,"10,550.00"
2019-07-10,2019071001004046,MEGA,1,26,10,211.00,"2,110.00"
2019-07-10,2019071001004031,MEGA,1,41,100,211.00,"21,100.00"
2019-07-10,2019071001003980,MEGA,1,42,90,211.00,"18,990.00"
2019-07-10,2019071001003979,MEGA,3,42,110,211.00,"23,210.00"
2019-07-10,2019071001004127,MERO,6,42,80,515.00,"41,200.00"
2019-07-10,2019071001003952,MHNL,45,55,40,105.00,"4,200.00"
2019-07-10,2019071001003937,MHNL,45,49,30,105.00,"3,150.00"
2019-07-10,2019071001003935,MHNL,45,22,40,105.00,"4,200.00"
2019-07-10,2019071001003906,MHNL,45,55,40,105.00,"4,200.00"
2019-07-10,2019071001003860,MHNL,45,55,30,105.00,"3,150.00"
2019-07-10,2019071001003844,MHNL,45,49,30,105.00,"3,150.00"
2019-07-10,2019071001003938,MLBBL,6,50,10,407.00,"4,070.00"
2019-07-10,2019071001003857,MLBL,48,13,40,193.00,"7,720.00"
2019-07-10,2019071001004172,MNBBL,25,7,233,365.00,"85,045.00"
2019-07-10,2019071001004171,MNBBL,25,40,500,365.00,"182,500.00"
2019-07-10,2019071001004170,MNBBL,25,4,50,365.00,"18,250.00"
2019-07-10,2019071001004169,MNBBL,25,4,57,365.00,"20,805.00"
2019-07-10,2019071001004168,MNBBL,25,4,100,365.00,"36,500.00"
2019-07-10,2019071001004167,MNBBL,25,4,40,365.00,"14,600.00"
2019-07-10,2019071001004166,MNBBL,25,40,720,364.00,"262,080.00"
2019-07-10,2019071001004133,MNBBL,13,40,50,364.00,"18,200.00"
2019-07-10,2019071001003940,MSLB,17,17,8,879.00,"7,032.00"
2019-07-10,2019071001003916,MSLB,41,57,26,878.00,"22,828.00"
2019-07-10,2019071001003821,MSLB,41,41,23,878.00,"20,194.00"
2019-07-10,2019071001003811,MSLB,17,17,3,879.00,"2,637.00"
2019-07-10,2019071001004190,NABIL,33,29,13,810.00,"10,530.00"
2019-07-10,2019071001004103,NABIL,17,22,40,811.00,"32,440.00"
2019-07-10,2019071001004059,NABIL,35,50,31,811.00,"25,141.00"
2019-07-10,2019071001004022,NABIL,35,41,56,811.00,"45,416.00"
2019-07-10,2019071001003976,NABIL,25,25,3,809.00,"2,427.00"
2019-07-10,2019071001003922,NABIL,20,50,41,814.00,"33,374.00"
2019-07-10,2019071001003917,NABIL,59,22,10,815.00,"8,150.00"
2019-07-10,2019071001003889,NABIL,20,7,93,814.00,"75,702.00"
2019-07-10,2019071001003888,NABIL,20,35,40,814.00,"32,560.00"
2019-07-10,2019071001003887,NABIL,20,11,71,814.00,"57,794.00"
2019-07-10,2019071001003886,NABIL,20,39,64,814.00,"52,096.00"
2019-07-10,2019071001004107,NADEP,36,36,20,406.00,"8,120.00"
2019-07-10,2019071001004015,NADEP,32,48,100,407.00,"40,700.00"
2019-07-10,2019071001004014,NADEP,52,48,60,407.00,"24,420.00"
2019-07-10,2019071001004101,NBL,48,28,222,337.00,"74,814.00"
2019-07-10,2019071001004100,NBL,29,28,150,337.00,"50,550.00"
2019-07-10,2019071001004099,NBL,17,28,300,337.00,"101,100.00"
2019-07-10,2019071001004077,NBL,17,55,600,337.00,"202,200.00"
2019-07-10,2019071001004013,NBL,17,43,100,337.00,"33,700.00"
2019-07-10,2019071001004012,NBL,50,43,100,337.00,"33,700.00"
2019-07-10,2019071001004011,NBL,48,43,200,337.00,"67,400.00"
2019-07-10,2019071001004010,NBL,17,43,600,337.00,"202,200.00"
2019-07-10,2019071001003855,NBL,55,19,400,338.00,"135,200.00"
2019-07-10,2019071001003854,NBL,55,19,100,338.00,"33,800.00"
2019-07-10,2019071001004074,NCCB,58,21,330,245.00,"80,850.00"
2019-07-10,2019071001004073,NCCB,17,21,500,245.00,"122,500.00"
2019-07-10,2019071001004072,NCCB,6,21,56,245.00,"13,720.00"
2019-07-10,2019071001004071,NCCB,50,21,100,245.00,"24,500.00"
2019-07-10,2019071001004070,NCCB,45,21,40,245.00,"9,800.00"
2019-07-10,2019071001004069,NCCB,35,21,24,246.00,"5,904.00"
2019-07-10,2019071001004199,NEF,39,41,"1,414",7.94,"11,227.16"
2019-07-10,2019071001004198,NEF,39,41,"2,414",7.94,"19,167.16"
2019-07-10,2019071001004185,NEF,28,41,"2,414",7.90,"19,070.60"
2019-07-10,2019071001004184,NEF,28,41,"2,414",7.90,"19,070.60"
2019-07-10,2019071001004183,NEF,28,41,"2,414",7.90,"19,070.60"
2019-07-10,2019071001004182,NEF,28,41,414,7.90,"3,270.60"
2019-07-10,2019071001004181,NEF,14,41,"2,000",7.90,"15,800.00"
2019-07-10,2019071001004028,NEF,34,41,"2,414",7.87,"18,998.18"
2019-07-10,2019071001003983,NEF,17,41,"2,414",7.88,"19,022.32"
2019-07-10,2019071001003975,NHDL,4,34,50,124.00,"6,200.00"
2019-07-10,2019071001003843,NHDL,36,41,10,122.00,"1,220.00"
2019-07-10,2019071001004124,NIB,52,36,28,513.00,"14,364.00"
2019-07-10,2019071001004008,NIB,55,37,50,515.00,"25,750.00"
2019-07-10,2019071001003865,NIB,32,41,23,512.00,"11,776.00"
2019-07-10,2019071001003864,NIB,28,41,100,512.00,"51,200.00"
2019-07-10,2019071001003863,NIB,14,41,20,512.00,"10,240.00"
2019-07-10,2019071001003862,NIB,56,41,89,513.00,"45,657.00"
2019-07-10,2019071001003852,NIB,56,41,11,513.00,"5,643.00"
2019-07-10,2019071001003851,NIB,11,41,50,513.00,"25,650.00"
2019-07-10,2019071001003850,NIB,14,41,46,513.00,"23,598.00"
2019-07-10,2019071001003849,NIB,38,41,100,514.00,"51,400.00"
2019-07-10,2019071001003848,NIB,35,41,25,514.00,"12,850.00"
2019-07-10,2019071001003776,NIB,14,26,12,513.00,"6,156.00"
2019-07-10,2019071001003945,NIBPO,20,4,"2,000",470.00,"940,000.00"
2019-07-10,2019071001004242,NIBSF1,21,32,"5,000",9.05,"45,250.00"
2019-07-10,2019071001004234,NICA,22,46,258,444.00,"114,552.00"
2019-07-10,2019071001004233,NICA,17,46,122,444.00,"54,168.00"
2019-07-10,2019071001004196,NICA,35,37,100,445.00,"44,500.00"
2019-07-10,2019071001004195,NICA,34,37,500,445.00,"222,500.00"
2019-07-10,2019071001004194,NICA,45,37,200,445.00,"89,000.00"
2019-07-10,2019071001004193,NICA,22,37,200,445.00,"89,000.00"
2019-07-10,2019071001003951,NICA,1,57,144,446.00,"64,224.00"
2019-07-10,2019071001003869,NICA,1,42,90,446.00,"40,140.00"
2019-07-10,2019071001004192,NICA,38,37,200,445.00,"89,000.00"
2019-07-10,2019071001004191,NICA,59,37,44,445.00,"19,580.00"
2019-07-10,2019071001004180,NICA,59,38,47,445.00,"20,915.00"
2019-07-10,2019071001004058,NICA,59,43,109,445.00,"48,505.00"
2019-07-10,2019071001004057,NICA,59,43,500,445.00,"222,500.00"
2019-07-10,2019071001004056,NICA,49,43,891,445.00,"396,495.00"
2019-07-10,2019071001003902,NICL,6,13,79,354.00,"27,966.00"
2019-07-10,2019071001003901,NICL,6,29,290,354.00,"102,660.00"
2019-07-10,2019071001003812,NICL,6,42,220,353.00,"77,660.00"
2019-07-10,2019071001004027,NLG,58,4,100,727.00,"72,700.00"
2019-07-10,2019071001004024,NLG,26,45,52,722.00,"37,544.00"
2019-07-10,2019071001004023,NLG,3,45,10,723.00,"7,230.00"
2019-07-10,2019071001003845,NLG,7,4,100,727.00,"72,700.00"
2019-07-10,2019071001003881,NLIC,34,42,30,887.00,"26,610.00"
2019-07-10,2019071001003822,NLIC,34,54,578,890.00,"514,420.00"
2019-07-10,2019071001003788,NMBMF,45,19,18,990.00,"17,820.00"
2019-07-10,2019071001004079,NNLB,40,1,100,392.00,"39,200.00"
2019-07-10,2019071001004078,NNLB,57,1,200,392.00,"78,400.00"
2019-07-10,2019071001004063,NNLB,49,1,25,395.00,"9,875.00"
2019-07-10,2019071001003905,PCBL,58,42,50,273.00,"13,650.00"
2019-07-10,2019071001003904,PCBL,51,42,100,274.00,"27,400.00"
2019-07-10,2019071001003995,PFL,6,6,39,140.00,"5,460.00"
2019-07-10,2019071001003994,PFL,6,1,11,140.00,"1,540.00"
2019-07-10,2019071001003993,PFL,6,1,11,140.00,"1,540.00"
2019-07-10,2019071001004241,PIC,39,16,50,485.00,"24,250.00"
2019-07-10,2019071001004240,PIC,42,16,20,485.00,"9,700.00"
2019-07-10,2019071001004239,PIC,57,16,200,485.00,"97,000.00"
2019-07-10,2019071001004238,PIC,35,16,100,485.00,"48,500.00"
2019-07-10,2019071001004237,PIC,21,16,200,485.00,"97,000.00"
2019-07-10,2019071001004236,PIC,45,16,300,485.00,"145,500.00"
2019-07-10,2019071001003870,PIC,41,39,30,487.00,"14,610.00"
2019-07-10,2019071001004217,PIC,13,16,200,486.00,"97,200.00"
2019-07-10,2019071001004216,PIC,46,16,100,486.00,"48,600.00"
2019-07-10,2019071001004016,PIC,21,48,16,487.00,"7,792.00"
2019-07-10,2019071001003984,PIC,21,58,196,487.00,"95,452.00"
2019-07-10,2019071001003872,PIC,21,39,288,487.00,"140,256.00"
2019-07-10,2019071001003871,PIC,43,39,100,487.00,"48,700.00"
2019-07-10,2019071001004018,PICL,40,33,50,539.00,"26,950.00"
2019-07-10,2019071001004017,PICL,45,33,20,539.00,"10,780.00"
2019-07-10,2019071001003989,PICL,41,33,70,545.00,"38,150.00"
2019-07-10,2019071001003988,PICL,7,33,10,545.00,"5,450.00"
2019-07-10,2019071001003987,PICL,22,33,100,546.00,"54,600.00"
2019-07-10,2019071001004272,PMHPL,16,6,10,103.00,"1,030.00"
2019-07-10,2019071001004271,PMHPL,16,7,10,103.00,"1,030.00"
2019-07-10,2019071001004270,PMHPL,16,26,10,103.00,"1,030.00"
2019-07-10,2019071001004269,PMHPL,16,8,10,103.00,"1,030.00"
2019-07-10,2019071001004268,PMHPL,16,25,10,103.00,"1,030.00"
2019-07-10,2019071001004258,PPCL,3,17,30,136.00,"4,080.00"
2019-07-10,2019071001004232,PPCL,3,17,30,136.00,"4,080.00"
2019-07-10,2019071001004081,PPCL,3,44,10,136.00,"1,360.00"
2019-07-10,2019071001003878,PPCL,3,22,30,136.00,"4,080.00"
2019-07-10,2019071001004211,PRVU,48,1,900,260.00,"234,000.00"
2019-07-10,2019071001004210,PRVU,48,50,325,260.00,"84,500.00"
2019-07-10,2019071001004209,PRVU,45,50,100,260.00,"26,000.00"
2019-07-10,2019071001004112,PRVU,34,50,500,260.00,"130,000.00"
2019-07-10,2019071001004111,PRVU,48,50,175,260.00,"45,500.00"
2019-07-10,2019071001003780,PRVU,6,53,35,260.00,"9,100.00"
2019-07-10,2019071001003779,PRVU,35,53,249,260.00,"64,740.00"
2019-07-10,2019071001003827,PRVU,33,53,"1,600",260.00,"416,000.00"
2019-07-10,2019071001003784,PRVU,33,53,866,260.00,"225,160.00"
2019-07-10,2019071001003783,PRVU,47,53,50,260.00,"13,000.00"
2019-07-10,2019071001003782,PRVU,58,53,100,260.00,"26,000.00"
2019-07-10,2019071001003781,PRVU,14,53,500,260.00,"130,000.00"
2019-07-10,2019071001004084,PRVU,28,28,250,260.00,"65,000.00"
2019-07-10,2019071001003966,PRVU,28,14,750,260.00,"195,000.00"
2019-07-10,2019071001003965,PRVU,50,14,200,260.00,"52,000.00"
2019-07-10,2019071001003964,PRVU,41,14,50,260.00,"13,000.00"
2019-07-10,2019071001004086,PRVU,48,28,25,260.00,"6,500.00"
2019-07-10,2019071001004085,PRVU,8,28,"1,000",260.00,"260,000.00"
2019-07-10,2019071001004225,RLFL,34,39,222,118.00,"26,196.00"
2019-07-10,2019071001004224,RLFL,35,39,200,119.00,"23,800.00"
2019-07-10,2019071001004223,RLFL,1,39,500,119.00,"59,500.00"
2019-07-10,2019071001004222,RLFL,39,39,50,119.00,"5,950.00"
2019-07-10,2019071001004221,RLFL,34,39,"1,000",119.00,"119,000.00"
2019-07-10,2019071001004220,RLFL,35,39,100,119.00,"11,900.00"
2019-07-10,2019071001003818,RLFL,57,39,165,120.00,"19,800.00"
2019-07-10,2019071001004219,RLFL,45,39,20,119.00,"2,380.00"
2019-07-10,2019071001004218,RLFL,25,39,200,119.00,"23,800.00"
2019-07-10,2019071001004125,RLFL,45,39,200,120.00,"24,000.00"
2019-07-10,2019071001003936,RLFL,52,39,100,120.00,"12,000.00"
2019-07-10,2019071001003903,RLFL,4,39,100,120.00,"12,000.00"
2019-07-10,2019071001003839,RLFL,36,39,10,120.00,"1,200.00"
2019-07-10,2019071001003912,RRHP,7,48,10,110.00,"1,100.00"
2019-07-10,2019071001003911,RRHP,7,7,10,109.00,"1,090.00"
2019-07-10,2019071001003910,RRHP,7,29,10,109.00,"1,090.00"
2019-07-10,2019071001003909,RRHP,7,26,10,109.00,"1,090.00"
2019-07-10,2019071001004164,RSDC,53,16,53,339.00,"17,967.00"
2019-07-10,2019071001004083,RSDC,10,10,1,333.00,333.00
2019-07-10,2019071001004042,RSDC,10,10,1,333.00,333.00
2019-07-10,2019071001003882,RSDC,10,10,1,335.00,335.00
2019-07-10,2019071001003873,RSDC,10,10,1,335.00,335.00
2019-07-10,2019071001003808,RSDC,10,10,4,335.00,"1,340.00"
2019-07-10,2019071001003806,RSDC,53,41,58,339.00,"19,662.00"
2019-07-10,2019071001003775,RSDC,10,10,9,335.00,"3,015.00"
2019-07-10,2019071001003856,RSDC,10,10,1,335.00,335.00
2019-07-10,2019071001003842,RSDC,10,10,1,335.00,335.00
2019-07-10,2019071001003836,RSDC,10,10,1,335.00,335.00
2019-07-10,2019071001003833,RSDC,53,41,58,339.00,"19,662.00"
2019-07-10,2019071001003826,RSDC,10,10,1,335.00,335.00
2019-07-10,2019071001003815,RSDC,10,10,1,335.00,335.00
2019-07-10,2019071001004200,SADBL,35,57,333,159.00,"52,947.00"
2019-07-10,2019071001004189,SADBL,35,14,"1,000",159.00,"159,000.00"
2019-07-10,2019071001003970,SAEF,22,38,200,9.47,"1,894.00"
2019-07-10,2019071001003840,SANIMA,32,49,105,347.00,"36,435.00"
2019-07-10,2019071001003786,SANIMA,32,43,174,344.00,"59,856.00"
2019-07-10,2019071001004207,SBI,26,57,54,460.00,"24,840.00"
2019-07-10,2019071001004036,SBI,48,57,446,460.00,"205,160.00"
2019-07-10,2019071001004035,SBI,48,11,54,460.00,"24,840.00"
2019-07-10,2019071001003982,SBI,32,11,51,460.00,"23,460.00"
2019-07-10,2019071001003981,SBI,32,28,149,460.00,"68,540.00"
2019-07-10,2019071001003921,SBI,5,4,35,459.00,"16,065.00"
2019-07-10,2019071001003832,SBI,5,16,15,459.00,"6,885.00"
2019-07-10,2019071001003830,SBI,48,16,10,459.00,"4,590.00"
2019-07-10,2019071001003829,SBI,48,4,350,459.00,"160,650.00"
2019-07-10,2019071001003828,SBI,48,4,90,459.00,"41,310.00"
2019-07-10,2019071001004187,SBL,38,45,37,314.00,"11,618.00"
2019-07-10,2019071001004186,SBL,21,45,27,314.00,"8,478.00"
2019-07-10,2019071001004162,SBL,21,38,73,314.00,"22,922.00"
2019-07-10,2019071001004094,SBL,21,38,100,314.00,"31,400.00"
2019-07-10,2019071001003985,SBL,25,40,493,314.00,"154,802.00"
2019-07-10,2019071001003944,SBL,25,33,"1,007",314.00,"316,198.00"
2019-07-10,2019071001003943,SBL,34,33,200,314.00,"62,800.00"
2019-07-10,2019071001003824,SBL,50,7,10,315.00,"3,150.00"
2019-07-10,2019071001004165,SCB,38,56,10,671.00,"6,710.00"
2019-07-10,2019071001004146,SCB,11,44,75,669.00,"50,175.00"
2019-07-10,2019071001004145,SCB,11,49,50,668.00,"33,400.00"
2019-07-10,2019071001004144,SCB,11,25,70,665.00,"46,550.00"
2019-07-10,2019071001004021,SCB,25,28,20,665.00,"13,300.00"
2019-07-10,2019071001004020,SCB,25,34,49,665.00,"32,585.00"
2019-07-10,2019071001004019,SCB,25,39,33,665.00,"21,945.00"
2019-07-10,2019071001004009,SDESI,7,41,13,542.00,"7,046.00"
2019-07-10,2019071001003962,SDESI,21,26,12,543.00,"6,516.00"
2019-07-10,2019071001003875,SDESI,7,41,13,542.00,"7,046.00"
2019-07-10,2019071001003874,SDESI,7,41,13,542.00,"7,046.00"
2019-07-10,2019071001004110,SEF,32,35,500,9.80,"4,900.00"
2019-07-10,2019071001004109,SEF,32,34,"2,000",9.80,"19,600.00"
2019-07-10,2019071001004248,SHIVM,13,49,50,603.00,"30,150.00"
2019-07-10,2019071001004143,SHIVM,57,49,100,603.00,"60,300.00"
2019-07-10,2019071001004055,SHIVM,29,56,100,601.00,"60,100.00"
2019-07-10,2019071001004054,SHIVM,5,56,150,601.00,"90,150.00"
2019-07-10,2019071001004053,SHIVM,5,56,100,601.00,"60,100.00"
2019-07-10,2019071001003925,SHIVM,32,21,200,603.00,"120,600.00"
2019-07-10,2019071001003924,SHIVM,7,21,"1,000",603.00,"603,000.00"
2019-07-10,2019071001003923,SHIVM,8,21,50,604.00,"30,200.00"
2019-07-10,2019071001003837,SHIVM,36,1,100,604.00,"60,400.00"
2019-07-10,2019071001003931,SHIVM,34,21,50,601.00,"30,050.00"
2019-07-10,2019071001003930,SHIVM,52,21,227,602.00,"136,654.00"
2019-07-10,2019071001003929,SHIVM,40,21,300,602.00,"180,600.00"
2019-07-10,2019071001003928,SHIVM,38,21,50,602.00,"30,100.00"
2019-07-10,2019071001003927,SHIVM,17,21,500,602.00,"301,000.00"
2019-07-10,2019071001003926,SHIVM,45,21,390,602.00,"234,780.00"
2019-07-10,2019071001004052,SHIVM,25,56,200,601.00,"120,200.00"
2019-07-10,2019071001004051,SHIVM,7,56,100,601.00,"60,100.00"
2019-07-10,2019071001003934,SHIVM,14,21,100,601.00,"60,100.00"
2019-07-10,2019071001003933,SHIVM,17,21,30,601.00,"18,030.00"
2019-07-10,2019071001003932,SHIVM,39,21,100,601.00,"60,100.00"
2019-07-10,2019071001003957,SHPC,47,19,300,248.00,"74,400.00"
2019-07-10,2019071001004156,SIC,45,7,27,610.00,"16,470.00"
2019-07-10,2019071001004247,SICL,45,47,131,766.00,"100,346.00"
2019-07-10,2019071001003820,SICL,50,40,33,765.00,"25,245.00"
2019-07-10,2019071001003819,SICL,44,40,27,765.00,"20,655.00"
2019-07-10,2019071001004029,SIL,37,16,300,448.00,"134,400.00"
2019-07-10,2019071001004030,SINDU,26,4,200,138.00,"27,600.00"
2019-07-10,2019071001004257,SKBBL,17,50,308,950.00,"292,600.00"
2019-07-10,2019071001004135,SKBBL,45,50,100,950.00,"95,000.00"
2019-07-10,2019071001004134,SKBBL,45,36,10,950.00,"9,500.00"
2019-07-10,2019071001003831,SLBSL,25,49,10,525.00,"5,250.00"
2019-07-10,2019071001004155,SLICL,42,32,164,452.00,"74,128.00"
2019-07-10,2019071001004154,SLICL,1,32,20,452.00,"9,040.00"
2019-07-10,2019071001004153,SLICL,13,32,16,453.00,"7,248.00"
2019-07-10,2019071001004089,SMFBS,21,46,10,465.00,"4,650.00"
2019-07-10,2019071001004060,SMFBS,21,13,10,465.00,"4,650.00"
2019-07-10,2019071001004025,SMFBS,59,57,10,465.00,"4,650.00"
2019-07-10,2019071001003996,SMFBS,59,13,10,465.00,"4,650.00"
2019-07-10,2019071001003990,SMFBS,59,57,10,465.00,"4,650.00"
2019-07-10,2019071001003977,SMFBS,59,57,10,465.00,"4,650.00"
2019-07-10,2019071001003867,SMFBS,59,1,10,465.00,"4,650.00"
2019-07-10,2019071001003853,SMFBS,59,21,10,465.00,"4,650.00"
2019-07-10,2019071001004044,SMFDB,21,55,12,512.00,"6,144.00"
2019-07-10,2019071001004043,SMFDB,21,39,100,510.00,"51,000.00"
2019-07-10,2019071001003918,SPARS,19,18,10,428.00,"4,280.00"
2019-07-10,2019071001003841,SPARS,1,19,10,430.00,"4,300.00"
2019-07-10,2019071001003835,SPARS,1,19,10,430.00,"4,300.00"
2019-07-10,2019071001003774,SPARS,1,17,10,430.00,"4,300.00"
2019-07-10,2019071001004256,SPDL,17,1,15,92.00,"1,380.00"
2019-07-10,2019071001004255,SPDL,17,40,15,91.00,"1,365.00"
2019-07-10,2019071001004254,SPDL,17,34,106,90.00,"9,540.00"
2019-07-10,2019071001004245,SRBL,38,22,390,252.00,"98,280.00"
2019-07-10,2019071001004244,SRBL,38,50,110,252.00,"27,720.00"
2019-07-10,2019071001004173,SRBL,51,29,22,251.00,"5,522.00"
2019-07-10,2019071001004174,UFL,13,19,119,181.00,"21,539.00"
2019-07-10,2019071001004249,UIC,14,55,20,857.00,"17,140.00"
2019-07-10,2019071001004157,UPCL,51,45,50,90.00,"4,500.00"
2019-07-10,2019071001004032,UPCL,51,13,50,90.00,"4,500.00"
2019-07-10,2019071001003949,UPCL,51,49,50,90.00,"4,500.00"
2019-07-10,2019071001003825,UPCL,51,49,100,90.00,"9,000.00"
2019-07-10,2019071001004246,UPPER,13,21,20,268.00,"5,360.00"
2019-07-10,2019071001004228,UPPER,13,21,25,268.00,"6,700.00"
2019-07-10,2019071001004212,UPPER,13,21,25,268.00,"6,700.00"
2019-07-10,2019071001004206,UPPER,13,21,25,268.00,"6,700.00"
2019-07-10,2019071001004179,UPPER,13,16,40,268.00,"10,720.00"
2019-07-10,2019071001004120,UPPER,13,21,20,268.00,"5,360.00"
2019-07-10,2019071001003777,UPPER,41,6,50,269.00,"13,450.00"
2019-07-10,2019071001003885,UPPER,11,43,100,268.00,"26,800.00"
2019-07-10,2019071001003884,UPPER,13,43,30,268.00,"8,040.00"
2019-07-10,2019071001003866,UPPER,13,47,40,268.00,"10,720.00"
2019-07-10,2019071001003861,UPPER,13,17,"1,500",268.00,"402,000.00"
2019-07-10,2019071001003778,UPPER,41,43,50,269.00,"13,450.00"
2019-07-10,2019071001004034,UPPER,36,41,50,268.00,"13,400.00"
2019-07-10,2019071001004026,UPPER,56,41,50,267.00,"13,350.00"
2019-07-10,2019071001003956,UPPER,13,36,293,268.00,"78,524.00"
2019-07-10,2019071001003955,UPPER,13,36,293,268.00,"78,524.00"
2019-07-10,2019071001003954,UPPER,13,41,50,268.00,"13,400.00"
2019-07-10,2019071001003953,UPPER,13,43,"1,470",268.00,"393,960.00"
2019-07-10,2019071001004114,UPPER,17,43,70,269.00,"18,830.00"
2019-07-10,2019071001004113,UPPER,13,36,40,268.00,"10,720.00"
2019-07-10,2019071001004087,UPPER,13,36,40,268.00,"10,720.00"
2019-07-10,2019071001004040,UPPER,13,42,100,268.00,"26,800.00"
2019-07-10,2019071001004039,UPPER,13,21,20,268.00,"5,360.00"
2019-07-10,2019071001004038,UPPER,36,21,30,268.00,"8,040.00"
2019-07-10,2019071001004068,VLBS,53,22,24,484.00,"11,616.00"
2019-07-10,2019071001004045,VLBS,53,50,13,484.00,"6,292.00"
2019-07-10,2019071001003725,ADBL,26,33,100,407.00,"40,700.00"
2019-07-10,2019071001003724,ADBL,26,34,400,407.00,"162,800.00"
2019-07-10,2019071001003646,ADBL,22,22,90,406.00,"36,540.00"
2019-07-10,2019071001003625,ADBL,22,7,301,406.00,"122,206.00"
2019-07-10,2019071001003503,ADBL,22,1,862,406.00,"349,972.00"
2019-07-10,2019071001003498,ADBL,33,1,138,406.00,"56,028.00"
2019-07-10,2019071001003466,ADBL,33,6,"1,362",406.00,"552,972.00"
2019-07-10,2019071001003433,ADBL,6,6,10,406.00,"4,060.00"
2019-07-10,2019071001003401,ADBL,6,4,490,406.00,"198,940.00"
2019-07-10,2019071001003400,ADBL,58,4,10,406.00,"4,060.00"
2019-07-10,2019071001003636,AKPL,42,41,13,181.00,"2,353.00"
2019-07-10,2019071001003426,ALBSL,22,48,10,400.00,"4,000.00"
2019-07-10,2019071001003571,API,25,16,18,143.00,"2,574.00"
2019-07-10,2019071001003570,API,22,20,10,141.00,"1,410.00"
2019-07-10,2019071001003534,API,44,16,65,142.00,"9,230.00"
2019-07-10,2019071001003533,API,44,16,100,142.00,"14,200.00"
2019-07-10,2019071001003532,API,25,16,67,142.00,"9,514.00"
2019-07-10,2019071001003362,API,43,58,10,144.00,"1,440.00"
2019-07-10,2019071001003340,API,43,39,28,144.00,"4,032.00"
2019-07-10,2019071001003339,API,43,58,18,144.00,"2,592.00"
2019-07-10,2019071001003338,API,43,19,"1,400",144.00,"201,600.00"
2019-07-10,2019071001003337,API,43,41,94,143.00,"13,442.00"
2019-07-10,2019071001003308,BFC,45,1,"1,000",102.00,"102,000.00"
2019-07-10,2019071001003753,BOKL,48,33,300,256.00,"76,800.00"
2019-07-10,2019071001003732,BOKL,11,33,200,256.00,"51,200.00"
2019-07-10,2019071001003719,BOKL,48,33,500,256.00,"128,000.00"
2019-07-10,2019071001003333,BOKL,49,49,"5,854",255.00,"1,492,770.00"
2019-07-10,2019071001003672,BPCL,34,41,33,408.00,"13,464.00"
2019-07-10,2019071001003671,BPCL,34,41,33,407.00,"13,431.00"
2019-07-10,2019071001003428,BPCL,36,26,270,408.00,"110,160.00"
2019-07-10,2019071001003427,BPCL,55,26,401,408.00,"163,608.00"
2019-07-10,2019071001003397,BPCL,55,41,33,408.00,"13,464.00"
2019-07-10,2019071001003328,BPCL,55,41,33,408.00,"13,464.00"
2019-07-10,2019071001003550,CBBL,41,50,287,956.00,"274,372.00"
2019-07-10,2019071001003472,CBBL,41,11,45,956.00,"43,020.00"
2019-07-10,2019071001003471,CBBL,41,57,328,956.00,"313,568.00"
2019-07-10,2019071001003470,CBBL,41,7,300,955.00,"286,500.00"
2019-07-10,2019071001003469,CBBL,41,39,40,955.00,"38,200.00"
2019-07-10,2019071001003769,CBL,6,28,100,157.00,"15,700.00"
2019-07-10,2019071001003655,CBL,45,28,300,157.00,"47,100.00"
2019-07-10,2019071001003606,CBL,7,28,100,157.00,"15,700.00"
2019-07-10,2019071001003404,CBL,19,28,12,157.00,"1,884.00"
2019-07-10,2019071001003355,CBL,40,42,777,156.00,"121,212.00"
2019-07-10,2019071001003354,CBL,28,42,100,156.00,"15,600.00"
2019-07-10,2019071001003353,CBL,28,42,123,156.00,"19,188.00"
2019-07-10,2019071001003314,CBL,35,28,500,157.00,"78,500.00"
2019-07-10,2019071001003302,CBL,35,36,500,157.00,"78,500.00"
2019-07-10,2019071001003287,CBL,28,21,285,156.00,"44,460.00"
2019-07-10,2019071001003277,CBL,40,21,116,157.00,"18,212.00"
2019-07-10,2019071001003697,CCBL,34,26,12,176.00,"2,112.00"
2019-07-10,2019071001003505,CCBL,34,16,"3,670",176.00,"645,920.00"
2019-07-10,2019071001003305,CCBL,34,21,746,176.00,"131,296.00"
2019-07-10,2019071001003304,CCBL,45,21,89,176.00,"15,664.00"
2019-07-10,2019071001003557,CFCL,44,17,700,120.00,"84,000.00"
2019-07-10,2019071001003329,CFCL,29,43,150,122.00,"18,300.00"
2019-07-10,2019071001003291,CHCL,45,10,200,514.00,"102,800.00"
2019-07-10,2019071001003290,CHCL,45,44,80,514.00,"41,120.00"
2019-07-10,2019071001003289,CHCL,45,29,50,513.00,"25,650.00"
2019-07-10,2019071001003645,CHL,6,41,10,89.00,890.00
2019-07-10,2019071001003609,CHL,6,41,34,89.00,"3,026.00"
2019-07-10,2019071001003575,CHL,6,41,34,89.00,"3,026.00"
2019-07-10,2019071001003402,CHL,6,41,34,89.00,"3,026.00"
2019-07-10,2019071001003341,CHL,6,41,10,89.00,890.00
2019-07-10,2019071001003331,CHL,6,41,34,89.00,"3,026.00"
2019-07-10,2019071001003444,CIT,37,34,50,"2,434.00","121,700.00"
2019-07-10,2019071001003476,CLBSL,39,54,20,499.00,"9,980.00"
2019-07-10,2019071001003380,CZBIL,58,1,100,223.00,"22,300.00"
2019-07-10,2019071001003379,CZBIL,58,50,100,223.00,"22,300.00"
2019-07-10,2019071001003611,EBL,14,43,500,661.00,"330,500.00"
2019-07-10,2019071001003378,EBL,32,6,150,661.00,"99,150.00"
2019-07-10,2019071001003377,EBL,32,34,"1,000",661.00,"661,000.00"
2019-07-10,2019071001003376,EBL,32,52,105,660.00,"69,300.00"
2019-07-10,2019071001003375,EBL,32,56,100,660.00,"66,000.00"
2019-07-10,2019071001003374,EBL,32,39,50,660.00,"33,000.00"
2019-07-10,2019071001003373,EBL,32,35,100,659.00,"65,900.00"
2019-07-10,2019071001003597,EIC,38,17,82,374.00,"30,668.00"
2019-07-10,2019071001003596,EIC,38,38,18,370.00,"6,660.00"
2019-07-10,2019071001003772,FMDBL,35,41,200,375.00,"75,000.00"
2019-07-10,2019071001003771,FMDBL,35,41,20,375.00,"7,500.00"
2019-07-10,2019071001003770,FMDBL,17,41,53,375.00,"19,875.00"
2019-07-10,2019071001003449,FMDBL,17,49,447,375.00,"167,625.00"
2019-07-10,2019071001003448,FMDBL,6,49,30,375.00,"11,250.00"
2019-07-10,2019071001003447,FMDBL,10,49,23,375.00,"8,625.00"
2019-07-10,2019071001003301,FMDBL,10,43,77,375.00,"28,875.00"
2019-07-10,2019071001003300,FMDBL,19,43,20,375.00,"7,500.00"
2019-07-10,2019071001003680,FOWAD,1,54,32,"1,312.00","41,984.00"
2019-07-10,2019071001003679,FOWAD,39,54,17,"1,314.00","22,338.00"
2019-07-10,2019071001003616,FOWAD,39,41,10,"1,314.00","13,140.00"
2019-07-10,2019071001003615,FOWAD,10,41,10,"1,315.00","13,150.00"
2019-07-10,2019071001003614,FOWAD,42,41,10,"1,315.00","13,150.00"
2019-07-10,2019071001003554,FOWAD,1,55,100,"1,315.00","131,500.00"
2019-07-10,2019071001003474,FOWAD,1,20,19,"1,316.00","25,004.00"
2019-07-10,2019071001003458,FOWAD,1,20,19,"1,316.00","25,004.00"
2019-07-10,2019071001003443,FOWAD,1,20,19,"1,316.00","25,004.00"
2019-07-10,2019071001003346,FOWAD,1,41,18,"1,316.00","23,688.00"
2019-07-10,2019071001003345,FOWAD,6,41,12,"1,317.00","15,804.00"
2019-07-10,2019071001003703,GBBL,38,33,304,223.00,"67,792.00"
2019-07-10,2019071001003608,GBBL,38,33,650,223.00,"144,950.00"
2019-07-10,2019071001003551,GBBL,38,33,"1,000",223.00,"223,000.00"
2019-07-10,2019071001003336,GBBL,50,33,169,222.00,"37,518.00"
2019-07-10,2019071001003648,GBLBS,37,53,10,340.00,"3,400.00"
2019-07-10,2019071001003628,GBLBS,57,41,10,340.00,"3,400.00"
2019-07-10,2019071001003622,GBLBS,57,38,90,340.00,"30,600.00"
2019-07-10,2019071001003621,GBLBS,44,38,100,341.00,"34,100.00"
2019-07-10,2019071001003620,GBLBS,49,38,110,341.00,"37,510.00"
2019-07-10,2019071001003531,GBLBS,49,53,10,341.00,"3,410.00"
2019-07-10,2019071001003408,GBLBS,49,41,10,341.00,"3,410.00"
2019-07-10,2019071001003360,GBLBS,49,41,10,341.00,"3,410.00"
2019-07-10,2019071001003369,GFCL,59,21,40,134.00,"5,360.00"
2019-07-10,2019071001003535,GLBSL,10,6,10,398.00,"3,980.00"
2019-07-10,2019071001003654,GMFBS,22,17,10,437.00,"4,370.00"
2019-07-10,2019071001003649,GMFBS,50,17,10,437.00,"4,370.00"
2019-07-10,2019071001003624,GMFBS,50,17,10,437.00,"4,370.00"
2019-07-10,2019071001003502,GMFBS,46,6,10,438.00,"4,380.00"
2019-07-10,2019071001003454,GMFBS,38,18,10,439.00,"4,390.00"
2019-07-10,2019071001003653,GRDBL,57,41,50,115.00,"5,750.00"
2019-07-10,2019071001003695,GUFL,39,42,32,121.00,"3,872.00"
2019-07-10,2019071001003694,GUFL,39,45,30,121.00,"3,630.00"
2019-07-10,2019071001003693,GUFL,39,47,17,121.00,"2,057.00"
2019-07-10,2019071001003761,HBL,22,48,100,535.00,"53,500.00"
2019-07-10,2019071001003749,HIDCL,51,41,520,160.00,"83,200.00"
2019-07-10,2019071001003735,HIDCL,51,26,31,160.00,"4,960.00"
2019-07-10,2019071001003727,HIDCL,51,32,50,160.00,"8,000.00"
2019-07-10,2019071001003686,HIDCL,51,26,31,160.00,"4,960.00"
2019-07-10,2019071001003663,HIDCL,51,41,98,160.00,"15,680.00"
2019-07-10,2019071001003662,HIDCL,14,41,216,160.00,"34,560.00"
2019-07-10,2019071001003311,HIDCL,49,39,100,161.00,"16,100.00"
2019-07-10,2019071001003298,HIDCL,14,52,276,160.00,"44,160.00"
2019-07-10,2019071001003668,HPPL,19,41,20,174.00,"3,480.00"
2019-07-10,2019071001003633,HPPL,19,41,10,174.00,"1,740.00"
2019-07-10,2019071001003588,HPPL,19,41,20,174.00,"3,480.00"
