Date,Transact. No.,Symbol,Buyer,Seller,Quantity,Rate,Amount
2019-11-24,2019112401004916,ADBL,29,19,355,404.00,"143,420.00"
2019-11-24,2019112401004915,ADBL,29,19,"1,000",404.00,"404,000.00"
2019-11-24,2019112401004914,ADBL,22,19,50,404.00,"20,200.00"
2019-11-24,2019112401004844,ADBL,14,19,50,405.00,"20,250.00"
2019-11-24,2019112401004742,ADBL,35,19,20,405.00,"8,100.00"
2019-11-24,2019112401004741,ADBL,51,19,25,405.00,"10,125.00"
2019-11-24,2019112401004721,ADBL,51,19,90,405.00,"36,450.00"
2019-11-24,2019112401004541,ADBL,45,53,162,405.00,"65,610.00"
2019-11-24,2019112401004643,AHPC,44,22,50,96.00,"4,800.00"
2019-11-24,2019112401004931,AKBSL,43,47,10,425.00,"4,250.00"
2019-11-24,2019112401004941,AKJCL,51,56,10,59.00,590.00
2019-11-24,2019112401004770,AKJCL,51,56,100,58.00,"5,800.00"
2019-11-24,2019112401004549,AKJCL,6,35,10,57.00,570.00
2019-11-24,2019112401005018,AKPL,44,39,245,109.00,"26,705.00"
2019-11-24,2019112401004747,AKPL,16,39,952,110.00,"104,720.00"
2019-11-24,2019112401004579,AKPL,51,39,200,111.00,"22,200.00"
2019-11-24,2019112401004578,AKPL,33,39,74,111.00,"8,214.00"
2019-11-24,2019112401004572,AKPL,33,35,13,111.00,"1,443.00"
2019-11-24,2019112401004530,ALBSL,33,17,50,390.00,"19,500.00"
2019-11-24,2019112401005009,ALICL,49,44,"6,126",314.00,"1,923,564.00"
2019-11-24,2019112401005008,ALICL,49,28,400,314.00,"125,600.00"
2019-11-24,2019112401004766,ALICL,19,1,13,312.00,"4,056.00"
2019-11-24,2019112401004765,ALICL,35,1,60,312.00,"18,720.00"
2019-11-24,2019112401004723,ALICL,49,28,100,312.00,"31,200.00"
2019-11-24,2019112401004647,ALICL,49,28,900,312.00,"280,800.00"
2019-11-24,2019112401004646,ALICL,52,28,100,312.00,"31,200.00"
2019-11-24,2019112401004922,API,25,34,15,107.00,"1,605.00"
2019-11-24,2019112401004878,API,25,53,10,107.00,"1,070.00"
2019-11-24,2019112401004849,API,25,34,172,105.00,"18,060.00"
2019-11-24,2019112401004848,API,25,34,13,104.00,"1,352.00"
2019-11-24,2019112401004847,API,25,51,500,103.00,"51,500.00"
2019-11-24,2019112401004846,API,25,41,"1,000",103.00,"103,000.00"
2019-11-24,2019112401004754,API,25,41,27,103.00,"2,781.00"
2019-11-24,2019112401004726,API,25,53,600,102.00,"61,200.00"
2019-11-24,2019112401004725,API,39,53,200,102.00,"20,400.00"
2019-11-24,2019112401004561,API,38,41,102,103.00,"10,506.00"
2019-11-24,2019112401004845,API,25,53,300,103.00,"30,900.00"
2019-11-24,2019112401004836,API,25,53,700,103.00,"72,100.00"
2019-11-24,2019112401004835,API,25,58,300,102.00,"30,600.00"
2019-11-24,2019112401004760,API,51,17,28,101.00,"2,828.00"
2019-11-24,2019112401004755,API,25,13,12,103.00,"1,236.00"
2019-11-24,2019112401004739,BFC,39,8,100,87.00,"8,700.00"
2019-11-24,2019112401004781,BOKL,18,18,150,213.00,"31,950.00"
2019-11-24,2019112401004717,BOKL,44,57,300,212.00,"63,600.00"
2019-11-24,2019112401004591,BOKL,37,53,118,213.00,"25,134.00"
2019-11-24,2019112401004893,BPCL,47,39,72,343.00,"24,696.00"
2019-11-24,2019112401004892,BPCL,32,39,28,343.00,"9,604.00"
2019-11-24,2019112401004945,CBBL,58,47,30,969.00,"29,070.00"
2019-11-24,2019112401004624,CBBL,11,47,30,962.00,"28,860.00"
2019-11-24,2019112401005015,CBL,43,32,10,136.00,"1,360.00"
2019-11-24,2019112401004880,CHCL,44,17,30,350.00,"10,500.00"
2019-11-24,2019112401004636,CHCL,44,40,200,350.00,"70,000.00"
2019-11-24,2019112401004830,CHL,58,35,10,79.00,790.00
2019-11-24,2019112401004855,CIT,32,18,20,"1,710.00","34,200.00"
2019-11-24,2019112401004780,CLBSL,48,17,17,449.00,"7,633.00"
2019-11-24,2019112401005021,CZBIL,44,37,10,182.00,"1,820.00"
2019-11-24,2019112401004840,CZBIL,22,35,10,181.00,"1,810.00"
2019-11-24,2019112401004790,DDBL,50,43,160,713.00,"114,080.00"
2019-11-24,2019112401004746,DDBL,49,43,100,713.00,"71,300.00"
2019-11-24,2019112401004891,DHPL,22,17,11,49.00,539.00
2019-11-24,2019112401004973,EBL,48,45,200,539.00,"107,800.00"
2019-11-24,2019112401004948,EBL,6,13,53,540.00,"28,620.00"
2019-11-24,2019112401004918,EBL,56,13,150,540.00,"81,000.00"
2019-11-24,2019112401004903,EBL,58,13,10,543.00,"5,430.00"
2019-11-24,2019112401004623,EBL,26,32,85,538.00,"45,730.00"
2019-11-24,2019112401004622,EBL,34,32,100,538.00,"53,800.00"
2019-11-24,2019112401004621,EBL,11,32,100,538.00,"53,800.00"
2019-11-24,2019112401004620,EBL,4,32,100,539.00,"53,900.00"
2019-11-24,2019112401004619,EBL,7,32,34,539.00,"18,326.00"
2019-11-24,2019112401004618,EBL,42,32,50,540.00,"27,000.00"
2019-11-24,2019112401005024,EIC,45,5,120,213.00,"25,560.00"
2019-11-24,2019112401004680,EIC,19,48,50,210.00,"10,500.00"
2019-11-24,2019112401004890,FMDBL,49,16,50,301.00,"15,050.00"
2019-11-24,2019112401004889,FMDBL,44,16,50,301.00,"15,050.00"
2019-11-24,2019112401004665,FMDBL,49,25,300,303.00,"90,900.00"
2019-11-24,2019112401004664,FMDBL,49,40,15,303.00,"4,545.00"
2019-11-24,2019112401005020,FOWAD,29,22,20,"1,302.00","26,040.00"
2019-11-24,2019112401004937,FOWAD,29,19,19,"1,300.00","24,700.00"
2019-11-24,2019112401004923,GBBL,42,14,50,224.00,"11,200.00"
2019-11-24,2019112401004881,GBBL,1,14,300,224.00,"67,200.00"
2019-11-24,2019112401004858,GBBL,57,14,100,224.00,"22,400.00"
2019-11-24,2019112401004842,GBBL,22,14,40,224.00,"8,960.00"
2019-11-24,2019112401004841,GBBL,22,22,10,224.00,"2,240.00"
2019-11-24,2019112401004946,GBLBS,14,55,100,287.00,"28,700.00"
2019-11-24,2019112401004734,GBLBS,57,50,215,286.00,"61,490.00"
2019-11-24,2019112401004877,GGBSL,49,44,10,627.00,"6,270.00"
2019-11-24,2019112401004866,GGBSL,49,16,10,627.00,"6,270.00"
2019-11-24,2019112401004859,GGBSL,22,57,10,626.00,"6,260.00"
2019-11-24,2019112401004794,GGBSL,22,1,10,626.00,"6,260.00"
2019-11-24,2019112401004683,GGBSL,34,58,90,628.00,"56,520.00"
2019-11-24,2019112401004682,GGBSL,34,4,10,628.00,"6,280.00"
2019-11-24,2019112401004675,GGBSL,48,4,10,628.00,"6,280.00"
2019-11-24,2019112401004655,GGBSL,48,58,10,628.00,"6,280.00"
2019-11-24,2019112401004544,GGBSL,48,58,10,628.00,"6,280.00"
2019-11-24,2019112401004769,GGBSL,22,42,10,626.00,"6,260.00"
2019-11-24,2019112401004719,GGBSL,49,33,30,628.00,"18,840.00"
2019-11-24,2019112401004693,GGBSL,22,4,10,626.00,"6,260.00"
2019-11-24,2019112401004687,GGBSL,49,33,90,628.00,"56,520.00"
2019-11-24,2019112401004684,GGBSL,49,58,30,628.00,"18,840.00"
2019-11-24,2019112401004980,GLICL,25,38,10,346.00,"3,460.00"
2019-11-24,2019112401004626,GMFIL,34,48,10,112.00,"1,120.00"
2019-11-24,2019112401004625,GMFIL,43,48,500,112.00,"56,000.00"
2019-11-24,2019112401004865,GRDBL,14,43,990,100.00,"99,000.00"
2019-11-24,2019112401004864,GRDBL,45,43,110,100.00,"11,000.00"
2019-11-24,2019112401005029,HBL,22,39,50,471.00,"23,550.00"
2019-11-24,2019112401004935,HBL,6,26,410,470.00,"192,700.00"
2019-11-24,2019112401004934,HBL,40,26,290,471.00,"136,590.00"
2019-11-24,2019112401004933,HBL,11,26,100,471.00,"47,100.00"
2019-11-24,2019112401004932,HBL,11,26,100,472.00,"47,200.00"
2019-11-24,2019112401004898,HDL,48,33,50,"1,735.00","86,750.00"
2019-11-24,2019112401004582,HDL,13,19,170,"1,732.00","294,440.00"
2019-11-24,2019112401004581,HDL,55,19,20,"1,732.00","34,640.00"
2019-11-24,2019112401004580,HDL,35,19,10,"1,733.00","17,330.00"
2019-11-24,2019112401004732,HGI,28,46,400,235.00,"94,000.00"
2019-11-24,2019112401004731,HGI,37,46,100,235.00,"23,500.00"
2019-11-24,2019112401004970,HIDCL,14,35,38,130.00,"4,940.00"
2019-11-24,2019112401004969,HIDCL,14,13,490,130.00,"63,700.00"
2019-11-24,2019112401004968,HIDCL,14,17,223,130.00,"28,990.00"
2019-11-24,2019112401004874,HIDCL,38,13,10,130.00,"1,300.00"
2019-11-24,2019112401004991,HPPL,45,35,10,132.00,"1,320.00"
2019-11-24,2019112401004879,ICFC,44,25,50,157.00,"7,850.00"
2019-11-24,2019112401004857,IGI,49,19,299,280.00,"83,720.00"
2019-11-24,2019112401004654,IGI,49,37,913,280.00,"255,640.00"
2019-11-24,2019112401004653,IGI,17,37,40,280.00,"11,200.00"
2019-11-24,2019112401004652,IGI,39,37,47,281.00,"13,207.00"
2019-11-24,2019112401004757,IGI,49,45,120,280.00,"33,600.00"
2019-11-24,2019112401004756,IGI,14,45,30,281.00,"8,430.00"
2019-11-24,2019112401004953,ILBS,39,16,10,464.00,"4,640.00"
2019-11-24,2019112401004887,ILBS,39,54,10,464.00,"4,640.00"
2019-11-24,2019112401004940,JBBL,21,45,22,158.00,"3,476.00"
2019-11-24,2019112401004566,JBBL,21,58,400,158.00,"63,200.00"
2019-11-24,2019112401004920,JFL,37,17,500,190.00,"95,000.00"
2019-11-24,2019112401004939,JSLBB,34,17,10,"1,151.00","11,510.00"
2019-11-24,2019112401004743,JSLBB,38,51,10,"1,142.00","11,420.00"
2019-11-24,2019112401004540,JSLBB,38,19,36,"1,120.00","40,320.00"
2019-11-24,2019112401004539,JSLBB,41,19,100,"1,122.00","112,200.00"
2019-11-24,2019112401004960,KBL,57,56,948,177.00,"167,796.00"
2019-11-24,2019112401004959,KBL,57,14,669,177.00,"118,413.00"
2019-11-24,2019112401004748,KBL,57,14,100,177.00,"17,700.00"
2019-11-24,2019112401004917,KKHC,35,17,16,52.00,832.00
2019-11-24,2019112401004994,KPCL,56,59,10,84.00,840.00
2019-11-24,2019112401004938,KPCL,56,36,10,84.00,840.00
2019-11-24,2019112401004852,KPCL,56,59,50,83.00,"4,150.00"
2019-11-24,2019112401004641,KSBBL,33,37,700,132.00,"92,400.00"
2019-11-24,2019112401004640,KSBBL,17,37,500,132.00,"66,000.00"
2019-11-24,2019112401004565,KSBBL,39,32,200,133.00,"26,600.00"
2019-11-24,2019112401004929,LBBL,44,32,300,168.00,"50,400.00"
2019-11-24,2019112401004796,LBBL,44,32,60,168.00,"10,080.00"
2019-11-24,2019112401004635,LBBL,44,32,50,168.00,"8,400.00"
2019-11-24,2019112401004904,LBL,46,34,100,212.00,"21,200.00"
2019-11-24,2019112401004779,LBL,34,32,500,210.00,"105,000.00"
2019-11-24,2019112401004778,LBL,13,32,300,210.00,"63,000.00"
2019-11-24,2019112401004777,LBL,22,32,200,210.00,"42,000.00"
2019-11-24,2019112401004888,LICN,25,13,75,928.00,"69,600.00"
2019-11-24,2019112401004735,LICN,25,59,10,930.00,"9,300.00"
2019-11-24,2019112401004700,LICN,34,14,50,920.00,"46,000.00"
2019-11-24,2019112401005005,LLBS,18,52,22,672.00,"14,784.00"
2019-11-24,2019112401004875,LLBS,40,54,14,667.00,"9,338.00"
2019-11-24,2019112401004832,LLBS,22,19,53,670.00,"35,510.00"
2019-11-24,2019112401004645,LLBS,22,57,47,670.00,"31,490.00"
2019-11-24,2019112401004562,LLBS,19,25,35,672.00,"23,520.00"
2019-11-24,2019112401004928,MBL,57,43,468,216.00,"101,088.00"
2019-11-24,2019112401004927,MBL,57,37,865,216.00,"186,840.00"
2019-11-24,2019112401004784,MDB,17,51,49,237.00,"11,613.00"
2019-11-24,2019112401005025,MEGA,43,42,10,181.00,"1,810.00"
2019-11-24,2019112401005001,MEGA,57,41,300,180.00,"54,000.00"
2019-11-24,2019112401005000,MEGA,57,48,506,180.00,"91,080.00"
2019-11-24,2019112401004999,MEGA,57,57,300,180.00,"54,000.00"
2019-11-24,2019112401004998,MEGA,57,16,100,180.00,"18,000.00"
2019-11-24,2019112401004997,MEGA,57,38,500,179.00,"89,500.00"
2019-11-24,2019112401004677,MEGA,57,16,395,179.00,"70,705.00"
2019-11-24,2019112401004574,MEGA,57,57,300,178.00,"53,400.00"
2019-11-24,2019112401004537,MEGA,41,16,40,179.00,"7,160.00"
2019-11-24,2019112401004996,MEGA,57,16,690,179.00,"123,510.00"
2019-11-24,2019112401004718,MEGA,49,16,200,179.00,"35,800.00"
2019-11-24,2019112401004573,MERO,36,45,30,410.00,"12,300.00"
2019-11-24,2019112401005014,MNBBL,41,28,500,308.00,"154,000.00"
2019-11-24,2019112401005013,MNBBL,39,28,500,308.00,"154,000.00"
2019-11-24,2019112401004965,MNBBL,36,41,45,309.00,"13,905.00"
2019-11-24,2019112401004642,MNBBL,39,41,114,309.00,"35,226.00"
2019-11-24,2019112401004583,MNBBL,42,41,266,309.00,"82,194.00"
2019-11-24,2019112401004571,MNBBL,42,41,14,309.00,"4,326.00"
2019-11-24,2019112401004570,MNBBL,58,41,36,310.00,"11,160.00"
2019-11-24,2019112401004795,MSMBS,51,17,22,444.00,"9,768.00"
2019-11-24,2019112401004714,NABIL,33,32,100,730.00,"73,000.00"
2019-11-24,2019112401004713,NABIL,6,32,77,730.00,"56,210.00"
2019-11-24,2019112401004712,NABIL,32,32,500,730.00,"365,000.00"
2019-11-24,2019112401004711,NABIL,45,32,80,730.00,"58,400.00"
2019-11-24,2019112401004710,NABIL,44,32,50,730.00,"36,500.00"
2019-11-24,2019112401004709,NABIL,55,32,30,730.00,"21,900.00"
2019-11-24,2019112401004569,NABIL,39,46,100,733.00,"73,300.00"
2019-11-24,2019112401004568,NABIL,11,46,50,733.00,"36,650.00"
2019-11-24,2019112401004567,NABIL,49,46,50,733.00,"36,650.00"
2019-11-24,2019112401004702,NABIL,45,32,100,731.00,"73,100.00"
2019-11-24,2019112401004701,NABIL,19,32,500,731.00,"365,500.00"
2019-11-24,2019112401004663,NABIL,52,1,20,732.00,"14,640.00"
2019-11-24,2019112401004662,NABIL,39,1,50,732.00,"36,600.00"
2019-11-24,2019112401004661,NABIL,58,1,30,732.00,"21,960.00"
2019-11-24,2019112401004660,NABIL,39,1,60,733.00,"43,980.00"
2019-11-24,2019112401004708,NABIL,41,32,10,730.00,"7,300.00"
2019-11-24,2019112401004707,NABIL,44,32,200,730.00,"146,000.00"
2019-11-24,2019112401004706,NABIL,52,32,20,730.00,"14,600.00"
2019-11-24,2019112401004705,NABIL,55,32,500,730.00,"365,000.00"
2019-11-24,2019112401004704,NABIL,26,32,50,730.00,"36,500.00"
2019-11-24,2019112401004703,NABIL,28,32,100,730.00,"73,000.00"
2019-11-24,2019112401004930,NBB,1,35,20,198.00,"3,960.00"
2019-11-24,2019112401004912,NBB,13,40,103,199.00,"20,497.00"
2019-11-24,2019112401004911,NBB,13,18,100,199.00,"19,900.00"
2019-11-24,2019112401004827,NBB,11,40,22,199.00,"4,378.00"
2019-11-24,2019112401004826,NBB,48,40,25,199.00,"4,975.00"
2019-11-24,2019112401004825,NBB,56,40,50,199.00,"9,950.00"
2019-11-24,2019112401005022,NBL,21,25,50,310.00,"15,500.00"
2019-11-24,2019112401004992,NBL,8,25,613,311.00,"190,643.00"
2019-11-24,2019112401004979,NBL,8,47,387,311.00,"120,357.00"
2019-11-24,2019112401004978,NBL,36,47,13,311.00,"4,043.00"
2019-11-24,2019112401004886,NBL,36,25,487,311.00,"151,457.00"
2019-11-24,2019112401004885,NBL,50,25,500,311.00,"155,500.00"
2019-11-24,2019112401004551,NBL,42,46,898,312.00,"280,176.00"
2019-11-24,2019112401004550,NBL,39,46,110,312.00,"34,320.00"
2019-11-24,2019112401004884,NBL,10,25,13,311.00,"4,043.00"
2019-11-24,2019112401004882,NBL,10,34,100,311.00,"31,100.00"
2019-11-24,2019112401004685,NBL,44,44,102,312.00,"31,824.00"
2019-11-24,2019112401004629,NBL,44,44,"10,898",312.00,"3,400,176.00"
2019-11-24,2019112401004628,NBL,42,44,102,312.00,"31,824.00"
2019-11-24,2019112401004554,NBL,57,10,250,313.00,"78,250.00"
2019-11-24,2019112401004860,NCCB,58,21,20,197.00,"3,940.00"
2019-11-24,2019112401004776,NCCB,42,40,200,196.00,"39,200.00"
2019-11-24,2019112401004768,NCCB,17,55,174,195.00,"33,930.00"
2019-11-24,2019112401004767,NCCB,44,55,13,195.00,"2,535.00"
2019-11-24,2019112401004699,NCCB,44,46,37,195.00,"7,215.00"
2019-11-24,2019112401004698,NCCB,54,46,100,195.00,"19,500.00"
2019-11-24,2019112401004584,NCCB,25,16,179,195.00,"34,905.00"
2019-11-24,2019112401004610,NCCB,33,16,179,195.00,"34,905.00"
2019-11-24,2019112401004589,NCCB,33,16,121,195.00,"23,595.00"
2019-11-24,2019112401004588,NCCB,48,16,500,195.00,"97,500.00"
2019-11-24,2019112401004587,NCCB,19,16,500,195.00,"97,500.00"
2019-11-24,2019112401004586,NCCB,46,16,200,195.00,"39,000.00"
2019-11-24,2019112401004585,NCCB,59,16,"1,000",195.00,"195,000.00"
2019-11-24,2019112401004616,NCCB,43,16,500,195.00,"97,500.00"
2019-11-24,2019112401004615,NCCB,43,16,70,195.00,"13,650.00"
2019-11-24,2019112401004614,NCCB,45,16,31,195.00,"6,045.00"
2019-11-24,2019112401004613,NCCB,44,16,200,195.00,"39,000.00"
2019-11-24,2019112401004612,NCCB,54,16,"1,000",195.00,"195,000.00"
2019-11-24,2019112401004611,NCCB,52,16,500,195.00,"97,500.00"
2019-11-24,2019112401004697,NCCB,45,46,200,195.00,"39,000.00"
2019-11-24,2019112401004696,NCCB,42,46,200,195.00,"39,000.00"
2019-11-24,2019112401004695,NCCB,58,46,40,195.00,"7,800.00"
2019-11-24,2019112401004694,NCCB,40,46,423,195.00,"82,485.00"
2019-11-24,2019112401004644,NCCB,40,41,57,195.00,"11,115.00"
2019-11-24,2019112401004617,NCCB,40,16,20,195.00,"3,900.00"
2019-11-24,2019112401004936,NGPL,35,17,63,107.00,"6,741.00"
2019-11-24,2019112401004871,NGPL,39,25,390,108.00,"42,120.00"
2019-11-24,2019112401004538,NHDL,45,4,100,109.00,"10,900.00"
2019-11-24,2019112401004897,NHPC,35,34,440,52.00,"22,880.00"
2019-11-24,2019112401004896,NHPC,35,55,200,52.00,"10,400.00"
2019-11-24,2019112401004895,NHPC,35,22,300,52.00,"15,600.00"
2019-11-24,2019112401004894,NHPC,35,26,60,52.00,"3,120.00"
2019-11-24,2019112401004818,NIB,54,17,76,419.00,"31,844.00"
2019-11-24,2019112401004817,NIB,54,40,99,419.00,"41,481.00"
2019-11-24,2019112401004797,NIB,34,40,19,420.00,"7,980.00"
2019-11-24,2019112401004738,NIB,34,50,50,420.00,"21,000.00"
2019-11-24,2019112401004737,NIB,16,50,250,420.00,"105,000.00"
2019-11-24,2019112401004686,NIB,16,44,100,420.00,"42,000.00"
2019-11-24,2019112401004824,NIBPO,8,1,374,385.00,"143,990.00"
2019-11-24,2019112401004823,NIBPO,8,1,369,385.00,"142,065.00"
2019-11-24,2019112401004834,NIBSF1,20,28,"2,000",8.50,"17,000.00"
2019-11-24,2019112401004919,NICA,36,54,20,400.00,"8,000.00"
2019-11-24,2019112401004870,NICA,38,40,71,398.00,"28,258.00"
2019-11-24,2019112401004775,NICA,50,19,350,397.00,"138,950.00"
2019-11-24,2019112401004674,NICA,50,19,225,397.00,"89,325.00"
2019-11-24,2019112401004650,NICA,4,19,300,397.00,"119,100.00"
2019-11-24,2019112401004649,NICA,39,19,75,397.00,"29,775.00"
2019-11-24,2019112401004648,NICA,4,19,50,397.00,"19,850.00"
2019-11-24,2019112401004606,NICA,4,45,200,398.00,"79,600.00"
2019-11-24,2019112401005004,NICL,51,40,100,239.00,"23,900.00"
2019-11-24,2019112401005003,NICL,6,40,100,239.00,"23,900.00"
2019-11-24,2019112401005002,NICL,41,40,253,239.00,"60,467.00"
2019-11-24,2019112401004676,NICL,25,56,20,241.00,"4,820.00"
2019-11-24,2019112401004800,NIL,39,25,10,378.00,"3,780.00"
2019-11-24,2019112401004774,NLBBL,10,43,10,499.00,"4,990.00"
2019-11-24,2019112401004981,NLG,25,45,10,505.00,"5,050.00"
2019-11-24,2019112401004733,NLG,26,40,260,496.00,"128,960.00"
2019-11-24,2019112401004679,NLG,26,59,240,496.00,"119,040.00"
2019-11-24,2019112401004678,NLG,13,59,60,497.00,"29,820.00"
2019-11-24,2019112401004666,NLG,25,59,10,504.00,"5,040.00"
2019-11-24,2019112401004557,NLG,13,59,440,497.00,"218,680.00"
2019-11-24,2019112401004556,NLG,25,59,10,497.00,"4,970.00"
2019-11-24,2019112401004555,NLG,6,59,50,498.00,"24,900.00"
2019-11-24,2019112401004785,NLIC,10,8,10,785.00,"7,850.00"
2019-11-24,2019112401004759,NLIC,42,8,75,785.00,"58,875.00"
2019-11-24,2019112401004773,NLICL,25,33,10,419.00,"4,190.00"
2019-11-24,2019112401005006,NMB,58,38,300,378.00,"113,400.00"
2019-11-24,2019112401004990,NMB,42,38,30,378.00,"11,340.00"
2019-11-24,2019112401004958,NMB,36,38,35,378.00,"13,230.00"
2019-11-24,2019112401004957,NMB,45,38,280,378.00,"105,840.00"
2019-11-24,2019112401004956,NMB,34,38,50,378.00,"18,900.00"
2019-11-24,2019112401004955,NMB,37,38,50,378.00,"18,900.00"
2019-11-24,2019112401004533,NMB,33,29,"1,000",379.00,"379,000.00"
2019-11-24,2019112401004532,NMB,21,29,300,379.00,"113,700.00"
2019-11-24,2019112401004531,NMB,6,29,142,379.00,"53,818.00"
2019-11-24,2019112401004598,NMB,42,36,100,379.00,"37,900.00"
2019-11-24,2019112401004597,NMB,10,36,"1,000",379.00,"379,000.00"
2019-11-24,2019112401004596,NMB,10,36,525,379.00,"198,975.00"
2019-11-24,2019112401004575,NMB,50,36,50,380.00,"19,000.00"
2019-11-24,2019112401004535,NMB,10,29,475,379.00,"180,025.00"
2019-11-24,2019112401004534,NMB,28,29,100,379.00,"37,900.00"
2019-11-24,2019112401004604,NMB,20,36,100,379.00,"37,900.00"
2019-11-24,2019112401004603,NMB,52,36,300,379.00,"113,700.00"
2019-11-24,2019112401004602,NMB,39,36,300,379.00,"113,700.00"
2019-11-24,2019112401004601,NMB,51,36,100,379.00,"37,900.00"
2019-11-24,2019112401004600,NMB,37,36,200,379.00,"75,800.00"
2019-11-24,2019112401004599,NMB,51,36,100,379.00,"37,900.00"
2019-11-24,2019112401004730,NMB,34,59,46,379.00,"17,434.00"
2019-11-24,2019112401004729,NMB,29,59,50,379.00,"18,950.00"
2019-11-24,2019112401004728,NMB,19,59,104,379.00,"39,416.00"
2019-11-24,2019112401004720,NMB,19,35,300,379.00,"113,700.00"
2019-11-24,2019112401004630,NMB,19,41,50,379.00,"18,950.00"
2019-11-24,2019112401004605,NMB,19,36,46,379.00,"17,434.00"
2019-11-24,2019112401004802,NMB,34,33,202,378.00,"76,356.00"
2019-11-24,2019112401004801,NMB,57,33,198,378.00,"74,844.00"
2019-11-24,2019112401004791,NMB,57,33,246,378.00,"92,988.00"
2019-11-24,2019112401004753,NMB,42,33,50,379.00,"18,950.00"
2019-11-24,2019112401004752,NMB,42,33,100,379.00,"37,900.00"
2019-11-24,2019112401004751,NMB,34,33,104,379.00,"39,416.00"
2019-11-24,2019112401004810,NMB,25,19,200,378.00,"75,600.00"
2019-11-24,2019112401004809,NMB,4,19,200,378.00,"75,600.00"
2019-11-24,2019112401004808,NMB,39,19,450,378.00,"170,100.00"
2019-11-24,2019112401004807,NMB,38,19,140,378.00,"52,920.00"
2019-11-24,2019112401004806,NMB,37,19,"1,000",378.00,"378,000.00"
2019-11-24,2019112401004805,NMB,34,19,98,378.00,"37,044.00"
2019-11-24,2019112401004816,NMB,6,19,211,378.00,"79,758.00"
2019-11-24,2019112401004815,NMB,14,19,30,378.00,"11,340.00"
2019-11-24,2019112401004814,NMB,1,19,200,378.00,"75,600.00"
2019-11-24,2019112401004813,NMB,45,19,100,378.00,"37,800.00"
2019-11-24,2019112401004812,NMB,3,19,100,378.00,"37,800.00"
2019-11-24,2019112401004811,NMB,19,19,200,378.00,"75,600.00"
2019-11-24,2019112401004905,NMB,36,45,40,379.00,"15,160.00"
2019-11-24,2019112401004902,NMB,45,17,31,378.00,"11,718.00"
2019-11-24,2019112401004901,NMB,25,17,100,378.00,"37,800.00"
2019-11-24,2019112401004900,NMB,36,17,50,378.00,"18,900.00"
2019-11-24,2019112401004899,NMB,6,17,19,378.00,"7,182.00"
2019-11-24,2019112401004851,NMB,6,51,270,378.00,"102,060.00"
2019-11-24,2019112401004954,NMB,14,38,59,378.00,"22,302.00"
2019-11-24,2019112401004910,NMB,14,45,41,378.00,"15,498.00"
2019-11-24,2019112401004909,NMB,49,45,100,378.00,"37,800.00"
2019-11-24,2019112401004908,NMB,26,45,200,378.00,"75,600.00"
2019-11-24,2019112401004907,NMB,38,45,100,378.00,"37,800.00"
2019-11-24,2019112401004906,NMB,45,45,69,378.00,"26,082.00"
2019-11-24,2019112401004988,NMBMF,28,43,80,476.00,"38,080.00"
2019-11-24,2019112401004987,NMBMF,14,43,10,477.00,"4,770.00"
2019-11-24,2019112401004961,NMBMF,55,55,1,468.00,468.00
2019-11-24,2019112401004873,NMBMF,14,43,190,477.00,"90,630.00"
2019-11-24,2019112401004821,NMBMF,10,43,10,480.00,"4,800.00"
2019-11-24,2019112401005016,NMFBS,1,26,25,"1,750.00","43,750.00"
2019-11-24,2019112401004634,NMFBS,32,5,50,"1,750.00","87,500.00"
2019-11-24,2019112401004633,NMFBS,1,5,85,"1,750.00","148,750.00"
2019-11-24,2019112401004632,NMFBS,38,5,465,"1,751.00","814,215.00"
2019-11-24,2019112401004876,NTC,22,6,100,621.00,"62,100.00"
2019-11-24,2019112401004692,NTC,22,6,200,621.00,"124,200.00"
2019-11-24,2019112401004659,NTC,43,6,405,620.00,"251,100.00"
2019-11-24,2019112401004658,NTC,43,6,295,620.00,"182,900.00"
2019-11-24,2019112401004833,NUBL,10,14,10,886.00,"8,860.00"
2019-11-24,2019112401004542,NUBL,11,14,20,886.00,"17,720.00"
2019-11-24,2019112401004993,OHL,16,51,200,405.00,"81,000.00"
2019-11-24,2019112401004872,PCBL,10,55,10,273.00,"2,730.00"
2019-11-24,2019112401004651,PCBL,34,4,188,272.00,"51,136.00"
2019-11-24,2019112401004793,PIC,57,41,111,340.00,"37,740.00"
2019-11-24,2019112401004792,PIC,25,41,75,341.00,"25,575.00"
2019-11-24,2019112401004595,PICL,55,16,75,360.00,"27,000.00"
2019-11-24,2019112401004716,PPCL,38,25,30,101.00,"3,030.00"
2019-11-24,2019112401004972,PRIN,46,56,10,310.00,"3,100.00"
2019-11-24,2019112401004799,PRIN,49,40,"2,000",305.00,"610,000.00"
2019-11-24,2019112401004798,PRIN,49,40,84,305.00,"25,620.00"
2019-11-24,2019112401005023,PRVU,36,28,24,223.00,"5,352.00"
2019-11-24,2019112401004926,PRVU,44,45,433,222.00,"96,126.00"
2019-11-24,2019112401004925,PRVU,45,45,50,222.00,"11,100.00"
2019-11-24,2019112401004924,PRVU,4,45,57,222.00,"12,654.00"
2019-11-24,2019112401004789,PRVU,4,16,43,222.00,"9,546.00"
2019-11-24,2019112401004671,PRVU,48,34,160,222.00,"35,520.00"
2019-11-24,2019112401004668,PRVU,48,47,40,222.00,"8,880.00"
2019-11-24,2019112401004667,PRVU,6,47,170,222.00,"37,740.00"
2019-11-24,2019112401004657,PRVU,48,28,23,223.00,"5,129.00"
2019-11-24,2019112401004656,PRVU,48,41,250,223.00,"55,750.00"
2019-11-24,2019112401004788,PRVU,14,16,100,222.00,"22,200.00"
2019-11-24,2019112401004787,PRVU,33,16,200,222.00,"44,400.00"
2019-11-24,2019112401004786,PRVU,39,16,657,222.00,"145,854.00"
2019-11-24,2019112401004688,PRVU,39,34,75,222.00,"16,650.00"
2019-11-24,2019112401004673,PRVU,39,34,268,222.00,"59,496.00"
2019-11-24,2019112401004672,PRVU,1,34,25,222.00,"5,550.00"
2019-11-24,2019112401004681,RBCL,45,28,20,"7,950.00","159,000.00"
2019-11-24,2019112401005012,RHPC,1,28,200,71.00,"14,200.00"
2019-11-24,2019112401005007,RHPC,39,28,100,71.00,"7,100.00"
2019-11-24,2019112401004843,RHPC,17,17,162,70.00,"11,340.00"
2019-11-24,2019112401004837,RHPL,59,55,50,163.00,"8,150.00"
2019-11-24,2019112401004727,RHPL,59,25,30,163.00,"4,890.00"
2019-11-24,2019112401004669,RHPL,59,39,170,163.00,"27,710.00"
2019-11-24,2019112401004627,RMDC,38,59,10,579.00,"5,790.00"
2019-11-24,2019112401004854,RSDC,36,17,90,277.00,"24,930.00"
2019-11-24,2019112401005019,SABSL,50,59,10,470.00,"4,700.00"
2019-11-24,2019112401004921,SABSL,36,16,10,464.00,"4,640.00"
2019-11-24,2019112401004745,SBI,54,45,198,381.00,"75,438.00"
2019-11-24,2019112401004744,SBI,7,45,100,381.00,"38,100.00"
2019-11-24,2019112401005017,SBL,47,43,417,276.00,"115,092.00"
2019-11-24,2019112401004974,SBL,47,43,83,276.00,"22,908.00"
2019-11-24,2019112401004944,SBL,7,43,200,276.00,"55,200.00"
2019-11-24,2019112401004943,SBL,46,43,200,276.00,"55,200.00"
2019-11-24,2019112401004942,SBL,1,43,17,276.00,"4,692.00"
2019-11-24,2019112401004803,SBL,1,35,110,276.00,"30,360.00"
2019-11-24,2019112401004639,SBL,1,16,73,276.00,"20,148.00"
2019-11-24,2019112401004977,SCB,33,51,121,555.00,"67,155.00"
2019-11-24,2019112401004976,SCB,22,51,50,556.00,"27,800.00"
2019-11-24,2019112401004975,SCB,40,51,29,556.00,"16,124.00"
2019-11-24,2019112401004971,SCB,40,6,53,556.00,"29,468.00"
2019-11-24,2019112401004560,SCB,40,47,22,554.00,"12,188.00"
2019-11-24,2019112401004559,SCB,40,3,100,554.00,"55,400.00"
2019-11-24,2019112401004558,SCB,40,42,10,554.00,"5,540.00"
2019-11-24,2019112401004545,SCB,6,42,10,554.00,"5,540.00"
2019-11-24,2019112401004543,SCB,8,21,10,553.00,"5,530.00"
2019-11-24,2019112401004762,SCB,19,49,30,555.00,"16,650.00"
2019-11-24,2019112401004638,SCB,8,49,70,555.00,"38,850.00"
2019-11-24,2019112401004637,SCB,8,22,120,555.00,"66,600.00"
2019-11-24,2019112401004594,SCB,17,22,380,555.00,"210,900.00"
2019-11-24,2019112401004593,SCB,17,22,100,555.00,"55,500.00"
2019-11-24,2019112401004592,SCB,17,57,20,555.00,"11,100.00"
2019-11-24,2019112401004964,SCB,40,34,66,556.00,"36,696.00"
2019-11-24,2019112401004963,SCB,57,34,100,556.00,"55,600.00"
2019-11-24,2019112401004962,SCB,19,34,134,556.00,"74,504.00"
2019-11-24,2019112401004913,SCB,19,5,20,556.00,"11,120.00"
2019-11-24,2019112401004764,SCB,19,41,150,556.00,"83,400.00"
2019-11-24,2019112401004763,SCB,19,6,66,555.00,"36,630.00"
2019-11-24,2019112401004952,SEF,3,28,"4,700",8.70,"40,890.00"
2019-11-24,2019112401004724,SFFIL,39,7,80,168.00,"13,440.00"
2019-11-24,2019112401004822,SHINE,17,28,900,248.00,"223,200.00"
2019-11-24,2019112401004761,SHINE,17,16,"1,509",250.00,"377,250.00"
2019-11-24,2019112401005028,SHIVM,1,34,20,400.00,"8,000.00"
2019-11-24,2019112401004986,SHIVM,26,32,200,398.00,"79,600.00"
2019-11-24,2019112401004985,SHIVM,38,32,50,398.00,"19,900.00"
2019-11-24,2019112401004984,SHIVM,10,32,200,398.00,"79,600.00"
2019-11-24,2019112401004983,SHIVM,42,32,500,398.00,"199,000.00"
2019-11-24,2019112401004982,SHIVM,19,32,50,398.00,"19,900.00"
2019-11-24,2019112401004758,SHIVM,41,47,100,399.00,"39,900.00"
2019-11-24,2019112401004989,SHL,44,57,100,207.00,"20,700.00"
2019-11-24,2019112401004947,SHL,34,25,100,208.00,"20,800.00"
2019-11-24,2019112401004804,SHL,34,48,400,208.00,"83,200.00"
2019-11-24,2019112401004783,SHL,50,51,100,208.00,"20,800.00"
2019-11-24,2019112401004782,SHL,33,51,100,208.00,"20,800.00"
2019-11-24,2019112401004951,SHPC,51,17,20,179.00,"3,580.00"
2019-11-24,2019112401004950,SHPC,46,17,100,180.00,"18,000.00"
2019-11-24,2019112401004949,SHPC,38,17,80,180.00,"14,400.00"
2019-11-24,2019112401004869,SHPC,38,1,20,180.00,"3,600.00"
2019-11-24,2019112401004868,SHPC,1,1,20,180.00,"3,600.00"
2019-11-24,2019112401004867,SHPC,17,1,11,180.00,"1,980.00"
2019-11-24,2019112401004548,SHPC,48,47,54,180.00,"9,720.00"
2019-11-24,2019112401004547,SHPC,22,47,100,180.00,"18,000.00"
2019-11-24,2019112401004546,SHPC,52,47,86,180.00,"15,480.00"
2019-11-24,2019112401004536,SHPC,52,47,114,180.00,"20,520.00"
2019-11-24,2019112401004577,SHPC,17,47,89,180.00,"16,020.00"
2019-11-24,2019112401004576,SHPC,45,47,61,180.00,"10,980.00"
2019-11-24,2019112401004553,SHPC,45,47,39,180.00,"7,020.00"
2019-11-24,2019112401004552,SHPC,48,47,261,180.00,"46,980.00"
2019-11-24,2019112401004995,SICL,17,22,100,735.00,"73,500.00"
2019-11-24,2019112401004862,SICL,17,25,100,735.00,"73,500.00"
2019-11-24,2019112401004861,SICL,17,40,323,734.00,"237,082.00"
2019-11-24,2019112401004820,SIL,25,6,10,364.00,"3,640.00"
2019-11-24,2019112401004819,SIL,25,41,150,358.00,"53,700.00"
2019-11-24,2019112401004670,SIL,25,22,10,358.00,"3,580.00"
2019-11-24,2019112401004967,SJCL,38,39,20,155.00,"3,100.00"
2019-11-24,2019112401004966,SJCL,38,34,10,155.00,"1,550.00"
2019-11-24,2019112401004850,SJCL,42,55,20,154.00,"3,080.00"
2019-11-24,2019112401004740,SJCL,42,25,20,154.00,"3,080.00"
2019-11-24,2019112401004856,SKBBL,10,57,10,913.00,"9,130.00"
2019-11-24,2019112401004631,SKBBL,36,50,129,910.00,"117,390.00"
2019-11-24,2019112401004564,SKBBL,39,50,528,910.00,"480,480.00"
2019-11-24,2019112401004563,SKBBL,11,50,30,911.00,"27,330.00"
2019-11-24,2019112401005011,SLBBL,22,29,100,610.00,"61,000.00"
2019-11-24,2019112401005010,SLBBL,22,40,10,609.00,"6,090.00"
2019-11-24,2019112401004853,SLBBL,58,40,95,605.00,"57,475.00"
2019-11-24,2019112401004715,SLBBL,55,26,290,605.00,"175,450.00"
2019-11-24,2019112401004771,SLBSL,50,19,10,697.00,"6,970.00"
2019-11-24,2019112401004590,SLICL,44,26,10,251.00,"2,510.00"
2019-11-24,2019112401004883,SMFBS,34,7,10,783.00,"7,830.00"
2019-11-24,2019112401005027,SMFDB,58,22,10,507.00,"5,070.00"
2019-11-24,2019112401005026,SMFDB,58,45,50,506.00,"25,300.00"
2019-11-24,2019112401004772,SRBL,59,18,50,207.00,"10,350.00"
2019-11-24,2019112401004609,STC,59,36,50,"1,365.00","68,250.00"
2019-11-24,2019112401004608,STC,34,36,10,"1,365.00","13,650.00"
2019-11-24,2019112401004607,STC,19,36,20,"1,365.00","27,300.00"
2019-11-24,2019112401004839,SWBBL,41,19,10,913.00,"9,130.00"
2019-11-24,2019112401004838,SWBBL,11,19,30,915.00,"27,450.00"
2019-11-24,2019112401004829,SWBBL,17,19,10,920.00,"9,200.00"
2019-11-24,2019112401004828,SWBBL,54,19,100,921.00,"92,100.00"
2019-11-24,2019112401004863,UMHL,46,17,68,101.00,"6,868.00"
2019-11-24,2019112401004722,UMHL,57,42,14,102.00,"1,428.00"
2019-11-24,2019112401004750,UPCL,52,25,50,72.00,"3,600.00"
2019-11-24,2019112401004749,UPCL,52,35,30,72.00,"2,160.00"
2019-11-24,2019112401004691,UPPER,25,36,10,224.00,"2,240.00"
2019-11-24,2019112401004690,UPPER,25,36,100,223.00,"22,300.00"
2019-11-24,2019112401004689,UPPER,25,29,40,223.00,"8,920.00"
2019-11-24,2019112401004831,UPPER,51,39,110,223.00,"24,530.00"
2019-11-24,2019112401004736,UPPER,43,39,50,223.00,"11,150.00"
2019-11-24,2019112401004393,ADBL,11,53,100,405.00,"40,500.00"
2019-11-24,2019112401004302,ADBL,55,53,25,405.00,"10,125.00"
2019-11-24,2019112401004301,ADBL,20,53,102,405.00,"41,310.00"
2019-11-24,2019112401004300,ADBL,25,53,100,405.00,"40,500.00"
2019-11-24,2019112401004299,ADBL,59,53,100,405.00,"40,500.00"
2019-11-24,2019112401004298,ADBL,41,53,100,405.00,"40,500.00"
2019-11-24,2019112401004297,ADBL,14,53,87,405.00,"35,235.00"
2019-11-24,2019112401004296,ADBL,14,53,500,405.00,"202,500.00"
2019-11-24,2019112401004284,ADBL,17,42,30,406.00,"12,180.00"
2019-11-24,2019112401004186,ADBL,43,42,25,406.00,"10,150.00"
2019-11-24,2019112401004073,ADBL,39,53,49,407.00,"19,943.00"
2019-11-24,2019112401004487,AHPC,28,37,10,97.00,970.00
2019-11-24,2019112401004466,AHPC,28,37,15,96.00,"1,440.00"
2019-11-24,2019112401004457,AHPC,28,16,10,95.00,950.00
2019-11-24,2019112401004428,AHPC,28,28,15,94.00,"1,410.00"
2019-11-24,2019112401004076,AHPC,47,28,100,91.00,"9,100.00"
2019-11-24,2019112401004075,AHPC,52,28,150,91.00,"13,650.00"
2019-11-24,2019112401004065,AHPC,26,28,300,92.00,"27,600.00"
2019-11-24,2019112401004406,AHPC,28,28,10,93.00,930.00
2019-11-24,2019112401004375,AHPC,28,37,55,92.00,"5,060.00"
2019-11-24,2019112401004077,AHPC,37,28,"1,000",91.00,"91,000.00"
2019-11-24,2019112401004232,AKBSL,22,1,10,422.00,"4,220.00"
2019-11-24,2019112401004224,AKJCL,56,59,20,57.00,"1,140.00"
2019-11-24,2019112401004280,ALICL,49,45,"1,000",313.00,"313,000.00"
2019-11-24,2019112401004245,ALICL,28,55,100,314.00,"31,400.00"
2019-11-24,2019112401004169,ALICL,34,55,100,314.00,"31,400.00"
2019-11-24,2019112401004159,ALICL,58,6,200,314.00,"62,800.00"
2019-11-24,2019112401004333,API,6,41,17,103.00,"1,751.00"
2019-11-24,2019112401004492,BOKL,44,17,237,212.00,"50,244.00"
2019-11-24,2019112401004305,BOKL,44,45,275,212.00,"58,300.00"
2019-11-24,2019112401004304,BOKL,17,45,100,212.00,"21,200.00"
2019-11-24,2019112401004303,BOKL,8,45,125,212.00,"26,500.00"
2019-11-24,2019112401004226,BOKL,16,34,"1,807",213.00,"384,891.00"
2019-11-24,2019112401004225,BOKL,16,34,887,213.00,"188,931.00"
2019-11-24,2019112401004139,BOKL,51,34,113,213.00,"24,069.00"
2019-11-24,2019112401004136,BOKL,51,50,387,213.00,"82,431.00"
2019-11-24,2019112401004470,BPCL,32,19,22,343.00,"7,546.00"
2019-11-24,2019112401004401,BPCL,42,34,300,346.00,"103,800.00"
2019-11-24,2019112401004400,BPCL,42,41,30,346.00,"10,380.00"
2019-11-24,2019112401004399,BPCL,42,28,11,346.00,"3,806.00"
2019-11-24,2019112401004283,CBL,45,37,68,135.00,"9,180.00"
2019-11-24,2019112401004282,CBL,6,37,10,135.00,"1,350.00"
2019-11-24,2019112401004281,CBL,49,37,26,135.00,"3,510.00"
2019-11-24,2019112401004179,CBL,49,26,474,135.00,"63,990.00"
2019-11-24,2019112401004178,CBL,58,26,526,135.00,"71,010.00"
2019-11-24,2019112401004107,CBL,13,32,74,136.00,"10,064.00"
2019-11-24,2019112401004106,CBL,13,48,77,136.00,"10,472.00"
2019-11-24,2019112401004105,CBL,13,41,305,136.00,"41,480.00"
2019-11-24,2019112401004104,CBL,13,13,144,136.00,"19,584.00"
2019-11-24,2019112401004103,CBL,13,16,100,136.00,"13,600.00"
2019-11-24,2019112401004102,CBL,13,34,300,136.00,"40,800.00"
2019-11-24,2019112401004517,CCBL,41,8,111,159.00,"17,649.00"
2019-11-24,2019112401004516,CCBL,17,8,48,159.00,"7,632.00"
2019-11-24,2019112401004263,CFCL,44,16,960,110.00,"105,600.00"
2019-11-24,2019112401004121,CFCL,58,28,400,111.00,"44,400.00"
2019-11-24,2019112401004120,CFCL,58,49,100,111.00,"11,100.00"
2019-11-24,2019112401004138,CIT,41,18,50,"1,715.00","85,750.00"
2019-11-24,2019112401004137,CIT,22,18,20,"1,716.00","34,320.00"
2019-11-24,2019112401004508,CZBIL,13,32,765,181.00,"138,465.00"
2019-11-24,2019112401004465,CZBIL,13,38,519,181.00,"93,939.00"
2019-11-24,2019112401004464,CZBIL,13,49,216,181.00,"39,096.00"
2019-11-24,2019112401004133,CZBIL,39,34,"1,000",181.00,"181,000.00"
2019-11-24,2019112401004040,CZBIL,36,28,750,181.00,"135,750.00"
2019-11-24,2019112401004463,FMDBL,50,41,50,300.00,"15,000.00"
2019-11-24,2019112401004310,FOWAD,32,7,35,"1,301.00","45,535.00"
2019-11-24,2019112401004309,FOWAD,36,7,20,"1,302.00","26,040.00"
2019-11-24,2019112401004308,FOWAD,22,7,10,"1,303.00","13,030.00"
2019-11-24,2019112401004456,GBBL,22,22,20,224.00,"4,480.00"
2019-11-24,2019112401004260,GBBL,1,22,50,224.00,"11,200.00"
2019-11-24,2019112401004037,GBBL,13,22,50,224.00,"11,200.00"
2019-11-24,2019112401004510,GBLBS,34,35,100,286.00,"28,600.00"
2019-11-24,2019112401004509,GBLBS,26,35,100,286.00,"28,600.00"
2019-11-24,2019112401004491,GBLBS,42,35,50,287.00,"14,350.00"
2019-11-24,2019112401004490,GBLBS,1,45,200,288.00,"57,600.00"
2019-11-24,2019112401004398,GBLBS,56,50,"1,000",287.00,"287,000.00"
2019-11-24,2019112401004339,GBLBS,56,45,100,288.00,"28,800.00"
2019-11-24,2019112401004275,GBLBS,21,45,50,289.00,"14,450.00"
2019-11-24,2019112401004274,GBLBS,56,45,35,289.00,"10,115.00"
2019-11-24,2019112401004273,GBLBS,14,45,20,289.00,"5,780.00"
2019-11-24,2019112401004072,GBLBS,14,29,50,289.00,"14,450.00"
2019-11-24,2019112401004494,GFCL,11,11,200,129.00,"25,800.00"
2019-11-24,2019112401004525,GGBSL,49,4,10,629.00,"6,290.00"
2019-11-24,2019112401004518,GGBSL,49,4,10,629.00,"6,290.00"
2019-11-24,2019112401004511,GGBSL,49,39,10,629.00,"6,290.00"
2019-11-24,2019112401004507,GGBSL,49,4,10,629.00,"6,290.00"
2019-11-24,2019112401004499,GGBSL,49,39,10,629.00,"6,290.00"
2019-11-24,2019112401004476,GGBSL,49,39,10,629.00,"6,290.00"
2019-11-24,2019112401004057,GGBSL,40,22,10,631.00,"6,310.00"
2019-11-24,2019112401004063,GGBSL,40,21,10,631.00,"6,310.00"
2019-11-24,2019112401004062,GGBSL,40,21,10,631.00,"6,310.00"
2019-11-24,2019112401004061,GGBSL,40,3,20,631.00,"12,620.00"
2019-11-24,2019112401004060,GGBSL,40,21,10,631.00,"6,310.00"
2019-11-24,2019112401004059,GGBSL,40,21,10,631.00,"6,310.00"
2019-11-24,2019112401004058,GGBSL,40,21,10,631.00,"6,310.00"
2019-11-24,2019112401004222,GGBSL,11,21,10,629.00,"6,290.00"
2019-11-24,2019112401004187,GGBSL,11,21,10,629.00,"6,290.00"
2019-11-24,2019112401004101,GGBSL,11,1,10,629.00,"6,290.00"
2019-11-24,2019112401004087,GGBSL,19,21,10,632.00,"6,320.00"
2019-11-24,2019112401004066,GGBSL,40,21,10,632.00,"6,320.00"
2019-11-24,2019112401004064,GGBSL,40,1,10,632.00,"6,320.00"
2019-11-24,2019112401004264,GGBSL,11,21,10,629.00,"6,290.00"
2019-11-24,2019112401004259,GGBSL,11,21,10,629.00,"6,290.00"
2019-11-24,2019112401004247,GGBSL,11,21,10,629.00,"6,290.00"
2019-11-24,2019112401004239,GGBSL,11,21,10,629.00,"6,290.00"
2019-11-24,2019112401004233,GGBSL,11,21,10,629.00,"6,290.00"
2019-11-24,2019112401004223,GGBSL,11,21,10,629.00,"6,290.00"
2019-11-24,2019112401004473,GGBSL,49,39,10,629.00,"6,290.00"
2019-11-24,2019112401004379,GGBSL,49,29,10,629.00,"6,290.00"
2019-11-24,2019112401004364,GGBSL,49,51,10,629.00,"6,290.00"
2019-11-24,2019112401004336,GGBSL,49,39,10,629.00,"6,290.00"
2019-11-24,2019112401004334,GGBSL,11,8,10,629.00,"6,290.00"
2019-11-24,2019112401004176,GLBSL,48,42,10,375.00,"3,750.00"
2019-11-24,2019112401004312,GRDBL,45,16,50,100.00,"5,000.00"
2019-11-24,2019112401004489,GUFL,34,19,91,105.00,"9,555.00"
2019-11-24,2019112401004488,GUFL,34,19,159,105.00,"16,695.00"
2019-11-24,2019112401004417,HDL,11,34,20,"1,739.00","34,780.00"
2019-11-24,2019112401004372,HDL,48,35,40,"1,735.00","69,400.00"
2019-11-24,2019112401004452,HIDCL,37,37,355,130.00,"46,150.00"
2019-11-24,2019112401004328,HIDCL,42,16,18,129.00,"2,322.00"
2019-11-24,2019112401004238,HIDCL,34,19,"1,663",130.00,"216,190.00"
2019-11-24,2019112401004086,HIDCL,17,19,50,130.00,"6,500.00"
2019-11-24,2019112401004527,IGI,39,32,453,281.00,"127,293.00"
2019-11-24,2019112401004526,IGI,49,32,47,285.00,"13,395.00"
2019-11-24,2019112401004471,IGI,49,45,200,285.00,"57,000.00"
2019-11-24,2019112401004210,IGI,49,32,63,285.00,"17,955.00"
2019-11-24,2019112401004459,ILBS,55,42,10,467.00,"4,670.00"
2019-11-24,2019112401004185,ILBS,46,10,10,463.00,"4,630.00"
2019-11-24,2019112401004327,JBBL,21,45,208,158.00,"32,864.00"
2019-11-24,2019112401004326,JBBL,44,45,500,158.00,"79,000.00"
2019-11-24,2019112401004325,JBBL,39,45,100,158.00,"15,800.00"
2019-11-24,2019112401004324,JBBL,39,45,192,158.00,"30,336.00"
2019-11-24,2019112401004295,JBBL,39,37,52,158.00,"8,216.00"
2019-11-24,2019112401004174,JBBL,39,32,756,158.00,"119,448.00"
2019-11-24,2019112401004173,JBBL,55,32,244,158.00,"38,552.00"
2019-11-24,2019112401004158,JBBL,55,32,756,158.00,"119,448.00"
2019-11-24,2019112401004157,JBBL,42,32,244,158.00,"38,552.00"
2019-11-24,2019112401004380,JFL,6,17,500,190.00,"95,000.00"
2019-11-24,2019112401004204,JFL,32,17,500,190.00,"95,000.00"
2019-11-24,2019112401004371,JOSHI,6,51,20,60.00,"1,200.00"
2019-11-24,2019112401004237,JOSHI,7,6,20,59.00,"1,180.00"
2019-11-24,2019112401004236,JOSHI,7,38,20,59.00,"1,180.00"
2019-11-24,2019112401004235,JOSHI,7,49,20,59.00,"1,180.00"
2019-11-24,2019112401004373,JSLBB,18,51,10,"1,142.00","11,420.00"
2019-11-24,2019112401004085,JSLBB,38,39,50,"1,120.00","56,000.00"
2019-11-24,2019112401004418,KBL,58,58,500,176.00,"88,000.00"
2019-11-24,2019112401004493,KPCL,6,56,10,82.00,820.00
2019-11-24,2019112401004140,KPCL,56,58,10,82.00,820.00
2019-11-24,2019112401004132,KPCL,56,58,10,82.00,820.00
2019-11-24,2019112401004165,KPCL,19,58,10,81.00,810.00
2019-11-24,2019112401004156,KPCL,58,58,10,82.00,820.00
2019-11-24,2019112401004145,KPCL,58,58,10,82.00,820.00
2019-11-24,2019112401004292,LBBL,1,40,487,167.00,"81,329.00"
2019-11-24,2019112401004291,LBBL,28,40,172,167.00,"28,724.00"
2019-11-24,2019112401004451,LBL,38,32,500,210.00,"105,000.00"
2019-11-24,2019112401004450,LBL,35,32,300,210.00,"63,000.00"
2019-11-24,2019112401004449,LBL,55,32,500,210.00,"105,000.00"
2019-11-24,2019112401004448,LBL,57,32,100,210.00,"21,000.00"
2019-11-24,2019112401004447,LBL,22,32,100,210.00,"21,000.00"
2019-11-24,2019112401004434,LBL,17,32,"1,000",211.00,"211,000.00"
2019-11-24,2019112401004433,LBL,8,32,200,211.00,"42,200.00"
2019-11-24,2019112401004432,LBL,34,32,500,211.00,"105,500.00"
2019-11-24,2019112401004431,LBL,42,32,100,211.00,"21,100.00"
2019-11-24,2019112401004430,LBL,22,32,74,211.00,"15,614.00"
2019-11-24,2019112401004440,LBL,6,32,"1,000",210.00,"210,000.00"
2019-11-24,2019112401004439,LBL,45,32,218,210.00,"45,780.00"
2019-11-24,2019112401004438,LBL,34,32,500,210.00,"105,000.00"
2019-11-24,2019112401004437,LBL,38,32,100,210.00,"21,000.00"
2019-11-24,2019112401004436,LBL,35,32,100,211.00,"21,100.00"
2019-11-24,2019112401004435,LBL,45,32,"2,000",211.00,"422,000.00"
2019-11-24,2019112401004446,LBL,28,32,200,210.00,"42,000.00"
2019-11-24,2019112401004445,LBL,1,32,350,210.00,"73,500.00"
2019-11-24,2019112401004444,LBL,44,32,"1,000",210.00,"210,000.00"
2019-11-24,2019112401004443,LBL,49,32,300,210.00,"63,000.00"
2019-11-24,2019112401004442,LBL,35,32,70,210.00,"14,700.00"
2019-11-24,2019112401004441,LBL,21,32,100,210.00,"21,000.00"
2019-11-24,2019112401004201,LICN,16,59,100,902.00,"90,200.00"
2019-11-24,2019112401004200,LICN,25,59,50,902.00,"45,100.00"
2019-11-24,2019112401004199,LICN,28,59,200,902.00,"180,400.00"
2019-11-24,2019112401004198,LICN,25,59,20,902.00,"18,040.00"
2019-11-24,2019112401004197,LICN,25,59,10,902.00,"9,020.00"
2019-11-24,2019112401004196,LICN,26,59,50,903.00,"45,150.00"
2019-11-24,2019112401004189,LICN,28,59,50,916.00,"45,800.00"
2019-11-24,2019112401004195,LICN,36,59,10,904.00,"9,040.00"
2019-11-24,2019112401004194,LICN,22,59,60,905.00,"54,300.00"
2019-11-24,2019112401004193,LICN,25,59,10,906.00,"9,060.00"
2019-11-24,2019112401004192,LICN,47,59,50,907.00,"45,350.00"
2019-11-24,2019112401004191,LICN,45,59,20,909.00,"18,180.00"
2019-11-24,2019112401004190,LICN,26,59,50,915.00,"45,750.00"
2019-11-24,2019112401004175,LLBS,16,25,25,672.00,"16,800.00"
2019-11-24,2019112401004462,MBL,37,37,100,216.00,"21,600.00"
2019-11-24,2019112401004392,MDB,13,17,54,238.00,"12,852.00"
2019-11-24,2019112401004391,MDB,20,17,50,238.00,"11,900.00"
2019-11-24,2019112401004366,MEGA,57,43,"1,047",178.00,"186,366.00"
2019-11-24,2019112401004220,MEGA,49,16,449,179.00,"80,371.00"
2019-11-24,2019112401004213,MEGA,49,1,51,179.00,"9,129.00"
2019-11-24,2019112401004412,MERO,42,45,40,410.00,"16,400.00"
2019-11-24,2019112401004411,MERO,50,45,50,410.00,"20,500.00"
2019-11-24,2019112401004410,MERO,48,45,40,410.00,"16,400.00"
2019-11-24,2019112401004409,MERO,43,45,30,411.00,"12,330.00"
2019-11-24,2019112401004408,MERO,17,45,10,411.00,"4,110.00"
2019-11-24,2019112401004337,MLBL,50,57,290,173.00,"50,170.00"
2019-11-24,2019112401004050,MLBL,49,54,"1,000",170.00,"170,000.00"
2019-11-24,2019112401004049,MLBL,7,54,800,170.00,"136,000.00"
2019-11-24,2019112401004048,MLBL,16,54,500,171.00,"85,500.00"
2019-11-24,2019112401004047,MLBL,37,54,100,171.00,"17,100.00"
2019-11-24,2019112401004046,MLBL,32,54,250,171.00,"42,750.00"
2019-11-24,2019112401004045,MLBL,32,54,328,171.00,"56,088.00"
2019-11-24,2019112401004056,MLBL,28,54,62,170.00,"10,540.00"
2019-11-24,2019112401004055,MLBL,59,54,"1,000",170.00,"170,000.00"
2019-11-24,2019112401004054,MLBL,59,54,"2,000",170.00,"340,000.00"
2019-11-24,2019112401004053,MLBL,59,54,"5,000",170.00,"850,000.00"
2019-11-24,2019112401004052,MLBL,1,54,500,170.00,"85,000.00"
2019-11-24,2019112401004051,MLBL,28,54,200,170.00,"34,000.00"
2019-11-24,2019112401004454,MNBBL,58,28,464,310.00,"143,840.00"
2019-11-24,2019112401004426,MNBBL,42,45,100,309.00,"30,900.00"
2019-11-24,2019112401004404,MSLB,50,39,10,883.00,"8,830.00"
2019-11-24,2019112401004403,MSLB,50,41,20,845.00,"16,900.00"
2019-11-24,2019112401004032,MSLB,29,6,70,826.00,"57,820.00"
2019-11-24,2019112401004031,MSLB,50,6,20,827.00,"16,540.00"
2019-11-24,2019112401004030,MSLB,1,6,13,827.00,"10,751.00"
2019-11-24,2019112401004150,MSLB,29,17,30,826.00,"24,780.00"
2019-11-24,2019112401004149,MSLB,1,17,20,827.00,"16,540.00"
2019-11-24,2019112401004335,NBL,39,49,50,312.00,"15,600.00"
2019-11-24,2019112401004330,NBL,39,37,40,312.00,"12,480.00"
2019-11-24,2019112401004230,NBL,42,37,200,312.00,"62,400.00"
2019-11-24,2019112401004229,NBL,42,37,10,312.00,"3,120.00"
2019-11-24,2019112401004084,NBL,16,45,300,312.00,"93,600.00"
2019-11-24,2019112401004083,NBL,16,38,"1,000",312.00,"312,000.00"
2019-11-24,2019112401004515,NCCB,38,16,50,196.00,"9,800.00"
2019-11-24,2019112401004514,NCCB,8,16,200,196.00,"39,200.00"
2019-11-24,2019112401004513,NCCB,44,16,50,196.00,"9,800.00"
2019-11-24,2019112401004512,NCCB,34,16,142,196.00,"27,832.00"
2019-11-24,2019112401004498,NCCB,34,16,"1,858",196.00,"364,168.00"
2019-11-24,2019112401004497,NCCB,48,16,89,196.00,"17,444.00"
2019-11-24,2019112401004496,NCCB,57,16,53,196.00,"10,388.00"
2019-11-24,2019112401004402,NGPL,6,51,13,109.00,"1,417.00"
2019-11-24,2019112401004376,NGPL,39,51,10,107.00,"1,070.00"
2019-11-24,2019112401004338,NGPL,56,16,77,106.00,"8,162.00"
2019-11-24,2019112401004288,NHPC,6,26,200,52.00,"10,400.00"
2019-11-24,2019112401004407,NIB,16,14,50,420.00,"21,000.00"
2019-11-24,2019112401004344,NIB,54,35,100,419.00,"41,900.00"
2019-11-24,2019112401004202,NIB,54,45,236,420.00,"99,120.00"
2019-11-24,2019112401004163,NIB,54,57,175,420.00,"73,500.00"
2019-11-24,2019112401004162,NIB,54,10,46,420.00,"19,320.00"
2019-11-24,2019112401004161,NIB,54,51,60,419.00,"25,140.00"
2019-11-24,2019112401004258,NICA,36,40,21,400.00,"8,400.00"
2019-11-24,2019112401004257,NICA,36,43,30,399.00,"11,970.00"
2019-11-24,2019112401004246,NICA,38,19,815,397.00,"323,555.00"
2019-11-24,2019112401004215,NICA,11,19,15,397.00,"5,955.00"
2019-11-24,2019112401004154,NICA,32,13,19,396.00,"7,524.00"
2019-11-24,2019112401004153,NICA,45,13,50,396.00,"19,800.00"
2019-11-24,2019112401004152,NICA,28,13,"1,000",396.00,"396,000.00"
2019-11-24,2019112401004108,NICA,39,19,70,397.00,"27,790.00"
2019-11-24,2019112401004506,NIL,33,32,539,371.00,"199,969.00"
2019-11-24,2019112401004505,NIL,46,32,200,371.00,"74,200.00"
2019-11-24,2019112401004504,NIL,44,32,50,371.00,"18,550.00"
2019-11-24,2019112401004503,NIL,29,32,100,371.00,"37,100.00"
2019-11-24,2019112401004502,NIL,34,32,50,373.00,"18,650.00"
2019-11-24,2019112401004501,NIL,49,32,61,375.00,"22,875.00"
2019-11-24,2019112401004319,NIL,49,50,"6,539",375.00,"2,452,125.00"
2019-11-24,2019112401004035,NIL,57,29,220,377.00,"82,940.00"
2019-11-24,2019112401004123,NLG,6,22,300,505.00,"151,500.00"
2019-11-24,2019112401004486,NLIC,39,52,100,785.00,"78,500.00"
2019-11-24,2019112401004485,NLIC,39,50,22,785.00,"17,270.00"
2019-11-24,2019112401004484,NLIC,39,48,200,785.00,"157,000.00"
2019-11-24,2019112401004483,NLIC,39,51,22,785.00,"17,270.00"
2019-11-24,2019112401004482,NLIC,39,11,100,785.00,"78,500.00"
2019-11-24,2019112401004481,NLIC,39,32,500,784.00,"392,000.00"
2019-11-24,2019112401004141,NLIC,25,48,10,781.00,"7,810.00"
2019-11-24,2019112401004480,NLIC,39,37,100,784.00,"78,400.00"
2019-11-24,2019112401004479,NLIC,39,45,20,782.00,"15,640.00"
2019-11-24,2019112401004478,NLIC,39,39,22,782.00,"17,204.00"
2019-11-24,2019112401004477,NLIC,39,39,12,782.00,"9,384.00"
2019-11-24,2019112401004419,NLIC,45,26,60,781.00,"46,860.00"
2019-11-24,2019112401004234,NLIC,25,48,10,781.00,"7,810.00"
2019-11-24,2019112401004467,NMB,6,17,286,379.00,"108,394.00"
2019-11-24,2019112401004429,NMB,6,54,62,379.00,"23,498.00"
2019-11-24,2019112401004427,NMB,11,36,70,380.00,"26,600.00"
2019-11-24,2019112401004390,NMB,58,36,500,380.00,"190,000.00"
2019-11-24,2019112401004383,NMB,6,39,10,379.00,"3,790.00"
2019-11-24,2019112401004382,NMB,26,39,10,379.00,"3,790.00"
2019-11-24,2019112401004036,NMB,22,40,377,381.00,"143,637.00"
2019-11-24,2019112401004171,NMB,25,36,150,380.00,"57,000.00"
2019-11-24,2019112401004167,NMB,36,58,20,379.00,"7,580.00"
2019-11-24,2019112401004147,NMB,22,36,367,380.00,"139,460.00"
2019-11-24,2019112401004124,NMB,22,32,133,380.00,"50,540.00"
2019-11-24,2019112401004044,NMB,10,32,822,380.00,"312,360.00"
2019-11-24,2019112401004038,NMB,10,42,178,380.00,"67,640.00"
2019-11-24,2019112401004381,NMB,36,39,80,379.00,"30,320.00"
2019-11-24,2019112401004311,NMB,35,36,20,380.00,"7,600.00"
2019-11-24,2019112401004307,NMB,38,36,100,380.00,"38,000.00"
2019-11-24,2019112401004269,NMB,5,36,100,380.00,"38,000.00"
2019-11-24,2019112401004256,NMB,34,36,250,380.00,"95,000.00"
2019-11-24,2019112401004231,NMB,5,36,100,380.00,"38,000.00"
2019-11-24,2019112401004396,NMFBS,38,8,35,"1,751.00","61,285.00"
2019-11-24,2019112401004395,NMFBS,34,8,50,"1,751.00","87,550.00"
2019-11-24,2019112401004394,NMFBS,17,8,30,"1,760.00","52,800.00"
2019-11-24,2019112401004217,NMFBS,1,19,38,"1,774.00","67,412.00"
2019-11-24,2019112401004216,NMFBS,1,29,19,"1,774.00","33,706.00"
2019-11-24,2019112401004528,NNLB,22,22,10,456.00,"4,560.00"
2019-11-24,2019112401004397,NTC,43,22,440,620.00,"272,800.00"
2019-11-24,2019112401004286,NTC,43,35,100,620.00,"62,000.00"
2019-11-24,2019112401004495,NUBL,43,16,40,885.00,"35,400.00"
2019-11-24,2019112401004240,OHL,38,51,100,405.00,"40,500.00"
2019-11-24,2019112401004363,PCBL,34,29,"1,089",272.00,"296,208.00"
2019-11-24,2019112401004362,PCBL,44,29,50,272.00,"13,600.00"
2019-11-24,2019112401004361,PCBL,46,29,100,272.00,"27,200.00"
2019-11-24,2019112401004360,PCBL,36,29,50,272.00,"13,600.00"
2019-11-24,2019112401004359,PCBL,34,29,711,272.00,"193,392.00"
2019-11-24,2019112401004177,PCBL,40,4,60,273.00,"16,380.00"
2019-11-24,2019112401004099,PCBL,34,34,"1,000",272.00,"272,000.00"
2019-11-24,2019112401004524,PIC,1,34,134,342.00,"45,828.00"
2019-11-24,2019112401004472,PIC,32,20,49,341.00,"16,709.00"
2019-11-24,2019112401004415,PIC,32,41,91,341.00,"31,031.00"
2019-11-24,2019112401004414,PIC,41,41,17,341.00,"5,797.00"
2019-11-24,2019112401004168,PIC,16,34,100,342.00,"34,200.00"
2019-11-24,2019112401004182,PMHPL,16,34,10,82.00,820.00
2019-11-24,2019112401004039,PMHPL,39,10,10,81.00,810.00
2019-11-24,2019112401004268,PPCL,38,34,10,101.00,"1,010.00"
2019-11-24,2019112401004500,PRIN,46,56,10,310.00,"3,100.00"
2019-11-24,2019112401004160,PRIN,49,46,274,305.00,"83,570.00"
2019-11-24,2019112401004323,PRVU,6,22,130,222.00,"28,860.00"
2019-11-24,2019112401004322,PRVU,11,22,20,222.00,"4,440.00"
2019-11-24,2019112401004321,PRVU,43,22,50,222.00,"11,100.00"
2019-11-24,2019112401004071,PRVU,29,29,967,221.00,"213,707.00"
2019-11-24,2019112401004070,PRVU,55,29,200,221.00,"44,200.00"
2019-11-24,2019112401004069,PRVU,52,29,200,221.00,"44,200.00"
2019-11-24,2019112401004068,PRVU,34,29,200,221.00,"44,200.00"
2019-11-24,2019112401004067,PRVU,44,29,352,221.00,"77,792.00"
2019-11-24,2019112401004092,RBCL,19,32,10,"7,950.00","79,500.00"
2019-11-24,2019112401004033,RBCL,41,6,10,"8,000.00","80,000.00"
2019-11-24,2019112401004416,RHPL,57,41,30,164.00,"4,920.00"
2019-11-24,2019112401004278,RHPL,59,34,10,163.00,"1,630.00"
2019-11-24,2019112401004277,RHPL,59,34,30,163.00,"4,890.00"
2019-11-24,2019112401004221,RHPL,59,1,10,163.00,"1,630.00"
2019-11-24,2019112401004208,RHPL,59,34,100,163.00,"16,300.00"
2019-11-24,2019112401004206,RHPL,59,10,40,163.00,"6,520.00"
2019-11-24,2019112401004111,RHPL,59,13,20,163.00,"3,260.00"
2019-11-24,2019112401004110,RHPL,59,1,30,163.00,"4,890.00"
2019-11-24,2019112401004109,RHPL,59,40,20,163.00,"3,260.00"
2019-11-24,2019112401004043,RHPL,57,10,40,162.00,"6,480.00"
2019-11-24,2019112401004117,RHPL,59,26,340,163.00,"55,420.00"
2019-11-24,2019112401004116,RHPL,59,40,40,163.00,"6,520.00"
2019-11-24,2019112401004115,RHPL,59,40,20,163.00,"3,260.00"
2019-11-24,2019112401004114,RHPL,59,13,20,163.00,"3,260.00"
2019-11-24,2019112401004113,RHPL,59,13,40,163.00,"6,520.00"
2019-11-24,2019112401004112,RHPL,59,13,40,163.00,"6,520.00"
2019-11-24,2019112401004205,RHPL,59,21,40,163.00,"6,520.00"
2019-11-24,2019112401004181,RHPL,59,21,40,163.00,"6,520.00"
2019-11-24,2019112401004151,RHPL,59,21,40,163.00,"6,520.00"
2019-11-24,2019112401004134,RHPL,59,21,40,163.00,"6,520.00"
2019-11-24,2019112401004119,RHPL,59,21,40,163.00,"6,520.00"
2019-11-24,2019112401004118,RHPL,59,33,50,163.00,"8,150.00"
2019-11-24,2019112401004475,RMDC,11,59,30,579.00,"17,370.00"
2019-11-24,2019112401004469,RSDC,37,6,50,280.00,"14,000.00"
2019-11-24,2019112401004424,RSDC,42,6,50,280.00,"14,000.00"
2019-11-24,2019112401004374,RSDC,40,6,27,280.00,"7,560.00"
2019-11-24,2019112401004261,RSDC,41,37,13,276.00,"3,588.00"
2019-11-24,2019112401004241,RSDC,22,37,99,277.00,"27,423.00"
2019-11-24,2019112401004267,SABSL,17,19,100,465.00,"46,500.00"
2019-11-24,2019112401004266,SABSL,34,19,160,465.00,"74,400.00"
2019-11-24,2019112401004265,SABSL,18,19,50,466.00,"23,300.00"
2019-11-24,2019112401004227,SABSL,34,10,10,465.00,"4,650.00"
2019-11-24,2019112401004172,SABSL,34,1,10,465.00,"4,650.00"
2019-11-24,2019112401004125,SABSL,34,1,10,465.00,"4,650.00"
2019-11-24,2019112401004453,SADBL,49,1,41,135.00,"5,535.00"
2019-11-24,2019112401004290,SADBL,49,32,10,135.00,"1,350.00"
2019-11-24,2019112401004262,SADBL,49,32,"1,000",136.00,"136,000.00"
2019-11-24,2019112401004520,SANIMA,33,28,500,301.00,"150,500.00"
2019-11-24,2019112401004519,SANIMA,48,28,400,301.00,"120,400.00"
2019-11-24,2019112401004130,SANIMA,49,32,200,300.00,"60,000.00"
2019-11-24,2019112401004129,SANIMA,57,32,100,300.00,"30,000.00"
2019-11-24,2019112401004128,SANIMA,47,32,300,300.00,"90,000.00"
2019-11-24,2019112401004127,SANIMA,1,32,100,300.00,"30,000.00"
2019-11-24,2019112401004126,SANIMA,33,32,29,300.00,"8,700.00"
2019-11-24,2019112401004332,SBL,1,43,800,276.00,"220,800.00"
2019-11-24,2019112401004331,SBL,35,43,200,276.00,"55,200.00"
2019-11-24,2019112401004148,SBL,28,57,200,276.00,"55,200.00"
2019-11-24,2019112401004098,SBL,42,52,200,277.00,"55,400.00"
2019-11-24,2019112401004097,SBL,8,52,50,277.00,"13,850.00"
2019-11-24,2019112401004096,SBL,51,52,100,277.00,"27,700.00"
2019-11-24,2019112401004095,SBL,38,52,500,277.00,"138,500.00"
2019-11-24,2019112401004094,SBL,44,52,500,277.00,"138,500.00"
2019-11-24,2019112401004093,SBL,13,52,50,277.00,"13,850.00"
2019-11-24,2019112401004468,SCB,6,6,300,553.00,"165,900.00"
2019-11-24,2019112401004423,SCB,41,50,74,551.00,"40,774.00"
2019-11-24,2019112401004422,SCB,32,50,50,552.00,"27,600.00"
2019-11-24,2019112401004421,SCB,49,50,16,552.00,"8,832.00"
2019-11-24,2019112401004387,SCB,49,3,34,552.00,"18,768.00"
2019-11-24,2019112401004386,SCB,49,3,50,552.00,"27,600.00"
2019-11-24,2019112401004131,SCB,48,51,198,552.00,"109,296.00"
2019-11-24,2019112401004100,SCB,39,51,50,552.00,"27,600.00"
2019-11-24,2019112401004091,SCB,16,50,50,553.00,"27,650.00"
2019-11-24,2019112401004090,SCB,41,18,848,551.00,"467,248.00"
2019-11-24,2019112401004089,SCB,34,18,52,552.00,"28,704.00"
2019-11-24,2019112401004088,SCB,21,18,100,552.00,"55,200.00"
2019-11-24,2019112401004287,SCB,22,5,20,552.00,"11,040.00"
2019-11-24,2019112401004244,SCB,13,56,10,552.00,"5,520.00"
2019-11-24,2019112401004243,SCB,13,39,100,552.00,"55,200.00"
2019-11-24,2019112401004242,SCB,13,56,200,552.00,"110,400.00"
2019-11-24,2019112401004228,SCB,26,56,300,552.00,"165,600.00"
2019-11-24,2019112401004188,SCB,13,51,152,552.00,"83,904.00"
2019-11-24,2019112401004385,SCB,22,3,16,552.00,"8,832.00"
2019-11-24,2019112401004329,SCB,22,5,20,552.00,"11,040.00"
2019-11-24,2019112401004320,SCB,22,3,104,552.00,"57,408.00"
2019-11-24,2019112401004318,SCB,4,50,10,553.00,"5,530.00"
2019-11-24,2019112401004317,SCB,22,5,20,552.00,"11,040.00"
2019-11-24,2019112401004293,SCB,22,5,20,552.00,"11,040.00"
2019-11-24,2019112401004425,SHINE,21,16,10,252.00,"2,520.00"
2019-11-24,2019112401004384,SHINE,47,16,46,252.00,"11,592.00"
2019-11-24,2019112401004365,SHINE,47,16,186,252.00,"46,872.00"
2019-11-24,2019112401004340,SHIVM,22,58,300,399.00,"119,700.00"
2019-11-24,2019112401004214,SHIVM,38,34,50,400.00,"20,000.00"
2019-11-24,2019112401004405,SHL,5,45,200,209.00,"41,800.00"
2019-11-24,2019112401004253,SHL,1,45,100,209.00,"20,900.00"
2019-11-24,2019112401004523,SHPC,59,47,204,180.00,"36,720.00"
2019-11-24,2019112401004522,SHPC,46,47,100,181.00,"18,100.00"
2019-11-24,2019112401004521,SHPC,14,47,87,181.00,"15,747.00"
2019-11-24,2019112401004461,SHPC,35,1,289,182.00,"52,598.00"
2019-11-24,2019112401004460,SHPC,35,16,11,182.00,"2,002.00"
2019-11-24,2019112401004142,SIL,33,6,204,351.00,"71,604.00"
2019-11-24,2019112401004458,SJCL,42,41,20,154.00,"3,080.00"
2019-11-24,2019112401004306,SJCL,19,34,10,155.00,"1,550.00"
2019-11-24,2019112401004211,SJCL,19,10,20,155.00,"3,100.00"
2019-11-24,2019112401004144,SJCL,42,54,20,154.00,"3,080.00"
2019-11-24,2019112401004143,SJCL,42,21,10,154.00,"1,540.00"
2019-11-24,2019112401004135,SJCL,42,48,110,154.00,"16,940.00"
2019-11-24,2019112401004122,SJCL,42,21,20,154.00,"3,080.00"
2019-11-24,2019112401004074,SJCL,42,10,20,154.00,"3,080.00"
2019-11-24,2019112401004209,SJCL,19,21,20,155.00,"3,100.00"
2019-11-24,2019112401004183,SJCL,19,1,10,155.00,"1,550.00"
2019-11-24,2019112401004170,SJCL,42,21,20,154.00,"3,080.00"
2019-11-24,2019112401004166,SJCL,42,21,10,154.00,"1,540.00"
2019-11-24,2019112401004155,SJCL,42,42,20,154.00,"3,080.00"
2019-11-24,2019112401004146,SJCL,42,21,20,154.00,"3,080.00"
2019-11-24,2019112401004455,SKBBL,39,50,102,910.00,"92,820.00"
2019-11-24,2019112401004345,SKBBL,13,50,55,910.00,"50,050.00"
2019-11-24,2019112401004474,SLBBL,47,44,335,607.00,"203,345.00"
2019-11-24,2019112401004389,SLBBL,55,58,210,605.00,"127,050.00"
2019-11-24,2019112401004184,SLBBL,41,44,300,609.00,"182,700.00"
2019-11-24,2019112401004180,SLBBL,19,58,664,607.00,"403,048.00"
2019-11-24,2019112401004164,SLBBL,19,44,300,607.00,"182,100.00"
2019-11-24,2019112401004203,SLBBL,41,44,10,609.00,"6,090.00"
2019-11-24,2019112401004346,SLBBL,35,44,45,607.00,"27,315.00"
2019-11-24,2019112401004289,SLBBL,19,44,10,607.00,"6,070.00"
2019-11-24,2019112401004388,SLBBL,57,58,100,606.00,"60,600.00"
2019-11-24,2019112401004276,SPARS,40,44,10,510.00,"5,100.00"
2019-11-24,2019112401004218,SPARS,50,10,10,503.00,"5,030.00"
2019-11-24,2019112401004529,SRBL,50,17,189,207.00,"39,123.00"
2019-11-24,2019112401004354,SRBL,42,45,200,207.00,"41,400.00"
2019-11-24,2019112401004353,SRBL,57,45,100,207.00,"20,700.00"
2019-11-24,2019112401004352,SRBL,17,45,100,207.00,"20,700.00"
2019-11-24,2019112401004420,STC,14,14,60,"1,365.00","81,900.00"
2019-11-24,2019112401004378,STC,22,14,10,"1,365.00","13,650.00"
2019-11-24,2019112401004367,STC,22,14,10,"1,365.00","13,650.00"
2019-11-24,2019112401004343,STC,47,14,10,"1,365.00","13,650.00"
2019-11-24,2019112401004342,STC,47,14,10,"1,365.00","13,650.00"
2019-11-24,2019112401004341,STC,22,14,40,"1,365.00","54,600.00"
2019-11-24,2019112401004041,STC,25,36,10,"1,435.00","14,350.00"
2019-11-24,2019112401004252,STC,39,59,20,"1,407.00","28,140.00"
2019-11-24,2019112401004251,STC,34,59,20,"1,409.00","28,180.00"
2019-11-24,2019112401004250,STC,42,59,10,"1,410.00","14,100.00"
2019-11-24,2019112401004249,STC,38,59,20,"1,411.00","28,220.00"
2019-11-24,2019112401004248,STC,25,59,30,"1,411.00","42,330.00"
2019-11-24,2019112401004042,STC,22,36,10,"1,435.00","14,350.00"
2019-11-24,2019112401004316,STC,22,1,10,"1,365.00","13,650.00"
2019-11-24,2019112401004315,STC,47,1,10,"1,365.00","13,650.00"
2019-11-24,2019112401004314,STC,22,1,10,"1,380.00","13,800.00"
2019-11-24,2019112401004313,STC,38,1,20,"1,380.00","27,600.00"
2019-11-24,2019112401004255,STC,54,59,"1,400","1,379.00","1,930,600.00"
2019-11-24,2019112401004254,STC,35,59,500,"1,379.00","689,500.00"
2019-11-24,2019112401004081,SWBBL,17,14,200,920.00,"184,000.00"
2019-11-24,2019112401004080,SWBBL,19,14,13,920.00,"11,960.00"
2019-11-24,2019112401004079,SWBBL,20,14,50,921.00,"46,050.00"
2019-11-24,2019112401004078,SWBBL,17,14,10,921.00,"9,210.00"
2019-11-24,2019112401004358,TMDBL,4,38,419,141.00,"59,079.00"
2019-11-24,2019112401004357,TMDBL,21,38,170,141.00,"23,970.00"
2019-11-24,2019112401004356,TMDBL,40,38,200,141.00,"28,200.00"
2019-11-24,2019112401004355,TMDBL,59,38,253,141.00,"35,673.00"
2019-11-24,2019112401004294,UIC,13,42,20,231.00,"4,620.00"
2019-11-24,2019112401004413,UPCL,26,58,100,73.00,"7,300.00"
2019-11-24,2019112401004082,UPPER,59,10,50,222.00,"11,100.00"
2019-11-24,2019112401004034,UPPER,51,16,500,223.00,"111,500.00"
2019-11-24,2019112401004270,UPPER,59,38,111,222.00,"24,642.00"
2019-11-24,2019112401004219,UPPER,59,42,40,222.00,"8,880.00"
2019-11-24,2019112401004212,UPPER,59,42,40,222.00,"8,880.00"
2019-11-24,2019112401004207,UPPER,59,1,50,222.00,"11,100.00"
2019-11-24,2019112401004285,UPPER,52,38,72,222.00,"15,984.00"
2019-11-24,2019112401004279,UPPER,40,16,40,223.00,"8,920.00"
2019-11-24,2019112401004272,UPPER,52,38,12,222.00,"2,664.00"
2019-11-24,2019112401004271,UPPER,13,38,300,222.00,"66,600.00"
2019-11-24,2019112401004351,UPPER,42,16,54,222.00,"11,988.00"
2019-11-24,2019112401004350,UPPER,52,16,100,222.00,"22,200.00"
2019-11-24,2019112401004349,UPPER,6,16,60,222.00,"13,320.00"
2019-11-24,2019112401004348,UPPER,25,16,50,222.00,"11,100.00"
2019-11-24,2019112401004347,UPPER,52,16,116,222.00,"25,752.00"
2019-11-24,2019112401004377,VLBS,33,19,24,579.00,"13,896.00"
2019-11-24,2019112401004370,VLBS,33,34,200,578.00,"115,600.00"
2019-11-24,2019112401004369,VLBS,33,52,100,577.00,"57,700.00"
2019-11-24,2019112401004368,VLBS,33,45,100,577.00,"57,700.00"
2019-11-24,2019112401003987,ADBL,43,34,548,406.00,"222,488.00"
2019-11-24,2019112401003777,ADBL,43,16,264,406.00,"107,184.00"
2019-11-24,2019112401003776,ADBL,43,56,144,406.00,"58,464.00"
2019-11-24,2019112401003721,ADBL,49,53,600,407.00,"244,200.00"
2019-11-24,2019112401003716,ADBL,43,1,19,406.00,"7,714.00"
2019-11-24,2019112401003715,ADBL,48,1,50,406.00,"20,300.00"
2019-11-24,2019112401003626,ADBL,52,45,100,406.00,"40,600.00"
2019-11-24,2019112401003625,ADBL,16,45,900,406.00,"365,400.00"
2019-11-24,2019112401003579,ADBL,16,22,100,406.00,"40,600.00"
2019-11-24,2019112401003957,AHPC,11,28,60,93.00,"5,580.00"
2019-11-24,2019112401003833,AHPC,43,28,50,92.00,"4,600.00"
2019-11-24,2019112401003832,AHPC,50,28,"1,000",92.00,"92,000.00"
2019-11-24,2019112401003809,AHPC,52,28,200,93.00,"18,600.00"
2019-11-24,2019112401003710,AHPC,37,28,"1,000",93.00,"93,000.00"
2019-11-24,2019112401003709,AHPC,19,28,50,93.00,"4,650.00"
2019-11-24,2019112401003708,AHPC,40,28,100,93.00,"9,300.00"
2019-11-24,2019112401003707,AHPC,40,28,45,93.00,"4,185.00"
2019-11-24,2019112401003549,AHPC,17,48,430,94.00,"40,420.00"
2019-11-24,2019112401003995,AKBSL,43,6,10,422.00,"4,220.00"
2019-11-24,2019112401003979,AKBSL,43,6,10,422.00,"4,220.00"
2019-11-24,2019112401003839,AKBSL,17,8,10,425.00,"4,250.00"
2019-11-24,2019112401003796,AKBSL,34,42,10,421.00,"4,210.00"
2019-11-24,2019112401003537,AKBSL,34,46,10,421.00,"4,210.00"
2019-11-24,2019112401003928,AKJCL,56,36,10,56.00,560.00
2019-11-24,2019112401003790,AKJCL,41,6,10,55.00,550.00
2019-11-24,2019112401003993,ALBSL,46,14,50,390.00,"19,500.00"
2019-11-24,2019112401003992,ALBSL,46,50,10,389.00,"3,890.00"
2019-11-24,2019112401003991,ALBSL,38,58,10,388.00,"3,880.00"
2019-11-24,2019112401003662,ALBSL,21,13,10,388.00,"3,880.00"
2019-11-24,2019112401003544,ALBSL,43,46,10,387.00,"3,870.00"
2019-11-24,2019112401003541,ALBSL,43,13,10,387.00,"3,870.00"
2019-11-24,2019112401003881,ALICL,16,28,100,315.00,"31,500.00"
2019-11-24,2019112401003601,ALICL,28,28,296,313.00,"92,648.00"
2019-11-24,2019112401003548,ALICL,28,46,33,313.00,"10,329.00"
2019-11-24,2019112401004024,API,28,52,100,102.00,"10,200.00"
2019-11-24,2019112401004023,API,28,40,"1,700",102.00,"173,400.00"
2019-11-24,2019112401003998,API,51,38,717,101.00,"72,417.00"
2019-11-24,2019112401003997,API,26,38,200,101.00,"20,200.00"
2019-11-24,2019112401003996,API,46,38,83,101.00,"8,383.00"
2019-11-24,2019112401003793,API,46,6,17,101.00,"1,717.00"
2019-11-24,2019112401003568,API,34,38,100,101.00,"10,100.00"
2019-11-24,2019112401003567,API,52,38,20,101.00,"2,020.00"
2019-11-24,2019112401003566,API,55,38,"1,024",101.00,"103,424.00"
2019-11-24,2019112401003725,API,46,38,28,101.00,"2,828.00"
2019-11-24,2019112401003573,API,32,38,200,101.00,"20,200.00"
2019-11-24,2019112401003572,API,36,38,500,101.00,"50,500.00"
2019-11-24,2019112401003571,API,53,38,100,101.00,"10,100.00"
2019-11-24,2019112401003570,API,7,38,"1,000",101.00,"101,000.00"
2019-11-24,2019112401003569,API,51,38,500,101.00,"50,500.00"
2019-11-24,2019112401003884,BBC,25,41,41,"1,419.00","58,179.00"
2019-11-24,2019112401003616,BBC,25,52,40,"1,447.00","57,880.00"
2019-11-24,2019112401003615,BBC,25,34,10,"1,447.00","14,470.00"
2019-11-24,2019112401004001,BOKL,42,18,50,214.00,"10,700.00"
2019-11-24,2019112401003819,BOKL,8,16,875,212.00,"185,500.00"
2019-11-24,2019112401003818,BOKL,13,16,300,212.00,"63,600.00"
2019-11-24,2019112401003565,BOKL,17,22,100,213.00,"21,300.00"
2019-11-24,2019112401003817,BOKL,41,16,600,212.00,"127,200.00"
2019-11-24,2019112401003816,BOKL,38,16,100,212.00,"21,200.00"
2019-11-24,2019112401003815,BOKL,39,16,75,212.00,"15,900.00"
2019-11-24,2019112401003814,BOKL,44,16,50,213.00,"10,650.00"
2019-11-24,2019112401003808,BOKL,17,1,100,213.00,"21,300.00"
2019-11-24,2019112401003674,BPCL,36,38,250,345.00,"86,250.00"
2019-11-24,2019112401003704,CBBL,58,45,89,960.00,"85,440.00"
2019-11-24,2019112401003687,CBBL,36,45,100,960.00,"96,000.00"
2019-11-24,2019112401003955,CCBL,42,49,50,160.00,"8,000.00"
2019-11-24,2019112401003975,CFCL,44,45,40,110.00,"4,400.00"
2019-11-24,2019112401003604,CHCL,19,49,43,348.00,"14,964.00"
2019-11-24,2019112401003714,CZBIL,1,49,10,181.00,"1,810.00"
2019-11-24,2019112401003871,DBBL,58,59,500,122.00,"61,000.00"
2019-11-24,2019112401003838,DDBL,49,4,"2,000",715.00,"1,430,000.00"
2019-11-24,2019112401003837,DDBL,49,4,"1,000",715.00,"715,000.00"
2019-11-24,2019112401003836,DDBL,44,4,50,716.00,"35,800.00"
2019-11-24,2019112401003835,DDBL,47,4,50,716.00,"35,800.00"
2019-11-24,2019112401003834,DDBL,45,4,50,716.00,"35,800.00"
2019-11-24,2019112401003547,DDBL,49,4,"2,000",717.00,"1,434,000.00"
2019-11-24,2019112401003546,DDBL,44,4,50,718.00,"35,900.00"
2019-11-24,2019112401003800,DHPL,22,6,11,49.00,539.00
2019-11-24,2019112401004006,EBL,11,19,100,540.00,"54,000.00"
2019-11-24,2019112401003577,EBL,6,19,100,540.00,"54,000.00"
2019-11-24,2019112401003749,FMDBL,37,1,"1,000",300.00,"300,000.00"
2019-11-24,2019112401003748,FMDBL,44,1,200,300.00,"60,000.00"
2019-11-24,2019112401003607,FMDBL,44,36,100,300.00,"30,000.00"
2019-11-24,2019112401003606,FMDBL,18,36,500,300.00,"150,000.00"
2019-11-24,2019112401003605,FMDBL,35,36,330,300.00,"99,000.00"
2019-11-24,2019112401003826,FOWAD,21,44,49,"1,305.00","63,945.00"
2019-11-24,2019112401003556,FOWAD,6,22,20,"1,305.00","26,100.00"
2019-11-24,2019112401003555,FOWAD,21,22,12,"1,305.00","15,660.00"
2019-11-24,2019112401003829,GBBL,19,22,30,224.00,"6,720.00"
2019-11-24,2019112401003635,GFCL,59,29,410,127.00,"52,070.00"
2019-11-24,2019112401003624,GFCL,59,29,"1,000",128.00,"128,000.00"
2019-11-24,2019112401003623,GFCL,1,29,500,128.00,"64,000.00"
2019-11-24,2019112401003622,GFCL,59,29,300,128.00,"38,400.00"
2019-11-24,2019112401003621,GFCL,26,29,"1,000",129.00,"129,000.00"
2019-11-24,2019112401003620,GFCL,22,29,40,129.00,"5,160.00"
2019-11-24,2019112401003619,GFCL,1,29,500,129.00,"64,500.00"
2019-11-24,2019112401003618,GFCL,59,29,250,129.00,"32,250.00"
2019-11-24,2019112401003986,GGBSL,39,21,10,630.00,"6,300.00"
2019-11-24,2019112401003984,GGBSL,39,55,10,630.00,"6,300.00"
2019-11-24,2019112401003983,GGBSL,39,39,10,630.00,"6,300.00"
2019-11-24,2019112401003977,GGBSL,39,21,10,630.00,"6,300.00"
2019-11-24,2019112401003974,GGBSL,39,39,10,630.00,"6,300.00"
2019-11-24,2019112401003973,GGBSL,39,21,10,630.00,"6,300.00"
2019-11-24,2019112401003718,GGBSL,48,41,10,630.00,"6,300.00"
2019-11-24,2019112401003717,GGBSL,48,33,100,630.00,"63,000.00"
2019-11-24,2019112401003694,GGBSL,34,1,10,627.00,"6,270.00"
2019-11-24,2019112401003682,GGBSL,34,44,10,627.00,"6,270.00"
2019-11-24,2019112401003681,GGBSL,34,1,10,627.00,"6,270.00"
2019-11-24,2019112401003876,GGBSL,48,54,10,628.00,"6,280.00"
2019-11-24,2019112401003785,GGBSL,48,42,10,628.00,"6,280.00"
2019-11-24,2019112401003763,GGBSL,48,29,10,627.00,"6,270.00"
2019-11-24,2019112401003755,GGBSL,34,29,10,627.00,"6,270.00"
2019-11-24,2019112401003750,GGBSL,34,29,10,627.00,"6,270.00"
2019-11-24,2019112401003900,GGBSL,34,39,10,630.00,"6,300.00"
2019-11-24,2019112401003899,GGBSL,34,39,10,630.00,"6,300.00"
2019-11-24,2019112401003898,GGBSL,34,39,10,630.00,"6,300.00"
2019-11-24,2019112401003897,GGBSL,34,39,10,630.00,"6,300.00"
2019-11-24,2019112401003896,GGBSL,34,33,100,630.00,"63,000.00"
2019-11-24,2019112401003880,GGBSL,34,25,10,630.00,"6,300.00"
2019-11-24,2019112401003958,GGBSL,39,39,10,630.00,"6,300.00"
2019-11-24,2019112401003936,GGBSL,39,39,10,630.00,"6,300.00"
2019-11-24,2019112401003927,GGBSL,39,39,10,630.00,"6,300.00"
2019-11-24,2019112401003917,GGBSL,39,39,10,630.00,"6,300.00"
2019-11-24,2019112401003901,GGBSL,34,39,10,630.00,"6,300.00"
2019-11-24,2019112401003653,GLBSL,14,22,10,373.00,"3,730.00"
2019-11-24,2019112401003610,GLBSL,45,10,10,372.00,"3,720.00"
2019-11-24,2019112401004021,GLICL,21,48,35,340.00,"11,900.00"
2019-11-24,2019112401004020,GLICL,22,48,200,340.00,"68,000.00"
2019-11-24,2019112401004019,GLICL,17,48,30,343.00,"10,290.00"
2019-11-24,2019112401004018,GLICL,58,48,100,344.00,"34,400.00"
2019-11-24,2019112401003630,GLICL,34,38,500,344.00,"172,000.00"
2019-11-24,2019112401003667,GMFBS,41,50,10,481.00,"4,810.00"
2019-11-24,2019112401003666,GMFBS,41,10,10,481.00,"4,810.00"
2019-11-24,2019112401003665,GMFBS,41,49,10,481.00,"4,810.00"
2019-11-24,2019112401003879,GUFL,34,40,181,105.00,"19,005.00"
2019-11-24,2019112401003684,GUFL,34,46,160,105.00,"16,800.00"
2019-11-24,2019112401003683,GUFL,44,46,200,105.00,"21,000.00"
2019-11-24,2019112401003875,HDL,48,50,160,"1,735.00","277,600.00"
2019-11-24,2019112401003846,HDL,20,50,40,"1,735.00","69,400.00"
2019-11-24,2019112401003795,HDL,20,50,20,"1,735.00","34,700.00"
2019-11-24,2019112401003794,HDL,50,50,10,"1,736.00","17,360.00"
2019-11-24,2019112401003778,HDL,20,34,20,"1,738.00","34,760.00"
2019-11-24,2019112401003590,HDL,26,14,50,"1,738.00","86,900.00"
2019-11-24,2019112401003807,HGI,26,45,300,234.00,"70,200.00"
2019-11-24,2019112401003554,HGI,28,46,10,233.00,"2,330.00"
2019-11-24,2019112401003557,HIDCL,14,1,99,130.00,"12,870.00"
2019-11-24,2019112401003909,HPPL,45,40,10,132.00,"1,320.00"
2019-11-24,2019112401003845,ILBS,46,42,10,463.00,"4,630.00"
2019-11-24,2019112401003719,ILBS,55,13,10,462.00,"4,620.00"
2019-11-24,2019112401003631,ILBS,55,10,10,462.00,"4,620.00"
2019-11-24,2019112401003751,JFL,43,13,100,189.00,"18,900.00"
2019-11-24,2019112401003840,KBL,58,25,100,176.00,"17,600.00"
2019-11-24,2019112401003956,KBL,49,14,200,177.00,"35,400.00"
2019-11-24,2019112401003922,KPCL,29,29,10,83.00,830.00
2019-11-24,2019112401003869,KPCL,56,59,680,82.00,"55,760.00"
2019-11-24,2019112401003868,KPCL,56,59,50,82.00,"4,100.00"
2019-11-24,2019112401003655,KPCL,46,58,10,83.00,830.00
2019-11-24,2019112401003608,KPCL,46,58,10,83.00,830.00
2019-11-24,2019112401003595,KPCL,46,58,10,83.00,830.00
2019-11-24,2019112401003775,KPCL,46,33,10,83.00,830.00
2019-11-24,2019112401003867,KPCL,6,59,20,83.00,"1,660.00"
2019-11-24,2019112401003866,KPCL,45,59,110,83.00,"9,130.00"
2019-11-24,2019112401003865,KPCL,51,59,80,83.00,"6,640.00"
2019-11-24,2019112401003864,KPCL,46,59,60,83.00,"4,980.00"
2019-11-24,2019112401003828,KPCL,46,33,10,83.00,830.00
2019-11-24,2019112401003813,KPCL,46,6,10,83.00,830.00
2019-11-24,2019112401003954,KSBBL,42,21,215,132.00,"28,380.00"
2019-11-24,2019112401003953,KSBBL,48,21,100,132.00,"13,200.00"
2019-11-24,2019112401003952,KSBBL,1,21,500,132.00,"66,000.00"
2019-11-24,2019112401003951,KSBBL,48,21,500,132.00,"66,000.00"
2019-11-24,2019112401003950,KSBBL,59,21,300,132.00,"39,600.00"
2019-11-24,2019112401003949,KSBBL,28,21,"1,000",132.00,"132,000.00"
2019-11-24,2019112401003942,KSBBL,33,21,"1,000",133.00,"133,000.00"
2019-11-24,2019112401003941,KSBBL,17,21,70,133.00,"9,310.00"
2019-11-24,2019112401003940,KSBBL,21,21,636,134.00,"85,224.00"
2019-11-24,2019112401003693,KSBBL,21,17,124,134.00,"16,616.00"
2019-11-24,2019112401003948,KSBBL,34,21,488,132.00,"64,416.00"
2019-11-24,2019112401003947,KSBBL,35,21,200,133.00,"26,600.00"
2019-11-24,2019112401003946,KSBBL,4,21,100,133.00,"13,300.00"
2019-11-24,2019112401003945,KSBBL,52,21,12,133.00,"1,596.00"
2019-11-24,2019112401003944,KSBBL,48,21,100,133.00,"13,300.00"
2019-11-24,2019112401003943,KSBBL,1,21,500,133.00,"66,500.00"
2019-11-24,2019112401003926,LBL,6,52,"1,400",211.00,"295,400.00"
2019-11-24,2019112401003764,LEMF,36,49,500,7.15,"3,575.00"
2019-11-24,2019112401003982,LGIL,49,53,"1,000",309.00,"309,000.00"
2019-11-24,2019112401003754,LGIL,49,16,188,309.00,"58,092.00"
2019-11-24,2019112401003753,LGIL,29,16,200,310.00,"62,000.00"
2019-11-24,2019112401004017,LLBS,22,14,50,673.00,"33,650.00"
2019-11-24,2019112401003598,LLBS,22,22,20,674.00,"13,480.00"
2019-11-24,2019112401003916,MBL,57,1,45,215.00,"9,675.00"
2019-11-24,2019112401003797,MBL,57,34,"1,000",215.00,"215,000.00"
2019-11-24,2019112401003614,MBL,57,49,"2,622",215.00,"563,730.00"
2019-11-24,2019112401003613,MBL,6,49,200,215.00,"43,000.00"
2019-11-24,2019112401003612,MBL,13,49,300,215.00,"64,500.00"
2019-11-24,2019112401003611,MBL,29,49,"1,141",215.00,"245,315.00"
2019-11-24,2019112401003924,MEGA,21,16,150,179.00,"26,850.00"
2019-11-24,2019112401003791,MEGA,48,16,50,179.00,"8,950.00"
2019-11-24,2019112401003588,MEGA,57,16,783,178.00,"139,374.00"
2019-11-24,2019112401003587,MEGA,57,16,200,178.00,"35,600.00"
2019-11-24,2019112401003586,MEGA,57,16,500,178.00,"89,000.00"
2019-11-24,2019112401003585,MEGA,32,16,517,178.00,"92,026.00"
2019-11-24,2019112401003761,MEGA,28,16,20,179.00,"3,580.00"
2019-11-24,2019112401003853,MERO,44,34,52,411.00,"21,372.00"
2019-11-24,2019112401003852,MERO,1,34,100,411.00,"41,100.00"
2019-11-24,2019112401003728,MFIL,32,21,15,125.00,"1,875.00"
2019-11-24,2019112401003913,MLBL,32,16,136,171.00,"23,256.00"
2019-11-24,2019112401003904,MLBL,32,16,36,171.00,"6,156.00"
2019-11-24,2019112401003903,MLBL,47,16,100,171.00,"17,100.00"
2019-11-24,2019112401003773,MLBL,47,57,200,173.00,"34,600.00"
2019-11-24,2019112401003642,MLBL,6,57,10,173.00,"1,730.00"
2019-11-24,2019112401003847,MNBBL,57,41,100,309.00,"30,900.00"
2019-11-24,2019112401003575,MNBBL,6,28,36,310.00,"11,160.00"
2019-11-24,2019112401003574,MNBBL,6,16,39,309.00,"12,051.00"
2019-11-24,2019112401004029,MSLB,1,6,10,828.00,"8,280.00"
2019-11-24,2019112401004028,MSLB,14,6,20,829.00,"16,580.00"
2019-11-24,2019112401004027,MSLB,1,6,20,830.00,"16,600.00"
2019-11-24,2019112401003593,MSLB,50,59,26,831.00,"21,606.00"
2019-11-24,2019112401003592,MSLB,38,59,50,832.00,"41,600.00"
2019-11-24,2019112401003591,MSLB,50,59,26,833.00,"21,658.00"
2019-11-24,2019112401003700,MSLB,50,1,26,829.00,"21,554.00"
2019-11-24,2019112401003576,MSMBS,51,46,11,444.00,"4,884.00"
2019-11-24,2019112401004008,NABIL,29,6,900,735.00,"661,500.00"
2019-11-24,2019112401004002,NABIL,35,16,10,736.00,"7,360.00"
2019-11-24,2019112401003990,NABIL,35,16,44,736.00,"32,384.00"
2019-11-24,2019112401003937,NABIL,29,32,100,735.00,"73,500.00"
2019-11-24,2019112401003860,NABIL,37,16,50,736.00,"36,800.00"
2019-11-24,2019112401003726,NABIL,17,6,20,737.00,"14,740.00"
2019-11-24,2019112401003580,NABIL,44,8,100,734.00,"73,400.00"
2019-11-24,2019112401003559,NADEP,44,46,10,386.00,"3,860.00"
2019-11-24,2019112401003699,NADEP,44,49,20,386.00,"7,720.00"
2019-11-24,2019112401003652,NADEP,44,10,10,386.00,"3,860.00"
2019-11-24,2019112401003985,NBB,16,34,156,199.00,"31,044.00"
2019-11-24,2019112401003961,NBB,1,57,10,198.00,"1,980.00"
2019-11-24,2019112401003960,NBB,7,57,500,198.00,"99,000.00"
2019-11-24,2019112401003959,NBB,34,57,60,198.00,"11,880.00"
2019-11-24,2019112401003724,NBB,57,34,300,199.00,"59,700.00"
2019-11-24,2019112401003723,NBB,58,34,"1,000",199.00,"199,000.00"
2019-11-24,2019112401003639,NBB,16,16,420,200.00,"84,000.00"
2019-11-24,2019112401003638,NBB,16,41,751,200.00,"150,200.00"
2019-11-24,2019112401003964,NBL,10,16,887,311.00,"275,857.00"
2019-11-24,2019112401003783,NBL,13,43,300,311.00,"93,300.00"
2019-11-24,2019112401003766,NBL,22,43,100,311.00,"31,100.00"
2019-11-24,2019112401003765,NBL,22,43,100,311.00,"31,100.00"
2019-11-24,2019112401003738,NBL,22,56,400,311.00,"124,400.00"
2019-11-24,2019112401003737,NBL,17,56,100,311.00,"31,100.00"
2019-11-24,2019112401003643,NBL,28,16,10,312.00,"3,120.00"
2019-11-24,2019112401003905,NCCB,50,21,100,197.00,"19,700.00"
2019-11-24,2019112401003857,NCCB,50,21,100,197.00,"19,700.00"
2019-11-24,2019112401003854,NCCB,57,21,500,196.00,"98,000.00"
2019-11-24,2019112401003756,NCCB,34,21,60,197.00,"11,820.00"
2019-11-24,2019112401003740,NCCB,57,49,272,196.00,"53,312.00"
2019-11-24,2019112401003564,NCCB,57,45,900,196.00,"176,400.00"
2019-11-24,2019112401003825,NGPL,56,6,13,105.00,"1,365.00"
2019-11-24,2019112401003772,NIB,16,43,44,418.00,"18,392.00"
2019-11-24,2019112401003686,NIB,54,10,35,420.00,"14,700.00"
2019-11-24,2019112401003600,NIB,16,49,90,418.00,"37,620.00"
2019-11-24,2019112401003842,NICA,25,34,307,396.00,"121,572.00"
2019-11-24,2019112401003827,NICA,52,34,50,396.00,"19,800.00"
2019-11-24,2019112401003806,NICA,14,34,50,396.00,"19,800.00"
2019-11-24,2019112401003805,NICA,33,34,250,396.00,"99,000.00"
2019-11-24,2019112401003804,NICA,49,34,50,396.00,"19,800.00"
2019-11-24,2019112401003803,NICA,3,34,100,396.00,"39,600.00"
2019-11-24,2019112401003657,NICA,10,28,20,397.00,"7,940.00"
2019-11-24,2019112401003656,NICA,55,28,100,397.00,"39,700.00"
2019-11-24,2019112401003673,NICA,6,28,200,397.00,"79,400.00"
2019-11-24,2019112401003668,NICA,36,28,50,397.00,"19,850.00"
2019-11-24,2019112401003661,NICA,42,28,100,397.00,"39,700.00"
2019-11-24,2019112401003660,NICA,28,28,500,397.00,"198,500.00"
2019-11-24,2019112401003659,NICA,55,28,25,397.00,"9,925.00"
2019-11-24,2019112401003658,NICA,50,28,100,397.00,"39,700.00"
2019-11-24,2019112401003759,NICA,13,19,50,397.00,"19,850.00"
2019-11-24,2019112401003758,NICA,14,19,50,397.00,"19,850.00"
2019-11-24,2019112401003742,NICA,38,19,44,397.00,"17,468.00"
2019-11-24,2019112401003741,NICA,45,19,450,397.00,"178,650.00"
2019-11-24,2019112401003739,NICA,45,1,50,397.00,"19,850.00"
2019-11-24,2019112401003685,NICA,25,28,105,397.00,"41,685.00"
2019-11-24,2019112401003802,NICA,35,34,100,396.00,"39,600.00"
2019-11-24,2019112401003801,NICA,16,34,73,396.00,"28,908.00"
2019-11-24,2019112401003789,NICA,16,34,427,396.00,"169,092.00"
2019-11-24,2019112401003788,NICA,57,34,23,396.00,"9,108.00"
2019-11-24,2019112401003787,NICA,38,34,500,396.00,"198,000.00"
2019-11-24,2019112401003786,NICA,17,34,50,396.00,"19,800.00"
2019-11-24,2019112401003563,NICGF,43,45,"5,000",8.80,"44,000.00"
2019-11-24,2019112401003774,NICL,41,16,47,239.00,"11,233.00"
2019-11-24,2019112401004026,NLIC,33,38,119,780.00,"92,820.00"
2019-11-24,2019112401003978,NLIC,33,36,184,780.00,"143,520.00"
2019-11-24,2019112401003823,NLIC,33,43,196,780.00,"152,880.00"
2019-11-24,2019112401003822,NLIC,6,43,10,781.00,"7,810.00"
2019-11-24,2019112401003692,NLIC,40,20,106,781.00,"82,786.00"
2019-11-24,2019112401003651,NLIC,33,26,167,780.00,"130,260.00"
2019-11-24,2019112401003650,NLIC,25,26,10,781.00,"7,810.00"
2019-11-24,2019112401003938,NLICL,47,50,40,415.00,"16,600.00"
2019-11-24,2019112401003861,NLICL,17,50,10,415.00,"4,150.00"
2019-11-24,2019112401003981,NMB,49,54,100,380.00,"38,000.00"
2019-11-24,2019112401003923,NMB,42,40,50,381.00,"19,050.00"
2019-11-24,2019112401003874,NMB,10,33,950,380.00,"361,000.00"
2019-11-24,2019112401003873,NMB,10,28,160,380.00,"60,800.00"
2019-11-24,2019112401003872,NMB,10,26,452,380.00,"171,760.00"
2019-11-24,2019112401003851,NMB,22,43,123,379.00,"46,617.00"
2019-11-24,2019112401003671,NMB,36,52,50,380.00,"19,000.00"
2019-11-24,2019112401003531,NMB,50,52,100,380.00,"38,000.00"
2019-11-24,2019112401003850,NMB,56,43,50,379.00,"18,950.00"
2019-11-24,2019112401003849,NMB,34,43,20,379.00,"7,580.00"
2019-11-24,2019112401003848,NMB,52,43,197,379.00,"74,663.00"
2019-11-24,2019112401003811,NMB,52,55,200,379.00,"75,800.00"
2019-11-24,2019112401003696,NMB,17,28,40,380.00,"15,200.00"
2019-11-24,2019112401003695,NMB,17,52,10,380.00,"3,800.00"
2019-11-24,2019112401003644,NMBMF,28,59,10,476.00,"4,760.00"
2019-11-24,2019112401003972,NMFBS,47,29,31,"1,774.00","54,994.00"
2019-11-24,2019112401003963,NMFBS,47,39,39,"1,773.00","69,147.00"
2019-11-24,2019112401003939,NMFBS,47,47,15,"1,770.00","26,550.00"
2019-11-24,2019112401003918,NMFBS,47,47,15,"1,765.00","26,475.00"
2019-11-24,2019112401003908,NMFBS,38,38,160,"1,760.00","281,600.00"
2019-11-24,2019112401003907,NMFBS,38,29,170,"1,759.00","299,030.00"
2019-11-24,2019112401003906,NMFBS,38,58,49,"1,758.00","86,142.00"
2019-11-24,2019112401003877,NMFBS,1,43,15,"1,750.00","26,250.00"
2019-11-24,2019112401003870,NMFBS,57,43,15,"1,751.00","26,265.00"
2019-11-24,2019112401003859,NMFBS,5,58,10,"1,758.00","17,580.00"
2019-11-24,2019112401003542,NMFBS,49,33,10,"1,750.00","17,500.00"
2019-11-24,2019112401003999,NTC,19,45,13,623.00,"8,099.00"
2019-11-24,2019112401003935,NTC,43,35,100,620.00,"62,000.00"
2019-11-24,2019112401003821,NTC,43,35,65,620.00,"40,300.00"
2019-11-24,2019112401003820,NTC,25,35,65,620.00,"40,300.00"
2019-11-24,2019112401003744,NUBL,41,17,90,881.00,"79,290.00"
2019-11-24,2019112401003743,NUBL,17,17,10,883.00,"8,830.00"
2019-11-24,2019112401003976,PCBL,34,35,258,272.00,"70,176.00"
2019-11-24,2019112401003912,PCBL,51,4,150,273.00,"40,950.00"
2019-11-24,2019112401003911,PCBL,17,4,67,273.00,"18,291.00"
2019-11-24,2019112401003910,PCBL,47,4,35,273.00,"9,555.00"
2019-11-24,2019112401003702,PCBL,17,17,33,273.00,"9,009.00"
2019-11-24,2019112401003701,PCBL,14,17,100,273.00,"27,300.00"
2019-11-24,2019112401003597,PCBL,34,22,300,273.00,"81,900.00"
2019-11-24,2019112401003596,PCBL,34,40,353,273.00,"96,369.00"
2019-11-24,2019112401003989,PIC,42,39,50,343.00,"17,150.00"
2019-11-24,2019112401004025,PLIC,6,52,560,310.00,"173,600.00"
2019-11-24,2019112401003713,PLIC,6,25,100,310.00,"31,000.00"
2019-11-24,2019112401003712,PLIC,6,33,20,310.00,"6,200.00"
2019-11-24,2019112401003841,PMHPL,46,33,10,82.00,820.00
2019-11-24,2019112401003669,PMHPL,46,58,10,82.00,820.00
2019-11-24,2019112401003664,PPCL,38,52,350,101.00,"35,350.00"
2019-11-24,2019112401003583,PPCL,38,46,20,101.00,"2,020.00"
2019-11-24,2019112401004022,PRVU,29,29,"1,000",222.00,"222,000.00"
2019-11-24,2019112401003968,PRVU,57,29,100,222.00,"22,200.00"
2019-11-24,2019112401003967,PRVU,49,29,100,222.00,"22,200.00"
2019-11-24,2019112401003966,PRVU,39,29,100,222.00,"22,200.00"
2019-11-24,2019112401003965,PRVU,25,29,281,222.00,"62,382.00"
2019-11-24,2019112401003799,PRVU,6,28,35,223.00,"7,805.00"
2019-11-24,2019112401003698,PRVU,25,16,105,222.00,"23,310.00"
2019-11-24,2019112401003558,PRVU,25,34,314,222.00,"69,708.00"
2019-11-24,2019112401003915,RBCL,11,6,20,"8,000.00","160,000.00"
2019-11-24,2019112401003883,RBCL,32,6,10,"8,001.00","80,010.00"
2019-11-24,2019112401003882,RBCL,52,6,10,"8,006.00","80,060.00"
2019-11-24,2019112401003856,RHPL,57,33,40,162.00,"6,480.00"
2019-11-24,2019112401003784,RHPL,57,43,10,162.00,"1,620.00"
2019-11-24,2019112401003752,RHPL,57,33,40,162.00,"6,480.00"
2019-11-24,2019112401003688,RHPL,57,10,40,162.00,"6,480.00"
2019-11-24,2019112401003634,RHPL,19,40,10,163.00,"1,630.00"
2019-11-24,2019112401003532,RLFL,1,1,675,106.00,"71,550.00"
2019-11-24,2019112401003914,RSDC,22,32,240,277.00,"66,480.00"
2019-11-24,2019112401003594,RSDC,22,46,11,277.00,"3,047.00"
2019-11-24,2019112401003895,SABSL,46,21,100,470.00,"47,000.00"
2019-11-24,2019112401003831,SABSL,34,42,10,465.00,"4,650.00"
2019-11-24,2019112401003771,SABSL,42,21,100,470.00,"47,000.00"
2019-11-24,2019112401003770,SABSL,6,21,140,470.00,"65,800.00"
2019-11-24,2019112401003769,SABSL,32,21,80,470.00,"37,600.00"
2019-11-24,2019112401003768,SABSL,18,21,100,471.00,"47,100.00"
2019-11-24,2019112401003767,SABSL,17,21,30,471.00,"14,130.00"
2019-11-24,2019112401003722,SABSL,17,13,10,471.00,"4,710.00"
2019-11-24,2019112401003670,SABSL,17,13,10,471.00,"4,710.00"
2019-11-24,2019112401003599,SABSL,54,46,10,471.00,"4,710.00"
2019-11-24,2019112401003925,SADBL,44,1,18,138.00,"2,484.00"
2019-11-24,2019112401003706,SANIMA,33,1,16,300.00,"4,800.00"
2019-11-24,2019112401003691,SANIMA,33,1,155,300.00,"46,500.00"
2019-11-24,2019112401003690,SANIMA,13,1,100,300.00,"30,000.00"
2019-11-24,2019112401003689,SANIMA,52,1,45,300.00,"13,500.00"
2019-11-24,2019112401003649,SANIMA,52,52,55,300.00,"16,500.00"
2019-11-24,2019112401003648,SANIMA,44,52,100,300.00,"30,000.00"
2019-11-24,2019112401003647,SANIMA,41,1,191,300.00,"57,300.00"
2019-11-24,2019112401003646,SANIMA,20,1,26,300.00,"7,800.00"
2019-11-24,2019112401003645,SANIMA,22,1,783,300.00,"234,900.00"
2019-11-24,2019112401003747,SAPDBL,44,32,"1,000",119.00,"119,000.00"
2019-11-24,2019112401003980,SBI,42,37,50,383.00,"19,150.00"
2019-11-24,2019112401003971,SBI,41,32,100,382.00,"38,200.00"
2019-11-24,2019112401003970,SBI,41,32,100,382.00,"38,200.00"
2019-11-24,2019112401003969,SBI,10,32,"1,793",382.00,"684,926.00"
2019-11-24,2019112401003929,SBI,10,21,10,382.00,"3,820.00"
2019-11-24,2019112401003863,SBI,10,52,142,382.00,"54,244.00"
2019-11-24,2019112401003720,SBI,10,1,15,382.00,"5,730.00"
2019-11-24,2019112401003697,SBI,10,11,200,382.00,"76,400.00"
2019-11-24,2019112401004010,SBL,26,32,200,278.00,"55,600.00"
2019-11-24,2019112401004009,SBL,16,32,382,278.00,"106,196.00"
2019-11-24,2019112401003734,SBL,16,1,618,278.00,"171,804.00"
2019-11-24,2019112401003733,SBL,13,1,300,278.00,"83,400.00"
2019-11-24,2019112401003732,SBL,41,1,"1,000",278.00,"278,000.00"
2019-11-24,2019112401003731,SBL,19,1,100,278.00,"27,800.00"
2019-11-24,2019112401003730,SBL,50,1,190,278.00,"52,820.00"
2019-11-24,2019112401003729,SBL,16,1,644,279.00,"179,676.00"
2019-11-24,2019112401003705,SBL,16,43,356,279.00,"99,324.00"
2019-11-24,2019112401003603,SBL,50,46,10,278.00,"2,780.00"
2019-11-24,2019112401003602,SBL,33,46,90,278.00,"25,020.00"
2019-11-24,2019112401004003,SCB,34,37,100,552.00,"55,200.00"
2019-11-24,2019112401004000,SCB,41,58,20,551.00,"11,020.00"
2019-11-24,2019112401003931,SCB,42,37,50,552.00,"27,600.00"
2019-11-24,2019112401003921,SCB,25,37,150,552.00,"82,800.00"
2019-11-24,2019112401003920,SCB,41,37,200,552.00,"110,400.00"
2019-11-24,2019112401003830,SCB,44,43,50,553.00,"27,650.00"
2019-11-24,2019112401003561,SCB,17,13,120,552.00,"66,240.00"
2019-11-24,2019112401003663,SCB,41,21,10,551.00,"5,510.00"
2019-11-24,2019112401003617,SCB,22,3,60,552.00,"33,120.00"
2019-11-24,2019112401003582,SCB,22,6,40,552.00,"22,080.00"
2019-11-24,2019112401003581,SCB,17,6,60,552.00,"33,120.00"
2019-11-24,2019112401003934,SFFIL,20,34,159,165.00,"26,235.00"
2019-11-24,2019112401003933,SFFIL,22,34,10,165.00,"1,650.00"
2019-11-24,2019112401003932,SFFIL,58,34,91,165.00,"15,015.00"
2019-11-24,2019112401003919,SFFIL,14,34,40,166.00,"6,640.00"
2019-11-24,2019112401003930,SHINE,47,57,50,252.00,"12,600.00"
2019-11-24,2019112401003824,SHINE,47,34,88,252.00,"22,176.00"
2019-11-24,2019112401003654,SHINE,17,13,275,248.00,"68,200.00"
2019-11-24,2019112401003641,SHINE,17,25,140,248.00,"34,720.00"
2019-11-24,2019112401003640,SHINE,17,25,10,251.00,"2,510.00"
2019-11-24,2019112401004016,SHIVM,11,32,50,399.00,"19,950.00"
2019-11-24,2019112401004015,SHIVM,57,32,500,399.00,"199,500.00"
2019-11-24,2019112401004014,SHIVM,43,32,50,399.00,"19,950.00"
2019-11-24,2019112401004013,SHIVM,26,32,50,400.00,"20,000.00"
2019-11-24,2019112401004012,SHIVM,26,32,160,400.00,"64,000.00"
2019-11-24,2019112401003962,SHIVM,26,54,90,400.00,"36,000.00"
2019-11-24,2019112401003888,SHIVM,41,54,50,400.00,"20,000.00"
2019-11-24,2019112401003887,SHIVM,57,54,400,400.00,"160,000.00"
2019-11-24,2019112401003637,SHIVM,35,18,50,401.00,"20,050.00"
2019-11-24,2019112401003636,SHIVM,35,18,50,401.00,"20,050.00"
2019-11-24,2019112401003633,SHIVM,50,18,50,401.00,"20,050.00"
2019-11-24,2019112401003629,SHIVM,50,18,50,401.00,"20,050.00"
2019-11-24,2019112401003894,SHIVM,22,54,90,400.00,"36,000.00"
2019-11-24,2019112401003893,SHIVM,38,54,50,400.00,"20,000.00"
2019-11-24,2019112401003892,SHIVM,57,54,50,400.00,"20,000.00"
2019-11-24,2019112401003891,SHIVM,6,54,150,400.00,"60,000.00"
2019-11-24,2019112401003890,SHIVM,5,54,20,400.00,"8,000.00"
2019-11-24,2019112401003889,SHIVM,54,54,100,400.00,"40,000.00"
2019-11-24,2019112401003902,SIC,22,32,55,440.00,"24,200.00"
2019-11-24,2019112401003878,SIC,22,41,100,439.00,"43,900.00"
2019-11-24,2019112401003584,SIL,33,6,300,351.00,"105,300.00"
2019-11-24,2019112401003862,SJCL,42,54,20,154.00,"3,080.00"
2019-11-24,2019112401003858,SJCL,42,43,10,154.00,"1,540.00"
2019-11-24,2019112401003812,SJCL,42,33,20,154.00,"3,080.00"
2019-11-24,2019112401003792,SJCL,42,43,10,154.00,"1,540.00"
2019-11-24,2019112401003560,SJCL,42,40,20,154.00,"3,080.00"
2019-11-24,2019112401003553,SJCL,42,1,20,154.00,"3,080.00"
2019-11-24,2019112401003550,SJCL,42,13,20,154.00,"3,080.00"
2019-11-24,2019112401003672,SJCL,42,13,20,154.00,"3,080.00"
2019-11-24,2019112401003589,SJCL,42,13,20,154.00,"3,080.00"
2019-11-24,2019112401003760,SJCL,42,35,20,154.00,"3,080.00"
2019-11-24,2019112401003757,SJCL,42,33,20,154.00,"3,080.00"
2019-11-24,2019112401003736,SJCL,42,33,20,154.00,"3,080.00"
2019-11-24,2019112401003735,SJCL,42,13,20,154.00,"3,080.00"
2019-11-24,2019112401003703,SJCL,42,10,20,154.00,"3,080.00"
2019-11-24,2019112401003632,SKBBL,45,50,200,910.00,"182,000.00"
2019-11-24,2019112401003994,SLBBL,47,44,100,612.00,"61,200.00"
2019-11-24,2019112401003540,SLBBL,57,44,100,610.00,"61,000.00"
2019-11-24,2019112401003539,SLBBL,57,43,100,610.00,"61,000.00"
2019-11-24,2019112401003538,SLBBL,19,22,30,605.00,"18,150.00"
2019-11-24,2019112401003535,SLBBL,45,54,317,609.00,"193,053.00"
2019-11-24,2019112401003534,SLBBL,45,45,30,608.00,"18,240.00"
2019-11-24,2019112401003578,SLBBL,57,44,100,610.00,"61,000.00"
2019-11-24,2019112401003562,SLBBL,49,44,400,610.00,"244,000.00"
2019-11-24,2019112401003543,SLBSL,56,59,90,696.00,"62,640.00"
2019-11-24,2019112401003536,SLBSL,50,38,10,695.00,"6,950.00"
2019-11-24,2019112401003530,SLBSL,32,59,10,696.00,"6,960.00"
2019-11-24,2019112401003609,SLICL,19,46,33,247.00,"8,151.00"
2019-11-24,2019112401003762,SPARS,1,14,30,507.00,"15,210.00"
2019-11-24,2019112401003727,SPARS,50,49,10,503.00,"5,030.00"
2019-11-24,2019112401003680,SRBL,21,34,191,207.00,"39,537.00"
2019-11-24,2019112401003679,SRBL,44,34,500,207.00,"103,500.00"
2019-11-24,2019112401003678,SRBL,39,34,300,207.00,"62,100.00"
2019-11-24,2019112401003677,SRBL,17,34,304,207.00,"62,928.00"
2019-11-24,2019112401003676,SRBL,21,34,200,207.00,"41,400.00"
2019-11-24,2019112401003628,SRBL,17,46,40,207.00,"8,280.00"
2019-11-24,2019112401003627,SRBL,17,46,69,207.00,"14,283.00"
2019-11-24,2019112401003545,SRBL,17,22,100,207.00,"20,700.00"
2019-11-24,2019112401003844,STC,14,22,48,"1,436.00","68,928.00"
2019-11-24,2019112401003843,STC,48,22,10,"1,440.00","14,400.00"
2019-11-24,2019112401003798,STC,34,14,10,"1,438.00","14,380.00"
2019-11-24,2019112401003782,STC,43,14,20,"1,438.00","28,760.00"
2019-11-24,2019112401003781,STC,5,14,10,"1,439.00","14,390.00"
2019-11-24,2019112401003780,STC,1,14,10,"1,440.00","14,400.00"
2019-11-24,2019112401003779,STC,22,14,10,"1,441.00","14,410.00"
2019-11-24,2019112401004005,SWBBL,57,19,85,928.00,"78,880.00"
2019-11-24,2019112401004004,SWBBL,57,38,15,928.00,"13,920.00"
2019-11-24,2019112401003855,SWBBL,17,19,10,928.00,"9,280.00"
2019-11-24,2019112401003988,UPCL,29,29,50,72.00,"3,600.00"
2019-11-24,2019112401003886,UPCL,32,47,50,72.00,"3,600.00"
2019-11-24,2019112401003885,UPCL,32,50,50,72.00,"3,600.00"
2019-11-24,2019112401004011,UPPER,29,16,40,223.00,"8,920.00"
2019-11-24,2019112401004007,UPPER,59,58,109,222.00,"24,198.00"
2019-11-24,2019112401003533,UPPER,51,40,40,223.00,"8,920.00"
2019-11-24,2019112401003551,UPPER,51,40,40,223.00,"8,920.00"
2019-11-24,2019112401003552,UPPER,57,40,10,222.00,"2,220.00"
2019-11-24,2019112401003810,UPPER,14,16,40,223.00,"8,920.00"
2019-11-24,2019112401003746,UPPER,37,6,50,222.00,"11,100.00"
2019-11-24,2019112401003745,UPPER,57,6,20,222.00,"4,440.00"
2019-11-24,2019112401003711,UPPER,57,42,200,222.00,"44,400.00"
2019-11-24,2019112401003675,UPPER,57,13,50,222.00,"11,100.00"
2019-11-24,2019112401003314,ADBL,14,48,13,405.00,"5,265.00"
2019-11-24,2019112401003313,ADBL,28,48,157,405.00,"63,585.00"
2019-11-24,2019112401003208,ADBL,28,18,43,405.00,"17,415.00"
2019-11-24,2019112401003076,ADBL,22,39,50,405.00,"20,250.00"
2019-11-24,2019112401003075,ADBL,38,39,200,405.00,"81,000.00"
2019-11-24,2019112401003125,AHPC,17,52,570,94.00,"53,580.00"
2019-11-24,2019112401003190,AKBSL,34,39,10,421.00,"4,210.00"
2019-11-24,2019112401003181,AKBSL,34,39,10,421.00,"4,210.00"
2019-11-24,2019112401003172,AKBSL,34,39,10,421.00,"4,210.00"
2019-11-24,2019112401003165,AKBSL,34,39,10,421.00,"4,210.00"
2019-11-24,2019112401003164,AKBSL,50,57,150,423.00,"63,450.00"
2019-11-24,2019112401003163,AKBSL,34,33,10,421.00,"4,210.00"
2019-11-24,2019112401003119,AKBSL,34,19,10,421.00,"4,210.00"
2019-11-24,2019112401003097,AKBSL,34,19,230,421.00,"96,830.00"
2019-11-24,2019112401003096,AKBSL,43,19,20,422.00,"8,440.00"
2019-11-24,2019112401003323,AKJCL,41,49,10,55.00,550.00
2019-11-24,2019112401003303,AKPL,33,20,13,111.00,"1,443.00"
2019-11-24,2019112401003385,ALBSL,47,17,30,391.00,"11,730.00"
2019-11-24,2019112401003126,ALBSL,47,42,10,391.00,"3,910.00"
2019-11-24,2019112401003523,ALICL,28,47,168,313.00,"52,584.00"
2019-11-24,2019112401003259,API,47,40,200,102.00,"20,400.00"
2019-11-24,2019112401003220,BFC,46,38,270,86.00,"23,220.00"
2019-11-24,2019112401003519,BOKL,17,17,42,213.00,"8,946.00"
2019-11-24,2019112401003514,BOKL,22,17,108,213.00,"23,004.00"
2019-11-24,2019112401003439,BOKL,22,1,62,213.00,"13,206.00"
2019-11-24,2019112401003438,BOKL,17,1,379,213.00,"80,727.00"
2019-11-24,2019112401003340,BOKL,17,41,69,213.00,"14,697.00"
2019-11-24,2019112401003275,BOKL,17,16,52,213.00,"11,076.00"
2019-11-24,2019112401003274,BOKL,48,16,12,213.00,"2,556.00"
2019-11-24,2019112401003180,BOKL,48,50,18,213.00,"3,834.00"
2019-11-24,2019112401003331,BPCL,7,49,55,342.00,"18,810.00"
2019-11-24,2019112401003507,CBL,58,38,961,135.00,"129,735.00"
2019-11-24,2019112401003506,CBL,42,38,100,135.00,"13,500.00"
2019-11-24,2019112401003505,CBL,26,38,200,135.00,"27,000.00"
2019-11-24,2019112401003504,CBL,26,38,150,135.00,"20,250.00"
2019-11-24,2019112401003503,CBL,19,38,89,135.00,"12,015.00"
2019-11-24,2019112401003092,CBL,45,34,100,136.00,"13,600.00"
2019-11-24,2019112401003398,CCBL,42,49,100,160.00,"16,000.00"
2019-11-24,2019112401003389,CCBL,42,49,100,160.00,"16,000.00"
2019-11-24,2019112401003294,CCBL,17,51,452,159.00,"71,868.00"
2019-11-24,2019112401003270,CCBL,42,51,10,159.00,"1,590.00"
2019-11-24,2019112401003457,CIT,35,26,35,"1,718.00","60,130.00"
2019-11-24,2019112401003218,CIT,35,26,20,"1,718.00","34,360.00"
2019-11-24,2019112401003179,CIT,35,38,10,"1,719.00","17,190.00"
2019-11-24,2019112401003171,CIT,35,38,14,"1,719.00","24,066.00"
2019-11-24,2019112401003189,CMF1,43,18,500,8.80,"4,400.00"
2019-11-24,2019112401003281,CZBIL,1,28,189,181.00,"34,209.00"
2019-11-24,2019112401003280,CZBIL,28,28,50,181.00,"9,050.00"
2019-11-24,2019112401003279,CZBIL,17,28,11,182.00,"2,002.00"
2019-11-24,2019112401003522,EBL,7,49,66,539.00,"35,574.00"
2019-11-24,2019112401003336,EBL,6,53,247,540.00,"133,380.00"
2019-11-24,2019112401003412,FMDBL,35,35,150,300.00,"45,000.00"
2019-11-24,2019112401003391,FMDBL,44,35,50,301.00,"15,050.00"
2019-11-24,2019112401003451,FOWAD,28,53,32,"1,310.00","41,920.00"
2019-11-24,2019112401003397,FOWAD,51,53,10,"1,310.00","13,100.00"
2019-11-24,2019112401003240,FOWAD,21,33,19,"1,305.00","24,795.00"
2019-11-24,2019112401003414,GBBL,42,22,100,224.00,"22,400.00"
2019-11-24,2019112401003355,GBBL,1,22,350,224.00,"78,400.00"
2019-11-24,2019112401003293,GBBL,22,22,200,224.00,"44,800.00"
2019-11-24,2019112401003185,GBBL,22,22,190,224.00,"42,560.00"
2019-11-24,2019112401003184,GBBL,22,25,88,224.00,"19,712.00"
2019-11-24,2019112401003183,GBBL,22,1,122,224.00,"27,328.00"
2019-11-24,2019112401003170,GBBL,22,1,400,224.00,"89,600.00"
2019-11-24,2019112401003251,GBLBS,14,33,15,289.00,"4,335.00"
2019-11-24,2019112401003482,GGBSL,48,14,10,625.00,"6,250.00"
2019-11-24,2019112401003477,GGBSL,48,20,10,625.00,"6,250.00"
2019-11-24,2019112401003379,GGBSL,44,34,10,630.00,"6,300.00"
2019-11-24,2019112401003378,GGBSL,44,26,10,630.00,"6,300.00"
2019-11-24,2019112401003221,GGBSL,22,40,10,626.00,"6,260.00"
2019-11-24,2019112401003197,GGBSL,22,16,10,626.00,"6,260.00"
2019-11-24,2019112401003182,GGBSL,22,16,10,626.00,"6,260.00"
2019-11-24,2019112401003140,GGBSL,22,44,10,626.00,"6,260.00"
2019-11-24,2019112401003079,GGBSL,22,42,10,626.00,"6,260.00"
2019-11-24,2019112401003065,GGBSL,22,42,10,626.00,"6,260.00"
2019-11-24,2019112401003265,GGBSL,22,42,10,626.00,"6,260.00"
2019-11-24,2019112401003100,GLICL,57,48,300,344.00,"103,200.00"
2019-11-24,2019112401003099,GLICL,34,48,65,345.00,"22,425.00"
2019-11-24,2019112401003282,GMFBS,10,41,10,490.00,"4,900.00"
2019-11-24,2019112401003206,GMFBS,10,21,10,481.00,"4,810.00"
2019-11-24,2019112401003083,GRDBL,4,48,90,100.00,"9,000.00"
2019-11-24,2019112401003382,GUFL,35,46,300,106.00,"31,800.00"
2019-11-24,2019112401003513,HDL,19,50,40,"1,735.00","69,400.00"
2019-11-24,2019112401003512,HDL,6,50,20,"1,735.00","34,700.00"
2019-11-24,2019112401003232,HDL,51,34,150,"1,735.00","260,250.00"
2019-11-24,2019112401003222,HDL,28,50,100,"1,736.00","173,600.00"
2019-11-24,2019112401003201,HDL,26,14,50,"1,738.00","86,900.00"
2019-11-24,2019112401003095,HGI,28,20,530,233.00,"123,490.00"
2019-11-24,2019112401003094,HGI,6,20,50,234.00,"11,700.00"
2019-11-24,2019112401003517,HIDCL,14,6,400,130.00,"52,000.00"
2019-11-24,2019112401003376,HIDCL,33,58,200,130.00,"26,000.00"
2019-11-24,2019112401003375,HIDCL,33,58,200,130.00,"26,000.00"
2019-11-24,2019112401003374,HIDCL,14,58,"1,000",130.00,"130,000.00"
2019-11-24,2019112401003200,HIDCL,42,18,44,129.00,"5,676.00"
2019-11-24,2019112401003199,HIDCL,47,18,17,129.00,"2,193.00"
2019-11-24,2019112401003136,HIDCL,14,13,13,130.00,"1,690.00"
2019-11-24,2019112401003135,HIDCL,14,52,533,130.00,"69,290.00"
2019-11-24,2019112401003134,HIDCL,14,48,35,130.00,"4,550.00"
2019-11-24,2019112401003349,HPPL,45,49,10,132.00,"1,320.00"
2019-11-24,2019112401003334,HPPL,45,22,10,132.00,"1,320.00"
2019-11-24,2019112401003315,HPPL,45,22,10,132.00,"1,320.00"
2019-11-24,2019112401003178,HPPL,45,33,10,132.00,"1,320.00"
2019-11-24,2019112401003377,HURJA,1,35,20,99.00,"1,980.00"
2019-11-24,2019112401003146,HURJA,1,10,20,99.00,"1,980.00"
2019-11-24,2019112401003077,HURJA,1,10,20,99.00,"1,980.00"
2019-11-24,2019112401003062,HURJA,43,36,20,100.00,"2,000.00"
2019-11-24,2019112401003061,HURJA,43,36,20,100.00,"2,000.00"
2019-11-24,2019112401003254,ICFC,26,40,400,157.00,"62,800.00"
2019-11-24,2019112401003219,IGI,49,36,300,285.00,"85,500.00"
2019-11-24,2019112401003354,ILBS,52,49,10,461.00,"4,610.00"
2019-11-24,2019112401003196,ILBS,22,32,37,462.00,"17,094.00"
2019-11-24,2019112401003195,ILBS,1,32,380,462.00,"175,560.00"
2019-11-24,2019112401003103,ILBS,1,57,50,463.00,"23,150.00"
2019-11-24,2019112401003102,ILBS,6,57,100,463.00,"46,300.00"
2019-11-24,2019112401003101,ILBS,58,57,20,464.00,"9,280.00"
2019-11-24,2019112401003078,ILBS,58,33,10,464.00,"4,640.00"
2019-11-24,2019112401003400,JBBL,42,38,200,158.00,"31,600.00"
2019-11-24,2019112401003335,JBBL,42,41,356,158.00,"56,248.00"
2019-11-24,2019112401003474,JSLBB,37,5,100,"1,131.00","113,100.00"
2019-11-24,2019112401003473,JSLBB,37,1,10,"1,129.00","11,290.00"
2019-11-24,2019112401003458,JSLBB,32,41,50,"1,126.00","56,300.00"
2019-11-24,2019112401003233,JSLBB,38,20,110,"1,112.00","122,320.00"
2019-11-24,2019112401003502,KBL,58,26,249,176.00,"43,824.00"
2019-11-24,2019112401003496,KBL,57,22,300,175.00,"52,500.00"
2019-11-24,2019112401003301,KBL,57,41,114,175.00,"19,950.00"
2019-11-24,2019112401003300,KBL,50,41,150,176.00,"26,400.00"
2019-11-24,2019112401003245,KBL,50,16,650,176.00,"114,400.00"
2019-11-24,2019112401003244,KBL,35,16,100,176.00,"17,600.00"
