Date,Transact. No.,Symbol,Buyer,Seller,Quantity,Rate,Amount
2019-07-23,2019072301005501,ADBL,3,45,200,435.00,"87,000.00"
2019-07-23,2019072301005490,ADBL,40,45,205,435.00,"89,175.00"
2019-07-23,2019072301005489,ADBL,40,10,295,435.00,"128,325.00"
2019-07-23,2019072301005400,ADBL,17,59,10,434.00,"4,340.00"
2019-07-23,2019072301005325,ADBL,53,6,160,433.00,"69,280.00"
2019-07-23,2019072301005284,ADBL,54,10,205,435.00,"89,175.00"
2019-07-23,2019072301005060,ADBL,49,57,305,433.00,"132,065.00"
2019-07-23,2019072301005003,ADBL,53,22,338,435.00,"147,030.00"
2019-07-23,2019072301005273,ADBL,38,22,45,433.00,"19,485.00"
2019-07-23,2019072301005239,ADBL,38,19,50,433.00,"21,650.00"
2019-07-23,2019072301005140,ADBL,38,11,205,433.00,"88,765.00"
2019-07-23,2019072301005139,ADBL,49,11,95,433.00,"41,135.00"
2019-07-23,2019072301005111,ADBL,33,51,200,434.00,"86,800.00"
2019-07-23,2019072301005070,ADBL,49,44,"1,000",434.00,"434,000.00"
2019-07-23,2019072301005283,ADBL,54,22,"1,863",434.00,"808,542.00"
2019-07-23,2019072301005282,ADBL,54,46,10,434.00,"4,340.00"
2019-07-23,2019072301005281,ADBL,54,22,768,434.00,"333,312.00"
2019-07-23,2019072301005280,ADBL,54,17,154,434.00,"66,836.00"
2019-07-23,2019072301005275,ADBL,38,22,37,432.00,"15,984.00"
2019-07-23,2019072301005274,ADBL,45,22,80,433.00,"34,640.00"
2019-07-23,2019072301005329,AHPC,51,34,"1,000",107.00,"107,000.00"
2019-07-23,2019072301005210,AKPL,28,36,100,175.00,"17,500.00"
2019-07-23,2019072301005260,ALBSL,57,21,10,403.00,"4,030.00"
2019-07-23,2019072301005245,ALBSL,57,19,10,403.00,"4,030.00"
2019-07-23,2019072301005160,ALBSL,57,49,10,403.00,"4,030.00"
2019-07-23,2019072301005297,API,25,34,21,143.00,"3,003.00"
2019-07-23,2019072301005296,API,25,51,29,142.00,"4,118.00"
2019-07-23,2019072301005295,API,25,41,29,142.00,"4,118.00"
2019-07-23,2019072301005294,API,25,26,450,142.00,"63,900.00"
2019-07-23,2019072301005293,API,25,40,421,142.00,"59,782.00"
2019-07-23,2019072301005247,API,25,54,150,141.00,"21,150.00"
2019-07-23,2019072301005159,API,58,40,100,141.00,"14,100.00"
2019-07-23,2019072301005158,API,42,40,500,141.00,"70,500.00"
2019-07-23,2019072301005157,API,19,40,"1,000",141.00,"141,000.00"
2019-07-23,2019072301005156,API,7,40,500,141.00,"70,500.00"
2019-07-23,2019072301005155,API,25,40,99,141.00,"13,959.00"
2019-07-23,2019072301005361,BARUN,56,28,65,92.00,"5,980.00"
2019-07-23,2019072301005497,BOKL,16,17,15,268.00,"4,020.00"
2019-07-23,2019072301005425,BOKL,16,56,80,268.00,"21,440.00"
2019-07-23,2019072301005232,BOKL,58,52,807,267.00,"215,469.00"
2019-07-23,2019072301005164,BOKL,58,45,353,267.00,"94,251.00"
2019-07-23,2019072301005072,BOKL,16,56,20,268.00,"5,360.00"
2019-07-23,2019072301005200,BPCL,46,43,384,408.00,"156,672.00"
2019-07-23,2019072301005199,BPCL,50,43,116,408.00,"47,328.00"
2019-07-23,2019072301005097,BPCL,17,57,200,410.00,"82,000.00"
2019-07-23,2019072301005096,BPCL,17,44,22,409.00,"8,998.00"
2019-07-23,2019072301005465,CBBL,50,35,145,999.00,"144,855.00"
2019-07-23,2019072301005464,CBBL,50,33,100,999.00,"99,900.00"
2019-07-23,2019072301005463,CBBL,50,53,490,999.00,"489,510.00"
2019-07-23,2019072301005462,CBBL,50,44,40,998.00,"39,920.00"
2019-07-23,2019072301005372,CBBL,45,53,10,999.00,"9,990.00"
2019-07-23,2019072301005216,CBBL,52,49,60,999.00,"59,940.00"
2019-07-23,2019072301005179,CBBL,17,35,20,"1,000.00","20,000.00"
2019-07-23,2019072301005154,CBBL,17,35,20,"1,000.00","20,000.00"
2019-07-23,2019072301005017,CBBL,48,35,15,"1,000.00","15,000.00"
2019-07-23,2019072301005305,CBL,28,51,"1,000",163.00,"163,000.00"
2019-07-23,2019072301005279,CBL,28,5,700,163.00,"114,100.00"
2019-07-23,2019072301005197,CBL,28,41,"1,000",163.00,"163,000.00"
2019-07-23,2019072301005196,CBL,28,28,281,163.00,"45,803.00"
2019-07-23,2019072301005127,CBL,3,28,"2,000",163.00,"326,000.00"
2019-07-23,2019072301005094,CBL,28,28,"2,719",163.00,"443,197.00"
2019-07-23,2019072301005019,CBL,28,57,740,163.00,"120,620.00"
2019-07-23,2019072301005093,CBL,28,56,281,163.00,"45,803.00"
2019-07-23,2019072301005092,CBL,17,56,250,163.00,"40,750.00"
2019-07-23,2019072301005074,CBL,41,56,10,163.00,"1,630.00"
2019-07-23,2019072301005069,CBL,28,56,415,163.00,"67,645.00"
2019-07-23,2019072301005022,CBL,28,5,"1,295",163.00,"211,085.00"
2019-07-23,2019072301005020,CBL,28,1,550,163.00,"89,650.00"
2019-07-23,2019072301005466,CCBL,6,52,500,178.00,"89,000.00"
2019-07-23,2019072301005208,CCBL,7,26,900,178.00,"160,200.00"
2019-07-23,2019072301005149,CCBL,16,41,375,177.00,"66,375.00"
2019-07-23,2019072301005148,CCBL,43,41,625,177.00,"110,625.00"
2019-07-23,2019072301005109,CCBL,43,53,"1,375",177.00,"243,375.00"
2019-07-23,2019072301005108,CCBL,45,53,50,177.00,"8,850.00"
2019-07-23,2019072301005107,CCBL,45,53,75,177.00,"13,275.00"
2019-07-23,2019072301005061,CCBL,16,58,20,178.00,"3,560.00"
2019-07-23,2019072301005112,CEFL,42,28,"1,000",107.00,"107,000.00"
2019-07-23,2019072301005135,CHCL,38,38,5,514.00,"2,570.00"
2019-07-23,2019072301005498,CIT,26,33,10,"2,495.00","24,950.00"
2019-07-23,2019072301005311,CIT,52,57,30,"2,497.00","74,910.00"
2019-07-23,2019072301005153,CLBSL,29,16,10,500.00,"5,000.00"
2019-07-23,2019072301005211,CORBL,56,33,10,123.00,"1,230.00"
2019-07-23,2019072301005457,CZBIL,45,45,301,231.00,"69,531.00"
2019-07-23,2019072301005456,CZBIL,5,45,100,231.00,"23,100.00"
2019-07-23,2019072301005455,CZBIL,38,45,10,231.00,"2,310.00"
2019-07-23,2019072301005454,CZBIL,45,45,90,231.00,"20,790.00"
2019-07-23,2019072301005350,CZBIL,40,39,993,232.00,"230,376.00"
2019-07-23,2019072301005349,CZBIL,40,1,400,232.00,"92,800.00"
2019-07-23,2019072301005406,DBBL,49,17,25,150.00,"3,750.00"
2019-07-23,2019072301005405,DBBL,49,51,83,150.00,"12,450.00"
2019-07-23,2019072301005404,DBBL,49,48,200,149.00,"29,800.00"
2019-07-23,2019072301005403,DBBL,49,17,692,149.00,"103,108.00"
2019-07-23,2019072301005310,DBBL,57,17,200,149.00,"29,800.00"
2019-07-23,2019072301005258,DBBL,57,51,217,150.00,"32,550.00"
2019-07-23,2019072301005167,DBBL,57,5,800,149.00,"119,200.00"
2019-07-23,2019072301005257,DBBL,57,54,394,150.00,"59,100.00"
2019-07-23,2019072301005256,DBBL,57,13,500,150.00,"75,000.00"
2019-07-23,2019072301005255,DBBL,57,29,"1,000",150.00,"150,000.00"
2019-07-23,2019072301005254,DBBL,57,34,175,150.00,"26,250.00"
2019-07-23,2019072301005240,DBBL,6,34,10,150.00,"1,500.00"
2019-07-23,2019072301005214,DBBL,57,33,"1,400",149.00,"208,600.00"
2019-07-23,2019072301005415,EBL,50,59,10,678.00,"6,780.00"
2019-07-23,2019072301005392,EBL,28,25,477,679.00,"323,883.00"
2019-07-23,2019072301005238,EBL,50,22,29,678.00,"19,662.00"
2019-07-23,2019072301005098,EBL,50,47,420,678.00,"284,760.00"
2019-07-23,2019072301005082,EBL,50,47,80,678.00,"54,240.00"
2019-07-23,2019072301005081,EBL,50,38,300,678.00,"203,400.00"
2019-07-23,2019072301005080,EBL,50,44,100,678.00,"67,800.00"
2019-07-23,2019072301005079,EBL,50,42,20,677.00,"13,540.00"
2019-07-23,2019072301005437,FMDBL,34,29,10,400.00,"4,000.00"
2019-07-23,2019072301005436,FMDBL,34,21,300,397.00,"119,100.00"
2019-07-23,2019072301005435,FMDBL,34,53,100,397.00,"39,700.00"
2019-07-23,2019072301005434,FMDBL,34,37,50,395.00,"19,750.00"
2019-07-23,2019072301005433,FMDBL,34,35,200,395.00,"79,000.00"
2019-07-23,2019072301005432,FMDBL,34,33,100,394.00,"39,400.00"
2019-07-23,2019072301005099,FMDBL,6,33,300,390.00,"117,000.00"
2019-07-23,2019072301005105,FMDBL,6,35,30,394.00,"11,820.00"
2019-07-23,2019072301005104,FMDBL,6,44,30,392.00,"11,760.00"
2019-07-23,2019072301005103,FMDBL,6,41,250,392.00,"98,000.00"
2019-07-23,2019072301005102,FMDBL,6,54,50,392.00,"19,600.00"
2019-07-23,2019072301005101,FMDBL,6,48,10,392.00,"3,920.00"
2019-07-23,2019072301005100,FMDBL,6,43,50,391.00,"19,550.00"
2019-07-23,2019072301005446,FOWAD,33,50,40,"1,400.00","56,000.00"
2019-07-23,2019072301005491,GBBL,8,38,501,227.00,"113,727.00"
2019-07-23,2019072301005450,GBLBS,32,13,190,353.00,"67,070.00"
2019-07-23,2019072301005366,GBLBS,4,13,100,355.00,"35,500.00"
2019-07-23,2019072301005365,GBLBS,4,13,100,355.00,"35,500.00"
2019-07-23,2019072301005353,GDBL,13,19,300,215.00,"64,500.00"
2019-07-23,2019072301005352,GDBL,46,19,700,215.00,"150,500.00"
2019-07-23,2019072301005351,GDBL,40,19,250,215.00,"53,750.00"
2019-07-23,2019072301005317,GDBL,40,52,100,215.00,"21,500.00"
2019-07-23,2019072301005314,GDBL,40,1,550,215.00,"118,250.00"
2019-07-23,2019072301005246,GDBL,40,1,100,215.00,"21,500.00"
2019-07-23,2019072301005137,GILB,58,34,62,715.00,"44,330.00"
2019-07-23,2019072301005016,GLBSL,57,39,10,397.00,"3,970.00"
2019-07-23,2019072301005114,GLICL,34,29,20,461.00,"9,220.00"
2019-07-23,2019072301005113,GLICL,34,29,80,461.00,"36,880.00"
2019-07-23,2019072301005063,GLICL,5,56,106,462.00,"48,972.00"
2019-07-23,2019072301005448,GMFBS,39,58,20,493.00,"9,860.00"
2019-07-23,2019072301005396,GMFBS,39,46,10,490.00,"4,900.00"
2019-07-23,2019072301005395,GMFBS,39,58,10,490.00,"4,900.00"
2019-07-23,2019072301005394,GMFBS,39,55,20,490.00,"9,800.00"
2019-07-23,2019072301005172,GRDBL,16,37,100,117.00,"11,700.00"
2019-07-23,2019072301005171,GRDBL,16,41,450,117.00,"52,650.00"
2019-07-23,2019072301005376,HDL,7,56,35,"1,610.00","56,350.00"
2019-07-23,2019072301005319,HDL,7,22,165,"1,610.00","265,650.00"
2019-07-23,2019072301005309,HDL,1,22,100,"1,610.00","161,000.00"
2019-07-23,2019072301005308,HDL,32,22,20,"1,610.00","32,200.00"
2019-07-23,2019072301005484,HIDCL,35,43,"1,000",161.00,"161,000.00"
2019-07-23,2019072301005409,HIDCL,58,46,600,160.00,"96,000.00"
2019-07-23,2019072301005408,HIDCL,44,46,"2,000",160.00,"320,000.00"
2019-07-23,2019072301005407,HIDCL,1,46,100,160.00,"16,000.00"
2019-07-23,2019072301005389,HIDCL,42,38,"2,000",160.00,"320,000.00"
2019-07-23,2019072301005287,HIDCL,43,43,300,161.00,"48,300.00"
2019-07-23,2019072301005116,HIDCL,42,43,26,162.00,"4,212.00"
2019-07-23,2019072301005095,HIDCL,42,17,143,162.00,"23,166.00"
2019-07-23,2019072301005010,HIDCL,42,51,31,162.00,"5,022.00"
2019-07-23,2019072301005122,HIDCL,26,43,500,161.00,"80,500.00"
2019-07-23,2019072301005121,HIDCL,26,43,500,161.00,"80,500.00"
2019-07-23,2019072301005120,HIDCL,1,43,500,161.00,"80,500.00"
2019-07-23,2019072301005119,HIDCL,41,43,100,161.00,"16,100.00"
2019-07-23,2019072301005118,HIDCL,45,43,19,161.00,"3,059.00"
2019-07-23,2019072301005117,HIDCL,5,43,500,162.00,"81,000.00"
2019-07-23,2019072301005286,HIDCL,1,43,"1,000",161.00,"161,000.00"
2019-07-23,2019072301005285,HIDCL,51,43,539,161.00,"86,779.00"
2019-07-23,2019072301005126,HIDCL,51,43,"1,461",161.00,"235,221.00"
2019-07-23,2019072301005125,HIDCL,56,43,294,161.00,"47,334.00"
2019-07-23,2019072301005124,HIDCL,38,43,100,161.00,"16,100.00"
2019-07-23,2019072301005123,HIDCL,56,43,500,161.00,"80,500.00"
2019-07-23,2019072301005487,HURJA,57,59,10,139.00,"1,390.00"
2019-07-23,2019072301005486,HURJA,17,59,10,140.00,"1,400.00"
2019-07-23,2019072301005413,HURJA,17,56,20,140.00,"2,800.00"
2019-07-23,2019072301005237,ILBS,25,38,10,394.00,"3,940.00"
2019-07-23,2019072301005224,ILBS,25,38,10,394.00,"3,940.00"
2019-07-23,2019072301005190,ILBS,25,16,10,394.00,"3,940.00"
2019-07-23,2019072301005189,ILBS,25,16,10,394.00,"3,940.00"
2019-07-23,2019072301005188,ILBS,25,45,10,394.00,"3,940.00"
2019-07-23,2019072301005217,JBBL,58,29,49,166.00,"8,134.00"
2019-07-23,2019072301005013,JBBL,46,57,710,164.00,"116,440.00"
2019-07-23,2019072301005012,JBBL,49,57,"1,290",164.00,"211,560.00"
2019-07-23,2019072301005261,JOSHI,39,34,20,78.00,"1,560.00"
2019-07-23,2019072301005355,KBL,36,35,300,221.00,"66,300.00"
2019-07-23,2019072301005271,KBL,21,40,50,222.00,"11,100.00"
2019-07-23,2019072301005249,KBL,36,40,500,221.00,"110,500.00"
2019-07-23,2019072301005233,KBL,54,5,200,221.00,"44,200.00"
2019-07-23,2019072301005414,LBBL,33,41,10,208.00,"2,080.00"
2019-07-23,2019072301005318,LBBL,50,33,"5,000",207.00,"1,035,000.00"
2019-07-23,2019072301005195,LBBL,6,41,50,208.00,"10,400.00"
2019-07-23,2019072301005150,LBBL,50,4,"1,000",207.00,"207,000.00"
2019-07-23,2019072301005147,LBBL,55,4,500,206.00,"103,000.00"
2019-07-23,2019072301005055,LBBL,55,21,124,206.00,"25,544.00"
2019-07-23,2019072301005054,LBBL,1,21,200,206.00,"41,200.00"
2019-07-23,2019072301005053,LBBL,32,21,176,206.00,"36,256.00"
2019-07-23,2019072301005382,LGIL,6,53,15,436.00,"6,540.00"
2019-07-23,2019072301005375,LICN,44,52,100,"1,571.00","157,100.00"
2019-07-23,2019072301005374,LICN,44,52,100,"1,571.00","157,100.00"
2019-07-23,2019072301005373,LICN,44,52,13,"1,571.00","20,423.00"
2019-07-23,2019072301005213,LICN,44,25,87,"1,571.00","136,677.00"
2019-07-23,2019072301005212,LICN,44,25,100,"1,571.00","157,100.00"
2019-07-23,2019072301005166,LICN,50,48,18,"1,574.00","28,332.00"
2019-07-23,2019072301005086,LICN,1,48,100,"1,572.00","157,200.00"
2019-07-23,2019072301005324,LLBS,25,1,10,710.00,"7,100.00"
2019-07-23,2019072301005323,LLBS,25,57,100,709.00,"70,900.00"
2019-07-23,2019072301005059,LLBS,49,18,190,700.00,"133,000.00"
2019-07-23,2019072301005482,MBL,14,25,"1,000",273.00,"273,000.00"
2019-07-23,2019072301005481,MBL,14,6,500,273.00,"136,500.00"
2019-07-23,2019072301005480,MBL,14,14,100,273.00,"27,300.00"
2019-07-23,2019072301005253,MBL,14,43,702,272.00,"190,944.00"
2019-07-23,2019072301005252,MBL,14,43,298,272.00,"81,056.00"
2019-07-23,2019072301005165,MBL,14,17,126,272.00,"34,272.00"
2019-07-23,2019072301005075,MDB,26,5,100,236.00,"23,600.00"
2019-07-23,2019072301005495,MEGA,38,57,50,215.00,"10,750.00"
2019-07-23,2019072301005494,MEGA,52,52,645,214.00,"138,030.00"
2019-07-23,2019072301005442,MEGA,14,57,50,215.00,"10,750.00"
2019-07-23,2019072301005438,MEGA,39,57,300,215.00,"64,500.00"
2019-07-23,2019072301005248,MEGA,44,57,500,215.00,"107,500.00"
2019-07-23,2019072301005206,MEGA,58,57,50,215.00,"10,750.00"
2019-07-23,2019072301005143,MEGA,7,57,500,215.00,"107,500.00"
2019-07-23,2019072301005115,MEGA,7,57,500,215.00,"107,500.00"
2019-07-23,2019072301005026,MEGA,16,57,20,215.00,"4,300.00"
2019-07-23,2019072301005173,MLBL,1,28,10,203.00,"2,030.00"
2019-07-23,2019072301005410,MNBBL,55,49,200,380.00,"76,000.00"
2019-07-23,2019072301005207,MNBBL,41,44,177,379.00,"67,083.00"
2019-07-23,2019072301005488,MSMBS,16,45,10,478.00,"4,780.00"
2019-07-23,2019072301005303,MSMBS,33,45,10,469.00,"4,690.00"
2019-07-23,2019072301005132,MSMBS,16,43,132,460.00,"60,720.00"
2019-07-23,2019072301005327,NABIL,34,3,10,808.00,"8,080.00"
2019-07-23,2019072301005250,NABIL,34,3,909,806.00,"732,654.00"
2019-07-23,2019072301005236,NABIL,34,17,502,806.00,"404,612.00"
2019-07-23,2019072301005291,NADEP,5,51,20,431.00,"8,620.00"
2019-07-23,2019072301005447,NAGRO,41,56,10,511.00,"5,110.00"
2019-07-23,2019072301005174,NAGRO,41,35,10,512.00,"5,120.00"
2019-07-23,2019072301005161,NAGRO,41,35,10,512.00,"5,120.00"
2019-07-23,2019072301005316,NBB,16,25,302,227.00,"68,554.00"
2019-07-23,2019072301005315,NBB,16,39,204,227.00,"46,308.00"
2019-07-23,2019072301005492,NBL,38,39,500,350.00,"175,000.00"
2019-07-23,2019072301005440,NBL,42,39,330,350.00,"115,500.00"
2019-07-23,2019072301005439,NBL,42,42,70,350.00,"24,500.00"
2019-07-23,2019072301005431,NBL,1,42,200,350.00,"70,000.00"
2019-07-23,2019072301005430,NBL,58,42,100,350.00,"35,000.00"
2019-07-23,2019072301005393,NBL,5,21,300,349.00,"104,700.00"
2019-07-23,2019072301005170,NBL,55,59,"2,076",349.00,"724,524.00"
2019-07-23,2019072301005169,NBL,55,34,424,349.00,"147,976.00"
2019-07-23,2019072301005134,NBL,58,34,500,349.00,"174,500.00"
2019-07-23,2019072301005064,NBL,58,34,26,349.00,"9,074.00"
2019-07-23,2019072301005002,NBL,42,4,859,348.00,"298,932.00"
2019-07-23,2019072301005267,NBL,21,49,324,349.00,"113,076.00"
2019-07-23,2019072301005263,NBL,38,49,100,349.00,"34,900.00"
2019-07-23,2019072301005194,NBL,55,49,576,349.00,"201,024.00"
2019-07-23,2019072301005193,NBL,55,50,"1,000",349.00,"349,000.00"
2019-07-23,2019072301005192,NBL,55,46,300,349.00,"104,700.00"
2019-07-23,2019072301005191,NBL,55,59,624,349.00,"217,776.00"
2019-07-23,2019072301005278,NBL,43,28,200,349.00,"69,800.00"
2019-07-23,2019072301005277,NBL,43,25,150,349.00,"52,350.00"
2019-07-23,2019072301005276,NBL,43,25,150,349.00,"52,350.00"
2019-07-23,2019072301005270,NBL,21,28,76,349.00,"26,524.00"
2019-07-23,2019072301005269,NBL,21,59,500,349.00,"174,500.00"
2019-07-23,2019072301005268,NBL,21,52,100,349.00,"34,900.00"
2019-07-23,2019072301005307,NBL,58,45,100,350.00,"35,000.00"
2019-07-23,2019072301005302,NBL,57,42,100,349.00,"34,900.00"
2019-07-23,2019072301005301,NBL,57,54,100,349.00,"34,900.00"
2019-07-23,2019072301005300,NBL,57,58,500,349.00,"174,500.00"
2019-07-23,2019072301005299,NBL,57,28,24,349.00,"8,376.00"
2019-07-23,2019072301005298,NBL,57,59,"1,000",349.00,"349,000.00"
2019-07-23,2019072301005333,NBL,49,22,200,350.00,"70,000.00"
2019-07-23,2019072301005332,NBL,49,34,500,350.00,"175,000.00"
2019-07-23,2019072301005331,NBL,49,59,500,350.00,"175,000.00"
2019-07-23,2019072301005330,NBL,49,45,400,350.00,"140,000.00"
2019-07-23,2019072301005321,NBL,6,6,500,349.00,"174,500.00"
2019-07-23,2019072301005320,NBL,57,6,500,349.00,"174,500.00"
2019-07-23,2019072301005339,NBL,49,25,500,350.00,"175,000.00"
2019-07-23,2019072301005338,NBL,49,43,50,350.00,"17,500.00"
2019-07-23,2019072301005337,NBL,49,57,650,350.00,"227,500.00"
2019-07-23,2019072301005336,NBL,49,21,"1,000",350.00,"350,000.00"
2019-07-23,2019072301005335,NBL,49,59,120,350.00,"42,000.00"
2019-07-23,2019072301005334,NBL,49,33,500,350.00,"175,000.00"
2019-07-23,2019072301005345,NBL,49,50,200,350.00,"70,000.00"
2019-07-23,2019072301005344,NBL,49,42,200,350.00,"70,000.00"
2019-07-23,2019072301005343,NBL,49,50,50,350.00,"17,500.00"
2019-07-23,2019072301005342,NBL,49,43,500,350.00,"175,000.00"
2019-07-23,2019072301005341,NBL,49,59,300,350.00,"105,000.00"
2019-07-23,2019072301005340,NBL,49,14,"1,000",350.00,"350,000.00"
2019-07-23,2019072301005367,NBL,5,45,149,349.00,"52,001.00"
2019-07-23,2019072301005360,NBL,7,42,130,350.00,"45,500.00"
2019-07-23,2019072301005359,NBL,7,32,170,350.00,"59,500.00"
2019-07-23,2019072301005348,NBL,49,32,"1,830",350.00,"640,500.00"
2019-07-23,2019072301005347,NBL,49,37,500,350.00,"175,000.00"
2019-07-23,2019072301005346,NBL,49,43,"1,000",350.00,"350,000.00"
2019-07-23,2019072301005445,NCCB,33,32,500,251.00,"125,500.00"
2019-07-23,2019072301005412,NCCB,19,50,950,252.00,"239,400.00"
2019-07-23,2019072301005411,NCCB,19,51,50,252.00,"12,600.00"
2019-07-23,2019072301005381,NCCB,19,51,"1,650",252.00,"415,800.00"
2019-07-23,2019072301005380,NCCB,19,41,250,252.00,"63,000.00"
2019-07-23,2019072301005378,NCCB,33,1,300,251.00,"75,300.00"
2019-07-23,2019072301005322,NCCB,55,51,100,252.00,"25,200.00"
2019-07-23,2019072301005244,NCCB,56,51,200,252.00,"50,400.00"
2019-07-23,2019072301005243,NCCB,56,45,300,252.00,"75,600.00"
2019-07-23,2019072301005091,NCCB,44,6,"1,789",251.00,"449,039.00"
2019-07-23,2019072301005090,NCCB,44,50,"1,000",251.00,"251,000.00"
2019-07-23,2019072301005089,NCCB,44,50,716,251.00,"179,716.00"
2019-07-23,2019072301005500,NIB,6,45,24,520.00,"12,480.00"
2019-07-23,2019072301005499,NIB,38,45,36,520.00,"18,720.00"
2019-07-23,2019072301005085,NIB,42,52,60,521.00,"31,260.00"
2019-07-23,2019072301005444,NICA,43,42,300,465.00,"139,500.00"
2019-07-23,2019072301005151,NICA,53,44,570,466.00,"265,620.00"
2019-07-23,2019072301005088,NICA,52,56,35,464.00,"16,240.00"
2019-07-23,2019072301005087,NICA,48,56,20,464.00,"9,280.00"
2019-07-23,2019072301005076,NICA,6,44,10,466.00,"4,660.00"
2019-07-23,2019072301005073,NICA,48,56,20,465.00,"9,300.00"
2019-07-23,2019072301005052,NICA,43,6,10,465.00,"4,650.00"
2019-07-23,2019072301005185,NICGF,57,49,"3,000",9.91,"29,730.00"
2019-07-23,2019072301005009,NICL,58,53,60,352.00,"21,120.00"
2019-07-23,2019072301005005,NICL,1,58,72,350.00,"25,200.00"
2019-07-23,2019072301005004,NICL,49,58,58,351.00,"20,358.00"
2019-07-23,2019072301005479,NLBBL,25,38,24,524.00,"12,576.00"
2019-07-23,2019072301005443,NLBBL,58,33,18,515.00,"9,270.00"
2019-07-23,2019072301005177,NLBBL,53,38,76,524.00,"39,824.00"
2019-07-23,2019072301005176,NLBBL,53,39,85,524.00,"44,540.00"
2019-07-23,2019072301005175,NLBBL,53,32,139,522.00,"72,558.00"
2019-07-23,2019072301005168,NLBBL,6,32,10,522.00,"5,220.00"
2019-07-23,2019072301005015,NLBBL,22,32,40,522.00,"20,880.00"
2019-07-23,2019072301005152,NLG,36,46,250,726.00,"181,500.00"
2019-07-23,2019072301005485,NLIC,18,4,200,890.00,"178,000.00"
2019-07-23,2019072301005357,NLIC,6,4,20,890.00,"17,800.00"
2019-07-23,2019072301005186,NLIC,8,4,50,890.00,"44,500.00"
2019-07-23,2019072301005110,NLIC,56,4,100,891.00,"89,100.00"
2019-07-23,2019072301005084,NLIC,49,4,81,891.00,"72,171.00"
2019-07-23,2019072301005083,NLIC,49,44,19,890.00,"16,910.00"
2019-07-23,2019072301005028,NLIC,16,4,10,889.00,"8,890.00"
2019-07-23,2019072301005027,NLIC,28,4,20,889.00,"17,780.00"
2019-07-23,2019072301005034,NLIC,34,4,100,888.00,"88,800.00"
2019-07-23,2019072301005033,NLIC,54,4,50,888.00,"44,400.00"
2019-07-23,2019072301005032,NLIC,6,4,10,888.00,"8,880.00"
2019-07-23,2019072301005031,NLIC,40,4,50,889.00,"44,450.00"
2019-07-23,2019072301005030,NLIC,56,4,279,889.00,"248,031.00"
2019-07-23,2019072301005029,NLIC,4,4,200,889.00,"177,800.00"
2019-07-23,2019072301005040,NLIC,42,4,50,888.00,"44,400.00"
2019-07-23,2019072301005039,NLIC,6,4,100,888.00,"88,800.00"
2019-07-23,2019072301005038,NLIC,32,4,250,888.00,"222,000.00"
2019-07-23,2019072301005037,NLIC,25,4,50,888.00,"44,400.00"
2019-07-23,2019072301005036,NLIC,1,4,200,888.00,"177,600.00"
2019-07-23,2019072301005035,NLIC,46,4,50,888.00,"44,400.00"
2019-07-23,2019072301005046,NLIC,35,4,50,887.00,"44,350.00"
2019-07-23,2019072301005045,NLIC,35,4,40,887.00,"35,480.00"
2019-07-23,2019072301005044,NLIC,35,4,50,887.00,"44,350.00"
2019-07-23,2019072301005043,NLIC,35,4,50,887.00,"44,350.00"
2019-07-23,2019072301005042,NLIC,34,4,500,887.00,"443,500.00"
2019-07-23,2019072301005041,NLIC,48,4,50,887.00,"44,350.00"
2019-07-23,2019072301005066,NLIC,36,44,50,890.00,"44,500.00"
2019-07-23,2019072301005051,NLIC,42,4,500,887.00,"443,500.00"
2019-07-23,2019072301005050,NLIC,32,4,110,887.00,"97,570.00"
2019-07-23,2019072301005049,NLIC,35,4,49,887.00,"43,463.00"
2019-07-23,2019072301005048,NLIC,35,4,51,887.00,"45,237.00"
2019-07-23,2019072301005047,NLIC,35,4,50,887.00,"44,350.00"
2019-07-23,2019072301005452,NLICL,43,49,131,615.00,"80,565.00"
2019-07-23,2019072301005428,NLICL,43,19,130,615.00,"79,950.00"
2019-07-23,2019072301005427,NLICL,43,49,200,615.00,"123,000.00"
2019-07-23,2019072301005387,NLICL,43,41,40,605.00,"24,200.00"
2019-07-23,2019072301005386,NLICL,43,5,400,600.00,"240,000.00"
2019-07-23,2019072301005385,NLICL,43,49,311,596.00,"185,356.00"
2019-07-23,2019072301005356,NLICL,42,49,200,596.00,"119,200.00"
2019-07-23,2019072301005312,NLICL,45,49,154,596.00,"91,784.00"
2019-07-23,2019072301005068,NLICL,43,17,75,594.00,"44,550.00"
2019-07-23,2019072301005008,NLICL,50,17,49,594.00,"29,106.00"
2019-07-23,2019072301005358,NMBMF,51,26,111,"1,075.00","119,325.00"
2019-07-23,2019072301005067,NMBMF,43,26,10,"1,075.00","10,750.00"
2019-07-23,2019072301005328,NMFBS,33,51,15,"1,560.00","23,400.00"
2019-07-23,2019072301005138,NMFBS,33,33,10,"1,530.00","15,300.00"
2019-07-23,2019072301005128,NTC,17,57,100,697.00,"69,700.00"
2019-07-23,2019072301005383,NUBL,1,41,50,895.00,"44,750.00"
2019-07-23,2019072301005364,NUBL,1,44,50,894.00,"44,700.00"
2019-07-23,2019072301005292,NUBL,53,41,200,895.00,"179,000.00"
2019-07-23,2019072301005142,OHL,35,34,47,613.00,"28,811.00"
2019-07-23,2019072301005141,OHL,50,34,20,615.00,"12,300.00"
2019-07-23,2019072301005496,PCBL,58,13,22,292.00,"6,424.00"
2019-07-23,2019072301005379,PCBL,6,26,500,290.00,"145,000.00"
2019-07-23,2019072301005209,PCBL,6,26,38,290.00,"11,020.00"
2019-07-23,2019072301005078,PCBL,16,26,20,290.00,"5,800.00"
2019-07-23,2019072301005058,PCBL,6,26,922,290.00,"267,380.00"
2019-07-23,2019072301005023,PCBL,6,42,220,289.00,"63,580.00"
2019-07-23,2019072301005262,PIC,20,36,50,488.00,"24,400.00"
2019-07-23,2019072301005418,PLIC,48,44,50,430.00,"21,500.00"
2019-07-23,2019072301005417,PLIC,17,44,150,430.00,"64,500.00"
2019-07-23,2019072301005025,PLIC,35,56,150,430.00,"64,500.00"
2019-07-23,2019072301005024,PLIC,57,56,50,430.00,"21,500.00"
2019-07-23,2019072301005006,PLIC,5,56,98,431.00,"42,238.00"
2019-07-23,2019072301005449,PPCL,6,16,20,139.00,"2,780.00"
2019-07-23,2019072301005424,PPCL,6,52,30,137.00,"4,110.00"
2019-07-23,2019072301005423,PPCL,6,22,20,137.00,"2,740.00"
2019-07-23,2019072301005422,PPCL,6,25,30,137.00,"4,110.00"
2019-07-23,2019072301005421,PPCL,6,41,30,137.00,"4,110.00"
2019-07-23,2019072301005420,PPCL,6,16,30,137.00,"4,110.00"
2019-07-23,2019072301005419,PPCL,6,58,10,137.00,"1,370.00"
2019-07-23,2019072301005363,PRVU,33,8,"1,000",277.00,"277,000.00"
2019-07-23,2019072301005362,PRVU,33,28,200,277.00,"55,400.00"
2019-07-23,2019072301005354,PRVU,37,28,100,277.00,"27,700.00"
2019-07-23,2019072301005130,PRVU,17,42,500,277.00,"138,500.00"
2019-07-23,2019072301005065,PRVU,21,28,200,277.00,"55,400.00"
2019-07-23,2019072301005290,PRVU,25,45,200,276.00,"55,200.00"
2019-07-23,2019072301005289,PRVU,34,45,183,276.00,"50,508.00"
2019-07-23,2019072301005272,PRVU,34,44,100,276.00,"27,600.00"
2019-07-23,2019072301005146,RBCLPO,42,16,10,"8,640.00","86,400.00"
2019-07-23,2019072301005145,RBCLPO,42,42,40,"8,520.00","340,800.00"
2019-07-23,2019072301005144,RBCLPO,42,56,10,"8,500.00","85,000.00"
2019-07-23,2019072301005131,RHPC,6,40,500,90.00,"45,000.00"
2019-07-23,2019072301005129,RHPC,51,56,40,90.00,"3,600.00"
2019-07-23,2019072301005235,RLFL,40,42,42,123.00,"5,166.00"
2019-07-23,2019072301005234,RLFL,40,34,840,123.00,"103,320.00"
2019-07-23,2019072301005229,RLFL,40,43,250,121.00,"30,250.00"
2019-07-23,2019072301005228,RLFL,6,43,500,121.00,"60,500.00"
2019-07-23,2019072301005227,RLFL,41,43,100,121.00,"12,100.00"
2019-07-23,2019072301005226,RLFL,45,43,50,121.00,"6,050.00"
2019-07-23,2019072301005225,RLFL,54,43,200,122.00,"24,400.00"
2019-07-23,2019072301005223,RRHP,22,51,10,108.00,"1,080.00"
2019-07-23,2019072301005306,SANIMA,44,52,100,357.00,"35,700.00"
2019-07-23,2019072301005106,SANIMA,40,19,809,356.00,"288,004.00"
2019-07-23,2019072301005241,SBI,46,41,16,473.00,"7,568.00"
2019-07-23,2019072301005077,SBI,36,57,27,473.00,"12,771.00"
2019-07-23,2019072301005011,SBI,6,57,50,474.00,"23,700.00"
2019-07-23,2019072301005461,SBL,34,44,223,326.00,"72,698.00"
2019-07-23,2019072301005460,SBL,34,58,77,325.00,"25,025.00"
2019-07-23,2019072301005399,SBL,56,58,"1,000",325.00,"325,000.00"
2019-07-23,2019072301005398,SBL,16,58,20,325.00,"6,500.00"
2019-07-23,2019072301005397,SBL,36,58,551,325.00,"179,075.00"
2019-07-23,2019072301005377,SBL,36,35,300,325.00,"97,500.00"
2019-07-23,2019072301005184,SBL,36,34,149,325.00,"48,425.00"
2019-07-23,2019072301005183,SBL,52,34,500,325.00,"162,500.00"
2019-07-23,2019072301005182,SBL,52,34,500,325.00,"162,500.00"
2019-07-23,2019072301005181,SBL,52,34,500,325.00,"162,500.00"
2019-07-23,2019072301005180,SBL,38,34,191,325.00,"62,075.00"
2019-07-23,2019072301005369,SCB,59,59,40,677.00,"27,080.00"
2019-07-23,2019072301005368,SCB,35,59,10,677.00,"6,770.00"
2019-07-23,2019072301005242,SEF,6,57,"1,000",10.25,"10,250.00"
2019-07-23,2019072301005453,SHIVM,21,13,50,625.00,"31,250.00"
2019-07-23,2019072301005370,SHIVM,21,58,550,625.00,"343,750.00"
2019-07-23,2019072301005202,SHIVM,51,40,30,625.00,"18,750.00"
2019-07-23,2019072301005201,SHIVM,51,16,90,625.00,"56,250.00"
2019-07-23,2019072301005162,SHIVM,51,16,200,625.00,"125,000.00"
2019-07-23,2019072301005136,SHIVM,56,16,100,625.00,"62,500.00"
2019-07-23,2019072301005071,SHIVM,42,16,150,625.00,"93,750.00"
2019-07-23,2019072301005459,SHPC,42,49,11,250.00,"2,750.00"
2019-07-23,2019072301005458,SHPC,47,49,89,250.00,"22,250.00"
2019-07-23,2019072301005251,SHPC,3,49,116,251.00,"29,116.00"
2019-07-23,2019072301005416,SICL,22,11,10,800.00,"8,000.00"
2019-07-23,2019072301005441,SKBBL,36,41,70,"1,007.00","70,490.00"
2019-07-23,2019072301005021,SKBBL,59,46,25,"1,006.00","25,150.00"
2019-07-23,2019072301005014,SKBBL,53,43,10,"1,015.00","10,150.00"
2019-07-23,2019072301005219,SLBBL,34,52,100,479.00,"47,900.00"
2019-07-23,2019072301005218,SLBBL,34,45,100,478.00,"47,800.00"
2019-07-23,2019072301005391,SLICL,44,52,147,465.00,"68,355.00"
2019-07-23,2019072301005390,SLICL,44,37,40,464.00,"18,560.00"
2019-07-23,2019072301005057,SLICL,17,58,49,459.00,"22,491.00"
2019-07-23,2019072301005056,SLICL,6,58,10,460.00,"4,600.00"
2019-07-23,2019072301005493,SMATA,10,39,10,"1,170.00","11,700.00"
2019-07-23,2019072301005215,SMATA,28,18,10,"1,157.00","11,570.00"
2019-07-23,2019072301005203,SMATA,28,51,19,"1,152.00","21,888.00"
2019-07-23,2019072301005018,SMB,42,26,30,427.00,"12,810.00"
2019-07-23,2019072301005384,SMFBS,18,39,10,494.00,"4,940.00"
2019-07-23,2019072301005163,SMFBS,18,19,10,486.00,"4,860.00"
2019-07-23,2019072301005483,SPARS,25,6,10,442.00,"4,420.00"
2019-07-23,2019072301005187,SPARS,34,19,10,437.00,"4,370.00"
2019-07-23,2019072301005478,SRBL,49,51,"1,805",258.00,"465,690.00"
2019-07-23,2019072301005477,SRBL,49,38,150,258.00,"38,700.00"
2019-07-23,2019072301005476,SRBL,49,33,50,258.00,"12,900.00"
2019-07-23,2019072301005475,SRBL,49,38,500,258.00,"129,000.00"
2019-07-23,2019072301005474,SRBL,49,19,62,257.00,"15,934.00"
2019-07-23,2019072301005473,SRBL,49,1,996,257.00,"255,972.00"
2019-07-23,2019072301005221,SRBL,53,38,166,256.00,"42,496.00"
2019-07-23,2019072301005220,SRBL,53,57,299,256.00,"76,544.00"
2019-07-23,2019072301005062,SRBL,34,42,137,255.00,"34,935.00"
2019-07-23,2019072301005472,SRBL,49,28,500,257.00,"128,500.00"
2019-07-23,2019072301005471,SRBL,49,38,500,257.00,"128,500.00"
2019-07-23,2019072301005470,SRBL,49,5,65,257.00,"16,705.00"
2019-07-23,2019072301005469,SRBL,49,5,250,257.00,"64,250.00"
2019-07-23,2019072301005468,SRBL,49,44,122,256.00,"31,232.00"
2019-07-23,2019072301005222,SRBL,53,44,35,256.00,"8,960.00"
2019-07-23,2019072301005266,SWBBL,53,36,150,918.00,"137,700.00"
2019-07-23,2019072301005265,SWBBL,53,45,10,917.00,"9,170.00"
2019-07-23,2019072301005264,SWBBL,53,44,130,915.00,"118,950.00"
2019-07-23,2019072301005230,TRH,36,7,100,319.00,"31,900.00"
2019-07-23,2019072301005429,UIC,37,25,60,896.00,"53,760.00"
2019-07-23,2019072301005304,UIC,6,38,83,890.00,"73,870.00"
2019-07-23,2019072301005259,UIC,22,38,40,891.00,"35,640.00"
2019-07-23,2019072301005288,UPCL,6,51,50,89.00,"4,450.00"
2019-07-23,2019072301005205,UPCL,6,34,50,89.00,"4,450.00"
2019-07-23,2019072301005204,UPCL,57,34,50,89.00,"4,450.00"
2019-07-23,2019072301005198,UPCL,29,57,50,90.00,"4,500.00"
2019-07-23,2019072301005178,UPCL,57,29,50,89.00,"4,450.00"
2019-07-23,2019072301005467,UPPER,58,22,97,284.00,"27,548.00"
2019-07-23,2019072301005451,UPPER,44,17,50,283.00,"14,150.00"
2019-07-23,2019072301005426,UPPER,44,17,40,283.00,"11,320.00"
2019-07-23,2019072301005401,UPPER,44,36,100,283.00,"28,300.00"
2019-07-23,2019072301005388,UPPER,44,17,50,283.00,"14,150.00"
2019-07-23,2019072301005371,UPPER,58,22,200,284.00,"56,800.00"
2019-07-23,2019072301005313,UPPER,44,51,40,283.00,"11,320.00"
2019-07-23,2019072301005231,UPPER,44,41,50,283.00,"14,150.00"
2019-07-23,2019072301005133,UPPER,44,57,40,283.00,"11,320.00"
2019-07-23,2019072301005007,UPPER,29,22,97,284.00,"27,548.00"
2019-07-23,2019072301004989,ADBL,53,42,45,435.00,"19,575.00"
2019-07-23,2019072301004979,ADBL,53,50,150,435.00,"65,250.00"
2019-07-23,2019072301004978,ADBL,53,49,200,435.00,"87,000.00"
2019-07-23,2019072301004977,ADBL,53,14,200,435.00,"87,000.00"
2019-07-23,2019072301004976,ADBL,53,50,500,435.00,"217,500.00"
2019-07-23,2019072301004975,ADBL,53,43,152,435.00,"66,120.00"
2019-07-23,2019072301004572,ADBL,43,44,100,434.00,"43,400.00"
2019-07-23,2019072301004571,ADBL,43,49,200,434.00,"86,800.00"
2019-07-23,2019072301004548,ADBL,33,39,88,434.00,"38,192.00"
2019-07-23,2019072301004537,ADBL,46,39,14,434.00,"6,076.00"
2019-07-23,2019072301004523,ADBL,26,39,98,434.00,"42,532.00"
2019-07-23,2019072301004505,ADBL,26,25,102,434.00,"44,268.00"
2019-07-23,2019072301004590,ADBL,29,39,200,431.00,"86,200.00"
2019-07-23,2019072301004589,ADBL,58,39,512,431.00,"220,672.00"
2019-07-23,2019072301004588,ADBL,34,39,229,432.00,"98,928.00"
2019-07-23,2019072301004587,ADBL,50,39,800,433.00,"346,400.00"
2019-07-23,2019072301004585,ADBL,50,22,200,433.00,"86,600.00"
2019-07-23,2019072301004582,ADBL,14,44,500,434.00,"217,000.00"
2019-07-23,2019072301004601,ADBL,20,57,100,435.00,"43,500.00"
2019-07-23,2019072301004600,ADBL,20,38,130,434.00,"56,420.00"
2019-07-23,2019072301004599,ADBL,20,44,400,434.00,"173,600.00"
2019-07-23,2019072301004597,ADBL,14,26,14,433.00,"6,062.00"
2019-07-23,2019072301004594,ADBL,14,26,14,433.00,"6,062.00"
2019-07-23,2019072301004591,ADBL,34,39,259,431.00,"111,629.00"
2019-07-23,2019072301004619,ADBL,14,26,14,433.00,"6,062.00"
2019-07-23,2019072301004617,ADBL,14,19,300,433.00,"129,900.00"
2019-07-23,2019072301004605,ADBL,20,38,93,435.00,"40,455.00"
2019-07-23,2019072301004604,ADBL,20,47,127,435.00,"55,245.00"
2019-07-23,2019072301004603,ADBL,20,56,100,435.00,"43,500.00"
2019-07-23,2019072301004602,ADBL,20,49,50,435.00,"21,750.00"
2019-07-23,2019072301004962,ADBL,53,44,"1,000",433.00,"433,000.00"
2019-07-23,2019072301004961,ADBL,53,49,71,433.00,"30,743.00"
2019-07-23,2019072301004868,ADBL,58,44,"1,000",432.00,"432,000.00"
2019-07-23,2019072301004802,ADBL,34,45,281,431.00,"121,111.00"
2019-07-23,2019072301004759,ADBL,6,49,51,433.00,"22,083.00"
2019-07-23,2019072301004739,ADBL,14,49,158,433.00,"68,414.00"
2019-07-23,2019072301004968,ADBL,53,52,108,434.00,"46,872.00"
2019-07-23,2019072301004967,ADBL,53,6,65,434.00,"28,210.00"
2019-07-23,2019072301004966,ADBL,53,44,20,434.00,"8,680.00"
2019-07-23,2019072301004965,ADBL,53,1,300,434.00,"130,200.00"
2019-07-23,2019072301004964,ADBL,53,22,400,433.00,"173,200.00"
2019-07-23,2019072301004963,ADBL,53,38,60,433.00,"25,980.00"
2019-07-23,2019072301004974,ADBL,53,51,200,435.00,"87,000.00"
2019-07-23,2019072301004973,ADBL,53,45,53,435.00,"23,055.00"
2019-07-23,2019072301004972,ADBL,53,35,"1,000",435.00,"435,000.00"
2019-07-23,2019072301004971,ADBL,53,41,50,435.00,"21,750.00"
2019-07-23,2019072301004970,ADBL,53,38,18,435.00,"7,830.00"
2019-07-23,2019072301004969,ADBL,53,6,70,434.00,"30,380.00"
2019-07-23,2019072301004920,AKJCL,58,51,10,72.00,720.00
2019-07-23,2019072301004912,AKJCL,51,52,20,73.00,"1,460.00"
2019-07-23,2019072301004911,AKJCL,51,16,10,73.00,730.00
2019-07-23,2019072301004879,AKJCL,58,51,10,72.00,720.00
2019-07-23,2019072301004878,AKJCL,58,51,20,72.00,"1,440.00"
2019-07-23,2019072301004643,ALBSL,10,36,10,406.00,"4,060.00"
2019-07-23,2019072301004642,ALBSL,10,36,10,406.00,"4,060.00"
2019-07-23,2019072301004641,ALBSL,10,35,50,405.00,"20,250.00"
2019-07-23,2019072301004640,ALBSL,10,51,10,405.00,"4,050.00"
2019-07-23,2019072301004639,ALBSL,10,51,10,405.00,"4,050.00"
2019-07-23,2019072301004638,ALBSL,10,49,10,405.00,"4,050.00"
2019-07-23,2019072301004990,ALICL,25,56,54,378.00,"20,412.00"
2019-07-23,2019072301004936,ALICL,8,56,43,378.00,"16,254.00"
2019-07-23,2019072301004654,ALICL,8,56,57,378.00,"21,546.00"
2019-07-23,2019072301004653,ALICL,57,56,40,378.00,"15,120.00"
2019-07-23,2019072301004893,API,25,40,79,142.00,"11,218.00"
2019-07-23,2019072301004685,API,25,8,103,141.00,"14,523.00"
2019-07-23,2019072301004614,API,25,40,500,142.00,"71,000.00"
2019-07-23,2019072301004892,BFC,47,53,10,104.00,"1,040.00"
2019-07-23,2019072301004891,BFC,47,25,273,103.00,"28,119.00"
2019-07-23,2019072301004890,BFC,47,39,175,102.00,"17,850.00"
2019-07-23,2019072301004786,BFC,45,39,325,102.00,"33,150.00"
2019-07-23,2019072301004785,BFC,45,46,175,102.00,"17,850.00"
2019-07-23,2019072301004740,BFC,45,46,"1,000",102.00,"102,000.00"
2019-07-23,2019072301004718,BFC,45,46,25,102.00,"2,550.00"
2019-07-23,2019072301004717,BFC,45,13,"1,000",102.00,"102,000.00"
2019-07-23,2019072301004750,BOKL,35,52,40,269.00,"10,760.00"
2019-07-23,2019072301004700,BOKL,16,43,157,268.00,"42,076.00"
2019-07-23,2019072301004650,BOKL,58,39,"2,000",267.00,"534,000.00"
2019-07-23,2019072301004615,BOKL,46,43,160,268.00,"42,880.00"
2019-07-23,2019072301004579,BOKL,16,43,316,268.00,"84,688.00"
2019-07-23,2019072301004841,CBBL,59,55,103,994.00,"102,382.00"
2019-07-23,2019072301004829,CBBL,33,53,500,999.00,"499,500.00"
2019-07-23,2019072301004828,CBBL,33,53,100,999.00,"99,900.00"
2019-07-23,2019072301004827,CBBL,33,53,100,999.00,"99,900.00"
2019-07-23,2019072301004826,CBBL,33,3,20,999.00,"19,980.00"
2019-07-23,2019072301004693,CBBL,51,55,100,994.00,"99,400.00"
2019-07-23,2019072301004946,CBL,3,57,10,163.00,"1,630.00"
2019-07-23,2019072301004945,CBL,3,50,200,163.00,"32,600.00"
2019-07-23,2019072301004944,CBL,3,4,600,163.00,"97,800.00"
2019-07-23,2019072301004943,CBL,3,40,"2,000",163.00,"326,000.00"
2019-07-23,2019072301004942,CBL,3,1,190,163.00,"30,970.00"
2019-07-23,2019072301004919,CBL,28,1,310,163.00,"50,530.00"
2019-07-23,2019072301004918,CBL,28,28,"2,690",163.00,"438,470.00"
2019-07-23,2019072301004867,CBL,16,28,20,163.00,"3,260.00"
2019-07-23,2019072301004652,CBL,6,28,100,163.00,"16,300.00"
2019-07-23,2019072301004866,CCBL,45,56,25,177.00,"4,425.00"
2019-07-23,2019072301004699,CCBL,37,37,205,178.00,"36,490.00"
2019-07-23,2019072301004649,CCBL,7,53,"1,090",178.00,"194,020.00"
2019-07-23,2019072301004949,CHCL,56,38,350,514.00,"179,900.00"
2019-07-23,2019072301004907,CHCL,22,38,300,514.00,"154,200.00"
2019-07-23,2019072301004906,CHCL,43,38,100,514.00,"51,400.00"
2019-07-23,2019072301004905,CHCL,56,38,95,514.00,"48,830.00"
2019-07-23,2019072301004904,CHCL,52,38,700,514.00,"359,800.00"
2019-07-23,2019072301004876,CHCL,28,44,500,515.00,"257,500.00"
2019-07-23,2019072301004508,CHCL,28,14,654,517.00,"338,118.00"
2019-07-23,2019072301004875,CHCL,6,44,469,515.00,"241,535.00"
2019-07-23,2019072301004788,CHCL,40,38,500,516.00,"258,000.00"
2019-07-23,2019072301004787,CHCL,6,38,10,516.00,"5,160.00"
2019-07-23,2019072301004729,CHCL,17,40,400,518.00,"207,200.00"
2019-07-23,2019072301004714,CHCL,17,14,259,517.00,"133,903.00"
2019-07-23,2019072301004682,CHCL,10,14,74,517.00,"38,258.00"
2019-07-23,2019072301004856,CIT,45,17,47,"2,480.00","116,560.00"
2019-07-23,2019072301004790,CIT,52,17,20,"2,495.00","49,900.00"
2019-07-23,2019072301004507,CIT,52,33,30,"2,490.00","74,700.00"
2019-07-23,2019072301004996,CLBSL,29,51,17,500.00,"8,500.00"
2019-07-23,2019072301004535,CMF1,5,8,500,10.00,"5,000.00"
2019-07-23,2019072301004822,CZBIL,45,39,31,231.00,"7,161.00"
2019-07-23,2019072301004821,CZBIL,45,39,156,231.00,"36,036.00"
2019-07-23,2019072301004820,CZBIL,45,46,103,231.00,"23,793.00"
2019-07-23,2019072301004819,CZBIL,45,49,"1,000",231.00,"231,000.00"
2019-07-23,2019072301004818,CZBIL,45,42,"1,500",231.00,"346,500.00"
2019-07-23,2019072301004817,CZBIL,45,34,200,231.00,"46,200.00"
2019-07-23,2019072301004810,CZBIL,45,41,500,230.00,"115,000.00"
2019-07-23,2019072301004809,CZBIL,45,5,10,230.00,"2,300.00"
2019-07-23,2019072301004745,CZBIL,58,39,228,229.00,"52,212.00"
2019-07-23,2019072301004744,CZBIL,44,39,772,229.00,"176,788.00"
2019-07-23,2019072301004558,CZBIL,19,5,90,230.00,"20,700.00"
2019-07-23,2019072301004557,CZBIL,19,10,10,230.00,"2,300.00"
2019-07-23,2019072301004816,CZBIL,45,55,200,231.00,"46,200.00"
2019-07-23,2019072301004815,CZBIL,45,35,500,231.00,"115,500.00"
2019-07-23,2019072301004814,CZBIL,45,57,160,231.00,"36,960.00"
2019-07-23,2019072301004813,CZBIL,45,50,"2,400",231.00,"554,400.00"
2019-07-23,2019072301004812,CZBIL,45,28,110,231.00,"25,410.00"
2019-07-23,2019072301004811,CZBIL,45,49,40,231.00,"9,240.00"
2019-07-23,2019072301004928,DBBL,57,52,383,149.00,"57,067.00"
2019-07-23,2019072301004915,DBBL,57,39,131,149.00,"19,519.00"
2019-07-23,2019072301004914,DBBL,57,39,369,149.00,"54,981.00"
2019-07-23,2019072301004660,DBBL,57,58,"3,500",149.00,"521,500.00"
2019-07-23,2019072301004542,DBBL,57,46,285,149.00,"42,465.00"
2019-07-23,2019072301004503,DBBL,57,45,846,149.00,"126,054.00"
2019-07-23,2019072301004806,DHPL,57,44,500,64.00,"32,000.00"
2019-07-23,2019072301004805,DHPL,34,44,300,64.00,"19,200.00"
2019-07-23,2019072301004804,DHPL,7,44,82,65.00,"5,330.00"
2019-07-23,2019072301004676,DHPL,7,44,209,65.00,"13,585.00"
2019-07-23,2019072301004522,DHPL,51,44,100,67.00,"6,700.00"
2019-07-23,2019072301004521,DHPL,36,44,100,67.00,"6,700.00"
2019-07-23,2019072301004520,DHPL,7,44,82,68.00,"5,576.00"
2019-07-23,2019072301004576,DHPL,29,44,300,65.00,"19,500.00"
2019-07-23,2019072301004575,DHPL,45,44,500,65.00,"32,500.00"
2019-07-23,2019072301004545,DHPL,19,44,100,66.00,"6,600.00"
2019-07-23,2019072301004544,DHPL,38,44,200,66.00,"13,200.00"
2019-07-23,2019072301004543,DHPL,39,44,100,66.00,"6,600.00"
2019-07-23,2019072301004637,DHPL,34,44,"1,000",64.00,"64,000.00"
2019-07-23,2019072301004577,DHPL,55,44,200,65.00,"13,000.00"
2019-07-23,2019072301004613,EBL,28,57,250,677.00,"169,250.00"
2019-07-23,2019072301004612,EBL,28,29,100,677.00,"67,700.00"
2019-07-23,2019072301004611,EBL,28,35,20,677.00,"13,540.00"
2019-07-23,2019072301004610,EBL,28,34,83,677.00,"56,191.00"
2019-07-23,2019072301004609,EBL,28,17,50,676.00,"33,800.00"
2019-07-23,2019072301004980,FOWAD,33,56,19,"1,380.00","26,220.00"
2019-07-23,2019072301004586,FOWAD,49,35,90,"1,400.00","126,000.00"
2019-07-23,2019072301004540,FOWAD,49,19,11,"1,400.00","15,400.00"
2019-07-23,2019072301004538,FOWAD,49,34,13,"1,400.00","18,200.00"
2019-07-23,2019072301004513,FOWAD,32,56,40,"1,405.00","56,200.00"
2019-07-23,2019072301004512,FOWAD,32,51,32,"1,405.00","44,960.00"
2019-07-23,2019072301004502,FOWAD,49,56,10,"1,400.00","14,000.00"
2019-07-23,2019072301004754,GBBL,39,38,500,227.00,"113,500.00"
2019-07-23,2019072301004730,GBBL,44,38,200,227.00,"45,400.00"
2019-07-23,2019072301004789,GBLBS,32,56,10,353.00,"3,530.00"
2019-07-23,2019072301004667,GBLBS,1,13,350,350.00,"122,500.00"
2019-07-23,2019072301004666,GBLBS,36,13,50,350.00,"17,500.00"
2019-07-23,2019072301004665,GBLBS,5,13,30,352.00,"10,560.00"
2019-07-23,2019072301004664,GBLBS,42,13,20,352.00,"7,040.00"
2019-07-23,2019072301004662,GBLBS,42,56,10,352.00,"3,520.00"
2019-07-23,2019072301004801,GLBSL,57,48,10,397.00,"3,970.00"
2019-07-23,2019072301004658,GLICL,34,26,120,461.00,"55,320.00"
2019-07-23,2019072301004657,GLICL,3,26,10,462.00,"4,620.00"
2019-07-23,2019072301004656,GLICL,43,26,50,462.00,"23,100.00"
2019-07-23,2019072301004655,GLICL,57,26,100,462.00,"46,200.00"
2019-07-23,2019072301004916,GMFBS,34,51,10,490.00,"4,900.00"
2019-07-23,2019072301004716,GUFL,52,47,500,125.00,"62,500.00"
2019-07-23,2019072301004715,GUFL,52,1,99,125.00,"12,375.00"
2019-07-23,2019072301004524,GUFL,52,39,227,123.00,"27,921.00"
2019-07-23,2019072301004525,GUFL,52,1,83,123.00,"10,209.00"
2019-07-23,2019072301004671,GUFL,52,5,800,124.00,"99,200.00"
2019-07-23,2019072301004670,GUFL,52,45,800,124.00,"99,200.00"
2019-07-23,2019072301004669,GUFL,52,53,500,124.00,"62,000.00"
2019-07-23,2019072301004668,GUFL,52,47,"1,000",124.00,"124,000.00"
2019-07-23,2019072301004593,HIDCL,56,51,31,162.00,"5,022.00"
2019-07-23,2019072301004592,HIDCL,56,5,175,162.00,"28,350.00"
2019-07-23,2019072301004570,HIDCL,45,43,481,161.00,"77,441.00"
2019-07-23,2019072301004569,HIDCL,38,43,500,161.00,"80,500.00"
2019-07-23,2019072301004568,HIDCL,55,43,"1,000",161.00,"161,000.00"
2019-07-23,2019072301004567,HIDCL,51,43,"1,000",161.00,"161,000.00"
2019-07-23,2019072301004560,HIDCL,29,43,500,161.00,"80,500.00"
2019-07-23,2019072301004559,HIDCL,51,43,169,161.00,"27,209.00"
2019-07-23,2019072301004566,HIDCL,42,43,100,161.00,"16,100.00"
2019-07-23,2019072301004565,HIDCL,43,43,480,161.00,"77,280.00"
2019-07-23,2019072301004564,HIDCL,51,43,500,161.00,"80,500.00"
2019-07-23,2019072301004563,HIDCL,14,43,100,161.00,"16,100.00"
2019-07-23,2019072301004562,HIDCL,46,43,70,161.00,"11,270.00"
2019-07-23,2019072301004561,HIDCL,1,43,100,161.00,"16,100.00"
2019-07-23,2019072301004985,HURJA,52,43,20,140.00,"2,800.00"
2019-07-23,2019072301004984,HURJA,52,51,10,140.00,"1,400.00"
2019-07-23,2019072301004983,HURJA,52,11,20,140.00,"2,800.00"
2019-07-23,2019072301004982,HURJA,52,51,20,140.00,"2,800.00"
2019-07-23,2019072301004981,HURJA,52,16,20,140.00,"2,800.00"
2019-07-23,2019072301004937,HURJA,52,55,50,139.00,"6,950.00"
2019-07-23,2019072301004687,HURJA,33,55,230,139.00,"31,970.00"
2019-07-23,2019072301004803,ICFC,44,57,962,166.00,"159,692.00"
2019-07-23,2019072301004780,ILBS,38,29,10,394.00,"3,940.00"
2019-07-23,2019072301004779,ILBS,38,29,10,394.00,"3,940.00"
2019-07-23,2019072301004778,ILBS,38,43,10,394.00,"3,940.00"
2019-07-23,2019072301004689,ILBS,45,28,10,395.00,"3,950.00"
2019-07-23,2019072301004688,ILBS,45,28,10,395.00,"3,950.00"
2019-07-23,2019072301004515,ILBS,42,21,10,393.00,"3,930.00"
2019-07-23,2019072301004504,ILBS,42,21,10,393.00,"3,930.00"
2019-07-23,2019072301004926,JBBL,49,50,710,164.00,"116,440.00"
2019-07-23,2019072301004925,JBBL,45,50,200,164.00,"32,800.00"
2019-07-23,2019072301004924,JBBL,46,50,90,164.00,"14,760.00"
2019-07-23,2019072301004839,JBBL,17,3,300,165.00,"49,500.00"
2019-07-23,2019072301004777,JBBL,46,5,285,164.00,"46,740.00"
2019-07-23,2019072301004776,JBBL,36,5,15,164.00,"2,460.00"
2019-07-23,2019072301004830,KSBBL,21,56,252,160.00,"40,320.00"
2019-07-23,2019072301004694,KSBBL,21,56,252,160.00,"40,320.00"
2019-07-23,2019072301005000,LBBL,32,21,324,206.00,"66,744.00"
2019-07-23,2019072301004999,LBBL,33,21,500,207.00,"103,500.00"
2019-07-23,2019072301004998,LBBL,57,21,100,207.00,"20,700.00"
2019-07-23,2019072301004997,LBBL,25,21,76,207.00,"15,732.00"
2019-07-23,2019072301004705,LBBL,33,39,500,207.00,"103,500.00"
2019-07-23,2019072301004704,LBBL,43,39,50,207.00,"10,350.00"
2019-07-23,2019072301004703,LBBL,5,39,200,207.00,"41,400.00"
2019-07-23,2019072301004506,LBBL,7,41,500,208.00,"104,000.00"
2019-07-23,2019072301004767,LBBL,38,46,100,207.00,"20,700.00"
2019-07-23,2019072301004766,LBBL,28,46,300,207.00,"62,100.00"
2019-07-23,2019072301004765,LBBL,6,41,50,208.00,"10,400.00"
2019-07-23,2019072301004708,LBBL,28,39,700,207.00,"144,900.00"
2019-07-23,2019072301004707,LBBL,32,39,450,207.00,"93,150.00"
2019-07-23,2019072301004706,LBBL,42,39,100,207.00,"20,700.00"
2019-07-23,2019072301004799,LBBL,52,39,50,207.00,"10,350.00"
2019-07-23,2019072301004798,LBBL,1,39,350,207.00,"72,450.00"
2019-07-23,2019072301004797,LBBL,33,39,500,207.00,"103,500.00"
2019-07-23,2019072301004796,LBBL,41,39,50,207.00,"10,350.00"
2019-07-23,2019072301004795,LBBL,54,39,100,207.00,"20,700.00"
2019-07-23,2019072301004768,LBBL,54,46,100,207.00,"20,700.00"
2019-07-23,2019072301004838,LBBL,25,59,224,207.00,"46,368.00"
2019-07-23,2019072301004837,LBBL,56,59,16,207.00,"3,312.00"
2019-07-23,2019072301004836,LBBL,52,59,60,207.00,"12,420.00"
2019-07-23,2019072301004832,LBBL,36,41,50,208.00,"10,400.00"
2019-07-23,2019072301004873,LBL,59,39,249,227.00,"56,523.00"
2019-07-23,2019072301004872,LBL,50,39,671,227.00,"152,317.00"
2019-07-23,2019072301004869,LBL,50,45,10,229.00,"2,290.00"
2019-07-23,2019072301004807,LBL,50,56,36,227.00,"8,172.00"
2019-07-23,2019072301004775,LBL,50,56,36,227.00,"8,172.00"
2019-07-23,2019072301004728,LBL,50,56,44,227.00,"9,988.00"
2019-07-23,2019072301004831,LICN,51,58,52,"1,567.00","81,484.00"
2019-07-23,2019072301004898,LLBS,25,18,10,700.00,"7,000.00"
2019-07-23,2019072301004769,MBL,14,17,100,273.00,"27,300.00"
2019-07-23,2019072301004988,MEGA,48,57,813,215.00,"174,795.00"
2019-07-23,2019072301004987,MEGA,48,42,86,215.00,"18,490.00"
2019-07-23,2019072301004986,MEGA,48,59,101,215.00,"21,715.00"
2019-07-23,2019072301004823,MEGA,14,42,100,215.00,"21,500.00"
2019-07-23,2019072301004794,MEGA,46,42,20,215.00,"4,300.00"
2019-07-23,2019072301004793,MEGA,46,33,100,215.00,"21,500.00"
2019-07-23,2019072301004673,MEGA,41,56,175,214.00,"37,450.00"
2019-07-23,2019072301004647,MEGA,1,57,500,215.00,"107,500.00"
2019-07-23,2019072301004618,MEGA,16,57,50,215.00,"10,750.00"
2019-07-23,2019072301004581,MEGA,41,21,500,214.00,"107,000.00"
2019-07-23,2019072301004719,MEGA,53,57,"1,000",215.00,"215,000.00"
2019-07-23,2019072301004681,MEGA,52,39,35,214.00,"7,490.00"
2019-07-23,2019072301004680,MEGA,34,39,200,214.00,"42,800.00"
2019-07-23,2019072301004679,MEGA,58,39,500,214.00,"107,000.00"
2019-07-23,2019072301004678,MEGA,49,39,266,214.00,"56,924.00"
2019-07-23,2019072301004674,MEGA,49,56,34,214.00,"7,276.00"
2019-07-23,2019072301004792,MEGA,46,58,80,215.00,"17,200.00"
2019-07-23,2019072301004774,MEGA,3,58,220,215.00,"47,300.00"
2019-07-23,2019072301004773,MEGA,3,59,"1,000",215.00,"215,000.00"
2019-07-23,2019072301004772,MEGA,3,6,246,215.00,"52,890.00"
2019-07-23,2019072301004771,MEGA,3,57,534,215.00,"114,810.00"
2019-07-23,2019072301004758,MEGA,3,57,"2,000",215.00,"430,000.00"
2019-07-23,2019072301004800,MERO,32,11,50,525.00,"26,250.00"
2019-07-23,2019072301004691,MHNL,29,50,10,102.00,"1,020.00"
2019-07-23,2019072301004932,MNBBL,59,44,100,380.00,"38,000.00"
2019-07-23,2019072301004931,MNBBL,59,44,100,380.00,"38,000.00"
2019-07-23,2019072301004514,MNBBL,13,35,30,380.00,"11,400.00"
2019-07-23,2019072301004930,MNBBL,50,44,100,380.00,"38,000.00"
2019-07-23,2019072301004929,MNBBL,13,44,53,380.00,"20,140.00"
2019-07-23,2019072301004941,MSMBS,33,37,50,469.00,"23,450.00"
2019-07-23,2019072301004940,MSMBS,33,25,11,465.00,"5,115.00"
2019-07-23,2019072301004896,MSMBS,50,37,111,464.00,"51,504.00"
2019-07-23,2019072301004885,MSMBS,16,51,25,460.00,"11,500.00"
2019-07-23,2019072301004884,MSMBS,16,33,12,460.00,"5,520.00"
2019-07-23,2019072301004883,MSMBS,16,5,11,460.00,"5,060.00"
2019-07-23,2019072301004882,MSMBS,16,37,31,460.00,"14,260.00"
2019-07-23,2019072301004881,MSMBS,16,44,11,455.00,"5,005.00"
2019-07-23,2019072301004880,MSMBS,16,39,11,455.00,"5,005.00"
2019-07-23,2019072301004958,NABIL,34,3,258,806.00,"207,948.00"
2019-07-23,2019072301004957,NABIL,34,3,300,806.00,"241,800.00"
2019-07-23,2019072301004956,NABIL,34,39,"1,000",806.00,"806,000.00"
2019-07-23,2019072301004955,NABIL,34,39,31,806.00,"24,986.00"
2019-07-23,2019072301004871,NABIL,43,39,109,806.00,"87,854.00"
2019-07-23,2019072301004781,NABIL,50,3,242,805.00,"194,810.00"
2019-07-23,2019072301004743,NABIL,50,59,56,805.00,"45,080.00"
2019-07-23,2019072301004742,NABIL,50,29,85,805.00,"68,425.00"
2019-07-23,2019072301004741,NABIL,50,39,117,805.00,"94,185.00"
2019-07-23,2019072301004632,NABIL,59,29,15,805.00,"12,075.00"
2019-07-23,2019072301004631,NABIL,59,13,485,805.00,"390,425.00"
2019-07-23,2019072301004917,NAGRO,41,40,10,512.00,"5,120.00"
2019-07-23,2019072301004948,NBB,49,39,50,227.00,"11,350.00"
2019-07-23,2019072301004770,NBB,40,39,300,226.00,"67,800.00"
2019-07-23,2019072301004684,NBB,45,39,200,226.00,"45,200.00"
2019-07-23,2019072301004683,NBB,36,39,"1,000",226.00,"226,000.00"
2019-07-23,2019072301005001,NBL,38,4,141,348.00,"49,068.00"
2019-07-23,2019072301004993,NBL,6,34,50,349.00,"17,450.00"
2019-07-23,2019072301004939,NBL,36,13,45,349.00,"15,705.00"
2019-07-23,2019072301004913,NBL,38,19,500,348.00,"174,000.00"
2019-07-23,2019072301004902,NBL,38,4,359,348.00,"124,932.00"
2019-07-23,2019072301004900,NBL,38,4,541,348.00,"188,268.00"
2019-07-23,2019072301004635,NBL,4,44,950,348.00,"330,600.00"
2019-07-23,2019072301004598,NBL,16,44,50,348.00,"17,400.00"
2019-07-23,2019072301004519,NBL,58,13,100,349.00,"34,900.00"
2019-07-23,2019072301004518,NBL,58,51,100,348.00,"34,800.00"
2019-07-23,2019072301004511,NBL,45,4,950,348.00,"330,600.00"
2019-07-23,2019072301004510,NBL,45,32,500,348.00,"174,000.00"
2019-07-23,2019072301004748,NBL,38,45,159,347.00,"55,173.00"
2019-07-23,2019072301004747,NBL,17,45,500,347.00,"173,500.00"
2019-07-23,2019072301004733,NBL,17,17,500,347.00,"173,500.00"
2019-07-23,2019072301004732,NBL,45,17,"2,000",347.00,"694,000.00"
2019-07-23,2019072301004731,NBL,43,17,"2,500",347.00,"867,500.00"
2019-07-23,2019072301004648,NBL,4,53,50,348.00,"17,400.00"
2019-07-23,2019072301004899,NBL,17,4,100,348.00,"34,800.00"
2019-07-23,2019072301004846,NBL,17,14,500,348.00,"174,000.00"
2019-07-23,2019072301004845,NBL,17,11,200,348.00,"69,600.00"
2019-07-23,2019072301004844,NBL,17,59,500,348.00,"174,000.00"
2019-07-23,2019072301004843,NBL,17,4,"1,000",348.00,"348,000.00"
2019-07-23,2019072301004842,NBL,17,53,50,348.00,"17,400.00"
2019-07-23,2019072301004992,NIB,35,52,25,521.00,"13,025.00"
2019-07-23,2019072301004897,NIB,35,52,50,521.00,"26,050.00"
2019-07-23,2019072301004855,NIB,38,39,64,520.00,"33,280.00"
2019-07-23,2019072301004854,NIB,58,39,667,520.00,"346,840.00"
2019-07-23,2019072301004853,NIB,59,39,269,521.00,"140,149.00"
2019-07-23,2019072301004735,NIB,59,42,44,521.00,"22,924.00"
2019-07-23,2019072301004651,NIB,58,36,100,520.00,"52,000.00"
2019-07-23,2019072301004645,NIB,59,49,159,521.00,"82,839.00"
2019-07-23,2019072301004644,NIB,59,11,28,521.00,"14,588.00"
2019-07-23,2019072301004852,NICA,58,6,50,466.00,"23,300.00"
2019-07-23,2019072301004573,NICA,49,41,200,465.00,"93,000.00"
2019-07-23,2019072301004606,NICGF,57,8,500,9.91,"4,955.00"
2019-07-23,2019072301004686,NIL,40,56,121,482.00,"58,322.00"
2019-07-23,2019072301004947,NLBBL,25,32,11,522.00,"5,742.00"
2019-07-23,2019072301004921,NLBBL,25,28,279,520.00,"145,080.00"
2019-07-23,2019072301004752,NLBBL,4,28,253,520.00,"131,560.00"
2019-07-23,2019072301004751,NLBBL,4,28,247,519.00,"128,193.00"
2019-07-23,2019072301004865,NLG,18,53,100,727.00,"72,700.00"
2019-07-23,2019072301004864,NLG,42,53,25,730.00,"18,250.00"
2019-07-23,2019072301004950,NLIC,35,4,50,890.00,"44,500.00"
2019-07-23,2019072301004887,NLIC,25,28,150,890.00,"133,500.00"
2019-07-23,2019072301004849,NLIC,37,28,50,890.00,"44,500.00"
2019-07-23,2019072301004848,NLIC,25,28,200,890.00,"178,000.00"
2019-07-23,2019072301004847,NLIC,39,28,110,890.00,"97,900.00"
2019-07-23,2019072301004835,NLIC,39,10,180,890.00,"160,200.00"
2019-07-23,2019072301004530,NLIC,52,5,60,891.00,"53,460.00"
2019-07-23,2019072301004622,NLIC,50,10,50,890.00,"44,500.00"
2019-07-23,2019072301004621,NLIC,22,10,20,891.00,"17,820.00"
2019-07-23,2019072301004620,NLIC,55,10,10,891.00,"8,910.00"
2019-07-23,2019072301004556,NLIC,42,4,100,893.00,"89,300.00"
2019-07-23,2019072301004541,NLIC,42,4,100,893.00,"89,300.00"
2019-07-23,2019072301004531,NLIC,55,5,40,891.00,"35,640.00"
2019-07-23,2019072301004628,NLIC,42,4,54,890.00,"48,060.00"
2019-07-23,2019072301004627,NLIC,29,4,70,890.00,"62,300.00"
2019-07-23,2019072301004626,NLIC,35,4,44,890.00,"39,160.00"
2019-07-23,2019072301004625,NLIC,41,4,75,890.00,"66,750.00"
2019-07-23,2019072301004624,NLIC,22,4,11,890.00,"9,790.00"
2019-07-23,2019072301004623,NLIC,22,10,10,890.00,"8,900.00"
2019-07-23,2019072301004834,NLIC,35,10,10,890.00,"8,900.00"
2019-07-23,2019072301004833,NLIC,6,10,10,890.00,"8,900.00"
2019-07-23,2019072301004749,NLIC,39,4,20,891.00,"17,820.00"
2019-07-23,2019072301004727,NLIC,8,4,100,891.00,"89,100.00"
2019-07-23,2019072301004630,NLIC,56,4,296,890.00,"263,440.00"
2019-07-23,2019072301004629,NLIC,39,4,50,890.00,"44,500.00"
2019-07-23,2019072301004951,NLICL,1,17,30,594.00,"17,820.00"
2019-07-23,2019072301004596,NLICL,54,17,100,594.00,"59,400.00"
2019-07-23,2019072301004536,NLICL,50,51,294,593.00,"174,342.00"
2019-07-23,2019072301004959,NNLB,59,32,10,407.00,"4,070.00"
2019-07-23,2019072301004908,NSEWA,45,16,10,395.00,"3,950.00"
2019-07-23,2019072301004761,NTC,33,48,10,699.00,"6,990.00"
2019-07-23,2019072301004991,PCBL,6,56,125,289.00,"36,125.00"
2019-07-23,2019072301004874,PCBL,39,26,20,290.00,"5,800.00"
2019-07-23,2019072301004550,PCBL,6,40,133,289.00,"38,437.00"
2019-07-23,2019072301004549,PCBL,41,40,200,290.00,"58,000.00"
2019-07-23,2019072301004994,PIC,20,56,11,488.00,"5,368.00"
2019-07-23,2019072301004755,PIC,20,56,11,488.00,"5,368.00"
2019-07-23,2019072301004895,PLIC,57,56,150,430.00,"64,500.00"
2019-07-23,2019072301004894,PLIC,33,56,50,431.00,"21,550.00"
2019-07-23,2019072301004877,PLIC,50,56,98,431.00,"42,238.00"
2019-07-23,2019072301004539,PMHPL,29,38,10,105.00,"1,050.00"
2019-07-23,2019072301004509,PMHPL,19,29,10,104.00,"1,040.00"
2019-07-23,2019072301004952,PPCL,39,17,10,135.00,"1,350.00"
2019-07-23,2019072301004935,PPCL,36,6,400,136.00,"54,400.00"
2019-07-23,2019072301004889,PPCL,39,34,10,135.00,"1,350.00"
2019-07-23,2019072301004888,PPCL,59,34,20,135.00,"2,700.00"
2019-07-23,2019072301004616,PPCL,59,34,30,135.00,"4,050.00"
2019-07-23,2019072301004608,PPCL,59,6,10,135.00,"1,350.00"
2019-07-23,2019072301004595,PPCL,29,38,10,136.00,"1,360.00"
2019-07-23,2019072301004574,PPCL,59,29,10,135.00,"1,350.00"
2019-07-23,2019072301004698,PRIN,1,56,21,372.00,"7,812.00"
2019-07-23,2019072301004760,PRVU,34,34,10,276.00,"2,760.00"
2019-07-23,2019072301004713,PRVU,34,28,207,276.00,"57,132.00"
2019-07-23,2019072301004712,PRVU,22,28,400,276.00,"110,400.00"
2019-07-23,2019072301004711,PRVU,58,28,222,276.00,"61,272.00"
2019-07-23,2019072301004710,PRVU,25,28,150,277.00,"41,550.00"
2019-07-23,2019072301004709,PRVU,13,28,21,277.00,"5,817.00"
2019-07-23,2019072301004677,PRVU,46,8,10,278.00,"2,780.00"
2019-07-23,2019072301004578,PRVU,13,58,"1,100",277.00,"304,700.00"
2019-07-23,2019072301004555,PRVU,13,33,200,277.00,"55,400.00"
2019-07-23,2019072301004547,PRVU,13,39,679,277.00,"188,083.00"
2019-07-23,2019072301004546,PRVU,44,39,321,277.00,"88,917.00"
2019-07-23,2019072301004692,RADHI,18,56,14,150.00,"2,100.00"
2019-07-23,2019072301004675,RADHI,18,51,16,148.00,"2,368.00"
2019-07-23,2019072301004634,RADHI,54,51,11,146.00,"1,606.00"
2019-07-23,2019072301004923,RMDC,53,35,121,673.00,"81,433.00"
2019-07-23,2019072301004922,RMDC,53,1,100,672.00,"67,200.00"
2019-07-23,2019072301004858,RMDC,6,6,900,669.00,"602,100.00"
2019-07-23,2019072301004762,RMDC,6,21,125,669.00,"83,625.00"
2019-07-23,2019072301004697,RMDC,6,46,10,669.00,"6,690.00"
2019-07-23,2019072301004696,RMDC,52,46,50,670.00,"33,500.00"
2019-07-23,2019072301004695,RMDC,38,46,140,670.00,"93,800.00"
2019-07-23,2019072301004659,RRHP,29,39,10,109.00,"1,090.00"
2019-07-23,2019072301004636,RRHP,22,29,10,108.00,"1,080.00"
2019-07-23,2019072301004646,SAEF,25,8,500,9.84,"4,920.00"
2019-07-23,2019072301004840,SANIMA,40,53,100,356.00,"35,600.00"
2019-07-23,2019072301004554,SANIMA,46,53,500,356.00,"178,000.00"
2019-07-23,2019072301004553,SANIMA,44,53,300,356.00,"106,800.00"
2019-07-23,2019072301004552,SANIMA,58,53,100,356.00,"35,600.00"
2019-07-23,2019072301004551,SANIMA,14,53,"1,000",356.00,"356,000.00"
2019-07-23,2019072301004738,SBI,3,56,10,474.00,"4,740.00"
2019-07-23,2019072301004737,SBI,1,56,13,474.00,"6,162.00"
2019-07-23,2019072301004736,SBL,43,44,200,326.00,"65,200.00"
2019-07-23,2019072301004517,SBL,38,39,"1,032",325.00,"335,400.00"
2019-07-23,2019072301004516,SBL,13,39,"1,968",325.00,"639,600.00"
2019-07-23,2019072301004903,SEF,51,57,"2,000",10.25,"20,500.00"
2019-07-23,2019072301004764,SEF,49,46,500,10.20,"5,100.00"
2019-07-23,2019072301004857,SHIVM,35,16,10,625.00,"6,250.00"
2019-07-23,2019072301004808,SHIVM,58,34,15,624.00,"9,360.00"
2019-07-23,2019072301004726,SHIVM,58,50,235,624.00,"146,640.00"
2019-07-23,2019072301004725,SHIVM,22,50,100,624.00,"62,400.00"
2019-07-23,2019072301004724,SHIVM,22,50,200,624.00,"124,800.00"
2019-07-23,2019072301004723,SHIVM,29,50,765,624.00,"477,360.00"
2019-07-23,2019072301004661,SHIVM,38,50,10,625.00,"6,250.00"
2019-07-23,2019072301004534,SHIVM,37,41,20,625.00,"12,500.00"
2019-07-23,2019072301004722,SHIVM,58,50,200,625.00,"125,000.00"
2019-07-23,2019072301004721,SHIVM,26,58,125,628.00,"78,500.00"
2019-07-23,2019072301004720,SHIVM,26,34,175,627.00,"109,725.00"
2019-07-23,2019072301004702,SHIVM,33,34,75,627.00,"47,025.00"
2019-07-23,2019072301004701,SHIVM,33,34,200,627.00,"125,400.00"
2019-07-23,2019072301004663,SHIVM,33,51,50,626.00,"31,300.00"
2019-07-23,2019072301004870,SHPC,14,49,300,251.00,"75,300.00"
2019-07-23,2019072301004757,SHPC,17,32,700,252.00,"176,400.00"
2019-07-23,2019072301004756,SHPC,17,45,100,252.00,"25,200.00"
2019-07-23,2019072301004734,SHPC,14,21,200,251.00,"50,200.00"
2019-07-23,2019072301004529,SICL,14,10,65,796.00,"51,740.00"
2019-07-23,2019072301004528,SICL,57,10,50,796.00,"39,800.00"
2019-07-23,2019072301004527,SICL,42,10,50,797.00,"39,850.00"
2019-07-23,2019072301004526,SICL,1,10,35,800.00,"28,000.00"
2019-07-23,2019072301004633,SIL,45,56,40,470.00,"18,800.00"
2019-07-23,2019072301004607,SIL,42,56,50,471.00,"23,550.00"
2019-07-23,2019072301004886,SKBBL,36,16,195,"1,014.00","197,730.00"
2019-07-23,2019072301004850,SLBBL,34,34,135,474.00,"63,990.00"
2019-07-23,2019072301004824,SLBBL,1,41,34,476.00,"16,184.00"
2019-07-23,2019072301004580,SLBBL,34,7,100,474.00,"47,400.00"
2019-07-23,2019072301004934,SMFBS,42,1,20,485.00,"9,700.00"
2019-07-23,2019072301004933,SMFBS,47,1,180,490.00,"88,200.00"
2019-07-23,2019072301004583,SMFBS,47,6,10,490.00,"4,900.00"
2019-07-23,2019072301004851,SMFDB,55,38,10,532.00,"5,320.00"
2019-07-23,2019072301004672,SMFDB,34,57,500,530.00,"265,000.00"
2019-07-23,2019072301004784,SRBL,42,39,139,254.00,"35,306.00"
2019-07-23,2019072301004783,SRBL,14,39,100,254.00,"25,400.00"
2019-07-23,2019072301004782,SRBL,38,39,261,255.00,"66,555.00"
2019-07-23,2019072301004995,SWBBL,35,44,30,915.00,"27,450.00"
2019-07-23,2019072301004910,SWBBL,38,45,10,910.00,"9,100.00"
2019-07-23,2019072301004909,SWBBL,34,45,50,910.00,"45,500.00"
2019-07-23,2019072301004533,UFL,39,20,20,185.00,"3,700.00"
2019-07-23,2019072301004532,UFL,40,20,50,186.00,"9,300.00"
2019-07-23,2019072301004927,UIC,58,38,20,891.00,"17,820.00"
2019-07-23,2019072301004863,UIC,51,38,10,886.00,"8,860.00"
2019-07-23,2019072301004862,UIC,57,38,200,887.00,"177,400.00"
2019-07-23,2019072301004861,UIC,57,38,20,890.00,"17,800.00"
2019-07-23,2019072301004860,UIC,57,38,20,890.00,"17,800.00"
2019-07-23,2019072301004859,UIC,57,38,20,890.00,"17,800.00"
2019-07-23,2019072301004584,UIC,41,16,240,890.00,"213,600.00"
2019-07-23,2019072301004954,UPCL,57,51,50,89.00,"4,450.00"
2019-07-23,2019072301004953,UPCL,57,38,50,89.00,"4,450.00"
2019-07-23,2019072301004960,UPPER,44,29,97,283.00,"27,451.00"
2019-07-23,2019072301004938,UPPER,20,22,300,284.00,"85,200.00"
2019-07-23,2019072301004901,UPPER,44,38,100,283.00,"28,300.00"
2019-07-23,2019072301004825,UPPER,29,22,50,284.00,"14,200.00"
2019-07-23,2019072301004791,UPPER,44,29,50,283.00,"14,150.00"
2019-07-23,2019072301004763,UPPER,44,51,50,283.00,"14,150.00"
2019-07-23,2019072301004753,UPPER,44,58,10,283.00,"2,830.00"
2019-07-23,2019072301004746,UPPER,44,42,72,283.00,"20,376.00"
2019-07-23,2019072301004690,UPPER,42,22,30,284.00,"8,520.00"
2019-07-23,2019072301004475,ADBL,25,49,20,434.00,"8,680.00"
2019-07-23,2019072301004463,ADBL,34,20,71,432.00,"30,672.00"
2019-07-23,2019072301004455,ADBL,43,49,200,433.00,"86,600.00"
2019-07-23,2019072301004440,ADBL,25,53,44,434.00,"19,096.00"
2019-07-23,2019072301004430,ADBL,50,53,56,434.00,"24,304.00"
2019-07-23,2019072301004425,ADBL,50,5,544,434.00,"236,096.00"
2019-07-23,2019072301004103,ADBL,25,49,175,431.00,"75,425.00"
2019-07-23,2019072301004093,ADBL,25,49,125,431.00,"53,875.00"
2019-07-23,2019072301004092,ADBL,25,49,875,431.00,"377,125.00"
2019-07-23,2019072301004195,ADBL,34,49,200,432.00,"86,400.00"
2019-07-23,2019072301004194,ADBL,34,19,"1,000",432.00,"432,000.00"
2019-07-23,2019072301004193,ADBL,34,45,100,432.00,"43,200.00"
2019-07-23,2019072301004192,ADBL,34,25,65,432.00,"28,080.00"
2019-07-23,2019072301004147,ADBL,58,49,10,430.00,"4,300.00"
2019-07-23,2019072301004140,ADBL,38,49,825,431.00,"355,575.00"
2019-07-23,2019072301004296,ADBL,50,41,28,432.00,"12,096.00"
2019-07-23,2019072301004292,ADBL,50,26,72,432.00,"31,104.00"
2019-07-23,2019072301004275,ADBL,46,45,500,432.00,"216,000.00"
2019-07-23,2019072301004264,ADBL,58,26,488,431.00,"210,328.00"
2019-07-23,2019072301004197,ADBL,34,49,20,432.00,"8,640.00"
2019-07-23,2019072301004196,ADBL,34,28,200,432.00,"86,400.00"
2019-07-23,2019072301004405,ADBL,34,49,50,433.00,"21,650.00"
2019-07-23,2019072301004368,ADBL,34,47,500,433.00,"216,500.00"
2019-07-23,2019072301004367,ADBL,34,8,160,433.00,"69,280.00"
2019-07-23,2019072301004366,ADBL,25,8,40,433.00,"17,320.00"
2019-07-23,2019072301004360,ADBL,25,57,10,433.00,"4,330.00"
2019-07-23,2019072301004301,ADBL,25,41,472,432.00,"203,904.00"
2019-07-23,2019072301004424,ADBL,50,49,200,434.00,"86,800.00"
2019-07-23,2019072301004423,ADBL,50,47,100,434.00,"43,400.00"
2019-07-23,2019072301004422,ADBL,50,33,100,434.00,"43,400.00"
2019-07-23,2019072301004419,ADBL,25,33,400,434.00,"173,600.00"
2019-07-23,2019072301004418,ADBL,25,57,100,434.00,"43,400.00"
2019-07-23,2019072301004406,ADBL,50,49,50,433.00,"21,650.00"
2019-07-23,2019072301004053,AKPL,29,29,10,176.00,"1,760.00"
2019-07-23,2019072301004449,ALBSL,57,34,10,403.00,"4,030.00"
2019-07-23,2019072301004326,ALBSL,57,38,10,403.00,"4,030.00"
2019-07-23,2019072301004314,ALBSL,57,16,10,403.00,"4,030.00"
2019-07-23,2019072301004283,ALBSL,57,59,10,403.00,"4,030.00"
2019-07-23,2019072301004074,ALBSL,29,29,10,404.00,"4,040.00"
2019-07-23,2019072301004072,ALBSL,57,16,10,403.00,"4,030.00"
2019-07-23,2019072301004439,ALICL,57,33,60,378.00,"22,680.00"
2019-07-23,2019072301004230,ALICL,35,45,43,379.00,"16,297.00"
2019-07-23,2019072301004032,ALICL,34,45,37,379.00,"14,023.00"
2019-07-23,2019072301004381,API,37,51,29,142.00,"4,118.00"
2019-07-23,2019072301004380,API,37,45,100,142.00,"14,200.00"
2019-07-23,2019072301004379,API,37,46,290,142.00,"41,180.00"
2019-07-23,2019072301004378,API,37,32,"1,460",142.00,"207,320.00"
2019-07-23,2019072301004335,API,25,32,150,142.00,"21,300.00"
2019-07-23,2019072301004305,BARUN,48,28,100,92.00,"9,200.00"
2019-07-23,2019072301004304,BARUN,56,28,150,92.00,"13,800.00"
2019-07-23,2019072301004078,BARUN,56,16,10,92.00,920.00
2019-07-23,2019072301004013,BOKL,38,52,153,269.00,"41,157.00"
2019-07-23,2019072301004012,BOKL,38,57,200,269.00,"53,800.00"
2019-07-23,2019072301004427,BPCL,17,44,11,409.00,"4,499.00"
2019-07-23,2019072301004307,BPCL,13,44,33,409.00,"13,497.00"
2019-07-23,2019072301004500,CBBL,51,3,50,999.00,"49,950.00"
2019-07-23,2019072301004499,CBBL,51,41,300,999.00,"299,700.00"
2019-07-23,2019072301004429,CBBL,49,47,41,999.00,"40,959.00"
2019-07-23,2019072301004428,CBBL,49,50,59,999.00,"58,941.00"
2019-07-23,2019072301004138,CBBL,45,44,51,999.00,"50,949.00"
2019-07-23,2019072301004137,CBBL,45,47,23,998.00,"22,954.00"
2019-07-23,2019072301004023,CBBL,22,26,50,997.00,"49,850.00"
2019-07-23,2019072301004490,CBL,26,28,500,163.00,"81,500.00"
2019-07-23,2019072301004489,CBL,26,28,500,163.00,"81,500.00"
2019-07-23,2019072301004488,CBL,26,28,500,163.00,"81,500.00"
2019-07-23,2019072301004487,CBL,26,28,500,163.00,"81,500.00"
2019-07-23,2019072301004486,CBL,45,28,190,163.00,"30,970.00"
2019-07-23,2019072301004453,CBL,45,53,500,163.00,"81,500.00"
2019-07-23,2019072301004328,CBL,38,22,500,163.00,"81,500.00"
2019-07-23,2019072301004327,CBL,44,22,142,163.00,"23,146.00"
2019-07-23,2019072301004298,CBL,44,26,49,163.00,"7,987.00"
2019-07-23,2019072301004287,CBL,44,35,150,163.00,"24,450.00"
2019-07-23,2019072301004142,CBL,44,29,400,163.00,"65,200.00"
2019-07-23,2019072301004118,CBL,44,26,"1,309",163.00,"213,367.00"
2019-07-23,2019072301004334,CBL,45,22,310,163.00,"50,530.00"
2019-07-23,2019072301004333,CBL,42,22,20,163.00,"3,260.00"
2019-07-23,2019072301004332,CBL,41,22,500,163.00,"81,500.00"
2019-07-23,2019072301004331,CBL,1,22,250,163.00,"40,750.00"
2019-07-23,2019072301004330,CBL,1,22,250,163.00,"40,750.00"
2019-07-23,2019072301004329,CBL,45,22,400,163.00,"65,200.00"
2019-07-23,2019072301004491,CCBL,46,53,60,178.00,"10,680.00"
2019-07-23,2019072301004413,CCBL,46,35,240,178.00,"42,720.00"
2019-07-23,2019072301004390,CCBL,40,35,60,178.00,"10,680.00"
2019-07-23,2019072301004209,CCBL,51,43,950,178.00,"169,100.00"
2019-07-23,2019072301004188,CCBL,6,43,50,178.00,"8,900.00"
2019-07-23,2019072301004467,CHCL,56,14,13,517.00,"6,721.00"
2019-07-23,2019072301004377,CHCL,56,44,"1,000",517.00,"517,000.00"
2019-07-23,2019072301004358,CIT,53,43,20,"2,480.00","49,600.00"
2019-07-23,2019072301004297,CLBSL,57,54,10,495.00,"4,950.00"
2019-07-23,2019072301004355,CZBIL,34,10,500,230.00,"115,000.00"
2019-07-23,2019072301004354,CZBIL,44,10,"4,490",230.00,"1,032,700.00"
2019-07-23,2019072301004123,CZBIL,29,49,10,231.00,"2,310.00"
2019-07-23,2019072301004102,CZBIL,44,29,10,230.00,"2,300.00"
2019-07-23,2019072301004099,CZBIL,6,49,50,231.00,"11,550.00"
2019-07-23,2019072301004069,CZBIL,44,43,500,230.00,"115,000.00"
2019-07-23,2019072301004033,CZBIL,44,35,454,229.00,"103,966.00"
2019-07-23,2019072301004344,DBBL,49,38,390,148.00,"57,720.00"
2019-07-23,2019072301004343,DBBL,22,38,30,148.00,"4,440.00"
2019-07-23,2019072301004342,DBBL,1,38,500,148.00,"74,000.00"
2019-07-23,2019072301004341,DBBL,57,38,500,148.00,"74,000.00"
2019-07-23,2019072301004340,DBBL,32,38,380,148.00,"56,240.00"
2019-07-23,2019072301004312,DBBL,26,34,100,150.00,"15,000.00"
2019-07-23,2019072301004117,DBBL,49,58,"2,441",149.00,"363,709.00"
2019-07-23,2019072301004116,DBBL,49,58,"3,000",149.00,"447,000.00"
2019-07-23,2019072301004098,DBBL,49,58,"4,025",149.00,"599,725.00"
2019-07-23,2019072301004498,DDBL,4,57,126,755.00,"95,130.00"
2019-07-23,2019072301004063,DDBL,4,50,400,757.00,"302,800.00"
2019-07-23,2019072301004473,EBL,14,5,41,675.00,"27,675.00"
2019-07-23,2019072301004308,EBL,13,17,16,676.00,"10,816.00"
2019-07-23,2019072301004160,EBL,50,17,500,676.00,"338,000.00"
2019-07-23,2019072301004060,EBL,14,17,268,675.00,"180,900.00"
2019-07-23,2019072301004010,EBL,48,17,100,675.00,"67,500.00"
2019-07-23,2019072301004477,FMDBL,40,34,500,390.00,"195,000.00"
2019-07-23,2019072301004476,FMDBL,40,14,226,390.00,"88,140.00"
2019-07-23,2019072301004452,FOWAD,49,43,57,"1,400.00","79,800.00"
2019-07-23,2019072301004451,FOWAD,49,13,10,"1,400.00","14,000.00"
2019-07-23,2019072301004177,FOWAD,32,19,13,"1,406.00","18,278.00"
2019-07-23,2019072301004155,FOWAD,32,50,45,"1,405.00","63,225.00"
2019-07-23,2019072301004154,FOWAD,32,51,100,"1,405.00","140,500.00"
2019-07-23,2019072301004146,FOWAD,32,6,30,"1,380.00","41,400.00"
2019-07-23,2019072301004145,FOWAD,32,45,50,"1,380.00","69,000.00"
2019-07-23,2019072301004144,FOWAD,32,57,43,"1,379.00","59,297.00"
2019-07-23,2019072301004143,FOWAD,32,47,19,"1,378.00","26,182.00"
2019-07-23,2019072301004213,GBBL,8,51,200,226.00,"45,200.00"
2019-07-23,2019072301004445,GBLBS,38,51,10,353.00,"3,530.00"
2019-07-23,2019072301004036,GDBL,40,1,200,216.00,"43,200.00"
2019-07-23,2019072301004251,GDBL,44,1,200,216.00,"43,200.00"
2019-07-23,2019072301004212,GDBL,46,1,50,216.00,"10,800.00"
2019-07-23,2019072301004156,GHL,29,29,30,89.00,"2,670.00"
2019-07-23,2019072301004286,GLBSL,57,22,10,397.00,"3,970.00"
2019-07-23,2019072301004104,GLBSL,34,16,10,396.00,"3,960.00"
2019-07-23,2019072301004376,GLICL,57,56,10,463.00,"4,630.00"
2019-07-23,2019072301004438,GMFBS,34,42,10,490.00,"4,900.00"
2019-07-23,2019072301004437,GMFBS,34,51,10,490.00,"4,900.00"
2019-07-23,2019072301004225,GMFBS,28,55,100,490.00,"49,000.00"
2019-07-23,2019072301004224,GMFBS,28,41,10,490.00,"4,900.00"
2019-07-23,2019072301004223,GMFBS,28,49,10,490.00,"4,900.00"
2019-07-23,2019072301004222,GMFBS,28,34,20,490.00,"9,800.00"
2019-07-23,2019072301004215,GMFBS,28,17,10,485.00,"4,850.00"
2019-07-23,2019072301004153,GMFBS,34,51,10,482.00,"4,820.00"
2019-07-23,2019072301004152,GMFBS,34,18,10,482.00,"4,820.00"
2019-07-23,2019072301004221,GMFBS,28,41,10,487.00,"4,870.00"
2019-07-23,2019072301004220,GMFBS,28,41,10,487.00,"4,870.00"
2019-07-23,2019072301004219,GMFBS,28,16,10,487.00,"4,870.00"
2019-07-23,2019072301004218,GMFBS,28,16,10,487.00,"4,870.00"
2019-07-23,2019072301004217,GMFBS,28,16,10,487.00,"4,870.00"
2019-07-23,2019072301004216,GMFBS,28,51,10,486.00,"4,860.00"
2019-07-23,2019072301004227,GRDBL,6,41,100,117.00,"11,700.00"
2019-07-23,2019072301004456,HIDCL,38,5,25,162.00,"4,050.00"
2019-07-23,2019072301004442,HIDCL,39,5,100,162.00,"16,200.00"
2019-07-23,2019072301004249,HIDCL,29,38,34,162.00,"5,508.00"
2019-07-23,2019072301004248,HIDCL,29,17,61,162.00,"9,882.00"
2019-07-23,2019072301004268,HPPL,45,51,10,173.00,"1,730.00"
2019-07-23,2019072301004306,HURJA,33,49,10,139.00,"1,390.00"
2019-07-23,2019072301004279,ICFC,49,57,60,167.00,"10,020.00"
2019-07-23,2019072301004278,ICFC,28,57,978,167.00,"163,326.00"
2019-07-23,2019072301004474,ILBS,42,21,10,394.00,"3,940.00"
2019-07-23,2019072301004469,ILBS,42,21,10,394.00,"3,940.00"
2019-07-23,2019072301004387,ILBS,37,21,10,394.00,"3,940.00"
2019-07-23,2019072301004386,ILBS,37,17,10,394.00,"3,940.00"
2019-07-23,2019072301004382,ILBS,37,17,10,394.00,"3,940.00"
2019-07-23,2019072301004369,ILBS,37,17,10,394.00,"3,940.00"
2019-07-23,2019072301004362,ILBS,22,21,10,394.00,"3,940.00"
2019-07-23,2019072301004029,ILBS,58,6,10,395.00,"3,950.00"
2019-07-23,2019072301004028,ILBS,58,18,10,395.00,"3,950.00"
2019-07-23,2019072301004027,ILBS,58,38,175,395.00,"69,125.00"
2019-07-23,2019072301004007,ILBS,22,18,10,394.00,"3,940.00"
2019-07-23,2019072301004349,JBBL,32,34,25,165.00,"4,125.00"
2019-07-23,2019072301004322,JBBL,6,34,50,165.00,"8,250.00"
2019-07-23,2019072301004454,JOSHI,39,50,20,78.00,"1,560.00"
2019-07-23,2019072301004189,JOSHI,29,7,20,79.00,"1,580.00"
2019-07-23,2019072301004182,JOSHI,38,29,20,78.00,"1,560.00"
2019-07-23,2019072301004238,JSLBB,34,39,10,"1,000.00","10,000.00"
2019-07-23,2019072301004226,JSLBB,34,19,10,999.00,"9,990.00"
2019-07-23,2019072301004205,KBL,49,32,200,221.00,"44,200.00"
2019-07-23,2019072301004204,KBL,49,44,34,221.00,"7,514.00"
2019-07-23,2019072301004203,KBL,49,45,"1,718",221.00,"379,678.00"
2019-07-23,2019072301004042,KBL,6,17,203,220.00,"44,660.00"
2019-07-23,2019072301004026,KBL,49,45,350,221.00,"77,350.00"
2019-07-23,2019072301004235,KPCL,29,52,10,92.00,920.00
2019-07-23,2019072301004210,KPCL,21,29,10,91.00,910.00
2019-07-23,2019072301004347,KSBBL,50,21,"1,000",161.00,"161,000.00"
2019-07-23,2019072301004338,KSBBL,21,33,202,160.00,"32,320.00"
2019-07-23,2019072301004139,KSBBL,21,44,200,160.00,"32,000.00"
2019-07-23,2019072301004426,LBBL,5,5,500,207.00,"103,500.00"
2019-07-23,2019072301004336,LBBL,26,26,2,204.00,408.00
2019-07-23,2019072301004255,LBBL,34,41,500,208.00,"104,000.00"
2019-07-23,2019072301004254,LBBL,34,21,500,208.00,"104,000.00"
2019-07-23,2019072301004127,LBBL,14,41,"2,050",208.00,"426,400.00"
2019-07-23,2019072301004114,LBBL,14,41,950,208.00,"197,600.00"
2019-07-23,2019072301004043,LBBL,14,41,"1,129",208.00,"234,832.00"
2019-07-23,2019072301004049,LBBL,33,41,100,208.00,"20,800.00"
2019-07-23,2019072301004048,LBBL,41,41,250,208.00,"52,000.00"
2019-07-23,2019072301004047,LBBL,45,41,200,208.00,"41,600.00"
2019-07-23,2019072301004046,LBBL,1,41,"1,000",208.00,"208,000.00"
2019-07-23,2019072301004045,LBBL,41,41,500,208.00,"104,000.00"
2019-07-23,2019072301004044,LBBL,28,41,"1,000",208.00,"208,000.00"
2019-07-23,2019072301004096,LBBL,42,41,250,208.00,"52,000.00"
2019-07-23,2019072301004071,LBBL,1,41,500,208.00,"104,000.00"
2019-07-23,2019072301004057,LBBL,48,41,300,208.00,"62,400.00"
2019-07-23,2019072301004052,LBBL,33,41,500,208.00,"104,000.00"
2019-07-23,2019072301004051,LBBL,47,41,50,208.00,"10,400.00"
2019-07-23,2019072301004050,LBBL,25,41,200,208.00,"41,600.00"
2019-07-23,2019072301004479,LBL,36,28,300,228.00,"68,400.00"
2019-07-23,2019072301004478,LBL,36,16,850,228.00,"193,800.00"
2019-07-23,2019072301004310,LBL,50,5,626,227.00,"142,102.00"
2019-07-23,2019072301004309,LBL,50,42,250,227.00,"56,750.00"
2019-07-23,2019072301004208,LBL,4,42,"1,500",227.00,"340,500.00"
2019-07-23,2019072301004115,LBL,6,42,50,227.00,"11,350.00"
2019-07-23,2019072301004276,LICN,36,25,170,"1,569.00","266,730.00"
2019-07-23,2019072301004159,LICN,36,19,90,"1,569.00","141,210.00"
2019-07-23,2019072301004054,LICN,36,59,200,"1,569.00","313,800.00"
2019-07-23,2019072301004234,LLBS,25,42,24,689.00,"16,536.00"
2019-07-23,2019072301004200,LLBS,49,28,100,688.00,"68,800.00"
2019-07-23,2019072301004191,LLBS,50,53,100,685.00,"68,500.00"
2019-07-23,2019072301004190,LLBS,50,32,101,684.00,"69,084.00"
2019-07-23,2019072301004176,LLBS,25,13,24,683.00,"16,392.00"
2019-07-23,2019072301004398,MBL,38,17,800,273.00,"218,400.00"
2019-07-23,2019072301004397,MBL,38,22,200,273.00,"54,600.00"
2019-07-23,2019072301004295,MBL,25,17,50,273.00,"13,650.00"
2019-07-23,2019072301004201,MDB,26,17,17,236.00,"4,012.00"
2019-07-23,2019072301004501,MEGA,17,57,200,215.00,"43,000.00"
2019-07-23,2019072301004472,MEGA,34,57,716,215.00,"153,940.00"
2019-07-23,2019072301004471,MEGA,34,6,246,215.00,"52,890.00"
2019-07-23,2019072301004470,MEGA,34,57,38,215.00,"8,170.00"
2019-07-23,2019072301004468,MEGA,41,38,17,214.00,"3,638.00"
2019-07-23,2019072301004420,MEGA,16,57,50,215.00,"10,750.00"
2019-07-23,2019072301004256,MEGA,51,57,300,215.00,"64,500.00"
2019-07-23,2019072301004165,MEGA,41,49,108,214.00,"23,112.00"
2019-07-23,2019072301004164,MEGA,45,49,200,214.00,"42,800.00"
2019-07-23,2019072301004163,MEGA,1,49,150,214.00,"32,100.00"
2019-07-23,2019072301004162,MEGA,38,49,42,214.00,"8,988.00"
2019-07-23,2019072301004009,MEGA,26,57,600,215.00,"129,000.00"
2019-07-23,2019072301004435,MERO,32,33,17,525.00,"8,925.00"
2019-07-23,2019072301004434,MERO,32,56,20,525.00,"10,500.00"
2019-07-23,2019072301004433,MERO,32,41,98,524.00,"51,352.00"
2019-07-23,2019072301004294,MHNL,59,51,10,103.00,"1,030.00"
2019-07-23,2019072301004293,MHNL,59,54,30,103.00,"3,090.00"
2019-07-23,2019072301004288,MHNL,29,16,30,102.00,"3,060.00"
2019-07-23,2019072301004281,MHNL,59,29,40,102.00,"4,080.00"
2019-07-23,2019072301004269,MHNL,59,16,40,102.00,"4,080.00"
2019-07-23,2019072301004450,MLBL,1,26,18,201.00,"3,618.00"
2019-07-23,2019072301004184,MLBL,33,58,"4,000",200.00,"800,000.00"
2019-07-23,2019072301004183,MLBL,33,6,"1,080",200.00,"216,000.00"
2019-07-23,2019072301004022,MNBBL,13,17,271,380.00,"102,980.00"
2019-07-23,2019072301004006,MNBBL,29,17,229,380.00,"87,020.00"
2019-07-23,2019072301004005,MNBBL,29,17,71,380.00,"26,980.00"
2019-07-23,2019072301004141,MSLB,17,17,8,980.00,"7,840.00"
2019-07-23,2019072301004462,NABIL,35,13,10,805.00,"8,050.00"
2019-07-23,2019072301004448,NABIL,43,5,41,803.00,"32,923.00"
2019-07-23,2019072301004447,NABIL,58,5,54,804.00,"43,416.00"
2019-07-23,2019072301004443,NABIL,58,51,46,804.00,"36,984.00"
2019-07-23,2019072301004363,NABIL,1,51,100,804.00,"80,400.00"
2019-07-23,2019072301004175,NABIL,45,3,85,802.00,"68,170.00"
2019-07-23,2019072301004119,NABIL,22,51,66,804.00,"53,064.00"
2019-07-23,2019072301004168,NABIL,56,3,100,803.00,"80,300.00"
2019-07-23,2019072301004167,NABIL,6,3,50,803.00,"40,150.00"
2019-07-23,2019072301004166,NABIL,35,3,50,803.00,"40,150.00"
2019-07-23,2019072301004122,NABIL,41,51,20,804.00,"16,080.00"
2019-07-23,2019072301004121,NABIL,3,51,50,804.00,"40,200.00"
2019-07-23,2019072301004120,NABIL,25,51,10,804.00,"8,040.00"
2019-07-23,2019072301004174,NABIL,54,3,200,802.00,"160,400.00"
2019-07-23,2019072301004173,NABIL,49,3,500,802.00,"401,000.00"
2019-07-23,2019072301004172,NABIL,18,3,500,802.00,"401,000.00"
2019-07-23,2019072301004171,NABIL,6,3,15,802.00,"12,030.00"
2019-07-23,2019072301004170,NABIL,19,3,500,802.00,"401,000.00"
2019-07-23,2019072301004169,NABIL,6,3,300,802.00,"240,600.00"
2019-07-23,2019072301004303,NADEP,45,16,10,424.00,"4,240.00"
2019-07-23,2019072301004085,NADEP,42,16,10,423.00,"4,230.00"
2019-07-23,2019072301004417,NAGRO,41,19,10,512.00,"5,120.00"
2019-07-23,2019072301004416,NAGRO,41,40,10,512.00,"5,120.00"
2019-07-23,2019072301004415,NAGRO,41,49,10,512.00,"5,120.00"
2019-07-23,2019072301004414,NAGRO,41,33,30,512.00,"15,360.00"
2019-07-23,2019072301004359,NAGRO,41,21,10,510.00,"5,100.00"
2019-07-23,2019072301004246,NAGRO,41,40,10,510.00,"5,100.00"
2019-07-23,2019072301004497,NBB,36,11,800,227.00,"181,600.00"
2019-07-23,2019072301004496,NBB,36,5,"1,000",227.00,"227,000.00"
2019-07-23,2019072301004357,NBB,14,6,500,226.00,"113,000.00"
2019-07-23,2019072301004356,NBB,14,45,291,226.00,"65,766.00"
2019-07-23,2019072301004263,NBB,6,45,500,226.00,"113,000.00"
2019-07-23,2019072301004262,NBB,25,45,200,226.00,"45,200.00"
2019-07-23,2019072301004421,NBL,16,4,50,348.00,"17,400.00"
2019-07-23,2019072301004403,NBL,36,26,50,348.00,"17,400.00"
2019-07-23,2019072301004402,NBL,36,59,500,348.00,"174,000.00"
2019-07-23,2019072301004401,NBL,36,41,40,348.00,"13,920.00"
2019-07-23,2019072301004400,NBL,36,57,300,348.00,"104,400.00"
2019-07-23,2019072301004399,NBL,36,19,900,348.00,"313,200.00"
2019-07-23,2019072301004370,NBL,45,34,"1,000",347.00,"347,000.00"
2019-07-23,2019072301004383,NBL,58,19,100,348.00,"34,800.00"
2019-07-23,2019072301004375,NBL,45,4,"1,000",347.00,"347,000.00"
2019-07-23,2019072301004374,NBL,45,33,"1,000",347.00,"347,000.00"
2019-07-23,2019072301004373,NBL,45,44,500,347.00,"173,500.00"
2019-07-23,2019072301004372,NBL,45,49,"1,000",347.00,"347,000.00"
2019-07-23,2019072301004371,NBL,45,14,"1,000",347.00,"347,000.00"
2019-07-23,2019072301004411,NCCB,25,50,200,251.00,"50,200.00"
2019-07-23,2019072301004389,NCCB,33,56,104,250.00,"26,000.00"
2019-07-23,2019072301004388,NCCB,33,56,46,250.00,"11,500.00"
2019-07-23,2019072301004337,NCCB,26,26,9,246.00,"2,214.00"
2019-07-23,2019072301004274,NCCB,44,50,84,251.00,"21,084.00"
2019-07-23,2019072301004199,NCCB,44,8,400,251.00,"100,400.00"
2019-07-23,2019072301004095,NCCB,44,10,"1,346",251.00,"337,846.00"
2019-07-23,2019072301004094,NCCB,44,50,170,251.00,"42,670.00"
2019-07-23,2019072301004083,NCCB,38,50,130,251.00,"32,630.00"
2019-07-23,2019072301004082,NCCB,38,35,370,251.00,"92,870.00"
2019-07-23,2019072301004408,NGPL,6,1,50,117.00,"5,850.00"
2019-07-23,2019072301004404,NIB,58,56,136,520.00,"70,720.00"
2019-07-23,2019072301004324,NIB,58,13,169,520.00,"87,880.00"
2019-07-23,2019072301004280,NIB,58,39,96,520.00,"49,920.00"
2019-07-23,2019072301004271,NIB,38,39,100,520.00,"52,000.00"
2019-07-23,2019072301004024,NIB,13,39,30,520.00,"15,600.00"
2019-07-23,2019072301004493,NIBPO,39,49,10,477.00,"4,770.00"
2019-07-23,2019072301004436,NIBPO,28,56,11,472.00,"5,192.00"
2019-07-23,2019072301004134,NICA,28,36,175,463.00,"81,025.00"
2019-07-23,2019072301004133,NICA,41,36,300,463.00,"138,900.00"
2019-07-23,2019072301004132,NICA,46,36,300,463.00,"138,900.00"
2019-07-23,2019072301004131,NICA,10,36,50,463.00,"23,150.00"
2019-07-23,2019072301004130,NICA,29,36,10,464.00,"4,640.00"
2019-07-23,2019072301004129,NICA,36,36,165,464.00,"76,560.00"
2019-07-23,2019072301004070,NICA,50,1,100,465.00,"46,500.00"
2019-07-23,2019072301004068,NICA,36,6,35,464.00,"16,240.00"
2019-07-23,2019072301004067,NICA,45,6,110,464.00,"51,040.00"
2019-07-23,2019072301004066,NICA,35,6,100,464.00,"46,400.00"
2019-07-23,2019072301004065,NICA,28,6,220,464.00,"102,080.00"
2019-07-23,2019072301004064,NICA,48,6,259,464.00,"120,176.00"
2019-07-23,2019072301004325,NICL,25,34,20,354.00,"7,080.00"
2019-07-23,2019072301004464,NIL,33,57,153,486.00,"74,358.00"
2019-07-23,2019072301004348,NIL,42,57,50,486.00,"24,300.00"
2019-07-23,2019072301004319,NIL,35,57,150,482.00,"72,300.00"
2019-07-23,2019072301004318,NIL,40,57,50,482.00,"24,100.00"
2019-07-23,2019072301004317,NIL,43,57,55,482.00,"26,510.00"
2019-07-23,2019072301004245,NIL,43,25,245,482.00,"118,090.00"
2019-07-23,2019072301004244,NIL,38,25,200,483.00,"96,600.00"
2019-07-23,2019072301004243,NIL,37,25,175,483.00,"84,525.00"
2019-07-23,2019072301004242,NIL,44,25,50,483.00,"24,150.00"
2019-07-23,2019072301004444,NLG,42,56,25,730.00,"18,250.00"
2019-07-23,2019072301004273,NLIC,29,28,9,890.00,"8,010.00"
2019-07-23,2019072301004272,NLIC,29,17,10,890.00,"8,900.00"
2019-07-23,2019072301004207,NLIC,29,4,481,890.00,"428,090.00"
2019-07-23,2019072301004206,NLIC,42,4,19,890.00,"16,910.00"
2019-07-23,2019072301004148,NLIC,42,51,17,890.00,"15,130.00"
2019-07-23,2019072301004346,NLICL,35,51,100,593.00,"59,300.00"
2019-07-23,2019072301004259,NLICL,50,28,91,591.00,"53,781.00"
2019-07-23,2019072301004253,NLICL,26,51,50,593.00,"29,650.00"
2019-07-23,2019072301004232,NLICL,50,58,66,591.00,"39,006.00"
2019-07-23,2019072301004231,NLICL,50,58,50,591.00,"29,550.00"
2019-07-23,2019072301004180,NLICL,22,51,10,593.00,"5,930.00"
2019-07-23,2019072301004081,NLICL,36,17,200,594.00,"118,800.00"
2019-07-23,2019072301004105,NMBMF,42,17,35,"1,080.00","37,800.00"
2019-07-23,2019072301004059,NMBMF,38,17,15,"1,080.00","16,200.00"
2019-07-23,2019072301004058,NMBMF,38,38,35,"1,078.00","37,730.00"
2019-07-23,2019072301004239,NSEWA,38,51,10,395.00,"3,950.00"
2019-07-23,2019072301004461,NTC,25,7,195,695.00,"135,525.00"
2019-07-23,2019072301004460,NTC,54,7,80,695.00,"55,600.00"
2019-07-23,2019072301004284,NTC,33,7,10,698.00,"6,980.00"
2019-07-23,2019072301004079,NTC,34,34,"4,940",693.00,"3,423,420.00"
2019-07-23,2019072301004385,NUBL,52,34,30,890.00,"26,700.00"
2019-07-23,2019072301004384,NUBL,52,37,50,890.00,"44,500.00"
2019-07-23,2019072301004365,NUBL,3,34,20,890.00,"17,800.00"
2019-07-23,2019072301004364,NUBL,3,57,10,890.00,"8,900.00"
2019-07-23,2019072301004091,PCBL,58,26,"1,206",290.00,"349,740.00"
2019-07-23,2019072301004077,PCBL,58,26,160,290.00,"46,400.00"
2019-07-23,2019072301004076,PCBL,33,26,12,290.00,"3,480.00"
2019-07-23,2019072301004126,PFL,16,26,11,142.00,"1,562.00"
2019-07-23,2019072301004125,PFL,16,47,39,142.00,"5,538.00"
2019-07-23,2019072301004124,PFL,16,22,75,142.00,"10,650.00"
2019-07-23,2019072301004395,PMHPL,19,21,10,104.00,"1,040.00"
2019-07-23,2019072301004339,PMHPL,19,38,10,104.00,"1,040.00"
2019-07-23,2019072301004457,PRIN,44,51,522,375.00,"195,750.00"
2019-07-23,2019072301004485,PRVU,44,5,179,277.00,"49,583.00"
2019-07-23,2019072301004394,PRVU,25,45,80,277.00,"22,160.00"
2019-07-23,2019072301004393,PRVU,25,8,300,277.00,"83,100.00"
2019-07-23,2019072301004392,PRVU,25,59,"1,110",277.00,"307,470.00"
2019-07-23,2019072301004391,PRVU,25,46,125,277.00,"34,625.00"
2019-07-23,2019072301004302,PRVU,58,26,23,276.00,"6,348.00"
2019-07-23,2019072301004149,PRVU,39,58,226,277.00,"62,602.00"
2019-07-23,2019072301004031,PRVU,38,6,110,278.00,"30,580.00"
2019-07-23,2019072301004030,PRVU,38,56,190,278.00,"52,820.00"
2019-07-23,2019072301004008,PRVU,29,56,10,278.00,"2,780.00"
2019-07-23,2019072301004265,PRVU,6,59,26,277.00,"7,202.00"
2019-07-23,2019072301004229,PRVU,25,8,931,278.00,"258,818.00"
2019-07-23,2019072301004228,PRVU,25,6,69,278.00,"19,182.00"
2019-07-23,2019072301004150,PRVU,6,58,274,277.00,"75,898.00"
2019-07-23,2019072301004441,RADHI,54,22,230,146.00,"33,580.00"
2019-07-23,2019072301004237,RADHI,54,21,11,146.00,"1,606.00"
2019-07-23,2019072301004236,RADHI,54,39,10,145.00,"1,450.00"
2019-07-23,2019072301004214,RMDC,38,28,60,670.00,"40,200.00"
2019-07-23,2019072301004482,RSDC,50,20,70,344.00,"24,080.00"
2019-07-23,2019072301004481,RSDC,50,20,10,350.00,"3,500.00"
2019-07-23,2019072301004396,RSDC,50,50,13,344.00,"4,472.00"
2019-07-23,2019072301004353,RSDC,50,22,363,344.00,"124,872.00"
2019-07-23,2019072301004352,RSDC,5,22,20,344.00,"6,880.00"
2019-07-23,2019072301004351,RSDC,8,22,40,344.00,"13,760.00"
2019-07-23,2019072301004350,RSDC,32,22,37,345.00,"12,765.00"
2019-07-23,2019072301004323,RSDC,32,28,13,345.00,"4,485.00"
2019-07-23,2019072301004247,RSDC,41,28,37,345.00,"12,765.00"
2019-07-23,2019072301004266,SADBL,34,38,612,156.00,"95,472.00"
2019-07-23,2019072301004258,SADBL,34,38,100,156.00,"15,600.00"
2019-07-23,2019072301004257,SADBL,22,38,100,156.00,"15,600.00"
2019-07-23,2019072301004240,SADBL,50,38,100,157.00,"15,700.00"
2019-07-23,2019072301004316,SANIMA,25,52,10,357.00,"3,570.00"
2019-07-23,2019072301004315,SANIMA,58,52,104,357.00,"37,128.00"
2019-07-23,2019072301004241,SANIMA,25,44,100,358.00,"35,800.00"
2019-07-23,2019072301004151,SANIMA,58,17,196,357.00,"69,972.00"
2019-07-23,2019072301004088,SANIMA,16,17,280,357.00,"99,960.00"
2019-07-23,2019072301004087,SANIMA,41,17,350,357.00,"124,950.00"
2019-07-23,2019072301004106,SBI,1,17,43,474.00,"20,382.00"
2019-07-23,2019072301004073,SBI,1,46,78,474.00,"36,972.00"
2019-07-23,2019072301004062,SBI,1,38,16,474.00,"7,584.00"
2019-07-23,2019072301004466,SBL,13,56,32,325.00,"10,400.00"
2019-07-23,2019072301004361,SBL,52,44,200,326.00,"65,200.00"
2019-07-23,2019072301004035,SBL,38,44,215,326.00,"70,090.00"
2019-07-23,2019072301004034,SBL,38,39,85,326.00,"27,710.00"
2019-07-23,2019072301004179,SCB,22,19,368,677.00,"249,136.00"
2019-07-23,2019072301004181,SDESI,45,14,13,613.00,"7,969.00"
2019-07-23,2019072301004113,SDESI,45,38,33,601.00,"19,833.00"
2019-07-23,2019072301004112,SDESI,45,54,23,591.00,"13,593.00"
2019-07-23,2019072301004111,SDESI,45,49,22,590.00,"12,980.00"
2019-07-23,2019072301004110,SDESI,45,43,26,590.00,"15,340.00"
2019-07-23,2019072301004109,SDESI,45,11,50,585.00,"29,250.00"
2019-07-23,2019072301004108,SDESI,45,43,100,584.00,"58,400.00"
2019-07-23,2019072301004011,SDESI,45,26,20,580.00,"11,600.00"
2019-07-23,2019072301004492,SEF,49,8,500,10.20,"5,100.00"
2019-07-23,2019072301004410,SHIVM,37,48,30,625.00,"18,750.00"
2019-07-23,2019072301004409,SHIVM,58,48,20,625.00,"12,500.00"
2019-07-23,2019072301004282,SHIVM,58,58,50,625.00,"31,250.00"
2019-07-23,2019072301004158,SHIVM,58,42,30,625.00,"18,750.00"
2019-07-23,2019072301004157,SHIVM,58,50,100,625.00,"62,500.00"
2019-07-23,2019072301004136,SHIVM,29,34,50,624.00,"31,200.00"
2019-07-23,2019072301004107,SHIVM,57,50,100,625.00,"62,500.00"
2019-07-23,2019072301004004,SHIVM,29,25,185,624.00,"115,440.00"
2019-07-23,2019072301004003,SHIVM,21,25,100,624.00,"62,400.00"
2019-07-23,2019072301004002,SHIVM,40,25,400,624.00,"249,600.00"
2019-07-23,2019072301004277,SHL,32,10,150,233.00,"34,950.00"
2019-07-23,2019072301004311,SHPC,47,16,111,250.00,"27,750.00"
2019-07-23,2019072301004300,SHPC,47,45,539,250.00,"134,750.00"
2019-07-23,2019072301004299,SHPC,47,45,200,250.00,"50,000.00"
2019-07-23,2019072301004480,SICL,1,56,65,800.00,"52,000.00"
2019-07-23,2019072301004021,SKBBL,25,41,670,"1,023.00","685,410.00"
2019-07-23,2019072301004020,SKBBL,25,45,62,"1,020.00","63,240.00"
2019-07-23,2019072301004019,SKBBL,25,53,50,"1,015.00","50,750.00"
2019-07-23,2019072301004018,SKBBL,25,58,10,"1,010.00","10,100.00"
2019-07-23,2019072301004017,SKBBL,25,32,25,"1,009.00","25,225.00"
2019-07-23,2019072301004016,SKBBL,25,47,100,"1,008.00","100,800.00"
2019-07-23,2019072301004015,SKBBL,25,1,73,"1,005.00","73,365.00"
2019-07-23,2019072301004014,SKBBL,25,58,10,"1,004.00","10,040.00"
2019-07-23,2019072301004128,SLBSL,19,45,20,559.00,"11,180.00"
2019-07-23,2019072301004345,SMATA,17,17,6,"1,130.00","6,780.00"
2019-07-23,2019072301004270,SMATA,17,17,6,"1,130.00","6,780.00"
2019-07-23,2019072301004261,SMATA,17,17,6,"1,130.00","6,780.00"
2019-07-23,2019072301004233,SMATA,17,17,6,"1,130.00","6,780.00"
2019-07-23,2019072301004202,SMATA,17,17,6,"1,130.00","6,780.00"
2019-07-23,2019072301004075,SMATA,17,17,9,"1,130.00","10,170.00"
2019-07-23,2019072301004483,SMB,13,26,10,427.00,"4,270.00"
2019-07-23,2019072301004412,SMB,13,47,10,426.00,"4,260.00"
2019-07-23,2019072301004090,SMB,45,16,10,420.00,"4,200.00"
2019-07-23,2019072301004495,SMFBS,47,19,10,490.00,"4,900.00"
2019-07-23,2019072301004458,SMFBS,18,18,10,490.00,"4,900.00"
2019-07-23,2019072301004178,SMFBS,43,51,10,483.00,"4,830.00"
2019-07-23,2019072301004135,SMFBS,18,18,10,486.00,"4,860.00"
2019-07-23,2019072301004100,SMFBS,18,18,10,486.00,"4,860.00"
2019-07-23,2019072301004097,SMFBS,18,18,10,486.00,"4,860.00"
2019-07-23,2019072301004089,SMFBS,18,18,10,486.00,"4,860.00"
2019-07-23,2019072301004086,SMFBS,18,18,10,486.00,"4,860.00"
2019-07-23,2019072301004080,SMFBS,18,18,10,486.00,"4,860.00"
2019-07-23,2019072301004061,SMFBS,34,18,10,487.00,"4,870.00"
2019-07-23,2019072301004446,SMFDB,55,57,50,529.00,"26,450.00"
2019-07-23,2019072301004101,SMFDB,14,57,200,520.00,"104,000.00"
2019-07-23,2019072301004250,SPARS,34,51,10,437.00,"4,370.00"
2019-07-23,2019072301004494,SRBL,38,56,39,255.00,"9,945.00"
2019-07-23,2019072301004432,TRH,49,25,622,315.00,"195,930.00"
2019-07-23,2019072301004431,TRH,49,25,378,315.00,"119,070.00"
2019-07-23,2019072301004187,TRH,49,46,622,315.00,"195,930.00"
2019-07-23,2019072301004186,TRH,44,46,378,315.00,"119,070.00"
2019-07-23,2019072301004185,UFL,6,28,15,187.00,"2,805.00"
2019-07-23,2019072301004465,UIC,41,26,50,889.00,"44,450.00"
2019-07-23,2019072301004198,UIC,34,6,75,886.00,"66,450.00"
2019-07-23,2019072301004161,UIC,45,6,10,886.00,"8,860.00"
2019-07-23,2019072301004484,UPCL,21,51,50,89.00,"4,450.00"
2019-07-23,2019072301004291,UPCL,48,46,"1,000",89.00,"89,000.00"
2019-07-23,2019072301004290,UPCL,41,46,100,89.00,"8,900.00"
2019-07-23,2019072301004289,UPCL,37,46,290,89.00,"25,810.00"
2019-07-23,2019072301004084,UPCL,37,6,100,89.00,"8,900.00"
2019-07-23,2019072301004459,UPPER,48,22,500,284.00,"142,000.00"
2019-07-23,2019072301004407,UPPER,44,21,50,283.00,"14,150.00"
2019-07-23,2019072301004321,UPPER,44,58,50,283.00,"14,150.00"
2019-07-23,2019072301004320,UPPER,44,38,40,283.00,"11,320.00"
2019-07-23,2019072301004313,UPPER,58,58,2,280.00,560.00
2019-07-23,2019072301004285,UPPER,44,58,40,283.00,"11,320.00"
2019-07-23,2019072301004041,UPPER,44,58,97,283.00,"27,451.00"
2019-07-23,2019072301004040,UPPER,44,7,40,283.00,"11,320.00"
2019-07-23,2019072301004039,UPPER,44,52,40,283.00,"11,320.00"
2019-07-23,2019072301004038,UPPER,44,42,52,283.00,"14,716.00"
2019-07-23,2019072301004037,UPPER,44,45,"1,432",283.00,"405,256.00"
2019-07-23,2019072301004025,UPPER,18,18,5,282.00,"1,410.00"
2019-07-23,2019072301004267,UPPER,44,28,50,283.00,"14,150.00"
2019-07-23,2019072301004260,UPPER,44,51,40,283.00,"11,320.00"
2019-07-23,2019072301004252,UPPER,44,42,50,283.00,"14,150.00"
2019-07-23,2019072301004211,UPPER,44,11,40,283.00,"11,320.00"
2019-07-23,2019072301004056,VLBS,34,42,16,490.00,"7,840.00"
2019-07-23,2019072301004055,VLBS,42,42,100,490.00,"49,000.00"
2019-07-23,2019072301003976,ADBL,25,6,25,431.00,"10,775.00"
2019-07-23,2019072301003967,ADBL,38,42,900,431.00,"387,900.00"
2019-07-23,2019072301003947,ADBL,25,49,200,431.00,"86,200.00"
2019-07-23,2019072301003933,ADBL,25,45,178,430.00,"76,540.00"
2019-07-23,2019072301003932,ADBL,25,45,100,430.00,"43,000.00"
2019-07-23,2019072301003922,ADBL,48,45,200,430.00,"86,000.00"
2019-07-23,2019072301003564,ADBL,7,29,57,427.00,"24,339.00"
2019-07-23,2019072301003563,ADBL,7,29,56,427.00,"23,912.00"
2019-07-23,2019072301003562,ADBL,7,29,32,427.00,"13,664.00"
2019-07-23,2019072301003561,ADBL,7,7,200,427.00,"85,400.00"
2019-07-23,2019072301003560,ADBL,7,47,200,427.00,"85,400.00"
2019-07-23,2019072301003559,ADBL,7,29,80,427.00,"34,160.00"
2019-07-23,2019072301003589,ADBL,58,47,"2,000",427.00,"854,000.00"
2019-07-23,2019072301003588,ADBL,58,49,200,427.00,"85,400.00"
2019-07-23,2019072301003587,ADBL,58,29,200,427.00,"85,400.00"
2019-07-23,2019072301003586,ADBL,58,48,50,427.00,"21,350.00"
2019-07-23,2019072301003585,ADBL,58,49,625,427.00,"266,875.00"
2019-07-23,2019072301003565,ADBL,7,49,375,427.00,"160,125.00"
2019-07-23,2019072301003655,ADBL,25,49,541,428.00,"231,548.00"
2019-07-23,2019072301003654,ADBL,58,49,"2,000",428.00,"856,000.00"
2019-07-23,2019072301003639,ADBL,58,49,"1,470",428.00,"629,160.00"
2019-07-23,2019072301003638,ADBL,58,47,50,428.00,"21,400.00"
2019-07-23,2019072301003637,ADBL,58,59,105,428.00,"44,940.00"
2019-07-23,2019072301003636,ADBL,58,17,300,428.00,"128,400.00"
2019-07-23,2019072301003685,ADBL,32,10,285,428.00,"121,980.00"
2019-07-23,2019072301003684,ADBL,32,49,100,428.00,"42,800.00"
2019-07-23,2019072301003661,ADBL,32,42,50,428.00,"21,400.00"
2019-07-23,2019072301003660,ADBL,32,21,504,428.00,"215,712.00"
2019-07-23,2019072301003659,ADBL,32,10,61,428.00,"26,108.00"
2019-07-23,2019072301003656,ADBL,25,10,439,428.00,"187,892.00"
2019-07-23,2019072301003712,ADBL,58,14,35,428.00,"14,980.00"
2019-07-23,2019072301003709,ADBL,58,49,100,428.00,"42,800.00"
2019-07-23,2019072301003704,ADBL,58,22,200,428.00,"85,600.00"
2019-07-23,2019072301003692,ADBL,58,10,165,428.00,"70,620.00"
2019-07-23,2019072301003691,ADBL,50,10,300,428.00,"128,400.00"
2019-07-23,2019072301003686,ADBL,45,10,250,428.00,"107,000.00"
2019-07-23,2019072301003737,ADBL,34,14,536,429.00,"229,944.00"
2019-07-23,2019072301003736,ADBL,34,52,150,429.00,"64,350.00"
2019-07-23,2019072301003731,ADBL,58,49,100,428.00,"42,800.00"
2019-07-23,2019072301003716,ADBL,58,14,200,428.00,"85,600.00"
2019-07-23,2019072301003714,ADBL,47,14,100,428.00,"42,800.00"
2019-07-23,2019072301003713,ADBL,38,14,165,428.00,"70,620.00"
2019-07-23,2019072301003774,ADBL,38,51,255,429.00,"109,395.00"
2019-07-23,2019072301003742,ADBL,34,57,"2,855",429.00,"1,224,795.00"
2019-07-23,2019072301003741,ADBL,34,35,48,429.00,"20,592.00"
2019-07-23,2019072301003740,ADBL,34,25,150,429.00,"64,350.00"
2019-07-23,2019072301003739,ADBL,34,44,120,429.00,"51,480.00"
2019-07-23,2019072301003738,ADBL,34,25,900,429.00,"386,100.00"
2019-07-23,2019072301003796,ADBL,22,42,165,430.00,"70,950.00"
2019-07-23,2019072301003788,ADBL,38,42,386,430.00,"165,980.00"
2019-07-23,2019072301003787,ADBL,38,42,159,430.00,"68,370.00"
2019-07-23,2019072301003786,ADBL,38,45,330,430.00,"141,900.00"
2019-07-23,2019072301003785,ADBL,38,57,100,430.00,"43,000.00"
2019-07-23,2019072301003784,ADBL,38,6,25,429.00,"10,725.00"
2019-07-23,2019072301003802,ADBL,22,34,200,430.00,"86,000.00"
2019-07-23,2019072301003801,ADBL,22,34,530,430.00,"227,900.00"
2019-07-23,2019072301003800,ADBL,22,39,430,430.00,"184,900.00"
2019-07-23,2019072301003799,ADBL,22,1,880,430.00,"378,400.00"
2019-07-23,2019072301003798,ADBL,22,59,18,430.00,"7,740.00"
2019-07-23,2019072301003797,ADBL,22,33,500,430.00,"215,000.00"
2019-07-23,2019072301003810,ADBL,39,25,30,432.00,"12,960.00"
2019-07-23,2019072301003807,ADBL,22,25,605,432.00,"261,360.00"
2019-07-23,2019072301003806,ADBL,22,35,422,432.00,"182,304.00"
2019-07-23,2019072301003805,ADBL,22,7,"1,000",432.00,"432,000.00"
2019-07-23,2019072301003804,ADBL,22,47,50,432.00,"21,600.00"
2019-07-23,2019072301003803,ADBL,22,49,200,430.00,"86,000.00"
2019-07-23,2019072301003920,ADBL,45,45,500,430.00,"215,000.00"
2019-07-23,2019072301003907,ADBL,58,45,350,430.00,"150,500.00"
2019-07-23,2019072301003906,ADBL,58,48,150,430.00,"64,500.00"
2019-07-23,2019072301003858,ADBL,43,45,300,431.00,"129,300.00"
2019-07-23,2019072301003841,ADBL,34,45,380,431.00,"163,780.00"
2019-07-23,2019072301003840,ADBL,34,16,120,431.00,"51,720.00"
2019-07-23,2019072301003658,AHPC,26,35,975,107.00,"104,325.00"
2019-07-23,2019072301003606,AHPC,10,43,192,106.00,"20,352.00"
2019-07-23,2019072301003605,AHPC,48,43,908,106.00,"96,248.00"
2019-07-23,2019072301003973,AKJCL,29,29,10,71.00,710.00
2019-07-23,2019072301003590,AKJCL,59,52,10,72.00,720.00
2019-07-23,2019072301003687,AKPL,25,38,130,175.00,"22,750.00"
2019-07-23,2019072301003644,AKPL,45,34,500,176.00,"88,000.00"
2019-07-23,2019072301003581,AKPL,41,58,"2,000",177.00,"354,000.00"
2019-07-23,2019072301003962,ALBSL,10,40,70,405.00,"28,350.00"
2019-07-23,2019072301003961,ALBSL,10,39,40,405.00,"16,200.00"
2019-07-23,2019072301003960,ALBSL,10,14,10,405.00,"4,050.00"
2019-07-23,2019072301003959,ALBSL,10,42,10,404.00,"4,040.00"
2019-07-23,2019072301003958,ALBSL,10,42,10,404.00,"4,040.00"
2019-07-23,2019072301003957,ALBSL,10,44,10,404.00,"4,040.00"
2019-07-23,2019072301003770,ALBSL,28,34,10,401.00,"4,010.00"
2019-07-23,2019072301003956,ALBSL,10,35,10,404.00,"4,040.00"
2019-07-23,2019072301003955,ALBSL,10,33,40,404.00,"16,160.00"
2019-07-23,2019072301003919,ALBSL,34,34,10,403.00,"4,030.00"
2019-07-23,2019072301003890,ALBSL,57,29,10,403.00,"4,030.00"
2019-07-23,2019072301003790,ALBSL,28,34,10,401.00,"4,010.00"
2019-07-23,2019072301003778,ALBSL,28,34,10,401.00,"4,010.00"
2019-07-23,2019072301003903,ALICL,11,53,238,377.00,"89,726.00"
2019-07-23,2019072301003902,ALICL,37,53,200,377.00,"75,400.00"
2019-07-23,2019072301003901,ALICL,48,53,200,377.00,"75,400.00"
2019-07-23,2019072301003900,ALICL,35,53,50,377.00,"18,850.00"
2019-07-23,2019072301003899,ALICL,34,53,162,377.00,"61,074.00"
2019-07-23,2019072301003898,ALICL,57,53,50,378.00,"18,900.00"
2019-07-23,2019072301003897,ALICL,28,53,100,378.00,"37,800.00"
2019-07-23,2019072301003758,ALICL,16,45,20,379.00,"7,580.00"
2019-07-23,2019072301003757,ALICL,16,21,380,379.00,"144,020.00"
2019-07-23,2019072301003977,API,25,32,100,142.00,"14,200.00"
2019-07-23,2019072301003542,BFC,57,13,500,101.00,"50,500.00"
2019-07-23,2019072301003942,BOKL,16,43,37,268.00,"9,916.00"
2019-07-23,2019072301003941,BOKL,16,43,463,268.00,"124,084.00"
2019-07-23,2019072301003838,BOKL,16,45,37,268.00,"9,916.00"
2019-07-23,2019072301003837,BOKL,16,45,687,268.00,"184,116.00"
2019-07-23,2019072301003836,BOKL,25,45,10,268.00,"2,680.00"
2019-07-23,2019072301003835,BOKL,58,45,100,268.00,"26,800.00"
2019-07-23,2019072301003834,BOKL,5,45,50,268.00,"13,400.00"
2019-07-23,2019072301003833,BOKL,16,45,116,268.00,"31,088.00"
2019-07-23,2019072301003875,BPCL,13,29,11,409.00,"4,499.00"
2019-07-23,2019072301003874,CBBL,38,26,200,998.00,"199,600.00"
2019-07-23,2019072301003861,CBBL,11,36,50,998.00,"49,900.00"
2019-07-23,2019072301003700,CBBL,52,44,50,995.00,"49,750.00"
2019-07-23,2019072301003699,CBBL,52,26,49,994.00,"48,706.00"
2019-07-23,2019072301003599,CBBL,52,44,50,995.00,"49,750.00"
2019-07-23,2019072301003598,CBBL,52,34,100,995.00,"99,500.00"
