Date,Transact. No.,Symbol,Buyer,Seller,Quantity,Rate,Amount
2019-03-13,2019031301006520,AHPC,41,51,90,106.00,"9,540.00"
2019-03-13,2019031301006458,AHPC,43,51,10,106.00,"1,060.00"
2019-03-13,2019031301006352,AHPC,34,53,160,104.00,"16,640.00"
2019-03-13,2019031301006351,AHPC,22,53,200,104.00,"20,800.00"
2019-03-13,2019031301006350,AHPC,29,53,40,105.00,"4,200.00"
2019-03-13,2019031301006391,ALICL,45,57,50,396.00,"19,800.00"
2019-03-13,2019031301006216,API,41,51,10,134.00,"1,340.00"
2019-03-13,2019031301006117,BOKL,50,32,81,250.00,"20,250.00"
2019-03-13,2019031301006116,BOKL,50,35,13,249.00,"3,237.00"
2019-03-13,2019031301006460,BPCL,50,5,500,360.00,"180,000.00"
2019-03-13,2019031301006408,BPCL,50,44,543,360.00,"195,480.00"
2019-03-13,2019031301006407,BPCL,17,44,200,360.00,"72,000.00"
2019-03-13,2019031301006406,BPCL,38,44,157,360.00,"56,520.00"
2019-03-13,2019031301006405,BPCL,39,44,400,361.00,"144,400.00"
2019-03-13,2019031301006393,BPCL,39,41,50,361.00,"18,050.00"
2019-03-13,2019031301006328,BPCL,39,53,550,361.00,"198,550.00"
2019-03-13,2019031301006327,BPCL,35,53,150,361.00,"54,150.00"
2019-03-13,2019031301006567,CBL,46,58,538,156.00,"83,928.00"
2019-03-13,2019031301006566,CBL,1,58,500,156.00,"78,000.00"
2019-03-13,2019031301006565,CBL,58,58,100,156.00,"15,600.00"
2019-03-13,2019031301006564,CBL,35,58,100,156.00,"15,600.00"
2019-03-13,2019031301006563,CBL,48,58,"1,000",156.00,"156,000.00"
2019-03-13,2019031301006522,CBL,44,13,"2,000",156.00,"312,000.00"
2019-03-13,2019031301006079,CBL,28,13,"1,000",157.00,"157,000.00"
2019-03-13,2019031301006463,CBL,38,58,762,157.00,"119,634.00"
2019-03-13,2019031301006453,CBL,38,37,195,157.00,"30,615.00"
2019-03-13,2019031301006261,CBL,38,11,43,157.00,"6,751.00"
2019-03-13,2019031301006217,CBL,56,58,150,158.00,"23,700.00"
2019-03-13,2019031301006081,CBL,26,13,400,157.00,"62,800.00"
2019-03-13,2019031301006080,CBL,59,13,300,157.00,"47,100.00"
2019-03-13,2019031301006561,CFCL,55,54,10,107.00,"1,070.00"
2019-03-13,2019031301006223,CFCL,1,16,389,105.00,"40,845.00"
2019-03-13,2019031301006222,CFCL,26,16,100,105.00,"10,500.00"
2019-03-13,2019031301006221,CFCL,29,16,822,105.00,"86,310.00"
2019-03-13,2019031301006457,CHCL,40,59,180,514.00,"92,520.00"
2019-03-13,2019031301006456,CHCL,26,59,20,514.00,"10,280.00"
2019-03-13,2019031301006132,CHL,41,42,25,106.00,"2,650.00"
2019-03-13,2019031301006070,CHL,13,39,275,107.00,"29,425.00"
2019-03-13,2019031301006541,CHLBS,11,56,10,562.00,"5,620.00"
2019-03-13,2019031301006540,CHLBS,39,56,10,562.00,"5,620.00"
2019-03-13,2019031301006539,CHLBS,22,56,30,563.00,"16,890.00"
2019-03-13,2019031301006452,CHLBS,22,56,10,563.00,"5,630.00"
2019-03-13,2019031301006381,CHLBS,22,38,40,563.00,"22,520.00"
2019-03-13,2019031301006380,CHLBS,19,38,10,564.00,"5,640.00"
2019-03-13,2019031301006206,CHLBS,19,5,10,564.00,"5,640.00"
2019-03-13,2019031301006100,CHLBS,19,17,10,564.00,"5,640.00"
2019-03-13,2019031301006087,CHLBS,45,17,10,564.00,"5,640.00"
2019-03-13,2019031301006075,CHLBS,45,17,10,564.00,"5,640.00"
2019-03-13,2019031301006069,CHLBS,45,17,10,564.00,"5,640.00"
2019-03-13,2019031301006537,CIT,16,46,10,"2,640.00","26,400.00"
2019-03-13,2019031301006091,CIT,39,49,38,"2,620.00","99,560.00"
2019-03-13,2019031301006448,CZBIL,57,14,"1,000",209.00,"209,000.00"
2019-03-13,2019031301006447,CZBIL,41,14,400,209.00,"83,600.00"
2019-03-13,2019031301006446,CZBIL,38,14,50,209.00,"10,450.00"
2019-03-13,2019031301006379,CZBIL,54,14,"1,000",210.00,"210,000.00"
2019-03-13,2019031301006378,CZBIL,26,14,200,210.00,"42,000.00"
2019-03-13,2019031301006377,CZBIL,6,14,10,210.00,"2,100.00"
2019-03-13,2019031301006376,CZBIL,20,14,100,210.00,"21,000.00"
2019-03-13,2019031301006375,CZBIL,40,14,80,210.00,"16,800.00"
2019-03-13,2019031301006374,CZBIL,54,14,980,210.00,"205,800.00"
2019-03-13,2019031301006137,CZBIL,54,56,10,210.00,"2,100.00"
2019-03-13,2019031301006341,DBBL,38,57,500,126.00,"63,000.00"
2019-03-13,2019031301006311,DBBL,52,48,298,125.00,"37,250.00"
2019-03-13,2019031301006310,DBBL,34,48,100,125.00,"12,500.00"
2019-03-13,2019031301006309,DBBL,10,48,"1,611",125.00,"201,375.00"
2019-03-13,2019031301006213,DBBL,10,59,200,125.00,"25,000.00"
2019-03-13,2019031301006197,DBBL,10,51,189,125.00,"23,625.00"
2019-03-13,2019031301006196,DBBL,28,51,311,125.00,"38,875.00"
2019-03-13,2019031301006118,DBBL,28,56,14,125.00,"1,750.00"
2019-03-13,2019031301006436,DDBL,34,41,90,597.00,"53,730.00"
2019-03-13,2019031301006262,DDBL,52,44,39,594.00,"23,166.00"
2019-03-13,2019031301006259,DDBL,19,44,150,595.00,"89,250.00"
2019-03-13,2019031301006258,DDBL,28,44,111,595.00,"66,045.00"
2019-03-13,2019031301006232,DDBL,28,44,389,595.00,"231,455.00"
2019-03-13,2019031301006231,DDBL,16,44,138,595.00,"82,110.00"
2019-03-13,2019031301006551,EBL,28,48,32,536.00,"17,152.00"
2019-03-13,2019031301006550,EBL,32,48,500,537.00,"268,500.00"
2019-03-13,2019031301006549,EBL,40,48,170,537.00,"91,290.00"
2019-03-13,2019031301006548,EBL,11,48,10,538.00,"5,380.00"
2019-03-13,2019031301006547,EBL,28,48,200,538.00,"107,600.00"
2019-03-13,2019031301006325,EBL,11,42,91,538.00,"48,958.00"
2019-03-13,2019031301006324,EBL,4,42,120,538.00,"64,560.00"
2019-03-13,2019031301006323,EBL,26,42,10,538.00,"5,380.00"
2019-03-13,2019031301006094,EIC,39,32,51,844.00,"43,044.00"
2019-03-13,2019031301006093,EIC,39,34,120,844.00,"101,280.00"
2019-03-13,2019031301006092,EIC,39,21,12,840.00,"10,080.00"
2019-03-13,2019031301006276,FMDBL,29,49,200,378.00,"75,600.00"
2019-03-13,2019031301006340,FOWAD,52,6,13,"1,530.00","19,890.00"
2019-03-13,2019031301006225,FOWAD,45,11,80,"1,535.00","122,800.00"
2019-03-13,2019031301006536,GBIME,8,44,15,266.00,"3,990.00"
2019-03-13,2019031301006535,GBIME,29,44,100,266.00,"26,600.00"
2019-03-13,2019031301006534,GBIME,40,44,42,266.00,"11,172.00"
2019-03-13,2019031301006533,GBIME,51,44,100,266.00,"26,600.00"
2019-03-13,2019031301006532,GBIME,28,44,243,267.00,"64,881.00"
2019-03-13,2019031301006468,GBIME,28,44,190,267.00,"50,730.00"
2019-03-13,2019031301006467,GBIME,41,44,60,268.00,"16,080.00"
2019-03-13,2019031301006512,GBLBS,5,42,40,447.00,"17,880.00"
2019-03-13,2019031301006487,GBLBS,1,55,10,446.00,"4,460.00"
2019-03-13,2019031301006469,GBLBS,38,42,10,447.00,"4,470.00"
2019-03-13,2019031301006257,GBLBS,38,28,10,447.00,"4,470.00"
2019-03-13,2019031301006227,GBLBS,38,47,10,447.00,"4,470.00"
2019-03-13,2019031301006071,GBLBS,1,59,10,446.00,"4,460.00"
2019-03-13,2019031301006354,GDBL,42,13,100,184.00,"18,400.00"
2019-03-13,2019031301006142,GDBL,36,32,818,184.00,"150,512.00"
2019-03-13,2019031301006268,GDBL,42,59,170,184.00,"31,280.00"
2019-03-13,2019031301006267,GDBL,36,59,130,184.00,"23,920.00"
2019-03-13,2019031301006395,GLICL,43,50,40,745.00,"29,800.00"
2019-03-13,2019031301006193,GLICL,56,50,60,745.00,"44,700.00"
2019-03-13,2019031301006186,GLICL,34,50,50,745.00,"37,250.00"
2019-03-13,2019031301006148,GLICL,5,52,114,742.00,"84,588.00"
2019-03-13,2019031301006500,HBL,58,34,10,461.00,"4,610.00"
2019-03-13,2019031301006499,HBL,58,50,20,453.00,"9,060.00"
2019-03-13,2019031301006356,HDL,42,4,90,"1,332.00","119,880.00"
2019-03-13,2019031301006355,HDL,45,4,10,"1,332.00","13,320.00"
2019-03-13,2019031301006511,HIDCL,58,58,30,135.00,"4,050.00"
2019-03-13,2019031301006510,HIDCL,58,53,125,135.00,"16,875.00"
2019-03-13,2019031301006509,HIDCL,58,25,150,135.00,"20,250.00"
2019-03-13,2019031301006508,HIDCL,58,49,100,135.00,"13,500.00"
2019-03-13,2019031301006507,HIDCL,58,11,200,135.00,"27,000.00"
2019-03-13,2019031301006506,HIDCL,58,5,500,135.00,"67,500.00"
2019-03-13,2019031301006383,HIDCL,56,1,231,134.00,"30,954.00"
2019-03-13,2019031301006382,HIDCL,48,1,94,134.00,"12,596.00"
2019-03-13,2019031301006083,HIDCL,48,49,100,134.00,"13,400.00"
2019-03-13,2019031301006282,HPPL,41,56,10,194.00,"1,940.00"
2019-03-13,2019031301006281,HPPL,45,56,10,196.00,"1,960.00"
2019-03-13,2019031301006082,HPPL,45,59,20,196.00,"3,920.00"
2019-03-13,2019031301006399,IGI,57,56,100,417.00,"41,700.00"
2019-03-13,2019031301006398,IGI,49,56,100,418.00,"41,800.00"
2019-03-13,2019031301006521,JBBL,34,43,120,139.00,"16,680.00"
2019-03-13,2019031301006360,JBBL,34,34,77,139.00,"10,703.00"
2019-03-13,2019031301006359,JBBL,26,34,266,139.00,"36,974.00"
2019-03-13,2019031301006339,JBBL,26,47,100,139.00,"13,900.00"
2019-03-13,2019031301006099,JBBL,26,56,391,139.00,"54,349.00"
2019-03-13,2019031301006353,JBNL,44,6,228,171.00,"38,988.00"
2019-03-13,2019031301006263,JBNL,44,5,200,171.00,"34,200.00"
2019-03-13,2019031301006105,JBNL,44,59,200,171.00,"34,200.00"
2019-03-13,2019031301006169,KBL,14,25,10,240.00,"2,400.00"
2019-03-13,2019031301006122,KBL,41,25,500,240.00,"120,000.00"
2019-03-13,2019031301006121,KBL,54,25,50,240.00,"12,000.00"
2019-03-13,2019031301006120,KBL,47,25,50,240.00,"12,000.00"
2019-03-13,2019031301006483,KPCL,37,21,10,96.00,960.00
2019-03-13,2019031301006342,KPCL,37,21,10,96.00,960.00
2019-03-13,2019031301006403,KRBL,46,28,200,97.00,"19,400.00"
2019-03-13,2019031301006555,KSBBL,46,32,200,141.00,"28,200.00"
2019-03-13,2019031301006370,KSBBL,46,32,500,141.00,"70,500.00"
2019-03-13,2019031301006369,KSBBL,46,32,300,141.00,"42,300.00"
2019-03-13,2019031301006315,KSBBL,46,32,700,141.00,"98,700.00"
2019-03-13,2019031301006241,KSBBL,29,32,39,140.00,"5,460.00"
2019-03-13,2019031301006240,KSBBL,46,32,500,140.00,"70,000.00"
2019-03-13,2019031301006239,KSBBL,32,32,250,140.00,"35,000.00"
2019-03-13,2019031301006238,KSBBL,14,32,450,140.00,"63,000.00"
2019-03-13,2019031301006404,LBL,34,6,62,195.00,"12,090.00"
2019-03-13,2019031301006199,LBL,32,36,100,196.00,"19,600.00"
2019-03-13,2019031301006198,LBL,22,36,341,196.00,"66,836.00"
2019-03-13,2019031301006102,LBL,22,36,159,196.00,"31,164.00"
2019-03-13,2019031301006493,LGIL,43,51,10,519.00,"5,190.00"
2019-03-13,2019031301006397,LGIL,25,52,100,515.00,"51,500.00"
2019-03-13,2019031301006396,LGIL,58,52,300,515.00,"154,500.00"
2019-03-13,2019031301006275,LGIL,45,11,310,516.00,"159,960.00"
2019-03-13,2019031301006274,LGIL,21,11,183,517.00,"94,611.00"
2019-03-13,2019031301006443,LICN,45,17,500,"1,497.00","748,500.00"
2019-03-13,2019031301006442,LICN,45,5,190,"1,496.00","284,240.00"
2019-03-13,2019031301006441,LICN,45,16,380,"1,495.00","568,100.00"
2019-03-13,2019031301006440,LICN,45,35,20,"1,495.00","29,900.00"
2019-03-13,2019031301006078,LICN,42,22,150,"1,486.00","222,900.00"
2019-03-13,2019031301006077,LICN,1,22,50,"1,487.00","74,350.00"
2019-03-13,2019031301006531,LLBS,50,28,10,759.00,"7,590.00"
2019-03-13,2019031301006495,LVF1,28,48,100,9.52,952.00
2019-03-13,2019031301006542,MBL,57,34,100,219.00,"21,900.00"
2019-03-13,2019031301006371,MBL,32,59,200,218.00,"43,600.00"
2019-03-13,2019031301006318,MBL,28,46,267,218.00,"58,206.00"
2019-03-13,2019031301006254,MBL,34,46,500,218.00,"109,000.00"
2019-03-13,2019031301006253,MBL,4,46,500,218.00,"109,000.00"
2019-03-13,2019031301006252,MBL,56,46,100,218.00,"21,800.00"
2019-03-13,2019031301006245,MBL,32,46,100,219.00,"21,900.00"
2019-03-13,2019031301006236,MBL,32,34,400,219.00,"87,600.00"
2019-03-13,2019031301006235,MBL,26,34,600,219.00,"131,400.00"
2019-03-13,2019031301006234,MBL,34,50,100,220.00,"22,000.00"
2019-03-13,2019031301006251,MBL,34,46,"1,000",218.00,"218,000.00"
2019-03-13,2019031301006250,MBL,25,46,200,218.00,"43,600.00"
2019-03-13,2019031301006249,MBL,28,46,"1,000",218.00,"218,000.00"
2019-03-13,2019031301006248,MBL,32,46,"1,000",218.00,"218,000.00"
2019-03-13,2019031301006247,MBL,34,46,443,218.00,"96,574.00"
2019-03-13,2019031301006246,MBL,40,46,"1,000",219.00,"219,000.00"
2019-03-13,2019031301006484,MEGA,41,52,350,167.00,"58,450.00"
2019-03-13,2019031301006320,MEGA,57,48,"1,000",166.00,"166,000.00"
2019-03-13,2019031301006140,MEGA,48,59,204,165.00,"33,660.00"
2019-03-13,2019031301006131,MEGA,48,51,26,165.00,"4,290.00"
2019-03-13,2019031301006130,MEGA,25,51,27,165.00,"4,455.00"
2019-03-13,2019031301006129,MEGA,22,51,47,166.00,"7,802.00"
2019-03-13,2019031301006119,MEGA,22,38,453,166.00,"75,198.00"
2019-03-13,2019031301006417,MLBBL,46,6,200,592.00,"118,400.00"
2019-03-13,2019031301006230,MMFDB,48,58,20,942.00,"18,840.00"
2019-03-13,2019031301006229,MMFDB,34,58,20,942.00,"18,840.00"
2019-03-13,2019031301006228,MMFDB,54,58,20,943.00,"18,860.00"
2019-03-13,2019031301006313,MNBBL,42,28,654,345.00,"225,630.00"
2019-03-13,2019031301006312,MNBBL,45,28,346,345.00,"119,370.00"
2019-03-13,2019031301006210,MNBBL,22,7,150,347.00,"52,050.00"
2019-03-13,2019031301006144,MNBBL,45,28,154,345.00,"53,130.00"
2019-03-13,2019031301006135,MNBBL,32,7,400,344.00,"137,600.00"
2019-03-13,2019031301006126,MNBBL,40,28,10,345.00,"3,450.00"
2019-03-13,2019031301006125,MNBBL,58,28,300,345.00,"103,500.00"
2019-03-13,2019031301006124,MNBBL,11,28,200,345.00,"69,000.00"
2019-03-13,2019031301006123,MNBBL,29,28,336,345.00,"115,920.00"
2019-03-13,2019031301006544,MSLB,8,19,15,"1,342.00","20,130.00"
2019-03-13,2019031301006454,NABIL,29,57,36,715.00,"25,740.00"
2019-03-13,2019031301006296,NABIL,19,57,10,715.00,"7,150.00"
2019-03-13,2019031301006295,NABIL,42,57,49,715.00,"35,035.00"
2019-03-13,2019031301006244,NABIL,4,36,30,717.00,"21,510.00"
2019-03-13,2019031301006181,NABIL,4,22,70,717.00,"50,190.00"
2019-03-13,2019031301006147,NABIL,42,22,51,715.00,"36,465.00"
2019-03-13,2019031301006146,NABIL,17,22,349,715.00,"249,535.00"
2019-03-13,2019031301006127,NABILP,14,37,32,676.00,"21,632.00"
2019-03-13,2019031301006114,NABILP,22,37,300,680.00,"204,000.00"
2019-03-13,2019031301006113,NABILP,50,37,100,680.00,"68,000.00"
2019-03-13,2019031301006112,NABILP,28,37,500,680.00,"340,000.00"
2019-03-13,2019031301006111,NABILP,40,37,568,681.00,"386,808.00"
2019-03-13,2019031301006314,NABILP,21,49,10,676.00,"6,760.00"
2019-03-13,2019031301006280,NABILP,59,36,"1,000",674.00,"674,000.00"
2019-03-13,2019031301006255,NABILP,14,49,68,676.00,"45,968.00"
2019-03-13,2019031301006496,NBB,19,55,100,194.00,"19,400.00"
2019-03-13,2019031301006400,NBB,38,55,323,194.00,"62,662.00"
2019-03-13,2019031301006384,NBB,38,58,200,194.00,"38,800.00"
2019-03-13,2019031301006183,NBB,28,44,"1,000",195.00,"195,000.00"
2019-03-13,2019031301006086,NBB,34,35,377,194.00,"73,138.00"
2019-03-13,2019031301006085,NBB,57,35,10,194.00,"1,940.00"
2019-03-13,2019031301006084,NBB,34,35,80,194.00,"15,520.00"
2019-03-13,2019031301006348,NBB,16,51,23,194.00,"4,462.00"
2019-03-13,2019031301006301,NBB,16,44,"1,977",194.00,"383,538.00"
2019-03-13,2019031301006300,NBB,16,44,"2,000",194.00,"388,000.00"
2019-03-13,2019031301006299,NBB,59,44,500,194.00,"97,000.00"
2019-03-13,2019031301006298,NBB,40,44,400,194.00,"77,600.00"
2019-03-13,2019031301006297,NBB,34,44,123,194.00,"23,862.00"
2019-03-13,2019031301006372,NBB,38,49,300,194.00,"58,200.00"
2019-03-13,2019031301006367,NBB,38,25,177,194.00,"34,338.00"
2019-03-13,2019031301006366,NBB,16,25,323,194.00,"62,662.00"
2019-03-13,2019031301006349,NBB,16,51,77,194.00,"14,938.00"
2019-03-13,2019031301006560,NBL,50,44,100,290.00,"29,000.00"
2019-03-13,2019031301006559,NBL,29,44,200,290.00,"58,000.00"
2019-03-13,2019031301006558,NBL,14,44,100,290.00,"29,000.00"
2019-03-13,2019031301006557,NBL,13,44,100,290.00,"29,000.00"
2019-03-13,2019031301006545,NCCB,56,58,500,212.00,"106,000.00"
2019-03-13,2019031301006530,NCCB,32,7,800,212.00,"169,600.00"
2019-03-13,2019031301006529,NCCB,32,58,"1,000",212.00,"212,000.00"
2019-03-13,2019031301006528,NCCB,32,58,200,212.00,"42,400.00"
2019-03-13,2019031301006472,NCCB,50,58,300,212.00,"63,600.00"
2019-03-13,2019031301006470,NCCB,32,59,500,211.00,"105,500.00"
2019-03-13,2019031301006156,NCCB,38,43,"1,000",212.00,"212,000.00"
2019-03-13,2019031301006155,NCCB,49,43,"4,417",212.00,"936,404.00"
2019-03-13,2019031301006162,NCCB,53,43,50,212.00,"10,600.00"
2019-03-13,2019031301006161,NCCB,49,43,100,212.00,"21,200.00"
2019-03-13,2019031301006160,NCCB,16,43,500,212.00,"106,000.00"
2019-03-13,2019031301006159,NCCB,49,43,"1,000",212.00,"212,000.00"
2019-03-13,2019031301006158,NCCB,52,43,100,212.00,"21,200.00"
2019-03-13,2019031301006157,NCCB,45,43,200,212.00,"42,400.00"
2019-03-13,2019031301006361,NCCB,6,58,100,212.00,"21,200.00"
2019-03-13,2019031301006343,NCCB,50,58,200,212.00,"42,400.00"
2019-03-13,2019031301006305,NCCB,56,58,200,212.00,"42,400.00"
2019-03-13,2019031301006304,NCCB,56,45,300,212.00,"63,600.00"
2019-03-13,2019031301006215,NCCB,7,58,500,213.00,"106,500.00"
2019-03-13,2019031301006163,NCCB,52,43,300,212.00,"63,600.00"
2019-03-13,2019031301006171,NGPL,1,47,11,125.00,"1,375.00"
2019-03-13,2019031301006145,NGPL,1,59,11,124.00,"1,364.00"
2019-03-13,2019031301006319,NHPC,21,58,940,70.00,"65,800.00"
2019-03-13,2019031301006214,NHPC,52,13,10,70.00,700.00
2019-03-13,2019031301006389,NIB,40,6,19,537.00,"10,203.00"
2019-03-13,2019031301006179,NIB,22,25,150,538.00,"80,700.00"
2019-03-13,2019031301006139,NIB,22,21,50,538.00,"26,900.00"
2019-03-13,2019031301006089,NIB,40,51,30,537.00,"16,110.00"
2019-03-13,2019031301006088,NIB,3,51,100,537.00,"53,700.00"
2019-03-13,2019031301006338,NIBLPF,11,8,"2,000",7.56,"15,120.00"
2019-03-13,2019031301006552,NIBPO,42,8,500,483.00,"241,500.00"
2019-03-13,2019031301006461,NIBPO,11,40,100,482.00,"48,200.00"
2019-03-13,2019031301006306,NIBPO,1,40,100,482.00,"48,200.00"
2019-03-13,2019031301006136,NIBPO,13,11,300,482.00,"144,600.00"
2019-03-13,2019031301006513,NICA,32,49,36,399.00,"14,364.00"
2019-03-13,2019031301006283,NICA,50,14,46,398.00,"18,308.00"
2019-03-13,2019031301006072,NICA,50,25,50,398.00,"19,900.00"
2019-03-13,2019031301006568,NICL,43,51,10,384.00,"3,840.00"
2019-03-13,2019031301006505,NICL,44,49,300,383.00,"114,900.00"
2019-03-13,2019031301006471,NICL,43,51,10,384.00,"3,840.00"
2019-03-13,2019031301006333,NICL,44,1,650,383.00,"248,950.00"
2019-03-13,2019031301006226,NICL,44,57,"1,000",383.00,"383,000.00"
2019-03-13,2019031301006182,NICL,44,56,400,382.00,"152,800.00"
2019-03-13,2019031301006272,NIL,29,42,10,525.00,"5,250.00"
2019-03-13,2019031301006260,NIL,45,7,70,528.00,"36,960.00"
2019-03-13,2019031301006412,NLG,25,57,10,831.00,"8,310.00"
2019-03-13,2019031301006322,NLG,45,47,44,816.00,"35,904.00"
2019-03-13,2019031301006556,NLIC,1,52,100,"1,108.00","110,800.00"
2019-03-13,2019031301006439,NLIC,57,42,49,"1,101.00","53,949.00"
2019-03-13,2019031301006438,NLIC,34,42,50,"1,101.00","55,050.00"
2019-03-13,2019031301006321,NLIC,57,47,51,"1,100.00","56,100.00"
2019-03-13,2019031301006271,NLIC,19,28,10,"1,101.00","11,010.00"
2019-03-13,2019031301006270,NLIC,50,56,16,"1,101.00","17,616.00"
2019-03-13,2019031301006211,NLIC,50,28,17,"1,101.00","18,717.00"
2019-03-13,2019031301006430,NLICL,35,34,10,664.00,"6,640.00"
2019-03-13,2019031301006414,NLICL,57,29,100,661.00,"66,100.00"
2019-03-13,2019031301006394,NLICL,57,25,10,661.00,"6,610.00"
2019-03-13,2019031301006180,NLICL,57,7,10,660.00,"6,600.00"
2019-03-13,2019031301006151,NLICL,57,41,90,660.00,"59,400.00"
2019-03-13,2019031301006106,NLICL,44,41,860,660.00,"567,600.00"
2019-03-13,2019031301006097,NLICL,44,36,140,660.00,"92,400.00"
2019-03-13,2019031301006096,NLICL,14,36,10,660.00,"6,600.00"
2019-03-13,2019031301006494,NMB,52,59,40,321.00,"12,840.00"
2019-03-13,2019031301006402,NMB,40,59,150,321.00,"48,150.00"
2019-03-13,2019031301006279,NMB,40,50,350,321.00,"112,350.00"
2019-03-13,2019031301006278,NMB,42,50,"1,650",321.00,"529,650.00"
2019-03-13,2019031301006185,NMBMF,55,55,3,"1,055.00","3,165.00"
2019-03-13,2019031301006486,NMFBS,5,53,37,"1,660.00","61,420.00"
2019-03-13,2019031301006445,NMFBS,33,7,10,"1,690.00","16,900.00"
2019-03-13,2019031301006347,NMFBS,5,47,13,"1,660.00","21,580.00"
2019-03-13,2019031301006346,NMFBS,33,47,10,"1,661.00","16,610.00"
2019-03-13,2019031301006543,NTC,43,35,10,680.00,"6,800.00"
2019-03-13,2019031301006485,NTC,7,29,715,677.00,"484,055.00"
2019-03-13,2019031301006373,NTC,59,35,20,680.00,"13,600.00"
2019-03-13,2019031301006358,NTC,7,41,40,677.00,"27,080.00"
2019-03-13,2019031301006357,NTC,1,41,100,677.00,"67,700.00"
2019-03-13,2019031301006076,NUBL,39,47,90,736.00,"66,240.00"
2019-03-13,2019031301006237,OHL,42,58,10,439.00,"4,390.00"
2019-03-13,2019031301006527,PCBL,33,50,"4,898",320.00,"1,567,360.00"
2019-03-13,2019031301006498,PCBL,11,44,300,319.00,"95,700.00"
2019-03-13,2019031301006411,PCBL,33,50,102,320.00,"32,640.00"
2019-03-13,2019031301006170,PCBL,33,59,98,320.00,"31,360.00"
2019-03-13,2019031301006429,PFL,41,47,26,130.00,"3,380.00"
2019-03-13,2019031301006515,PIC,6,37,30,"1,030.00","30,900.00"
2019-03-13,2019031301006514,PIC,6,13,11,"1,030.00","11,330.00"
2019-03-13,2019031301006497,PIC,21,55,10,"1,021.00","10,210.00"
2019-03-13,2019031301006444,PIC,49,37,10,"1,030.00","10,300.00"
2019-03-13,2019031301006554,PLIC,42,45,60,450.00,"27,000.00"
2019-03-13,2019031301006553,PLIC,50,45,50,450.00,"22,500.00"
2019-03-13,2019031301006426,PLIC,50,43,50,450.00,"22,500.00"
2019-03-13,2019031301006425,PLIC,34,43,250,450.00,"112,500.00"
2019-03-13,2019031301006191,PMHPL,10,1,10,111.00,"1,110.00"
2019-03-13,2019031301006336,PRIN,32,58,300,415.00,"124,500.00"
2019-03-13,2019031301006335,PRIN,21,58,300,415.00,"124,500.00"
2019-03-13,2019031301006316,PRIN,52,34,50,420.00,"21,000.00"
2019-03-13,2019031301006207,PRIN,21,21,100,415.00,"41,500.00"
2019-03-13,2019031301006090,PRIN,21,36,100,415.00,"41,500.00"
2019-03-13,2019031301006546,PRVU,10,34,500,233.00,"116,500.00"
2019-03-13,2019031301006489,PRVU,1,34,50,233.00,"11,650.00"
2019-03-13,2019031301006462,PRVU,46,5,100,232.00,"23,200.00"
2019-03-13,2019031301006416,PRVU,50,34,48,233.00,"11,184.00"
2019-03-13,2019031301006141,PRVU,33,50,200,234.00,"46,800.00"
2019-03-13,2019031301006115,PRVU,33,51,100,234.00,"23,400.00"
2019-03-13,2019031301006098,PRVU,47,46,100,235.00,"23,500.00"
2019-03-13,2019031301006176,PRVU,17,34,200,233.00,"46,600.00"
2019-03-13,2019031301006175,PRVU,54,34,50,233.00,"11,650.00"
2019-03-13,2019031301006174,PRVU,28,34,"1,000",233.00,"233,000.00"
2019-03-13,2019031301006173,PRVU,57,34,"1,000",233.00,"233,000.00"
2019-03-13,2019031301006172,PRVU,33,34,240,233.00,"55,920.00"
2019-03-13,2019031301006190,PRVU,29,46,210,233.00,"48,930.00"
2019-03-13,2019031301006189,PRVU,47,46,200,233.00,"46,600.00"
2019-03-13,2019031301006188,PRVU,28,46,"1,000",233.00,"233,000.00"
2019-03-13,2019031301006187,PRVU,58,46,90,233.00,"20,970.00"
2019-03-13,2019031301006178,PRVU,58,34,10,233.00,"2,330.00"
2019-03-13,2019031301006177,PRVU,57,34,500,233.00,"116,500.00"
2019-03-13,2019031301006256,PRVU,46,38,500,232.00,"116,000.00"
2019-03-13,2019031301006208,PRVU,42,34,19,233.00,"4,427.00"
2019-03-13,2019031301006195,PRVU,29,34,90,233.00,"20,970.00"
2019-03-13,2019031301006401,RADHI,26,34,11,169.00,"1,859.00"
2019-03-13,2019031301006363,RADHI,26,34,11,169.00,"1,859.00"
2019-03-13,2019031301006334,RADHI,26,34,11,169.00,"1,859.00"
2019-03-13,2019031301006317,RADHI,26,34,11,169.00,"1,859.00"
2019-03-13,2019031301006482,RBCLPO,11,28,160,"8,526.00","1,364,160.00"
2019-03-13,2019031301006481,RBCLPO,20,28,10,"8,526.00","85,260.00"
2019-03-13,2019031301006480,RBCLPO,42,28,10,"8,530.00","85,300.00"
2019-03-13,2019031301006451,RBCLPO,42,28,10,"8,600.00","86,000.00"
2019-03-13,2019031301006479,RBCLPO,37,28,10,"8,530.00","85,300.00"
2019-03-13,2019031301006478,RBCLPO,59,28,20,"8,535.00","170,700.00"
2019-03-13,2019031301006477,RBCLPO,25,28,10,"8,551.00","85,510.00"
2019-03-13,2019031301006476,RBCLPO,59,28,10,"8,551.00","85,510.00"
2019-03-13,2019031301006475,RBCLPO,44,28,50,"8,560.00","428,000.00"
2019-03-13,2019031301006474,RBCLPO,33,28,20,"8,565.00","171,300.00"
2019-03-13,2019031301006329,RMDC,16,16,834,540.00,"450,360.00"
2019-03-13,2019031301006302,RMDC,16,6,149,539.00,"80,311.00"
2019-03-13,2019031301006220,RMDC,14,34,51,540.00,"27,540.00"
2019-03-13,2019031301006219,RRHP,14,19,100,94.00,"9,400.00"
2019-03-13,2019031301006218,RRHP,45,19,100,94.00,"9,400.00"
2019-03-13,2019031301006184,SADBL,36,58,10,141.00,"1,410.00"
2019-03-13,2019031301006392,SAEF,42,57,"2,500",9.19,"22,975.00"
2019-03-13,2019031301006410,SANIMA,19,34,276,307.00,"84,732.00"
2019-03-13,2019031301006409,SANIMA,19,38,200,306.00,"61,200.00"
2019-03-13,2019031301006390,SANIMA,45,56,500,305.00,"152,500.00"
2019-03-13,2019031301006277,SANIMA,45,56,610,305.00,"186,050.00"
2019-03-13,2019031301006150,SANIMA,45,21,100,306.00,"30,600.00"
2019-03-13,2019031301006134,SANIMA,45,51,900,306.00,"275,400.00"
2019-03-13,2019031301006455,SBI,32,16,200,397.00,"79,400.00"
2019-03-13,2019031301006368,SBI,22,6,138,394.00,"54,372.00"
2019-03-13,2019031301006326,SBI,22,51,100,394.00,"39,400.00"
2019-03-13,2019031301006285,SBI,22,22,100,394.00,"39,400.00"
2019-03-13,2019031301006284,SBI,47,22,100,394.00,"39,400.00"
2019-03-13,2019031301006337,SBL,40,50,51,293.00,"14,943.00"
2019-03-13,2019031301006168,SBL,40,36,133,293.00,"38,969.00"
2019-03-13,2019031301006167,SBL,52,36,200,293.00,"58,600.00"
2019-03-13,2019031301006166,SBL,11,36,150,293.00,"43,950.00"
2019-03-13,2019031301006165,SBL,44,36,517,293.00,"151,481.00"
2019-03-13,2019031301006154,SBL,44,46,"1,483",293.00,"434,519.00"
2019-03-13,2019031301006153,SBL,28,46,17,294.00,"4,998.00"
2019-03-13,2019031301006562,SCB,41,38,150,565.00,"84,750.00"
2019-03-13,2019031301006488,SCB,58,11,10,568.00,"5,680.00"
2019-03-13,2019031301006466,SCB,41,21,20,565.00,"11,300.00"
2019-03-13,2019031301006465,SCB,41,21,160,565.00,"90,400.00"
2019-03-13,2019031301006464,SCB,41,42,50,564.00,"28,200.00"
2019-03-13,2019031301006459,SCB,40,42,300,563.00,"168,900.00"
2019-03-13,2019031301006449,SCB,40,13,200,563.00,"112,600.00"
2019-03-13,2019031301006388,SCB,40,43,232,563.00,"130,616.00"
2019-03-13,2019031301006387,SCB,41,43,300,563.00,"168,900.00"
2019-03-13,2019031301006386,SCB,35,43,20,563.00,"11,260.00"
2019-03-13,2019031301006385,SCB,16,43,48,564.00,"27,072.00"
2019-03-13,2019031301006194,SCB,16,47,128,564.00,"72,192.00"
2019-03-13,2019031301006413,SDESI,35,47,11,585.00,"6,435.00"
2019-03-13,2019031301006203,SDESI,35,22,24,585.00,"14,040.00"
2019-03-13,2019031301006202,SDESI,14,22,20,586.00,"11,720.00"
2019-03-13,2019031301006201,SDESI,33,22,20,586.00,"11,720.00"
2019-03-13,2019031301006200,SDESI,45,22,36,587.00,"21,132.00"
2019-03-13,2019031301006526,SHL,49,1,200,202.00,"40,400.00"
2019-03-13,2019031301006525,SHL,43,1,200,203.00,"40,600.00"
2019-03-13,2019031301006524,SHL,52,1,100,203.00,"20,300.00"
2019-03-13,2019031301006523,SHL,50,1,100,204.00,"20,400.00"
2019-03-13,2019031301006204,SHPC,45,51,229,231.00,"52,899.00"
2019-03-13,2019031301006149,SHPC,25,19,500,230.00,"115,000.00"
2019-03-13,2019031301006287,SHPC,50,56,252,230.00,"57,960.00"
2019-03-13,2019031301006286,SHPC,25,56,148,230.00,"34,040.00"
2019-03-13,2019031301006209,SHPC,50,43,729,231.00,"168,399.00"
2019-03-13,2019031301006205,SHPC,45,43,271,231.00,"62,601.00"
2019-03-13,2019031301006192,SIC,42,43,10,"1,310.00","13,100.00"
2019-03-13,2019031301006152,SIC,45,43,100,"1,299.00","129,900.00"
2019-03-13,2019031301006473,SICL,42,58,500,887.00,"443,500.00"
2019-03-13,2019031301006435,SICL,40,58,374,884.00,"330,616.00"
2019-03-13,2019031301006434,SICL,35,58,50,885.00,"44,250.00"
2019-03-13,2019031301006433,SICL,34,58,"1,000",885.00,"885,000.00"
2019-03-13,2019031301006432,SICL,40,58,800,886.00,"708,800.00"
2019-03-13,2019031301006431,SICL,17,58,276,886.00,"244,536.00"
2019-03-13,2019031301006420,SICL,17,1,224,886.00,"198,464.00"
2019-03-13,2019031301006419,SICL,14,1,50,887.00,"44,350.00"
2019-03-13,2019031301006418,SICL,18,1,81,887.00,"71,847.00"
2019-03-13,2019031301006074,SICL,18,36,119,887.00,"105,553.00"
2019-03-13,2019031301006073,SICL,33,36,81,890.00,"72,090.00"
2019-03-13,2019031301006519,SKBBL,14,38,10,875.00,"8,750.00"
2019-03-13,2019031301006518,SKBBL,14,4,25,870.00,"21,750.00"
2019-03-13,2019031301006362,SKBBL,19,59,50,863.00,"43,150.00"
2019-03-13,2019031301006101,SLBBL,26,58,20,508.00,"10,160.00"
2019-03-13,2019031301006266,SLBBL,25,58,10,498.00,"4,980.00"
2019-03-13,2019031301006265,SLBBL,34,58,50,499.00,"24,950.00"
2019-03-13,2019031301006264,SLBBL,42,58,20,500.00,"10,000.00"
2019-03-13,2019031301006504,SLICL,22,19,10,535.00,"5,350.00"
2019-03-13,2019031301006503,SLICL,52,19,50,535.00,"26,750.00"
2019-03-13,2019031301006502,SLICL,32,19,100,535.00,"53,500.00"
2019-03-13,2019031301006501,SLICL,1,19,40,535.00,"21,400.00"
2019-03-13,2019031301006332,SLICL,1,43,160,535.00,"85,600.00"
2019-03-13,2019031301006331,SLICL,40,43,440,536.00,"235,840.00"
2019-03-13,2019031301006330,SLICL,57,43,200,537.00,"107,400.00"
2019-03-13,2019031301006242,SMATA,55,55,6,"1,288.00","7,728.00"
2019-03-13,2019031301006138,SMB,29,26,10,662.00,"6,620.00"
2019-03-13,2019031301006303,SMB,29,14,10,675.00,"6,750.00"
2019-03-13,2019031301006437,SPDL,29,51,276,101.00,"27,876.00"
2019-03-13,2019031301006428,SRBL,57,52,464,220.00,"102,080.00"
2019-03-13,2019031301006427,SRBL,20,52,36,220.00,"7,920.00"
2019-03-13,2019031301006224,SRBL,20,49,50,220.00,"11,000.00"
2019-03-13,2019031301006345,UFL,49,39,20,162.00,"3,240.00"
2019-03-13,2019031301006344,UFL,28,39,131,162.00,"21,222.00"
2019-03-13,2019031301006492,UMHL,33,53,100,114.00,"11,400.00"
2019-03-13,2019031301006491,UMHL,42,53,200,114.00,"22,800.00"
2019-03-13,2019031301006490,UMHL,46,53,125,114.00,"14,250.00"
2019-03-13,2019031301006110,UMHL,34,55,190,115.00,"21,850.00"
2019-03-13,2019031301006109,UMHL,55,55,400,115.00,"46,000.00"
2019-03-13,2019031301006108,UMHL,43,55,500,115.00,"57,500.00"
2019-03-13,2019031301006107,UMHL,39,55,186,116.00,"21,576.00"
2019-03-13,2019031301006450,UMHL,34,53,10,115.00,"1,150.00"
2019-03-13,2019031301006538,UPPER,50,55,40,240.00,"9,600.00"
2019-03-13,2019031301006517,UPPER,50,55,10,240.00,"2,400.00"
2019-03-13,2019031301006516,UPPER,48,55,30,240.00,"7,200.00"
2019-03-13,2019031301006424,UPPER,36,39,26,239.00,"6,214.00"
2019-03-13,2019031301006423,UPPER,14,39,100,239.00,"23,900.00"
2019-03-13,2019031301006103,UPPER,45,5,50,239.00,"11,950.00"
2019-03-13,2019031301006095,UPPER,45,56,40,239.00,"9,560.00"
2019-03-13,2019031301006212,UPPER,45,53,50,239.00,"11,950.00"
2019-03-13,2019031301006164,UPPER,45,1,40,239.00,"9,560.00"
2019-03-13,2019031301006143,UPPER,45,1,40,239.00,"9,560.00"
2019-03-13,2019031301006133,UPPER,45,45,40,239.00,"9,560.00"
2019-03-13,2019031301006128,UPPER,45,5,50,239.00,"11,950.00"
2019-03-13,2019031301006104,UPPER,45,42,100,239.00,"23,900.00"
2019-03-13,2019031301006269,UPPER,45,38,500,239.00,"119,500.00"
2019-03-13,2019031301006243,UPPER,45,53,40,239.00,"9,560.00"
2019-03-13,2019031301006233,UPPER,45,28,50,239.00,"11,950.00"
2019-03-13,2019031301006292,UPPER,42,8,40,240.00,"9,600.00"
2019-03-13,2019031301006291,UPPER,42,49,"1,000",240.00,"240,000.00"
2019-03-13,2019031301006290,UPPER,42,42,50,240.00,"12,000.00"
2019-03-13,2019031301006289,UPPER,42,42,40,240.00,"9,600.00"
2019-03-13,2019031301006288,UPPER,42,42,36,240.00,"8,640.00"
2019-03-13,2019031301006273,UPPER,45,22,500,239.00,"119,500.00"
2019-03-13,2019031301006364,UPPER,59,34,50,240.00,"12,000.00"
2019-03-13,2019031301006308,UPPER,50,56,26,239.00,"6,214.00"
2019-03-13,2019031301006307,UPPER,45,56,14,239.00,"3,346.00"
2019-03-13,2019031301006294,UPPER,42,1,300,240.00,"72,000.00"
2019-03-13,2019031301006293,UPPER,42,4,40,240.00,"9,600.00"
2019-03-13,2019031301006422,UPPER,5,39,100,239.00,"23,900.00"
2019-03-13,2019031301006421,UPPER,50,39,274,239.00,"65,486.00"
2019-03-13,2019031301006415,UPPER,50,58,350,239.00,"83,650.00"
2019-03-13,2019031301006365,UPPER,50,34,350,239.00,"83,650.00"
2019-03-13,2019031301006000,ADBL,41,1,100,301.00,"30,100.00"
2019-03-13,2019031301005915,AKJCL,58,19,10,82.00,820.00
2019-03-13,2019031301005884,AKJCL,58,43,10,82.00,820.00
2019-03-13,2019031301005711,AKJCL,58,55,20,82.00,"1,640.00"
2019-03-13,2019031301005703,AKJCL,58,55,20,82.00,"1,640.00"
2019-03-13,2019031301005696,AKJCL,25,16,10,82.00,820.00
2019-03-13,2019031301005695,AKJCL,25,55,10,82.00,820.00
2019-03-13,2019031301005644,AKJCL,25,16,10,82.00,820.00
2019-03-13,2019031301005899,AKPL,28,43,20,178.00,"3,560.00"
2019-03-13,2019031301005836,AKPL,28,56,13,178.00,"2,314.00"
2019-03-13,2019031301005809,AKPL,22,56,13,181.00,"2,353.00"
2019-03-13,2019031301005767,AKPL,40,56,13,178.00,"2,314.00"
2019-03-13,2019031301005947,ALICL,36,28,20,399.00,"7,980.00"
2019-03-13,2019031301005863,ALICL,45,57,200,396.00,"79,200.00"
2019-03-13,2019031301005814,ALICL,45,49,300,396.00,"118,800.00"
2019-03-13,2019031301005722,AMFI,21,58,20,631.00,"12,620.00"
2019-03-13,2019031301005701,AMFI,35,58,10,635.00,"6,350.00"
2019-03-13,2019031301005817,API,14,28,50,136.00,"6,800.00"
2019-03-13,2019031301005791,API,14,40,500,136.00,"68,000.00"
2019-03-13,2019031301005910,BHBL,38,43,24,140.00,"3,360.00"
2019-03-13,2019031301005876,BOKL,49,38,42,248.00,"10,416.00"
2019-03-13,2019031301005875,BOKL,28,38,24,249.00,"5,976.00"
2019-03-13,2019031301005854,BOKL,22,35,200,250.00,"50,000.00"
2019-03-13,2019031301005853,BOKL,1,35,100,250.00,"25,000.00"
2019-03-13,2019031301005852,BOKL,41,35,100,250.00,"25,000.00"
2019-03-13,2019031301005737,BOKL,41,14,50,250.00,"12,500.00"
2019-03-13,2019031301005574,BOKL,11,8,126,250.00,"31,500.00"
2019-03-13,2019031301005736,BOKL,39,14,300,250.00,"75,000.00"
2019-03-13,2019031301005735,BOKL,42,14,100,250.00,"25,000.00"
2019-03-13,2019031301005734,BOKL,41,14,50,250.00,"12,500.00"
2019-03-13,2019031301005694,BOKL,41,16,50,250.00,"12,500.00"
2019-03-13,2019031301005693,BOKL,38,16,900,250.00,"225,000.00"
2019-03-13,2019031301005575,BOKL,38,8,100,250.00,"25,000.00"
2019-03-13,2019031301005917,BPCL,35,43,10,361.00,"3,610.00"
2019-03-13,2019031301005825,BPCL,35,7,20,361.00,"7,220.00"
2019-03-13,2019031301005655,BPCL,35,45,20,361.00,"7,220.00"
2019-03-13,2019031301005647,BPCL,46,45,130,361.00,"46,930.00"
2019-03-13,2019031301005646,BPCL,16,45,50,362.00,"18,100.00"
2019-03-13,2019031301006022,CBBL,45,49,99,890.00,"88,110.00"
2019-03-13,2019031301006021,CBBL,45,49,200,891.00,"178,200.00"
2019-03-13,2019031301006020,CBBL,34,49,201,892.00,"179,292.00"
2019-03-13,2019031301005962,CBBL,34,49,119,892.00,"106,148.00"
2019-03-13,2019031301005795,CBBL,40,1,20,894.00,"17,880.00"
2019-03-13,2019031301005798,CBBL,34,1,180,892.00,"160,560.00"
2019-03-13,2019031301005797,CBBL,29,1,200,893.00,"178,600.00"
2019-03-13,2019031301005796,CBBL,13,1,100,893.00,"89,300.00"
2019-03-13,2019031301006009,CBL,19,6,"1,000",157.00,"157,000.00"
2019-03-13,2019031301006008,CBL,34,6,200,157.00,"31,400.00"
2019-03-13,2019031301006007,CBL,1,6,100,157.00,"15,700.00"
2019-03-13,2019031301006006,CBL,1,6,200,157.00,"31,400.00"
2019-03-13,2019031301005973,CBL,1,58,300,157.00,"47,100.00"
2019-03-13,2019031301005780,CBL,17,58,200,158.00,"31,600.00"
2019-03-13,2019031301005692,CBL,7,37,305,158.00,"48,190.00"
2019-03-13,2019031301005577,CBL,7,58,195,158.00,"30,810.00"
2019-03-13,2019031301005576,CBL,44,58,"2,805",158.00,"443,190.00"
2019-03-13,2019031301005831,CEFL,4,28,500,95.00,"47,500.00"
2019-03-13,2019031301005929,CFCL,29,43,124,105.00,"13,020.00"
2019-03-13,2019031301005740,CFCL,29,56,54,105.00,"5,670.00"
2019-03-13,2019031301005649,CFCL,55,38,150,106.00,"15,900.00"
2019-03-13,2019031301005648,CFCL,58,38,25,106.00,"2,650.00"
2019-03-13,2019031301005998,CHCL,41,41,1,505.00,505.00
2019-03-13,2019031301005932,CHL,13,43,25,107.00,"2,675.00"
2019-03-13,2019031301006063,CHLBS,45,17,10,564.00,"5,640.00"
2019-03-13,2019031301005999,CHLBS,45,17,10,564.00,"5,640.00"
2019-03-13,2019031301005931,CHLBS,45,17,10,564.00,"5,640.00"
2019-03-13,2019031301005824,CHLBS,45,38,10,564.00,"5,640.00"
2019-03-13,2019031301005803,CHLBS,45,56,10,564.00,"5,640.00"
2019-03-13,2019031301005761,CHLBS,45,38,10,564.00,"5,640.00"
2019-03-13,2019031301005721,CHLBS,45,58,10,564.00,"5,640.00"
2019-03-13,2019031301005634,CHLBS,45,1,10,564.00,"5,640.00"
2019-03-13,2019031301005580,CHLBS,45,38,10,564.00,"5,640.00"
2019-03-13,2019031301005916,CIT,28,19,20,"2,616.00","52,320.00"
2019-03-13,2019031301005879,CIT,22,58,20,"2,617.00","52,340.00"
2019-03-13,2019031301005878,CIT,54,58,100,"2,617.00","261,700.00"
2019-03-13,2019031301005877,CIT,51,58,10,"2,618.00","26,180.00"
2019-03-13,2019031301005618,CIT,6,46,20,"2,625.00","52,500.00"
2019-03-13,2019031301005975,CZBIL,54,56,10,210.00,"2,100.00"
2019-03-13,2019031301005969,CZBIL,54,49,"1,000",210.00,"210,000.00"
2019-03-13,2019031301005928,CZBIL,54,57,384,211.00,"81,024.00"
2019-03-13,2019031301005900,CZBIL,54,56,10,211.00,"2,110.00"
2019-03-13,2019031301005868,CZBIL,54,46,266,211.00,"56,126.00"
2019-03-13,2019031301005964,DBBL,28,56,14,125.00,"1,750.00"
2019-03-13,2019031301005716,DBBL,28,7,"1,661",125.00,"207,625.00"
2019-03-13,2019031301005715,DBBL,1,7,"1,000",125.00,"125,000.00"
2019-03-13,2019031301005714,DBBL,26,7,100,125.00,"12,500.00"
2019-03-13,2019031301005713,DBBL,1,7,159,125.00,"19,875.00"
2019-03-13,2019031301005712,DBBL,25,7,80,126.00,"10,080.00"
2019-03-13,2019031301005707,DBBL,25,58,220,126.00,"27,720.00"
2019-03-13,2019031301005706,DBBL,42,58,300,126.00,"37,800.00"
2019-03-13,2019031301005705,DBBL,34,58,780,126.00,"98,280.00"
2019-03-13,2019031301005658,DBBL,34,58,"2,220",126.00,"279,720.00"
2019-03-13,2019031301005657,DBBL,11,58,200,126.00,"25,200.00"
2019-03-13,2019031301005656,DBBL,28,58,580,126.00,"73,080.00"
2019-03-13,2019031301006045,DDBL,16,58,262,595.00,"155,890.00"
2019-03-13,2019031301005838,DDBL,21,36,190,596.00,"113,240.00"
2019-03-13,2019031301005802,DDBL,21,19,10,596.00,"5,960.00"
2019-03-13,2019031301005801,DDBL,54,19,80,596.00,"47,680.00"
2019-03-13,2019031301005598,DDBL,34,58,400,597.00,"238,800.00"
2019-03-13,2019031301005597,DDBL,45,58,175,600.00,"105,000.00"
2019-03-13,2019031301005965,DHPL,39,43,10,89.00,890.00
2019-03-13,2019031301006066,EBL,29,17,34,540.00,"18,360.00"
2019-03-13,2019031301005937,EBL,29,28,125,540.00,"67,500.00"
2019-03-13,2019031301005936,EBL,29,49,30,540.00,"16,200.00"
2019-03-13,2019031301005935,EBL,29,11,11,537.00,"5,907.00"
2019-03-13,2019031301006018,EIC,39,32,37,844.00,"31,228.00"
2019-03-13,2019031301006017,EIC,39,17,261,842.00,"219,762.00"
2019-03-13,2019031301006016,EIC,39,10,202,841.00,"169,882.00"
2019-03-13,2019031301006068,FMDBL,28,13,300,373.00,"111,900.00"
2019-03-13,2019031301006003,FMDBL,35,13,50,371.00,"18,550.00"
2019-03-13,2019031301006002,FMDBL,17,13,100,371.00,"37,100.00"
2019-03-13,2019031301006001,FMDBL,21,13,50,372.00,"18,600.00"
2019-03-13,2019031301005819,FMDBL,34,5,150,372.00,"55,800.00"
2019-03-13,2019031301005818,FMDBL,39,5,50,372.00,"18,600.00"
2019-03-13,2019031301005812,FMDBL,34,32,270,375.00,"101,250.00"
2019-03-13,2019031301005708,FOWAD,45,36,20,"1,535.00","30,700.00"
2019-03-13,2019031301005699,FOWAD,14,36,10,"1,535.00","15,350.00"
2019-03-13,2019031301005635,FOWAD,45,38,100,"1,536.00","153,600.00"
2019-03-13,2019031301005760,GBIME,28,56,67,267.00,"17,889.00"
2019-03-13,2019031301005880,GDBL,36,51,52,184.00,"9,568.00"
2019-03-13,2019031301005769,GDBL,36,32,"1,000",184.00,"184,000.00"
2019-03-13,2019031301005768,GDBL,1,32,886,184.00,"163,024.00"
2019-03-13,2019031301005749,GDBL,1,25,114,184.00,"20,976.00"
2019-03-13,2019031301005723,GDBL,38,32,"1,000",185.00,"185,000.00"
2019-03-13,2019031301005934,GLICL,43,14,120,741.00,"88,920.00"
2019-03-13,2019031301005933,GLICL,26,14,50,743.00,"37,150.00"
2019-03-13,2019031301005732,GLICL,43,21,120,745.00,"89,400.00"
2019-03-13,2019031301005611,GLICL,43,58,50,745.00,"37,250.00"
2019-03-13,2019031301006025,HATH,6,43,80,117.00,"9,360.00"
2019-03-13,2019031301005920,HATH,47,59,250,119.00,"29,750.00"
2019-03-13,2019031301005919,HATH,53,59,250,119.00,"29,750.00"
2019-03-13,2019031301005841,HBL,54,45,55,452.00,"24,860.00"
2019-03-13,2019031301005840,HBL,21,45,20,452.00,"9,040.00"
2019-03-13,2019031301005586,HBL,26,50,10,453.00,"4,530.00"
2019-03-13,2019031301006015,HIDCL,48,43,56,134.00,"7,504.00"
2019-03-13,2019031301005619,HIDCL,13,53,400,135.00,"54,000.00"
2019-03-13,2019031301005590,HIDCL,13,49,200,135.00,"27,000.00"
2019-03-13,2019031301005587,HIDCL,13,46,100,135.00,"13,500.00"
2019-03-13,2019031301006067,HPPL,45,56,10,196.00,"1,960.00"
2019-03-13,2019031301006046,HPPL,45,43,20,196.00,"3,920.00"
2019-03-13,2019031301005849,HPPL,45,56,10,196.00,"1,960.00"
2019-03-13,2019031301005783,HPPL,45,41,30,196.00,"5,880.00"
2019-03-13,2019031301005782,HPPL,41,41,120,197.00,"23,640.00"
2019-03-13,2019031301005779,HPPL,41,56,20,197.00,"3,940.00"
2019-03-13,2019031301005966,JBBL,26,51,100,139.00,"13,900.00"
2019-03-13,2019031301005588,JBBL,26,37,143,139.00,"19,877.00"
2019-03-13,2019031301005645,JBNL,44,1,892,171.00,"152,532.00"
2019-03-13,2019031301005614,JBNL,49,1,50,171.00,"8,550.00"
2019-03-13,2019031301005613,JBNL,42,1,500,171.00,"85,500.00"
2019-03-13,2019031301005612,JBNL,5,1,58,171.00,"9,918.00"
2019-03-13,2019031301006044,KBBL,17,36,147,207.00,"30,429.00"
2019-03-13,2019031301006043,KBBL,48,36,250,208.00,"52,000.00"
2019-03-13,2019031301006042,KBBL,42,36,35,208.00,"7,280.00"
2019-03-13,2019031301005785,KBBL,4,36,268,209.00,"56,012.00"
2019-03-13,2019031301006056,KBL,14,17,300,240.00,"72,000.00"
2019-03-13,2019031301005913,KBL,14,46,"1,000",240.00,"240,000.00"
2019-03-13,2019031301005690,KMFL,43,45,33,868.00,"28,644.00"
2019-03-13,2019031301005654,KPCL,37,16,10,96.00,960.00
2019-03-13,2019031301005709,KPCL,37,16,10,96.00,960.00
2019-03-13,2019031301005789,KPCL,37,39,10,96.00,960.00
2019-03-13,2019031301005835,KRBL,57,28,"1,000",97.00,"97,000.00"
2019-03-13,2019031301005834,KRBL,41,28,100,97.00,"9,700.00"
2019-03-13,2019031301005833,KRBL,19,28,150,98.00,"14,700.00"
2019-03-13,2019031301005754,KSBBL,14,36,50,140.00,"7,000.00"
2019-03-13,2019031301005753,KSBBL,57,36,200,140.00,"28,000.00"
2019-03-13,2019031301005752,KSBBL,37,36,500,140.00,"70,000.00"
2019-03-13,2019031301005751,KSBBL,42,36,50,140.00,"7,000.00"
2019-03-13,2019031301005750,KSBBL,3,36,200,140.00,"28,000.00"
2019-03-13,2019031301005728,KSBBL,46,17,100,140.00,"14,000.00"
2019-03-13,2019031301006055,LBBL,36,58,"2,000",170.00,"340,000.00"
2019-03-13,2019031301006054,LBBL,47,58,500,170.00,"85,000.00"
2019-03-13,2019031301006053,LBBL,34,58,500,170.00,"85,000.00"
2019-03-13,2019031301006052,LBBL,52,58,108,170.00,"18,360.00"
2019-03-13,2019031301005959,LBBL,34,32,50,171.00,"8,550.00"
2019-03-13,2019031301005958,LBBL,59,32,"1,000",171.00,"171,000.00"
2019-03-13,2019031301005957,LBBL,42,32,100,171.00,"17,100.00"
2019-03-13,2019031301005956,LBBL,4,32,400,171.00,"68,400.00"
2019-03-13,2019031301005623,LBBL,14,32,200,172.00,"34,400.00"
2019-03-13,2019031301005622,LBBL,36,32,"1,000",172.00,"172,000.00"
2019-03-13,2019031301005621,LBBL,4,32,300,172.00,"51,600.00"
2019-03-13,2019031301005620,LBBL,50,32,20,173.00,"3,460.00"
2019-03-13,2019031301006062,LBL,57,36,500,196.00,"98,000.00"
2019-03-13,2019031301006061,LBL,14,36,100,196.00,"19,600.00"
2019-03-13,2019031301005983,LBL,5,42,30,197.00,"5,910.00"
2019-03-13,2019031301005592,LBL,21,36,10,198.00,"1,980.00"
2019-03-13,2019031301005911,LLBS,49,28,300,772.00,"231,600.00"
2019-03-13,2019031301005733,LLBS,48,5,17,774.00,"13,158.00"
2019-03-13,2019031301005804,LVF1,28,48,"2,000",9.35,"18,700.00"
2019-03-13,2019031301006064,MBL,26,49,300,219.00,"65,700.00"
2019-03-13,2019031301005951,MBL,26,1,100,219.00,"21,900.00"
2019-03-13,2019031301005948,MBL,25,50,100,220.00,"22,000.00"
2019-03-13,2019031301005823,MBL,38,25,500,219.00,"109,500.00"
2019-03-13,2019031301005855,MDB,36,25,20,229.00,"4,580.00"
2019-03-13,2019031301006024,MEGA,25,38,273,165.00,"45,045.00"
2019-03-13,2019031301006023,MEGA,42,38,727,165.00,"119,955.00"
2019-03-13,2019031301006010,MEGA,42,32,129,165.00,"21,285.00"
2019-03-13,2019031301005997,MEGA,13,38,47,166.00,"7,802.00"
2019-03-13,2019031301005888,MEGA,13,38,53,166.00,"8,798.00"
2019-03-13,2019031301005781,MEGA,36,52,50,167.00,"8,350.00"
2019-03-13,2019031301005719,MEGA,13,17,200,166.00,"33,200.00"
2019-03-13,2019031301005578,MEGA,42,56,200,166.00,"33,200.00"
2019-03-13,2019031301005786,MERO,55,55,2,584.00,"1,168.00"
2019-03-13,2019031301005912,MLBL,55,55,2,164.00,328.00
2019-03-13,2019031301005857,MLBL,40,13,16,167.00,"2,672.00"
2019-03-13,2019031301005641,MLBL,40,17,959,167.00,"160,153.00"
2019-03-13,2019031301005640,MLBL,28,17,"3,000",167.00,"501,000.00"
2019-03-13,2019031301005639,MLBL,28,17,541,167.00,"90,347.00"
2019-03-13,2019031301005678,NABIL,17,11,151,715.00,"107,965.00"
2019-03-13,2019031301005677,NABIL,4,11,50,715.00,"35,750.00"
2019-03-13,2019031301005676,NABIL,47,11,100,716.00,"71,600.00"
2019-03-13,2019031301005675,NABIL,52,11,50,716.00,"35,800.00"
2019-03-13,2019031301005674,NABIL,26,11,50,717.00,"35,850.00"
2019-03-13,2019031301006034,NABILP,40,6,332,681.00,"226,092.00"
2019-03-13,2019031301006033,NABILP,8,6,"1,000",681.00,"681,000.00"
2019-03-13,2019031301006032,NABILP,32,6,30,681.00,"20,430.00"
2019-03-13,2019031301005673,NABILP,32,47,170,681.00,"115,770.00"
2019-03-13,2019031301005659,NABILP,11,35,400,682.00,"272,800.00"
2019-03-13,2019031301005617,NABILP,1,35,100,682.00,"68,200.00"
2019-03-13,2019031301005808,NADEP,29,17,10,700.00,"7,000.00"
2019-03-13,2019031301005807,NADEP,29,17,10,700.00,"7,000.00"
2019-03-13,2019031301005806,NADEP,29,32,10,699.00,"6,990.00"
2019-03-13,2019031301005805,NADEP,29,25,10,699.00,"6,990.00"
2019-03-13,2019031301005792,NADEP,29,13,10,691.00,"6,910.00"
2019-03-13,2019031301005839,NBB,38,44,336,195.00,"65,520.00"
2019-03-13,2019031301005816,NBB,34,7,20,194.00,"3,880.00"
2019-03-13,2019031301005775,NBB,25,44,40,195.00,"7,800.00"
2019-03-13,2019031301005774,NBB,28,44,500,195.00,"97,500.00"
2019-03-13,2019031301005773,NBB,19,44,100,195.00,"19,500.00"
2019-03-13,2019031301005772,NBB,45,44,24,195.00,"4,680.00"
2019-03-13,2019031301005763,NBB,45,44,76,195.00,"14,820.00"
2019-03-13,2019031301005762,NBB,28,44,461,195.00,"89,895.00"
2019-03-13,2019031301005992,NBBL,6,7,50,628.00,"31,400.00"
2019-03-13,2019031301005757,NBBL,6,7,100,628.00,"62,800.00"
2019-03-13,2019031301005756,NBBL,42,7,50,630.00,"31,500.00"
2019-03-13,2019031301005755,NBBL,46,7,40,630.00,"25,200.00"
2019-03-13,2019031301005607,NBBL,46,45,60,630.00,"37,800.00"
2019-03-13,2019031301005606,NBBL,52,45,40,630.00,"25,200.00"
2019-03-13,2019031301005595,NBBL,52,34,10,630.00,"6,300.00"
2019-03-13,2019031301005594,NBBL,6,34,50,635.00,"31,750.00"
2019-03-13,2019031301005593,NBBL,33,34,60,635.00,"38,100.00"
2019-03-13,2019031301005570,NBBL,33,40,90,635.00,"57,150.00"
2019-03-13,2019031301005569,NBBL,29,40,10,636.00,"6,360.00"
2019-03-13,2019031301006039,NBL,39,25,50,290.00,"14,500.00"
2019-03-13,2019031301005729,NBL,39,42,50,290.00,"14,500.00"
2019-03-13,2019031301006065,NCCB,14,14,8,211.00,"1,688.00"
2019-03-13,2019031301006050,NCCB,14,58,142,213.00,"30,246.00"
2019-03-13,2019031301005922,NCCB,38,58,654,213.00,"139,302.00"
2019-03-13,2019031301005921,NCCB,38,58,346,213.00,"73,698.00"
2019-03-13,2019031301005914,NCCB,36,58,100,213.00,"21,300.00"
2019-03-13,2019031301005894,NCCB,49,38,200,212.00,"42,400.00"
2019-03-13,2019031301005572,NCCB,41,50,50,213.00,"10,650.00"
2019-03-13,2019031301005571,NCCB,41,58,382,213.00,"81,366.00"
2019-03-13,2019031301005882,NCCB,49,25,150,212.00,"31,800.00"
2019-03-13,2019031301005794,NCCB,50,58,200,213.00,"42,600.00"
2019-03-13,2019031301005748,NCCB,11,58,100,213.00,"21,300.00"
2019-03-13,2019031301005747,NCCB,47,58,200,213.00,"42,600.00"
2019-03-13,2019031301005746,NCCB,41,58,54,213.00,"11,502.00"
2019-03-13,2019031301005720,NCCB,41,56,14,213.00,"2,982.00"
2019-03-13,2019031301005896,NIB,19,38,145,537.00,"77,865.00"
2019-03-13,2019031301005869,NIB,19,56,105,537.00,"56,385.00"
2019-03-13,2019031301005851,NIB,17,14,92,538.00,"49,496.00"
2019-03-13,2019031301005790,NIB,17,41,11,538.00,"5,918.00"
2019-03-13,2019031301005739,NIB,17,46,397,538.00,"213,586.00"
2019-03-13,2019031301005945,NIBLPF,19,8,"1,264",7.42,"9,378.88"
2019-03-13,2019031301005944,NIBLPF,19,25,253,7.40,"1,872.20"
2019-03-13,2019031301005865,NIBPO,14,40,100,484.00,"48,400.00"
2019-03-13,2019031301005856,NIBPO,45,25,450,483.00,"217,350.00"
2019-03-13,2019031301005766,NIBPO,45,37,200,483.00,"96,600.00"
2019-03-13,2019031301005710,NIBPO,45,29,200,483.00,"96,600.00"
2019-03-13,2019031301005996,NICA,32,14,104,399.00,"41,496.00"
2019-03-13,2019031301005995,NICA,32,17,96,399.00,"38,304.00"
2019-03-13,2019031301005942,NICA,50,36,865,398.00,"344,270.00"
2019-03-13,2019031301005941,NICA,41,36,100,398.00,"39,800.00"
2019-03-13,2019031301005940,NICA,19,36,250,398.00,"99,500.00"
2019-03-13,2019031301005939,NICA,38,36,85,398.00,"33,830.00"
2019-03-13,2019031301005867,NICA,38,47,22,398.00,"8,756.00"
2019-03-13,2019031301005599,NICA,38,58,22,398.00,"8,756.00"
2019-03-13,2019031301005589,NICA,38,55,100,398.00,"39,800.00"
2019-03-13,2019031301006047,NICL,38,40,200,383.00,"76,600.00"
2019-03-13,2019031301006031,NICL,44,46,200,382.00,"76,400.00"
2019-03-13,2019031301005784,NICL,57,40,500,383.00,"191,500.00"
2019-03-13,2019031301005600,NICL,37,29,200,382.00,"76,400.00"
2019-03-13,2019031301005953,NICL,36,26,222,381.00,"84,582.00"
2019-03-13,2019031301005952,NICL,17,26,100,381.00,"38,100.00"
2019-03-13,2019031301005923,NICL,37,56,800,382.00,"305,600.00"
2019-03-13,2019031301005689,NIL,34,7,500,522.00,"261,000.00"
2019-03-13,2019031301005688,NIL,39,7,200,522.00,"104,400.00"
2019-03-13,2019031301005687,NIL,39,7,20,523.00,"10,460.00"
2019-03-13,2019031301005583,NIL,21,51,100,528.00,"52,800.00"
2019-03-13,2019031301005582,NIL,17,51,50,528.00,"26,400.00"
2019-03-13,2019031301005581,NIL,57,51,310,529.00,"163,990.00"
2019-03-13,2019031301005686,NIL,16,7,500,523.00,"261,500.00"
2019-03-13,2019031301005685,NIL,34,7,500,524.00,"262,000.00"
2019-03-13,2019031301005684,NIL,43,7,50,525.00,"26,250.00"
2019-03-13,2019031301005683,NIL,57,7,100,525.00,"52,500.00"
2019-03-13,2019031301005585,NIL,57,51,"1,000",528.00,"528,000.00"
2019-03-13,2019031301005584,NIL,1,51,38,528.00,"20,064.00"
2019-03-13,2019031301005799,NLG,34,34,7,800.00,"5,600.00"
2019-03-13,2019031301006051,NLIC,44,28,40,"1,105.00","44,200.00"
2019-03-13,2019031301006049,NLIC,50,39,17,"1,101.00","18,717.00"
2019-03-13,2019031301006048,NLIC,44,39,33,"1,102.00","36,366.00"
2019-03-13,2019031301006035,NLIC,44,28,100,"1,105.00","110,500.00"
2019-03-13,2019031301006019,NLIC,44,28,100,"1,105.00","110,500.00"
2019-03-13,2019031301006014,NLIC,44,28,100,"1,105.00","110,500.00"
2019-03-13,2019031301005663,NLIC,42,17,100,"1,112.00","111,200.00"
2019-03-13,2019031301005636,NLIC,5,17,23,"1,114.00","25,622.00"
2019-03-13,2019031301005610,NLIC,29,58,66,"1,110.00","73,260.00"
2019-03-13,2019031301005609,NLIC,53,58,50,"1,110.00","55,500.00"
2019-03-13,2019031301005608,NLIC,33,58,320,"1,110.00","355,200.00"
2019-03-13,2019031301005881,NLIC,33,53,120,"1,109.00","133,080.00"
2019-03-13,2019031301005847,NLIC,5,53,10,"1,110.00","11,100.00"
2019-03-13,2019031301005846,NLIC,5,53,10,"1,110.00","11,100.00"
2019-03-13,2019031301005845,NLIC,29,53,134,"1,110.00","148,740.00"
2019-03-13,2019031301005832,NLIC,6,53,20,"1,113.00","22,260.00"
2019-03-13,2019031301005697,NLIC,5,58,23,"1,114.00","25,622.00"
2019-03-13,2019031301005987,NLIC,19,28,125,"1,108.00","138,500.00"
2019-03-13,2019031301005986,NLIC,33,28,310,"1,109.00","343,790.00"
2019-03-13,2019031301005985,NLIC,32,28,11,"1,110.00","12,210.00"
2019-03-13,2019031301005974,NLIC,32,53,89,"1,110.00","98,790.00"
2019-03-13,2019031301005907,NLIC,33,59,70,"1,109.00","77,630.00"
2019-03-13,2019031301005898,NLIC,21,53,10,"1,110.00","11,100.00"
2019-03-13,2019031301006004,NLIC,48,28,24,"1,105.00","26,520.00"
2019-03-13,2019031301005993,NLIC,44,56,17,"1,102.00","18,734.00"
2019-03-13,2019031301005991,NLIC,44,28,"1,000","1,105.00","1,105,000.00"
2019-03-13,2019031301005990,NLIC,7,28,100,"1,106.00","110,600.00"
2019-03-13,2019031301005989,NLIC,44,28,"1,000","1,107.00","1,107,000.00"
2019-03-13,2019031301005988,NLIC,19,28,90,"1,108.00","99,720.00"
2019-03-13,2019031301005765,NLICL,35,19,99,658.00,"65,142.00"
2019-03-13,2019031301005764,NLICL,11,19,200,659.00,"131,800.00"
2019-03-13,2019031301005745,NLICL,48,40,100,660.00,"66,000.00"
2019-03-13,2019031301005744,NLICL,35,40,100,660.00,"66,000.00"
2019-03-13,2019031301005742,NLICL,45,19,100,661.00,"66,100.00"
2019-03-13,2019031301005741,NLICL,44,19,11,662.00,"7,282.00"
2019-03-13,2019031301005651,NLICL,40,25,120,664.00,"79,680.00"
2019-03-13,2019031301005650,NLICL,42,25,100,665.00,"66,500.00"
2019-03-13,2019031301005730,NLICL,44,49,100,662.00,"66,200.00"
2019-03-13,2019031301005702,NLICL,44,39,100,662.00,"66,200.00"
2019-03-13,2019031301005682,NLICL,44,58,789,662.00,"522,318.00"
2019-03-13,2019031301005681,NLICL,54,58,100,663.00,"66,300.00"
2019-03-13,2019031301005680,NLICL,14,58,36,664.00,"23,904.00"
2019-03-13,2019031301005679,NLICL,40,58,416,664.00,"276,224.00"
2019-03-13,2019031301006038,NMB,42,36,350,321.00,"112,350.00"
2019-03-13,2019031301006037,NMB,21,36,50,321.00,"16,050.00"
2019-03-13,2019031301006036,NMB,57,36,100,322.00,"32,200.00"
2019-03-13,2019031301005885,NMB,33,28,28,324.00,"9,072.00"
2019-03-13,2019031301005844,NMB,16,28,966,324.00,"312,984.00"
2019-03-13,2019031301005843,NMB,16,43,17,323.00,"5,491.00"
2019-03-13,2019031301005668,NMB,33,19,100,323.00,"32,300.00"
2019-03-13,2019031301005667,NMB,33,19,202,323.00,"65,246.00"
2019-03-13,2019031301005842,NMB,16,43,17,323.00,"5,491.00"
2019-03-13,2019031301005788,NMB,42,57,100,322.00,"32,200.00"
2019-03-13,2019031301005672,NMB,47,19,342,322.00,"110,124.00"
2019-03-13,2019031301005671,NMB,8,19,200,322.00,"64,400.00"
2019-03-13,2019031301005670,NMB,46,19,100,322.00,"32,200.00"
2019-03-13,2019031301005669,NMB,38,19,56,322.00,"18,032.00"
2019-03-13,2019031301005718,NMBMF,6,45,20,"1,056.00","21,120.00"
2019-03-13,2019031301005897,NTC,59,45,20,681.00,"13,620.00"
2019-03-13,2019031301005866,NTC,47,59,100,677.00,"67,700.00"
2019-03-13,2019031301006041,NUBL,49,47,100,736.00,"73,600.00"
2019-03-13,2019031301006040,NUBL,22,47,10,737.00,"7,370.00"
2019-03-13,2019031301005909,NUBL,22,44,190,737.00,"140,030.00"
2019-03-13,2019031301005908,NUBL,42,44,30,740.00,"22,200.00"
2019-03-13,2019031301005662,NUBL,42,28,10,740.00,"7,400.00"
2019-03-13,2019031301005661,NUBL,39,28,90,742.00,"66,780.00"
2019-03-13,2019031301005946,OHL,35,1,300,434.00,"130,200.00"
2019-03-13,2019031301005770,OHL,35,45,60,434.00,"26,040.00"
2019-03-13,2019031301005895,PCBL,11,25,500,319.00,"159,500.00"
2019-03-13,2019031301005778,PCBL,14,57,100,320.00,"32,000.00"
2019-03-13,2019031301005970,PFL,41,58,13,130.00,"1,690.00"
2019-03-13,2019031301005631,PFL,38,13,500,131.00,"65,500.00"
2019-03-13,2019031301005630,PFL,14,13,135,131.00,"17,685.00"
2019-03-13,2019031301006028,PIC,39,46,41,"1,021.00","41,861.00"
2019-03-13,2019031301006027,PIC,59,46,39,"1,021.00","39,819.00"
2019-03-13,2019031301005771,PIC,59,26,11,"1,021.00","11,231.00"
2019-03-13,2019031301005579,PIC,33,58,11,"1,020.00","11,220.00"
2019-03-13,2019031301005930,PICL,40,21,200,701.00,"140,200.00"
2019-03-13,2019031301005905,PLIC,35,34,200,451.00,"90,200.00"
2019-03-13,2019031301005904,PLIC,40,34,50,452.00,"22,600.00"
2019-03-13,2019031301005903,PLIC,35,34,189,452.00,"85,428.00"
2019-03-13,2019031301005743,PLIC,38,52,200,453.00,"90,600.00"
2019-03-13,2019031301005665,PMHPL,39,16,10,112.00,"1,120.00"
2019-03-13,2019031301005777,PRIN,29,19,100,417.00,"41,700.00"
2019-03-13,2019031301005776,PRIN,29,19,100,417.00,"41,700.00"
2019-03-13,2019031301005830,PRVU,42,17,191,234.00,"44,694.00"
2019-03-13,2019031301005829,PRVU,25,17,20,234.00,"4,680.00"
2019-03-13,2019031301005822,RADHI,50,13,200,171.00,"34,200.00"
2019-03-13,2019031301005821,RADHI,50,13,300,172.00,"51,600.00"
2019-03-13,2019031301005820,RADHI,58,13,117,172.00,"20,124.00"
2019-03-13,2019031301005738,RBCL,49,55,20,"9,331.00","186,620.00"
2019-03-13,2019031301005848,RMDC,16,5,15,539.00,"8,085.00"
2019-03-13,2019031301005727,RMDC,39,34,500,540.00,"270,000.00"
2019-03-13,2019031301005726,RMDC,37,34,50,541.00,"27,050.00"
2019-03-13,2019031301005725,RMDC,1,34,50,541.00,"27,050.00"
2019-03-13,2019031301005724,RMDC,1,34,38,541.00,"20,558.00"
2019-03-13,2019031301005666,RMDC,1,58,12,541.00,"6,492.00"
2019-03-13,2019031301006026,RRHP,45,11,10,94.00,940.00
2019-03-13,2019031301005955,RRHP,45,11,10,94.00,940.00
2019-03-13,2019031301005850,RRHP,45,7,10,94.00,940.00
2019-03-13,2019031301005950,RSDC,55,55,22,377.00,"8,294.00"
2019-03-13,2019031301005653,SADBL,36,13,90,141.00,"12,690.00"
2019-03-13,2019031301005628,SADBL,36,13,354,141.00,"49,914.00"
2019-03-13,2019031301005615,SADBL,36,13,500,141.00,"70,500.00"
2019-03-13,2019031301005979,SANIMA,45,49,475,305.00,"144,875.00"
2019-03-13,2019031301005978,SANIMA,33,49,400,305.00,"122,000.00"
2019-03-13,2019031301005977,SANIMA,57,49,100,305.00,"30,500.00"
2019-03-13,2019031301005976,SANIMA,19,49,25,305.00,"7,625.00"
2019-03-13,2019031301005893,SANIMA,19,13,212,305.00,"64,660.00"
2019-03-13,2019031301005892,SANIMA,57,13,10,305.00,"3,050.00"
2019-03-13,2019031301005891,SANIMA,6,13,150,305.00,"45,750.00"
2019-03-13,2019031301005890,SANIMA,58,13,100,305.00,"30,500.00"
2019-03-13,2019031301005889,SANIMA,42,13,128,305.00,"39,040.00"
2019-03-13,2019031301005862,SBI,32,21,50,395.00,"19,750.00"
2019-03-13,2019031301005861,SBI,41,21,209,395.00,"82,555.00"
2019-03-13,2019031301005982,SBL,28,7,10,294.00,"2,940.00"
2019-03-13,2019031301005968,SBL,28,46,215,294.00,"63,210.00"
2019-03-13,2019031301005927,SBL,28,34,258,294.00,"75,852.00"
2019-03-13,2019031301005926,SBL,45,34,100,294.00,"29,400.00"
2019-03-13,2019031301005925,SBL,46,34,200,294.00,"58,800.00"
2019-03-13,2019031301005924,SBL,1,34,100,294.00,"29,400.00"
2019-03-13,2019031301005886,SBL,51,16,100,294.00,"29,400.00"
2019-03-13,2019031301006060,SCB,16,48,824,564.00,"464,736.00"
2019-03-13,2019031301006059,SCB,33,48,288,565.00,"162,720.00"
2019-03-13,2019031301005954,SCB,33,56,20,565.00,"11,300.00"
2019-03-13,2019031301005902,SCB,33,38,266,565.00,"150,290.00"
2019-03-13,2019031301005901,SCB,52,38,50,565.00,"28,250.00"
2019-03-13,2019031301006057,SDESI,33,28,50,590.00,"29,500.00"
2019-03-13,2019031301005858,SDESI,42,28,50,590.00,"29,500.00"
2019-03-13,2019031301005629,SHINE,45,58,280,239.00,"66,920.00"
2019-03-13,2019031301005972,SHL,33,1,200,205.00,"41,000.00"
2019-03-13,2019031301005971,SHL,6,1,150,205.00,"30,750.00"
2019-03-13,2019031301006058,SHPC,25,49,220,230.00,"50,600.00"
2019-03-13,2019031301006011,SHPC,33,51,276,231.00,"63,756.00"
2019-03-13,2019031301005938,SHPC,33,25,224,231.00,"51,744.00"
2019-03-13,2019031301005626,SHPC,25,59,632,230.00,"145,360.00"
2019-03-13,2019031301005625,SHPC,1,59,300,231.00,"69,300.00"
2019-03-13,2019031301005624,SHPC,26,59,"1,268",231.00,"292,908.00"
2019-03-13,2019031301005596,SHPC,26,56,490,231.00,"113,190.00"
2019-03-13,2019031301006030,SICL,33,56,19,890.00,"16,910.00"
2019-03-13,2019031301006029,SICL,52,56,40,891.00,"35,640.00"
2019-03-13,2019031301005759,SICL,52,42,10,891.00,"8,910.00"
2019-03-13,2019031301005601,SINDU,44,55,20,119.00,"2,380.00"
2019-03-13,2019031301005787,SLBS,55,55,8,968.00,"7,744.00"
2019-03-13,2019031301005638,SLBS,55,55,8,968.00,"7,744.00"
2019-03-13,2019031301005811,SLBSL,18,38,10,758.00,"7,580.00"
2019-03-13,2019031301005652,SLBSL,18,38,10,758.00,"7,580.00"
2019-03-13,2019031301005573,SLBSL,18,38,10,758.00,"7,580.00"
2019-03-13,2019031301005980,SLICL,55,35,30,539.00,"16,170.00"
2019-03-13,2019031301005918,SMATA,41,41,10,"1,314.00","13,140.00"
2019-03-13,2019031301005887,SMATA,41,36,18,"1,305.00","23,490.00"
2019-03-13,2019031301005591,SMATA,47,35,100,"1,310.00","131,000.00"
2019-03-13,2019031301005813,SMFDB,8,22,30,650.00,"19,500.00"
2019-03-13,2019031301005604,SMFDB,11,41,20,655.00,"13,100.00"
2019-03-13,2019031301005605,SMFDB,8,41,36,650.00,"23,400.00"
2019-03-13,2019031301006013,SPDL,29,25,180,101.00,"18,180.00"
2019-03-13,2019031301006012,SPDL,45,25,20,102.00,"2,040.00"
2019-03-13,2019031301005967,SPDL,45,26,80,102.00,"8,160.00"
2019-03-13,2019031301005963,SRBL,38,42,350,221.00,"77,350.00"
2019-03-13,2019031301005949,SRBL,20,25,200,220.00,"44,000.00"
2019-03-13,2019031301005860,SRBL,20,51,14,220.00,"3,080.00"
2019-03-13,2019031301005859,SRBL,51,51,203,220.00,"44,660.00"
2019-03-13,2019031301005815,SRBL,51,58,747,220.00,"164,340.00"
2019-03-13,2019031301005660,SRBL,51,56,350,220.00,"77,000.00"
2019-03-13,2019031301005616,SRBL,51,55,200,220.00,"44,000.00"
2019-03-13,2019031301005627,UFL,28,39,70,162.00,"11,340.00"
2019-03-13,2019031301005994,UIC,17,57,85,775.00,"65,875.00"
2019-03-13,2019031301006005,UPPER,45,13,50,239.00,"11,950.00"
2019-03-13,2019031301005984,UPPER,45,22,50,239.00,"11,950.00"
2019-03-13,2019031301005981,UPPER,45,13,46,239.00,"10,994.00"
2019-03-13,2019031301005961,UPPER,5,42,61,240.00,"14,640.00"
2019-03-13,2019031301005960,UPPER,5,19,39,240.00,"9,360.00"
2019-03-13,2019031301005943,UPPER,45,56,50,239.00,"11,950.00"
2019-03-13,2019031301005603,UPPER,42,59,141,240.00,"33,840.00"
2019-03-13,2019031301005602,UPPER,42,57,19,240.00,"4,560.00"
2019-03-13,2019031301005664,UPPER,13,58,50,239.00,"11,950.00"
2019-03-13,2019031301005643,UPPER,13,44,20,239.00,"4,780.00"
2019-03-13,2019031301005642,UPPER,41,44,80,239.00,"19,120.00"
2019-03-13,2019031301005637,UPPER,41,38,50,239.00,"11,950.00"
2019-03-13,2019031301005633,UPPER,41,18,40,239.00,"9,560.00"
2019-03-13,2019031301005717,UPPER,21,58,50,239.00,"11,950.00"
2019-03-13,2019031301005704,UPPER,21,56,40,239.00,"9,560.00"
2019-03-13,2019031301005700,UPPER,25,48,50,239.00,"11,950.00"
2019-03-13,2019031301005698,UPPER,25,58,50,239.00,"11,950.00"
2019-03-13,2019031301005691,UPPER,13,48,30,239.00,"7,170.00"
2019-03-13,2019031301005810,UPPER,21,38,50,239.00,"11,950.00"
2019-03-13,2019031301005800,UPPER,21,38,40,239.00,"9,560.00"
2019-03-13,2019031301005793,UPPER,21,56,40,239.00,"9,560.00"
2019-03-13,2019031301005758,UPPER,21,38,50,239.00,"11,950.00"
2019-03-13,2019031301005731,UPPER,21,58,50,239.00,"11,950.00"
2019-03-13,2019031301005870,UPPER,33,59,359,240.00,"86,160.00"
2019-03-13,2019031301005864,UPPER,45,56,40,239.00,"9,560.00"
2019-03-13,2019031301005837,UPPER,45,7,50,239.00,"11,950.00"
2019-03-13,2019031301005828,UPPER,45,57,120,239.00,"28,680.00"
2019-03-13,2019031301005827,UPPER,25,57,200,239.00,"47,800.00"
2019-03-13,2019031301005826,UPPER,21,57,180,239.00,"43,020.00"
2019-03-13,2019031301005906,UPPER,45,41,40,239.00,"9,560.00"
2019-03-13,2019031301005883,UPPER,45,26,40,239.00,"9,560.00"
2019-03-13,2019031301005874,UPPER,33,19,11,240.00,"2,640.00"
2019-03-13,2019031301005873,UPPER,33,19,40,240.00,"9,600.00"
2019-03-13,2019031301005872,UPPER,33,33,50,240.00,"12,000.00"
2019-03-13,2019031301005871,UPPER,33,33,40,240.00,"9,600.00"
2019-03-13,2019031301005464,ADBL,14,14,73,303.00,"22,119.00"
2019-03-13,2019031301005176,ADBL,45,56,50,300.00,"15,000.00"
2019-03-13,2019031301005175,ADBL,6,56,50,300.00,"15,000.00"
2019-03-13,2019031301005174,ADBL,42,56,200,300.00,"60,000.00"
2019-03-13,2019031301005173,ADBL,14,56,575,300.00,"172,500.00"
2019-03-13,2019031301005143,ADBL,14,37,170,300.00,"51,000.00"
2019-03-13,2019031301005142,ADBL,45,37,30,301.00,"9,030.00"
2019-03-13,2019031301005093,ADBL,21,19,50,302.00,"15,100.00"
2019-03-13,2019031301005512,AKPL,22,56,13,181.00,"2,353.00"
2019-03-13,2019031301005078,AKPL,22,58,194,181.00,"35,114.00"
2019-03-13,2019031301005077,AKPL,52,58,45,181.00,"8,145.00"
2019-03-13,2019031301005076,AKPL,19,58,100,182.00,"18,200.00"
2019-03-13,2019031301005075,AKPL,47,58,200,183.00,"36,600.00"
2019-03-13,2019031301005074,AKPL,22,58,261,184.00,"48,024.00"
2019-03-13,2019031301005543,ALICL,45,54,10,396.00,"3,960.00"
2019-03-13,2019031301005529,ALICL,45,54,706,396.00,"279,576.00"
2019-03-13,2019031301005447,ALICL,45,18,253,396.00,"100,188.00"
2019-03-13,2019031301005446,ALICL,28,18,30,396.00,"11,880.00"
2019-03-13,2019031301005445,ALICL,28,18,200,396.00,"79,200.00"
2019-03-13,2019031301005444,ALICL,47,18,11,396.00,"4,356.00"
2019-03-13,2019031301005443,ALICL,21,18,100,396.00,"39,600.00"
2019-03-13,2019031301005442,ALICL,47,18,12,397.00,"4,764.00"
2019-03-13,2019031301005441,ALICL,4,18,44,397.00,"17,468.00"
2019-03-13,2019031301005088,ALICL,4,57,56,397.00,"22,232.00"
2019-03-13,2019031301005087,ALICL,1,57,44,397.00,"17,468.00"
2019-03-13,2019031301005560,API,58,45,"1,000",136.00,"136,000.00"
2019-03-13,2019031301005478,API,19,51,100,137.00,"13,700.00"
2019-03-13,2019031301005236,BARUN,51,39,100,98.00,"9,800.00"
2019-03-13,2019031301005277,BHBL,50,1,100,140.00,"14,000.00"
2019-03-13,2019031301005457,BOKL,14,51,100,251.00,"25,100.00"
2019-03-13,2019031301005436,BOKL,11,57,274,250.00,"68,500.00"
2019-03-13,2019031301005435,BOKL,52,57,115,250.00,"28,750.00"
2019-03-13,2019031301005434,BOKL,49,57,111,250.00,"27,750.00"
2019-03-13,2019031301005322,BOKL,49,56,300,250.00,"75,000.00"
2019-03-13,2019031301005307,BOKL,39,51,50,251.00,"12,550.00"
2019-03-13,2019031301005306,BOKL,17,51,50,251.00,"12,550.00"
2019-03-13,2019031301005305,BOKL,29,51,79,251.00,"19,829.00"
2019-03-13,2019031301005266,BOKL,29,53,21,251.00,"5,271.00"
2019-03-13,2019031301005265,BOKL,41,53,45,251.00,"11,295.00"
2019-03-13,2019031301005153,BOKL,41,53,255,251.00,"64,005.00"
2019-03-13,2019031301005152,BOKL,51,53,945,251.00,"237,195.00"
2019-03-13,2019031301005534,BPCL,16,51,150,362.00,"54,300.00"
2019-03-13,2019031301005500,BPCL,48,7,400,361.00,"144,400.00"
2019-03-13,2019031301005440,BPCL,45,51,50,362.00,"18,100.00"
2019-03-13,2019031301005413,BPCL,42,55,50,362.00,"18,100.00"
2019-03-13,2019031301005410,BPCL,42,49,100,362.00,"36,200.00"
2019-03-13,2019031301005187,BPCL,42,21,100,362.00,"36,200.00"
2019-03-13,2019031301005430,CBBL,39,19,100,897.00,"89,700.00"
2019-03-13,2019031301005429,CBBL,50,19,10,899.00,"8,990.00"
2019-03-13,2019031301005567,CBL,44,58,195,158.00,"30,810.00"
2019-03-13,2019031301005566,CBL,21,58,"1,150",158.00,"181,700.00"
2019-03-13,2019031301005565,CBL,49,58,"1,000",158.00,"158,000.00"
2019-03-13,2019031301005564,CBL,42,58,"1,000",158.00,"158,000.00"
2019-03-13,2019031301005563,CBL,59,58,100,158.00,"15,800.00"
2019-03-13,2019031301005562,CBL,34,58,"1,055",158.00,"166,690.00"
2019-03-13,2019031301005504,CBL,42,51,201,158.00,"31,758.00"
2019-03-13,2019031301005428,CBL,42,6,"1,500",158.00,"237,000.00"
2019-03-13,2019031301005309,CBL,42,29,109,158.00,"17,222.00"
2019-03-13,2019031301005308,CBL,28,29,311,158.00,"49,138.00"
2019-03-13,2019031301005250,CBL,28,28,67,158.00,"10,586.00"
2019-03-13,2019031301005205,CBL,22,58,500,159.00,"79,500.00"
2019-03-13,2019031301005558,CBL,34,40,500,158.00,"79,000.00"
2019-03-13,2019031301005547,CBL,34,58,445,158.00,"70,310.00"
2019-03-13,2019031301005546,CBL,46,58,"1,355",158.00,"214,090.00"
2019-03-13,2019031301005525,CBL,46,58,645,158.00,"101,910.00"
2019-03-13,2019031301005524,CBL,42,58,90,158.00,"14,220.00"
2019-03-13,2019031301005507,CBL,42,28,100,158.00,"15,800.00"
2019-03-13,2019031301005404,CCBL,45,52,310,165.00,"51,150.00"
2019-03-13,2019031301005375,CCBL,45,37,500,165.00,"82,500.00"
2019-03-13,2019031301005467,CHLBS,45,38,10,564.00,"5,640.00"
2019-03-13,2019031301005389,CHLBS,45,56,10,564.00,"5,640.00"
2019-03-13,2019031301005139,CHLBS,45,38,10,564.00,"5,640.00"
2019-03-13,2019031301005122,CHLBS,45,38,10,564.00,"5,640.00"
2019-03-13,2019031301005537,CIT,38,46,20,"2,616.00","52,320.00"
2019-03-13,2019031301005536,CIT,19,46,10,"2,618.00","26,180.00"
2019-03-13,2019031301005196,CIT,42,58,100,"2,620.00","262,000.00"
2019-03-13,2019031301005195,CIT,53,58,100,"2,625.00","262,500.00"
2019-03-13,2019031301005132,CIT,50,1,18,"2,635.00","47,430.00"
2019-03-13,2019031301005191,CLBSL,1,39,20,636.00,"12,720.00"
2019-03-13,2019031301005351,CORBL,42,56,100,98.00,"9,800.00"
2019-03-13,2019031301005533,CZBIL,14,45,100,213.00,"21,300.00"
2019-03-13,2019031301005509,CZBIL,50,14,300,212.00,"63,600.00"
2019-03-13,2019031301005465,CZBIL,50,51,100,212.00,"21,200.00"
2019-03-13,2019031301005456,DBBL,28,56,14,126.00,"1,764.00"
2019-03-13,2019031301005376,DBBL,28,56,14,126.00,"1,764.00"
2019-03-13,2019031301005228,DBBL,28,32,210,126.00,"26,460.00"
2019-03-13,2019031301005548,DDBL,45,19,25,600.00,"15,000.00"
2019-03-13,2019031301005315,DDBL,34,51,100,597.00,"59,700.00"
2019-03-13,2019031301005270,DDBL,34,34,510,597.00,"304,470.00"
2019-03-13,2019031301005269,DDBL,7,34,500,597.00,"298,500.00"
2019-03-13,2019031301005079,DDBL,38,56,100,597.00,"59,700.00"
2019-03-13,2019031301005271,EBL,40,7,10,537.00,"5,370.00"
2019-03-13,2019031301005230,EIC,45,49,400,836.00,"334,400.00"
2019-03-13,2019031301005229,EIC,11,49,250,837.00,"209,250.00"
2019-03-13,2019031301005194,EIC,42,49,200,838.00,"167,600.00"
2019-03-13,2019031301005193,EIC,51,49,500,838.00,"419,000.00"
2019-03-13,2019031301005192,EIC,34,49,20,838.00,"16,760.00"
2019-03-13,2019031301005418,FMDBL,34,53,200,375.00,"75,000.00"
2019-03-13,2019031301005374,FMDBL,34,4,30,375.00,"11,250.00"
2019-03-13,2019031301005373,FMDBL,6,4,40,375.00,"15,000.00"
2019-03-13,2019031301005372,FMDBL,36,4,500,375.00,"187,500.00"
2019-03-13,2019031301005183,FMDBL,42,42,50,376.00,"18,800.00"
2019-03-13,2019031301005182,FMDBL,46,42,100,376.00,"37,600.00"
2019-03-13,2019031301005181,FMDBL,1,42,50,377.00,"18,850.00"
2019-03-13,2019031301005405,FOWAD,26,25,10,"1,541.00","15,410.00"
2019-03-13,2019031301005354,FOWAD,26,47,10,"1,541.00","15,410.00"
2019-03-13,2019031301005286,FOWAD,53,58,20,"1,541.00","30,820.00"
2019-03-13,2019031301005474,GBBL,14,58,576,185.00,"106,560.00"
2019-03-13,2019031301005473,GBBL,52,58,100,185.00,"18,500.00"
2019-03-13,2019031301005472,GBBL,18,58,500,186.00,"93,000.00"
2019-03-13,2019031301005471,GBBL,18,58,500,186.00,"93,000.00"
2019-03-13,2019031301005470,GBBL,42,58,100,186.00,"18,600.00"
2019-03-13,2019031301005469,GBBL,59,58,"1,000",186.00,"186,000.00"
2019-03-13,2019031301005172,GBBL,49,19,500,188.00,"94,000.00"
2019-03-13,2019031301005468,GBBL,50,58,224,187.00,"41,888.00"
2019-03-13,2019031301005398,GBBL,55,55,1,184.00,184.00
2019-03-13,2019031301005369,GBBL,50,57,87,187.00,"16,269.00"
2019-03-13,2019031301005368,GBBL,42,57,413,187.00,"77,231.00"
2019-03-13,2019031301005219,GBBL,42,25,87,187.00,"16,269.00"
2019-03-13,2019031301005218,GBBL,52,25,13,187.00,"2,431.00"
2019-03-13,2019031301005069,GBIME,49,36,500,267.00,"133,500.00"
2019-03-13,2019031301005523,GBLBS,1,13,50,447.00,"22,350.00"
2019-03-13,2019031301005522,GBLBS,55,13,100,447.00,"44,700.00"
2019-03-13,2019031301005491,GBLBS,1,13,200,448.00,"89,600.00"
2019-03-13,2019031301005490,GBLBS,1,13,50,448.00,"22,400.00"
2019-03-13,2019031301005489,GBLBS,5,13,50,449.00,"22,450.00"
2019-03-13,2019031301005439,GDBL,36,35,"1,000",185.00,"185,000.00"
2019-03-13,2019031301005417,GLICL,43,50,30,745.00,"22,350.00"
2019-03-13,2019031301005299,GLICL,25,49,149,740.00,"110,260.00"
2019-03-13,2019031301005298,GLICL,39,49,100,743.00,"74,300.00"
2019-03-13,2019031301005297,GLICL,5,49,51,745.00,"37,995.00"
2019-03-13,2019031301005185,GLICL,5,49,49,745.00,"36,505.00"
2019-03-13,2019031301005184,GLICL,17,49,51,745.00,"37,995.00"
2019-03-13,2019031301005136,GLICL,17,48,49,745.00,"36,505.00"
2019-03-13,2019031301005135,GLICL,38,48,51,745.00,"37,995.00"
2019-03-13,2019031301005072,GLICL,38,49,230,745.00,"171,350.00"
2019-03-13,2019031301005412,HDL,45,19,200,"1,359.00","271,800.00"
2019-03-13,2019031301005568,HGI,29,55,50,385.00,"19,250.00"
2019-03-13,2019031301005539,HIDCL,13,56,300,135.00,"40,500.00"
2019-03-13,2019031301005538,HIDCL,33,56,200,135.00,"27,000.00"
2019-03-13,2019031301005414,HPPL,41,56,10,197.00,"1,970.00"
2019-03-13,2019031301005321,HPPL,41,19,10,197.00,"1,970.00"
2019-03-13,2019031301005285,HPPL,41,14,200,197.00,"39,400.00"
2019-03-13,2019031301005073,HPPL,41,56,10,197.00,"1,970.00"
2019-03-13,2019031301005260,ICFC,43,32,500,151.00,"75,500.00"
2019-03-13,2019031301005508,JBBL,50,37,47,139.00,"6,533.00"
2019-03-13,2019031301005249,JBBL,50,56,100,139.00,"13,900.00"
2019-03-13,2019031301005177,JBBL,50,36,727,139.00,"101,053.00"
2019-03-13,2019031301005458,JBNL,5,34,708,171.00,"121,068.00"
2019-03-13,2019031301005408,JBNL,5,26,199,171.00,"34,029.00"
2019-03-13,2019031301005288,JBNL,5,58,35,171.00,"5,985.00"
2019-03-13,2019031301005287,JBNL,44,58,"1,592",171.00,"272,232.00"
2019-03-13,2019031301005206,JBNL,50,34,341,172.00,"58,652.00"
2019-03-13,2019031301005202,JBNL,44,56,208,171.00,"35,568.00"
2019-03-13,2019031301005129,JBNL,17,38,243,172.00,"41,796.00"
2019-03-13,2019031301005128,JBNL,17,38,57,172.00,"9,804.00"
2019-03-13,2019031301005561,KBL,14,52,200,240.00,"48,000.00"
2019-03-13,2019031301005498,KBL,57,7,295,240.00,"70,800.00"
2019-03-13,2019031301005497,KBL,46,7,200,240.00,"48,000.00"
2019-03-13,2019031301005496,KBL,17,7,431,240.00,"103,440.00"
2019-03-13,2019031301005495,KBL,28,7,49,241.00,"11,809.00"
2019-03-13,2019031301005216,KBL,28,32,451,241.00,"108,691.00"
2019-03-13,2019031301005215,KBL,22,32,49,241.00,"11,809.00"
2019-03-13,2019031301005267,KKHC,39,53,48,75.00,"3,600.00"
2019-03-13,2019031301005502,KMFL,43,48,55,868.00,"47,740.00"
2019-03-13,2019031301005501,KMFL,5,48,25,868.00,"21,700.00"
2019-03-13,2019031301005138,KSBBL,34,1,261,141.00,"36,801.00"
2019-03-13,2019031301005137,KSBBL,14,1,90,141.00,"12,690.00"
2019-03-13,2019031301005486,LBBL,41,43,100,174.00,"17,400.00"
2019-03-13,2019031301005284,LBBL,50,56,80,173.00,"13,840.00"
2019-03-13,2019031301005283,LBBL,21,56,20,173.00,"3,460.00"
2019-03-13,2019031301005118,LGIL,57,39,200,517.00,"103,400.00"
2019-03-13,2019031301005415,LLBS,48,58,70,774.00,"54,180.00"
2019-03-13,2019031301005324,LLBS,48,19,13,774.00,"10,062.00"
2019-03-13,2019031301005323,LLBS,45,19,22,777.00,"17,094.00"
2019-03-13,2019031301005102,LLBS,45,28,278,777.00,"216,006.00"
2019-03-13,2019031301005101,LLBS,41,28,38,778.00,"29,564.00"
2019-03-13,2019031301005100,LLBS,22,28,15,779.00,"11,685.00"
2019-03-13,2019031301005157,LVF1,28,43,"3,000",9.35,"28,050.00"
2019-03-13,2019031301005545,MEGA,42,25,299,166.00,"49,634.00"
2019-03-13,2019031301005544,MEGA,35,25,701,166.00,"116,366.00"
2019-03-13,2019031301005521,MEGA,35,25,299,166.00,"49,634.00"
2019-03-13,2019031301005520,MEGA,52,25,656,166.00,"108,896.00"
2019-03-13,2019031301005511,MEGA,52,26,44,166.00,"7,304.00"
2019-03-13,2019031301005510,MEGA,25,26,356,166.00,"59,096.00"
2019-03-13,2019031301005330,MERO,45,58,46,595.00,"27,370.00"
2019-03-13,2019031301005329,MERO,26,58,100,596.00,"59,600.00"
2019-03-13,2019031301005328,MERO,49,58,100,597.00,"59,700.00"
2019-03-13,2019031301005327,MERO,8,58,34,598.00,"20,332.00"
2019-03-13,2019031301005179,MLBL,40,34,"1,000",168.00,"168,000.00"
2019-03-13,2019031301005530,MNBBL,29,17,105,345.00,"36,225.00"
2019-03-13,2019031301005282,NABIL,39,25,100,718.00,"71,800.00"
2019-03-13,2019031301005246,NABIL,33,22,100,720.00,"72,000.00"
2019-03-13,2019031301005245,NABIL,54,22,200,720.00,"144,000.00"
2019-03-13,2019031301005244,NABIL,39,22,100,720.00,"72,000.00"
2019-03-13,2019031301005243,NABIL,29,22,50,720.00,"36,000.00"
2019-03-13,2019031301005242,NABIL,34,22,200,720.00,"144,000.00"
2019-03-13,2019031301005166,NABIL,42,41,20,721.00,"14,420.00"
2019-03-13,2019031301005165,NABIL,49,41,20,722.00,"14,440.00"
2019-03-13,2019031301005164,NABIL,49,41,20,722.00,"14,440.00"
2019-03-13,2019031301005163,NABIL,20,22,25,725.00,"18,125.00"
2019-03-13,2019031301005121,NABIL,29,22,250,725.00,"181,250.00"
2019-03-13,2019031301005120,NABIL,29,42,50,725.00,"36,250.00"
2019-03-13,2019031301005241,NABIL,41,22,50,720.00,"36,000.00"
2019-03-13,2019031301005240,NABIL,19,22,10,721.00,"7,210.00"
2019-03-13,2019031301005239,NABIL,42,22,50,721.00,"36,050.00"
2019-03-13,2019031301005238,NABIL,11,22,30,721.00,"21,630.00"
2019-03-13,2019031301005168,NABIL,11,41,70,721.00,"50,470.00"
2019-03-13,2019031301005167,NABIL,35,41,70,721.00,"50,470.00"
2019-03-13,2019031301005379,NABILP,40,34,900,682.00,"613,800.00"
2019-03-13,2019031301005518,NBB,49,44,40,196.00,"7,840.00"
2019-03-13,2019031301005450,NBB,49,42,10,196.00,"1,960.00"
2019-03-13,2019031301005203,NBB,28,28,500,195.00,"97,500.00"
2019-03-13,2019031301005105,NBB,28,46,39,195.00,"7,605.00"
2019-03-13,2019031301005104,NBB,1,46,251,195.00,"48,945.00"
2019-03-13,2019031301005115,NBL,49,44,48,290.00,"13,920.00"
2019-03-13,2019031301005114,NBL,41,44,100,290.00,"29,000.00"
2019-03-13,2019031301005113,NBL,54,44,500,290.00,"145,000.00"
2019-03-13,2019031301005112,NBL,32,44,500,290.00,"145,000.00"
2019-03-13,2019031301005111,NBL,42,44,40,290.00,"11,600.00"
2019-03-13,2019031301005110,NBL,45,44,200,290.00,"58,000.00"
2019-03-13,2019031301005084,NBL,42,44,200,290.00,"58,000.00"
2019-03-13,2019031301005083,NBL,8,44,112,291.00,"32,592.00"
2019-03-13,2019031301005109,NBL,40,44,"1,000",290.00,"290,000.00"
2019-03-13,2019031301005108,NBL,7,44,400,290.00,"116,000.00"
2019-03-13,2019031301005107,NBL,11,44,100,290.00,"29,000.00"
2019-03-13,2019031301005106,NBL,32,44,112,290.00,"32,480.00"
2019-03-13,2019031301005086,NBL,32,44,388,290.00,"112,520.00"
2019-03-13,2019031301005085,NBL,47,44,250,290.00,"72,500.00"
2019-03-13,2019031301005556,NCCB,13,58,300,213.00,"63,900.00"
2019-03-13,2019031301005519,NCCB,13,58,100,213.00,"21,300.00"
2019-03-13,2019031301005431,NCCB,49,42,10,212.00,"2,120.00"
2019-03-13,2019031301005403,NCCB,18,58,200,213.00,"42,600.00"
2019-03-13,2019031301005355,NCCB,49,56,22,212.00,"4,664.00"
2019-03-13,2019031301005314,NCCB,28,58,"1,000",213.00,"213,000.00"
2019-03-13,2019031301005311,NCCB,44,58,500,213.00,"106,500.00"
2019-03-13,2019031301005310,NCCB,44,58,300,213.00,"63,900.00"
2019-03-13,2019031301005291,NCCB,44,19,"2,000",213.00,"426,000.00"
2019-03-13,2019031301005280,NCCB,44,37,500,213.00,"106,500.00"
2019-03-13,2019031301005259,NCCB,46,49,300,214.00,"64,200.00"
2019-03-13,2019031301005237,NCCB,44,51,200,213.00,"42,600.00"
2019-03-13,2019031301005281,NGPL,1,56,32,122.00,"3,904.00"
2019-03-13,2019031301005268,NHPC,56,58,"1,000",71.00,"71,000.00"
2019-03-13,2019031301005449,NIB,56,25,273,538.00,"146,874.00"
2019-03-13,2019031301005448,NIB,56,25,227,538.00,"122,126.00"
2019-03-13,2019031301005370,NIB,56,16,37,538.00,"19,906.00"
2019-03-13,2019031301005116,NIBLPF,42,55,505,7.28,"3,676.40"
2019-03-13,2019031301005141,NIBLPF,42,55,505,7.28,"3,676.40"
2019-03-13,2019031301005555,NIBPO,45,48,"1,000",483.00,"483,000.00"
2019-03-13,2019031301005349,NIBPO,25,40,200,484.00,"96,800.00"
2019-03-13,2019031301005517,NICA,45,17,96,399.00,"38,304.00"
2019-03-13,2019031301005516,NICA,45,17,96,399.00,"38,304.00"
2019-03-13,2019031301005347,NICA,38,26,100,398.00,"39,800.00"
2019-03-13,2019031301005264,NICA,38,37,171,398.00,"68,058.00"
2019-03-13,2019031301005263,NICA,52,37,100,398.00,"39,800.00"
2019-03-13,2019031301005262,NICA,52,37,29,398.00,"11,542.00"
2019-03-13,2019031301005119,NICA,50,34,17,400.00,"6,800.00"
2019-03-13,2019031301005071,NICA,50,49,49,400.00,"19,600.00"
2019-03-13,2019031301005070,NICA,45,49,51,400.00,"20,400.00"
2019-03-13,2019031301005161,NICA,19,36,250,400.00,"100,000.00"
2019-03-13,2019031301005160,NICA,50,36,148,400.00,"59,200.00"
2019-03-13,2019031301005149,NICA,50,49,505,400.00,"202,000.00"
2019-03-13,2019031301005148,NICA,46,29,100,401.00,"40,100.00"
2019-03-13,2019031301005130,NICA,50,34,165,400.00,"66,000.00"
2019-03-13,2019031301005123,NICA,50,42,116,400.00,"46,400.00"
2019-03-13,2019031301005234,NICA,52,1,171,398.00,"68,058.00"
2019-03-13,2019031301005233,NICA,34,1,50,398.00,"19,900.00"
2019-03-13,2019031301005232,NICA,46,1,200,398.00,"79,600.00"
2019-03-13,2019031301005231,NICA,49,1,79,399.00,"31,521.00"
2019-03-13,2019031301005201,NICA,49,14,121,399.00,"48,279.00"
2019-03-13,2019031301005200,NICA,14,14,899,399.00,"358,701.00"
2019-03-13,2019031301005423,NICL,45,51,30,384.00,"11,520.00"
2019-03-13,2019031301005406,NIL,57,19,140,529.00,"74,060.00"
2019-03-13,2019031301005319,NIL,43,45,200,530.00,"106,000.00"
2019-03-13,2019031301005318,NIL,1,45,100,530.00,"53,000.00"
2019-03-13,2019031301005317,NIL,1,45,50,530.00,"26,500.00"
2019-03-13,2019031301005316,NIL,49,45,150,530.00,"79,500.00"
2019-03-13,2019031301005235,NIL,16,13,600,532.00,"319,200.00"
2019-03-13,2019031301005212,NIL,25,1,620,533.00,"330,460.00"
2019-03-13,2019031301005211,NIL,25,53,348,533.00,"185,484.00"
2019-03-13,2019031301005210,NIL,25,56,100,533.00,"53,300.00"
2019-03-13,2019031301005209,NIL,25,53,300,533.00,"159,900.00"
2019-03-13,2019031301005156,NIL,16,16,350,532.00,"186,200.00"
2019-03-13,2019031301005155,NIL,45,16,50,532.00,"26,600.00"
2019-03-13,2019031301005099,NLBBL,34,58,92,454.00,"41,768.00"
2019-03-13,2019031301005098,NLBBL,33,58,200,455.00,"91,000.00"
2019-03-13,2019031301005097,NLBBL,52,58,500,456.00,"228,000.00"
2019-03-13,2019031301005096,NLBBL,41,58,88,456.00,"40,128.00"
2019-03-13,2019031301005095,NLBBL,33,58,100,457.00,"45,700.00"
2019-03-13,2019031301005094,NLBBL,52,58,20,459.00,"9,180.00"
2019-03-13,2019031301005371,NLG,14,58,18,800.00,"14,400.00"
2019-03-13,2019031301005366,NLIC,33,55,180,"1,110.00","199,800.00"
2019-03-13,2019031301005365,NLIC,28,55,40,"1,110.00","44,400.00"
2019-03-13,2019031301005364,NLIC,58,55,20,"1,110.00","22,200.00"
2019-03-13,2019031301005363,NLIC,57,55,10,"1,111.00","11,110.00"
2019-03-13,2019031301005361,NLIC,11,11,50,"1,112.00","55,600.00"
2019-03-13,2019031301005223,NLIC,28,51,189,"1,115.00","210,735.00"
2019-03-13,2019031301005222,NLIC,28,17,81,"1,115.00","90,315.00"
2019-03-13,2019031301005221,NLIC,28,58,30,"1,114.00","33,420.00"
2019-03-13,2019031301005199,NLIC,58,48,80,"1,110.00","88,800.00"
2019-03-13,2019031301005198,NLIC,42,48,50,"1,110.00","55,500.00"
2019-03-13,2019031301005197,NLIC,14,48,20,"1,111.00","22,220.00"
2019-03-13,2019031301005554,NLICL,40,56,264,664.00,"175,296.00"
2019-03-13,2019031301005553,NLICL,17,56,10,665.00,"6,650.00"
2019-03-13,2019031301005552,NLICL,53,56,76,665.00,"50,540.00"
2019-03-13,2019031301005549,NLICL,26,42,20,666.00,"13,320.00"
2019-03-13,2019031301005487,NLICL,53,19,50,665.00,"33,250.00"
2019-03-13,2019031301005483,NLICL,53,4,300,665.00,"199,500.00"
2019-03-13,2019031301005334,NLICL,53,14,74,665.00,"49,210.00"
2019-03-13,2019031301005333,NLICL,41,14,60,665.00,"39,900.00"
2019-03-13,2019031301005332,NLICL,49,14,66,665.00,"43,890.00"
2019-03-13,2019031301005279,NLICL,49,49,100,665.00,"66,500.00"
2019-03-13,2019031301005103,NLICL,53,56,150,666.00,"99,900.00"
2019-03-13,2019031301005151,NMB,33,25,298,323.00,"96,254.00"
2019-03-13,2019031301005397,NMBHF1,34,53,316,8.70,"2,749.20"
2019-03-13,2019031301005294,NMBSF1,34,35,"1,000",10.10,"10,100.00"
2019-03-13,2019031301005293,NMBSF1,34,35,"2,000",10.10,"20,200.00"
2019-03-13,2019031301005292,NMBSF1,56,35,"5,000",10.10,"50,500.00"
2019-03-13,2019031301005505,NTC,33,45,10,681.00,"6,810.00"
2019-03-13,2019031301005396,NTC,57,45,20,678.00,"13,560.00"
2019-03-13,2019031301005395,NTC,43,45,"1,000",678.00,"678,000.00"
2019-03-13,2019031301005394,NTC,7,45,100,678.00,"67,800.00"
2019-03-13,2019031301005499,NUBL,39,51,10,742.00,"7,420.00"
2019-03-13,2019031301005482,NUBL,29,51,50,743.00,"37,150.00"
2019-03-13,2019031301005481,NUBL,52,51,40,745.00,"29,800.00"
2019-03-13,2019031301005290,NUBL,52,38,60,745.00,"44,700.00"
2019-03-13,2019031301005289,NUBL,51,38,40,745.00,"29,800.00"
2019-03-13,2019031301005399,OHL,35,7,10,434.00,"4,340.00"
2019-03-13,2019031301005188,OHL,35,58,115,434.00,"49,910.00"
2019-03-13,2019031301005146,OHL,44,50,480,435.00,"208,800.00"
2019-03-13,2019031301005391,PCBL,34,35,888,320.00,"284,160.00"
2019-03-13,2019031301005331,PIC,49,58,10,"1,039.00","10,390.00"
2019-03-13,2019031301005204,PIC,16,16,1,"1,000.00","1,000.00"
2019-03-13,2019031301005147,PIC,16,16,1,"1,000.00","1,000.00"
2019-03-13,2019031301005092,PIC,5,53,60,"1,020.00","61,200.00"
2019-03-13,2019031301005455,PICL,40,58,26,701.00,"18,226.00"
2019-03-13,2019031301005454,PICL,43,58,74,702.00,"51,948.00"
2019-03-13,2019031301005117,PLIC,28,52,200,454.00,"90,800.00"
2019-03-13,2019031301005390,PMHPL,39,8,10,112.00,"1,120.00"
2019-03-13,2019031301005384,PMHPL,39,8,10,112.00,"1,120.00"
2019-03-13,2019031301005484,PRIN,20,53,200,417.00,"83,400.00"
2019-03-13,2019031301005551,PRVU,33,53,60,233.00,"13,980.00"
2019-03-13,2019031301005550,PRVU,28,53,40,234.00,"9,360.00"
2019-03-13,2019031301005531,PRVU,28,38,300,234.00,"70,200.00"
2019-03-13,2019031301005459,PRVU,28,42,10,234.00,"2,340.00"
2019-03-13,2019031301005252,PRVU,28,1,700,235.00,"164,500.00"
2019-03-13,2019031301005227,PRVU,28,38,300,235.00,"70,500.00"
2019-03-13,2019031301005226,PRVU,49,38,500,235.00,"117,500.00"
2019-03-13,2019031301005276,PRVU,49,36,700,235.00,"164,500.00"
2019-03-13,2019031301005257,PRVU,49,36,300,235.00,"70,500.00"
2019-03-13,2019031301005256,PRVU,29,36,500,235.00,"117,500.00"
2019-03-13,2019031301005255,PRVU,41,36,"1,000",235.00,"235,000.00"
2019-03-13,2019031301005254,PRVU,58,36,200,235.00,"47,000.00"
2019-03-13,2019031301005253,PRVU,58,1,300,235.00,"70,500.00"
2019-03-13,2019031301005383,PRVU,28,14,500,234.00,"117,000.00"
2019-03-13,2019031301005382,PRVU,28,26,100,234.00,"23,400.00"
2019-03-13,2019031301005359,PRVU,28,34,50,234.00,"11,700.00"
2019-03-13,2019031301005358,PRVU,41,34,100,234.00,"23,400.00"
2019-03-13,2019031301005357,PRVU,47,34,100,234.00,"23,400.00"
2019-03-13,2019031301005356,PRVU,35,34,100,234.00,"23,400.00"
2019-03-13,2019031301005452,RADHI,48,48,1,170.00,170.00
2019-03-13,2019031301005433,RADHI,48,48,1,170.00,170.00
2019-03-13,2019031301005386,RADHI,58,38,11,172.00,"1,892.00"
2019-03-13,2019031301005367,RADHI,37,38,11,173.00,"1,903.00"
2019-03-13,2019031301005150,RADHI,37,38,11,173.00,"1,903.00"
2019-03-13,2019031301005432,RBCL,39,34,10,"9,399.00","93,990.00"
2019-03-13,2019031301005296,RBCLPO,33,34,14,"8,600.00","120,400.00"
2019-03-13,2019031301005258,RMDC,34,58,97,540.00,"52,380.00"
2019-03-13,2019031301005159,RMDC,34,34,330,540.00,"178,200.00"
2019-03-13,2019031301005131,RMDC,34,34,573,540.00,"309,420.00"
2019-03-13,2019031301005186,RSDC,25,47,40,376.00,"15,040.00"
2019-03-13,2019031301005145,RSDC,51,47,10,376.00,"3,760.00"
2019-03-13,2019031301005515,SADBL,58,13,"1,000",141.00,"141,000.00"
2019-03-13,2019031301005514,SADBL,47,13,200,141.00,"28,200.00"
2019-03-13,2019031301005513,SADBL,58,13,"1,000",141.00,"141,000.00"
2019-03-13,2019031301005348,SAEF,42,53,400,9.19,"3,676.00"
2019-03-13,2019031301005480,SANIMA,42,45,22,305.00,"6,710.00"
2019-03-13,2019031301005479,SANIMA,29,45,28,305.00,"8,540.00"
2019-03-13,2019031301005214,SANIMA,29,1,22,305.00,"6,710.00"
2019-03-13,2019031301005213,SANIMA,41,1,78,305.00,"23,790.00"
2019-03-13,2019031301005485,SBBLJ,36,49,130,189.00,"24,570.00"
2019-03-13,2019031301005494,SBL,47,46,85,295.00,"25,075.00"
2019-03-13,2019031301005493,SBL,38,46,"1,000",295.00,"295,000.00"
2019-03-13,2019031301005492,SBL,28,46,90,295.00,"26,550.00"
2019-03-13,2019031301005477,SBL,28,42,10,295.00,"2,950.00"
2019-03-13,2019031301005476,SBL,28,13,300,295.00,"88,500.00"
2019-03-13,2019031301005336,SBL,28,22,100,295.00,"29,500.00"
2019-03-13,2019031301005090,SBL,25,22,100,297.00,"29,700.00"
2019-03-13,2019031301005089,SBL,25,53,"1,000",297.00,"297,000.00"
2019-03-13,2019031301005275,SBL,38,46,"1,500",296.00,"444,000.00"
2019-03-13,2019031301005274,SBL,47,46,50,296.00,"14,800.00"
2019-03-13,2019031301005273,SBL,40,46,500,296.00,"148,000.00"
2019-03-13,2019031301005272,SBL,28,46,60,296.00,"17,760.00"
2019-03-13,2019031301005261,SBL,28,5,200,296.00,"59,200.00"
2019-03-13,2019031301005091,SBL,25,34,842,297.00,"250,074.00"
2019-03-13,2019031301005542,SDESI,42,14,50,590.00,"29,500.00"
2019-03-13,2019031301005081,SDESI,33,49,50,594.00,"29,700.00"
2019-03-13,2019031301005320,SEF,54,53,400,9.35,"3,740.00"
2019-03-13,2019031301005453,SHPC,26,56,20,231.00,"4,620.00"
2019-03-13,2019031301005506,SIC,33,51,17,"1,300.00","22,100.00"
2019-03-13,2019031301005503,SIC,45,34,100,"1,299.00","129,900.00"
2019-03-13,2019031301005427,SIC,18,38,100,"1,300.00","130,000.00"
2019-03-13,2019031301005426,SIC,43,38,30,"1,300.00","39,000.00"
2019-03-13,2019031301005425,SIC,55,38,10,"1,301.00","13,010.00"
2019-03-13,2019031301005082,SIC,16,21,10,"1,301.00","13,010.00"
2019-03-13,2019031301005409,SICL,18,38,100,894.00,"89,400.00"
2019-03-13,2019031301005393,SICL,41,45,100,895.00,"89,500.00"
2019-03-13,2019031301005392,SICL,35,45,56,895.00,"50,120.00"
2019-03-13,2019031301005133,SICL,8,41,50,896.00,"44,800.00"
2019-03-13,2019031301005460,SIFC,41,53,50,136.00,"6,800.00"
2019-03-13,2019031301005421,SIL,34,58,10,618.00,"6,180.00"
2019-03-13,2019031301005420,SIL,47,58,50,620.00,"31,000.00"
2019-03-13,2019031301005419,SIL,50,58,140,620.00,"86,800.00"
2019-03-13,2019031301005402,SIL,50,49,60,620.00,"37,200.00"
2019-03-13,2019031301005401,SIL,1,49,100,620.00,"62,000.00"
2019-03-13,2019031301005400,SIL,1,49,40,621.00,"24,840.00"
2019-03-13,2019031301005411,SINDU,44,46,180,119.00,"21,420.00"
2019-03-13,2019031301005475,SKBBL,34,32,500,870.00,"435,000.00"
2019-03-13,2019031301005251,SKBBL,14,14,200,872.00,"174,400.00"
2019-03-13,2019031301005217,SKBBL,14,16,75,872.00,"65,400.00"
2019-03-13,2019031301005557,SLBS,8,39,32,957.00,"30,624.00"
2019-03-13,2019031301005437,SLBSL,18,46,10,758.00,"7,580.00"
2019-03-13,2019031301005326,SLBSL,18,29,10,758.00,"7,580.00"
2019-03-13,2019031301005208,SLBSL,22,45,10,760.00,"7,600.00"
2019-03-13,2019031301005207,SLBSL,22,34,10,760.00,"7,600.00"
2019-03-13,2019031301005527,SLICL,40,45,460,536.00,"246,560.00"
2019-03-13,2019031301005526,SLICL,55,45,40,536.00,"21,440.00"
2019-03-13,2019031301005247,SLICL,40,43,200,537.00,"107,400.00"
2019-03-13,2019031301005225,SLICL,45,53,498,538.00,"267,924.00"
2019-03-13,2019031301005224,SLICL,22,53,70,538.00,"37,660.00"
2019-03-13,2019031301005170,SLICL,22,13,130,538.00,"69,940.00"
2019-03-13,2019031301005169,SLICL,39,13,20,538.00,"10,760.00"
2019-03-13,2019031301005144,SMB,17,59,10,675.00,"6,750.00"
2019-03-13,2019031301005378,SPDL,41,56,400,102.00,"40,800.00"
2019-03-13,2019031301005190,SPDL,45,46,19,104.00,"1,976.00"
2019-03-13,2019031301005220,SRBL,38,50,434,221.00,"95,914.00"
2019-03-13,2019031301005381,SWBBL,39,51,46,823.00,"37,858.00"
2019-03-13,2019031301005380,SWBBL,34,51,48,823.00,"39,504.00"
2019-03-13,2019031301005353,SWBBL,34,51,452,823.00,"371,996.00"
2019-03-13,2019031301005352,SWBBL,21,51,10,825.00,"8,250.00"
2019-03-13,2019031301005313,SWBBL,21,34,100,825.00,"82,500.00"
2019-03-13,2019031301005559,UFL,28,44,167,162.00,"27,054.00"
2019-03-13,2019031301005535,UFL,28,39,513,162.00,"83,106.00"
2019-03-13,2019031301005528,UIC,17,39,40,775.00,"31,000.00"
2019-03-13,2019031301005463,UIC,17,19,75,775.00,"58,125.00"
2019-03-13,2019031301005422,UIC,19,19,25,780.00,"19,500.00"
2019-03-13,2019031301005189,UMHL,39,29,14,116.00,"1,624.00"
2019-03-13,2019031301005541,UPPER,41,38,30,239.00,"7,170.00"
2019-03-13,2019031301005540,UPPER,38,38,10,239.00,"2,390.00"
2019-03-13,2019031301005532,UPPER,38,38,40,239.00,"9,560.00"
2019-03-13,2019031301005466,UPPER,45,57,31,240.00,"7,440.00"
2019-03-13,2019031301005462,UPPER,45,39,169,240.00,"40,560.00"
2019-03-13,2019031301005461,UPPER,1,39,331,240.00,"79,440.00"
2019-03-13,2019031301005124,UPPER,50,33,50,240.00,"12,000.00"
2019-03-13,2019031301005080,UPPER,50,38,40,240.00,"9,600.00"
2019-03-13,2019031301005158,UPPER,50,38,40,240.00,"9,600.00"
2019-03-13,2019031301005140,UPPER,50,53,50,240.00,"12,000.00"
2019-03-13,2019031301005134,UPPER,50,33,50,240.00,"12,000.00"
2019-03-13,2019031301005127,UPPER,50,38,40,240.00,"9,600.00"
2019-03-13,2019031301005126,UPPER,33,33,200,241.00,"48,200.00"
2019-03-13,2019031301005125,UPPER,33,33,40,241.00,"9,640.00"
2019-03-13,2019031301005278,UPPER,50,57,50,240.00,"12,000.00"
2019-03-13,2019031301005248,UPPER,50,58,40,240.00,"9,600.00"
2019-03-13,2019031301005180,UPPER,50,56,50,240.00,"12,000.00"
2019-03-13,2019031301005178,UPPER,50,36,50,240.00,"12,000.00"
2019-03-13,2019031301005171,UPPER,50,56,50,240.00,"12,000.00"
2019-03-13,2019031301005162,UPPER,50,36,50,240.00,"12,000.00"
2019-03-13,2019031301005304,UPPER,48,48,60,241.00,"14,460.00"
2019-03-13,2019031301005303,UPPER,48,48,54,241.00,"13,014.00"
2019-03-13,2019031301005302,UPPER,48,48,72,241.00,"17,352.00"
2019-03-13,2019031301005301,UPPER,48,18,40,241.00,"9,640.00"
2019-03-13,2019031301005300,UPPER,48,18,40,241.00,"9,640.00"
2019-03-13,2019031301005295,UPPER,50,29,430,240.00,"103,200.00"
2019-03-13,2019031301005340,UPPER,46,33,"1,000",240.00,"240,000.00"
2019-03-13,2019031301005339,UPPER,25,33,200,240.00,"48,000.00"
2019-03-13,2019031301005338,UPPER,47,33,100,240.00,"24,000.00"
2019-03-13,2019031301005337,UPPER,50,33,528,240.00,"126,720.00"
2019-03-13,2019031301005335,UPPER,50,56,50,240.00,"12,000.00"
2019-03-13,2019031301005325,UPPER,50,8,50,240.00,"12,000.00"
2019-03-13,2019031301005346,UPPER,34,8,50,240.00,"12,000.00"
2019-03-13,2019031301005345,UPPER,34,33,72,240.00,"17,280.00"
2019-03-13,2019031301005344,UPPER,50,33,"2,000",240.00,"480,000.00"
2019-03-13,2019031301005343,UPPER,22,33,400,240.00,"96,000.00"
2019-03-13,2019031301005342,UPPER,22,33,500,240.00,"120,000.00"
2019-03-13,2019031301005341,UPPER,44,33,200,240.00,"48,000.00"
2019-03-13,2019031301005387,UPPER,34,53,543,240.00,"130,320.00"
2019-03-13,2019031301005385,UPPER,34,16,40,240.00,"9,600.00"
2019-03-13,2019031301005377,UPPER,34,38,40,240.00,"9,600.00"
2019-03-13,2019031301005362,UPPER,34,8,50,240.00,"12,000.00"
2019-03-13,2019031301005360,UPPER,34,56,165,240.00,"39,600.00"
2019-03-13,2019031301005350,UPPER,34,38,40,240.00,"9,600.00"
2019-03-13,2019031301005451,UPPER,1,59,150,240.00,"36,000.00"
2019-03-13,2019031301005438,UPPER,1,56,50,240.00,"12,000.00"
2019-03-13,2019031301005424,UPPER,1,59,52,240.00,"12,480.00"
2019-03-13,2019031301005416,UPPER,1,53,177,240.00,"42,480.00"
2019-03-13,2019031301005407,UPPER,38,57,50,239.00,"11,950.00"
2019-03-13,2019031301005388,UPPER,45,53,100,240.00,"24,000.00"
2019-03-13,2019031301005006,ADBL,45,52,168,303.00,"50,904.00"
2019-03-13,2019031301004991,ADBL,45,32,21,303.00,"6,363.00"
2019-03-13,2019031301004897,ADBL,45,14,415,303.00,"125,745.00"
2019-03-13,2019031301004838,ADBL,42,14,85,303.00,"25,755.00"
2019-03-13,2019031301004836,ADBL,42,59,915,303.00,"277,245.00"
2019-03-13,2019031301004835,ADBL,57,59,265,303.00,"80,295.00"
2019-03-13,2019031301004834,ADBL,49,59,20,304.00,"6,080.00"
2019-03-13,2019031301005001,AHPC,57,39,87,106.00,"9,222.00"
2019-03-13,2019031301004712,AHPC,57,45,316,106.00,"33,496.00"
2019-03-13,2019031301004573,AHPC,22,39,200,107.00,"21,400.00"
2019-03-13,2019031301004572,AHPC,22,48,350,107.00,"37,450.00"
2019-03-13,2019031301005056,AKPL,22,56,13,184.00,"2,392.00"
2019-03-13,2019031301004783,AKPL,22,56,13,184.00,"2,392.00"
2019-03-13,2019031301004606,AKPL,22,56,13,184.00,"2,392.00"
2019-03-13,2019031301005018,ALICL,1,53,56,397.00,"22,232.00"
2019-03-13,2019031301004980,ALICL,1,50,100,397.00,"39,700.00"
2019-03-13,2019031301004921,ALICL,54,57,40,398.00,"15,920.00"
2019-03-13,2019031301004773,ALICL,54,54,57,398.00,"22,686.00"
2019-03-13,2019031301004772,ALICL,42,54,100,398.00,"39,800.00"
2019-03-13,2019031301004771,ALICL,44,54,343,398.00,"136,514.00"
2019-03-13,2019031301004570,ALICL,44,54,500,398.00,"199,000.00"
2019-03-13,2019031301004626,AMFI,45,58,40,640.00,"25,600.00"
2019-03-13,2019031301004625,AMFI,19,58,30,641.00,"19,230.00"
2019-03-13,2019031301004624,AMFI,42,58,40,642.00,"25,680.00"
2019-03-13,2019031301005028,API,42,51,94,138.00,"12,972.00"
2019-03-13,2019031301004950,BARUN,34,39,"1,000",99.00,"99,000.00"
2019-03-13,2019031301004938,BARUN,34,39,200,100.00,"20,000.00"
2019-03-13,2019031301005035,BPCL,42,34,150,362.00,"54,300.00"
2019-03-13,2019031301004788,BPCL,35,58,300,364.00,"109,200.00"
2019-03-13,2019031301004669,CBBL,50,25,90,899.00,"80,910.00"
2019-03-13,2019031301004668,CBBL,33,25,10,899.00,"8,990.00"
2019-03-13,2019031301005066,CBL,28,19,50,158.00,"7,900.00"
2019-03-13,2019031301005043,CBL,1,58,500,159.00,"79,500.00"
2019-03-13,2019031301004948,CBL,26,58,265,159.00,"42,135.00"
2019-03-13,2019031301004892,CBL,26,57,90,159.00,"14,310.00"
2019-03-13,2019031301004818,CBL,26,56,145,159.00,"23,055.00"
2019-03-13,2019031301004637,CBL,19,56,100,159.00,"15,900.00"
2019-03-13,2019031301004613,CBL,28,53,45,159.00,"7,155.00"
2019-03-13,2019031301004636,CBL,1,56,100,159.00,"15,900.00"
2019-03-13,2019031301004635,CBL,38,56,155,159.00,"24,645.00"
2019-03-13,2019031301004620,CBL,38,58,845,159.00,"134,355.00"
2019-03-13,2019031301004619,CBL,59,58,700,159.00,"111,300.00"
2019-03-13,2019031301004618,CBL,36,58,500,159.00,"79,500.00"
2019-03-13,2019031301004617,CBL,28,58,955,159.00,"151,845.00"
2019-03-13,2019031301005059,CCBL,45,19,50,165.00,"8,250.00"
2019-03-13,2019031301004959,CCBL,45,58,73,165.00,"12,045.00"
2019-03-13,2019031301004953,CCBL,34,26,192,166.00,"31,872.00"
2019-03-13,2019031301004901,CCBL,34,37,308,166.00,"51,128.00"
2019-03-13,2019031301004900,CCBL,42,37,56,166.00,"9,296.00"
2019-03-13,2019031301004899,CCBL,34,37,161,166.00,"26,726.00"
2019-03-13,2019031301004869,CCBL,34,56,339,166.00,"56,274.00"
2019-03-13,2019031301004868,CCBL,56,56,21,166.00,"3,486.00"
2019-03-13,2019031301004867,CCBL,21,56,100,166.00,"16,600.00"
2019-03-13,2019031301004866,CCBL,59,56,252,166.00,"41,832.00"
2019-03-13,2019031301004722,CCBL,59,49,144,166.00,"23,904.00"
2019-03-13,2019031301004686,CCBL,40,7,150,168.00,"25,200.00"
2019-03-13,2019031301004917,CFCL,55,54,10,107.00,"1,070.00"
2019-03-13,2019031301005063,CHCL,45,6,175,513.00,"89,775.00"
2019-03-13,2019031301005062,CHCL,41,6,100,513.00,"51,300.00"
2019-03-13,2019031301005061,CHCL,50,6,50,513.00,"25,650.00"
2019-03-13,2019031301005060,CHCL,37,6,31,514.00,"15,934.00"
2019-03-13,2019031301005055,CHCL,37,53,19,514.00,"9,766.00"
2019-03-13,2019031301004784,CHCL,55,55,25,516.00,"12,900.00"
2019-03-13,2019031301005049,CHLBS,45,1,10,564.00,"5,640.00"
2019-03-13,2019031301004979,CHLBS,48,48,10,565.00,"5,650.00"
2019-03-13,2019031301004944,CHLBS,48,48,10,565.00,"5,650.00"
2019-03-13,2019031301004833,CHLBS,45,50,10,564.00,"5,640.00"
2019-03-13,2019031301004775,CHLBS,45,56,10,564.00,"5,640.00"
2019-03-13,2019031301004662,CHLBS,17,34,10,565.00,"5,650.00"
2019-03-13,2019031301004621,CHLBS,17,50,50,565.00,"28,250.00"
2019-03-13,2019031301004601,CHLBS,17,37,10,565.00,"5,650.00"
2019-03-13,2019031301004583,CHLBS,17,37,10,565.00,"5,650.00"
2019-03-13,2019031301004906,CIT,26,58,100,"2,645.00","264,500.00"
2019-03-13,2019031301004905,CIT,37,58,20,"2,645.00","52,900.00"
2019-03-13,2019031301004634,CIT,50,49,50,"2,650.00","132,500.00"
2019-03-13,2019031301004633,CIT,33,49,16,"2,650.00","42,400.00"
2019-03-13,2019031301004732,CMF1,21,45,"1,000",8.79,"8,790.00"
2019-03-13,2019031301005034,CZBIL,45,36,200,212.00,"42,400.00"
2019-03-13,2019031301005033,CZBIL,34,36,200,212.00,"42,400.00"
2019-03-13,2019031301005032,CZBIL,10,36,230,212.00,"48,760.00"
2019-03-13,2019031301004731,DBBL,28,56,14,126.00,"1,764.00"
2019-03-13,2019031301004831,DDBL,38,28,100,597.00,"59,700.00"
2019-03-13,2019031301004733,DDBL,11,25,100,598.00,"59,800.00"
2019-03-13,2019031301004945,EBL,40,46,200,537.00,"107,400.00"
2019-03-13,2019031301004888,EBL,40,19,320,537.00,"171,840.00"
2019-03-13,2019031301004887,EBL,28,19,100,537.00,"53,700.00"
2019-03-13,2019031301004886,EBL,43,19,500,537.00,"268,500.00"
2019-03-13,2019031301004885,EBL,21,19,80,538.00,"43,040.00"
2019-03-13,2019031301004595,EBL,14,25,500,538.00,"269,000.00"
2019-03-13,2019031301004594,EBL,34,25,100,538.00,"53,800.00"
2019-03-13,2019031301004593,EBL,19,25,91,539.00,"49,049.00"
2019-03-13,2019031301004586,EBL,19,19,50,539.00,"26,950.00"
2019-03-13,2019031301004819,EBL,21,22,238,538.00,"128,044.00"
2019-03-13,2019031301004596,EBL,21,25,172,538.00,"92,536.00"
2019-03-13,2019031301004781,EIC,11,44,100,839.00,"83,900.00"
2019-03-13,2019031301004667,EIC,11,32,100,840.00,"84,000.00"
2019-03-13,2019031301004666,EIC,35,32,300,840.00,"252,000.00"
2019-03-13,2019031301004665,EIC,3,32,50,840.00,"42,000.00"
2019-03-13,2019031301004664,EIC,41,32,50,840.00,"42,000.00"
2019-03-13,2019031301004663,EIC,7,32,95,841.00,"79,895.00"
2019-03-13,2019031301004659,EIC,7,44,55,841.00,"46,255.00"
2019-03-13,2019031301004658,EIC,7,44,40,841.00,"33,640.00"
2019-03-13,2019031301004589,EIC,43,44,50,845.00,"42,250.00"
2019-03-13,2019031301004685,FMDBL,35,56,100,378.00,"37,800.00"
2019-03-13,2019031301004588,FOWAD,47,58,20,"1,543.00","30,860.00"
2019-03-13,2019031301004577,FOWAD,47,53,26,"1,543.00","40,118.00"
2019-03-13,2019031301004983,GBBL,6,34,100,190.00,"19,000.00"
2019-03-13,2019031301005068,GBIME,28,36,500,267.00,"133,500.00"
2019-03-13,2019031301005054,GBIME,42,36,50,268.00,"13,400.00"
2019-03-13,2019031301005053,GBIME,48,36,50,268.00,"13,400.00"
2019-03-13,2019031301005052,GBIME,48,36,50,268.00,"13,400.00"
2019-03-13,2019031301005051,GBIME,42,36,290,268.00,"77,720.00"
2019-03-13,2019031301004810,GBIME,42,46,210,268.00,"56,280.00"
2019-03-13,2019031301004809,GBIME,1,46,200,268.00,"53,600.00"
2019-03-13,2019031301004808,GBIME,33,46,490,268.00,"131,320.00"
2019-03-13,2019031301004769,GBIME,8,19,255,269.00,"68,595.00"
2019-03-13,2019031301004736,GBIME,42,46,100,270.00,"27,000.00"
2019-03-13,2019031301004598,GBIME,45,19,50,270.00,"13,500.00"
