Date,Transact. No.,Symbol,Buyer,Seller,Quantity,Rate,Amount
2019-05-13,2019051301008592,ADBL,43,49,100,386.00,"38,600.00"
2019-05-13,2019051301008521,ADBL,58,14,"3,000",387.00,"1,161,000.00"
2019-05-13,2019051301008520,ADBL,57,14,50,387.00,"19,350.00"
2019-05-13,2019051301008519,ADBL,46,14,10,387.00,"3,870.00"
2019-05-13,2019051301008518,ADBL,52,14,200,387.00,"77,400.00"
2019-05-13,2019051301008517,ADBL,25,14,100,388.00,"38,800.00"
2019-05-13,2019051301008516,ADBL,50,14,82,388.00,"31,816.00"
2019-05-13,2019051301008429,AHPC,10,10,500,109.00,"54,500.00"
2019-05-13,2019051301008428,AHPC,45,28,108,108.00,"11,664.00"
2019-05-13,2019051301008655,AKPL,41,54,50,199.00,"9,950.00"
2019-05-13,2019051301008654,AKPL,41,39,130,199.00,"25,870.00"
2019-05-13,2019051301008653,AKPL,41,1,350,198.00,"69,300.00"
2019-05-13,2019051301008652,AKPL,41,25,200,197.00,"39,400.00"
2019-05-13,2019051301008651,AKPL,41,34,33,197.00,"6,501.00"
2019-05-13,2019051301008638,AKPL,41,4,13,196.00,"2,548.00"
2019-05-13,2019051301008637,AKPL,41,19,60,195.00,"11,700.00"
2019-05-13,2019051301008280,ALICL,42,52,100,443.00,"44,300.00"
2019-05-13,2019051301008296,AMFI,1,39,20,575.00,"11,500.00"
2019-05-13,2019051301008680,API,25,4,30,140.00,"4,200.00"
2019-05-13,2019051301008597,API,6,17,283,138.00,"39,054.00"
2019-05-13,2019051301008559,API,25,4,71,140.00,"9,940.00"
2019-05-13,2019051301008558,API,25,57,340,139.00,"47,260.00"
2019-05-13,2019051301008557,API,25,26,"1,789",139.00,"248,671.00"
2019-05-13,2019051301008384,API,25,26,11,139.00,"1,529.00"
2019-05-13,2019051301008383,API,25,17,294,138.00,"40,572.00"
2019-05-13,2019051301008382,API,25,42,195,138.00,"26,910.00"
2019-05-13,2019051301008327,API,38,42,500,138.00,"69,000.00"
2019-05-13,2019051301008271,API,42,26,200,139.00,"27,800.00"
2019-05-13,2019051301008573,BHBL,11,58,87,184.00,"16,008.00"
2019-05-13,2019051301008572,BHBL,11,59,16,184.00,"2,944.00"
2019-05-13,2019051301008571,BHBL,11,42,"1,630",183.00,"298,290.00"
2019-05-13,2019051301008570,BHBL,11,20,100,183.00,"18,300.00"
2019-05-13,2019051301008569,BHBL,11,20,200,183.00,"36,600.00"
2019-05-13,2019051301008568,BHBL,11,1,11,183.00,"2,013.00"
2019-05-13,2019051301008567,BHBL,11,1,500,182.00,"91,000.00"
2019-05-13,2019051301008566,BHBL,11,21,949,181.00,"171,769.00"
2019-05-13,2019051301008565,BHBL,11,11,25,181.00,"4,525.00"
2019-05-13,2019051301008564,BHBL,11,34,100,181.00,"18,100.00"
2019-05-13,2019051301008563,BHBL,11,49,82,181.00,"14,842.00"
2019-05-13,2019051301008611,BOKL,25,38,50,277.00,"13,850.00"
2019-05-13,2019051301008610,BOKL,25,4,516,277.00,"142,932.00"
2019-05-13,2019051301008609,BOKL,25,49,100,277.00,"27,700.00"
2019-05-13,2019051301008608,BOKL,25,37,66,277.00,"18,282.00"
2019-05-13,2019051301008607,BOKL,25,22,57,277.00,"15,789.00"
2019-05-13,2019051301008707,BPCL,4,39,500,383.00,"191,500.00"
2019-05-13,2019051301008706,BPCL,36,39,500,383.00,"191,500.00"
2019-05-13,2019051301008656,BPCL,14,56,300,387.00,"116,100.00"
2019-05-13,2019051301008454,BPCL,37,39,400,389.00,"155,600.00"
2019-05-13,2019051301008433,BPCL,57,59,880,390.00,"343,200.00"
2019-05-13,2019051301008432,BPCL,57,20,20,390.00,"7,800.00"
2019-05-13,2019051301008312,BPCL,6,56,480,382.00,"183,360.00"
2019-05-13,2019051301008297,BPCL,46,46,11,386.00,"4,246.00"
2019-05-13,2019051301008259,BPCL,6,1,20,382.00,"7,640.00"
2019-05-13,2019051301008333,BPCL,21,32,100,390.00,"39,000.00"
2019-05-13,2019051301008332,BPCL,21,50,100,390.00,"39,000.00"
2019-05-13,2019051301008316,BPCL,21,46,200,387.00,"77,400.00"
2019-05-13,2019051301008315,BPCL,21,53,50,387.00,"19,350.00"
2019-05-13,2019051301008314,BPCL,21,46,489,386.00,"188,754.00"
2019-05-13,2019051301008313,BPCL,57,56,20,382.00,"7,640.00"
2019-05-13,2019051301008339,BPCL,21,20,280,390.00,"109,200.00"
2019-05-13,2019051301008338,BPCL,21,42,100,390.00,"39,000.00"
2019-05-13,2019051301008337,BPCL,21,41,11,390.00,"4,290.00"
2019-05-13,2019051301008336,BPCL,21,26,70,390.00,"27,300.00"
2019-05-13,2019051301008335,BPCL,21,13,500,390.00,"195,000.00"
2019-05-13,2019051301008334,BPCL,21,41,100,390.00,"39,000.00"
2019-05-13,2019051301008612,CBBL,26,35,100,951.00,"95,100.00"
2019-05-13,2019051301008490,CBBL,54,43,200,950.00,"190,000.00"
2019-05-13,2019051301008596,CBL,53,29,200,149.00,"29,800.00"
2019-05-13,2019051301008385,CBL,14,29,500,149.00,"74,500.00"
2019-05-13,2019051301008227,CBL,18,29,250,149.00,"37,250.00"
2019-05-13,2019051301008226,CBL,18,13,250,149.00,"37,250.00"
2019-05-13,2019051301008666,CCBL,36,43,100,173.00,"17,300.00"
2019-05-13,2019051301008708,CHCL,6,51,10,537.00,"5,370.00"
2019-05-13,2019051301008606,CHCL,49,8,86,530.00,"45,580.00"
2019-05-13,2019051301008530,CHCL,46,8,14,538.00,"7,532.00"
2019-05-13,2019051301008389,CHCL,55,38,100,528.00,"52,800.00"
2019-05-13,2019051301008388,CHCL,55,38,201,528.00,"106,128.00"
2019-05-13,2019051301008387,CHCL,55,38,500,530.00,"265,000.00"
2019-05-13,2019051301008288,CHCL,46,59,13,544.00,"7,072.00"
2019-05-13,2019051301008386,CHCL,46,38,300,533.00,"159,900.00"
2019-05-13,2019051301008344,CHCL,21,38,100,535.00,"53,500.00"
2019-05-13,2019051301008343,CHCL,21,38,84,535.00,"44,940.00"
2019-05-13,2019051301008342,CHCL,46,38,300,537.00,"161,100.00"
2019-05-13,2019051301008341,CHCL,1,38,365,538.00,"196,370.00"
2019-05-13,2019051301008340,CHCL,7,38,50,539.00,"26,950.00"
2019-05-13,2019051301008574,CHLBS,32,22,10,475.00,"4,750.00"
2019-05-13,2019051301008317,CHLBS,14,36,10,470.00,"4,700.00"
2019-05-13,2019051301008702,CIT,25,50,13,"2,653.00","34,489.00"
2019-05-13,2019051301008701,CIT,22,50,37,"2,654.00","98,198.00"
2019-05-13,2019051301008635,CORBL,6,25,100,98.00,"9,800.00"
2019-05-13,2019051301008267,CZBIL,46,22,500,225.00,"112,500.00"
2019-05-13,2019051301008318,CZBIL,29,5,100,224.00,"22,400.00"
2019-05-13,2019051301008561,DBBL,58,28,100,138.00,"13,800.00"
2019-05-13,2019051301008540,DBBL,58,29,300,137.00,"41,100.00"
2019-05-13,2019051301008539,DBBL,58,56,150,137.00,"20,550.00"
2019-05-13,2019051301008538,DBBL,58,34,690,137.00,"94,530.00"
2019-05-13,2019051301008262,DDBL,10,20,200,733.00,"146,600.00"
2019-05-13,2019051301008425,EBL,58,45,20,668.00,"13,360.00"
2019-05-13,2019051301008424,EBL,43,45,80,668.00,"53,440.00"
2019-05-13,2019051301008225,EDBL,34,13,"1,646",295.00,"485,570.00"
2019-05-13,2019051301008529,FMDBL,46,28,300,410.00,"123,000.00"
2019-05-13,2019051301008528,FMDBL,46,28,22,410.00,"9,020.00"
2019-05-13,2019051301008455,FMDBL,25,34,100,411.00,"41,100.00"
2019-05-13,2019051301008586,GBIME,44,38,972,310.00,"301,320.00"
2019-05-13,2019051301008585,GBIME,29,38,28,310.00,"8,680.00"
2019-05-13,2019051301008501,GBIME,29,38,972,310.00,"301,320.00"
2019-05-13,2019051301008500,GBIME,57,38,100,310.00,"31,000.00"
2019-05-13,2019051301008499,GBIME,45,38,100,310.00,"31,000.00"
2019-05-13,2019051301008498,GBIME,26,38,200,310.00,"62,000.00"
2019-05-13,2019051301008497,GBIME,57,38,50,310.00,"15,500.00"
2019-05-13,2019051301008496,GBIME,6,38,32,310.00,"9,920.00"
2019-05-13,2019051301008495,GBIME,17,38,"1,000",310.00,"310,000.00"
2019-05-13,2019051301008494,GBIME,45,38,"1,000",310.00,"310,000.00"
2019-05-13,2019051301008493,GBIME,47,38,602,310.00,"186,620.00"
2019-05-13,2019051301008486,GBLBS,29,50,10,363.00,"3,630.00"
2019-05-13,2019051301008506,GDBL,26,17,500,207.00,"103,500.00"
2019-05-13,2019051301008505,GDBL,26,17,500,207.00,"103,500.00"
2019-05-13,2019051301008504,GDBL,14,17,931,207.00,"192,717.00"
2019-05-13,2019051301008594,GFCL,1,34,17,119.00,"2,023.00"
2019-05-13,2019051301008709,GLICL,42,6,40,570.00,"22,800.00"
2019-05-13,2019051301008633,GLICL,42,42,50,570.00,"28,500.00"
2019-05-13,2019051301008348,GLICL,42,34,10,570.00,"5,700.00"
2019-05-13,2019051301008523,HBL,48,3,400,588.00,"235,200.00"
2019-05-13,2019051301008543,HDL,38,11,20,"1,934.00","38,680.00"
2019-05-13,2019051301008326,HDL,38,50,20,"1,934.00","38,680.00"
2019-05-13,2019051301008294,HDL,44,50,20,"1,934.00","38,680.00"
2019-05-13,2019051301008293,HDL,44,14,10,"1,902.00","19,020.00"
2019-05-13,2019051301008292,HDL,44,34,20,"1,901.00","38,020.00"
2019-05-13,2019051301008310,HIDCL,35,41,14,160.00,"2,240.00"
2019-05-13,2019051301008231,HIDCL,35,21,430,160.00,"68,800.00"
2019-05-13,2019051301008711,IGI,7,1,10,431.00,"4,310.00"
2019-05-13,2019051301008669,IGI,5,25,50,430.00,"21,500.00"
2019-05-13,2019051301008525,IGI,52,44,200,425.00,"85,000.00"
2019-05-13,2019051301008668,IGI,5,22,62,429.00,"26,598.00"
2019-05-13,2019051301008667,IGI,5,39,100,428.00,"42,800.00"
2019-05-13,2019051301008299,JBBL,10,48,907,141.00,"127,887.00"
2019-05-13,2019051301008679,JBNL,18,51,500,203.00,"101,500.00"
2019-05-13,2019051301008678,JBNL,36,51,100,203.00,"20,300.00"
2019-05-13,2019051301008677,JBNL,49,51,107,203.00,"21,721.00"
2019-05-13,2019051301008580,JBNL,48,51,50,204.00,"10,200.00"
2019-05-13,2019051301008408,JBNL,49,8,100,203.00,"20,300.00"
2019-05-13,2019051301008223,JBNL,10,51,252,204.00,"51,408.00"
2019-05-13,2019051301008222,JBNL,10,58,748,204.00,"152,592.00"
2019-05-13,2019051301008511,JFL,6,37,289,173.00,"49,997.00"
2019-05-13,2019051301008510,JFL,6,19,20,173.00,"3,460.00"
2019-05-13,2019051301008509,JFL,6,47,569,173.00,"98,437.00"
2019-05-13,2019051301008491,JFL,6,50,122,172.00,"20,984.00"
2019-05-13,2019051301008366,JSLBB,35,48,20,"2,145.00","42,900.00"
2019-05-13,2019051301008507,KBL,25,48,700,221.00,"154,700.00"
2019-05-13,2019051301008641,KRBL,1,57,800,97.00,"77,600.00"
2019-05-13,2019051301008703,KSBBL,33,1,10,152.00,"1,520.00"
2019-05-13,2019051301008649,KSBBL,56,1,874,152.00,"132,848.00"
2019-05-13,2019051301008648,KSBBL,56,1,800,151.00,"120,800.00"
2019-05-13,2019051301008647,KSBBL,56,25,826,151.00,"124,726.00"
2019-05-13,2019051301008489,KSBBL,17,25,174,151.00,"26,274.00"
2019-05-13,2019051301008488,KSBBL,17,20,126,151.00,"19,026.00"
2019-05-13,2019051301008487,KSBBL,17,43,200,151.00,"30,200.00"
2019-05-13,2019051301008710,LBBL,56,33,300,192.00,"57,600.00"
2019-05-13,2019051301008484,LBBL,56,33,500,192.00,"96,000.00"
2019-05-13,2019051301008483,LBBL,42,33,600,192.00,"115,200.00"
2019-05-13,2019051301008482,LBBL,57,33,600,192.00,"115,200.00"
2019-05-13,2019051301008270,LBBL,38,51,"1,000",192.00,"192,000.00"
2019-05-13,2019051301008266,LBBL,38,4,"1,000",192.00,"192,000.00"
2019-05-13,2019051301008427,LBL,32,5,474,226.00,"107,124.00"
2019-05-13,2019051301008426,LBL,32,14,26,226.00,"5,876.00"
2019-05-13,2019051301008232,LBL,58,49,50,225.00,"11,250.00"
2019-05-13,2019051301008688,LGIL,41,14,300,519.00,"155,700.00"
2019-05-13,2019051301008682,LGIL,34,14,20,519.00,"10,380.00"
2019-05-13,2019051301008261,LGIL,14,14,100,515.00,"51,500.00"
2019-05-13,2019051301008260,LGIL,7,14,500,515.00,"257,500.00"
2019-05-13,2019051301008228,LGIL,51,51,40,516.00,"20,640.00"
2019-05-13,2019051301008395,LICN,44,32,100,"1,897.00","189,700.00"
2019-05-13,2019051301008394,LICN,44,32,100,"1,896.00","189,600.00"
2019-05-13,2019051301008381,MBL,50,57,176,265.00,"46,640.00"
2019-05-13,2019051301008380,MBL,36,57,606,265.00,"160,590.00"
2019-05-13,2019051301008379,MBL,14,57,"1,000",266.00,"266,000.00"
2019-05-13,2019051301008378,MBL,59,57,300,266.00,"79,800.00"
2019-05-13,2019051301008377,MBL,14,57,500,266.00,"133,000.00"
2019-05-13,2019051301008376,MBL,39,57,50,266.00,"13,300.00"
2019-05-13,2019051301008375,MBL,57,57,"1,000",266.00,"266,000.00"
2019-05-13,2019051301008374,MBL,50,57,100,266.00,"26,600.00"
2019-05-13,2019051301008533,MEGA,35,17,101,193.00,"19,493.00"
2019-05-13,2019051301008420,MEGA,35,42,53,193.00,"10,229.00"
2019-05-13,2019051301008419,MEGA,58,42,550,193.00,"106,150.00"
2019-05-13,2019051301008418,MEGA,36,42,50,193.00,"9,650.00"
2019-05-13,2019051301008417,MEGA,29,42,51,193.00,"9,843.00"
2019-05-13,2019051301008416,MEGA,48,42,500,193.00,"96,500.00"
2019-05-13,2019051301008415,MEGA,57,42,200,193.00,"38,600.00"
2019-05-13,2019051301008414,MEGA,34,42,196,193.00,"37,828.00"
2019-05-13,2019051301008229,MERO,45,38,16,626.00,"10,016.00"
2019-05-13,2019051301008480,MMFDB,33,33,78,899.00,"70,122.00"
2019-05-13,2019051301008281,MMFDB,6,16,56,898.00,"50,288.00"
2019-05-13,2019051301008657,NABIL,49,57,10,844.00,"8,440.00"
2019-05-13,2019051301008328,NABIL,1,19,96,841.00,"80,736.00"
2019-05-13,2019051301008298,NABILP,19,43,50,821.00,"41,050.00"
2019-05-13,2019051301008555,NADEP,57,18,20,495.00,"9,900.00"
2019-05-13,2019051301008554,NADEP,4,18,120,495.00,"59,400.00"
2019-05-13,2019051301008553,NADEP,43,18,50,496.00,"24,800.00"
2019-05-13,2019051301008587,NBB,21,53,50,228.00,"11,400.00"
2019-05-13,2019051301008421,NBB,1,53,100,228.00,"22,800.00"
2019-05-13,2019051301008269,NBB,34,5,50,227.00,"11,350.00"
2019-05-13,2019051301008268,NBB,45,5,50,227.00,"11,350.00"
2019-05-13,2019051301008721,NBL,25,57,"1,000",309.00,"309,000.00"
2019-05-13,2019051301008720,NBL,38,57,60,309.00,"18,540.00"
2019-05-13,2019051301008719,NBL,34,57,"1,000",309.00,"309,000.00"
2019-05-13,2019051301008718,NBL,1,57,300,309.00,"92,700.00"
2019-05-13,2019051301008717,NBL,25,57,"4,500",309.00,"1,390,500.00"
2019-05-13,2019051301008705,NBL,33,4,100,310.00,"31,000.00"
2019-05-13,2019051301008673,NBL,25,45,500,309.00,"154,500.00"
2019-05-13,2019051301008672,NBL,10,45,500,309.00,"154,500.00"
2019-05-13,2019051301008522,NBL,10,43,500,309.00,"154,500.00"
2019-05-13,2019051301008622,NCCB,50,6,13,249.00,"3,237.00"
2019-05-13,2019051301008614,NCCB,57,6,343,249.00,"85,407.00"
2019-05-13,2019051301008613,NCCB,57,54,157,249.00,"39,093.00"
2019-05-13,2019051301008302,NCCB,38,54,42,249.00,"10,458.00"
2019-05-13,2019051301008301,NCCB,38,49,500,249.00,"124,500.00"
2019-05-13,2019051301008300,NCCB,38,34,"4,458",249.00,"1,110,042.00"
2019-05-13,2019051301008284,NCCB,44,29,900,248.00,"223,200.00"
2019-05-13,2019051301008242,NGPL,1,55,11,116.00,"1,276.00"
2019-05-13,2019051301008479,NHPC,5,49,"1,600",70.00,"112,000.00"
2019-05-13,2019051301008478,NHPC,5,7,900,70.00,"63,000.00"
2019-05-13,2019051301008448,NHPC,5,7,100,70.00,"7,000.00"
2019-05-13,2019051301008447,NHPC,5,38,500,70.00,"35,000.00"
2019-05-13,2019051301008446,NHPC,5,21,500,70.00,"35,000.00"
2019-05-13,2019051301008445,NHPC,5,41,500,70.00,"35,000.00"
2019-05-13,2019051301008263,NHPC,10,43,120,68.00,"8,160.00"
2019-05-13,2019051301008444,NHPC,5,7,"1,900",70.00,"133,000.00"
2019-05-13,2019051301008443,NHPC,5,56,500,70.00,"35,000.00"
2019-05-13,2019051301008442,NHPC,5,56,"1,000",70.00,"70,000.00"
2019-05-13,2019051301008403,NHPC,5,6,10,69.00,690.00
2019-05-13,2019051301008402,NHPC,5,49,400,69.00,"27,600.00"
2019-05-13,2019051301008401,NHPC,5,41,"4,000",69.00,"276,000.00"
2019-05-13,2019051301008646,NIB,59,44,28,547.00,"15,316.00"
2019-05-13,2019051301008634,NIB,54,54,9,546.00,"4,914.00"
2019-05-13,2019051301008405,NIB,59,55,13,547.00,"7,111.00"
2019-05-13,2019051301008404,NIB,25,55,31,547.00,"16,957.00"
2019-05-13,2019051301008363,NIB,39,44,172,549.00,"94,428.00"
2019-05-13,2019051301008362,NIB,39,17,28,549.00,"15,372.00"
2019-05-13,2019051301008687,NIBPO,25,52,64,514.00,"32,896.00"
2019-05-13,2019051301008686,NIBPO,45,52,20,514.00,"10,280.00"
2019-05-13,2019051301008676,NICA,43,58,62,487.00,"30,194.00"
2019-05-13,2019051301008675,NICA,40,58,500,488.00,"244,000.00"
2019-05-13,2019051301008577,NICA,43,59,100,488.00,"48,800.00"
2019-05-13,2019051301008430,NICA,43,46,500,487.00,"243,500.00"
2019-05-13,2019051301008357,NICA,55,58,961,486.00,"467,046.00"
2019-05-13,2019051301008356,NICA,25,58,"1,000",486.00,"486,000.00"
2019-05-13,2019051301008279,NICA,26,28,300,488.00,"146,400.00"
2019-05-13,2019051301008355,NICA,21,58,500,486.00,"243,000.00"
2019-05-13,2019051301008354,NICA,19,58,"1,000",487.00,"487,000.00"
2019-05-13,2019051301008353,NICA,47,58,100,487.00,"48,700.00"
2019-05-13,2019051301008352,NICA,51,58,500,487.00,"243,500.00"
2019-05-13,2019051301008351,NICA,42,58,"1,000",487.00,"487,000.00"
2019-05-13,2019051301008350,NICA,33,58,100,487.00,"48,700.00"
2019-05-13,2019051301008605,NIL,55,55,100,528.00,"52,800.00"
2019-05-13,2019051301008593,NIL,33,46,50,529.00,"26,450.00"
2019-05-13,2019051301008556,NIL,55,44,11,528.00,"5,808.00"
2019-05-13,2019051301008248,NIL,4,44,200,528.00,"105,600.00"
2019-05-13,2019051301008475,NLBBL,39,57,500,531.00,"265,500.00"
2019-05-13,2019051301008247,NLBBL,33,28,100,530.00,"53,000.00"
2019-05-13,2019051301008246,NLBBL,33,57,110,530.00,"58,300.00"
2019-05-13,2019051301008224,NLBBL,58,57,200,530.00,"106,000.00"
2019-05-13,2019051301008537,NLIC,42,53,200,960.00,"192,000.00"
2019-05-13,2019051301008536,NLIC,6,53,100,960.00,"96,000.00"
2019-05-13,2019051301008485,NLIC,58,28,65,961.00,"62,465.00"
2019-05-13,2019051301008365,NLIC,44,28,25,961.00,"24,025.00"
2019-05-13,2019051301008324,NLIC,58,28,50,961.00,"48,050.00"
2019-05-13,2019051301008323,NLIC,28,28,200,961.00,"192,200.00"
2019-05-13,2019051301008322,NLIC,36,28,100,961.00,"96,100.00"
2019-05-13,2019051301008321,NLIC,50,28,100,961.00,"96,100.00"
2019-05-13,2019051301008320,NLIC,59,28,100,961.00,"96,100.00"
2019-05-13,2019051301008319,NLIC,34,28,65,961.00,"62,465.00"
2019-05-13,2019051301008623,NLICL,22,8,100,661.00,"66,100.00"
2019-05-13,2019051301008438,NMB,14,58,"1,000",381.00,"381,000.00"
2019-05-13,2019051301008437,NMB,14,57,500,381.00,"190,500.00"
2019-05-13,2019051301008436,NMB,14,19,171,381.00,"65,151.00"
2019-05-13,2019051301008412,NMB,14,51,550,380.00,"209,000.00"
2019-05-13,2019051301008411,NMB,14,7,600,380.00,"228,000.00"
2019-05-13,2019051301008410,NMB,14,38,330,380.00,"125,400.00"
2019-05-13,2019051301008409,NMB,14,33,321,380.00,"121,980.00"
2019-05-13,2019051301008291,NMB,16,58,41,379.00,"15,539.00"
2019-05-13,2019051301008590,NMBMF,5,16,10,976.00,"9,760.00"
2019-05-13,2019051301008589,NMBMF,11,16,20,980.00,"19,600.00"
2019-05-13,2019051301008674,NMFBS,33,28,15,"1,690.00","25,350.00"
2019-05-13,2019051301008311,NMFBS,57,28,15,"1,690.00","25,350.00"
2019-05-13,2019051301008393,NSEWA,11,6,257,454.00,"116,678.00"
2019-05-13,2019051301008581,NTC,59,6,10,713.00,"7,130.00"
2019-05-13,2019051301008527,NTC,34,6,50,713.00,"35,650.00"
2019-05-13,2019051301008515,NTC,34,14,150,713.00,"106,950.00"
2019-05-13,2019051301008514,NTC,38,14,50,713.00,"35,650.00"
2019-05-13,2019051301008696,OHL,42,52,52,623.00,"32,396.00"
2019-05-13,2019051301008695,OHL,42,50,148,622.00,"92,056.00"
2019-05-13,2019051301008671,OHL,42,52,10,623.00,"6,230.00"
2019-05-13,2019051301008492,OHL,16,56,568,617.00,"350,456.00"
2019-05-13,2019051301008477,OHL,16,18,300,617.00,"185,100.00"
2019-05-13,2019051301008451,OHL,16,49,132,617.00,"81,444.00"
2019-05-13,2019051301008450,OHL,26,49,20,619.00,"12,380.00"
2019-05-13,2019051301008449,OHL,57,49,48,619.00,"29,712.00"
2019-05-13,2019051301008535,OHL,57,10,300,622.00,"186,600.00"
2019-05-13,2019051301008704,PCBL,44,52,100,372.00,"37,200.00"
2019-05-13,2019051301008700,PCBL,40,52,850,372.00,"316,200.00"
2019-05-13,2019051301008699,PCBL,40,20,50,372.00,"18,600.00"
2019-05-13,2019051301008698,PCBL,40,47,40,372.00,"14,880.00"
2019-05-13,2019051301008697,PCBL,40,17,60,372.00,"22,320.00"
2019-05-13,2019051301008665,PCBL,6,17,940,372.00,"349,680.00"
2019-05-13,2019051301008331,PCBL,47,16,150,370.00,"55,500.00"
2019-05-13,2019051301008330,PCBL,47,16,48,370.00,"17,760.00"
2019-05-13,2019051301008287,PCBL,47,5,102,370.00,"37,740.00"
2019-05-13,2019051301008286,PCBL,47,5,25,370.00,"9,250.00"
2019-05-13,2019051301008236,PCBL,47,45,175,370.00,"64,750.00"
2019-05-13,2019051301008235,PCBL,58,45,133,370.00,"49,210.00"
2019-05-13,2019051301008508,PCBL,49,19,200,370.00,"74,000.00"
2019-05-13,2019051301008471,PCBL,49,50,654,370.00,"241,980.00"
2019-05-13,2019051301008440,PCBL,47,50,150,370.00,"55,500.00"
2019-05-13,2019051301008423,PCBL,47,50,196,370.00,"72,520.00"
2019-05-13,2019051301008361,PCBL,47,13,104,370.00,"38,480.00"
2019-05-13,2019051301008360,PCBL,47,13,150,370.00,"55,500.00"
2019-05-13,2019051301008658,PCBL,6,19,25,371.00,"9,275.00"
2019-05-13,2019051301008636,PCBL,49,13,500,370.00,"185,000.00"
2019-05-13,2019051301008621,PCBL,52,19,75,371.00,"27,825.00"
2019-05-13,2019051301008620,PCBL,52,34,25,371.00,"9,275.00"
2019-05-13,2019051301008532,PCBL,52,34,610,371.00,"226,310.00"
2019-05-13,2019051301008531,PCBL,52,28,390,371.00,"144,690.00"
2019-05-13,2019051301008664,PCBL,6,26,800,372.00,"297,600.00"
2019-05-13,2019051301008663,PCBL,6,57,712,372.00,"264,864.00"
2019-05-13,2019051301008662,PCBL,6,6,500,371.00,"185,500.00"
2019-05-13,2019051301008661,PCBL,6,45,"1,200",371.00,"445,200.00"
2019-05-13,2019051301008660,PCBL,6,16,500,371.00,"185,500.00"
2019-05-13,2019051301008659,PCBL,6,14,323,371.00,"119,833.00"
2019-05-13,2019051301008694,PIC,6,32,100,"1,240.00","124,000.00"
2019-05-13,2019051301008693,PIC,6,41,66,"1,240.00","81,840.00"
2019-05-13,2019051301008692,PIC,6,50,50,"1,240.00","62,000.00"
2019-05-13,2019051301008691,PIC,6,43,85,"1,237.00","105,145.00"
2019-05-13,2019051301008690,PIC,6,58,50,"1,234.00","61,700.00"
2019-05-13,2019051301008588,PIC,6,45,300,"1,235.00","370,500.00"
2019-05-13,2019051301008396,PIC,39,6,20,"1,227.00","24,540.00"
2019-05-13,2019051301008240,PIC,33,56,17,"1,229.00","20,893.00"
2019-05-13,2019051301008453,PIC,35,35,57,"1,224.00","69,768.00"
2019-05-13,2019051301008407,PIC,35,26,160,"1,224.00","195,840.00"
2019-05-13,2019051301008400,PIC,35,6,232,"1,224.00","283,968.00"
2019-05-13,2019051301008399,PIC,37,6,20,"1,224.00","24,480.00"
2019-05-13,2019051301008398,PIC,38,6,28,"1,224.00","34,272.00"
2019-05-13,2019051301008397,PIC,41,6,100,"1,225.00","122,500.00"
2019-05-13,2019051301008461,PIC,6,35,100,"1,234.00","123,400.00"
2019-05-13,2019051301008460,PIC,6,5,50,"1,230.00","61,500.00"
2019-05-13,2019051301008459,PIC,6,38,11,"1,230.00","13,530.00"
2019-05-13,2019051301008458,PIC,6,59,400,"1,230.00","492,000.00"
2019-05-13,2019051301008457,PIC,6,6,400,"1,229.00","491,600.00"
2019-05-13,2019051301008456,PIC,6,32,161,"1,228.00","197,708.00"
2019-05-13,2019051301008562,PIC,52,54,50,"1,230.00","61,500.00"
2019-05-13,2019051301008466,PIC,6,43,315,"1,237.00","389,655.00"
2019-05-13,2019051301008465,PIC,6,32,296,"1,236.00","365,856.00"
2019-05-13,2019051301008464,PIC,6,32,100,"1,235.00","123,500.00"
2019-05-13,2019051301008463,PIC,6,42,67,"1,235.00","82,745.00"
2019-05-13,2019051301008462,PIC,6,43,100,"1,235.00","123,500.00"
2019-05-13,2019051301008591,PICL,13,52,180,746.00,"134,280.00"
2019-05-13,2019051301008364,PICL,38,36,100,747.00,"74,700.00"
2019-05-13,2019051301008290,PLIC,42,55,80,489.00,"39,120.00"
2019-05-13,2019051301008276,PLIC,25,7,100,488.00,"48,800.00"
2019-05-13,2019051301008542,PRIN,22,26,472,417.00,"196,824.00"
2019-05-13,2019051301008541,PRIN,35,26,28,418.00,"11,704.00"
2019-05-13,2019051301008524,PRIN,17,17,6,418.00,"2,508.00"
2019-05-13,2019051301008283,PRIN,35,17,70,418.00,"29,260.00"
2019-05-13,2019051301008619,PRVU,3,58,986,280.00,"276,080.00"
2019-05-13,2019051301008618,PRVU,47,58,500,280.00,"140,000.00"
2019-05-13,2019051301008617,PRVU,49,58,"1,000",280.00,"280,000.00"
2019-05-13,2019051301008391,PRVU,5,51,130,281.00,"36,530.00"
2019-05-13,2019051301008392,PRVU,48,51,370,281.00,"103,970.00"
2019-05-13,2019051301008616,PRVU,28,58,884,280.00,"247,520.00"
2019-05-13,2019051301008615,PRVU,48,58,630,281.00,"177,030.00"
2019-05-13,2019051301008347,RBCLPO,36,42,30,"9,149.00","274,470.00"
2019-05-13,2019051301008346,RBCLPO,36,14,10,"9,140.00","91,400.00"
2019-05-13,2019051301008345,RBCLPO,36,42,10,"9,135.00","91,350.00"
2019-05-13,2019051301008373,RHPC,35,26,"2,000",95.00,"190,000.00"
2019-05-13,2019051301008372,RHPC,35,45,250,95.00,"23,750.00"
2019-05-13,2019051301008371,RHPC,35,49,10,95.00,950.00
2019-05-13,2019051301008545,RSDC,14,5,30,385.00,"11,550.00"
2019-05-13,2019051301008716,SADBL,28,21,300,150.00,"45,000.00"
2019-05-13,2019051301008715,SADBL,28,45,57,150.00,"8,550.00"
2019-05-13,2019051301008714,SADBL,28,6,26,149.00,"3,874.00"
2019-05-13,2019051301008713,SADBL,28,26,180,149.00,"26,820.00"
2019-05-13,2019051301008712,SADBL,28,35,319,149.00,"47,531.00"
2019-05-13,2019051301008624,SADBL,17,35,100,149.00,"14,900.00"
2019-05-13,2019051301008582,SADBL,29,35,200,147.00,"29,400.00"
2019-05-13,2019051301008578,SADBL,59,49,250,148.00,"37,000.00"
2019-05-13,2019051301008544,SADBL,59,49,300,148.00,"44,400.00"
2019-05-13,2019051301008640,SANIMA,14,34,18,358.00,"6,444.00"
2019-05-13,2019051301008583,SANIMA,37,19,155,356.00,"55,180.00"
2019-05-13,2019051301008473,SANIMA,14,19,353,355.00,"125,315.00"
2019-05-13,2019051301008359,SANIMA,56,26,386,356.00,"137,416.00"
2019-05-13,2019051301008273,SANIMA,48,26,"1,000",356.00,"356,000.00"
2019-05-13,2019051301008272,SANIMA,28,26,400,356.00,"142,400.00"
2019-05-13,2019051301008632,SBL,45,45,483,340.00,"164,220.00"
2019-05-13,2019051301008631,SBL,43,45,17,340.00,"5,780.00"
2019-05-13,2019051301008560,SBL,43,19,50,340.00,"17,000.00"
2019-05-13,2019051301008526,SBL,43,4,419,340.00,"142,460.00"
2019-05-13,2019051301008468,SBL,56,4,50,341.00,"17,050.00"
2019-05-13,2019051301008599,SCB,14,29,20,691.00,"13,820.00"
2019-05-13,2019051301008431,SCB,41,5,100,690.00,"69,000.00"
2019-05-13,2019051301008370,SCB,41,34,65,690.00,"44,850.00"
2019-05-13,2019051301008369,SCB,41,34,200,690.00,"138,000.00"
2019-05-13,2019051301008368,SCB,42,34,75,690.00,"51,750.00"
2019-05-13,2019051301008367,SCB,39,34,140,690.00,"96,600.00"
2019-05-13,2019051301008237,SCB,16,34,20,691.00,"13,820.00"
2019-05-13,2019051301008239,SDESI,16,47,47,632.00,"29,704.00"
2019-05-13,2019051301008630,SHINE,6,41,300,256.00,"76,800.00"
2019-05-13,2019051301008629,SHINE,6,41,100,256.00,"25,600.00"
2019-05-13,2019051301008628,SHINE,6,59,200,255.00,"51,000.00"
2019-05-13,2019051301008627,SHINE,6,39,100,255.00,"25,500.00"
2019-05-13,2019051301008626,SHINE,6,57,147,254.00,"37,338.00"
2019-05-13,2019051301008625,SHINE,6,25,200,253.00,"50,600.00"
2019-05-13,2019051301008598,SHINE,47,26,"1,000",251.00,"251,000.00"
2019-05-13,2019051301008275,SHINE,47,55,50,252.00,"12,600.00"
2019-05-13,2019051301008274,SHINE,47,26,"1,000",249.00,"249,000.00"
2019-05-13,2019051301008413,SHIVM,42,42,50,497.00,"24,850.00"
2019-05-13,2019051301008650,SHL,16,53,100,248.00,"24,800.00"
2019-05-13,2019051301008576,SHL,32,50,124,247.00,"30,628.00"
2019-05-13,2019051301008575,SHL,32,32,200,247.00,"49,400.00"
2019-05-13,2019051301008325,SHL,56,11,200,245.00,"49,000.00"
2019-05-13,2019051301008600,SHPC,6,6,500,269.00,"134,500.00"
2019-05-13,2019051301008282,SHPC,6,25,100,268.00,"26,800.00"
2019-05-13,2019051301008241,SHPC,58,25,450,268.00,"120,600.00"
2019-05-13,2019051301008406,SIC,38,47,50,"1,524.00","76,200.00"
2019-05-13,2019051301008277,SICL,21,45,500,894.00,"447,000.00"
2019-05-13,2019051301008244,SICL,21,34,500,893.00,"446,500.00"
2019-05-13,2019051301008472,SIL,25,52,36,620.00,"22,320.00"
2019-05-13,2019051301008230,SKBBL,55,29,20,"1,001.00","20,020.00"
2019-05-13,2019051301008689,SLBS,45,13,15,900.00,"13,500.00"
2019-05-13,2019051301008534,SLBS,48,28,11,891.00,"9,801.00"
2019-05-13,2019051301008595,SLBSL,25,59,10,610.00,"6,100.00"
2019-05-13,2019051301008645,SLICL,44,16,788,596.00,"469,648.00"
2019-05-13,2019051301008644,SLICL,34,16,50,597.00,"29,850.00"
2019-05-13,2019051301008643,SLICL,34,16,50,597.00,"29,850.00"
2019-05-13,2019051301008642,SLICL,44,16,212,597.00,"126,564.00"
2019-05-13,2019051301008639,SLICL,44,33,200,597.00,"119,400.00"
2019-05-13,2019051301008441,SLICL,44,1,236,597.00,"140,892.00"
2019-05-13,2019051301008285,SLICL,44,52,200,597.00,"119,400.00"
2019-05-13,2019051301008476,SMATA,28,28,12,"1,231.00","14,772.00"
2019-05-13,2019051301008503,SRBL,28,33,59,255.00,"15,045.00"
2019-05-13,2019051301008502,SRBL,28,16,100,255.00,"25,500.00"
2019-05-13,2019051301008670,TRH,45,46,260,250.00,"65,000.00"
2019-05-13,2019051301008452,TRH,57,49,10,249.00,"2,490.00"
2019-05-13,2019051301008390,UNL,3,57,10,"20,200.00","202,000.00"
2019-05-13,2019051301008685,UPPER,8,44,"1,907",244.00,"465,308.00"
2019-05-13,2019051301008684,UPPER,8,53,80,244.00,"19,520.00"
2019-05-13,2019051301008683,UPPER,8,44,13,244.00,"3,172.00"
2019-05-13,2019051301008681,UPPER,14,48,50,243.00,"12,150.00"
2019-05-13,2019051301008238,UPPER,57,1,"1,000",241.00,"241,000.00"
2019-05-13,2019051301008234,UPPER,42,55,30,242.00,"7,260.00"
2019-05-13,2019051301008233,UPPER,42,42,170,242.00,"41,140.00"
2019-05-13,2019051301008252,UPPER,33,14,50,243.00,"12,150.00"
2019-05-13,2019051301008251,UPPER,33,32,50,243.00,"12,150.00"
2019-05-13,2019051301008250,UPPER,33,39,200,243.00,"48,600.00"
2019-05-13,2019051301008249,UPPER,33,40,100,243.00,"24,300.00"
2019-05-13,2019051301008245,UPPER,1,42,40,242.00,"9,680.00"
2019-05-13,2019051301008243,UPPER,1,55,10,242.00,"2,420.00"
2019-05-13,2019051301008258,UPPER,33,55,50,243.00,"12,150.00"
2019-05-13,2019051301008257,UPPER,33,36,500,243.00,"121,500.00"
2019-05-13,2019051301008256,UPPER,33,38,50,243.00,"12,150.00"
2019-05-13,2019051301008255,UPPER,33,34,40,243.00,"9,720.00"
2019-05-13,2019051301008254,UPPER,33,43,500,243.00,"121,500.00"
2019-05-13,2019051301008253,UPPER,33,39,300,243.00,"72,900.00"
2019-05-13,2019051301008303,UPPER,45,22,50,243.00,"12,150.00"
2019-05-13,2019051301008295,UPPER,1,42,50,242.00,"12,100.00"
2019-05-13,2019051301008289,UPPER,1,58,50,242.00,"12,100.00"
2019-05-13,2019051301008278,UPPER,1,42,50,242.00,"12,100.00"
2019-05-13,2019051301008265,UPPER,1,42,10,242.00,"2,420.00"
2019-05-13,2019051301008264,UPPER,33,42,160,243.00,"38,880.00"
2019-05-13,2019051301008309,UPPER,45,57,200,244.00,"48,800.00"
2019-05-13,2019051301008308,UPPER,45,19,200,244.00,"48,800.00"
2019-05-13,2019051301008307,UPPER,45,55,"1,000",244.00,"244,000.00"
2019-05-13,2019051301008306,UPPER,45,50,100,244.00,"24,400.00"
2019-05-13,2019051301008305,UPPER,45,44,200,244.00,"48,800.00"
2019-05-13,2019051301008304,UPPER,45,55,50,243.00,"12,150.00"
2019-05-13,2019051301008435,UPPER,16,14,30,243.00,"7,290.00"
2019-05-13,2019051301008434,UPPER,22,14,10,243.00,"2,430.00"
2019-05-13,2019051301008422,UPPER,22,34,50,243.00,"12,150.00"
2019-05-13,2019051301008358,UPPER,22,34,40,243.00,"9,720.00"
2019-05-13,2019051301008349,UPPER,45,51,160,244.00,"39,040.00"
2019-05-13,2019051301008329,UPPER,45,38,40,244.00,"9,760.00"
2019-05-13,2019051301008481,UPPER,1,34,50,242.00,"12,100.00"
2019-05-13,2019051301008474,UPPER,1,14,50,242.00,"12,100.00"
2019-05-13,2019051301008470,UPPER,16,44,380,243.00,"92,340.00"
2019-05-13,2019051301008469,UPPER,34,51,500,244.00,"122,000.00"
2019-05-13,2019051301008467,UPPER,16,34,40,243.00,"9,720.00"
2019-05-13,2019051301008439,UPPER,16,17,50,243.00,"12,150.00"
2019-05-13,2019051301008548,UPPER,1,33,50,244.00,"12,200.00"
2019-05-13,2019051301008547,UPPER,1,57,"1,173",244.00,"286,212.00"
2019-05-13,2019051301008546,UPPER,1,51,540,244.00,"131,760.00"
2019-05-13,2019051301008513,UPPER,14,44,"1,120",243.00,"272,160.00"
2019-05-13,2019051301008512,UPPER,22,44,500,243.00,"121,500.00"
2019-05-13,2019051301008584,UPPER,1,14,177,244.00,"43,188.00"
2019-05-13,2019051301008579,UPPER,1,48,250,244.00,"61,000.00"
2019-05-13,2019051301008552,UPPER,1,44,50,244.00,"12,200.00"
2019-05-13,2019051301008551,UPPER,1,1,50,244.00,"12,200.00"
2019-05-13,2019051301008550,UPPER,1,44,50,244.00,"12,200.00"
2019-05-13,2019051301008549,UPPER,1,33,50,244.00,"12,200.00"
2019-05-13,2019051301008604,UPPER,53,44,27,244.00,"6,588.00"
2019-05-13,2019051301008603,UPPER,53,42,50,244.00,"12,200.00"
2019-05-13,2019051301008602,UPPER,53,14,123,244.00,"30,012.00"
2019-05-13,2019051301008601,UPPER,53,8,800,244.00,"195,200.00"
2019-05-13,2019051301008193,AHPC,56,28,88,107.00,"9,416.00"
2019-05-13,2019051301007820,AHPC,42,28,719,109.00,"78,371.00"
2019-05-13,2019051301007801,AHPC,42,25,"1,000",110.00,"110,000.00"
2019-05-13,2019051301007800,AHPC,42,37,990,110.00,"108,900.00"
2019-05-13,2019051301007787,AHPC,42,19,405,107.00,"43,335.00"
2019-05-13,2019051301007793,AHPC,42,34,"1,000",109.00,"109,000.00"
2019-05-13,2019051301007792,AHPC,42,52,"1,780",108.00,"192,240.00"
2019-05-13,2019051301007791,AHPC,42,52,900,108.00,"97,200.00"
2019-05-13,2019051301007790,AHPC,42,43,"2,000",107.00,"214,000.00"
2019-05-13,2019051301007789,AHPC,42,28,"2,000",107.00,"214,000.00"
2019-05-13,2019051301007788,AHPC,42,8,196,107.00,"20,972.00"
2019-05-13,2019051301007926,AKJCL,48,39,10,77.00,770.00
2019-05-13,2019051301007993,AKPL,41,41,13,193.00,"2,509.00"
2019-05-13,2019051301007924,ALBSL,59,40,460,471.00,"216,660.00"
2019-05-13,2019051301007923,ALBSL,59,34,10,471.00,"4,710.00"
2019-05-13,2019051301007922,ALBSL,59,34,10,471.00,"4,710.00"
2019-05-13,2019051301007921,ALBSL,59,34,10,471.00,"4,710.00"
2019-05-13,2019051301007920,ALBSL,59,34,10,471.00,"4,710.00"
2019-05-13,2019051301007913,ALBSL,59,57,10,470.00,"4,700.00"
2019-05-13,2019051301007912,ALBSL,59,57,10,470.00,"4,700.00"
2019-05-13,2019051301007911,ALBSL,59,57,10,470.00,"4,700.00"
2019-05-13,2019051301007910,ALBSL,59,56,10,469.00,"4,690.00"
2019-05-13,2019051301007909,ALBSL,59,17,10,465.00,"4,650.00"
2019-05-13,2019051301007919,ALBSL,59,34,10,471.00,"4,710.00"
2019-05-13,2019051301007918,ALBSL,59,35,10,470.00,"4,700.00"
2019-05-13,2019051301007917,ALBSL,59,37,10,470.00,"4,700.00"
2019-05-13,2019051301007916,ALBSL,59,37,10,470.00,"4,700.00"
2019-05-13,2019051301007915,ALBSL,59,37,10,470.00,"4,700.00"
2019-05-13,2019051301007914,ALBSL,59,37,10,470.00,"4,700.00"
2019-05-13,2019051301008042,ALICL,28,28,15,444.00,"6,660.00"
2019-05-13,2019051301008155,API,52,40,"1,300",140.00,"182,000.00"
2019-05-13,2019051301008154,API,52,51,400,140.00,"56,000.00"
2019-05-13,2019051301008111,API,41,4,171,141.00,"24,111.00"
2019-05-13,2019051301008110,API,41,41,29,139.00,"4,031.00"
2019-05-13,2019051301007773,API,25,43,100,141.00,"14,100.00"
2019-05-13,2019051301007950,BARUN,32,39,10,94.00,940.00
2019-05-13,2019051301007881,BHBL,28,51,413,178.00,"73,514.00"
2019-05-13,2019051301007880,BHBL,28,51,80,178.00,"14,240.00"
2019-05-13,2019051301008065,BOKL,36,37,50,277.00,"13,850.00"
2019-05-13,2019051301008221,BPCL,58,39,"10,000",375.00,"3,750,000.00"
2019-05-13,2019051301008183,BPCL,46,58,132,382.00,"50,424.00"
2019-05-13,2019051301008169,BPCL,52,58,50,382.00,"19,100.00"
2019-05-13,2019051301008168,BPCL,34,58,359,382.00,"137,138.00"
2019-05-13,2019051301008167,BPCL,50,58,"1,394",383.00,"533,902.00"
2019-05-13,2019051301008166,BPCL,36,58,500,384.00,"192,000.00"
2019-05-13,2019051301007858,BPCL,50,8,233,384.00,"89,472.00"
2019-05-13,2019051301007739,BPCL,34,58,300,382.00,"114,600.00"
2019-05-13,2019051301008079,BPCL,26,20,300,386.00,"115,800.00"
2019-05-13,2019051301008075,BPCL,50,59,106,383.00,"40,598.00"
2019-05-13,2019051301008060,BPCL,26,29,150,385.00,"57,750.00"
2019-05-13,2019051301008053,BPCL,26,5,50,385.00,"19,250.00"
2019-05-13,2019051301008052,BPCL,26,42,500,385.00,"192,500.00"
2019-05-13,2019051301008051,BPCL,26,56,300,384.00,"115,200.00"
2019-05-13,2019051301008165,BPCL,26,58,"1,565",384.00,"600,960.00"
2019-05-13,2019051301008084,BPCL,26,25,44,389.00,"17,116.00"
2019-05-13,2019051301008083,BPCL,26,43,300,389.00,"116,700.00"
2019-05-13,2019051301008082,BPCL,26,48,40,389.00,"15,560.00"
2019-05-13,2019051301008081,BPCL,26,57,100,389.00,"38,900.00"
2019-05-13,2019051301008080,BPCL,26,17,651,388.00,"252,588.00"
2019-05-13,2019051301008205,CBBL,54,45,125,950.00,"118,750.00"
2019-05-13,2019051301008204,CBBL,55,45,125,951.00,"118,875.00"
2019-05-13,2019051301008151,CBBL,55,1,175,951.00,"166,425.00"
2019-05-13,2019051301008150,CBBL,14,1,25,951.00,"23,775.00"
2019-05-13,2019051301008132,CBBL,14,1,75,951.00,"71,325.00"
2019-05-13,2019051301007759,CBBL,56,57,100,952.00,"95,200.00"
2019-05-13,2019051301008159,CBL,58,13,250,149.00,"37,250.00"
2019-05-13,2019051301008127,CBL,58,13,500,149.00,"74,500.00"
2019-05-13,2019051301008106,CBL,59,13,"1,000",149.00,"149,000.00"
2019-05-13,2019051301008030,CBL,34,10,415,148.00,"61,420.00"
2019-05-13,2019051301008029,CBL,56,10,"1,000",148.00,"148,000.00"
2019-05-13,2019051301008028,CBL,39,10,550,148.00,"81,400.00"
2019-05-13,2019051301007997,CBL,53,10,50,149.00,"7,450.00"
2019-05-13,2019051301007996,CBL,39,10,155,149.00,"23,095.00"
2019-05-13,2019051301007842,CBL,21,10,10,150.00,"1,500.00"
2019-05-13,2019051301008003,CBL,17,10,205,148.00,"30,340.00"
2019-05-13,2019051301008002,CBL,6,10,500,148.00,"74,000.00"
2019-05-13,2019051301008001,CBL,57,10,500,149.00,"74,500.00"
2019-05-13,2019051301008000,CBL,40,10,100,149.00,"14,900.00"
2019-05-13,2019051301007999,CBL,56,10,25,149.00,"3,725.00"
2019-05-13,2019051301007998,CBL,35,10,350,149.00,"52,150.00"
2019-05-13,2019051301008009,CBL,4,10,300,148.00,"44,400.00"
2019-05-13,2019051301008008,CBL,1,10,500,148.00,"74,000.00"
2019-05-13,2019051301008007,CBL,34,10,"2,000",148.00,"296,000.00"
2019-05-13,2019051301008006,CBL,1,10,"1,000",148.00,"148,000.00"
2019-05-13,2019051301008005,CBL,17,10,300,148.00,"44,400.00"
2019-05-13,2019051301008004,CBL,54,10,500,148.00,"74,000.00"
2019-05-13,2019051301008015,CBL,40,10,300,148.00,"44,400.00"
2019-05-13,2019051301008014,CBL,28,10,"3,000",148.00,"444,000.00"
2019-05-13,2019051301008013,CBL,37,10,"1,000",148.00,"148,000.00"
2019-05-13,2019051301008012,CBL,45,10,100,148.00,"14,800.00"
2019-05-13,2019051301008011,CBL,6,10,500,148.00,"74,000.00"
2019-05-13,2019051301008010,CBL,6,10,500,148.00,"74,000.00"
2019-05-13,2019051301008021,CBL,43,10,"1,000",148.00,"148,000.00"
2019-05-13,2019051301008020,CBL,37,10,"1,000",148.00,"148,000.00"
2019-05-13,2019051301008019,CBL,51,10,"1,000",148.00,"148,000.00"
2019-05-13,2019051301008018,CBL,39,10,200,148.00,"29,600.00"
2019-05-13,2019051301008017,CBL,54,10,"1,000",148.00,"148,000.00"
2019-05-13,2019051301008016,CBL,54,10,300,148.00,"44,400.00"
2019-05-13,2019051301008027,CBL,59,10,100,148.00,"14,800.00"
2019-05-13,2019051301008026,CBL,35,10,50,148.00,"7,400.00"
2019-05-13,2019051301008025,CBL,57,10,200,148.00,"29,600.00"
2019-05-13,2019051301008024,CBL,59,10,200,148.00,"29,600.00"
2019-05-13,2019051301008023,CBL,46,10,100,148.00,"14,800.00"
2019-05-13,2019051301008022,CBL,46,10,"1,000",148.00,"148,000.00"
2019-05-13,2019051301007899,CCBL,16,1,20,174.00,"3,480.00"
2019-05-13,2019051301007885,CCBL,26,59,68,173.00,"11,764.00"
2019-05-13,2019051301008120,CHCL,46,29,148,542.00,"80,216.00"
2019-05-13,2019051301007938,CMF1,35,22,"5,000",9.70,"48,500.00"
2019-05-13,2019051301007937,CMF1,54,22,"2,500",9.70,"24,250.00"
2019-05-13,2019051301007936,CMF1,26,22,"3,000",9.71,"29,130.00"
2019-05-13,2019051301007837,CORBL,45,56,10,97.00,970.00
2019-05-13,2019051301008139,CZBIL,29,18,147,224.00,"32,928.00"
2019-05-13,2019051301008091,CZBIL,14,45,300,225.00,"67,500.00"
2019-05-13,2019051301008176,DBBL,1,34,10,137.00,"1,370.00"
2019-05-13,2019051301008100,DBBL,52,46,"1,335",136.00,"181,560.00"
2019-05-13,2019051301007864,DBBL,22,56,150,136.00,"20,400.00"
2019-05-13,2019051301008152,DDBL,42,49,100,731.00,"73,100.00"
2019-05-13,2019051301008170,EBL,37,1,10,669.00,"6,690.00"
2019-05-13,2019051301007883,EIC,42,41,151,432.00,"65,232.00"
2019-05-13,2019051301008123,GBBL,46,29,664,221.00,"146,744.00"
2019-05-13,2019051301008045,GBIME,11,38,134,311.00,"41,674.00"
2019-05-13,2019051301007941,GBIME,11,22,366,311.00,"113,826.00"
2019-05-13,2019051301007940,GBIME,17,22,31,311.00,"9,641.00"
2019-05-13,2019051301007794,GBIME,17,22,69,311.00,"21,459.00"
2019-05-13,2019051301008101,GBLBS,29,38,50,363.00,"18,150.00"
2019-05-13,2019051301007855,GBLBS,13,37,200,362.00,"72,400.00"
2019-05-13,2019051301007860,GDBL,26,26,9,208.00,"1,872.00"
2019-05-13,2019051301008092,GLICL,41,57,100,570.00,"57,000.00"
2019-05-13,2019051301007894,HDL,32,8,35,"1,865.00","65,275.00"
2019-05-13,2019051301007893,HDL,45,8,10,"1,866.00","18,660.00"
2019-05-13,2019051301007892,HDL,40,8,50,"1,866.00","93,300.00"
2019-05-13,2019051301007891,HDL,48,8,10,"1,867.00","18,670.00"
2019-05-13,2019051301007890,HDL,58,8,10,"1,867.00","18,670.00"
2019-05-13,2019051301008216,HGI,42,41,812,390.00,"316,680.00"
2019-05-13,2019051301008212,HGI,42,37,88,390.00,"34,320.00"
2019-05-13,2019051301008211,HGI,10,37,162,390.00,"63,180.00"
2019-05-13,2019051301008210,HGI,45,37,50,391.00,"19,550.00"
2019-05-13,2019051301008215,HIDCL,35,50,14,160.00,"2,240.00"
2019-05-13,2019051301008186,HIDCL,35,41,15,160.00,"2,400.00"
2019-05-13,2019051301008185,HIDCL,22,41,15,160.00,"2,400.00"
2019-05-13,2019051301008184,HIDCL,22,50,14,160.00,"2,240.00"
2019-05-13,2019051301007905,HIDCL,22,33,100,160.00,"16,000.00"
2019-05-13,2019051301007836,HIDCL,22,52,71,160.00,"11,360.00"
2019-05-13,2019051301007805,HIDCL,52,41,200,160.00,"32,000.00"
2019-05-13,2019051301007835,HIDCL,34,52,30,160.00,"4,800.00"
2019-05-13,2019051301007834,HIDCL,55,52,208,160.00,"33,280.00"
2019-05-13,2019051301007833,HIDCL,25,52,200,160.00,"32,000.00"
2019-05-13,2019051301007832,HIDCL,43,52,"1,000",160.00,"160,000.00"
2019-05-13,2019051301007831,HIDCL,52,52,83,160.00,"13,280.00"
2019-05-13,2019051301007819,HIDCL,52,54,100,160.00,"16,000.00"
2019-05-13,2019051301007735,HPPL,29,19,"1,000",186.00,"186,000.00"
2019-05-13,2019051301007734,HPPL,29,28,10,182.00,"1,820.00"
2019-05-13,2019051301008177,IGI,5,34,100,425.00,"42,500.00"
2019-05-13,2019051301007731,IGI,28,39,15,425.00,"6,375.00"
2019-05-13,2019051301007749,JBBL,52,48,200,141.00,"28,200.00"
2019-05-13,2019051301008199,JBNL,49,40,43,203.00,"8,729.00"
2019-05-13,2019051301008198,JBNL,48,40,957,203.00,"194,271.00"
2019-05-13,2019051301008160,JBNL,48,18,43,203.00,"8,729.00"
2019-05-13,2019051301007982,JBNL,48,4,"1,000",203.00,"203,000.00"
2019-05-13,2019051301007975,JBNL,37,29,441,202.00,"89,082.00"
2019-05-13,2019051301007974,JBNL,34,29,59,202.00,"11,918.00"
2019-05-13,2019051301007786,JBNL,53,4,500,203.00,"101,500.00"
2019-05-13,2019051301007771,JBNL,5,58,"1,000",204.00,"204,000.00"
2019-05-13,2019051301007872,JBNL,38,25,"2,000",202.00,"404,000.00"
2019-05-13,2019051301007871,JBNL,54,25,150,202.00,"30,300.00"
2019-05-13,2019051301007870,JBNL,45,25,"1,000",202.00,"202,000.00"
2019-05-13,2019051301007869,JBNL,55,25,"1,000",202.00,"202,000.00"
2019-05-13,2019051301007868,JBNL,51,25,809,202.00,"163,418.00"
2019-05-13,2019051301007824,JBNL,53,42,500,203.00,"101,500.00"
2019-05-13,2019051301007878,JBNL,34,25,441,202.00,"89,082.00"
2019-05-13,2019051301007877,JBNL,45,25,500,202.00,"101,000.00"
2019-05-13,2019051301007876,JBNL,59,25,300,202.00,"60,600.00"
2019-05-13,2019051301007875,JBNL,25,25,200,202.00,"40,400.00"
2019-05-13,2019051301007874,JBNL,16,25,200,202.00,"40,400.00"
2019-05-13,2019051301007873,JBNL,1,25,200,202.00,"40,400.00"
2019-05-13,2019051301007812,JSLBB,17,1,14,"2,145.00","30,030.00"
2019-05-13,2019051301007811,JSLBB,17,43,30,"2,145.00","64,350.00"
2019-05-13,2019051301007810,JSLBB,17,48,10,"2,144.00","21,440.00"
2019-05-13,2019051301007809,JSLBB,17,21,10,"2,130.00","21,300.00"
2019-05-13,2019051301008143,KBBL,43,35,80,222.00,"17,760.00"
2019-05-13,2019051301007854,KBL,17,28,300,221.00,"66,300.00"
2019-05-13,2019051301007853,KBL,17,46,400,221.00,"88,400.00"
2019-05-13,2019051301007829,KBL,43,46,100,221.00,"22,100.00"
2019-05-13,2019051301007828,KBL,43,54,100,221.00,"22,100.00"
2019-05-13,2019051301008157,KRBL,25,4,300,98.00,"29,400.00"
2019-05-13,2019051301007939,KSBBL,17,57,71,150.00,"10,650.00"
2019-05-13,2019051301007898,LBBL,56,1,500,192.00,"96,000.00"
2019-05-13,2019051301007827,LBBL,49,5,29,191.00,"5,539.00"
2019-05-13,2019051301007826,LBBL,33,5,471,191.00,"89,961.00"
2019-05-13,2019051301007783,LBBL,52,44,700,192.00,"134,400.00"
2019-05-13,2019051301007818,LBL,48,49,"1,950",225.00,"438,750.00"
2019-05-13,2019051301007817,LBL,48,45,350,224.00,"78,400.00"
2019-05-13,2019051301007813,LBL,42,39,100,223.00,"22,300.00"
2019-05-13,2019051301008121,LGIL,26,51,500,516.00,"258,000.00"
2019-05-13,2019051301008093,MBL,29,37,149,267.00,"39,783.00"
2019-05-13,2019051301007949,MBL,29,25,851,267.00,"227,217.00"
2019-05-13,2019051301007948,MBL,26,25,"1,000",267.00,"267,000.00"
2019-05-13,2019051301007947,MBL,26,25,"3,000",267.00,"801,000.00"
2019-05-13,2019051301007946,MBL,29,25,"1,000",267.00,"267,000.00"
2019-05-13,2019051301007945,MBL,50,25,500,267.00,"133,500.00"
2019-05-13,2019051301007944,MBL,45,25,300,267.00,"80,100.00"
2019-05-13,2019051301007943,MBL,51,25,349,267.00,"93,183.00"
2019-05-13,2019051301008195,MEGA,11,7,418,194.00,"81,092.00"
2019-05-13,2019051301008194,MEGA,11,42,582,194.00,"112,908.00"
2019-05-13,2019051301008181,MEGA,34,40,24,193.00,"4,632.00"
2019-05-13,2019051301007884,MEGA,34,4,"1,600",193.00,"308,800.00"
2019-05-13,2019051301007804,MEGA,34,10,46,193.00,"8,878.00"
2019-05-13,2019051301008134,MHNL,29,7,40,93.00,"3,720.00"
2019-05-13,2019051301008133,MHNL,29,1,30,91.00,"2,730.00"
2019-05-13,2019051301008077,MMFDB,48,5,42,888.00,"37,296.00"
2019-05-13,2019051301007889,MMFDB,41,16,100,888.00,"88,800.00"
2019-05-13,2019051301007888,MMFDB,6,16,20,889.00,"17,780.00"
2019-05-13,2019051301008097,MNBBL,5,51,500,379.00,"189,500.00"
2019-05-13,2019051301007780,MNBBL,52,51,310,377.00,"116,870.00"
2019-05-13,2019051301007732,MNBBL,57,51,50,378.00,"18,900.00"
2019-05-13,2019051301007779,MNBBL,43,51,80,377.00,"30,160.00"
2019-05-13,2019051301007778,MNBBL,43,51,50,377.00,"18,850.00"
2019-05-13,2019051301007777,MNBBL,43,51,80,377.00,"30,160.00"
2019-05-13,2019051301007776,MNBBL,43,51,50,377.00,"18,850.00"
2019-05-13,2019051301007775,MNBBL,33,51,20,377.00,"7,540.00"
2019-05-13,2019051301007774,MNBBL,52,51,376,377.00,"141,752.00"
2019-05-13,2019051301008188,NABIL,1,49,31,841.00,"26,071.00"
2019-05-13,2019051301008187,NABIL,6,49,69,841.00,"58,029.00"
2019-05-13,2019051301008090,NABIL,6,19,31,841.00,"26,071.00"
2019-05-13,2019051301008089,NABIL,49,19,69,842.00,"58,098.00"
2019-05-13,2019051301008074,NABIL,49,5,31,842.00,"26,102.00"
2019-05-13,2019051301007728,NABIL,56,19,50,841.00,"42,050.00"
2019-05-13,2019051301007908,NADEP,42,18,200,505.00,"101,000.00"
2019-05-13,2019051301007772,NADEP,42,18,40,505.00,"20,200.00"
2019-05-13,2019051301008135,NBB,29,53,200,228.00,"45,600.00"
2019-05-13,2019051301008059,NBB,25,53,100,228.00,"22,800.00"
2019-05-13,2019051301008058,NBB,5,53,157,228.00,"35,796.00"
2019-05-13,2019051301007931,NBB,5,19,100,228.00,"22,800.00"
2019-05-13,2019051301008147,NBL,34,28,400,309.00,"123,600.00"
2019-05-13,2019051301008146,NBL,47,28,400,309.00,"123,600.00"
2019-05-13,2019051301008145,NBL,10,28,299,309.00,"92,391.00"
2019-05-13,2019051301008130,NBL,10,28,"1,300",309.00,"401,700.00"
2019-05-13,2019051301008055,NBL,10,52,400,309.00,"123,600.00"
2019-05-13,2019051301007882,NBL,6,4,25,310.00,"7,750.00"
2019-05-13,2019051301007879,NBL,10,59,"1,001",309.00,"309,309.00"
2019-05-13,2019051301008148,NCCB,44,51,300,248.00,"74,400.00"
2019-05-13,2019051301007976,NCCB,22,34,100,249.00,"24,900.00"
2019-05-13,2019051301007799,NCCB,58,32,100,248.00,"24,800.00"
2019-05-13,2019051301007798,NCCB,36,32,500,248.00,"124,000.00"
2019-05-13,2019051301007797,NCCB,49,32,27,248.00,"6,696.00"
2019-05-13,2019051301008153,NEF,45,7,241,8.38,"2,019.58"
2019-05-13,2019051301008178,NGPL,1,29,13,116.00,"1,508.00"
2019-05-13,2019051301008069,NGPL,1,41,11,116.00,"1,276.00"
2019-05-13,2019051301007957,NHDL,56,41,10,155.00,"1,550.00"
2019-05-13,2019051301007755,NHDL,34,19,30,153.00,"4,590.00"
2019-05-13,2019051301007754,NHDL,34,39,100,153.00,"15,300.00"
2019-05-13,2019051301007753,NHDL,34,20,10,153.00,"1,530.00"
2019-05-13,2019051301007752,NHDL,34,28,100,153.00,"15,300.00"
2019-05-13,2019051301007751,NHDL,34,21,40,152.00,"6,080.00"
2019-05-13,2019051301007750,NHDL,34,41,30,152.00,"4,560.00"
2019-05-13,2019051301007727,NHDL,34,59,10,150.00,"1,500.00"
2019-05-13,2019051301008040,NHPC,5,49,"1,000",69.00,"69,000.00"
2019-05-13,2019051301008142,NIB,25,49,69,547.00,"37,743.00"
2019-05-13,2019051301008141,NIB,22,49,22,547.00,"12,034.00"
2019-05-13,2019051301008140,NIB,6,49,12,548.00,"6,576.00"
2019-05-13,2019051301007904,NIBPO,57,57,"1,000",515.00,"515,000.00"
2019-05-13,2019051301008220,NICA,19,28,500,488.00,"244,000.00"
2019-05-13,2019051301008219,NICA,13,28,76,488.00,"37,088.00"
2019-05-13,2019051301008190,NICA,13,28,24,488.00,"11,712.00"
2019-05-13,2019051301008189,NICA,33,28,476,488.00,"232,288.00"
2019-05-13,2019051301008182,NICA,33,18,24,488.00,"11,712.00"
2019-05-13,2019051301008175,NICA,33,28,500,488.00,"244,000.00"
2019-05-13,2019051301007823,NICA,25,53,710,488.00,"346,480.00"
2019-05-13,2019051301007738,NICA,25,28,200,488.00,"97,600.00"
2019-05-13,2019051301007737,NICA,38,28,90,488.00,"43,920.00"
2019-05-13,2019051301008192,NIL,52,44,50,528.00,"26,400.00"
2019-05-13,2019051301008105,NIL,38,44,100,528.00,"52,800.00"
2019-05-13,2019051301008104,NIL,52,44,139,528.00,"73,392.00"
2019-05-13,2019051301007839,NIL,41,46,10,529.00,"5,290.00"
2019-05-13,2019051301007803,NIL,52,10,200,528.00,"105,600.00"
2019-05-13,2019051301007802,NIL,52,34,200,528.00,"105,600.00"
2019-05-13,2019051301007756,NIL,43,46,340,528.00,"179,520.00"
2019-05-13,2019051301008096,NLBBL,8,57,50,530.00,"26,500.00"
2019-05-13,2019051301008095,NLBBL,49,57,100,530.00,"53,000.00"
2019-05-13,2019051301008094,NLBBL,26,57,40,530.00,"21,200.00"
2019-05-13,2019051301008197,NLIC,42,57,162,963.00,"156,006.00"
2019-05-13,2019051301008162,NLIC,6,28,25,964.00,"24,100.00"
2019-05-13,2019051301008119,NLIC,42,57,100,963.00,"96,300.00"
2019-05-13,2019051301008118,NLIC,42,57,17,963.00,"16,371.00"
2019-05-13,2019051301008117,NLIC,42,42,21,962.00,"20,202.00"
2019-05-13,2019051301007906,NLIC,19,42,100,962.00,"96,200.00"
2019-05-13,2019051301007867,NLIC,34,51,135,961.00,"129,735.00"
2019-05-13,2019051301007866,NLIC,45,51,315,961.00,"302,715.00"
2019-05-13,2019051301007857,NLIC,45,26,68,961.00,"65,348.00"
2019-05-13,2019051301007856,NLIC,45,57,200,961.00,"192,200.00"
2019-05-13,2019051301007841,NLIC,57,45,75,962.00,"72,150.00"
2019-05-13,2019051301007816,NLIC,45,10,17,961.00,"16,337.00"
2019-05-13,2019051301007808,NLICL,22,56,21,661.00,"13,881.00"
2019-05-13,2019051301008129,NMB,6,33,179,380.00,"68,020.00"
2019-05-13,2019051301008128,NMB,6,49,71,380.00,"26,980.00"
2019-05-13,2019051301007849,NMB,48,49,29,380.00,"11,020.00"
2019-05-13,2019051301007763,NMB,48,35,25,380.00,"9,500.00"
2019-05-13,2019051301007848,NMFBS,45,51,30,"1,699.00","50,970.00"
2019-05-13,2019051301008203,NNLB,57,57,50,424.00,"21,200.00"
2019-05-13,2019051301008202,NNLB,37,57,50,424.00,"21,200.00"
2019-05-13,2019051301008201,NNLB,47,57,20,425.00,"8,500.00"
2019-05-13,2019051301008061,NSEWA,43,11,10,453.00,"4,530.00"
2019-05-13,2019051301007807,NTC,29,48,200,714.00,"142,800.00"
2019-05-13,2019051301007762,NTC,29,29,30,715.00,"21,450.00"
2019-05-13,2019051301007761,NTC,29,36,20,715.00,"14,300.00"
2019-05-13,2019051301007757,NTC,38,6,560,714.00,"399,840.00"
2019-05-13,2019051301007782,NUBL,11,41,76,860.00,"65,360.00"
2019-05-13,2019051301007781,NUBL,37,41,24,861.00,"20,664.00"
2019-05-13,2019051301007980,OHL,57,58,352,619.00,"217,888.00"
2019-05-13,2019051301007979,OHL,40,58,200,619.00,"123,800.00"
2019-05-13,2019051301007978,OHL,45,58,48,619.00,"29,712.00"
2019-05-13,2019051301007865,OHL,45,48,52,619.00,"32,188.00"
2019-05-13,2019051301008214,PCBL,58,45,67,370.00,"24,790.00"
2019-05-13,2019051301008213,PCBL,47,45,93,370.00,"34,410.00"
2019-05-13,2019051301008200,PCBL,47,18,57,370.00,"21,090.00"
2019-05-13,2019051301008172,PCBL,38,41,100,370.00,"37,000.00"
2019-05-13,2019051301008171,PCBL,38,20,100,370.00,"37,000.00"
2019-05-13,2019051301008158,PCBL,47,20,200,370.00,"74,000.00"
2019-05-13,2019051301007722,PCBL,43,25,652,369.00,"240,588.00"
2019-05-13,2019051301007743,PCBL,47,58,758,371.00,"281,218.00"
2019-05-13,2019051301007742,PCBL,47,51,200,370.00,"74,000.00"
2019-05-13,2019051301007741,PCBL,47,47,26,370.00,"9,620.00"
2019-05-13,2019051301007740,PCBL,47,11,350,370.00,"129,500.00"
2019-05-13,2019051301007724,PCBL,32,25,348,369.00,"128,412.00"
2019-05-13,2019051301007723,PCBL,56,25,"1,000",369.00,"369,000.00"
2019-05-13,2019051301007932,PCBL,28,49,200,370.00,"74,000.00"
2019-05-13,2019051301007748,PCBL,47,28,596,371.00,"221,116.00"
2019-05-13,2019051301007747,PCBL,47,5,620,371.00,"230,020.00"
2019-05-13,2019051301007746,PCBL,47,5,200,371.00,"74,200.00"
2019-05-13,2019051301007745,PCBL,47,43,150,371.00,"55,650.00"
2019-05-13,2019051301007744,PCBL,47,14,100,371.00,"37,100.00"
2019-05-13,2019051301008144,PCBL,47,20,200,370.00,"74,000.00"
2019-05-13,2019051301008115,PCBL,38,34,200,370.00,"74,000.00"
2019-05-13,2019051301008114,PCBL,38,7,73,370.00,"27,010.00"
2019-05-13,2019051301008113,PCBL,38,34,"1,000",370.00,"370,000.00"
2019-05-13,2019051301007987,PCBL,28,41,450,370.00,"166,500.00"
2019-05-13,2019051301007933,PCBL,28,4,510,370.00,"188,700.00"
2019-05-13,2019051301008043,PFL,34,39,13,133.00,"1,729.00"
2019-05-13,2019051301007847,PFL,34,57,13,133.00,"1,729.00"
2019-05-13,2019051301007830,PFL,34,57,13,133.00,"1,729.00"
2019-05-13,2019051301008174,PIC,38,38,11,"1,224.00","13,464.00"
2019-05-13,2019051301008156,PIC,29,56,100,"1,229.00","122,900.00"
2019-05-13,2019051301008131,PIC,38,41,11,"1,224.00","13,464.00"
2019-05-13,2019051301008041,PIC,20,21,11,"1,220.00","13,420.00"
2019-05-13,2019051301007985,PIC,42,21,11,"1,219.00","13,409.00"
2019-05-13,2019051301007977,PIC,7,58,139,"1,220.00","169,580.00"
2019-05-13,2019051301007730,PIC,7,6,50,"1,219.00","60,950.00"
2019-05-13,2019051301007953,PIC,42,44,11,"1,219.00","13,409.00"
2019-05-13,2019051301007907,PIC,39,58,50,"1,220.00","61,000.00"
2019-05-13,2019051301007840,PIC,55,45,56,"1,220.00","68,320.00"
2019-05-13,2019051301007838,PIC,42,10,11,"1,219.00","13,409.00"
2019-05-13,2019051301007785,PIC,38,6,270,"1,220.00","329,400.00"
2019-05-13,2019051301007784,PIC,38,6,12,"1,219.00","14,628.00"
2019-05-13,2019051301007725,PICL,13,34,80,746.00,"59,680.00"
2019-05-13,2019051301008209,PLIC,17,20,39,486.00,"18,954.00"
2019-05-13,2019051301008208,PLIC,53,20,10,487.00,"4,870.00"
2019-05-13,2019051301008125,PLIC,55,35,100,488.00,"48,800.00"
2019-05-13,2019051301007896,PLIC,19,52,190,489.00,"92,910.00"
2019-05-13,2019051301007770,PLIC,53,49,40,487.00,"19,480.00"
2019-05-13,2019051301007769,PLIC,29,49,60,487.00,"29,220.00"
2019-05-13,2019051301008056,PRIN,35,28,30,418.00,"12,540.00"
2019-05-13,2019051301007928,PRIN,1,17,133,419.00,"55,727.00"
2019-05-13,2019051301007768,PRVU,28,47,116,280.00,"32,480.00"
2019-05-13,2019051301007767,PRVU,14,47,"1,000",280.00,"280,000.00"
2019-05-13,2019051301007766,PRVU,38,47,"1,000",280.00,"280,000.00"
2019-05-13,2019051301007765,PRVU,46,47,884,280.00,"247,520.00"
2019-05-13,2019051301007764,PRVU,48,47,"1,000",281.00,"281,000.00"
2019-05-13,2019051301007733,RADHI,29,49,22,160.00,"3,520.00"
2019-05-13,2019051301007815,RBCL,25,26,11,"10,050.00","110,550.00"
2019-05-13,2019051301007814,RBCL,19,26,10,"10,050.00","100,500.00"
2019-05-13,2019051301008099,RBCLPO,49,42,50,"9,062.00","453,100.00"
2019-05-13,2019051301008086,RBCLPO,33,42,40,"9,060.00","362,400.00"
2019-05-13,2019051301008085,RBCLPO,19,42,30,"9,061.00","271,830.00"
2019-05-13,2019051301008071,RBCLPO,17,34,10,"9,135.00","91,350.00"
2019-05-13,2019051301008070,RBCLPO,17,25,10,"9,130.00","91,300.00"
2019-05-13,2019051301008039,RMDC,14,42,"1,000",651.00,"651,000.00"
2019-05-13,2019051301008038,RMDC,14,13,277,650.00,"180,050.00"
2019-05-13,2019051301008037,RMDC,14,17,60,648.00,"38,880.00"
2019-05-13,2019051301008036,RMDC,14,44,27,648.00,"17,496.00"
2019-05-13,2019051301008035,RMDC,14,34,28,648.00,"18,144.00"
2019-05-13,2019051301008034,RMDC,14,34,18,648.00,"11,664.00"
2019-05-13,2019051301008033,RMDC,14,34,28,648.00,"18,144.00"
2019-05-13,2019051301008032,RMDC,14,55,100,645.00,"64,500.00"
2019-05-13,2019051301008031,RMDC,14,19,14,644.00,"9,016.00"
2019-05-13,2019051301007863,RRHP,33,35,10,93.00,930.00
2019-05-13,2019051301008217,RSDC,49,29,30,385.00,"11,550.00"
2019-05-13,2019051301007984,RSDC,49,38,20,385.00,"7,700.00"
2019-05-13,2019051301007929,SADBL,29,35,501,147.00,"73,647.00"
2019-05-13,2019051301008087,SAEF,26,49,500,9.63,"4,815.00"
2019-05-13,2019051301008047,SAEF,26,49,500,9.63,"4,815.00"
2019-05-13,2019051301007995,SAEF,26,49,500,9.63,"4,815.00"
2019-05-13,2019051301007986,SAEF,26,49,500,9.63,"4,815.00"
2019-05-13,2019051301007956,SAEF,26,49,500,9.63,"4,815.00"
2019-05-13,2019051301007887,SAEF,26,49,500,9.63,"4,815.00"
2019-05-13,2019051301008138,SANIMA,14,10,100,357.00,"35,700.00"
2019-05-13,2019051301007902,SANIMA,48,28,500,356.00,"178,000.00"
2019-05-13,2019051301007825,SANIMA,48,4,363,356.00,"129,228.00"
2019-05-13,2019051301007821,SBI,45,17,83,488.00,"40,504.00"
2019-05-13,2019051301007900,SBL,34,4,100,341.00,"34,100.00"
2019-05-13,2019051301008107,SCB,16,55,20,691.00,"13,820.00"
2019-05-13,2019051301008068,SCB,16,6,100,691.00,"69,100.00"
2019-05-13,2019051301007942,SCB,16,38,20,691.00,"13,820.00"
2019-05-13,2019051301007897,SCB,16,35,20,691.00,"13,820.00"
2019-05-13,2019051301007796,SCB,16,10,20,691.00,"13,820.00"
2019-05-13,2019051301008173,SDESI,16,16,1,630.00,630.00
2019-05-13,2019051301008136,SDESI,16,16,1,630.00,630.00
2019-05-13,2019051301008124,SDESI,16,16,1,630.00,630.00
2019-05-13,2019051301008066,SEF,43,49,400,9.62,"3,848.00"
2019-05-13,2019051301007903,SEF,43,49,500,9.62,"4,810.00"
2019-05-13,2019051301008163,SEOS,45,58,500,10.65,"5,325.00"
2019-05-13,2019051301008064,SHINE,47,55,100,252.00,"25,200.00"
2019-05-13,2019051301008063,SHINE,47,55,100,252.00,"25,200.00"
2019-05-13,2019051301008062,SHINE,47,21,196,251.00,"49,196.00"
2019-05-13,2019051301007992,SHINE,47,21,304,251.00,"76,304.00"
2019-05-13,2019051301007991,SHINE,47,1,500,251.00,"125,500.00"
2019-05-13,2019051301007990,SHINE,47,48,96,250.00,"24,000.00"
2019-05-13,2019051301007989,SHINE,47,51,100,250.00,"25,000.00"
2019-05-13,2019051301007930,SHINE,47,51,500,250.00,"125,000.00"
2019-05-13,2019051301007846,SHINE,39,35,427,249.00,"106,323.00"
2019-05-13,2019051301007845,SHINE,39,34,21,249.00,"5,229.00"
2019-05-13,2019051301007844,SHINE,39,41,100,248.00,"24,800.00"
2019-05-13,2019051301008161,SHIVM,42,58,50,497.00,"24,850.00"
2019-05-13,2019051301008149,SHL,56,49,136,245.00,"33,320.00"
2019-05-13,2019051301007726,SHL,56,43,500,247.00,"123,500.00"
2019-05-13,2019051301008088,SHPC,58,56,50,268.00,"13,400.00"
2019-05-13,2019051301007806,SHPC,4,49,200,267.00,"53,400.00"
2019-05-13,2019051301008179,SIC,38,58,30,"1,520.00","45,600.00"
2019-05-13,2019051301008137,SIC,10,17,30,"1,518.00","45,540.00"
2019-05-13,2019051301008126,SIC,10,16,88,"1,518.00","133,584.00"
2019-05-13,2019051301008103,SIC,49,34,100,"1,519.00","151,900.00"
2019-05-13,2019051301008102,SIC,57,34,20,"1,519.00","30,380.00"
2019-05-13,2019051301008049,SIC,52,17,20,"1,520.00","30,400.00"
2019-05-13,2019051301008048,SIC,58,17,50,"1,520.00","76,000.00"
2019-05-13,2019051301008196,SIFC,45,22,100,146.00,"14,600.00"
2019-05-13,2019051301008078,SINDU,29,16,102,132.00,"13,464.00"
2019-05-13,2019051301008057,SINDU,29,48,500,131.00,"65,500.00"
2019-05-13,2019051301008191,SLICL,49,57,20,598.00,"11,960.00"
2019-05-13,2019051301007901,SLICL,57,38,50,599.00,"29,950.00"
2019-05-13,2019051301007862,SLICL,34,21,50,599.00,"29,950.00"
2019-05-13,2019051301007861,SLICL,34,40,15,599.00,"8,985.00"
2019-05-13,2019051301007736,SLICL,49,51,30,598.00,"17,940.00"
2019-05-13,2019051301008109,SRBL,28,33,300,254.00,"76,200.00"
2019-05-13,2019051301008108,SRBL,28,4,541,254.00,"137,414.00"
2019-05-13,2019051301007886,SRBL,6,4,97,254.00,"24,638.00"
2019-05-13,2019051301007822,SRBL,28,4,35,254.00,"8,890.00"
2019-05-13,2019051301008054,SWBBL,44,22,174,895.00,"155,730.00"
2019-05-13,2019051301007795,SWBBL,49,22,100,895.00,"89,500.00"
2019-05-13,2019051301008050,TRH,22,6,300,245.00,"73,500.00"
2019-05-13,2019051301007952,TRH,25,6,200,246.00,"49,200.00"
2019-05-13,2019051301007951,TRH,34,6,"1,000",246.00,"246,000.00"
2019-05-13,2019051301008112,UIC,17,22,125,956.00,"119,500.00"
2019-05-13,2019051301008044,UNL,3,57,10,"20,200.00","202,000.00"
2019-05-13,2019051301007925,UPCL,56,42,20,95.00,"1,900.00"
2019-05-13,2019051301007729,UPCL,34,34,60,94.00,"5,640.00"
2019-05-13,2019051301008218,UPPER,42,41,300,242.00,"72,600.00"
2019-05-13,2019051301008207,UPPER,57,42,30,241.00,"7,230.00"
2019-05-13,2019051301008206,UPPER,17,42,10,241.00,"2,410.00"
2019-05-13,2019051301008180,UPPER,37,44,950,242.00,"229,900.00"
2019-05-13,2019051301008164,UPPER,37,43,50,242.00,"12,100.00"
2019-05-13,2019051301007843,UPPER,50,10,40,240.00,"9,600.00"
2019-05-13,2019051301007760,UPPER,8,8,800,241.00,"192,800.00"
2019-05-13,2019051301007758,UPPER,50,39,54,240.00,"12,960.00"
2019-05-13,2019051301007927,UPPER,50,38,50,240.00,"12,000.00"
2019-05-13,2019051301007895,UPPER,5,1,30,241.00,"7,230.00"
2019-05-13,2019051301007859,UPPER,5,35,40,241.00,"9,640.00"
2019-05-13,2019051301007852,UPPER,5,55,40,241.00,"9,640.00"
2019-05-13,2019051301007851,UPPER,5,52,40,241.00,"9,640.00"
2019-05-13,2019051301007850,UPPER,5,13,50,241.00,"12,050.00"
2019-05-13,2019051301007959,UPPER,33,1,545,242.00,"131,890.00"
2019-05-13,2019051301007958,UPPER,33,41,290,242.00,"70,180.00"
2019-05-13,2019051301007955,UPPER,17,1,40,241.00,"9,640.00"
2019-05-13,2019051301007954,UPPER,17,39,50,241.00,"12,050.00"
2019-05-13,2019051301007935,UPPER,17,1,40,241.00,"9,640.00"
2019-05-13,2019051301007934,UPPER,17,1,10,241.00,"2,410.00"
2019-05-13,2019051301007965,UPPER,33,53,132,242.00,"31,944.00"
2019-05-13,2019051301007964,UPPER,33,50,50,242.00,"12,100.00"
2019-05-13,2019051301007963,UPPER,33,21,50,242.00,"12,100.00"
2019-05-13,2019051301007962,UPPER,33,56,97,242.00,"23,474.00"
2019-05-13,2019051301007961,UPPER,33,57,"1,000",242.00,"242,000.00"
2019-05-13,2019051301007960,UPPER,33,38,50,242.00,"12,100.00"
2019-05-13,2019051301007971,UPPER,33,33,500,242.00,"121,000.00"
2019-05-13,2019051301007970,UPPER,33,34,50,242.00,"12,100.00"
2019-05-13,2019051301007969,UPPER,33,34,50,242.00,"12,100.00"
2019-05-13,2019051301007968,UPPER,33,34,50,242.00,"12,100.00"
2019-05-13,2019051301007967,UPPER,33,17,40,242.00,"9,680.00"
2019-05-13,2019051301007966,UPPER,33,17,40,242.00,"9,680.00"
2019-05-13,2019051301007994,UPPER,17,1,40,241.00,"9,640.00"
2019-05-13,2019051301007988,UPPER,17,39,50,241.00,"12,050.00"
2019-05-13,2019051301007983,UPPER,17,42,50,241.00,"12,050.00"
2019-05-13,2019051301007981,UPPER,17,47,50,241.00,"12,050.00"
2019-05-13,2019051301007973,UPPER,33,42,"1,000",242.00,"242,000.00"
2019-05-13,2019051301007972,UPPER,33,22,"1,000",242.00,"242,000.00"
2019-05-13,2019051301008122,UPPER,17,1,40,241.00,"9,640.00"
2019-05-13,2019051301008116,UPPER,52,55,40,242.00,"9,680.00"
2019-05-13,2019051301008098,UPPER,17,1,40,241.00,"9,640.00"
2019-05-13,2019051301008076,UPPER,33,6,500,242.00,"121,000.00"
2019-05-13,2019051301008067,UPPER,17,1,40,241.00,"9,640.00"
2019-05-13,2019051301008046,UPPER,17,1,40,241.00,"9,640.00"
2019-05-13,2019051301008073,VLBS,42,57,30,588.00,"17,640.00"
2019-05-13,2019051301008072,VLBS,43,57,50,589.00,"29,450.00"
2019-05-13,2019051301007240,ADBL,6,49,100,389.00,"38,900.00"
2019-05-13,2019051301007626,AHPC,33,19,95,107.00,"10,165.00"
2019-05-13,2019051301007625,AHPC,33,58,105,106.00,"11,130.00"
2019-05-13,2019051301007690,AKJCL,48,39,10,77.00,770.00
2019-05-13,2019051301007309,AKJCL,48,1,20,77.00,"1,540.00"
2019-05-13,2019051301007492,AKPL,41,41,10,196.00,"1,960.00"
2019-05-13,2019051301007554,ALBSL,52,1,10,465.00,"4,650.00"
2019-05-13,2019051301007320,ALBSL,53,55,10,465.00,"4,650.00"
2019-05-13,2019051301007347,ALICL,43,1,14,437.00,"6,118.00"
2019-05-13,2019051301007619,API,42,26,"5,000",139.00,"695,000.00"
2019-05-13,2019051301007618,API,42,28,"1,450",139.00,"201,550.00"
2019-05-13,2019051301007567,API,39,28,400,139.00,"55,600.00"
2019-05-13,2019051301007565,API,25,28,50,139.00,"6,950.00"
2019-05-13,2019051301007552,API,25,38,200,138.00,"27,600.00"
2019-05-13,2019051301007397,API,8,32,200,137.00,"27,400.00"
2019-05-13,2019051301007396,API,38,32,89,137.00,"12,193.00"
2019-05-13,2019051301007367,API,38,10,11,137.00,"1,507.00"
2019-05-13,2019051301007340,API,58,25,"2,900",137.00,"397,300.00"
2019-05-13,2019051301007339,API,10,25,100,138.00,"13,800.00"
2019-05-13,2019051301007604,BFC,55,5,200,95.00,"19,000.00"
2019-05-13,2019051301007679,BHBL,32,49,23,181.00,"4,163.00"
2019-05-13,2019051301007607,BHBL,14,59,"1,000",180.00,"180,000.00"
2019-05-13,2019051301007606,BHBL,14,56,450,179.00,"80,550.00"
2019-05-13,2019051301007605,BHBL,14,59,900,178.00,"160,200.00"
2019-05-13,2019051301007326,BHBL,55,59,100,178.00,"17,800.00"
2019-05-13,2019051301007325,BHBL,55,42,100,178.00,"17,800.00"
2019-05-13,2019051301007538,BPCL,34,57,11,382.00,"4,202.00"
2019-05-13,2019051301007518,BPCL,34,57,11,382.00,"4,202.00"
2019-05-13,2019051301007487,BPCL,34,25,200,382.00,"76,400.00"
2019-05-13,2019051301007484,BPCL,34,57,11,382.00,"4,202.00"
2019-05-13,2019051301007467,BPCL,34,58,55,382.00,"21,010.00"
2019-05-13,2019051301007454,BPCL,34,57,11,382.00,"4,202.00"
2019-05-13,2019051301007323,BPCL,4,8,870,385.00,"334,950.00"
2019-05-13,2019051301007316,BPCL,4,47,130,385.00,"50,050.00"
2019-05-13,2019051301007312,BPCL,50,53,100,384.00,"38,400.00"
2019-05-13,2019051301007278,BPCL,50,28,11,384.00,"4,224.00"
2019-05-13,2019051301007378,BPCL,50,8,"1,000",384.00,"384,000.00"
2019-05-13,2019051301007375,BPCL,50,22,200,384.00,"76,800.00"
2019-05-13,2019051301007372,BPCL,16,16,1,382.00,382.00
2019-05-13,2019051301007346,BPCL,16,16,3,382.00,"1,146.00"
2019-05-13,2019051301007341,BPCL,50,8,130,384.00,"49,920.00"
2019-05-13,2019051301007324,BPCL,16,16,3,382.00,"1,146.00"
2019-05-13,2019051301007434,BPCL,36,8,267,383.00,"102,261.00"
2019-05-13,2019051301007417,BPCL,36,49,220,383.00,"84,260.00"
2019-05-13,2019051301007403,BPCL,36,8,13,383.00,"4,979.00"
2019-05-13,2019051301007402,BPCL,50,8,950,383.00,"363,850.00"
2019-05-13,2019051301007401,BPCL,50,8,37,384.00,"14,208.00"
2019-05-13,2019051301007394,BPCL,16,16,1,382.00,382.00
2019-05-13,2019051301007596,CBBL,48,1,75,953.00,"71,475.00"
2019-05-13,2019051301007548,CBBL,48,1,125,953.00,"119,125.00"
2019-05-13,2019051301007547,CBBL,53,1,25,953.00,"23,825.00"
2019-05-13,2019051301007546,CBBL,39,1,50,954.00,"47,700.00"
2019-05-13,2019051301007620,CBL,39,19,45,149.00,"6,705.00"
2019-05-13,2019051301007535,CBL,36,10,100,150.00,"15,000.00"
2019-05-13,2019051301007457,CBL,42,58,"8,230",149.00,"1,226,270.00"
2019-05-13,2019051301007416,CBL,13,58,200,149.00,"29,800.00"
2019-05-13,2019051301007410,CBL,38,58,"1,000",149.00,"149,000.00"
2019-05-13,2019051301007393,CBL,6,58,70,149.00,"10,430.00"
2019-05-13,2019051301007329,CBL,37,58,500,149.00,"74,500.00"
2019-05-13,2019051301007315,CBL,19,58,200,149.00,"29,800.00"
2019-05-13,2019051301007285,CBL,48,58,"1,000",149.00,"149,000.00"
2019-05-13,2019051301007261,CBL,38,58,"2,000",149.00,"298,000.00"
2019-05-13,2019051301007253,CBL,49,58,200,149.00,"29,800.00"
2019-05-13,2019051301007701,CCBL,26,26,100,173.00,"17,300.00"
2019-05-13,2019051301007589,CCBL,26,54,10,173.00,"1,730.00"
2019-05-13,2019051301007461,CCBL,26,19,272,173.00,"47,056.00"
2019-05-13,2019051301007460,CCBL,26,17,100,173.00,"17,300.00"
2019-05-13,2019051301007409,CCBL,34,10,39,172.00,"6,708.00"
2019-05-13,2019051301007382,CCBL,34,55,744,172.00,"127,968.00"
2019-05-13,2019051301007313,CCBL,34,19,436,172.00,"74,992.00"
2019-05-13,2019051301007371,CIT,43,25,58,"2,665.00","154,570.00"
2019-05-13,2019051301007223,CIT,20,25,42,"2,665.00","111,930.00"
2019-05-13,2019051301007222,CIT,11,56,50,"2,654.00","132,700.00"
2019-05-13,2019051301007680,CZBIL,59,45,100,225.00,"22,500.00"
2019-05-13,2019051301007502,CZBIL,38,38,3,224.00,672.00
2019-05-13,2019051301007527,DBBL,58,10,"2,453",135.00,"331,155.00"
2019-05-13,2019051301007526,DBBL,1,10,"3,000",135.00,"405,000.00"
2019-05-13,2019051301007499,DBBL,22,56,69,136.00,"9,384.00"
2019-05-13,2019051301007469,DBBL,22,43,31,136.00,"4,216.00"
2019-05-13,2019051301007352,DBBL,58,10,"3,000",136.00,"408,000.00"
2019-05-13,2019051301007351,DBBL,52,10,"1,000",137.00,"137,000.00"
2019-05-13,2019051301007350,DBBL,46,10,100,137.00,"13,700.00"
2019-05-13,2019051301007282,DBBL,46,41,400,137.00,"54,800.00"
2019-05-13,2019051301007490,EBL,43,22,20,668.00,"13,360.00"
2019-05-13,2019051301007277,EBL,33,51,60,667.00,"40,020.00"
2019-05-13,2019051301007686,FMDBL,49,14,100,413.00,"41,300.00"
2019-05-13,2019051301007407,GBBL,26,29,500,221.00,"110,500.00"
2019-05-13,2019051301007406,GBBL,25,29,336,221.00,"74,256.00"
2019-05-13,2019051301007687,GBIME,17,52,100,311.00,"31,100.00"
2019-05-13,2019051301007631,GBIME,47,10,17,310.00,"5,270.00"
2019-05-13,2019051301007586,GBIME,47,39,45,310.00,"13,950.00"
2019-05-13,2019051301007374,GBIME,47,1,94,310.00,"29,140.00"
2019-05-13,2019051301007331,GBIME,47,49,242,310.00,"75,020.00"
2019-05-13,2019051301007330,GBIME,33,49,108,310.00,"33,480.00"
2019-05-13,2019051301007395,GFCL,1,22,38,119.00,"4,522.00"
2019-05-13,2019051301007612,GILB,39,46,100,"1,355.00","135,500.00"
2019-05-13,2019051301007265,HBL,48,3,489,588.00,"287,532.00"
2019-05-13,2019051301007345,HDL,58,11,180,"1,871.00","336,780.00"
2019-05-13,2019051301007344,HDL,58,11,300,"1,872.00","561,600.00"
2019-05-13,2019051301007343,HDL,57,11,20,"1,890.00","37,800.00"
2019-05-13,2019051301007308,HGI,49,6,100,392.00,"39,200.00"
2019-05-13,2019051301007307,HGI,49,45,100,392.00,"39,200.00"
2019-05-13,2019051301007682,HIDCL,52,42,117,160.00,"18,720.00"
2019-05-13,2019051301007667,HIDCL,16,42,183,160.00,"29,280.00"
2019-05-13,2019051301007628,HIDCL,16,58,17,160.00,"2,720.00"
2019-05-13,2019051301007588,HIDCL,38,53,100,160.00,"16,000.00"
2019-05-13,2019051301007587,HIDCL,38,36,735,160.00,"117,600.00"
2019-05-13,2019051301007559,HIDCL,37,36,500,160.00,"80,000.00"
2019-05-13,2019051301007233,HIDCL,7,42,200,160.00,"32,000.00"
2019-05-13,2019051301007232,HIDCL,34,42,"1,000",160.00,"160,000.00"
2019-05-13,2019051301007231,HIDCL,36,42,500,160.00,"80,000.00"
2019-05-13,2019051301007230,HIDCL,39,42,"1,400",160.00,"224,000.00"
2019-05-13,2019051301007248,HIDCL,34,14,600,160.00,"96,000.00"
2019-05-13,2019051301007245,HIDCL,34,59,400,160.00,"64,000.00"
2019-05-13,2019051301007244,HIDCL,39,59,100,160.00,"16,000.00"
2019-05-13,2019051301007236,HIDCL,39,42,900,160.00,"144,000.00"
2019-05-13,2019051301007235,HIDCL,1,42,"5,000",160.00,"800,000.00"
2019-05-13,2019051301007234,HIDCL,34,42,"1,000",160.00,"160,000.00"
2019-05-13,2019051301007296,HIDCL,58,42,200,160.00,"32,000.00"
2019-05-13,2019051301007260,HIDCL,50,42,60,160.00,"9,600.00"
2019-05-13,2019051301007252,HIDCL,50,14,340,160.00,"54,400.00"
2019-05-13,2019051301007251,HIDCL,1,14,"1,000",160.00,"160,000.00"
2019-05-13,2019051301007250,HIDCL,20,14,60,160.00,"9,600.00"
2019-05-13,2019051301007249,HIDCL,39,14,"1,000",160.00,"160,000.00"
2019-05-13,2019051301007349,HIDCL,4,42,"2,000",160.00,"320,000.00"
2019-05-13,2019051301007342,HIDCL,25,28,56,159.00,"8,904.00"
2019-05-13,2019051301007338,HIDCL,39,42,200,160.00,"32,000.00"
2019-05-13,2019051301007332,HIDCL,50,42,200,160.00,"32,000.00"
2019-05-13,2019051301007322,HIDCL,25,36,600,159.00,"95,400.00"
2019-05-13,2019051301007297,HIDCL,39,42,500,160.00,"80,000.00"
2019-05-13,2019051301007365,HIDCL,57,5,100,160.00,"16,000.00"
2019-05-13,2019051301007361,HIDCL,57,44,315,160.00,"50,400.00"
2019-05-13,2019051301007360,HIDCL,57,14,140,160.00,"22,400.00"
2019-05-13,2019051301007359,HIDCL,57,14,900,160.00,"144,000.00"
2019-05-13,2019051301007358,HIDCL,57,1,900,160.00,"144,000.00"
2019-05-13,2019051301007357,HIDCL,50,1,100,160.00,"16,000.00"
2019-05-13,2019051301007431,HIDCL,52,59,442,160.00,"70,720.00"
2019-05-13,2019051301007426,HIDCL,52,40,58,160.00,"9,280.00"
2019-05-13,2019051301007425,HIDCL,57,40,942,160.00,"150,720.00"
2019-05-13,2019051301007408,HIDCL,57,48,495,160.00,"79,200.00"
2019-05-13,2019051301007383,HIDCL,57,36,63,160.00,"10,080.00"
2019-05-13,2019051301007380,HIDCL,57,45,500,160.00,"80,000.00"
2019-05-13,2019051301007511,HIDCL,50,56,500,160.00,"80,000.00"
2019-05-13,2019051301007510,HIDCL,36,56,281,160.00,"44,960.00"
2019-05-13,2019051301007501,HIDCL,36,47,119,160.00,"19,040.00"
2019-05-13,2019051301007500,HIDCL,13,47,381,160.00,"60,960.00"
2019-05-13,2019051301007455,HIDCL,13,59,61,160.00,"9,760.00"
2019-05-13,2019051301007432,HIDCL,13,59,58,160.00,"9,280.00"
2019-05-13,2019051301007558,HIDCL,34,36,"1,000",160.00,"160,000.00"
2019-05-13,2019051301007557,HIDCL,22,36,75,160.00,"12,000.00"
2019-05-13,2019051301007541,HIDCL,22,49,50,160.00,"8,000.00"
2019-05-13,2019051301007514,HIDCL,22,56,375,160.00,"60,000.00"
2019-05-13,2019051301007513,HIDCL,5,56,"1,000",160.00,"160,000.00"
2019-05-13,2019051301007512,HIDCL,36,56,100,160.00,"16,000.00"
2019-05-13,2019051301007485,IGI,55,55,100,428.00,"42,800.00"
2019-05-13,2019051301007638,IGI,42,6,200,430.00,"86,000.00"
2019-05-13,2019051301007637,IGI,42,28,200,430.00,"86,000.00"
2019-05-13,2019051301007636,IGI,42,55,100,429.00,"42,900.00"
2019-05-13,2019051301007635,IGI,42,41,200,428.00,"85,600.00"
2019-05-13,2019051301007556,JBBL,40,28,52,142.00,"7,384.00"
2019-05-13,2019051301007555,JBBL,40,13,48,142.00,"6,816.00"
2019-05-13,2019051301007317,JBBL,34,10,93,140.00,"13,020.00"
2019-05-13,2019051301007585,JBNL,51,58,"1,191",202.00,"240,582.00"
2019-05-13,2019051301007584,JBNL,54,58,"1,000",202.00,"202,000.00"
2019-05-13,2019051301007583,JBNL,51,58,100,202.00,"20,200.00"
2019-05-13,2019051301007582,JBNL,22,58,"1,000",202.00,"202,000.00"
2019-05-13,2019051301007581,JBNL,54,58,"1,000",203.00,"203,000.00"
2019-05-13,2019051301007580,JBNL,42,58,100,203.00,"20,300.00"
2019-05-13,2019051301007573,JBNL,48,58,500,203.00,"101,500.00"
2019-05-13,2019051301007572,JBNL,29,58,"1,509",203.00,"306,327.00"
2019-05-13,2019051301007369,JBNL,57,58,52,204.00,"10,608.00"
2019-05-13,2019051301007348,JBNL,34,58,100,204.00,"20,400.00"
2019-05-13,2019051301007579,JBNL,49,58,"1,000",203.00,"203,000.00"
2019-05-13,2019051301007578,JBNL,19,58,"1,000",203.00,"203,000.00"
2019-05-13,2019051301007577,JBNL,11,58,100,203.00,"20,300.00"
2019-05-13,2019051301007576,JBNL,7,58,500,203.00,"101,500.00"
2019-05-13,2019051301007575,JBNL,33,58,"1,000",203.00,"203,000.00"
2019-05-13,2019051301007574,JBNL,38,58,"1,000",203.00,"203,000.00"
2019-05-13,2019051301007256,JSLBB,22,47,14,"2,120.00","29,680.00"
2019-05-13,2019051301007255,JSLBB,22,49,14,"2,120.00","29,680.00"
2019-05-13,2019051301007254,JSLBB,22,49,14,"2,120.00","29,680.00"
2019-05-13,2019051301007702,KBL,48,54,100,221.00,"22,100.00"
2019-05-13,2019051301007665,KBL,42,39,50,220.00,"11,000.00"
2019-05-13,2019051301007399,KBL,42,1,32,220.00,"7,040.00"
2019-05-13,2019051301007241,KBL,47,48,300,221.00,"66,300.00"
2019-05-13,2019051301007389,KKHC,53,28,10,68.00,680.00
2019-05-13,2019051301007411,KPCL,59,1,10,92.00,920.00
2019-05-13,2019051301007529,LBBL,4,4,"2,000",192.00,"384,000.00"
2019-05-13,2019051301007433,LBBL,33,1,27,191.00,"5,157.00"
2019-05-13,2019051301007328,LICN,47,59,500,"1,885.00","942,500.00"
2019-05-13,2019051301007327,LICN,47,59,500,"1,885.00","942,500.00"
2019-05-13,2019051301007287,LLBS,37,20,20,766.00,"15,320.00"
2019-05-13,2019051301007224,MBL,22,26,100,268.00,"26,800.00"
2019-05-13,2019051301007684,MEGA,34,34,112,193.00,"21,616.00"
2019-05-13,2019051301007666,MEGA,34,48,200,193.00,"38,600.00"
2019-05-13,2019051301007488,MEGA,34,37,500,193.00,"96,500.00"
2019-05-13,2019051301007471,MEGA,34,20,200,193.00,"38,600.00"
2019-05-13,2019051301007336,MEGA,34,47,108,193.00,"20,844.00"
2019-05-13,2019051301007284,MEGA,34,10,14,193.00,"2,702.00"
2019-05-13,2019051301007283,MEGA,1,10,30,193.00,"5,790.00"
2019-05-13,2019051301007532,MFIL,46,43,182,113.00,"20,566.00"
2019-05-13,2019051301007531,MFIL,58,43,15,114.00,"1,710.00"
2019-05-13,2019051301007551,NABIL,56,4,50,841.00,"42,050.00"
2019-05-13,2019051301007678,NADEP,26,18,50,500.00,"25,000.00"
2019-05-13,2019051301007677,NADEP,13,18,200,500.00,"100,000.00"
2019-05-13,2019051301007676,NADEP,13,18,300,500.00,"150,000.00"
2019-05-13,2019051301007675,NADEP,5,18,100,501.00,"50,100.00"
2019-05-13,2019051301007674,NADEP,13,18,120,501.00,"60,120.00"
2019-05-13,2019051301007571,NADEP,13,57,20,501.00,"10,020.00"
2019-05-13,2019051301007258,NADEP,16,34,121,502.00,"60,742.00"
2019-05-13,2019051301007257,NADEP,43,34,80,503.00,"40,240.00"
2019-05-13,2019051301007318,NADEP,8,54,20,502.00,"10,040.00"
2019-05-13,2019051301007286,NADEP,8,34,480,502.00,"240,960.00"
2019-05-13,2019051301007259,NADEP,56,34,99,502.00,"49,698.00"
2019-05-13,2019051301007613,NBB,5,25,20,228.00,"4,560.00"
2019-05-13,2019051301007302,NBB,57,41,91,227.00,"20,657.00"
2019-05-13,2019051301007301,NBB,56,41,50,228.00,"11,400.00"
2019-05-13,2019051301007300,NBB,56,41,150,228.00,"34,200.00"
2019-05-13,2019051301007299,NBB,56,41,200,228.00,"45,600.00"
2019-05-13,2019051301007298,NBB,5,41,47,228.00,"10,716.00"
2019-05-13,2019051301007392,NBB,56,41,62,227.00,"14,074.00"
2019-05-13,2019051301007306,NBB,49,41,300,227.00,"68,100.00"
2019-05-13,2019051301007305,NBB,56,41,200,227.00,"45,400.00"
2019-05-13,2019051301007304,NBB,6,41,200,227.00,"45,400.00"
2019-05-13,2019051301007303,NBB,6,41,200,227.00,"45,400.00"
2019-05-13,2019051301007664,NBL,34,42,200,309.00,"61,800.00"
2019-05-13,2019051301007663,NBL,8,42,500,309.00,"154,500.00"
2019-05-13,2019051301007662,NBL,37,42,500,309.00,"154,500.00"
2019-05-13,2019051301007661,NBL,58,42,"2,000",309.00,"618,000.00"
2019-05-13,2019051301007660,NBL,35,42,50,309.00,"15,450.00"
2019-05-13,2019051301007659,NBL,43,42,"1,000",309.00,"309,000.00"
2019-05-13,2019051301007427,NBL,20,4,20,310.00,"6,200.00"
2019-05-13,2019051301007274,NBL,40,54,100,309.00,"30,900.00"
2019-05-13,2019051301007652,NBL,42,42,25,309.00,"7,725.00"
2019-05-13,2019051301007651,NBL,13,42,"1,000",309.00,"309,000.00"
2019-05-13,2019051301007650,NBL,45,42,"1,000",309.00,"309,000.00"
2019-05-13,2019051301007649,NBL,34,42,"9,193",309.00,"2,840,637.00"
2019-05-13,2019051301007525,NBL,34,39,807,309.00,"249,363.00"
2019-05-13,2019051301007524,NBL,40,39,20,309.00,"6,180.00"
2019-05-13,2019051301007658,NBL,42,42,200,309.00,"61,800.00"
2019-05-13,2019051301007657,NBL,51,42,500,309.00,"154,500.00"
2019-05-13,2019051301007656,NBL,20,42,"1,000",309.00,"309,000.00"
2019-05-13,2019051301007655,NBL,34,42,"1,000",309.00,"309,000.00"
2019-05-13,2019051301007654,NBL,45,42,300,309.00,"92,700.00"
2019-05-13,2019051301007653,NBL,16,42,"1,000",309.00,"309,000.00"
2019-05-13,2019051301007553,NCCB,49,11,"1,000",248.00,"248,000.00"
2019-05-13,2019051301007528,NCCB,49,52,200,248.00,"49,600.00"
2019-05-13,2019051301007493,NCCB,49,34,"1,000",248.00,"248,000.00"
2019-05-13,2019051301007475,NCCB,49,1,200,248.00,"49,600.00"
2019-05-13,2019051301007468,NCCB,49,34,400,248.00,"99,200.00"
2019-05-13,2019051301007443,NCCB,49,22,173,248.00,"42,904.00"
2019-05-13,2019051301007442,NCCB,13,22,27,248.00,"6,696.00"
2019-05-13,2019051301007264,NCCB,13,13,"1,163",248.00,"288,424.00"
2019-05-13,2019051301007263,NCCB,44,13,437,248.00,"108,376.00"
2019-05-13,2019051301007465,NCDB,38,38,480,140.00,"67,200.00"
2019-05-13,2019051301007696,NHDL,34,44,10,148.00,"1,480.00"
2019-05-13,2019051301007695,NHDL,34,13,10,147.00,"1,470.00"
2019-05-13,2019051301007694,NHDL,34,38,10,147.00,"1,470.00"
2019-05-13,2019051301007693,NHDL,34,59,10,147.00,"1,470.00"
2019-05-13,2019051301007692,NHDL,34,28,10,144.00,"1,440.00"
2019-05-13,2019051301007691,NHDL,34,26,80,144.00,"11,520.00"
2019-05-13,2019051301007430,NHPC,5,49,"3,000",69.00,"207,000.00"
2019-05-13,2019051301007673,NIB,48,49,35,550.00,"19,250.00"
2019-05-13,2019051301007672,NIB,48,56,67,550.00,"36,850.00"
2019-05-13,2019051301007671,NIB,48,43,423,550.00,"232,650.00"
2019-05-13,2019051301007670,NIB,48,36,49,550.00,"26,950.00"
2019-05-13,2019051301007669,NIB,48,1,34,550.00,"18,700.00"
2019-05-13,2019051301007668,NIB,48,14,92,549.00,"50,508.00"
2019-05-13,2019051301007598,NIB,52,14,100,549.00,"54,900.00"
2019-05-13,2019051301007436,NIB,6,32,100,548.00,"54,800.00"
2019-05-13,2019051301007404,NIB,6,57,44,548.00,"24,112.00"
2019-05-13,2019051301007370,NIB,6,47,44,548.00,"24,112.00"
2019-05-13,2019051301007718,NICA,38,58,110,488.00,"53,680.00"
2019-05-13,2019051301007717,NICA,55,58,"1,000",488.00,"488,000.00"
2019-05-13,2019051301007716,NICA,54,58,"1,000",488.00,"488,000.00"
2019-05-13,2019051301007715,NICA,33,58,500,488.00,"244,000.00"
2019-05-13,2019051301007714,NICA,57,58,"1,000",488.00,"488,000.00"
2019-05-13,2019051301007713,NICA,19,58,200,488.00,"97,600.00"
2019-05-13,2019051301007706,NICA,52,58,65,489.00,"31,785.00"
2019-05-13,2019051301007648,NICA,52,10,10,489.00,"4,890.00"
2019-05-13,2019051301007712,NICA,26,58,200,488.00,"97,600.00"
2019-05-13,2019051301007711,NICA,1,58,225,488.00,"109,800.00"
2019-05-13,2019051301007710,NICA,56,58,40,489.00,"19,560.00"
2019-05-13,2019051301007709,NICA,48,58,50,489.00,"24,450.00"
2019-05-13,2019051301007708,NICA,51,58,10,489.00,"4,890.00"
2019-05-13,2019051301007707,NICA,50,58,100,489.00,"48,900.00"
2019-05-13,2019051301007444,NICL,42,42,264,397.00,"104,808.00"
2019-05-13,2019051301007237,NICL,42,21,99,401.00,"39,699.00"
2019-05-13,2019051301007608,NIL,41,46,200,528.00,"105,600.00"
2019-05-13,2019051301007600,NIL,19,34,140,527.00,"73,780.00"
2019-05-13,2019051301007599,NIL,37,34,60,527.00,"31,620.00"
2019-05-13,2019051301007594,NIL,34,46,460,528.00,"242,880.00"
2019-05-13,2019051301007266,NIL,49,49,"6,200",528.00,"3,273,600.00"
2019-05-13,2019051301007597,NLIC,37,57,17,962.00,"16,354.00"
2019-05-13,2019051301007505,NLIC,17,42,50,962.00,"48,100.00"
2019-05-13,2019051301007462,NLIC,21,42,20,962.00,"19,240.00"
2019-05-13,2019051301007456,NLIC,10,43,195,961.00,"187,395.00"
2019-05-13,2019051301007448,NLIC,57,42,17,962.00,"16,354.00"
2019-05-13,2019051301007429,NLIC,56,42,53,962.00,"50,986.00"
2019-05-13,2019051301007428,NLIC,56,57,47,962.00,"45,214.00"
2019-05-13,2019051301007391,NLIC,10,10,17,961.00,"16,337.00"
2019-05-13,2019051301007373,NLIC,10,51,35,961.00,"33,635.00"
2019-05-13,2019051301007280,NLIC,56,57,100,962.00,"96,200.00"
2019-05-13,2019051301007276,NLIC,10,49,20,961.00,"19,220.00"
2019-05-13,2019051301007498,NLICL,25,55,87,660.00,"57,420.00"
2019-05-13,2019051301007497,NLICL,35,55,100,660.00,"66,000.00"
2019-05-13,2019051301007496,NLICL,8,55,38,660.00,"25,080.00"
2019-05-13,2019051301007479,NLICL,55,55,300,661.00,"198,300.00"
2019-05-13,2019051301007478,NLICL,39,55,100,661.00,"66,100.00"
2019-05-13,2019051301007450,NLICL,7,55,50,665.00,"33,250.00"
2019-05-13,2019051301007704,NMB,48,17,12,380.00,"4,560.00"
2019-05-13,2019051301007590,NMB,48,58,500,380.00,"190,000.00"
2019-05-13,2019051301007516,NMB,48,20,200,380.00,"76,000.00"
2019-05-13,2019051301007700,NTC,29,6,100,714.00,"71,400.00"
2019-05-13,2019051301007595,NTC,38,6,500,714.00,"357,000.00"
2019-05-13,2019051301007537,NTC,59,21,10,712.00,"7,120.00"
2019-05-13,2019051301007533,NTC,22,6,320,714.00,"228,480.00"
2019-05-13,2019051301007486,NTC,36,6,500,714.00,"357,000.00"
2019-05-13,2019051301007226,NTC,22,52,180,711.00,"127,980.00"
2019-05-13,2019051301007225,NTC,34,52,20,711.00,"14,220.00"
2019-05-13,2019051301007267,NTC,40,38,250,713.00,"178,250.00"
2019-05-13,2019051301007364,NTC,59,51,60,712.00,"42,720.00"
2019-05-13,2019051301007622,OHL,45,49,500,619.00,"309,500.00"
2019-05-13,2019051301007477,OHL,45,34,300,619.00,"185,700.00"
2019-05-13,2019051301007476,OHL,45,16,100,619.00,"61,900.00"
2019-05-13,2019051301007414,OHL,16,56,"1,000",620.00,"620,000.00"
2019-05-13,2019051301007413,OHL,16,56,200,620.00,"124,000.00"
2019-05-13,2019051301007412,OHL,33,56,177,620.00,"109,740.00"
2019-05-13,2019051301007384,OHL,34,56,800,621.00,"496,800.00"
2019-05-13,2019051301007366,OHL,45,18,500,622.00,"311,000.00"
2019-05-13,2019051301007542,PCBL,47,11,500,370.00,"185,000.00"
2019-05-13,2019051301007530,PCBL,47,11,150,370.00,"55,500.00"
2019-05-13,2019051301007519,PCBL,47,51,100,370.00,"37,000.00"
2019-05-13,2019051301007506,PCBL,47,51,500,370.00,"185,000.00"
2019-05-13,2019051301007494,PCBL,43,59,48,369.00,"17,712.00"
2019-05-13,2019051301007482,PCBL,28,53,50,370.00,"18,500.00"
2019-05-13,2019051301007275,PCBL,58,19,300,370.00,"111,000.00"
2019-05-13,2019051301007229,PCBL,33,58,500,371.00,"185,500.00"
2019-05-13,2019051301007437,PCBL,43,32,200,369.00,"73,800.00"
2019-05-13,2019051301007435,PCBL,47,55,250,370.00,"92,500.00"
2019-05-13,2019051301007420,PCBL,40,55,14,370.00,"5,180.00"
2019-05-13,2019051301007400,PCBL,40,41,100,370.00,"37,000.00"
2019-05-13,2019051301007334,PCBL,40,32,386,370.00,"142,820.00"
2019-05-13,2019051301007333,PCBL,58,32,114,370.00,"42,180.00"
2019-05-13,2019051301007481,PCBL,28,34,500,370.00,"185,000.00"
2019-05-13,2019051301007480,PCBL,28,49,136,370.00,"50,320.00"
2019-05-13,2019051301007474,PCBL,43,49,100,369.00,"36,900.00"
2019-05-13,2019051301007464,PCBL,47,49,264,370.00,"97,680.00"
2019-05-13,2019051301007463,PCBL,47,55,236,370.00,"87,320.00"
2019-05-13,2019051301007451,PCBL,47,11,500,370.00,"185,000.00"
2019-05-13,2019051301007683,PFL,34,57,13,133.00,"1,729.00"
2019-05-13,2019051301007621,PFL,34,57,13,133.00,"1,729.00"
2019-05-13,2019051301007569,PFL,49,50,50,135.00,"6,750.00"
2019-05-13,2019051301007568,PFL,34,50,32,135.00,"4,320.00"
2019-05-13,2019051301007721,PIC,42,6,50,"1,219.00","60,950.00"
2019-05-13,2019051301007719,PIC,6,6,38,"1,219.00","46,322.00"
2019-05-13,2019051301007705,PIC,7,6,100,"1,219.00","121,900.00"
2019-05-13,2019051301007703,PIC,29,6,50,"1,219.00","60,950.00"
2019-05-13,2019051301007689,PIC,6,17,12,"1,217.00","14,604.00"
2019-05-13,2019051301007685,PIC,42,56,149,"1,216.00","181,184.00"
2019-05-13,2019051301007269,PIC,36,5,22,"1,235.00","27,170.00"
2019-05-13,2019051301007439,PIC,6,48,50,"1,233.00","61,650.00"
2019-05-13,2019051301007438,PIC,32,48,100,"1,233.00","123,300.00"
2019-05-13,2019051301007422,PIC,6,38,20,"1,234.00","24,680.00"
2019-05-13,2019051301007398,PIC,6,10,11,"1,234.00","13,574.00"
2019-05-13,2019051301007314,PIC,39,34,100,"1,235.00","123,500.00"
2019-05-13,2019051301007270,PIC,6,5,21,"1,234.00","25,914.00"
2019-05-13,2019051301007544,PIC,16,26,33,"1,232.00","40,656.00"
2019-05-13,2019051301007523,PIC,16,26,17,"1,232.00","20,944.00"
2019-05-13,2019051301007522,PIC,10,26,83,"1,232.00","102,256.00"
2019-05-13,2019051301007473,PIC,10,10,67,"1,232.00","82,544.00"
2019-05-13,2019051301007449,PIC,10,34,150,"1,235.00","185,250.00"
2019-05-13,2019051301007440,PIC,10,48,50,"1,232.00","61,600.00"
2019-05-13,2019051301007593,PIC,49,49,17,"1,230.00","20,910.00"
2019-05-13,2019051301007592,PIC,52,49,50,"1,230.00","61,500.00"
2019-05-13,2019051301007591,PIC,44,49,433,"1,231.00","533,023.00"
2019-05-13,2019051301007550,PIC,29,42,33,"1,235.00","40,755.00"
2019-05-13,2019051301007549,PIC,29,45,47,"1,235.00","58,045.00"
2019-05-13,2019051301007545,PIC,44,26,67,"1,231.00","82,477.00"
2019-05-13,2019051301007611,PIC,21,49,11,"1,225.00","13,475.00"
2019-05-13,2019051301007610,PIC,22,49,10,"1,225.00","12,250.00"
2019-05-13,2019051301007609,PIC,14,49,110,"1,225.00","134,750.00"
2019-05-13,2019051301007603,PIC,21,51,50,"1,230.00","61,500.00"
2019-05-13,2019051301007602,PIC,38,51,200,"1,230.00","246,000.00"
2019-05-13,2019051301007601,PIC,49,51,83,"1,230.00","102,090.00"
2019-05-13,2019051301007647,PIC,42,51,200,"1,216.00","243,200.00"
2019-05-13,2019051301007641,PIC,42,49,29,"1,216.00","35,264.00"
2019-05-13,2019051301007640,PIC,7,49,300,"1,217.00","365,100.00"
2019-05-13,2019051301007639,PIC,28,49,40,"1,217.00","48,680.00"
2019-05-13,2019051301007627,PIC,48,6,30,"1,220.00","36,600.00"
2019-05-13,2019051301007624,PIC,7,54,295,"1,220.00","359,900.00"
2019-05-13,2019051301007418,PMHPL,56,58,10,114.00,"1,140.00"
2019-05-13,2019051301007405,PMHPL,56,58,10,114.00,"1,140.00"
2019-05-13,2019051301007388,PMHPL,56,51,10,114.00,"1,140.00"
2019-05-13,2019051301007562,PRVU,57,42,100,282.00,"28,200.00"
2019-05-13,2019051301007390,PRVU,7,51,177,281.00,"49,737.00"
2019-05-13,2019051301007415,RADHI,29,47,11,160.00,"1,760.00"
2019-05-13,2019051301007368,RBCL,59,38,10,"10,070.00","100,700.00"
2019-05-13,2019051301007268,RBCL,44,33,10,"10,070.00","100,700.00"
2019-05-13,2019051301007570,RHPC,35,36,884,94.00,"83,096.00"
2019-05-13,2019051301007470,RRHP,40,1,10,92.00,920.00
2019-05-13,2019051301007536,RSDC,42,46,16,390.00,"6,240.00"
2019-05-13,2019051301007521,RSDC,42,29,160,387.00,"61,920.00"
2019-05-13,2019051301007520,RSDC,42,32,37,386.00,"14,282.00"
2019-05-13,2019051301007311,RSDC,19,1,53,382.00,"20,246.00"
2019-05-13,2019051301007310,RSDC,58,1,10,386.00,"3,860.00"
2019-05-13,2019051301007319,SANIMA,48,18,100,356.00,"35,600.00"
2019-05-13,2019051301007228,SANIMA,48,10,"2,892",356.00,"1,029,552.00"
2019-05-13,2019051301007227,SANIMA,14,4,"1,000",355.00,"355,000.00"
2019-05-13,2019051301007688,SBI,14,34,600,489.00,"293,400.00"
2019-05-13,2019051301007489,SCB,57,57,20,693.00,"13,860.00"
2019-05-13,2019051301007453,SCB,43,59,100,692.00,"69,200.00"
2019-05-13,2019051301007335,SCB,49,51,100,695.00,"69,500.00"
2019-05-13,2019051301007381,SHINE,56,10,57,247.00,"14,079.00"
2019-05-13,2019051301007243,SHIVM,42,22,40,497.00,"19,880.00"
2019-05-13,2019051301007238,SHIVM,42,22,80,497.00,"39,760.00"
2019-05-13,2019051301007681,SHL,16,10,243,245.00,"59,535.00"
2019-05-13,2019051301007543,SHL,13,59,218,245.00,"53,410.00"
2019-05-13,2019051301007509,SHL,13,36,222,245.00,"54,390.00"
2019-05-13,2019051301007508,SHL,16,36,100,245.00,"24,500.00"
2019-05-13,2019051301007507,SHL,48,36,"1,000",245.00,"245,000.00"
2019-05-13,2019051301007356,SHPC,10,41,400,270.00,"108,000.00"
2019-05-13,2019051301007355,SHPC,10,32,500,270.00,"135,000.00"
2019-05-13,2019051301007354,SHPC,10,44,100,270.00,"27,000.00"
2019-05-13,2019051301007353,SHPC,10,28,500,269.00,"134,500.00"
2019-05-13,2019051301007321,SHPC,33,8,100,266.00,"26,600.00"
2019-05-13,2019051301007634,SIC,49,32,50,"1,520.00","76,000.00"
2019-05-13,2019051301007633,SIC,49,32,50,"1,520.00","76,000.00"
2019-05-13,2019051301007632,SIC,49,32,100,"1,520.00","152,000.00"
2019-05-13,2019051301007273,SIC,10,41,20,"1,518.00","30,360.00"
2019-05-13,2019051301007272,SIC,26,41,100,"1,520.00","152,000.00"
2019-05-13,2019051301007271,SIC,49,41,25,"1,520.00","38,000.00"
2019-05-13,2019051301007539,SICL,1,45,480,890.00,"427,200.00"
2019-05-13,2019051301007564,SIFC,43,22,44,146.00,"6,424.00"
2019-05-13,2019051301007563,SIFC,43,6,10,145.00,"1,450.00"
2019-05-13,2019051301007281,SKBBL,34,34,350,"1,004.00","351,400.00"
2019-05-13,2019051301007629,SLICL,51,51,470,598.00,"281,060.00"
2019-05-13,2019051301007623,SLICL,51,44,30,598.00,"17,940.00"
2019-05-13,2019051301007515,SLICL,44,42,75,597.00,"44,775.00"
2019-05-13,2019051301007483,SLICL,44,42,400,597.00,"238,800.00"
2019-05-13,2019051301007458,SLICL,40,58,517,598.00,"309,166.00"
2019-05-13,2019051301007262,SLICL,44,6,100,597.00,"59,700.00"
2019-05-13,2019051301007247,SMFDB,39,39,400,602.00,"240,800.00"
2019-05-13,2019051301007246,SMFDB,39,39,100,605.00,"60,500.00"
2019-05-13,2019051301007561,SRBL,26,39,114,253.00,"28,842.00"
2019-05-13,2019051301007560,SRBL,50,39,100,253.00,"25,300.00"
2019-05-13,2019051301007279,SRBL,28,4,411,254.00,"104,394.00"
2019-05-13,2019051301007387,SWBBL,53,22,55,895.00,"49,225.00"
2019-05-13,2019051301007242,SWBBL,54,22,500,890.00,"445,000.00"
2019-05-13,2019051301007720,TRH,34,49,20,250.00,"5,000.00"
2019-05-13,2019051301007646,TRH,34,45,980,250.00,"245,000.00"
2019-05-13,2019051301007645,TRH,34,45,20,250.00,"5,000.00"
2019-05-13,2019051301007491,UIC,11,57,200,957.00,"191,400.00"
2019-05-13,2019051301007377,UIC,17,33,190,956.00,"181,640.00"
2019-05-13,2019051301007376,UIC,58,33,10,960.00,"9,600.00"
2019-05-13,2019051301007424,UMHL,13,28,14,116.00,"1,624.00"
2019-05-13,2019051301007363,UMHL,13,21,28,116.00,"3,248.00"
2019-05-13,2019051301007362,UMHL,59,21,472,117.00,"55,224.00"
2019-05-13,2019051301007495,UPCL,26,1,50,93.00,"4,650.00"
2019-05-13,2019051301007699,UPPER,8,48,50,241.00,"12,050.00"
2019-05-13,2019051301007698,UPPER,8,22,"1,100",241.00,"265,100.00"
2019-05-13,2019051301007697,UPPER,8,6,180,241.00,"43,380.00"
2019-05-13,2019051301007644,UPPER,8,6,"1,820",241.00,"438,620.00"
2019-05-13,2019051301007643,UPPER,8,45,180,241.00,"43,380.00"
2019-05-13,2019051301007642,UPPER,50,45,50,241.00,"12,050.00"
2019-05-13,2019051301007291,UPPER,45,21,50,241.00,"12,050.00"
2019-05-13,2019051301007290,UPPER,45,21,40,241.00,"9,640.00"
2019-05-13,2019051301007289,UPPER,45,22,40,241.00,"9,640.00"
2019-05-13,2019051301007288,UPPER,45,43,40,241.00,"9,640.00"
2019-05-13,2019051301007379,UPPER,45,51,100,241.00,"24,100.00"
2019-05-13,2019051301007337,UPPER,45,57,40,241.00,"9,640.00"
2019-05-13,2019051301007295,UPPER,45,22,40,241.00,"9,640.00"
2019-05-13,2019051301007294,UPPER,45,36,50,241.00,"12,050.00"
2019-05-13,2019051301007293,UPPER,45,36,50,241.00,"12,050.00"
2019-05-13,2019051301007292,UPPER,45,21,40,241.00,"9,640.00"
2019-05-13,2019051301007423,UPPER,34,10,50,241.00,"12,050.00"
2019-05-13,2019051301007421,UPPER,34,56,40,241.00,"9,640.00"
2019-05-13,2019051301007419,UPPER,34,52,50,241.00,"12,050.00"
2019-05-13,2019051301007386,UPPER,34,56,127,241.00,"30,607.00"
2019-05-13,2019051301007385,UPPER,45,56,10,241.00,"2,410.00"
2019-05-13,2019051301007459,UPPER,34,58,50,241.00,"12,050.00"
2019-05-13,2019051301007452,UPPER,34,39,50,241.00,"12,050.00"
2019-05-13,2019051301007447,UPPER,29,1,110,242.00,"26,620.00"
2019-05-13,2019051301007446,UPPER,29,29,40,242.00,"9,680.00"
2019-05-13,2019051301007445,UPPER,29,44,100,242.00,"24,200.00"
2019-05-13,2019051301007441,UPPER,34,52,40,241.00,"9,640.00"
2019-05-13,2019051301007517,UPPER,45,58,133,241.00,"32,053.00"
2019-05-13,2019051301007504,UPPER,45,39,50,241.00,"12,050.00"
2019-05-13,2019051301007503,UPPER,45,42,207,241.00,"49,887.00"
2019-05-13,2019051301007472,UPPER,1,42,100,241.00,"24,100.00"
2019-05-13,2019051301007466,UPPER,34,42,593,241.00,"142,913.00"
2019-05-13,2019051301007616,UPPER,37,6,500,240.00,"120,000.00"
2019-05-13,2019051301007615,UPPER,32,6,300,240.00,"72,000.00"
2019-05-13,2019051301007614,UPPER,57,6,260,240.00,"62,400.00"
2019-05-13,2019051301007566,UPPER,57,19,50,240.00,"12,000.00"
2019-05-13,2019051301007540,UPPER,45,45,70,241.00,"16,870.00"
2019-05-13,2019051301007534,UPPER,45,42,40,241.00,"9,640.00"
2019-05-13,2019051301007630,UPPER,50,56,47,240.00,"11,280.00"
2019-05-13,2019051301007617,UPPER,50,6,940,240.00,"225,600.00"
2019-05-13,2019051301007239,VLBS,58,51,12,595.00,"7,140.00"
2019-05-13,2019051301007199,ADBL,50,19,60,388.00,"23,280.00"
2019-05-13,2019051301007129,AHPC,37,58,500,106.00,"53,000.00"
2019-05-13,2019051301006841,ALBSL,53,47,10,465.00,"4,650.00"
2019-05-13,2019051301007147,BARUN,32,37,50,93.00,"4,650.00"
2019-05-13,2019051301006836,BHBL,44,7,94,175.00,"16,450.00"
2019-05-13,2019051301007209,BOKL,38,58,163,275.00,"44,825.00"
2019-05-13,2019051301007208,BOKL,28,58,75,275.00,"20,625.00"
2019-05-13,2019051301007043,BOKL,28,10,18,275.00,"4,950.00"
2019-05-13,2019051301007194,BPCL,32,20,500,385.00,"192,500.00"
2019-05-13,2019051301007193,BPCL,45,20,200,385.00,"77,000.00"
2019-05-13,2019051301007164,BPCL,36,56,200,387.00,"77,400.00"
2019-05-13,2019051301007163,BPCL,36,39,100,387.00,"38,700.00"
2019-05-13,2019051301007162,BPCL,36,50,50,386.00,"19,300.00"
2019-05-13,2019051301007080,BPCL,14,32,100,386.00,"38,600.00"
2019-05-13,2019051301006810,BPCL,52,25,89,383.00,"34,087.00"
2019-05-13,2019051301006732,BPCL,52,28,11,383.00,"4,213.00"
2019-05-13,2019051301007079,BPCL,14,25,50,386.00,"19,300.00"
2019-05-13,2019051301007078,BPCL,14,22,76,386.00,"29,336.00"
2019-05-13,2019051301007069,BPCL,46,53,50,385.00,"19,250.00"
2019-05-13,2019051301007040,BPCL,50,49,500,384.00,"192,000.00"
2019-05-13,2019051301006934,BPCL,50,53,50,383.00,"19,150.00"
2019-05-13,2019051301006884,BPCL,34,25,42,382.00,"16,044.00"
2019-05-13,2019051301007174,CBBL,11,33,100,955.00,"95,500.00"
2019-05-13,2019051301007173,CBBL,38,33,10,955.00,"9,550.00"
2019-05-13,2019051301007213,CBL,45,58,100,149.00,"14,900.00"
2019-05-13,2019051301007117,CBL,26,58,500,149.00,"74,500.00"
2019-05-13,2019051301007090,CBL,56,58,500,149.00,"74,500.00"
2019-05-13,2019051301007068,CBL,48,58,200,149.00,"29,800.00"
2019-05-13,2019051301007051,CBL,39,58,200,149.00,"29,800.00"
2019-05-13,2019051301007050,CBL,38,58,"3,000",149.00,"447,000.00"
2019-05-13,2019051301007049,CBL,17,58,"1,000",149.00,"149,000.00"
2019-05-13,2019051301007048,CBL,25,58,"1,000",149.00,"149,000.00"
2019-05-13,2019051301007047,CBL,34,58,100,149.00,"14,900.00"
2019-05-13,2019051301006946,CBL,34,35,"4,900",149.00,"730,100.00"
2019-05-13,2019051301006945,CBL,17,35,100,149.00,"14,900.00"
2019-05-13,2019051301006908,CCBL,34,5,286,172.00,"49,192.00"
2019-05-13,2019051301006907,CCBL,19,5,300,172.00,"51,600.00"
2019-05-13,2019051301006748,CCBL,58,17,10,173.00,"1,730.00"
2019-05-13,2019051301006747,CCBL,58,17,10,173.00,"1,730.00"
2019-05-13,2019051301007094,CEFL,5,29,150,100.00,"15,000.00"
2019-05-13,2019051301006758,CHL,58,28,10,100.00,"1,000.00"
2019-05-13,2019051301006902,CIT,49,1,16,"2,654.00","42,464.00"
2019-05-13,2019051301006751,CIT,49,34,84,"2,654.00","222,936.00"
2019-05-13,2019051301006750,CIT,17,34,10,"2,655.00","26,550.00"
2019-05-13,2019051301006870,CORBL,41,25,100,96.00,"9,600.00"
2019-05-13,2019051301007161,CZBIL,29,7,20,224.00,"4,480.00"
2019-05-13,2019051301007074,CZBIL,29,10,63,224.00,"14,112.00"
2019-05-13,2019051301006852,CZBIL,41,7,100,225.00,"22,500.00"
2019-05-13,2019051301006840,CZBIL,41,49,100,225.00,"22,500.00"
2019-05-13,2019051301007115,DBBL,52,53,300,139.00,"41,700.00"
2019-05-13,2019051301007114,DBBL,52,1,300,139.00,"41,700.00"
2019-05-13,2019051301007113,DBBL,52,8,87,139.00,"12,093.00"
2019-05-13,2019051301007093,DBBL,44,8,13,139.00,"1,807.00"
2019-05-13,2019051301007092,DBBL,44,21,57,138.00,"7,866.00"
2019-05-13,2019051301007091,DBBL,44,1,100,138.00,"13,800.00"
2019-05-13,2019051301006858,DBBL,58,57,300,137.00,"41,100.00"
2019-05-13,2019051301006857,DBBL,58,25,300,137.00,"41,100.00"
2019-05-13,2019051301006856,DBBL,58,21,500,137.00,"68,500.00"
2019-05-13,2019051301006855,DBBL,58,1,200,137.00,"27,400.00"
2019-05-13,2019051301006854,DBBL,58,53,"1,000",137.00,"137,000.00"
2019-05-13,2019051301006853,DBBL,58,28,980,137.00,"134,260.00"
2019-05-13,2019051301007039,DHPL,26,48,11,76.00,836.00
2019-05-13,2019051301006893,EBL,46,35,69,670.00,"46,230.00"
2019-05-13,2019051301006892,EBL,46,35,50,670.00,"33,500.00"
2019-05-13,2019051301006891,EBL,46,48,231,670.00,"154,770.00"
2019-05-13,2019051301007206,EIC,17,43,500,431.00,"215,500.00"
2019-05-13,2019051301007195,FMDBL,39,37,200,414.00,"82,800.00"
2019-05-13,2019051301007077,GBIME,48,38,"1,212",311.00,"376,932.00"
2019-05-13,2019051301007028,GBIME,48,32,214,311.00,"66,554.00"
2019-05-13,2019051301007027,GBIME,48,17,74,311.00,"23,014.00"
2019-05-13,2019051301006754,GBIME,14,17,52,311.00,"16,172.00"
2019-05-13,2019051301007166,GBLBS,28,33,"1,000",358.00,"358,000.00"
2019-05-13,2019051301006926,GBLBS,10,33,500,358.00,"179,000.00"
2019-05-13,2019051301006935,GDBL,41,25,200,208.00,"41,600.00"
2019-05-13,2019051301006952,GILB,39,41,25,"1,360.00","34,000.00"
2019-05-13,2019051301006951,GILB,39,48,50,"1,352.00","67,600.00"
2019-05-13,2019051301006950,GILB,39,18,10,"1,352.00","13,520.00"
2019-05-13,2019051301006949,GILB,39,29,106,"1,351.00","143,206.00"
2019-05-13,2019051301006948,GILB,39,39,18,"1,350.00","24,300.00"
2019-05-13,2019051301006947,GILB,39,11,50,"1,350.00","67,500.00"
2019-05-13,2019051301007111,HBL,48,10,11,588.00,"6,468.00"
2019-05-13,2019051301007110,HBL,56,10,26,588.00,"15,288.00"
2019-05-13,2019051301007207,HIDCL,39,14,100,160.00,"16,000.00"
2019-05-13,2019051301007169,HIDCL,25,1,893,160.00,"142,880.00"
2019-05-13,2019051301007155,HIDCL,36,1,621,160.00,"99,360.00"
2019-05-13,2019051301007154,HIDCL,36,25,"1,379",160.00,"220,640.00"
2019-05-13,2019051301007144,HIDCL,34,25,"1,000",160.00,"160,000.00"
2019-05-13,2019051301007128,HIDCL,50,25,"1,000",160.00,"160,000.00"
2019-05-13,2019051301006779,HIDCL,52,42,"1,500",160.00,"240,000.00"
2019-05-13,2019051301006778,HIDCL,50,42,300,160.00,"48,000.00"
2019-05-13,2019051301006777,HIDCL,36,42,338,160.00,"54,080.00"
2019-05-13,2019051301006736,HIDCL,36,28,10,160.00,"1,600.00"
2019-05-13,2019051301006785,HIDCL,7,42,500,160.00,"80,000.00"
2019-05-13,2019051301006784,HIDCL,48,42,"1,000",160.00,"160,000.00"
2019-05-13,2019051301006783,HIDCL,25,42,200,160.00,"32,000.00"
2019-05-13,2019051301006782,HIDCL,45,42,"1,000",160.00,"160,000.00"
2019-05-13,2019051301006781,HIDCL,16,42,"1,000",160.00,"160,000.00"
2019-05-13,2019051301006780,HIDCL,53,42,500,160.00,"80,000.00"
2019-05-13,2019051301006791,HIDCL,50,42,"1,000",160.00,"160,000.00"
2019-05-13,2019051301006790,HIDCL,7,42,600,160.00,"96,000.00"
2019-05-13,2019051301006789,HIDCL,16,42,"2,000",160.00,"320,000.00"
2019-05-13,2019051301006788,HIDCL,17,42,200,160.00,"32,000.00"
2019-05-13,2019051301006787,HIDCL,58,42,"4,000",160.00,"640,000.00"
2019-05-13,2019051301006786,HIDCL,19,42,600,160.00,"96,000.00"
2019-05-13,2019051301006797,HIDCL,25,42,"5,000",160.00,"800,000.00"
2019-05-13,2019051301006796,HIDCL,6,42,500,160.00,"80,000.00"
2019-05-13,2019051301006795,HIDCL,59,42,"1,000",160.00,"160,000.00"
