Date,Transact. No.,Symbol,Buyer,Seller,Quantity,Rate,Amount
2019-02-06,2019020601005273,ADBL,57,17,300,335.00,"100,500.00"
2019-02-06,2019020601005107,ADBL,40,43,500,336.00,"168,000.00"
2019-02-06,2019020601005106,ADBL,56,43,100,336.00,"33,600.00"
2019-02-06,2019020601005130,AHPC,37,45,181,101.00,"18,281.00"
2019-02-06,2019020601005114,AHPC,37,45,"1,000",101.00,"101,000.00"
2019-02-06,2019020601005039,AHPC,32,45,50,101.00,"5,050.00"
2019-02-06,2019020601004990,AKJCL,45,36,20,84.00,"1,680.00"
2019-02-06,2019020601005293,AKPL,8,40,13,179.00,"2,327.00"
2019-02-06,2019020601005223,AKPL,41,50,10,178.00,"1,780.00"
2019-02-06,2019020601005037,AKPL,28,40,100,179.00,"17,900.00"
2019-02-06,2019020601005282,ALICL,49,39,10,604.00,"6,040.00"
2019-02-06,2019020601004828,API,25,25,12,139.00,"1,668.00"
2019-02-06,2019020601005231,BARUN,22,50,10,103.00,"1,030.00"
2019-02-06,2019020601005036,BBC,4,48,100,"1,715.00","171,500.00"
2019-02-06,2019020601005268,BOKL,33,13,30,247.00,"7,410.00"
2019-02-06,2019020601004895,BOKL,13,26,180,246.00,"44,280.00"
2019-02-06,2019020601005220,BPCL,58,43,10,359.00,"3,590.00"
2019-02-06,2019020601005264,CBBL,55,47,100,876.00,"87,600.00"
2019-02-06,2019020601005243,CBBL,29,47,45,876.00,"39,420.00"
2019-02-06,2019020601005209,CBBL,29,47,155,876.00,"135,780.00"
2019-02-06,2019020601005175,CBBL,47,35,155,875.00,"135,625.00"
2019-02-06,2019020601005071,CBBL,47,34,80,874.00,"69,920.00"
2019-02-06,2019020601004944,CBBL,41,49,39,871.00,"33,969.00"
2019-02-06,2019020601004943,CBBL,47,4,500,873.00,"436,500.00"
2019-02-06,2019020601004892,CBBL,45,37,100,870.00,"87,000.00"
2019-02-06,2019020601005135,CBBL,47,35,400,875.00,"350,000.00"
2019-02-06,2019020601005116,CBBL,47,35,400,875.00,"350,000.00"
2019-02-06,2019020601005098,CBBL,47,35,500,875.00,"437,500.00"
2019-02-06,2019020601005074,CBBL,47,35,145,875.00,"126,875.00"
2019-02-06,2019020601005073,CBBL,47,22,50,875.00,"43,750.00"
2019-02-06,2019020601005072,CBBL,47,14,225,875.00,"196,875.00"
2019-02-06,2019020601005154,CBBL,47,35,400,875.00,"350,000.00"
2019-02-06,2019020601005240,CBL,43,20,10,157.00,"1,570.00"
2019-02-06,2019020601005126,CBL,59,42,360,156.00,"56,160.00"
2019-02-06,2019020601005125,CBL,59,42,340,156.00,"53,040.00"
2019-02-06,2019020601005124,CBL,37,42,300,156.00,"46,800.00"
2019-02-06,2019020601004922,CBL,37,6,700,156.00,"109,200.00"
2019-02-06,2019020601004921,CBL,42,6,"1,000",156.00,"156,000.00"
2019-02-06,2019020601004920,CBL,1,6,"1,000",156.00,"156,000.00"
2019-02-06,2019020601004919,CBL,44,6,"2,000",156.00,"312,000.00"
2019-02-06,2019020601004918,CBL,17,6,300,156.00,"46,800.00"
2019-02-06,2019020601004876,CBL,34,20,200,157.00,"31,400.00"
2019-02-06,2019020601005296,CCBL,38,34,68,166.00,"11,288.00"
2019-02-06,2019020601005295,CCBL,17,34,932,166.00,"154,712.00"
2019-02-06,2019020601005251,CCBL,17,34,68,166.00,"11,288.00"
2019-02-06,2019020601005250,CCBL,5,34,400,166.00,"66,400.00"
2019-02-06,2019020601005249,CCBL,49,34,200,166.00,"33,200.00"
2019-02-06,2019020601005248,CCBL,50,34,332,166.00,"55,112.00"
2019-02-06,2019020601005207,CCBL,50,34,615,166.00,"102,090.00"
2019-02-06,2019020601005206,CCBL,49,34,385,166.00,"63,910.00"
2019-02-06,2019020601004859,CHCL,4,29,132,511.00,"67,452.00"
2019-02-06,2019020601004858,CHCL,40,29,68,511.00,"34,748.00"
2019-02-06,2019020601004857,CHCL,21,29,100,512.00,"51,200.00"
2019-02-06,2019020601004932,CHL,25,47,10,100.00,"1,000.00"
2019-02-06,2019020601005113,CIT,36,34,30,"2,680.00","80,400.00"
2019-02-06,2019020601005076,CIT,1,34,100,"2,681.00","268,100.00"
2019-02-06,2019020601004840,CORBL,51,11,10,95.00,950.00
2019-02-06,2019020601005140,CZBIL,28,14,"4,000",205.00,"820,000.00"
2019-02-06,2019020601005001,CZBIL,21,36,100,206.00,"20,600.00"
2019-02-06,2019020601004854,CZBIL,28,52,282,205.00,"57,810.00"
2019-02-06,2019020601005288,DBBL,58,58,16,125.00,"2,000.00"
2019-02-06,2019020601005287,DBBL,58,44,414,124.00,"51,336.00"
2019-02-06,2019020601005230,DBBL,33,44,50,124.00,"6,200.00"
2019-02-06,2019020601005142,DBBL,48,55,727,123.00,"89,421.00"
2019-02-06,2019020601005127,DBBL,53,55,100,123.00,"12,300.00"
2019-02-06,2019020601005091,DBBL,45,55,"1,000",123.00,"123,000.00"
2019-02-06,2019020601005008,DBBL,44,44,289,124.00,"35,836.00"
2019-02-06,2019020601005014,DBBL,28,44,500,123.00,"61,500.00"
2019-02-06,2019020601005013,DBBL,1,44,"1,000",123.00,"123,000.00"
2019-02-06,2019020601005012,DBBL,59,44,500,123.00,"61,500.00"
2019-02-06,2019020601005011,DBBL,58,44,"1,822",123.00,"224,106.00"
2019-02-06,2019020601005010,DBBL,51,44,"1,000",124.00,"124,000.00"
2019-02-06,2019020601005009,DBBL,45,44,100,124.00,"12,400.00"
2019-02-06,2019020601005020,DBBL,1,44,225,123.00,"27,675.00"
2019-02-06,2019020601005019,DBBL,39,44,300,123.00,"36,900.00"
2019-02-06,2019020601005018,DBBL,45,44,"1,000",123.00,"123,000.00"
2019-02-06,2019020601005017,DBBL,32,44,200,123.00,"24,600.00"
2019-02-06,2019020601005016,DBBL,1,44,500,123.00,"61,500.00"
2019-02-06,2019020601005015,DBBL,45,44,500,123.00,"61,500.00"
2019-02-06,2019020601005075,DBBL,45,55,100,123.00,"12,300.00"
2019-02-06,2019020601005025,DBBL,39,44,500,123.00,"61,500.00"
2019-02-06,2019020601005024,DBBL,32,44,"1,000",123.00,"123,000.00"
2019-02-06,2019020601005023,DBBL,28,44,"2,000",123.00,"246,000.00"
2019-02-06,2019020601005022,DBBL,4,44,50,123.00,"6,150.00"
2019-02-06,2019020601005021,DBBL,26,44,50,123.00,"6,150.00"
2019-02-06,2019020601005262,DDBL,28,50,84,580.00,"48,720.00"
2019-02-06,2019020601005165,DDBL,44,42,100,581.00,"58,100.00"
2019-02-06,2019020601004811,DDBL,28,58,116,580.00,"67,280.00"
2019-02-06,2019020601004951,EBL,53,33,55,517.00,"28,435.00"
2019-02-06,2019020601004894,EBL,42,33,20,517.00,"10,340.00"
2019-02-06,2019020601005082,FMDBL,41,44,66,365.00,"24,090.00"
2019-02-06,2019020601005081,FMDBL,57,44,250,365.00,"91,250.00"
2019-02-06,2019020601005080,FMDBL,41,44,100,365.00,"36,500.00"
2019-02-06,2019020601005079,FMDBL,53,44,100,365.00,"36,500.00"
2019-02-06,2019020601005078,FMDBL,39,44,500,366.00,"183,000.00"
2019-02-06,2019020601004836,FMDBL,43,16,100,366.00,"36,600.00"
2019-02-06,2019020601004835,FMDBL,57,16,100,366.00,"36,600.00"
2019-02-06,2019020601004834,FMDBL,53,16,30,366.00,"10,980.00"
2019-02-06,2019020601004905,FOWAD,45,5,150,"1,549.00","232,350.00"
2019-02-06,2019020601005026,GBBL,45,57,100,185.00,"18,500.00"
2019-02-06,2019020601004959,GBBL,51,55,359,184.00,"66,056.00"
2019-02-06,2019020601005208,GBIME,47,48,144,265.00,"38,160.00"
2019-02-06,2019020601005029,GBIME,21,11,13,266.00,"3,458.00"
2019-02-06,2019020601005028,GBIME,21,17,37,266.00,"9,842.00"
2019-02-06,2019020601004871,GBIME,33,17,50,266.00,"13,300.00"
2019-02-06,2019020601005137,GBLBS,32,47,10,445.00,"4,450.00"
2019-02-06,2019020601004953,GBLBS,28,47,10,441.00,"4,410.00"
2019-02-06,2019020601005042,GDBL,45,34,50,184.00,"9,200.00"
2019-02-06,2019020601005002,GDBL,51,41,51,184.00,"9,384.00"
2019-02-06,2019020601004995,GDBL,51,41,349,184.00,"64,216.00"
2019-02-06,2019020601004994,GDBL,51,41,500,184.00,"92,000.00"
2019-02-06,2019020601004993,GDBL,51,45,27,183.00,"4,941.00"
2019-02-06,2019020601004992,GDBL,51,10,124,183.00,"22,692.00"
2019-02-06,2019020601005289,GFCL,58,28,100,120.00,"12,000.00"
2019-02-06,2019020601004875,GFCL,43,28,300,120.00,"36,000.00"
2019-02-06,2019020601004887,GIMES1,37,34,"10,000",8.10,"81,000.00"
2019-02-06,2019020601005267,GLICL,5,42,90,705.00,"63,450.00"
2019-02-06,2019020601004948,GRDBL,13,46,40,103.00,"4,120.00"
2019-02-06,2019020601005169,HBL,7,53,50,431.00,"21,550.00"
2019-02-06,2019020601005101,HBL,22,53,300,431.00,"129,300.00"
2019-02-06,2019020601005035,HBL,55,59,100,430.00,"43,000.00"
2019-02-06,2019020601004958,HBL,55,58,100,430.00,"43,000.00"
2019-02-06,2019020601004941,HBL,55,32,261,430.00,"112,230.00"
2019-02-06,2019020601005300,HPPL,5,50,67,180.00,"12,060.00"
2019-02-06,2019020601005279,HPPL,17,37,20,179.00,"3,580.00"
2019-02-06,2019020601004942,HPPL,17,47,20,179.00,"3,580.00"
2019-02-06,2019020601004935,HPPL,17,22,10,179.00,"1,790.00"
2019-02-06,2019020601004907,HPPL,17,22,20,179.00,"3,580.00"
2019-02-06,2019020601004821,HPPL,17,21,10,179.00,"1,790.00"
2019-02-06,2019020601004820,HPPL,6,21,10,180.00,"1,800.00"
2019-02-06,2019020601005195,JBBL,19,29,26,137.00,"3,562.00"
2019-02-06,2019020601005245,JBNL,26,48,272,162.00,"44,064.00"
2019-02-06,2019020601005244,JBNL,38,48,238,162.00,"38,556.00"
2019-02-06,2019020601004970,JBNL,38,51,200,162.00,"32,400.00"
2019-02-06,2019020601005158,JEFL,4,28,100,130.00,"13,000.00"
2019-02-06,2019020601005144,JEFL,4,29,33,128.00,"4,224.00"
2019-02-06,2019020601005237,KBBL,57,55,540,210.00,"113,400.00"
2019-02-06,2019020601005225,KBL,5,19,82,239.00,"19,598.00"
2019-02-06,2019020601005049,KBL,5,20,320,239.00,"76,480.00"
2019-02-06,2019020601005048,KBL,54,20,30,239.00,"7,170.00"
2019-02-06,2019020601005143,KKHC,32,32,2,88.00,176.00
2019-02-06,2019020601005129,KKHC,32,14,48,89.00,"4,272.00"
2019-02-06,2019020601004872,KNBL,49,45,60,119.00,"7,140.00"
2019-02-06,2019020601005055,KPCL,54,47,10,92.00,920.00
2019-02-06,2019020601005006,KPCL,54,36,10,92.00,920.00
2019-02-06,2019020601005194,KSBBL,45,29,30,136.00,"4,080.00"
2019-02-06,2019020601004856,LBBL,51,1,88,173.00,"15,224.00"
2019-02-06,2019020601004855,LBBL,33,1,88,173.00,"15,224.00"
2019-02-06,2019020601004936,LBL,6,43,200,194.00,"38,800.00"
2019-02-06,2019020601005062,LGIL,43,1,10,524.00,"5,240.00"
2019-02-06,2019020601004912,MBL,44,55,"1,786",208.00,"371,488.00"
2019-02-06,2019020601005224,MDB,51,55,800,275.00,"220,000.00"
2019-02-06,2019020601005034,MDB,51,55,200,275.00,"55,000.00"
2019-02-06,2019020601005263,MEGA,43,42,10,163.00,"1,630.00"
2019-02-06,2019020601005218,MEGA,26,38,480,162.00,"77,760.00"
2019-02-06,2019020601005217,MEGA,8,38,100,162.00,"16,200.00"
2019-02-06,2019020601005216,MEGA,38,38,200,162.00,"32,400.00"
2019-02-06,2019020601005215,MEGA,22,38,300,162.00,"48,600.00"
2019-02-06,2019020601005214,MEGA,41,38,920,162.00,"149,040.00"
2019-02-06,2019020601005200,MEGA,43,42,10,163.00,"1,630.00"
2019-02-06,2019020601004963,MEGA,41,58,80,162.00,"12,960.00"
2019-02-06,2019020601004947,MEGA,6,58,100,163.00,"16,300.00"
2019-02-06,2019020601004889,MEGA,34,34,8,162.00,"1,296.00"
2019-02-06,2019020601004831,MEGA,50,34,199,162.00,"32,238.00"
2019-02-06,2019020601004826,MEGA,34,58,150,163.00,"24,450.00"
2019-02-06,2019020601005299,MERO,49,58,112,"1,092.00","122,304.00"
2019-02-06,2019020601005298,MERO,45,58,10,"1,092.00","10,920.00"
2019-02-06,2019020601005297,MERO,1,58,60,"1,094.00","65,640.00"
2019-02-06,2019020601005259,MERO,58,58,6,"1,078.00","6,468.00"
2019-02-06,2019020601005258,MERO,34,58,100,"1,095.00","109,500.00"
2019-02-06,2019020601005257,MERO,29,58,100,"1,095.00","109,500.00"
2019-02-06,2019020601004830,MERO,35,55,50,"1,099.00","54,950.00"
2019-02-06,2019020601004829,MERO,35,51,84,"1,099.00","92,316.00"
2019-02-06,2019020601004812,MERO,19,51,100,"1,099.00","109,900.00"
2019-02-06,2019020601004946,MERO,19,22,14,"1,100.00","15,400.00"
2019-02-06,2019020601004940,MERO,19,22,14,"1,100.00","15,400.00"
2019-02-06,2019020601004900,MERO,35,45,10,"1,107.00","11,070.00"
2019-02-06,2019020601004899,MERO,57,20,23,"1,099.00","25,277.00"
2019-02-06,2019020601004865,MERO,39,42,16,"1,100.00","17,600.00"
2019-02-06,2019020601004864,MERO,39,21,10,"1,100.00","11,000.00"
2019-02-06,2019020601005000,MERO,40,25,39,"1,101.00","42,939.00"
2019-02-06,2019020601004998,MERO,8,8,53,"1,101.00","58,353.00"
2019-02-06,2019020601004986,MERO,45,8,16,"1,101.00","17,616.00"
2019-02-06,2019020601004972,MERO,57,8,30,"1,101.00","33,030.00"
2019-02-06,2019020601004971,MERO,40,8,184,"1,101.00","202,584.00"
2019-02-06,2019020601004956,MERO,40,22,16,"1,100.00","17,600.00"
2019-02-06,2019020601005065,MERO,41,8,50,"1,102.00","55,100.00"
2019-02-06,2019020601005061,MERO,39,38,10,"1,105.00","11,050.00"
2019-02-06,2019020601005060,MERO,39,45,10,"1,105.00","11,050.00"
2019-02-06,2019020601005046,MERO,6,8,25,"1,102.00","27,550.00"
2019-02-06,2019020601005040,MERO,6,29,10,"1,102.00","11,020.00"
2019-02-06,2019020601005027,MERO,37,37,16,"1,102.00","17,632.00"
2019-02-06,2019020601005086,MERO,45,1,51,"1,100.00","56,100.00"
2019-02-06,2019020601005070,MERO,45,8,100,"1,100.00","110,000.00"
2019-02-06,2019020601005069,MERO,19,8,56,"1,100.00","61,600.00"
2019-02-06,2019020601005068,MERO,33,8,10,"1,100.00","11,000.00"
2019-02-06,2019020601005067,MERO,49,8,20,"1,101.00","22,020.00"
2019-02-06,2019020601005066,MERO,40,8,14,"1,101.00","15,414.00"
2019-02-06,2019020601005160,MERO,26,36,36,"1,103.00","39,708.00"
2019-02-06,2019020601005159,MERO,57,36,91,"1,104.00","100,464.00"
2019-02-06,2019020601005146,MERO,57,25,10,"1,104.00","11,040.00"
2019-02-06,2019020601005128,MERO,16,57,16,"1,102.00","17,632.00"
2019-02-06,2019020601005102,MERO,16,29,20,"1,102.00","22,040.00"
2019-02-06,2019020601005088,MERO,32,29,20,"1,102.00","22,040.00"
2019-02-06,2019020601005179,MERO,45,13,149,"1,100.00","163,900.00"
2019-02-06,2019020601005178,MERO,54,26,22,"1,101.00","24,222.00"
2019-02-06,2019020601005164,MERO,54,36,128,"1,101.00","140,928.00"
2019-02-06,2019020601005163,MERO,8,36,14,"1,102.00","15,428.00"
2019-02-06,2019020601005162,MERO,20,36,50,"1,102.00","55,100.00"
2019-02-06,2019020601005161,MERO,16,36,14,"1,102.00","15,428.00"
2019-02-06,2019020601005210,MERO,48,53,25,"1,098.00","27,450.00"
2019-02-06,2019020601005205,MERO,49,49,9,"1,093.00","9,837.00"
2019-02-06,2019020601005203,MERO,57,13,10,"1,099.00","10,990.00"
2019-02-06,2019020601005256,MERO,17,58,30,"1,095.00","32,850.00"
2019-02-06,2019020601005255,MERO,35,58,200,"1,095.00","219,000.00"
2019-02-06,2019020601005254,MERO,43,58,100,"1,096.00","109,600.00"
2019-02-06,2019020601005253,MERO,48,58,50,"1,096.00","54,800.00"
2019-02-06,2019020601005252,MERO,48,58,25,"1,098.00","27,450.00"
2019-02-06,2019020601005242,MERO,8,51,17,"1,099.00","18,683.00"
2019-02-06,2019020601005222,MLBL,26,52,32,167.00,"5,344.00"
2019-02-06,2019020601005221,MLBL,1,52,303,167.00,"50,601.00"
2019-02-06,2019020601005192,MLBL,21,52,160,168.00,"26,880.00"
2019-02-06,2019020601005136,MMFDB,28,51,112,"1,000.00","112,000.00"
2019-02-06,2019020601005213,MNBBL,17,25,24,340.00,"8,160.00"
2019-02-06,2019020601005212,MNBBL,14,25,176,340.00,"59,840.00"
2019-02-06,2019020601005032,MNBBL,14,14,24,340.00,"8,160.00"
2019-02-06,2019020601005031,MNBBL,16,14,500,340.00,"170,000.00"
2019-02-06,2019020601005030,MNBBL,34,14,476,340.00,"161,840.00"
2019-02-06,2019020601005003,MNBBL,34,7,10,340.00,"3,400.00"
2019-02-06,2019020601004853,MNBBL,34,1,14,340.00,"4,760.00"
2019-02-06,2019020601004852,MNBBL,22,1,100,340.00,"34,000.00"
2019-02-06,2019020601004851,MNBBL,37,1,486,340.00,"165,240.00"
2019-02-06,2019020601004825,MSLB,53,56,15,"1,455.00","21,825.00"
2019-02-06,2019020601004846,MSMBS,34,34,294,531.00,"156,114.00"
2019-02-06,2019020601004845,MSMBS,1,34,188,533.00,"100,204.00"
2019-02-06,2019020601004844,MSMBS,51,34,30,535.00,"16,050.00"
2019-02-06,2019020601005141,NABIL,17,17,20,828.00,"16,560.00"
2019-02-06,2019020601005064,NABIL,5,17,100,828.00,"82,800.00"
2019-02-06,2019020601005199,NABILP,43,22,290,734.00,"212,860.00"
2019-02-06,2019020601005198,NABILP,43,11,10,734.00,"7,340.00"
2019-02-06,2019020601005174,NABILP,43,32,200,733.00,"146,600.00"
2019-02-06,2019020601004823,NADEP,19,39,100,780.00,"78,000.00"
2019-02-06,2019020601004806,NADEP,19,26,10,780.00,"7,800.00"
2019-02-06,2019020601005188,NBB,41,38,56,182.00,"10,192.00"
2019-02-06,2019020601005187,NBB,11,38,100,182.00,"18,200.00"
2019-02-06,2019020601005186,NBB,47,38,100,182.00,"18,200.00"
2019-02-06,2019020601005185,NBB,19,38,100,182.00,"18,200.00"
2019-02-06,2019020601005184,NBB,41,38,100,182.00,"18,200.00"
2019-02-06,2019020601004906,NBB,7,51,90,183.00,"16,470.00"
2019-02-06,2019020601005183,NBB,34,38,200,182.00,"36,400.00"
2019-02-06,2019020601005182,NBB,41,38,140,182.00,"25,480.00"
2019-02-06,2019020601005181,NBB,17,38,20,183.00,"3,660.00"
2019-02-06,2019020601005180,NBB,6,38,184,183.00,"33,672.00"
2019-02-06,2019020601004957,NBB,6,51,16,183.00,"2,928.00"
2019-02-06,2019020601005278,NBL,42,34,608,286.00,"173,888.00"
2019-02-06,2019020601005277,NBL,40,34,250,286.00,"71,500.00"
2019-02-06,2019020601005276,NBL,38,34,500,286.00,"143,000.00"
2019-02-06,2019020601005275,NBL,29,34,50,286.00,"14,300.00"
2019-02-06,2019020601005274,NBL,6,34,162,286.00,"46,332.00"
2019-02-06,2019020601005233,NBL,54,49,100,287.00,"28,700.00"
2019-02-06,2019020601005099,NBL,41,49,500,287.00,"143,500.00"
2019-02-06,2019020601004939,NBL,52,49,200,287.00,"57,400.00"
2019-02-06,2019020601004877,NBL,43,49,500,287.00,"143,500.00"
2019-02-06,2019020601004832,NBL,6,38,500,286.00,"143,000.00"
2019-02-06,2019020601004822,NBL,39,49,"1,000",287.00,"287,000.00"
2019-02-06,2019020601005265,NCCB,42,46,721,210.00,"151,410.00"
2019-02-06,2019020601005050,NCCB,42,46,279,210.00,"58,590.00"
2019-02-06,2019020601004861,NCCB,34,46,300,210.00,"63,000.00"
2019-02-06,2019020601004933,NHPC,37,6,500,65.00,"32,500.00"
2019-02-06,2019020601005196,NIB,38,43,20,522.00,"10,440.00"
2019-02-06,2019020601005090,NIB,54,43,128,522.00,"66,816.00"
2019-02-06,2019020601005089,NIB,54,57,72,522.00,"37,584.00"
2019-02-06,2019020601005047,NIB,45,43,"1,000",521.00,"521,000.00"
2019-02-06,2019020601005038,NIB,45,25,500,521.00,"260,500.00"
2019-02-06,2019020601004917,NIB,45,43,14,522.00,"7,308.00"
2019-02-06,2019020601004886,NIB,45,6,129,521.00,"67,209.00"
2019-02-06,2019020601004819,NIB,45,38,657,521.00,"342,297.00"
2019-02-06,2019020601004818,NIB,43,38,10,521.00,"5,210.00"
2019-02-06,2019020601004817,NIB,1,38,100,521.00,"52,100.00"
2019-02-06,2019020601004816,NIB,32,38,33,521.00,"17,193.00"
2019-02-06,2019020601005271,NICA,14,4,134,387.00,"51,858.00"
2019-02-06,2019020601005270,NICA,14,4,322,387.00,"124,614.00"
2019-02-06,2019020601005269,NICA,29,4,44,388.00,"17,072.00"
2019-02-06,2019020601004909,NICA,29,21,56,388.00,"21,728.00"
2019-02-06,2019020601004908,NICA,49,21,80,388.00,"31,040.00"
2019-02-06,2019020601004891,NICA,45,4,500,389.00,"194,500.00"
2019-02-06,2019020601005302,NICL,58,58,10,543.00,"5,430.00"
2019-02-06,2019020601005229,NICL,19,36,150,550.00,"82,500.00"
2019-02-06,2019020601004869,NICL,42,19,63,542.00,"34,146.00"
2019-02-06,2019020601004868,NICL,6,19,15,543.00,"8,145.00"
2019-02-06,2019020601004867,NICL,45,19,100,543.00,"54,300.00"
2019-02-06,2019020601005033,NICL,10,44,"1,000",545.00,"545,000.00"
2019-02-06,2019020601004884,NICL,21,19,12,541.00,"6,492.00"
2019-02-06,2019020601005173,NICL,43,46,10,552.00,"5,520.00"
2019-02-06,2019020601005149,NICL,47,48,250,550.00,"137,500.00"
2019-02-06,2019020601005148,NICL,47,33,500,550.00,"275,000.00"
2019-02-06,2019020601005139,NICL,47,38,170,546.00,"92,820.00"
2019-02-06,2019020601005138,NICL,47,19,198,546.00,"108,108.00"
2019-02-06,2019020601005219,NIL,56,53,10,525.00,"5,250.00"
2019-02-06,2019020601005172,NIL,14,47,300,524.00,"157,200.00"
2019-02-06,2019020601005171,NIL,43,47,100,524.00,"52,400.00"
2019-02-06,2019020601005170,NIL,35,47,90,524.00,"47,160.00"
2019-02-06,2019020601005044,NIL,42,53,12,525.00,"6,300.00"
2019-02-06,2019020601005004,NIL,42,6,88,525.00,"46,200.00"
2019-02-06,2019020601004954,NLG,25,34,11,839.00,"9,229.00"
2019-02-06,2019020601004901,NLG,50,37,42,828.00,"34,776.00"
2019-02-06,2019020601005235,NLIC,28,33,275,"1,062.00","292,050.00"
2019-02-06,2019020601005234,NLIC,59,33,25,"1,063.00","26,575.00"
2019-02-06,2019020601005201,NLIC,33,38,17,"1,065.00","18,105.00"
2019-02-06,2019020601005131,NLIC,21,21,3,"1,050.00","3,150.00"
2019-02-06,2019020601005112,NLIC,5,8,83,"1,065.00","88,395.00"
2019-02-06,2019020601005111,NLIC,45,8,16,"1,065.00","17,040.00"
2019-02-06,2019020601005007,NLIC,5,22,17,"1,065.00","18,105.00"
2019-02-06,2019020601004955,NLIC,21,21,3,"1,050.00","3,150.00"
2019-02-06,2019020601004860,NLIC,45,57,17,"1,065.00","18,105.00"
2019-02-06,2019020601004839,NLIC,21,21,3,"1,050.00","3,150.00"
2019-02-06,2019020601004969,NLICL,46,34,54,654.00,"35,316.00"
2019-02-06,2019020601004968,NLICL,13,34,30,655.00,"19,650.00"
2019-02-06,2019020601004967,NLICL,22,34,24,655.00,"15,720.00"
2019-02-06,2019020601005123,NMB,45,48,10,312.00,"3,120.00"
2019-02-06,2019020601005122,NMB,16,48,"1,000",312.00,"312,000.00"
2019-02-06,2019020601005121,NMB,45,48,100,312.00,"31,200.00"
2019-02-06,2019020601005120,NMB,37,48,250,312.00,"78,000.00"
2019-02-06,2019020601005119,NMB,58,48,80,312.00,"24,960.00"
2019-02-06,2019020601005118,NMB,29,48,500,312.00,"156,000.00"
2019-02-06,2019020601004962,NMB,47,32,70,315.00,"22,050.00"
2019-02-06,2019020601004961,NMB,47,45,400,314.00,"125,600.00"
2019-02-06,2019020601004843,NMB,5,38,150,313.00,"46,950.00"
2019-02-06,2019020601004842,NMB,16,38,300,313.00,"93,900.00"
2019-02-06,2019020601004841,NMB,13,38,50,313.00,"15,650.00"
2019-02-06,2019020601004838,NMB,57,6,102,313.00,"31,926.00"
2019-02-06,2019020601005117,NMB,17,48,200,312.00,"62,400.00"
2019-02-06,2019020601005059,NMB,53,48,500,313.00,"156,500.00"
2019-02-06,2019020601005058,NMB,11,48,300,313.00,"93,900.00"
2019-02-06,2019020601005057,NMB,56,48,10,313.00,"3,130.00"
2019-02-06,2019020601005056,NMB,5,48,50,313.00,"15,650.00"
2019-02-06,2019020601004974,NMB,21,32,50,315.00,"15,750.00"
2019-02-06,2019020601005286,NMFBS,41,7,10,"1,650.00","16,500.00"
2019-02-06,2019020601005083,NMFBS,34,7,10,"1,626.00","16,260.00"
2019-02-06,2019020601005284,NSEWA,25,55,20,618.00,"12,360.00"
2019-02-06,2019020601005283,NSEWA,25,13,10,618.00,"6,180.00"
2019-02-06,2019020601005291,NTC,4,33,10,710.00,"7,100.00"
2019-02-06,2019020601004878,NTC,4,33,500,709.00,"354,500.00"
2019-02-06,2019020601004883,NTC,4,52,80,710.00,"56,800.00"
2019-02-06,2019020601004882,NTC,4,52,500,710.00,"355,000.00"
2019-02-06,2019020601004881,NTC,4,34,"1,000",710.00,"710,000.00"
2019-02-06,2019020601004880,NTC,4,19,200,710.00,"142,000.00"
2019-02-06,2019020601004879,NTC,4,52,280,710.00,"198,800.00"
2019-02-06,2019020601005150,NTC,43,29,10,715.00,"7,150.00"
2019-02-06,2019020601005228,PCBL,33,50,70,317.00,"22,190.00"
2019-02-06,2019020601005227,PCBL,33,50,21,317.00,"6,657.00"
2019-02-06,2019020601005226,PCBL,43,50,100,317.00,"31,700.00"
2019-02-06,2019020601004985,PCBL,21,50,50,317.00,"15,850.00"
2019-02-06,2019020601004930,PCBL,52,50,300,317.00,"95,100.00"
2019-02-06,2019020601004929,PCBL,49,50,100,317.00,"31,700.00"
2019-02-06,2019020601004928,PCBL,50,50,349,317.00,"110,633.00"
2019-02-06,2019020601005211,PFL,13,44,506,130.00,"65,780.00"
2019-02-06,2019020601005115,PFL,13,53,49,130.00,"6,370.00"
2019-02-06,2019020601005100,PFL,13,53,45,130.00,"5,850.00"
2019-02-06,2019020601005051,PFL,45,47,12,131.00,"1,572.00"
2019-02-06,2019020601005054,PIC,42,33,72,"1,030.00","74,160.00"
2019-02-06,2019020601005053,PIC,13,33,10,"1,030.00","10,300.00"
2019-02-06,2019020601005052,PIC,32,33,118,"1,031.00","121,658.00"
2019-02-06,2019020601004923,PIC,32,22,11,"1,031.00","11,341.00"
2019-02-06,2019020601004982,PLIC,41,43,51,468.00,"23,868.00"
2019-02-06,2019020601004862,PLIC,11,44,50,470.00,"23,500.00"
2019-02-06,2019020601005104,PMHPL,57,21,10,108.00,"1,080.00"
2019-02-06,2019020601004989,PMHPL,57,47,10,108.00,"1,080.00"
2019-02-06,2019020601004988,PMHPL,57,21,10,108.00,"1,080.00"
2019-02-06,2019020601004964,PMHPL,57,54,10,108.00,"1,080.00"
2019-02-06,2019020601004934,PMHPL,56,21,10,107.00,"1,070.00"
2019-02-06,2019020601004885,PMHPL,56,21,10,107.00,"1,070.00"
2019-02-06,2019020601004807,PMHPL,56,21,10,107.00,"1,070.00"
2019-02-06,2019020601005204,PRIN,42,26,74,430.00,"31,820.00"
2019-02-06,2019020601005168,PRIN,42,28,540,430.00,"232,200.00"
2019-02-06,2019020601005167,PRIN,53,28,20,431.00,"8,620.00"
2019-02-06,2019020601005166,PRIN,37,28,60,431.00,"25,860.00"
2019-02-06,2019020601005134,PRVU,55,13,672,241.00,"161,952.00"
2019-02-06,2019020601005133,PRVU,55,13,328,241.00,"79,048.00"
2019-02-06,2019020601005096,PRVU,40,33,751,240.00,"180,240.00"
2019-02-06,2019020601005095,PRVU,17,33,249,240.00,"59,760.00"
2019-02-06,2019020601005045,PRVU,36,13,60,241.00,"14,460.00"
2019-02-06,2019020601004991,PRVU,21,13,50,241.00,"12,050.00"
2019-02-06,2019020601005105,RADHI,37,28,11,161.00,"1,771.00"
2019-02-06,2019020601005043,RADHI,37,58,99,161.00,"15,939.00"
2019-02-06,2019020601004966,RADHI,37,47,10,161.00,"1,610.00"
2019-02-06,2019020601004814,RADHI,37,26,11,161.00,"1,771.00"
2019-02-06,2019020601004981,RRHP,33,47,10,98.00,980.00
2019-02-06,2019020601004979,SADBL,41,36,100,139.00,"13,900.00"
2019-02-06,2019020601005246,SANIMA,33,58,100,300.00,"30,000.00"
2019-02-06,2019020601004937,SANIMA,34,36,18,299.00,"5,382.00"
2019-02-06,2019020601004850,SANIMA,34,33,50,299.00,"14,950.00"
2019-02-06,2019020601004815,SANIMA,51,58,50,300.00,"15,000.00"
2019-02-06,2019020601004978,SBI,7,11,34,379.00,"12,886.00"
2019-02-06,2019020601004977,SBI,16,11,150,379.00,"56,850.00"
2019-02-06,2019020601004976,SBI,34,11,40,380.00,"15,200.00"
2019-02-06,2019020601004805,SBI,34,45,10,380.00,"3,800.00"
2019-02-06,2019020601004904,SBL,58,43,50,282.00,"14,100.00"
2019-02-06,2019020601004903,SBL,55,43,"1,112",282.00,"313,584.00"
2019-02-06,2019020601004898,SBL,55,41,66,282.00,"18,612.00"
2019-02-06,2019020601005261,SCB,19,26,200,556.00,"111,200.00"
2019-02-06,2019020601005260,SCB,22,26,200,556.00,"111,200.00"
2019-02-06,2019020601005157,SCB,13,14,20,559.00,"11,180.00"
2019-02-06,2019020601005094,SFFIL,47,42,260,215.00,"55,900.00"
2019-02-06,2019020601005093,SFFIL,32,42,50,217.00,"10,850.00"
2019-02-06,2019020601005092,SFFIL,4,42,10,217.00,"2,170.00"
2019-02-06,2019020601005202,SHL,26,55,450,201.00,"90,450.00"
2019-02-06,2019020601004949,SHL,44,34,797,202.00,"160,994.00"
2019-02-06,2019020601005290,SHPC,42,16,30,227.00,"6,810.00"
2019-02-06,2019020601005241,SHPC,28,19,300,226.00,"67,800.00"
2019-02-06,2019020601005232,SHPC,39,16,80,227.00,"18,160.00"
2019-02-06,2019020601004997,SHPC,29,16,200,227.00,"45,400.00"
2019-02-06,2019020601004837,SHPC,42,13,20,228.00,"4,560.00"
2019-02-06,2019020601004827,SHPC,53,13,50,228.00,"11,400.00"
2019-02-06,2019020601005197,SLBBL,48,6,15,509.00,"7,635.00"
2019-02-06,2019020601005177,SLICL,5,42,58,532.00,"30,856.00"
2019-02-06,2019020601005176,SLICL,39,42,15,537.00,"8,055.00"
2019-02-06,2019020601005108,SLICL,39,13,35,537.00,"18,795.00"
2019-02-06,2019020601005301,SPDL,45,40,149,91.00,"13,559.00"
2019-02-06,2019020601005266,SPDL,52,40,226,92.00,"20,792.00"
2019-02-06,2019020601004913,SPDL,25,48,212,93.00,"19,716.00"
2019-02-06,2019020601005077,UIC,16,33,20,792.00,"15,840.00"
2019-02-06,2019020601004975,UIC,33,57,160,791.00,"126,560.00"
2019-02-06,2019020601004927,UIC,19,57,10,791.00,"7,910.00"
2019-02-06,2019020601004902,UIC,35,57,30,791.00,"23,730.00"
2019-02-06,2019020601004866,UIC,40,57,40,791.00,"31,640.00"
2019-02-06,2019020601004863,UIC,40,38,10,791.00,"7,910.00"
2019-02-06,2019020601004847,UIC,40,35,150,791.00,"118,650.00"
2019-02-06,2019020601005303,UPPER,42,3,40,238.00,"9,520.00"
2019-02-06,2019020601005294,UPPER,42,3,40,238.00,"9,520.00"
2019-02-06,2019020601005292,UPPER,29,45,50,239.00,"11,950.00"
2019-02-06,2019020601005285,UPPER,42,11,50,238.00,"11,900.00"
2019-02-06,2019020601005281,UPPER,42,3,20,238.00,"4,760.00"
2019-02-06,2019020601005280,UPPER,6,3,20,238.00,"4,760.00"
2019-02-06,2019020601004813,UPPER,42,33,50,238.00,"11,900.00"
2019-02-06,2019020601004810,UPPER,42,26,50,238.00,"11,900.00"
2019-02-06,2019020601004809,UPPER,42,11,50,238.00,"11,900.00"
2019-02-06,2019020601004808,UPPER,42,33,50,238.00,"11,900.00"
2019-02-06,2019020601004804,UPPER,42,21,50,238.00,"11,900.00"
2019-02-06,2019020601004873,UPPER,42,21,50,238.00,"11,900.00"
2019-02-06,2019020601004870,UPPER,42,11,50,238.00,"11,900.00"
2019-02-06,2019020601004849,UPPER,42,21,40,238.00,"9,520.00"
2019-02-06,2019020601004848,UPPER,42,11,40,238.00,"9,520.00"
2019-02-06,2019020601004833,UPPER,42,11,50,238.00,"11,900.00"
2019-02-06,2019020601004824,UPPER,42,11,50,238.00,"11,900.00"
2019-02-06,2019020601004897,UPPER,42,36,50,238.00,"11,900.00"
2019-02-06,2019020601004896,UPPER,42,11,50,238.00,"11,900.00"
2019-02-06,2019020601004893,UPPER,42,35,50,238.00,"11,900.00"
2019-02-06,2019020601004890,UPPER,42,11,40,238.00,"9,520.00"
2019-02-06,2019020601004888,UPPER,42,26,40,238.00,"9,520.00"
2019-02-06,2019020601004874,UPPER,42,52,40,238.00,"9,520.00"
2019-02-06,2019020601004926,UPPER,55,21,14,238.00,"3,332.00"
2019-02-06,2019020601004925,UPPER,33,21,16,238.00,"3,808.00"
2019-02-06,2019020601004924,UPPER,5,21,10,238.00,"2,380.00"
2019-02-06,2019020601004914,UPPER,5,21,50,238.00,"11,900.00"
2019-02-06,2019020601004911,UPPER,5,11,40,238.00,"9,520.00"
2019-02-06,2019020601004910,UPPER,42,11,10,238.00,"2,380.00"
2019-02-06,2019020601004960,UPPER,55,49,50,238.00,"11,900.00"
2019-02-06,2019020601004952,UPPER,55,42,40,238.00,"9,520.00"
2019-02-06,2019020601004950,UPPER,55,29,40,238.00,"9,520.00"
2019-02-06,2019020601004945,UPPER,55,11,40,238.00,"9,520.00"
2019-02-06,2019020601004938,UPPER,55,42,40,238.00,"9,520.00"
2019-02-06,2019020601004931,UPPER,55,11,50,238.00,"11,900.00"
2019-02-06,2019020601004987,UPPER,55,11,50,238.00,"11,900.00"
2019-02-06,2019020601004984,UPPER,55,21,50,238.00,"11,900.00"
2019-02-06,2019020601004983,UPPER,55,42,50,238.00,"11,900.00"
2019-02-06,2019020601004980,UPPER,55,32,50,238.00,"11,900.00"
2019-02-06,2019020601004973,UPPER,55,42,50,238.00,"11,900.00"
2019-02-06,2019020601004965,UPPER,55,11,50,238.00,"11,900.00"
2019-02-06,2019020601005041,UPPER,55,11,40,238.00,"9,520.00"
2019-02-06,2019020601005005,UPPER,55,11,40,238.00,"9,520.00"
2019-02-06,2019020601004999,UPPER,55,26,40,238.00,"9,520.00"
2019-02-06,2019020601004996,UPPER,55,42,50,238.00,"11,900.00"
2019-02-06,2019020601005110,UPPER,45,29,24,238.00,"5,712.00"
2019-02-06,2019020601005109,UPPER,55,29,76,238.00,"18,088.00"
2019-02-06,2019020601005103,UPPER,55,21,50,238.00,"11,900.00"
2019-02-06,2019020601005097,UPPER,55,11,40,238.00,"9,520.00"
2019-02-06,2019020601005087,UPPER,55,21,40,238.00,"9,520.00"
2019-02-06,2019020601005063,UPPER,55,28,50,238.00,"11,900.00"
2019-02-06,2019020601005153,UPPER,42,25,34,238.00,"8,092.00"
2019-02-06,2019020601005152,UPPER,45,25,16,238.00,"3,808.00"
2019-02-06,2019020601005151,UPPER,45,55,40,238.00,"9,520.00"
2019-02-06,2019020601005147,UPPER,45,21,40,238.00,"9,520.00"
2019-02-06,2019020601005145,UPPER,45,11,40,238.00,"9,520.00"
2019-02-06,2019020601005132,UPPER,45,11,40,238.00,"9,520.00"
2019-02-06,2019020601005193,UPPER,5,10,40,238.00,"9,520.00"
2019-02-06,2019020601005191,UPPER,5,11,50,238.00,"11,900.00"
2019-02-06,2019020601005190,UPPER,43,50,30,238.00,"7,140.00"
2019-02-06,2019020601005189,UPPER,28,50,16,238.00,"3,808.00"
2019-02-06,2019020601005156,UPPER,28,17,84,238.00,"19,992.00"
2019-02-06,2019020601005155,UPPER,42,17,466,238.00,"110,908.00"
2019-02-06,2019020601005272,UPPER,6,3,50,238.00,"11,900.00"
2019-02-06,2019020601005247,UPPER,6,11,50,238.00,"11,900.00"
2019-02-06,2019020601005239,UPPER,6,3,40,238.00,"9,520.00"
2019-02-06,2019020601005238,UPPER,6,11,40,238.00,"9,520.00"
2019-02-06,2019020601005236,UPPER,5,3,10,238.00,"2,380.00"
2019-02-06,2019020601004916,WOMI,14,20,41,"1,136.00","46,576.00"
2019-02-06,2019020601004915,WOMI,21,20,30,"1,137.00","34,110.00"
2019-02-06,2019020601004756,ADBL,16,16,1,336.00,336.00
2019-02-06,2019020601004330,ADBL,28,16,20,336.00,"6,720.00"
2019-02-06,2019020601004753,AKJCL,44,42,20,85.00,"1,700.00"
2019-02-06,2019020601004752,AKJCL,45,4,20,84.00,"1,680.00"
2019-02-06,2019020601004792,AKPL,10,40,87,179.00,"15,573.00"
2019-02-06,2019020601004530,AKPL,10,38,13,179.00,"2,327.00"
2019-02-06,2019020601004644,AMFI,45,17,10,723.00,"7,230.00"
2019-02-06,2019020601004760,API,35,25,486,138.00,"67,068.00"
2019-02-06,2019020601004759,API,38,25,200,138.00,"27,600.00"
2019-02-06,2019020601004758,API,49,25,100,138.00,"13,800.00"
2019-02-06,2019020601004757,API,46,25,14,138.00,"1,932.00"
2019-02-06,2019020601004781,BARUN,22,41,10,103.00,"1,030.00"
2019-02-06,2019020601004714,BNT,28,39,100,"6,303.00","630,300.00"
2019-02-06,2019020601004766,BOKL,10,26,200,246.00,"49,200.00"
2019-02-06,2019020601004755,BOKL,45,26,100,246.00,"24,600.00"
2019-02-06,2019020601004746,BOKL,45,26,20,246.00,"4,920.00"
2019-02-06,2019020601004646,BPCL,56,40,20,355.00,"7,100.00"
2019-02-06,2019020601004586,CBBL,49,17,144,870.00,"125,280.00"
2019-02-06,2019020601004490,CBBL,49,50,56,870.00,"48,720.00"
2019-02-06,2019020601004489,CBBL,6,50,44,870.00,"38,280.00"
2019-02-06,2019020601004433,CBBL,6,50,56,870.00,"48,720.00"
2019-02-06,2019020601004419,CBBL,40,50,100,871.00,"87,100.00"
2019-02-06,2019020601004418,CBBL,58,50,10,872.00,"8,720.00"
2019-02-06,2019020601004417,CBBL,48,50,50,872.00,"43,600.00"
2019-02-06,2019020601004432,CBBL,25,50,50,870.00,"43,500.00"
2019-02-06,2019020601004424,CBBL,29,50,100,871.00,"87,100.00"
2019-02-06,2019020601004423,CBBL,33,50,400,871.00,"348,400.00"
2019-02-06,2019020601004422,CBBL,55,50,20,871.00,"17,420.00"
2019-02-06,2019020601004421,CBBL,51,50,100,871.00,"87,100.00"
2019-02-06,2019020601004420,CBBL,47,50,100,871.00,"87,100.00"
2019-02-06,2019020601004739,CBL,17,26,70,156.00,"10,920.00"
2019-02-06,2019020601004738,CBL,26,26,10,156.00,"1,560.00"
2019-02-06,2019020601004767,CCBL,38,38,4,167.00,668.00
2019-02-06,2019020601004551,CCBL,56,37,299,167.00,"49,933.00"
2019-02-06,2019020601004550,CCBL,56,53,701,167.00,"117,067.00"
2019-02-06,2019020601004367,CCBL,36,53,220,167.00,"36,740.00"
2019-02-06,2019020601004584,CEFL,4,14,30,102.00,"3,060.00"
2019-02-06,2019020601004719,CHCL,21,42,100,512.00,"51,200.00"
2019-02-06,2019020601004712,CHCL,40,41,100,511.00,"51,100.00"
2019-02-06,2019020601004690,CHCL,40,41,200,511.00,"102,200.00"
2019-02-06,2019020601004636,CHCL,22,59,70,513.00,"35,910.00"
2019-02-06,2019020601004635,CHCL,22,3,130,512.00,"66,560.00"
2019-02-06,2019020601004555,CHCL,40,52,132,511.00,"67,452.00"
2019-02-06,2019020601004486,CHCL,13,3,50,512.00,"25,600.00"
2019-02-06,2019020601004386,CHL,25,22,235,100.00,"23,500.00"
2019-02-06,2019020601004696,CIT,36,5,10,"2,679.00","26,790.00"
2019-02-06,2019020601004695,CIT,36,17,50,"2,678.00","133,900.00"
2019-02-06,2019020601004632,CIT,4,50,108,"2,673.00","288,684.00"
2019-02-06,2019020601004631,CIT,35,50,40,"2,673.00","106,920.00"
2019-02-06,2019020601004335,CIT,38,58,16,"2,672.00","42,752.00"
2019-02-06,2019020601004334,CIT,50,58,11,"2,672.00","29,392.00"
2019-02-06,2019020601004333,CIT,19,58,20,"2,673.00","53,460.00"
2019-02-06,2019020601004332,CIT,4,58,53,"2,673.00","141,669.00"
2019-02-06,2019020601004313,CIT,4,32,20,"2,673.00","53,460.00"
2019-02-06,2019020601004362,CLBSL,45,47,10,711.00,"7,110.00"
2019-02-06,2019020601004622,CZBIL,4,29,"1,020",205.00,"209,100.00"
2019-02-06,2019020601004538,CZBIL,56,29,100,205.00,"20,500.00"
2019-02-06,2019020601004460,CZBIL,28,29,40,205.00,"8,200.00"
2019-02-06,2019020601004743,DBBL,44,16,11,124.00,"1,364.00"
2019-02-06,2019020601004730,DDBL,44,1,11,579.00,"6,369.00"
2019-02-06,2019020601004734,EBL,28,51,11,518.00,"5,698.00"
2019-02-06,2019020601004595,EBL,16,17,200,517.00,"103,400.00"
2019-02-06,2019020601004698,EIC,41,6,100,817.00,"81,700.00"
2019-02-06,2019020601004479,EIC,28,44,110,807.00,"88,770.00"
2019-02-06,2019020601004478,EIC,6,44,50,808.00,"40,400.00"
2019-02-06,2019020601004477,EIC,6,44,100,808.00,"80,800.00"
2019-02-06,2019020601004476,EIC,42,44,40,808.00,"32,320.00"
2019-02-06,2019020601004475,EIC,42,44,50,808.00,"40,400.00"
2019-02-06,2019020601004795,FMDBL,53,56,20,366.00,"7,320.00"
2019-02-06,2019020601004534,FOWAD,41,17,100,"1,550.00","155,000.00"
2019-02-06,2019020601004574,GBBL,42,49,22,183.00,"4,026.00"
2019-02-06,2019020601004573,GBBL,57,49,478,183.00,"87,474.00"
2019-02-06,2019020601004389,GBBL,57,20,22,183.00,"4,026.00"
2019-02-06,2019020601004388,GBBL,26,20,62,183.00,"11,346.00"
2019-02-06,2019020601004387,GBBL,28,20,76,183.00,"13,908.00"
2019-02-06,2019020601004701,GBIME,47,17,56,265.00,"14,840.00"
2019-02-06,2019020601004612,GBIME,4,34,560,264.00,"147,840.00"
2019-02-06,2019020601004448,GBIME,21,17,50,265.00,"13,250.00"
2019-02-06,2019020601004356,GBLBS,50,17,24,440.00,"10,560.00"
2019-02-06,2019020601004355,GBLBS,36,17,190,440.00,"83,600.00"
2019-02-06,2019020601004354,GBLBS,25,17,250,441.00,"110,250.00"
2019-02-06,2019020601004353,GBLBS,14,17,96,441.00,"42,336.00"
2019-02-06,2019020601004352,GBLBS,53,17,40,442.00,"17,680.00"
2019-02-06,2019020601004751,GDBL,32,6,254,182.00,"46,228.00"
2019-02-06,2019020601004750,GDBL,32,54,100,182.00,"18,200.00"
2019-02-06,2019020601004749,GDBL,32,32,124,182.00,"22,568.00"
2019-02-06,2019020601004564,GLICL,58,6,50,705.00,"35,250.00"
2019-02-06,2019020601004563,GLICL,58,56,108,705.00,"76,140.00"
2019-02-06,2019020601004562,GLICL,58,17,305,703.00,"214,415.00"
2019-02-06,2019020601004397,GLICL,25,17,50,703.00,"35,150.00"
2019-02-06,2019020601004620,HDL,46,14,10,"1,363.00","13,630.00"
2019-02-06,2019020601004559,HGI,49,34,"1,000",387.00,"387,000.00"
2019-02-06,2019020601004558,HGI,33,34,50,387.00,"19,350.00"
2019-02-06,2019020601004557,HGI,11,34,50,388.00,"19,400.00"
2019-02-06,2019020601004556,HGI,34,34,13,388.00,"5,044.00"
2019-02-06,2019020601004774,HIDCL,1,40,142,137.00,"19,454.00"
2019-02-06,2019020601004773,HIDCL,14,40,58,137.00,"7,946.00"
2019-02-06,2019020601004655,HIDCL,1,49,224,138.00,"30,912.00"
2019-02-06,2019020601004652,HIDCL,14,29,28,137.00,"3,836.00"
2019-02-06,2019020601004664,HPPL,6,29,10,180.00,"1,800.00"
2019-02-06,2019020601004638,HPPL,6,37,30,180.00,"5,400.00"
2019-02-06,2019020601004521,HPPL,6,17,70,180.00,"12,600.00"
2019-02-06,2019020601004396,HPPL,6,21,10,180.00,"1,800.00"
2019-02-06,2019020601004306,HPPL,6,11,10,180.00,"1,800.00"
2019-02-06,2019020601004549,ICFC,41,35,397,150.00,"59,550.00"
2019-02-06,2019020601004472,JBNL,16,51,10,163.00,"1,630.00"
2019-02-06,2019020601004449,JBNL,16,16,5,162.00,810.00
2019-02-06,2019020601004775,KBL,58,55,"1,011",239.00,"241,629.00"
2019-02-06,2019020601004733,KBL,35,20,50,240.00,"12,000.00"
2019-02-06,2019020601004732,KBL,58,6,201,239.00,"48,039.00"
2019-02-06,2019020601004731,KBL,28,6,23,239.00,"5,497.00"
2019-02-06,2019020601004699,KBL,38,20,50,240.00,"12,000.00"
2019-02-06,2019020601004349,KMCDB,38,20,56,845.00,"47,320.00"
2019-02-06,2019020601004348,KMCDB,48,20,44,846.00,"37,224.00"
2019-02-06,2019020601004446,KNBL,43,41,30,119.00,"3,570.00"
2019-02-06,2019020601004360,KPCL,56,36,10,92.00,920.00
2019-02-06,2019020601004653,KPCL,54,40,10,92.00,920.00
2019-02-06,2019020601004703,KPCL,54,38,10,92.00,920.00
2019-02-06,2019020601004687,KPCL,54,29,10,92.00,920.00
2019-02-06,2019020601004747,KPCL,54,59,10,92.00,920.00
2019-02-06,2019020601004466,LBBL,16,16,4,173.00,692.00
2019-02-06,2019020601004656,LBBLPO,55,53,"6,000",113.00,"678,000.00"
2019-02-06,2019020601004547,LBL,4,43,40,194.00,"7,760.00"
2019-02-06,2019020601004429,LGIL,34,38,75,514.00,"38,550.00"
2019-02-06,2019020601004428,LGIL,51,38,100,515.00,"51,500.00"
2019-02-06,2019020601004427,LGIL,51,38,50,518.00,"25,900.00"
2019-02-06,2019020601004381,LGIL,37,39,20,520.00,"10,400.00"
2019-02-06,2019020601004380,LGIL,51,39,500,520.00,"260,000.00"
2019-02-06,2019020601004379,LGIL,41,39,20,520.00,"10,400.00"
2019-02-06,2019020601004378,LGIL,53,39,20,521.00,"10,420.00"
2019-02-06,2019020601004677,MBL,57,55,500,209.00,"104,500.00"
2019-02-06,2019020601004617,MEGA,50,38,801,162.00,"129,762.00"
2019-02-06,2019020601004616,MEGA,26,38,400,162.00,"64,800.00"
2019-02-06,2019020601004615,MEGA,32,38,120,162.00,"19,440.00"
2019-02-06,2019020601004614,MEGA,56,38,200,162.00,"32,400.00"
2019-02-06,2019020601004613,MEGA,29,38,479,162.00,"77,598.00"
2019-02-06,2019020601004470,MEGA,29,58,508,162.00,"82,296.00"
2019-02-06,2019020601004411,MEGA,57,58,170,163.00,"27,710.00"
2019-02-06,2019020601004410,MEGA,57,57,30,163.00,"4,890.00"
2019-02-06,2019020601004799,MERO,19,51,65,"1,099.00","71,435.00"
2019-02-06,2019020601004798,MERO,19,58,35,"1,099.00","38,465.00"
2019-02-06,2019020601004794,MERO,58,58,50,"1,099.00","54,950.00"
2019-02-06,2019020601004790,MERO,19,54,16,"1,097.00","17,552.00"
2019-02-06,2019020601004745,MERO,57,58,20,"1,099.00","21,980.00"
2019-02-06,2019020601004626,MERO,6,40,64,"1,095.00","70,080.00"
2019-02-06,2019020601004336,MERO,49,54,16,"1,093.00","17,488.00"
2019-02-06,2019020601004319,MERO,41,42,25,"1,096.00","27,400.00"
2019-02-06,2019020601004473,MERO,51,48,21,"1,095.00","22,995.00"
2019-02-06,2019020601004463,MERO,51,48,69,"1,095.00","75,555.00"
2019-02-06,2019020601004440,MERO,49,7,234,"1,095.00","256,230.00"
2019-02-06,2019020601004405,MERO,13,1,16,"1,094.00","17,504.00"
2019-02-06,2019020601004339,MERO,49,54,16,"1,093.00","17,488.00"
2019-02-06,2019020601004338,MERO,39,42,37,"1,096.00","40,552.00"
2019-02-06,2019020601004474,MERO,1,48,140,"1,094.00","153,160.00"
2019-02-06,2019020601004518,MERO,26,41,100,"1,095.00","109,500.00"
2019-02-06,2019020601004625,MERO,1,40,200,"1,096.00","219,200.00"
2019-02-06,2019020601004624,MERO,8,40,14,"1,097.00","15,358.00"
2019-02-06,2019020601004623,MERO,32,40,10,"1,097.00","10,970.00"
2019-02-06,2019020601004583,MERO,32,7,40,"1,097.00","43,880.00"
2019-02-06,2019020601004546,MERO,35,41,90,"1,095.00","98,550.00"
2019-02-06,2019020601004522,MERO,41,41,9,"1,100.00","9,900.00"
2019-02-06,2019020601004597,MIDBL,38,34,200,147.00,"29,400.00"
2019-02-06,2019020601004596,MIDBL,45,34,200,148.00,"29,600.00"
2019-02-06,2019020601004706,MNBBL,58,7,470,341.00,"160,270.00"
2019-02-06,2019020601004705,MNBBL,52,7,20,342.00,"6,840.00"
2019-02-06,2019020601004629,NABIL,33,17,70,826.00,"57,820.00"
2019-02-06,2019020601004628,NABIL,22,17,212,826.00,"175,112.00"
2019-02-06,2019020601004618,NABIL,22,5,88,826.00,"72,688.00"
2019-02-06,2019020601004608,NABIL,22,5,50,826.00,"41,300.00"
2019-02-06,2019020601004587,NABIL,55,5,20,826.00,"16,520.00"
2019-02-06,2019020601004565,NABIL,4,5,40,826.00,"33,040.00"
2019-02-06,2019020601004495,NABIL,42,1,50,825.00,"41,250.00"
2019-02-06,2019020601004494,NABIL,28,1,30,825.00,"24,750.00"
2019-02-06,2019020601004501,NABIL,38,1,101,825.00,"83,325.00"
2019-02-06,2019020601004500,NABIL,41,1,100,825.00,"82,500.00"
2019-02-06,2019020601004499,NABIL,35,1,15,825.00,"12,375.00"
2019-02-06,2019020601004498,NABIL,42,1,100,825.00,"82,500.00"
2019-02-06,2019020601004497,NABIL,19,1,50,825.00,"41,250.00"
2019-02-06,2019020601004496,NABIL,21,1,100,825.00,"82,500.00"
2019-02-06,2019020601004713,NABILP,44,32,200,733.00,"146,600.00"
2019-02-06,2019020601004609,NABILP,26,22,381,730.00,"278,130.00"
2019-02-06,2019020601004726,NADEP,19,58,10,780.00,"7,800.00"
2019-02-06,2019020601004717,NADEP,19,58,10,780.00,"7,800.00"
2019-02-06,2019020601004711,NADEP,19,58,10,780.00,"7,800.00"
2019-02-06,2019020601004709,NADEP,35,58,10,781.00,"7,810.00"
2019-02-06,2019020601004771,NBB,7,40,210,183.00,"38,430.00"
2019-02-06,2019020601004770,NBB,45,40,100,183.00,"18,300.00"
2019-02-06,2019020601004769,NBB,45,40,20,183.00,"3,660.00"
2019-02-06,2019020601004768,NBB,41,40,120,183.00,"21,960.00"
2019-02-06,2019020601004541,NBB,41,33,880,183.00,"161,040.00"
2019-02-06,2019020601004540,NBB,46,33,33,183.00,"6,039.00"
2019-02-06,2019020601004539,NBB,38,33,87,183.00,"15,921.00"
2019-02-06,2019020601004503,NBB,38,17,200,183.00,"36,600.00"
2019-02-06,2019020601004471,NBB,38,34,213,183.00,"38,979.00"
2019-02-06,2019020601004740,NBL,38,49,500,287.00,"143,500.00"
2019-02-06,2019020601004681,NBL,6,43,"1,000",287.00,"287,000.00"
2019-02-06,2019020601004680,NBL,6,22,720,287.00,"206,640.00"
2019-02-06,2019020601004648,NBL,6,22,300,287.00,"86,100.00"
2019-02-06,2019020601004643,NBL,6,22,300,287.00,"86,100.00"
2019-02-06,2019020601004542,NBL,6,55,50,286.00,"14,300.00"
2019-02-06,2019020601004524,NBL,53,22,500,287.00,"143,500.00"
2019-02-06,2019020601004462,NBL,6,34,248,286.00,"70,928.00"
2019-02-06,2019020601004707,NCCB,58,6,100,209.00,"20,900.00"
2019-02-06,2019020601004679,NCCB,50,46,100,210.00,"21,000.00"
2019-02-06,2019020601004678,NCCB,50,46,100,210.00,"21,000.00"
2019-02-06,2019020601004554,NCCB,50,46,"1,854",210.00,"389,340.00"
2019-02-06,2019020601004525,NCCB,58,46,146,210.00,"30,660.00"
2019-02-06,2019020601004520,NCCB,58,48,54,210.00,"11,340.00"
2019-02-06,2019020601004519,NCCB,41,48,200,210.00,"42,000.00"
2019-02-06,2019020601004464,NCCB,58,32,"1,550",210.00,"325,500.00"
2019-02-06,2019020601004447,NCCB,21,32,150,210.00,"31,500.00"
2019-02-06,2019020601004325,NCCB,1,32,300,210.00,"63,000.00"
2019-02-06,2019020601004765,NCDB,43,6,129,118.00,"15,222.00"
2019-02-06,2019020601004787,NEF,7,6,606,8.00,"4,848.00"
2019-02-06,2019020601004649,NEF,1,6,860,8.15,"7,009.00"
2019-02-06,2019020601004308,NEF,1,54,587,8.15,"4,784.05"
2019-02-06,2019020601004307,NEF,7,54,379,8.15,"3,088.85"
2019-02-06,2019020601004321,NGPL,42,29,13,125.00,"1,625.00"
2019-02-06,2019020601004694,NHDL,34,26,10,131.00,"1,310.00"
2019-02-06,2019020601004357,NHDL,34,29,10,130.00,"1,300.00"
2019-02-06,2019020601004439,NHPC,40,42,500,66.00,"33,000.00"
2019-02-06,2019020601004425,NHPC,40,1,500,66.00,"33,000.00"
2019-02-06,2019020601004786,NIB,34,43,13,522.00,"6,786.00"
2019-02-06,2019020601004785,NIB,34,8,37,522.00,"19,314.00"
2019-02-06,2019020601004409,NIB,32,17,200,522.00,"104,400.00"
2019-02-06,2019020601004408,NIBLPF,32,54,800,7.55,"6,040.00"
2019-02-06,2019020601004692,NICA,49,21,20,388.00,"7,760.00"
2019-02-06,2019020601004691,NICA,43,21,80,388.00,"31,040.00"
2019-02-06,2019020601004393,NICA,43,43,920,388.00,"356,960.00"
2019-02-06,2019020601004392,NICA,45,43,30,388.00,"11,640.00"
2019-02-06,2019020601004391,NICA,58,43,50,388.00,"19,400.00"
2019-02-06,2019020601004395,NICGF,21,32,500,9.02,"4,510.00"
2019-02-06,2019020601004394,NICGF,35,32,500,9.05,"4,525.00"
2019-02-06,2019020601004461,NICL,45,44,38,545.00,"20,710.00"
2019-02-06,2019020601004438,NICL,47,16,500,544.00,"272,000.00"
2019-02-06,2019020601004344,NICL,41,44,70,545.00,"38,150.00"
2019-02-06,2019020601004343,NICL,39,44,50,545.00,"27,250.00"
2019-02-06,2019020601004342,NICL,32,44,100,545.00,"54,500.00"
2019-02-06,2019020601004341,NICL,55,44,430,545.00,"234,350.00"
2019-02-06,2019020601004340,NICL,45,44,12,546.00,"6,552.00"
2019-02-06,2019020601004401,NICL,44,39,500,543.00,"271,500.00"
2019-02-06,2019020601004400,NICL,19,39,50,543.00,"27,150.00"
2019-02-06,2019020601004399,NICL,21,39,100,544.00,"54,400.00"
2019-02-06,2019020601004398,NICL,14,39,25,544.00,"13,600.00"
2019-02-06,2019020601004346,NICL,51,44,100,545.00,"54,500.00"
2019-02-06,2019020601004345,NICL,52,44,200,545.00,"109,000.00"
2019-02-06,2019020601004404,NICL,44,39,200,540.00,"108,000.00"
2019-02-06,2019020601004403,NICL,44,39,200,540.00,"108,000.00"
2019-02-06,2019020601004402,NICL,14,39,200,540.00,"108,000.00"
2019-02-06,2019020601004485,NIL,35,47,210,524.00,"110,040.00"
2019-02-06,2019020601004484,NIL,56,47,100,524.00,"52,400.00"
2019-02-06,2019020601004483,NIL,53,47,30,525.00,"15,750.00"
2019-02-06,2019020601004482,NIL,49,47,50,525.00,"26,250.00"
2019-02-06,2019020601004481,NIL,51,47,50,526.00,"26,300.00"
2019-02-06,2019020601004480,NIL,26,47,60,527.00,"31,620.00"
2019-02-06,2019020601004793,NLIC,38,1,35,"1,065.00","37,275.00"
2019-02-06,2019020601004728,NLIC,28,28,11,"1,066.00","11,726.00"
2019-02-06,2019020601004619,NLIC,21,21,5,"1,050.00","5,250.00"
2019-02-06,2019020601004436,NLIC,7,35,34,"1,064.00","36,176.00"
2019-02-06,2019020601004435,NLIC,7,14,17,"1,063.00","18,071.00"
2019-02-06,2019020601004369,NLIC,42,22,200,"1,062.00","212,400.00"
2019-02-06,2019020601004407,NLICL,22,38,26,655.00,"17,030.00"
2019-02-06,2019020601004406,NLICL,46,38,74,656.00,"48,544.00"
2019-02-06,2019020601004727,NMB,57,32,500,314.00,"157,000.00"
2019-02-06,2019020601004606,NMB,54,29,"1,000",313.00,"313,000.00"
2019-02-06,2019020601004605,NMB,52,29,50,313.00,"15,650.00"
2019-02-06,2019020601004604,NMB,1,29,100,313.00,"31,300.00"
2019-02-06,2019020601004603,NMB,26,29,80,313.00,"25,040.00"
2019-02-06,2019020601004602,NMB,55,29,29,313.00,"9,077.00"
2019-02-06,2019020601004441,NMB,49,32,50,315.00,"15,750.00"
2019-02-06,2019020601004437,NMB,21,32,50,315.00,"15,750.00"
2019-02-06,2019020601004430,NMB,47,21,100,314.00,"31,400.00"
2019-02-06,2019020601004601,NMB,25,29,40,314.00,"12,560.00"
2019-02-06,2019020601004600,NMB,42,29,50,314.00,"15,700.00"
2019-02-06,2019020601004599,NMB,49,29,20,314.00,"6,280.00"
2019-02-06,2019020601004598,NMB,21,29,130,314.00,"40,820.00"
2019-02-06,2019020601004594,NMB,21,49,70,314.00,"21,980.00"
2019-02-06,2019020601004593,NMB,47,49,430,314.00,"135,020.00"
2019-02-06,2019020601004667,NSEWA,17,40,10,611.00,"6,110.00"
2019-02-06,2019020601004592,NSEWA,17,43,10,611.00,"6,110.00"
2019-02-06,2019020601004444,NSEWA,48,48,10,615.00,"6,150.00"
2019-02-06,2019020601004434,NSEWA,48,48,10,615.00,"6,150.00"
2019-02-06,2019020601004361,NSEWA,17,20,10,611.00,"6,110.00"
2019-02-06,2019020601004721,NTC,22,48,200,708.00,"141,600.00"
2019-02-06,2019020601004611,NUBL,43,17,20,745.00,"14,900.00"
2019-02-06,2019020601004610,NUBL,6,17,28,745.00,"20,860.00"
2019-02-06,2019020601004374,PCBL,50,50,151,317.00,"47,867.00"
2019-02-06,2019020601004373,PCBL,42,50,49,317.00,"15,533.00"
2019-02-06,2019020601004372,PCBL,1,50,150,317.00,"47,550.00"
2019-02-06,2019020601004371,PCBL,11,50,150,317.00,"47,550.00"
2019-02-06,2019020601004370,PCBL,58,50,"1,000",317.00,"317,000.00"
2019-02-06,2019020601004763,PFL,1,26,118,129.00,"15,222.00"
2019-02-06,2019020601004762,PFL,13,26,12,129.00,"1,548.00"
2019-02-06,2019020601004697,PFL,13,29,38,129.00,"4,902.00"
2019-02-06,2019020601004385,PFL,8,44,500,130.00,"65,000.00"
2019-02-06,2019020601004384,PFL,14,44,87,130.00,"11,310.00"
2019-02-06,2019020601004376,PFL,14,29,13,130.00,"1,690.00"
2019-02-06,2019020601004375,PFL,41,29,25,130.00,"3,250.00"
2019-02-06,2019020601004630,PIC,21,21,1,"1,020.00","1,020.00"
2019-02-06,2019020601004443,PIC,32,58,121,"1,031.00","124,751.00"
2019-02-06,2019020601004442,PIC,14,58,10,"1,031.00","10,310.00"
2019-02-06,2019020601004710,PICL,53,16,"1,000",686.00,"686,000.00"
2019-02-06,2019020601004748,PMHPL,56,21,10,107.00,"1,070.00"
2019-02-06,2019020601004704,PMHPL,56,29,10,107.00,"1,070.00"
2019-02-06,2019020601004688,PMHPL,59,40,10,107.00,"1,070.00"
2019-02-06,2019020601004657,PMHPL,59,21,10,107.00,"1,070.00"
2019-02-06,2019020601004645,PMHPL,59,21,10,107.00,"1,070.00"
2019-02-06,2019020601004590,PMHPL,59,21,10,107.00,"1,070.00"
2019-02-06,2019020601004415,PMHPL,56,13,10,108.00,"1,080.00"
2019-02-06,2019020601004414,PMHPL,56,37,10,108.00,"1,080.00"
2019-02-06,2019020601004413,PMHPL,56,37,10,108.00,"1,080.00"
2019-02-06,2019020601004412,PMHPL,56,37,10,108.00,"1,080.00"
2019-02-06,2019020601004377,PMHPL,59,21,10,107.00,"1,070.00"
2019-02-06,2019020601004331,PMHPL,59,57,520,107.00,"55,640.00"
2019-02-06,2019020601004533,PMHPL,59,21,10,107.00,"1,070.00"
2019-02-06,2019020601004517,PMHPL,59,8,10,107.00,"1,070.00"
2019-02-06,2019020601004493,PMHPL,59,21,10,107.00,"1,070.00"
2019-02-06,2019020601004468,PMHPL,59,8,10,107.00,"1,070.00"
2019-02-06,2019020601004431,PMHPL,59,8,10,107.00,"1,070.00"
2019-02-06,2019020601004416,PMHPL,56,36,"1,500",108.00,"162,000.00"
2019-02-06,2019020601004791,PRIN,42,39,200,430.00,"86,000.00"
2019-02-06,2019020601004607,PRIN,28,54,16,428.00,"6,848.00"
2019-02-06,2019020601004318,PRIN,28,40,231,428.00,"98,868.00"
2019-02-06,2019020601004317,PRIN,56,40,100,428.00,"42,800.00"
2019-02-06,2019020601004316,PRIN,46,40,50,429.00,"21,450.00"
2019-02-06,2019020601004315,PRIN,14,40,300,429.00,"128,700.00"
2019-02-06,2019020601004314,PRIN,1,40,119,430.00,"51,170.00"
2019-02-06,2019020601004621,PRVU,17,6,700,240.00,"168,000.00"
2019-02-06,2019020601004529,PRVU,17,5,51,240.00,"12,240.00"
2019-02-06,2019020601004528,PRVU,58,5,200,240.00,"48,000.00"
2019-02-06,2019020601004527,PRVU,56,5,830,240.00,"199,200.00"
2019-02-06,2019020601004772,RADHI,37,21,11,161.00,"1,771.00"
2019-02-06,2019020601004668,RADHI,37,21,11,161.00,"1,771.00"
2019-02-06,2019020601004502,RADHI,37,21,11,161.00,"1,771.00"
2019-02-06,2019020601004390,RADHI,37,21,11,161.00,"1,771.00"
2019-02-06,2019020601004754,RMDC,6,17,30,540.00,"16,200.00"
2019-02-06,2019020601004683,RMDC,6,17,50,540.00,"27,000.00"
2019-02-06,2019020601004516,RRHP,45,8,10,97.00,970.00
2019-02-06,2019020601004515,RRHP,45,29,10,97.00,970.00
2019-02-06,2019020601004514,RRHP,45,43,280,97.00,"27,160.00"
2019-02-06,2019020601004309,RRHP,33,43,140,98.00,"13,720.00"
2019-02-06,2019020601004736,SANIMA,37,58,10,300.00,"3,000.00"
2019-02-06,2019020601004368,SANIMA,26,58,200,300.00,"60,000.00"
2019-02-06,2019020601004312,SANIMA,34,16,18,299.00,"5,382.00"
2019-02-06,2019020601004633,SBL,55,56,20,282.00,"5,640.00"
2019-02-06,2019020601004366,SBL,55,54,200,282.00,"56,400.00"
2019-02-06,2019020601004365,SBL,55,45,21,282.00,"5,922.00"
2019-02-06,2019020601004364,SBL,55,25,11,282.00,"3,102.00"
2019-02-06,2019020601004363,SBL,55,46,70,282.00,"19,740.00"
2019-02-06,2019020601004723,SCB,28,6,20,558.00,"11,160.00"
2019-02-06,2019020601004326,SDESI,43,48,10,620.00,"6,200.00"
2019-02-06,2019020601004324,SEOS,41,16,"1,000",9.68,"9,680.00"
2019-02-06,2019020601004323,SEOS,58,16,"1,000",9.69,"9,690.00"
2019-02-06,2019020601004780,SFFIL,4,42,40,217.00,"8,680.00"
2019-02-06,2019020601004634,SHL,4,55,100,203.00,"20,300.00"
2019-02-06,2019020601004764,SHPC,35,13,30,228.00,"6,840.00"
2019-02-06,2019020601004783,SIC,7,10,50,"1,292.00","64,600.00"
2019-02-06,2019020601004782,SIC,10,10,10,"1,292.00","12,920.00"
2019-02-06,2019020601004508,SICL,14,32,20,905.00,"18,100.00"
2019-02-06,2019020601004507,SICL,58,32,100,905.00,"90,500.00"
2019-02-06,2019020601004506,SICL,16,32,50,906.00,"45,300.00"
2019-02-06,2019020601004505,SICL,33,32,35,906.00,"31,710.00"
2019-02-06,2019020601004504,SICL,17,32,50,907.00,"45,350.00"
2019-02-06,2019020601004513,SICL,34,32,20,905.00,"18,100.00"
2019-02-06,2019020601004512,SICL,34,32,30,905.00,"27,150.00"
2019-02-06,2019020601004511,SICL,34,32,30,905.00,"27,150.00"
2019-02-06,2019020601004510,SICL,34,32,30,905.00,"27,150.00"
2019-02-06,2019020601004509,SICL,34,32,20,905.00,"18,100.00"
2019-02-06,2019020601004532,SIFC,43,1,100,136.00,"13,600.00"
2019-02-06,2019020601004777,SIL,25,44,10,619.00,"6,190.00"
2019-02-06,2019020601004776,SIL,25,59,190,618.00,"117,420.00"
2019-02-06,2019020601004560,SIL,10,59,10,618.00,"6,180.00"
2019-02-06,2019020601004337,SIL,53,38,50,615.00,"30,750.00"
2019-02-06,2019020601004305,SIL,5,38,50,615.00,"30,750.00"
2019-02-06,2019020601004304,SIL,49,38,10,615.00,"6,150.00"
2019-02-06,2019020601004789,SKBBL,42,33,55,857.00,"47,135.00"
2019-02-06,2019020601004788,SKBBL,42,22,45,856.00,"38,520.00"
2019-02-06,2019020601004725,SKBBL,28,1,234,855.00,"200,070.00"
2019-02-06,2019020601004561,SKBBL,28,17,60,855.00,"51,300.00"
2019-02-06,2019020601004536,SLBBL,58,6,50,506.00,"25,300.00"
2019-02-06,2019020601004642,SLBBL,14,54,15,509.00,"7,635.00"
2019-02-06,2019020601004796,SLBSL,58,8,10,783.00,"7,830.00"
2019-02-06,2019020601004778,SLBSL,58,8,10,783.00,"7,830.00"
2019-02-06,2019020601004676,SLBSL,58,8,10,783.00,"7,830.00"
2019-02-06,2019020601004654,SLBSL,58,8,10,783.00,"7,830.00"
2019-02-06,2019020601004741,SLBSL,58,8,10,783.00,"7,830.00"
2019-02-06,2019020601004735,SLBSL,58,8,10,783.00,"7,830.00"
2019-02-06,2019020601004720,SLBSL,58,8,10,783.00,"7,830.00"
2019-02-06,2019020601004708,SLBSL,58,8,10,783.00,"7,830.00"
2019-02-06,2019020601004700,SLBSL,58,8,10,783.00,"7,830.00"
2019-02-06,2019020601004689,SLBSL,58,8,10,783.00,"7,830.00"
2019-02-06,2019020601004459,SLICL,39,39,120,531.00,"63,720.00"
2019-02-06,2019020601004458,SLICL,26,39,50,531.00,"26,550.00"
2019-02-06,2019020601004457,SLICL,49,39,100,531.00,"53,100.00"
2019-02-06,2019020601004456,SLICL,45,39,30,531.00,"15,930.00"
2019-02-06,2019020601004455,SLICL,56,39,50,532.00,"26,600.00"
2019-02-06,2019020601004454,SLICL,34,39,100,532.00,"53,200.00"
2019-02-06,2019020601004453,SLICL,56,39,200,533.00,"106,600.00"
2019-02-06,2019020601004452,SLICL,58,39,50,535.00,"26,750.00"
2019-02-06,2019020601004451,SLICL,51,39,50,535.00,"26,750.00"
2019-02-06,2019020601004450,SLICL,7,39,50,535.00,"26,750.00"
2019-02-06,2019020601004682,SMATA,41,42,100,"1,290.00","129,000.00"
2019-02-06,2019020601004716,SMB,38,38,10,708.00,"7,080.00"
2019-02-06,2019020601004537,SMB,38,38,10,708.00,"7,080.00"
2019-02-06,2019020601004465,SMB,38,38,10,708.00,"7,080.00"
2019-02-06,2019020601004718,SPDL,34,40,25,94.00,"2,350.00"
2019-02-06,2019020601004715,SPDL,34,29,10,94.00,940.00
2019-02-06,2019020601004492,SPDL,34,29,15,94.00,"1,410.00"
2019-02-06,2019020601004641,SRBL,45,11,10,210.00,"2,100.00"
2019-02-06,2019020601004358,SRBL,55,16,26,209.00,"5,434.00"
2019-02-06,2019020601004666,SWBBL,4,17,70,831.00,"58,170.00"
2019-02-06,2019020601004665,SWBBL,22,17,30,832.00,"24,960.00"
2019-02-06,2019020601004663,UIC,17,36,399,785.00,"313,215.00"
2019-02-06,2019020601004662,UIC,22,36,50,786.00,"39,300.00"
2019-02-06,2019020601004661,UIC,16,36,50,786.00,"39,300.00"
2019-02-06,2019020601004660,UIC,22,36,50,787.00,"39,350.00"
2019-02-06,2019020601004659,UIC,16,36,50,787.00,"39,350.00"
2019-02-06,2019020601004658,UIC,16,36,100,788.00,"78,800.00"
2019-02-06,2019020601004729,UMHL,17,29,10,115.00,"1,150.00"
2019-02-06,2019020601004531,UMHL,17,29,14,115.00,"1,610.00"
2019-02-06,2019020601004803,UPPER,42,11,50,238.00,"11,900.00"
2019-02-06,2019020601004802,UPPER,42,11,40,238.00,"9,520.00"
2019-02-06,2019020601004801,UPPER,42,11,50,238.00,"11,900.00"
2019-02-06,2019020601004800,UPPER,42,11,50,238.00,"11,900.00"
2019-02-06,2019020601004797,UPPER,46,34,250,237.00,"59,250.00"
2019-02-06,2019020601004784,UPPER,46,11,50,237.00,"11,850.00"
2019-02-06,2019020601004328,UPPER,37,26,40,237.00,"9,480.00"
2019-02-06,2019020601004327,UPPER,37,38,40,237.00,"9,480.00"
2019-02-06,2019020601004322,UPPER,37,21,40,237.00,"9,480.00"
2019-02-06,2019020601004320,UPPER,29,56,150,238.00,"35,700.00"
2019-02-06,2019020601004311,UPPER,37,49,50,237.00,"11,850.00"
2019-02-06,2019020601004310,UPPER,37,26,50,237.00,"11,850.00"
2019-02-06,2019020601004382,UPPER,37,36,20,237.00,"4,740.00"
2019-02-06,2019020601004359,UPPER,37,8,50,237.00,"11,850.00"
2019-02-06,2019020601004350,UPPER,37,36,50,237.00,"11,850.00"
2019-02-06,2019020601004347,UPPER,37,49,50,237.00,"11,850.00"
2019-02-06,2019020601004329,UPPER,37,8,50,237.00,"11,850.00"
2019-02-06,2019020601004487,UPPER,46,21,40,237.00,"9,480.00"
2019-02-06,2019020601004469,UPPER,46,35,50,237.00,"11,850.00"
2019-02-06,2019020601004467,UPPER,46,26,50,237.00,"11,850.00"
2019-02-06,2019020601004445,UPPER,46,49,40,237.00,"9,480.00"
2019-02-06,2019020601004426,UPPER,54,56,200,238.00,"47,600.00"
2019-02-06,2019020601004383,UPPER,46,36,20,237.00,"4,740.00"
2019-02-06,2019020601004535,UPPER,46,51,10,237.00,"2,370.00"
2019-02-06,2019020601004526,UPPER,46,51,25,237.00,"5,925.00"
2019-02-06,2019020601004523,UPPER,46,21,50,237.00,"11,850.00"
2019-02-06,2019020601004491,UPPER,46,33,40,237.00,"9,480.00"
2019-02-06,2019020601004488,UPPER,46,26,50,237.00,"11,850.00"
2019-02-06,2019020601004553,UPPER,46,21,50,237.00,"11,850.00"
2019-02-06,2019020601004552,UPPER,46,28,40,237.00,"9,480.00"
2019-02-06,2019020601004548,UPPER,46,33,50,237.00,"11,850.00"
2019-02-06,2019020601004545,UPPER,46,28,40,237.00,"9,480.00"
2019-02-06,2019020601004544,UPPER,46,21,40,237.00,"9,480.00"
2019-02-06,2019020601004543,UPPER,46,26,40,237.00,"9,480.00"
2019-02-06,2019020601004571,UPPER,52,3,10,238.00,"2,380.00"
2019-02-06,2019020601004570,UPPER,42,3,30,238.00,"7,140.00"
2019-02-06,2019020601004569,UPPER,42,39,50,238.00,"11,900.00"
2019-02-06,2019020601004568,UPPER,42,8,50,238.00,"11,900.00"
2019-02-06,2019020601004567,UPPER,42,56,70,238.00,"16,660.00"
2019-02-06,2019020601004566,UPPER,46,11,50,237.00,"11,850.00"
2019-02-06,2019020601004579,UPPER,36,54,50,238.00,"11,900.00"
2019-02-06,2019020601004578,UPPER,36,3,50,238.00,"11,900.00"
2019-02-06,2019020601004577,UPPER,36,3,50,238.00,"11,900.00"
2019-02-06,2019020601004576,UPPER,36,45,50,238.00,"11,900.00"
2019-02-06,2019020601004575,UPPER,36,13,153,238.00,"36,414.00"
2019-02-06,2019020601004572,UPPER,52,13,90,238.00,"21,420.00"
2019-02-06,2019020601004589,UPPER,46,8,40,237.00,"9,480.00"
2019-02-06,2019020601004588,UPPER,46,26,40,237.00,"9,480.00"
2019-02-06,2019020601004585,UPPER,46,21,50,237.00,"11,850.00"
2019-02-06,2019020601004582,UPPER,36,1,57,238.00,"13,566.00"
2019-02-06,2019020601004581,UPPER,36,3,40,238.00,"9,520.00"
2019-02-06,2019020601004580,UPPER,36,3,50,238.00,"11,900.00"
2019-02-06,2019020601004640,UPPER,46,21,40,237.00,"9,480.00"
2019-02-06,2019020601004639,UPPER,46,26,40,237.00,"9,480.00"
2019-02-06,2019020601004637,UPPER,46,40,40,237.00,"9,480.00"
2019-02-06,2019020601004627,UPPER,46,59,50,237.00,"11,850.00"
2019-02-06,2019020601004591,UPPER,7,1,40,238.00,"9,520.00"
2019-02-06,2019020601004670,UPPER,40,39,40,238.00,"9,520.00"
2019-02-06,2019020601004669,UPPER,40,1,503,238.00,"119,714.00"
2019-02-06,2019020601004651,UPPER,10,1,400,238.00,"95,200.00"
2019-02-06,2019020601004650,UPPER,46,21,40,237.00,"9,480.00"
2019-02-06,2019020601004647,UPPER,46,42,40,237.00,"9,480.00"
2019-02-06,2019020601004684,UPPER,40,21,20,238.00,"4,760.00"
2019-02-06,2019020601004675,UPPER,40,45,97,238.00,"23,086.00"
2019-02-06,2019020601004674,UPPER,40,7,40,238.00,"9,520.00"
2019-02-06,2019020601004673,UPPER,40,56,50,238.00,"11,900.00"
2019-02-06,2019020601004672,UPPER,40,29,50,238.00,"11,900.00"
2019-02-06,2019020601004671,UPPER,40,28,200,238.00,"47,600.00"
2019-02-06,2019020601004702,UPPER,46,11,50,237.00,"11,850.00"
2019-02-06,2019020601004693,UPPER,46,21,40,237.00,"9,480.00"
2019-02-06,2019020601004686,UPPER,46,11,50,237.00,"11,850.00"
2019-02-06,2019020601004685,UPPER,46,21,30,237.00,"7,110.00"
2019-02-06,2019020601004779,UPPER,46,48,40,237.00,"9,480.00"
2019-02-06,2019020601004761,UPPER,46,11,50,237.00,"11,850.00"
2019-02-06,2019020601004744,UPPER,46,21,50,237.00,"11,850.00"
2019-02-06,2019020601004737,UPPER,46,34,50,237.00,"11,850.00"
2019-02-06,2019020601004724,UPPER,46,34,40,237.00,"9,480.00"
2019-02-06,2019020601004722,VLBS,11,17,70,687.00,"48,090.00"
2019-02-06,2019020601004742,WOMI,21,4,20,"1,137.00","22,740.00"
2019-02-06,2019020601004351,WOMI,43,44,10,"1,139.00","11,390.00"
2019-02-06,2019020601004152,ADBL,45,42,30,337.00,"10,110.00"
2019-02-06,2019020601003873,ADBL,14,50,200,336.00,"67,200.00"
2019-02-06,2019020601003845,ADBL,14,33,792,336.00,"266,112.00"
2019-02-06,2019020601003844,ADBL,1,33,40,336.00,"13,440.00"
2019-02-06,2019020601003843,ADBL,14,33,168,336.00,"56,448.00"
2019-02-06,2019020601004151,AKJCL,45,4,10,84.00,840.00
2019-02-06,2019020601004039,AKJCL,45,4,20,84.00,"1,680.00"
2019-02-06,2019020601004036,AKJCL,45,29,10,84.00,840.00
2019-02-06,2019020601004021,AKJCL,45,29,10,84.00,840.00
2019-02-06,2019020601004006,AKJCL,45,29,20,84.00,"1,680.00"
2019-02-06,2019020601003988,AKJCL,45,29,10,84.00,840.00
2019-02-06,2019020601004173,AKPL,10,58,13,180.00,"2,340.00"
2019-02-06,2019020601003987,ALICL,39,10,200,594.00,"118,800.00"
2019-02-06,2019020601003986,ALICL,49,10,50,594.00,"29,700.00"
2019-02-06,2019020601003985,ALICL,38,10,100,595.00,"59,500.00"
2019-02-06,2019020601003984,ALICL,42,10,300,595.00,"178,500.00"
2019-02-06,2019020601003983,ALICL,25,10,100,595.00,"59,500.00"
2019-02-06,2019020601004154,API,46,29,100,138.00,"13,800.00"
2019-02-06,2019020601004153,API,38,29,13,138.00,"1,794.00"
2019-02-06,2019020601004082,API,38,58,17,138.00,"2,346.00"
2019-02-06,2019020601003850,API,38,35,160,138.00,"22,080.00"
2019-02-06,2019020601003849,API,54,35,100,138.00,"13,800.00"
2019-02-06,2019020601003848,API,22,35,100,138.00,"13,800.00"
2019-02-06,2019020601004174,BARUN,32,29,21,103.00,"2,163.00"
2019-02-06,2019020601004228,BOKL,41,45,123,244.00,"30,012.00"
2019-02-06,2019020601004227,BOKL,42,45,77,244.00,"18,788.00"
2019-02-06,2019020601004157,BOKL,41,47,500,246.00,"123,000.00"
2019-02-06,2019020601004047,BOKL,8,29,100,246.00,"24,600.00"
2019-02-06,2019020601004041,BOKL,39,29,50,246.00,"12,300.00"
2019-02-06,2019020601004001,BOKL,11,29,500,245.00,"122,500.00"
2019-02-06,2019020601003913,BOKL,36,13,60,247.00,"14,820.00"
2019-02-06,2019020601003994,BOKL,56,29,55,245.00,"13,475.00"
2019-02-06,2019020601003993,BOKL,58,29,200,245.00,"49,000.00"
2019-02-06,2019020601003992,BOKL,51,29,200,245.00,"49,000.00"
2019-02-06,2019020601003991,BOKL,17,29,200,246.00,"49,200.00"
2019-02-06,2019020601003990,BOKL,13,29,69,246.00,"16,974.00"
2019-02-06,2019020601003928,BOKL,13,6,31,246.00,"7,626.00"
2019-02-06,2019020601004000,BOKL,13,29,100,245.00,"24,500.00"
2019-02-06,2019020601003999,BOKL,48,29,200,245.00,"49,000.00"
2019-02-06,2019020601003998,BOKL,38,29,100,245.00,"24,500.00"
2019-02-06,2019020601003997,BOKL,49,29,100,245.00,"24,500.00"
2019-02-06,2019020601003996,BOKL,51,29,300,245.00,"73,500.00"
2019-02-06,2019020601003995,BOKL,55,29,100,245.00,"24,500.00"
2019-02-06,2019020601003935,BPCL,5,34,100,352.00,"35,200.00"
2019-02-06,2019020601003932,BPCL,21,1,100,350.00,"35,000.00"
2019-02-06,2019020601003888,CBBL,6,34,10,873.00,"8,730.00"
2019-02-06,2019020601003887,CBBL,28,34,290,873.00,"253,170.00"
2019-02-06,2019020601003861,CBBL,52,34,14,874.00,"12,236.00"
2019-02-06,2019020601004287,CBL,1,51,300,158.00,"47,400.00"
2019-02-06,2019020601004190,CBL,26,49,190,156.00,"29,640.00"
2019-02-06,2019020601004189,CBL,58,49,"1,473",156.00,"229,788.00"
2019-02-06,2019020601004188,CBL,7,49,337,157.00,"52,909.00"
2019-02-06,2019020601004181,CBL,7,56,163,157.00,"25,591.00"
2019-02-06,2019020601004180,CBL,57,56,87,157.00,"13,659.00"
2019-02-06,2019020601004169,CBL,57,16,13,157.00,"2,041.00"
2019-02-06,2019020601003972,CBL,49,49,45,157.00,"7,065.00"
2019-02-06,2019020601003971,CBL,37,49,957,157.00,"150,249.00"
2019-02-06,2019020601004288,CCBL,49,36,220,166.00,"36,520.00"
2019-02-06,2019020601004225,CCBL,38,38,4,167.00,668.00
2019-02-06,2019020601004182,CCBL,49,16,13,166.00,"2,158.00"
2019-02-06,2019020601003931,CCBL,46,53,579,167.00,"96,693.00"
2019-02-06,2019020601003930,CCBL,46,22,421,167.00,"70,307.00"
2019-02-06,2019020601003903,CCBL,38,38,6,167.00,"1,002.00"
2019-02-06,2019020601003889,CCBL,7,22,200,167.00,"33,400.00"
2019-02-06,2019020601003864,CCBL,35,22,100,167.00,"16,700.00"
2019-02-06,2019020601004224,CFCL,44,16,12,109.00,"1,308.00"
2019-02-06,2019020601004172,CFCL,25,17,200,110.00,"22,000.00"
2019-02-06,2019020601004023,CHCL,38,36,50,510.00,"25,500.00"
2019-02-06,2019020601004022,CHCL,45,36,10,511.00,"5,110.00"
2019-02-06,2019020601003839,CHCL,57,56,50,510.00,"25,500.00"
2019-02-06,2019020601004077,CIT,4,55,127,"2,673.00","339,471.00"
2019-02-06,2019020601004076,CIT,1,55,21,"2,673.00","56,133.00"
2019-02-06,2019020601004055,CIT,17,33,13,"2,674.00","34,762.00"
2019-02-06,2019020601004054,CIT,4,33,87,"2,675.00","232,725.00"
2019-02-06,2019020601004043,CIT,4,11,50,"2,675.00","133,750.00"
2019-02-06,2019020601004035,CIT,4,55,63,"2,675.00","168,525.00"
2019-02-06,2019020601004009,CIT,28,55,50,"2,677.00","133,850.00"
2019-02-06,2019020601003959,CIT,17,52,32,"2,678.00","85,696.00"
2019-02-06,2019020601003934,CIT,4,50,10,"2,683.00","26,830.00"
2019-02-06,2019020601003912,CIT,4,17,10,"2,683.00","26,830.00"
2019-02-06,2019020601003838,CIT,4,21,12,"2,683.00","32,196.00"
2019-02-06,2019020601004034,CIT,11,55,37,"2,675.00","98,975.00"
2019-02-06,2019020601004019,CIT,11,35,13,"2,675.00","34,775.00"
2019-02-06,2019020601004013,CIT,4,35,287,"2,675.00","767,725.00"
2019-02-06,2019020601004012,CIT,4,55,13,"2,675.00","34,775.00"
2019-02-06,2019020601004011,CIT,25,55,100,"2,675.00","267,500.00"
2019-02-06,2019020601004010,CIT,41,55,20,"2,675.00","53,500.00"
2019-02-06,2019020601004217,CORBL,25,29,60,94.00,"5,640.00"
2019-02-06,2019020601004216,CORBL,6,29,100,94.00,"9,400.00"
2019-02-06,2019020601004215,CORBL,57,29,40,94.00,"3,760.00"
2019-02-06,2019020601004214,CORBL,58,29,50,94.00,"4,700.00"
2019-02-06,2019020601004198,CZBIL,6,49,25,205.00,"5,125.00"
2019-02-06,2019020601004197,CZBIL,46,49,50,205.00,"10,250.00"
2019-02-06,2019020601004196,CZBIL,43,49,100,205.00,"20,500.00"
2019-02-06,2019020601004195,CZBIL,14,49,25,205.00,"5,125.00"
2019-02-06,2019020601004015,CZBIL,14,10,100,205.00,"20,500.00"
2019-02-06,2019020601003947,CZBIL,14,14,375,205.00,"76,875.00"
2019-02-06,2019020601003946,CZBIL,42,14,100,205.00,"20,500.00"
2019-02-06,2019020601003945,CZBIL,48,14,"1,000",205.00,"205,000.00"
2019-02-06,2019020601003944,CZBIL,38,14,100,205.00,"20,500.00"
2019-02-06,2019020601003943,CZBIL,57,14,100,205.00,"20,500.00"
2019-02-06,2019020601003942,CZBIL,56,14,110,205.00,"22,550.00"
2019-02-06,2019020601003941,CZBIL,42,14,132,205.00,"27,060.00"
2019-02-06,2019020601004233,DBBL,58,29,178,123.00,"21,894.00"
2019-02-06,2019020601004232,DBBL,58,29,200,123.00,"24,600.00"
2019-02-06,2019020601004231,DBBL,57,29,100,124.00,"12,400.00"
2019-02-06,2019020601004262,EBL,28,51,18,518.00,"9,324.00"
2019-02-06,2019020601004164,EBL,36,51,100,518.00,"51,800.00"
2019-02-06,2019020601004031,EBL,1,10,20,517.00,"10,340.00"
2019-02-06,2019020601003890,FMDBL,36,16,300,366.00,"109,800.00"
2019-02-06,2019020601004240,GBIME,34,17,200,265.00,"53,000.00"
2019-02-06,2019020601004230,GBIME,11,17,10,265.00,"2,650.00"
2019-02-06,2019020601004102,GBIME,4,20,249,264.00,"65,736.00"
2019-02-06,2019020601004101,GBIME,13,20,151,264.00,"39,864.00"
2019-02-06,2019020601004037,GBLBS,53,28,10,442.00,"4,420.00"
2019-02-06,2019020601003937,GILB,22,16,18,"1,175.00","21,150.00"
2019-02-06,2019020601004003,GIMES1,37,55,500,8.24,"4,120.00"
2019-02-06,2019020601003902,GLICL,58,25,200,701.00,"140,200.00"
2019-02-06,2019020601003901,GLICL,35,25,500,702.00,"351,000.00"
2019-02-06,2019020601004080,GRDBL,13,54,100,103.00,"10,300.00"
2019-02-06,2019020601004032,GRDBL,13,34,40,103.00,"4,120.00"
2019-02-06,2019020601003965,GRDBL,13,38,10,103.00,"1,030.00"
2019-02-06,2019020601003974,GUFL,57,25,140,104.00,"14,560.00"
2019-02-06,2019020601004254,HBL,55,45,100,430.00,"43,000.00"
2019-02-06,2019020601003970,HBL,35,53,40,431.00,"17,240.00"
2019-02-06,2019020601004166,HDL,25,42,10,"1,363.00","13,630.00"
2019-02-06,2019020601004255,HIDCL,50,49,200,138.00,"27,600.00"
2019-02-06,2019020601004179,HIDCL,14,54,56,137.00,"7,672.00"
2019-02-06,2019020601003982,HIDCL,5,49,200,138.00,"27,600.00"
2019-02-06,2019020601003981,HIDCL,7,49,200,138.00,"27,600.00"
2019-02-06,2019020601003980,HIDCL,1,49,152,138.00,"20,976.00"
2019-02-06,2019020601004296,HPPL,6,11,10,180.00,"1,800.00"
2019-02-06,2019020601004260,HPPL,6,29,10,180.00,"1,800.00"
2019-02-06,2019020601003960,HPPL,6,42,10,180.00,"1,800.00"
2019-02-06,2019020601004093,JBBL,45,58,86,135.00,"11,610.00"
2019-02-06,2019020601003809,JBBL,49,43,50,136.00,"6,800.00"
2019-02-06,2019020601003808,JBBL,13,43,200,136.00,"27,200.00"
2019-02-06,2019020601003807,JBBL,32,43,100,136.00,"13,600.00"
2019-02-06,2019020601003806,JBBL,51,43,242,136.00,"32,912.00"
2019-02-06,2019020601003966,JBNL,45,51,50,163.00,"8,150.00"
2019-02-06,2019020601003811,JBNL,38,33,500,162.00,"81,000.00"
2019-02-06,2019020601004298,JEFL,4,16,11,127.00,"1,397.00"
2019-02-06,2019020601004115,JEFL,17,29,"1,000",128.00,"128,000.00"
2019-02-06,2019020601004114,JEFL,17,29,"1,000",128.00,"128,000.00"
2019-02-06,2019020601004113,JEFL,17,29,"1,000",128.00,"128,000.00"
2019-02-06,2019020601004112,JEFL,6,29,300,128.00,"38,400.00"
2019-02-06,2019020601004243,JFL,40,57,200,168.00,"33,600.00"
2019-02-06,2019020601004266,KBBL,57,29,19,208.00,"3,952.00"
2019-02-06,2019020601004005,KBL,1,42,40,240.00,"9,600.00"
2019-02-06,2019020601003847,KBL,28,42,60,240.00,"14,400.00"
2019-02-06,2019020601003805,KBL,46,42,30,240.00,"7,200.00"
2019-02-06,2019020601004247,KKHC,45,32,16,88.00,"1,408.00"
2019-02-06,2019020601004238,KKHC,45,32,16,88.00,"1,408.00"
2019-02-06,2019020601004178,KKHC,45,32,16,88.00,"1,408.00"
2019-02-06,2019020601004104,KKHC,45,32,16,88.00,"1,408.00"
2019-02-06,2019020601004090,KKHC,45,32,16,88.00,"1,408.00"
2019-02-06,2019020601004089,KKHC,45,38,16,88.00,"1,408.00"
2019-02-06,2019020601004078,KKHC,45,38,16,88.00,"1,408.00"
2019-02-06,2019020601004044,KMCDB,48,32,56,846.00,"47,376.00"
2019-02-06,2019020601003962,KMCDB,6,45,97,847.00,"82,159.00"
2019-02-06,2019020601004282,KPCL,45,29,10,93.00,930.00
2019-02-06,2019020601003812,KPCL,45,38,10,93.00,930.00
2019-02-06,2019020601003868,KPCL,45,13,10,93.00,930.00
2019-02-06,2019020601004046,KPCL,45,38,10,93.00,930.00
2019-02-06,2019020601003973,KPCL,45,38,10,93.00,930.00
2019-02-06,2019020601004052,KPCL,45,4,10,93.00,930.00
2019-02-06,2019020601004168,KPCL,45,4,10,93.00,930.00
2019-02-06,2019020601004251,KRBL,21,51,200,98.00,"19,600.00"
2019-02-06,2019020601004250,KRBL,46,51,20,98.00,"1,960.00"
2019-02-06,2019020601003927,KSBBL,1,55,238,135.00,"32,130.00"
2019-02-06,2019020601004167,LBBL,33,13,500,173.00,"86,500.00"
2019-02-06,2019020601003954,LBBL,33,44,412,173.00,"71,276.00"
2019-02-06,2019020601003953,LBBL,1,44,88,173.00,"15,224.00"
2019-02-06,2019020601004241,LBL,55,45,100,193.00,"19,300.00"
2019-02-06,2019020601004187,LBL,55,39,82,193.00,"15,826.00"
2019-02-06,2019020601004085,LBL,46,39,100,193.00,"19,300.00"
2019-02-06,2019020601004084,LBL,1,39,220,193.00,"42,460.00"
2019-02-06,2019020601003846,LBL,1,37,80,193.00,"15,440.00"
2019-02-06,2019020601004088,LGIL,33,28,10,522.00,"5,220.00"
2019-02-06,2019020601004075,LGIL,59,28,20,522.00,"10,440.00"
2019-02-06,2019020601004074,LGIL,35,28,500,522.00,"261,000.00"
2019-02-06,2019020601004073,LGIL,28,28,300,522.00,"156,600.00"
2019-02-06,2019020601004072,LGIL,33,28,50,522.00,"26,100.00"
2019-02-06,2019020601004071,LGIL,1,28,50,523.00,"26,150.00"
2019-02-06,2019020601004129,MEGA,1,57,200,163.00,"32,600.00"
2019-02-06,2019020601004122,MEGA,29,1,13,162.00,"2,106.00"
2019-02-06,2019020601004121,MEGA,26,1,287,162.00,"46,494.00"
2019-02-06,2019020601004092,MEGA,26,6,113,162.00,"18,306.00"
2019-02-06,2019020601004091,MEGA,17,6,109,162.00,"17,658.00"
2019-02-06,2019020601003872,MEGA,17,22,365,162.00,"59,130.00"
2019-02-06,2019020601004239,MERO,6,11,40,"1,090.00","43,600.00"
2019-02-06,2019020601004226,MERO,6,58,10,"1,090.00","10,900.00"
2019-02-06,2019020601004156,MERO,21,22,14,"1,090.00","15,260.00"
2019-02-06,2019020601004117,MERO,21,55,20,"1,090.00","21,800.00"
2019-02-06,2019020601004033,MERO,38,38,1,"1,090.00","1,090.00"
2019-02-06,2019020601003853,MERO,39,11,30,"1,097.00","32,910.00"
2019-02-06,2019020601003883,MERO,14,49,20,"1,091.00","21,820.00"
2019-02-06,2019020601003879,MERO,35,58,50,"1,094.00","54,700.00"
2019-02-06,2019020601003878,MERO,19,58,10,"1,095.00","10,950.00"
2019-02-06,2019020601003877,MERO,25,58,20,"1,095.00","21,900.00"
2019-02-06,2019020601003876,MERO,21,58,11,"1,095.00","12,045.00"
2019-02-06,2019020601003854,MERO,3,11,50,"1,097.00","54,850.00"
2019-02-06,2019020601004014,MERO,21,49,16,"1,090.00","17,440.00"
2019-02-06,2019020601003925,MERO,35,46,4,"1,090.00","4,360.00"
2019-02-06,2019020601003924,MERO,21,46,20,"1,090.00","21,800.00"
2019-02-06,2019020601003906,MERO,32,32,3,"1,091.00","3,273.00"
2019-02-06,2019020601003885,MERO,35,49,96,"1,090.00","104,640.00"
2019-02-06,2019020601003884,MERO,45,49,50,"1,091.00","54,550.00"
2019-02-06,2019020601004081,MLBBL,32,21,12,610.00,"7,320.00"
2019-02-06,2019020601004020,MLBBL,32,16,10,610.00,"6,100.00"
2019-02-06,2019020601004267,MLBL,21,17,40,168.00,"6,720.00"
2019-02-06,2019020601004008,MMFDB,28,19,20,"1,000.00","20,000.00"
2019-02-06,2019020601004007,MMFDB,51,19,26,"1,001.00","26,026.00"
2019-02-06,2019020601003963,MPFL,29,29,5,147.00,735.00
2019-02-06,2019020601003949,MPFL,29,29,5,147.00,735.00
2019-02-06,2019020601003921,MPFL,29,29,5,147.00,735.00
2019-02-06,2019020601003898,MPFL,29,29,5,147.00,735.00
2019-02-06,2019020601003880,MPFL,29,29,5,147.00,735.00
2019-02-06,2019020601003825,MPFL,29,29,5,147.00,735.00
2019-02-06,2019020601004246,NABIL,28,5,12,826.00,"9,912.00"
2019-02-06,2019020601004125,NABIL,36,5,100,826.00,"82,600.00"
2019-02-06,2019020601004110,NABIL,58,5,200,826.00,"165,200.00"
2019-02-06,2019020601004109,NABIL,40,5,50,826.00,"41,300.00"
2019-02-06,2019020601004108,NABIL,17,5,15,826.00,"12,390.00"
2019-02-06,2019020601004107,NABIL,11,5,50,826.00,"41,300.00"
2019-02-06,2019020601004106,NABIL,21,5,29,826.00,"23,954.00"
2019-02-06,2019020601003969,NABILP,26,42,225,730.00,"164,250.00"
2019-02-06,2019020601003968,NABILP,52,42,45,730.00,"32,850.00"
2019-02-06,2019020601003952,NABILP,52,45,55,730.00,"40,150.00"
2019-02-06,2019020601003951,NABILP,28,45,45,730.00,"32,850.00"
2019-02-06,2019020601003862,NADEP,19,25,10,780.00,"7,800.00"
2019-02-06,2019020601004284,NBBL,28,16,670,712.00,"477,040.00"
2019-02-06,2019020601004283,NBBL,47,16,30,713.00,"21,390.00"
2019-02-06,2019020601004242,NBL,40,22,"2,000",287.00,"574,000.00"
2019-02-06,2019020601004119,NBL,45,22,30,287.00,"8,610.00"
2019-02-06,2019020601004038,NCCB,58,44,715,210.00,"150,150.00"
2019-02-06,2019020601003975,NCCB,28,44,285,210.00,"59,850.00"
2019-02-06,2019020601003834,NCCB,6,21,200,210.00,"42,000.00"
2019-02-06,2019020601003833,NCCB,58,21,600,210.00,"126,000.00"
2019-02-06,2019020601004237,NEF,7,54,"1,621",8.15,"13,211.15"
2019-02-06,2019020601004236,NEF,49,54,793,8.16,"6,470.88"
2019-02-06,2019020601004294,NGPL,53,26,10,126.00,"1,260.00"
2019-02-06,2019020601003929,NGPL,38,38,1,125.00,125.00
2019-02-06,2019020601004213,NHPC,37,33,480,65.00,"31,200.00"
2019-02-06,2019020601004212,NHPC,56,33,"1,000",65.00,"65,000.00"
2019-02-06,2019020601004211,NHPC,17,33,10,65.00,650.00
2019-02-06,2019020601004210,NHPC,17,33,200,65.00,"13,000.00"
2019-02-06,2019020601004209,NHPC,7,33,200,65.00,"13,000.00"
2019-02-06,2019020601004208,NHPC,13,33,"1,000",65.00,"65,000.00"
2019-02-06,2019020601004207,NHPC,41,33,50,65.00,"3,250.00"
2019-02-06,2019020601004206,NHPC,13,33,500,65.00,"32,500.00"
2019-02-06,2019020601004205,NHPC,37,33,"1,000",66.00,"66,000.00"
2019-02-06,2019020601004204,NHPC,34,33,100,66.00,"6,600.00"
2019-02-06,2019020601004203,NHPC,37,33,"1,000",66.00,"66,000.00"
2019-02-06,2019020601004202,NHPC,37,33,200,66.00,"13,200.00"
2019-02-06,2019020601004285,NIB,56,17,100,522.00,"52,200.00"
2019-02-06,2019020601004249,NIB,32,20,17,521.00,"8,857.00"
2019-02-06,2019020601004248,NIB,1,20,83,521.00,"43,243.00"
2019-02-06,2019020601004177,NIB,1,20,117,521.00,"60,957.00"
2019-02-06,2019020601004176,NIB,25,20,90,521.00,"46,890.00"
2019-02-06,2019020601004175,NIB,26,20,43,521.00,"22,403.00"
2019-02-06,2019020601003896,NIB,53,17,50,522.00,"26,100.00"
2019-02-06,2019020601003855,NIB,28,17,100,522.00,"52,200.00"
2019-02-06,2019020601003810,NIB,22,17,50,522.00,"26,100.00"
2019-02-06,2019020601003919,NICA,14,49,178,387.00,"68,886.00"
2019-02-06,2019020601003918,NICA,35,49,100,387.00,"38,700.00"
2019-02-06,2019020601003917,NICA,26,49,50,387.00,"19,350.00"
2019-02-06,2019020601003916,NICA,54,49,675,387.00,"261,225.00"
2019-02-06,2019020601004295,NICL,45,16,88,546.00,"48,048.00"
2019-02-06,2019020601004194,NICL,58,16,50,546.00,"27,300.00"
2019-02-06,2019020601004186,NICL,52,16,100,546.00,"54,600.00"
2019-02-06,2019020601004185,NICL,42,16,12,546.00,"6,552.00"
2019-02-06,2019020601004184,NICL,39,16,40,546.00,"21,840.00"
2019-02-06,2019020601004053,NICL,53,16,20,547.00,"10,940.00"
2019-02-06,2019020601004017,NICL,5,16,10,547.00,"5,470.00"
2019-02-06,2019020601004016,NICL,32,16,180,547.00,"98,460.00"
2019-02-06,2019020601003835,NLBBL,48,6,30,470.00,"14,100.00"
2019-02-06,2019020601004280,NLIC,25,8,45,"1,060.00","47,700.00"
2019-02-06,2019020601004279,NLIC,45,8,30,"1,060.00","31,800.00"
2019-02-06,2019020601004278,NLIC,41,8,100,"1,060.00","106,000.00"
2019-02-06,2019020601004277,NLIC,49,8,300,"1,060.00","318,000.00"
2019-02-06,2019020601004276,NLIC,35,8,200,"1,060.00","212,000.00"
2019-02-06,2019020601004275,NLIC,29,8,50,"1,060.00","53,000.00"
2019-02-06,2019020601003875,NLIC,8,13,17,"1,061.00","18,037.00"
2019-02-06,2019020601004274,NLIC,19,8,51,"1,061.00","54,111.00"
2019-02-06,2019020601004273,NLIC,14,8,40,"1,061.00","42,440.00"
2019-02-06,2019020601004272,NLIC,59,8,100,"1,061.00","106,100.00"
2019-02-06,2019020601004271,NLIC,8,8,33,"1,061.00","35,013.00"
2019-02-06,2019020601004270,NLIC,5,8,176,"1,062.00","186,912.00"
2019-02-06,2019020601004259,NLIC,5,6,24,"1,062.00","25,488.00"
2019-02-06,2019020601004222,NLICL,52,52,500,657.00,"328,500.00"
2019-02-06,2019020601004128,NLICL,46,42,36,656.00,"23,616.00"
2019-02-06,2019020601004127,NLICL,28,42,284,657.00,"186,588.00"
2019-02-06,2019020601003895,NLICL,28,22,166,657.00,"109,062.00"
2019-02-06,2019020601003874,NLICL,28,38,50,657.00,"32,850.00"
2019-02-06,2019020601004264,NMB,47,44,470,314.00,"147,580.00"
2019-02-06,2019020601004193,NMB,55,20,71,313.00,"22,223.00"
2019-02-06,2019020601004192,NMB,25,20,200,313.00,"62,600.00"
2019-02-06,2019020601004191,NMB,56,20,29,313.00,"9,077.00"
2019-02-06,2019020601004051,NMB,28,44,30,314.00,"9,420.00"
2019-02-06,2019020601003911,NMBMF,38,38,7,"1,120.00","7,840.00"
2019-02-06,2019020601004050,NSEWA,49,48,10,615.00,"6,150.00"
2019-02-06,2019020601004040,NSEWA,49,48,10,615.00,"6,150.00"
2019-02-06,2019020601003900,NSEWA,17,52,10,611.00,"6,110.00"
2019-02-06,2019020601003852,NSEWA,17,55,50,611.00,"30,550.00"
2019-02-06,2019020601003842,NSEWA,25,26,10,612.00,"6,120.00"
2019-02-06,2019020601004292,NTC,50,28,870,709.00,"616,830.00"
2019-02-06,2019020601004291,NTC,50,13,100,709.00,"70,900.00"
2019-02-06,2019020601004290,NTC,50,13,100,709.00,"70,900.00"
2019-02-06,2019020601004289,NTC,4,6,50,707.00,"35,350.00"
2019-02-06,2019020601004002,NTC,4,51,65,707.00,"45,955.00"
2019-02-06,2019020601003961,NTC,29,51,10,709.00,"7,090.00"
2019-02-06,2019020601003865,NTC,4,29,30,707.00,"21,210.00"
2019-02-06,2019020601004165,PCBL,45,50,30,318.00,"9,540.00"
2019-02-06,2019020601004048,PCBL,58,50,50,318.00,"15,900.00"
2019-02-06,2019020601003821,PCBL,43,50,50,318.00,"15,900.00"
2019-02-06,2019020601003820,PCBL,39,50,300,318.00,"95,400.00"
2019-02-06,2019020601003819,PCBL,34,50,500,318.00,"159,000.00"
2019-02-06,2019020601003818,PCBL,26,50,300,318.00,"95,400.00"
2019-02-06,2019020601003817,PCBL,19,50,200,318.00,"63,600.00"
2019-02-06,2019020601003816,PCBL,26,50,200,318.00,"63,600.00"
2019-02-06,2019020601003815,PCBL,56,50,365,318.00,"116,070.00"
2019-02-06,2019020601003814,PCBL,53,50,500,318.00,"159,000.00"
2019-02-06,2019020601003813,PCBL,43,50,15,318.00,"4,770.00"
2019-02-06,2019020601004030,PIC,52,10,20,"1,035.00","20,700.00"
2019-02-06,2019020601004029,PIC,19,10,24,"1,035.00","24,840.00"
2019-02-06,2019020601004018,PIC,6,13,68,"1,038.00","70,584.00"
2019-02-06,2019020601004067,PLIC,28,44,"1,920",467.00,"896,640.00"
2019-02-06,2019020601004066,PLIC,52,44,50,467.00,"23,350.00"
2019-02-06,2019020601004065,PLIC,5,44,100,467.00,"46,700.00"
2019-02-06,2019020601004064,PLIC,28,44,300,467.00,"140,100.00"
2019-02-06,2019020601004063,PLIC,17,44,40,467.00,"18,680.00"
2019-02-06,2019020601003871,PLIC,29,44,20,470.00,"9,400.00"
2019-02-06,2019020601003870,PLIC,28,44,300,470.00,"141,000.00"
2019-02-06,2019020601003869,PLIC,10,44,50,471.00,"23,550.00"
2019-02-06,2019020601004062,PLIC,42,44,300,468.00,"140,400.00"
2019-02-06,2019020601004061,PLIC,28,44,30,468.00,"14,040.00"
2019-02-06,2019020601004060,PLIC,29,44,50,468.00,"23,400.00"
2019-02-06,2019020601004059,PLIC,33,44,10,468.00,"4,680.00"
2019-02-06,2019020601004301,PMHPL,59,21,10,107.00,"1,070.00"
2019-02-06,2019020601004261,PMHPL,59,21,10,107.00,"1,070.00"
2019-02-06,2019020601004221,PMHPL,59,21,10,107.00,"1,070.00"
2019-02-06,2019020601004087,PMHPL,59,21,10,107.00,"1,070.00"
2019-02-06,2019020601004068,PMHPL,59,4,10,107.00,"1,070.00"
2019-02-06,2019020601003936,PMHPL,59,3,10,107.00,"1,070.00"
2019-02-06,2019020601003920,PMHPL,59,3,10,107.00,"1,070.00"
2019-02-06,2019020601004028,PRIN,1,6,14,430.00,"6,020.00"
2019-02-06,2019020601004027,PRIN,42,6,100,430.00,"43,000.00"
2019-02-06,2019020601004026,PRIN,46,6,200,431.00,"86,200.00"
2019-02-06,2019020601004025,PRIN,6,6,36,431.00,"15,516.00"
2019-02-06,2019020601003863,PRIN,6,47,15,431.00,"6,465.00"
2019-02-06,2019020601004235,PRVU,56,20,500,240.00,"120,000.00"
2019-02-06,2019020601004159,PRVU,56,20,670,240.00,"160,800.00"
2019-02-06,2019020601004158,PRVU,53,20,330,240.00,"79,200.00"
2019-02-06,2019020601004024,PRVU,58,13,50,241.00,"12,050.00"
2019-02-06,2019020601003891,PRVU,53,21,500,240.00,"120,000.00"
2019-02-06,2019020601004183,RADHI,37,4,11,161.00,"1,771.00"
2019-02-06,2019020601004099,RADHI,37,21,11,161.00,"1,771.00"
2019-02-06,2019020601003905,RADHI,37,13,11,161.00,"1,771.00"
2019-02-06,2019020601003910,RBCL,44,25,10,"9,400.00","94,000.00"
2019-02-06,2019020601003882,RBCL,44,35,30,"9,400.00","282,000.00"
2019-02-06,2019020601003837,RBCL,44,28,10,"9,400.00","94,000.00"
2019-02-06,2019020601003836,RBCL,41,28,10,"9,405.00","94,050.00"
2019-02-06,2019020601003857,RBCLPO,28,17,10,"8,874.00","88,740.00"
2019-02-06,2019020601003856,RBCLPO,28,28,10,"8,873.00","88,730.00"
2019-02-06,2019020601004083,RRHP,33,4,10,98.00,980.00
2019-02-06,2019020601004049,RRHP,33,38,10,98.00,980.00
2019-02-06,2019020601003964,RRHP,33,42,10,98.00,980.00
2019-02-06,2019020601004103,SANIMA,34,1,100,299.00,"29,900.00"
2019-02-06,2019020601004045,SANIMA,34,10,20,299.00,"5,980.00"
2019-02-06,2019020601004096,SBBLJ,34,16,200,200.00,"40,000.00"
2019-02-06,2019020601004095,SBBLJ,17,16,30,201.00,"6,030.00"
2019-02-06,2019020601003894,SBBLJ,17,42,10,201.00,"2,010.00"
2019-02-06,2019020601004245,SBI,41,45,50,380.00,"19,000.00"
2019-02-06,2019020601004244,SBI,52,45,40,380.00,"15,200.00"
2019-02-06,2019020601004111,SBI,52,58,14,380.00,"5,320.00"
2019-02-06,2019020601003822,SBI,52,37,10,380.00,"3,800.00"
2019-02-06,2019020601004171,SBL,34,10,108,281.00,"30,348.00"
2019-02-06,2019020601004170,SBL,26,10,186,281.00,"52,266.00"
2019-02-06,2019020601004042,SBL,36,46,100,282.00,"28,200.00"
2019-02-06,2019020601003851,SBL,16,11,7,281.00,"1,967.00"
2019-02-06,2019020601003804,SBL,26,56,100,281.00,"28,100.00"
2019-02-06,2019020601004163,SCB,11,32,50,555.00,"27,750.00"
2019-02-06,2019020601004162,SCB,29,32,300,555.00,"166,500.00"
2019-02-06,2019020601004161,SCB,47,32,200,555.00,"111,000.00"
2019-02-06,2019020601004160,SCB,47,32,440,555.00,"244,200.00"
2019-02-06,2019020601004148,SCB,36,43,50,559.00,"27,950.00"
2019-02-06,2019020601004147,SCB,36,7,50,559.00,"27,950.00"
2019-02-06,2019020601004056,SCB,47,26,20,555.00,"11,100.00"
2019-02-06,2019020601004219,SDESI,34,55,40,617.00,"24,680.00"
2019-02-06,2019020601004218,SDESI,28,55,84,617.00,"51,828.00"
2019-02-06,2019020601003893,SDESI,28,25,23,617.00,"14,191.00"
2019-02-06,2019020601003860,SFFIL,47,49,40,215.00,"8,600.00"
2019-02-06,2019020601003859,SFFIL,55,49,40,216.00,"8,640.00"
2019-02-06,2019020601003858,SFFIL,45,49,20,216.00,"4,320.00"
2019-02-06,2019020601003824,SHPC,28,56,573,226.00,"129,498.00"
2019-02-06,2019020601003823,SHPC,43,56,43,226.00,"9,718.00"
2019-02-06,2019020601004303,SIL,44,38,10,615.00,"6,150.00"
2019-02-06,2019020601004302,SIL,45,38,20,616.00,"12,320.00"
2019-02-06,2019020601003832,SIL,44,49,90,615.00,"55,350.00"
2019-02-06,2019020601003831,SIL,47,49,100,615.00,"61,500.00"
2019-02-06,2019020601003830,SIL,42,49,50,615.00,"30,750.00"
2019-02-06,2019020601003829,SIL,44,49,50,615.00,"30,750.00"
2019-02-06,2019020601003828,SIL,51,49,50,616.00,"30,800.00"
2019-02-06,2019020601003827,SIL,35,49,20,616.00,"12,320.00"
2019-02-06,2019020601003826,SIL,34,49,140,616.00,"86,240.00"
2019-02-06,2019020601003977,SKBBL,28,48,204,855.00,"174,420.00"
2019-02-06,2019020601003867,SLICL,17,53,100,536.00,"53,600.00"
2019-02-06,2019020601003866,SLICL,51,53,200,536.00,"107,200.00"
2019-02-06,2019020601004105,SMB,38,38,10,708.00,"7,080.00"
2019-02-06,2019020601004069,SMB,38,38,10,708.00,"7,080.00"
2019-02-06,2019020601003989,SMB,38,38,10,708.00,"7,080.00"
2019-02-06,2019020601004257,SRBL,55,22,53,209.00,"11,077.00"
2019-02-06,2019020601004256,SRBL,55,11,86,209.00,"17,974.00"
2019-02-06,2019020601004143,UIC,22,36,200,790.00,"158,000.00"
2019-02-06,2019020601004142,UIC,57,36,100,791.00,"79,100.00"
2019-02-06,2019020601004141,UIC,45,36,20,791.00,"15,820.00"
2019-02-06,2019020601004140,UIC,5,36,100,792.00,"79,200.00"
2019-02-06,2019020601004139,UIC,25,36,100,795.00,"79,500.00"
2019-02-06,2019020601004138,UIC,5,36,50,795.00,"39,750.00"
2019-02-06,2019020601004131,UIC,21,36,100,799.00,"79,900.00"
2019-02-06,2019020601004058,UIC,52,10,20,800.00,"16,000.00"
2019-02-06,2019020601004057,UIC,6,10,100,801.00,"80,100.00"
2019-02-06,2019020601004137,UIC,38,36,20,795.00,"15,900.00"
2019-02-06,2019020601004136,UIC,39,36,11,796.00,"8,756.00"
2019-02-06,2019020601004135,UIC,29,36,400,797.00,"318,800.00"
2019-02-06,2019020601004134,UIC,38,36,100,797.00,"79,700.00"
2019-02-06,2019020601004133,UIC,22,36,50,798.00,"39,900.00"
2019-02-06,2019020601004132,UIC,3,36,150,799.00,"119,850.00"
2019-02-06,2019020601004300,UPPER,53,56,150,238.00,"35,700.00"
2019-02-06,2019020601004297,UPPER,37,21,40,237.00,"9,480.00"
2019-02-06,2019020601004293,UPPER,37,21,50,237.00,"11,850.00"
2019-02-06,2019020601004286,UPPER,37,26,40,237.00,"9,480.00"
2019-02-06,2019020601004281,UPPER,37,21,50,237.00,"11,850.00"
2019-02-06,2019020601003841,UPPER,29,6,40,238.00,"9,520.00"
2019-02-06,2019020601003840,UPPER,29,26,40,238.00,"9,520.00"
2019-02-06,2019020601003904,UPPER,29,42,50,238.00,"11,900.00"
2019-02-06,2019020601003899,UPPER,29,47,50,238.00,"11,900.00"
2019-02-06,2019020601003897,UPPER,29,42,50,238.00,"11,900.00"
2019-02-06,2019020601003886,UPPER,29,47,40,238.00,"9,520.00"
2019-02-06,2019020601003881,UPPER,29,47,40,238.00,"9,520.00"
2019-02-06,2019020601003922,UPPER,29,13,40,238.00,"9,520.00"
2019-02-06,2019020601003915,UPPER,14,39,50,238.00,"11,900.00"
2019-02-06,2019020601003914,UPPER,14,56,79,238.00,"18,802.00"
2019-02-06,2019020601003909,UPPER,50,56,200,238.00,"47,600.00"
2019-02-06,2019020601003908,UPPER,29,56,121,238.00,"28,798.00"
2019-02-06,2019020601003907,UPPER,29,39,40,238.00,"9,520.00"
2019-02-06,2019020601003940,UPPER,49,39,20,238.00,"4,760.00"
2019-02-06,2019020601003939,UPPER,49,39,50,238.00,"11,900.00"
2019-02-06,2019020601003938,UPPER,49,39,30,238.00,"7,140.00"
2019-02-06,2019020601003933,UPPER,22,50,50,237.00,"11,850.00"
2019-02-06,2019020601003926,UPPER,22,38,40,237.00,"9,480.00"
2019-02-06,2019020601003923,UPPER,29,39,10,238.00,"2,380.00"
2019-02-06,2019020601003967,UPPER,22,38,40,237.00,"9,480.00"
2019-02-06,2019020601003958,UPPER,14,56,160,238.00,"38,080.00"
2019-02-06,2019020601003957,UPPER,42,56,50,238.00,"11,900.00"
2019-02-06,2019020601003956,UPPER,51,56,70,238.00,"16,660.00"
2019-02-06,2019020601003955,UPPER,51,39,30,238.00,"7,140.00"
2019-02-06,2019020601003948,UPPER,22,38,40,237.00,"9,480.00"
2019-02-06,2019020601004004,UPPER,22,38,50,237.00,"11,850.00"
2019-02-06,2019020601003979,UPPER,39,56,30,238.00,"7,140.00"
2019-02-06,2019020601003978,UPPER,22,49,75,237.00,"17,775.00"
2019-02-06,2019020601003976,UPPER,22,38,50,237.00,"11,850.00"
2019-02-06,2019020601004097,UPPER,22,38,25,237.00,"5,925.00"
2019-02-06,2019020601004094,UPPER,22,4,50,237.00,"11,850.00"
2019-02-06,2019020601004086,UPPER,22,54,40,237.00,"9,480.00"
2019-02-06,2019020601004079,UPPER,22,21,40,237.00,"9,480.00"
2019-02-06,2019020601004070,UPPER,14,56,10,238.00,"2,380.00"
2019-02-06,2019020601004123,UPPER,14,56,160,238.00,"38,080.00"
2019-02-06,2019020601004120,UPPER,43,10,40,237.00,"9,480.00"
2019-02-06,2019020601004118,UPPER,43,26,50,237.00,"11,850.00"
2019-02-06,2019020601004116,UPPER,43,54,40,237.00,"9,480.00"
2019-02-06,2019020601004100,UPPER,43,54,50,237.00,"11,850.00"
2019-02-06,2019020601004098,UPPER,43,38,15,237.00,"3,555.00"
2019-02-06,2019020601004146,UPPER,34,57,40,237.00,"9,480.00"
2019-02-06,2019020601004145,UPPER,34,10,25,237.00,"5,925.00"
2019-02-06,2019020601004144,UPPER,43,10,15,237.00,"3,555.00"
2019-02-06,2019020601004130,UPPER,10,56,50,238.00,"11,900.00"
2019-02-06,2019020601004126,UPPER,43,21,40,237.00,"9,480.00"
2019-02-06,2019020601004124,UPPER,43,38,50,237.00,"11,850.00"
2019-02-06,2019020601004200,UPPER,42,21,25,237.00,"5,925.00"
2019-02-06,2019020601004199,UPPER,57,21,25,237.00,"5,925.00"
2019-02-06,2019020601004155,UPPER,57,50,10,237.00,"2,370.00"
2019-02-06,2019020601004150,UPPER,57,10,15,237.00,"3,555.00"
2019-02-06,2019020601004149,UPPER,34,10,35,237.00,"8,295.00"
2019-02-06,2019020601004252,UPPER,37,21,50,237.00,"11,850.00"
2019-02-06,2019020601004234,UPPER,37,22,50,237.00,"11,850.00"
2019-02-06,2019020601004229,UPPER,42,21,45,237.00,"10,665.00"
2019-02-06,2019020601004223,UPPER,42,49,40,237.00,"9,480.00"
2019-02-06,2019020601004220,UPPER,42,4,40,237.00,"9,480.00"
2019-02-06,2019020601004201,UPPER,42,26,50,237.00,"11,850.00"
2019-02-06,2019020601004269,UPPER,37,55,40,237.00,"9,480.00"
2019-02-06,2019020601004268,UPPER,37,21,50,237.00,"11,850.00"
2019-02-06,2019020601004265,UPPER,37,26,50,237.00,"11,850.00"
2019-02-06,2019020601004263,UPPER,37,22,50,237.00,"11,850.00"
2019-02-06,2019020601004258,UPPER,37,55,40,237.00,"9,480.00"
2019-02-06,2019020601004253,UPPER,37,26,50,237.00,"11,850.00"
2019-02-06,2019020601003892,WOMI,55,38,25,"1,137.00","28,425.00"
2019-02-06,2019020601003719,ADBL,45,42,10,337.00,"3,370.00"
2019-02-06,2019020601003495,ADBL,14,6,689,336.00,"231,504.00"
2019-02-06,2019020601003397,AKJCL,45,10,10,84.00,840.00
2019-02-06,2019020601003605,ALICL,48,48,400,596.00,"238,400.00"
2019-02-06,2019020601003604,ALICL,50,48,10,598.00,"5,980.00"
2019-02-06,2019020601003343,ALICL,4,57,30,605.00,"18,150.00"
2019-02-06,2019020601003323,ALICL,4,57,30,605.00,"18,150.00"
2019-02-06,2019020601003367,AMFI,45,26,260,732.00,"190,320.00"
2019-02-06,2019020601003747,BARUN,39,26,10,105.00,"1,050.00"
2019-02-06,2019020601003593,BARUN,39,35,20,105.00,"2,100.00"
2019-02-06,2019020601003526,BARUN,32,19,10,105.00,"1,050.00"
2019-02-06,2019020601003525,BARUN,32,19,10,105.00,"1,050.00"
2019-02-06,2019020601003353,BARUN,57,57,10,105.00,"1,050.00"
2019-02-06,2019020601003799,BOKL,51,13,100,247.00,"24,700.00"
2019-02-06,2019020601003723,BOKL,7,13,100,247.00,"24,700.00"
2019-02-06,2019020601003619,BOKL,51,13,100,246.00,"24,600.00"
2019-02-06,2019020601003618,BOKL,17,13,100,246.00,"24,600.00"
2019-02-06,2019020601003617,BOKL,26,13,200,246.00,"49,200.00"
2019-02-06,2019020601003616,BOKL,25,13,77,246.00,"18,942.00"
2019-02-06,2019020601003615,BOKL,25,1,123,246.00,"30,258.00"
2019-02-06,2019020601003614,BOKL,58,1,77,246.00,"18,942.00"
2019-02-06,2019020601003757,BPCL,1,44,30,349.00,"10,470.00"
2019-02-06,2019020601003713,BPCL,1,44,30,349.00,"10,470.00"
2019-02-06,2019020601003661,BPCL,1,44,30,349.00,"10,470.00"
2019-02-06,2019020601003628,BPCL,1,44,10,349.00,"3,490.00"
2019-02-06,2019020601003627,BPCL,19,44,20,349.00,"6,980.00"
2019-02-06,2019020601003556,BPCL,19,47,10,349.00,"3,490.00"
2019-02-06,2019020601003535,BPCL,19,44,30,349.00,"10,470.00"
2019-02-06,2019020601003425,BPCL,19,44,30,349.00,"10,470.00"
2019-02-06,2019020601003351,BPCL,49,47,10,350.00,"3,500.00"
2019-02-06,2019020601003594,CBBL,35,50,14,875.00,"12,250.00"
2019-02-06,2019020601003582,CBL,37,26,500,157.00,"78,500.00"
2019-02-06,2019020601003547,CBL,37,6,"1,543",157.00,"242,251.00"
2019-02-06,2019020601003546,CBL,47,6,100,157.00,"15,700.00"
2019-02-06,2019020601003545,CBL,51,6,100,157.00,"15,700.00"
2019-02-06,2019020601003544,CBL,17,6,"2,000",157.00,"314,000.00"
2019-02-06,2019020601003543,CBL,37,6,"1,000",157.00,"157,000.00"
2019-02-06,2019020601003542,CBL,46,6,50,157.00,"7,850.00"
2019-02-06,2019020601003541,CBL,7,6,207,157.00,"32,499.00"
2019-02-06,2019020601003769,CCBL,38,38,2,166.00,332.00
2019-02-06,2019020601003583,CCBL,57,57,119,167.00,"19,873.00"
2019-02-06,2019020601003350,CCBL,49,33,200,166.00,"33,200.00"
2019-02-06,2019020601003630,CFCL,18,41,10,110.00,"1,100.00"
2019-02-06,2019020601003613,CFCL,18,41,10,110.00,"1,100.00"
2019-02-06,2019020601003751,CHCL,57,11,50,510.00,"25,500.00"
2019-02-06,2019020601003750,CHCL,57,11,100,510.00,"51,000.00"
2019-02-06,2019020601003749,CHCL,42,11,200,510.00,"102,000.00"
2019-02-06,2019020601003795,CIT,4,38,40,"2,683.00","107,320.00"
2019-02-06,2019020601003756,CIT,4,28,28,"2,683.00","75,124.00"
2019-02-06,2019020601003742,CIT,4,49,100,"2,683.00","268,300.00"
2019-02-06,2019020601003687,CIT,4,49,13,"2,683.00","34,879.00"
2019-02-06,2019020601003682,CIT,40,49,20,"2,684.00","53,680.00"
2019-02-06,2019020601003681,CIT,45,49,16,"2,685.00","42,960.00"
2019-02-06,2019020601003680,CIT,45,49,20,"2,685.00","53,700.00"
2019-02-06,2019020601003679,CIT,50,49,11,"2,686.00","29,546.00"
2019-02-06,2019020601003566,CORBL,58,58,70,94.00,"6,580.00"
2019-02-06,2019020601003528,CORBL,48,58,10,95.00,950.00
2019-02-06,2019020601003527,CORBL,48,58,90,95.00,"8,550.00"
2019-02-06,2019020601003345,CORBL,48,58,10,96.00,960.00
2019-02-06,2019020601003322,CORBL,48,58,90,96.00,"8,640.00"
2019-02-06,2019020601003688,DBBL,57,57,254,124.00,"31,496.00"
2019-02-06,2019020601003600,DDBL,4,44,"2,000",579.00,"1,158,000.00"
2019-02-06,2019020601003599,DDBL,4,29,15,578.00,"8,670.00"
2019-02-06,2019020601003755,EBL,11,32,50,517.00,"25,850.00"
2019-02-06,2019020601003754,EBL,48,32,72,517.00,"37,224.00"
2019-02-06,2019020601003498,EBL,45,11,10,517.00,"5,170.00"
2019-02-06,2019020601003477,EBL,17,51,100,518.00,"51,800.00"
2019-02-06,2019020601003476,EBL,28,51,70,518.00,"36,260.00"
2019-02-06,2019020601003475,EBL,25,51,42,518.00,"21,756.00"
2019-02-06,2019020601003474,EBL,51,51,59,518.00,"30,562.00"
2019-02-06,2019020601003328,EBL,22,17,100,519.00,"51,900.00"
2019-02-06,2019020601003520,EBL,48,41,28,517.00,"14,476.00"
2019-02-06,2019020601003499,EBL,38,11,374,517.00,"193,358.00"
2019-02-06,2019020601003462,FMDBL,57,29,250,366.00,"91,500.00"
2019-02-06,2019020601003461,FMDBL,41,29,135,366.00,"49,410.00"
2019-02-06,2019020601003460,FMDBL,55,29,10,366.00,"3,660.00"
2019-02-06,2019020601003459,FMDBL,14,29,70,366.00,"25,620.00"
2019-02-06,2019020601003458,FMDBL,57,29,200,367.00,"73,400.00"
2019-02-06,2019020601003457,FMDBL,57,29,185,367.00,"67,895.00"
2019-02-06,2019020601003510,GBBL,49,1,22,184.00,"4,048.00"
2019-02-06,2019020601003304,GBIME,20,17,32,265.00,"8,480.00"
2019-02-06,2019020601003406,GBLBS,58,14,10,445.00,"4,450.00"
2019-02-06,2019020601003405,GBLBS,58,51,10,445.00,"4,450.00"
2019-02-06,2019020601003381,GBLBS,14,40,10,441.00,"4,410.00"
2019-02-06,2019020601003696,GRDBL,13,29,10,103.00,"1,030.00"
2019-02-06,2019020601003668,HBL,55,58,100,430.00,"43,000.00"
2019-02-06,2019020601003667,HBL,28,58,300,430.00,"129,000.00"
2019-02-06,2019020601003532,HBL,28,51,242,431.00,"104,302.00"
2019-02-06,2019020601003492,HBL,49,51,58,431.00,"24,998.00"
2019-02-06,2019020601003364,HIDCL,1,16,56,138.00,"7,728.00"
2019-02-06,2019020601003352,HIDCL,1,16,56,138.00,"7,728.00"
2019-02-06,2019020601003324,HIDCL,1,16,56,138.00,"7,728.00"
2019-02-06,2019020601003796,JBNL,38,34,62,162.00,"10,044.00"
2019-02-06,2019020601003479,JBNL,34,44,100,162.00,"16,200.00"
2019-02-06,2019020601003478,JBNL,34,25,600,162.00,"97,200.00"
2019-02-06,2019020601003396,JSLBB,26,1,12,"2,481.00","29,772.00"
2019-02-06,2019020601003758,KBL,28,16,50,239.00,"11,950.00"
2019-02-06,2019020601003522,KBL,28,18,427,239.00,"102,053.00"
2019-02-06,2019020601003521,KBL,35,18,100,239.00,"23,900.00"
2019-02-06,2019020601003775,KKHC,45,26,10,88.00,880.00
2019-02-06,2019020601003762,KKHC,45,38,10,88.00,880.00
2019-02-06,2019020601003686,KNBL,43,36,"1,000",117.00,"117,000.00"
2019-02-06,2019020601003677,KNBL,1,36,50,118.00,"5,900.00"
2019-02-06,2019020601003676,KNBL,1,36,"1,000",118.00,"118,000.00"
2019-02-06,2019020601003569,KPCL,45,36,10,93.00,930.00
2019-02-06,2019020601003603,KPCL,45,36,10,93.00,930.00
2019-02-06,2019020601003678,KPCL,45,29,10,93.00,930.00
2019-02-06,2019020601003726,KPCL,45,29,10,93.00,930.00
2019-02-06,2019020601003788,KPCL,45,29,10,93.00,930.00
2019-02-06,2019020601003797,KRBL,57,43,10,99.00,990.00
2019-02-06,2019020601003694,LBL,54,5,30,194.00,"5,820.00"
2019-02-06,2019020601003465,LBL,39,49,251,192.00,"48,192.00"
2019-02-06,2019020601003419,LBL,43,49,20,192.00,"3,840.00"
2019-02-06,2019020601003418,LBL,55,49,500,192.00,"96,000.00"
2019-02-06,2019020601003417,LBL,56,49,50,192.00,"9,600.00"
2019-02-06,2019020601003416,LBL,10,49,179,193.00,"34,547.00"
2019-02-06,2019020601003309,LBL,58,18,200,194.00,"38,800.00"
2019-02-06,2019020601003315,LBL,42,18,10,194.00,"1,940.00"
2019-02-06,2019020601003314,LBL,55,18,200,194.00,"38,800.00"
2019-02-06,2019020601003313,LBL,43,18,20,194.00,"3,880.00"
2019-02-06,2019020601003312,LBL,22,18,100,194.00,"19,400.00"
2019-02-06,2019020601003311,LBL,48,18,10,194.00,"1,940.00"
2019-02-06,2019020601003310,LBL,19,18,30,194.00,"5,820.00"
2019-02-06,2019020601003321,LBL,10,18,321,193.00,"61,953.00"
2019-02-06,2019020601003320,LBL,57,18,150,193.00,"28,950.00"
2019-02-06,2019020601003319,LBL,43,18,20,193.00,"3,860.00"
2019-02-06,2019020601003318,LBL,43,18,300,193.00,"57,900.00"
2019-02-06,2019020601003317,LBL,42,18,100,194.00,"19,400.00"
2019-02-06,2019020601003316,LBL,22,18,100,194.00,"19,400.00"
