Date,Transact. No.,Symbol,Buyer,Seller,Quantity,Rate,Amount
2021-01-05,2021010503012624,ALBSL,48,48,1,"1,150.00","1,150.00"
2021-01-05,2021010503012292,ALBSL,34,43,59,"1,155.00","68,145.00"
2021-01-05,2021010503012291,ALBSL,34,58,11,"1,155.00","12,705.00"
2021-01-05,2021010503012290,ALBSL,34,57,30,"1,144.00","34,320.00"
2021-01-05,2021010503012636,ALICL,49,29,"2,841",950.00,"2,698,950.00"
2021-01-05,2021010503012635,ALICL,49,19,50,950.00,"47,500.00"
2021-01-05,2021010503012634,ALICL,49,49,100,950.00,"95,000.00"
2021-01-05,2021010503012633,ALICL,49,45,10,950.00,"9,500.00"
2021-01-05,2021010503012632,ALICL,49,46,100,949.00,"94,900.00"
2021-01-05,2021010503012631,ALICL,49,54,"1,000",949.00,"949,000.00"
2021-01-05,2021010503012630,ALICL,49,3,50,946.00,"47,300.00"
2021-01-05,2021010503012450,ALICL,58,49,450,944.00,"424,800.00"
2021-01-05,2021010503012669,BFC,38,49,"1,860",138.00,"256,680.00"
2021-01-05,2021010503012485,BFC,38,6,140,138.00,"19,320.00"
2021-01-05,2021010503012484,BFC,40,6,860,138.00,"118,680.00"
2021-01-05,2021010503012407,BFC,40,16,100,138.00,"13,800.00"
2021-01-05,2021010503012335,BFC,40,6,"1,000",138.00,"138,000.00"
2021-01-05,2021010503012705,CBBL,44,1,210,"1,190.00","249,900.00"
2021-01-05,2021010503012626,CBBL,11,26,23,"1,185.00","27,255.00"
2021-01-05,2021010503012625,CBBL,32,26,10,"1,186.00","11,860.00"
2021-01-05,2021010503012614,CBBL,43,45,196,"1,186.00","232,456.00"
2021-01-05,2021010503012548,CBBL,43,25,104,"1,186.00","123,344.00"
2021-01-05,2021010503012474,CBBL,11,42,27,"1,185.00","31,995.00"
2021-01-05,2021010503012471,CBBL,43,25,237,"1,186.00","281,082.00"
2021-01-05,2021010503012701,CIT,21,26,15,"3,383.00","50,745.00"
2021-01-05,2021010503012699,CIT,40,49,16,"3,384.00","54,144.00"
2021-01-05,2021010503012694,CIT,21,57,25,"3,383.00","84,575.00"
2021-01-05,2021010503012638,CIT,21,5,20,"3,382.00","67,640.00"
2021-01-05,2021010503012609,CIT,47,37,30,"3,381.00","101,430.00"
2021-01-05,2021010503012608,CIT,21,37,20,"3,381.00","67,620.00"
2021-01-05,2021010503012317,CIT,55,45,10,"3,383.00","33,830.00"
2021-01-05,2021010503012316,CIT,21,45,10,"3,383.00","33,830.00"
2021-01-05,2021010503012301,CIT,54,49,34,"3,384.00","115,056.00"
2021-01-05,2021010503012300,CIT,54,34,16,"3,384.00","54,144.00"
2021-01-05,2021010503012532,CIT,35,45,10,"3,383.00","33,830.00"
2021-01-05,2021010503012478,CIT,21,45,20,"3,383.00","67,660.00"
2021-01-05,2021010503012459,CIT,21,59,10,"3,382.00","33,820.00"
2021-01-05,2021010503012458,CIT,26,59,10,"3,382.00","33,820.00"
2021-01-05,2021010503012457,CIT,32,59,10,"3,382.00","33,820.00"
2021-01-05,2021010503012322,CIT,49,45,50,"3,383.00","169,150.00"
2021-01-05,2021010503012595,CIT,42,38,40,"3,382.00","135,280.00"
2021-01-05,2021010503012570,CIT,42,38,10,"3,382.00","33,820.00"
2021-01-05,2021010503012558,CIT,10,38,50,"3,383.00","169,150.00"
2021-01-05,2021010503012554,CIT,21,6,30,"3,383.00","101,490.00"
2021-01-05,2021010503012546,CIT,57,59,10,"3,382.00","33,820.00"
2021-01-05,2021010503012533,CIT,35,6,20,"3,383.00","67,660.00"
2021-01-05,2021010503012722,CLBSL,34,1,11,838.00,"9,218.00"
2021-01-05,2021010503012721,CLBSL,34,19,10,836.00,"8,360.00"
2021-01-05,2021010503012720,CLBSL,34,52,100,836.00,"83,600.00"
2021-01-05,2021010503012719,CLBSL,34,34,60,835.00,"50,100.00"
2021-01-05,2021010503012718,CLBSL,34,57,100,835.00,"83,500.00"
2021-01-05,2021010503012717,CLBSL,34,14,219,834.00,"182,646.00"
2021-01-05,2021010503012646,CLBSL,34,45,23,830.00,"19,090.00"
2021-01-05,2021010503012645,CLBSL,34,57,98,829.00,"81,242.00"
2021-01-05,2021010503012559,CLBSL,39,19,100,825.00,"82,500.00"
2021-01-05,2021010503012461,CLBSL,18,55,200,830.00,"166,000.00"
2021-01-05,2021010503012345,CLBSL,39,21,100,830.00,"83,000.00"
2021-01-05,2021010503012344,CLBSL,39,33,91,830.00,"75,530.00"
2021-01-05,2021010503012652,CLBSL,34,14,31,834.00,"25,854.00"
2021-01-05,2021010503012651,CLBSL,34,6,13,834.00,"10,842.00"
2021-01-05,2021010503012650,CLBSL,34,19,34,834.00,"28,356.00"
2021-01-05,2021010503012649,CLBSL,34,57,200,833.00,"166,600.00"
2021-01-05,2021010503012648,CLBSL,34,20,51,833.00,"42,483.00"
2021-01-05,2021010503012647,CLBSL,34,11,50,832.00,"41,600.00"
2021-01-05,2021010503012700,DDBL,56,59,50,"1,414.00","70,700.00"
2021-01-05,2021010503012668,DDBL,45,50,150,"1,415.00","212,250.00"
2021-01-05,2021010503012571,DDBL,22,50,100,"1,415.00","141,500.00"
2021-01-05,2021010503012552,DDBL,41,50,200,"1,415.00","283,000.00"
2021-01-05,2021010503012386,DDBL,48,50,19,"1,415.00","26,885.00"
2021-01-05,2021010503012312,DDBL,48,57,50,"1,414.00","70,700.00"
2021-01-05,2021010503012270,DDBL,48,53,31,"1,413.00","43,803.00"
2021-01-05,2021010503012751,EDBL,39,56,230,352.00,"80,960.00"
2021-01-05,2021010503012716,EDBL,21,19,30,353.00,"10,590.00"
2021-01-05,2021010503012525,EDBL,39,6,150,352.00,"52,800.00"
2021-01-05,2021010503012524,EDBL,39,56,500,352.00,"176,000.00"
2021-01-05,2021010503012523,EDBL,39,1,100,351.00,"35,100.00"
2021-01-05,2021010503012333,EDBL,21,1,50,351.00,"17,550.00"
2021-01-05,2021010503012749,FMDBL,57,26,10,587.00,"5,870.00"
2021-01-05,2021010503012573,FMDBL,34,50,200,582.00,"116,400.00"
2021-01-05,2021010503012506,FMDBL,34,45,70,582.00,"40,740.00"
2021-01-05,2021010503012505,FMDBL,18,45,10,582.00,"5,820.00"
2021-01-05,2021010503012504,FMDBL,56,45,20,583.00,"11,660.00"
2021-01-05,2021010503012665,FOWAD,55,41,20,"2,290.00","45,800.00"
2021-01-05,2021010503012643,FOWAD,41,17,100,"2,294.00","229,400.00"
2021-01-05,2021010503012494,GBBL,16,17,50,312.00,"15,600.00"
2021-01-05,2021010503012427,GBBL,32,17,250,311.00,"77,750.00"
2021-01-05,2021010503012555,GBLBS,21,10,200,583.00,"116,600.00"
2021-01-05,2021010503012536,GBLBS,21,19,150,583.00,"87,450.00"
2021-01-05,2021010503012336,GBLBS,45,46,125,582.00,"72,750.00"
2021-01-05,2021010503012279,GBLBS,38,46,10,582.00,"5,820.00"
2021-01-05,2021010503012745,GILB,45,16,50,"1,360.00","68,000.00"
2021-01-05,2021010503012359,GILB,13,16,30,"1,360.00","40,800.00"
2021-01-05,2021010503012358,GILB,17,16,50,"1,360.00","68,000.00"
2021-01-05,2021010503012436,GLBSL,22,58,10,878.00,"8,780.00"
2021-01-05,2021010503012739,GLICL,49,44,77,616.00,"47,432.00"
2021-01-05,2021010503012738,GLICL,45,44,20,616.00,"12,320.00"
2021-01-05,2021010503012737,GLICL,14,44,92,616.00,"56,672.00"
2021-01-05,2021010503012736,GLICL,34,44,20,616.00,"12,320.00"
2021-01-05,2021010503012735,GLICL,51,44,10,617.00,"6,170.00"
2021-01-05,2021010503012734,GLICL,21,44,100,617.00,"61,700.00"
2021-01-05,2021010503012271,GLICL,10,45,150,618.00,"92,700.00"
2021-01-05,2021010503012639,GLICL,44,39,200,620.00,"124,000.00"
2021-01-05,2021010503012553,GLICL,16,21,20,618.00,"12,360.00"
2021-01-05,2021010503012482,GLICL,52,39,100,620.00,"62,000.00"
2021-01-05,2021010503012379,GLICL,39,39,21,617.00,"12,957.00"
2021-01-05,2021010503012378,GLICL,58,39,29,617.00,"17,893.00"
2021-01-05,2021010503012377,GLICL,58,39,50,618.00,"30,900.00"
2021-01-05,2021010503012733,GLICL,47,44,50,617.00,"30,850.00"
2021-01-05,2021010503012732,GLICL,39,44,29,617.00,"17,893.00"
2021-01-05,2021010503012731,GLICL,49,44,20,618.00,"12,360.00"
2021-01-05,2021010503012730,GLICL,16,44,27,618.00,"16,686.00"
2021-01-05,2021010503012707,GLICL,34,39,100,620.00,"62,000.00"
2021-01-05,2021010503012698,GLICL,16,45,162,618.00,"100,116.00"
2021-01-05,2021010503012761,GMFBS,25,56,10,"1,112.00","11,120.00"
2021-01-05,2021010503012534,GMFBS,44,34,10,"1,113.00","11,130.00"
2021-01-05,2021010503012302,GMFBS,51,49,10,"1,101.00","11,010.00"
2021-01-05,2021010503012315,GRDBL,14,35,150,146.00,"21,900.00"
2021-01-05,2021010503012272,GRDBL,14,42,50,146.00,"7,300.00"
2021-01-05,2021010503012314,GUFL,43,6,100,204.00,"20,400.00"
2021-01-05,2021010503012753,HIDCL,58,45,50,266.00,"13,300.00"
2021-01-05,2021010503012746,HIDCL,58,25,"1,000",266.00,"266,000.00"
2021-01-05,2021010503012693,HIDCL,22,5,50,266.00,"13,300.00"
2021-01-05,2021010503012692,HIDCL,57,5,500,266.00,"133,000.00"
2021-01-05,2021010503012691,HIDCL,11,5,50,266.00,"13,300.00"
2021-01-05,2021010503012690,HIDCL,40,5,"2,500",266.00,"665,000.00"
2021-01-05,2021010503012689,HIDCL,40,5,"1,580",266.00,"420,280.00"
2021-01-05,2021010503012618,HIDCL,16,5,500,267.00,"133,500.00"
2021-01-05,2021010503012615,HIDCL,57,45,100,268.00,"26,800.00"
2021-01-05,2021010503012594,HIDCL,22,45,50,268.00,"13,400.00"
2021-01-05,2021010503012380,HIDCL,38,45,219,268.00,"58,692.00"
2021-01-05,2021010503012265,HIDCL,21,5,"1,000",267.00,"267,000.00"
2021-01-05,2021010503012531,ICFC,14,53,494,261.00,"128,934.00"
2021-01-05,2021010503012530,ICFC,25,53,200,261.00,"52,200.00"
2021-01-05,2021010503012529,ICFC,16,53,100,261.00,"26,100.00"
2021-01-05,2021010503012528,ICFC,41,53,70,261.00,"18,270.00"
2021-01-05,2021010503012527,ICFC,39,53,50,261.00,"13,050.00"
2021-01-05,2021010503012327,ICFC,51,53,100,262.00,"26,200.00"
2021-01-05,2021010503012326,ICFC,38,53,70,262.00,"18,340.00"
2021-01-05,2021010503012325,ICFC,56,53,50,262.00,"13,100.00"
2021-01-05,2021010503012324,ICFC,32,53,50,262.00,"13,100.00"
2021-01-05,2021010503012323,ICFC,44,53,66,262.00,"17,292.00"
2021-01-05,2021010503012403,ILBS,55,39,11,"1,037.00","11,407.00"
2021-01-05,2021010503012747,JBBL,7,34,500,230.00,"115,000.00"
2021-01-05,2021010503012654,JBBL,1,19,500,231.00,"115,500.00"
2021-01-05,2021010503012653,JBBL,13,19,145,231.00,"33,495.00"
2021-01-05,2021010503012572,JBBL,1,19,"1,000",231.00,"231,000.00"
2021-01-05,2021010503012476,JBBL,25,19,15,231.00,"3,465.00"
2021-01-05,2021010503012285,JBBL,55,19,500,231.00,"115,500.00"
2021-01-05,2021010503012284,JBBL,19,19,40,231.00,"9,240.00"
2021-01-05,2021010503012283,JBBL,42,19,126,231.00,"29,106.00"
2021-01-05,2021010503012709,JFL,42,17,318,259.00,"82,362.00"
2021-01-05,2021010503012708,JFL,42,45,302,259.00,"78,218.00"
2021-01-05,2021010503012616,JFL,16,45,30,259.00,"7,770.00"
2021-01-05,2021010503012453,JFL,42,18,80,256.00,"20,480.00"
2021-01-05,2021010503012310,JFL,54,18,20,256.00,"5,120.00"
2021-01-05,2021010503012309,JFL,57,18,200,256.00,"51,200.00"
2021-01-05,2021010503012455,JSLBB,58,39,100,"1,981.00","198,100.00"
2021-01-05,2021010503012446,JSLBB,58,26,30,"1,981.00","59,430.00"
2021-01-05,2021010503012313,JSLBB,58,19,40,"1,981.00","79,240.00"
2021-01-05,2021010503012758,KLBSL,55,34,10,"1,195.00","11,950.00"
2021-01-05,2021010503012663,KLBSL,17,55,101,"1,184.00","119,584.00"
2021-01-05,2021010503012662,KLBSL,25,55,200,"1,187.00","237,400.00"
2021-01-05,2021010503012661,KLBSL,38,55,19,"1,190.00","22,610.00"
2021-01-05,2021010503012748,KMCDB,46,34,146,880.00,"128,480.00"
2021-01-05,2021010503012590,KMCDB,46,38,150,880.00,"132,000.00"
2021-01-05,2021010503012406,KMCDB,46,55,39,880.00,"34,320.00"
2021-01-05,2021010503012405,KMCDB,46,13,365,880.00,"321,200.00"
2021-01-05,2021010503012404,KMCDB,46,55,300,878.00,"263,400.00"
2021-01-05,2021010503012374,KMCDB,51,52,10,873.00,"8,730.00"
2021-01-05,2021010503012347,KMCDB,51,48,10,873.00,"8,730.00"
2021-01-05,2021010503012727,KSBBL,34,47,20,218.00,"4,360.00"
2021-01-05,2021010503012750,LBBL,52,6,278,207.00,"57,546.00"
2021-01-05,2021010503012385,LBBL,52,48,22,206.00,"4,532.00"
2021-01-05,2021010503012666,LICN,43,34,75,"1,985.00","148,875.00"
2021-01-05,2021010503012289,LLBS,18,50,10,"1,325.00","13,250.00"
2021-01-05,2021010503012676,LUK,1,54,300,9.35,"2,805.00"
2021-01-05,2021010503012510,MERO,49,5,10,900.00,"9,000.00"
2021-01-05,2021010503012509,MERO,49,39,43,900.00,"38,700.00"
2021-01-05,2021010503012508,MERO,49,41,40,900.00,"36,000.00"
2021-01-05,2021010503012507,MERO,49,25,30,899.00,"26,970.00"
2021-01-05,2021010503012500,MERO,34,52,96,898.00,"86,208.00"
2021-01-05,2021010503012499,MERO,34,19,100,898.00,"89,800.00"
2021-01-05,2021010503012498,MERO,34,53,70,898.00,"62,860.00"
2021-01-05,2021010503012497,MERO,34,58,100,898.00,"89,800.00"
2021-01-05,2021010503012496,MERO,34,41,19,898.00,"17,062.00"
2021-01-05,2021010503012320,MERO,17,41,100,898.00,"89,800.00"
2021-01-05,2021010503012545,MFIL,4,34,200,324.00,"64,800.00"
2021-01-05,2021010503012741,MLBBL,17,17,32,"1,211.00","38,752.00"
2021-01-05,2021010503012617,MLBBL,36,17,10,"1,215.00","12,150.00"
2021-01-05,2021010503012759,MLBL,33,1,500,240.00,"120,000.00"
2021-01-05,2021010503012664,MLBL,48,1,20,241.00,"4,820.00"
2021-01-05,2021010503012287,MLBL,33,26,124,240.00,"29,760.00"
2021-01-05,2021010503012685,MMFDB,48,55,25,"1,113.00","27,825.00"
2021-01-05,2021010503012448,MMFDB,47,6,50,"1,111.00","55,550.00"
2021-01-05,2021010503012755,MNBBL,28,22,10,346.00,"3,460.00"
2021-01-05,2021010503012684,MNBBL,48,47,130,345.00,"44,850.00"
2021-01-05,2021010503012623,MNBBL,59,22,20,346.00,"6,920.00"
2021-01-05,2021010503012610,MNBBL,18,22,300,346.00,"103,800.00"
2021-01-05,2021010503012503,MNBBL,1,48,200,346.00,"69,200.00"
2021-01-05,2021010503012361,MNBBL,42,47,20,347.00,"6,940.00"
2021-01-05,2021010503012346,MNBBL,41,48,500,346.00,"173,000.00"
2021-01-05,2021010503012740,MSLB,1,45,10,"1,550.00","15,500.00"
2021-01-05,2021010503012715,NABBC,58,52,100,523.00,"52,300.00"
2021-01-05,2021010503012644,NABBC,58,52,500,523.00,"261,500.00"
2021-01-05,2021010503012481,NABBC,58,42,10,523.00,"5,230.00"
2021-01-05,2021010503012278,NEF,17,45,"30,806",10.10,"311,140.60"
2021-01-05,2021010503012277,NEF,5,45,"10,000",10.10,"101,000.00"
2021-01-05,2021010503012276,NEF,22,45,"10,000",10.14,"101,400.00"
2021-01-05,2021010503012275,NEF,3,45,"3,276",10.16,"33,284.16"
2021-01-05,2021010503012274,NEF,58,45,"2,241",10.16,"22,768.56"
2021-01-05,2021010503012677,NFS,40,41,50,216.00,"10,800.00"
2021-01-05,2021010503012520,NIBLPF,17,17,"2,500",10.61,"26,525.00"
2021-01-05,2021010503012367,NICGF,26,13,750,10.50,"7,875.00"
2021-01-05,2021010503012366,NICGF,26,36,"1,000",10.50,"10,500.00"
2021-01-05,2021010503012365,NICGF,26,58,250,10.45,"2,612.50"
2021-01-05,2021010503012680,NLBBL,38,32,207,"1,119.00","231,633.00"
2021-01-05,2021010503012744,NLIC,45,48,20,"2,388.00","47,760.00"
2021-01-05,2021010503012726,NLIC,45,14,230,"2,388.00","549,240.00"
2021-01-05,2021010503012725,NLIC,25,14,20,"2,388.00","47,760.00"
2021-01-05,2021010503012724,NLIC,46,14,50,"2,388.00","119,400.00"
2021-01-05,2021010503012642,NLIC,26,53,31,"2,386.00","73,966.00"
2021-01-05,2021010503012641,NLIC,42,8,200,"2,389.00","477,800.00"
2021-01-05,2021010503012376,NLIC,3,8,50,"2,389.00","119,450.00"
2021-01-05,2021010503012375,NLIC,3,40,100,"2,388.00","238,800.00"
2021-01-05,2021010503012351,NLIC,40,8,200,"2,389.00","477,800.00"
2021-01-05,2021010503012349,NLIC,44,57,10,"2,387.00","23,870.00"
2021-01-05,2021010503012282,NLIC,44,38,31,"2,386.00","73,966.00"
2021-01-05,2021010503012266,NLIC,16,38,100,"2,386.00","238,600.00"
2021-01-05,2021010503012489,NLIC,33,44,100,"2,386.00","238,600.00"
2021-01-05,2021010503012488,NLIC,42,44,73,"2,386.00","174,178.00"
2021-01-05,2021010503012437,NLIC,55,8,20,"2,389.00","47,780.00"
2021-01-05,2021010503012395,NLIC,42,57,127,"2,386.00","303,022.00"
2021-01-05,2021010503012394,NLIC,58,57,10,"2,386.00","23,860.00"
2021-01-05,2021010503012393,NLIC,44,57,59,"2,387.00","140,833.00"
2021-01-05,2021010503012629,NLIC,35,45,100,"2,387.00","238,700.00"
2021-01-05,2021010503012628,NLIC,21,45,100,"2,387.00","238,700.00"
2021-01-05,2021010503012627,NLIC,1,45,50,"2,388.00","119,400.00"
2021-01-05,2021010503012535,NLIC,26,58,25,"2,386.00","59,650.00"
2021-01-05,2021010503012526,NLIC,5,45,100,"2,387.00","238,700.00"
2021-01-05,2021010503012490,NLIC,26,44,21,"2,386.00","50,106.00"
2021-01-05,2021010503012704,NLICL,34,50,100,"1,135.00","113,500.00"
2021-01-05,2021010503012703,NLICL,54,43,500,"1,135.00","567,500.00"
2021-01-05,2021010503012581,NLICL,54,39,253,"1,130.00","285,890.00"
2021-01-05,2021010503012580,NLICL,36,39,100,"1,130.00","113,000.00"
2021-01-05,2021010503012579,NLICL,38,39,162,"1,130.00","183,060.00"
2021-01-05,2021010503012578,NLICL,38,39,50,"1,131.00","56,550.00"
2021-01-05,2021010503012372,NLICL,45,14,135,"1,135.00","153,225.00"
2021-01-05,2021010503012342,NLICL,45,32,50,"1,135.00","56,750.00"
2021-01-05,2021010503012267,NLICL,45,57,15,"1,135.00","17,025.00"
2021-01-05,2021010503012414,NLICL,38,39,77,"1,132.00","87,164.00"
2021-01-05,2021010503012413,NLICL,40,39,300,"1,133.00","339,900.00"
2021-01-05,2021010503012412,NLICL,55,39,100,"1,133.00","113,300.00"
2021-01-05,2021010503012411,NLICL,48,39,18,"1,134.00","20,412.00"
2021-01-05,2021010503012410,NLICL,41,39,35,"1,135.00","39,725.00"
2021-01-05,2021010503012382,NLICL,41,14,65,"1,135.00","73,775.00"
2021-01-05,2021010503012420,NLICL,5,39,200,"1,131.00","226,200.00"
2021-01-05,2021010503012419,NLICL,49,39,884,"1,131.00","999,804.00"
2021-01-05,2021010503012418,NLICL,7,39,500,"1,132.00","566,000.00"
2021-01-05,2021010503012417,NLICL,6,39,130,"1,132.00","147,160.00"
2021-01-05,2021010503012416,NLICL,52,39,100,"1,132.00","113,200.00"
2021-01-05,2021010503012415,NLICL,51,39,108,"1,132.00","122,256.00"
2021-01-05,2021010503012511,NLICL,22,50,77,"1,136.00","87,472.00"
2021-01-05,2021010503012425,NLICL,38,39,838,"1,130.00","946,940.00"
2021-01-05,2021010503012424,NLICL,8,39,150,"1,130.00","169,500.00"
2021-01-05,2021010503012423,NLICL,25,39,200,"1,130.00","226,000.00"
2021-01-05,2021010503012422,NLICL,20,39,100,"1,130.00","113,000.00"
2021-01-05,2021010503012421,NLICL,29,39,760,"1,130.00","858,800.00"
2021-01-05,2021010503012577,NLICL,16,39,10,"1,131.00","11,310.00"
2021-01-05,2021010503012576,NLICL,32,39,200,"1,131.00","226,200.00"
2021-01-05,2021010503012575,NLICL,22,39,75,"1,132.00","84,900.00"
2021-01-05,2021010503012574,NLICL,49,39,710,"1,132.00","803,720.00"
2021-01-05,2021010503012550,NLICL,49,20,"1,290","1,132.00","1,460,280.00"
2021-01-05,2021010503012513,NLICL,38,20,10,"1,135.00","11,350.00"
2021-01-05,2021010503012675,NMBHF1,38,45,"4,032",9.98,"40,239.36"
2021-01-05,2021010503012674,NMBHF1,58,45,"2,504",9.98,"24,989.92"
2021-01-05,2021010503012340,NMBHF1,17,45,"26,845",10.00,"268,450.00"
2021-01-05,2021010503012339,NMBHF1,22,45,"5,954",10.01,"59,599.54"
2021-01-05,2021010503012338,NMBHF1,4,45,100,10.02,"1,002.00"
2021-01-05,2021010503012637,NMBMF,1,21,300,975.00,"292,500.00"
2021-01-05,2021010503012371,NMBMF,53,21,100,975.00,"97,500.00"
2021-01-05,2021010503012328,NMBMF,14,21,100,975.00,"97,500.00"
2021-01-05,2021010503012318,NMBMF,45,21,125,975.00,"121,875.00"
2021-01-05,2021010503012723,NMFBS,14,17,15,"2,231.00","33,465.00"
2021-01-05,2021010503012543,NMFBS,14,26,24,"2,231.00","53,544.00"
2021-01-05,2021010503012542,NMFBS,14,53,11,"2,230.00","24,530.00"
2021-01-05,2021010503012392,NMFBS,38,26,10,"2,218.00","22,180.00"
2021-01-05,2021010503012391,NMFBS,38,26,20,"2,218.00","44,360.00"
2021-01-05,2021010503012390,NMFBS,13,26,10,"2,218.00","22,180.00"
2021-01-05,2021010503012389,NMFBS,43,26,10,"2,219.00","22,190.00"
2021-01-05,2021010503012298,NMFBS,41,22,13,"2,219.00","28,847.00"
2021-01-05,2021010503012743,NRIC,52,45,40,"1,535.00","61,400.00"
2021-01-05,2021010503012714,NRIC,53,55,28,"1,536.00","43,008.00"
2021-01-05,2021010503012681,NRIC,53,34,50,"1,536.00","76,800.00"
2021-01-05,2021010503012667,NRIC,45,5,34,"1,537.00","52,258.00"
2021-01-05,2021010503012657,NRIC,45,39,100,"1,537.00","153,700.00"
2021-01-05,2021010503012607,NRIC,55,39,20,"1,534.00","30,680.00"
2021-01-05,2021010503012286,NRIC,3,45,20,"1,534.00","30,680.00"
2021-01-05,2021010503012269,NRIC,3,39,40,"1,534.00","61,360.00"
2021-01-05,2021010503012305,NRIC,48,55,50,"1,534.00","76,700.00"
2021-01-05,2021010503012304,NRIC,34,55,205,"1,534.00","314,470.00"
2021-01-05,2021010503012303,NRIC,3,55,10,"1,534.00","15,340.00"
2021-01-05,2021010503012295,NRIC,56,57,10,"1,535.00","15,350.00"
2021-01-05,2021010503012294,NRIC,56,13,10,"1,535.00","15,350.00"
2021-01-05,2021010503012293,NRIC,56,19,20,"1,535.00","30,700.00"
2021-01-05,2021010503012341,NRIC,16,55,10,"1,535.00","15,350.00"
2021-01-05,2021010503012319,NRIC,16,34,10,"1,535.00","15,350.00"
2021-01-05,2021010503012311,NRIC,16,36,30,"1,535.00","46,050.00"
2021-01-05,2021010503012308,NRIC,16,13,10,"1,535.00","15,350.00"
2021-01-05,2021010503012307,NRIC,16,57,40,"1,535.00","61,400.00"
2021-01-05,2021010503012306,NRIC,42,55,15,"1,534.00","23,010.00"
2021-01-05,2021010503012472,NRIC,57,45,22,"1,536.00","33,792.00"
2021-01-05,2021010503012466,NRIC,50,39,40,"1,534.00","61,360.00"
2021-01-05,2021010503012451,NRIC,38,55,40,"1,535.00","61,400.00"
2021-01-05,2021010503012433,NRIC,25,55,140,"1,535.00","214,900.00"
2021-01-05,2021010503012432,NRIC,38,13,10,"1,535.00","15,350.00"
2021-01-05,2021010503012388,NRIC,39,55,76,"1,536.00","116,736.00"
2021-01-05,2021010503012521,NRIC,3,22,40,"1,535.00","61,400.00"
2021-01-05,2021010503012493,NRIC,59,58,50,"1,535.00","76,750.00"
2021-01-05,2021010503012492,NRIC,6,58,50,"1,535.00","76,750.00"
2021-01-05,2021010503012480,NRIC,25,45,50,"1,536.00","76,800.00"
2021-01-05,2021010503012479,NRIC,25,10,50,"1,535.00","76,750.00"
2021-01-05,2021010503012473,NRIC,50,22,40,"1,534.00","61,360.00"
2021-01-05,2021010503012569,NRIC,47,55,110,"1,535.00","168,850.00"
2021-01-05,2021010503012568,NRIC,54,43,22,"1,538.00","33,836.00"
2021-01-05,2021010503012567,NRIC,54,50,50,"1,536.00","76,800.00"
2021-01-05,2021010503012566,NRIC,54,45,28,"1,536.00","43,008.00"
2021-01-05,2021010503012541,NRIC,47,34,80,"1,535.00","122,800.00"
2021-01-05,2021010503012522,NRIC,47,22,10,"1,535.00","15,350.00"
2021-01-05,2021010503012606,NRIC,1,39,20,"1,534.00","30,680.00"
2021-01-05,2021010503012605,NRIC,17,43,28,"1,538.00","43,064.00"
2021-01-05,2021010503012604,NRIC,17,56,40,"1,536.00","61,440.00"
2021-01-05,2021010503012603,NRIC,17,36,30,"1,535.00","46,050.00"
2021-01-05,2021010503012597,NRIC,1,1,80,"1,534.00","122,720.00"
2021-01-05,2021010503012596,NRIC,50,1,20,"1,534.00","30,680.00"
2021-01-05,2021010503012754,NRN,40,41,160,363.00,"58,080.00"
2021-01-05,2021010503012612,NRN,40,58,10,363.00,"3,630.00"
2021-01-05,2021010503012611,NRN,40,41,10,363.00,"3,630.00"
2021-01-05,2021010503012593,NRN,50,32,180,364.00,"65,520.00"
2021-01-05,2021010503012592,NRN,50,57,10,364.00,"3,640.00"
2021-01-05,2021010503012591,NRN,50,59,10,364.00,"3,640.00"
2021-01-05,2021010503012355,NRN,40,6,10,363.00,"3,630.00"
2021-01-05,2021010503012354,NRN,40,35,10,363.00,"3,630.00"
2021-01-05,2021010503012353,NRN,40,13,10,363.00,"3,630.00"
2021-01-05,2021010503012352,NRN,40,38,10,362.00,"3,620.00"
2021-01-05,2021010503012583,NRN,40,52,10,363.00,"3,630.00"
2021-01-05,2021010503012495,NRN,40,38,10,363.00,"3,630.00"
2021-01-05,2021010503012387,NRN,40,48,10,363.00,"3,630.00"
2021-01-05,2021010503012373,NRN,40,6,10,363.00,"3,630.00"
2021-01-05,2021010503012357,NRN,40,42,10,363.00,"3,630.00"
2021-01-05,2021010503012356,NRN,40,58,230,363.00,"83,490.00"
2021-01-05,2021010503012757,NTC,51,25,170,"1,275.00","216,750.00"
2021-01-05,2021010503012756,NTC,52,25,30,"1,280.00","38,400.00"
2021-01-05,2021010503012752,NTC,52,48,20,"1,280.00","25,600.00"
2021-01-05,2021010503012742,NTC,53,48,10,"1,280.00","12,800.00"
2021-01-05,2021010503012729,NTC,51,25,100,"1,275.00","127,500.00"
2021-01-05,2021010503012728,NTC,5,25,200,"1,276.00","255,200.00"
2021-01-05,2021010503012360,NTC,17,58,100,"1,275.00","127,500.00"
2021-01-05,2021010503012348,NTC,57,58,10,"1,275.00","12,750.00"
2021-01-05,2021010503012321,NTC,53,58,50,"1,275.00","63,750.00"
2021-01-05,2021010503012273,NTC,45,58,500,"1,275.00","637,500.00"
2021-01-05,2021010503012462,NTC,51,45,181,"1,275.00","230,775.00"
2021-01-05,2021010503012434,NTC,51,45,319,"1,275.00","406,725.00"
2021-01-05,2021010503012381,NTC,29,45,100,"1,275.00","127,500.00"
2021-01-05,2021010503012368,NTC,48,45,50,"1,275.00","63,750.00"
2021-01-05,2021010503012364,NTC,50,45,31,"1,275.00","39,525.00"
2021-01-05,2021010503012363,NTC,50,58,169,"1,275.00","215,475.00"
2021-01-05,2021010503012540,NTC,58,40,100,"1,274.00","127,400.00"
2021-01-05,2021010503012539,NTC,29,40,50,"1,275.00","63,750.00"
2021-01-05,2021010503012538,NTC,29,40,50,"1,275.00","63,750.00"
2021-01-05,2021010503012465,NTC,4,45,100,"1,274.00","127,400.00"
2021-01-05,2021010503012464,NTC,47,45,200,"1,275.00","255,000.00"
2021-01-05,2021010503012463,NTC,57,45,10,"1,275.00","12,750.00"
2021-01-05,2021010503012712,NTC,51,38,20,"1,275.00","25,500.00"
2021-01-05,2021010503012697,NTC,49,48,35,"1,280.00","44,800.00"
2021-01-05,2021010503012683,NTC,1,48,85,"1,280.00","108,800.00"
2021-01-05,2021010503012682,NTC,1,45,15,"1,280.00","19,200.00"
2021-01-05,2021010503012671,NTC,34,45,20,"1,280.00","25,600.00"
2021-01-05,2021010503012613,NTC,45,43,50,"1,276.00","63,800.00"
2021-01-05,2021010503012659,NUBL,38,57,30,"1,338.00","40,140.00"
2021-01-05,2021010503012602,NUBL,46,34,100,"1,338.00","133,800.00"
2021-01-05,2021010503012601,NUBL,46,28,40,"1,338.00","53,520.00"
2021-01-05,2021010503012600,NUBL,46,17,10,"1,338.00","13,380.00"
2021-01-05,2021010503012512,NUBL,34,17,10,"1,338.00","13,380.00"
2021-01-05,2021010503012475,NUBL,22,33,100,"1,338.00","133,800.00"
2021-01-05,2021010503012369,NUBL,16,25,40,"1,337.00","53,480.00"
2021-01-05,2021010503012280,NUBL,40,40,5,"1,325.00","6,625.00"
2021-01-05,2021010504000003,PLI,26,50,10,158.00,"1,580.00"
2021-01-05,2021010504000002,PLI,49,11,10,155.00,"1,550.00"
2021-01-05,2021010504000001,PLI,48,26,10,152.00,"1,520.00"
2021-01-05,2021010503012702,PLIC,58,17,500,775.00,"387,500.00"
2021-01-05,2021010503012501,PLIC,58,44,150,773.00,"115,950.00"
2021-01-05,2021010503012299,PLIC,32,44,50,773.00,"38,650.00"
2021-01-05,2021010503012760,PROFL,34,8,10,129.00,"1,290.00"
2021-01-05,2021010503012551,PROFL,41,58,20,128.00,"2,560.00"
2021-01-05,2021010503012673,RLFL,45,16,800,168.00,"134,400.00"
2021-01-05,2021010503012672,RLFL,47,16,200,168.00,"33,600.00"
2021-01-05,2021010503012706,RLI,38,52,10,608.00,"6,080.00"
2021-01-05,2021010503012688,RLI,38,48,10,608.00,"6,080.00"
2021-01-05,2021010503012687,RLI,38,38,10,608.00,"6,080.00"
2021-01-05,2021010503012686,RLI,38,36,10,608.00,"6,080.00"
2021-01-05,2021010503012679,RLI,34,55,195,608.00,"118,560.00"
2021-01-05,2021010503012640,RLI,55,39,10,607.00,"6,070.00"
2021-01-05,2021010503012370,RLI,55,18,10,607.00,"6,070.00"
2021-01-05,2021010503012343,RLI,56,36,10,607.00,"6,070.00"
2021-01-05,2021010503012297,RLI,56,35,10,607.00,"6,070.00"
2021-01-05,2021010503012296,RLI,56,18,10,607.00,"6,070.00"
2021-01-05,2021010503012288,RLI,56,39,10,607.00,"6,070.00"
2021-01-05,2021010503012483,RLI,36,39,10,608.00,"6,080.00"
2021-01-05,2021010503012456,RLI,36,18,10,608.00,"6,080.00"
2021-01-05,2021010503012452,RLI,36,3,50,608.00,"30,400.00"
2021-01-05,2021010503012435,RLI,36,45,10,608.00,"6,080.00"
2021-01-05,2021010503012409,RLI,36,48,10,608.00,"6,080.00"
2021-01-05,2021010503012408,RLI,36,35,10,608.00,"6,080.00"
2021-01-05,2021010503012563,RLI,45,34,10,609.00,"6,090.00"
2021-01-05,2021010503012562,RLI,45,25,10,609.00,"6,090.00"
2021-01-05,2021010503012561,RLI,45,8,10,609.00,"6,090.00"
2021-01-05,2021010503012549,RLI,36,48,10,608.00,"6,080.00"
2021-01-05,2021010503012547,RLI,36,26,10,608.00,"6,080.00"
2021-01-05,2021010503012502,RLI,36,38,10,608.00,"6,080.00"
2021-01-05,2021010503012622,RLI,55,38,10,607.00,"6,070.00"
2021-01-05,2021010503012589,RLI,19,55,15,608.00,"9,120.00"
2021-01-05,2021010503012588,RLI,10,55,20,608.00,"12,160.00"
2021-01-05,2021010503012587,RLI,36,55,70,608.00,"42,560.00"
2021-01-05,2021010503012565,RLI,45,41,10,609.00,"6,090.00"
2021-01-05,2021010503012564,RLI,45,35,10,609.00,"6,090.00"
2021-01-05,2021010503012670,RMDC,25,4,400,"1,160.00","464,000.00"
2021-01-05,2021010503012332,RMDC,25,14,262,"1,160.00","303,920.00"
2021-01-05,2021010503012331,RMDC,39,14,100,"1,160.00","116,000.00"
2021-01-05,2021010503012330,RMDC,25,14,280,"1,160.00","324,800.00"
2021-01-05,2021010503012329,RMDC,35,14,450,"1,161.00","522,450.00"
2021-01-05,2021010503012660,RSDC,37,34,200,586.00,"117,200.00"
2021-01-05,2021010503012362,RSDC,58,34,55,586.00,"32,230.00"
2021-01-05,2021010503012477,SABSL,44,46,20,"1,093.00","21,860.00"
2021-01-05,2021010503012431,SABSL,44,47,89,"1,090.00","97,010.00"
2021-01-05,2021010503012430,SABSL,44,56,11,"1,090.00","11,990.00"
2021-01-05,2021010503012429,SABSL,44,54,100,"1,090.00","109,000.00"
2021-01-05,2021010503012428,SABSL,44,48,30,"1,089.00","32,670.00"
2021-01-05,2021010503012401,SADBL,34,51,13,179.00,"2,327.00"
2021-01-05,2021010503012400,SADBL,34,29,112,178.00,"19,936.00"
2021-01-05,2021010503012399,SADBL,34,55,80,178.00,"14,240.00"
2021-01-05,2021010503012398,SADBL,34,58,20,178.00,"3,560.00"
2021-01-05,2021010503012397,SADBL,34,34,25,178.00,"4,450.00"
2021-01-05,2021010503012396,SADBL,34,29,50,177.00,"8,850.00"
2021-01-05,2021010503012281,SAEF,57,45,"1,000",11.50,"11,500.00"
2021-01-05,2021010503012426,SDLBSL,47,38,10,"1,022.00","10,220.00"
2021-01-05,2021010503012402,SDLBSL,47,35,12,"1,022.00","12,264.00"
2021-01-05,2021010503012384,SDLBSL,42,35,13,"1,022.00","13,286.00"
2021-01-05,2021010503012544,SEF,40,47,"29,600",10.55,"312,280.00"
2021-01-05,2021010503012447,SFCL,22,16,440,129.00,"56,760.00"
2021-01-05,2021010503012350,SFCL,22,56,500,129.00,"64,500.00"
2021-01-05,2021010503012658,SHINE,28,1,12,241.00,"2,892.00"
2021-01-05,2021010503012586,SHINE,8,1,96,239.00,"22,944.00"
2021-01-05,2021010503012585,SHINE,33,1,49,239.00,"11,711.00"
2021-01-05,2021010503012449,SHINE,33,45,100,239.00,"23,900.00"
2021-01-05,2021010503012656,SHL,51,10,"1,547",192.00,"297,024.00"
2021-01-05,2021010503012655,SHL,57,10,150,193.00,"28,950.00"
2021-01-05,2021010503012598,SHL,58,25,100,193.00,"19,300.00"
2021-01-05,2021010503012519,SHL,42,25,100,193.00,"19,300.00"
2021-01-05,2021010503012518,SHL,33,25,100,193.00,"19,300.00"
2021-01-05,2021010503012517,SHL,58,25,100,193.00,"19,300.00"
2021-01-05,2021010503012516,SHL,54,25,200,193.00,"38,600.00"
2021-01-05,2021010503012515,SHL,39,25,200,193.00,"38,600.00"
2021-01-05,2021010503012514,SHL,38,25,150,193.00,"28,950.00"
2021-01-05,2021010503012556,SIFC,53,54,10,184.00,"1,840.00"
2021-01-05,2021010503012337,SIFC,41,54,10,184.00,"1,840.00"
2021-01-05,2021010503012268,SINDU,46,37,138,150.00,"20,700.00"
2021-01-05,2021010503012713,SLBBL,58,19,204,"1,098.00","223,992.00"
2021-01-05,2021010503012599,SLBBL,54,57,100,"1,100.00","110,000.00"
2021-01-05,2021010503012557,SLBBL,47,57,50,"1,104.00","55,200.00"
2021-01-05,2021010503012537,SLBSL,55,42,13,947.00,"12,311.00"
2021-01-05,2021010503012438,SLBSL,55,39,13,947.00,"12,311.00"
2021-01-05,2021010503012560,SLICL,4,11,10,691.00,"6,910.00"
2021-01-05,2021010503012696,SMB,8,45,39,"1,080.00","42,120.00"
2021-01-05,2021010503012695,SMB,8,8,11,"1,076.00","11,836.00"
2021-01-05,2021010503012460,SMFDB,45,16,10,945.00,"9,450.00"
2021-01-05,2021010503012334,SNLB,46,22,100,989.00,"98,900.00"
2021-01-05,2021010503012584,STC,46,5,11,"6,470.00","71,170.00"
2021-01-05,2021010503012582,STC,46,25,19,"6,470.00","122,930.00"
2021-01-05,2021010503012491,STC,53,33,10,"6,500.00","65,000.00"
2021-01-05,2021010503012711,SWBBL,49,39,575,"1,670.00","960,250.00"
2021-01-05,2021010503012710,SWBBL,49,33,500,"1,669.00","834,500.00"
2021-01-05,2021010503012621,SWBBL,49,18,166,"1,660.00","275,560.00"
2021-01-05,2021010503012620,SWBBL,1,18,10,"1,661.00","16,610.00"
2021-01-05,2021010503012619,SWBBL,26,18,24,"1,663.00","39,912.00"
2021-01-05,2021010503012454,SWBBL,4,39,140,"1,670.00","233,800.00"
2021-01-05,2021010503012487,TRH,11,48,140,298.00,"41,720.00"
2021-01-05,2021010503012486,TRH,11,21,50,298.00,"14,900.00"
2021-01-05,2021010503012383,TRH,11,20,10,297.00,"2,970.00"
2021-01-05,2021010503012445,UFL,16,28,883,244.00,"215,452.00"
2021-01-05,2021010503012444,UFL,37,28,500,244.00,"122,000.00"
2021-01-05,2021010503012443,UFL,51,28,200,244.00,"48,800.00"
2021-01-05,2021010503012442,UFL,26,28,400,244.00,"97,600.00"
2021-01-05,2021010503012441,UFL,49,28,200,245.00,"49,000.00"
2021-01-05,2021010503012440,UFL,16,28,717,245.00,"175,665.00"
2021-01-05,2021010503012439,UFL,49,28,100,246.00,"24,600.00"
2021-01-05,2021010503012678,USLB,32,44,10,"1,320.00","13,200.00"
2021-01-05,2021010503012470,USLB,32,34,16,"1,298.00","20,768.00"
2021-01-05,2021010503012469,USLB,51,34,31,"1,299.00","40,269.00"
2021-01-05,2021010503012468,USLB,36,34,50,"1,299.00","64,950.00"
2021-01-05,2021010503012467,USLB,42,34,184,"1,310.00","241,040.00"
2021-01-05,2021010503012096,ALBSL,59,32,100,"1,140.00","114,000.00"
2021-01-05,2021010503012053,ALBSL,59,6,100,"1,150.00","115,000.00"
2021-01-05,2021010503012052,ALBSL,59,59,50,"1,150.00","57,500.00"
2021-01-05,2021010503012051,ALBSL,59,35,11,"1,150.00","12,650.00"
2021-01-05,2021010503012050,ALBSL,59,14,300,"1,147.00","344,100.00"
2021-01-05,2021010503012049,ALBSL,59,28,16,"1,145.00","18,320.00"
2021-01-05,2021010503011945,ALBSL,59,26,11,"1,135.00","12,485.00"
2021-01-05,2021010503011944,ALBSL,59,38,11,"1,130.00","12,430.00"
2021-01-05,2021010503011880,ALBSL,47,36,99,"1,120.00","110,880.00"
2021-01-05,2021010503011976,ALBSL,59,28,11,"1,144.00","12,584.00"
2021-01-05,2021010503011975,ALBSL,59,34,11,"1,144.00","12,584.00"
2021-01-05,2021010503011949,ALBSL,59,46,25,"1,140.00","28,500.00"
2021-01-05,2021010503011948,ALBSL,59,51,11,"1,140.00","12,540.00"
2021-01-05,2021010503011947,ALBSL,59,11,50,"1,140.00","57,000.00"
2021-01-05,2021010503011946,ALBSL,59,57,11,"1,139.00","12,529.00"
2021-01-05,2021010503012048,ALBSL,59,58,10,"1,145.00","11,450.00"
2021-01-05,2021010503012047,ALBSL,59,34,11,"1,145.00","12,595.00"
2021-01-05,2021010503012046,ALBSL,59,47,200,"1,145.00","229,000.00"
2021-01-05,2021010503011979,ALBSL,59,38,200,"1,144.00","228,800.00"
2021-01-05,2021010503011978,ALBSL,59,26,20,"1,144.00","22,880.00"
2021-01-05,2021010503011977,ALBSL,59,34,11,"1,144.00","12,584.00"
2021-01-05,2021010503012242,ALICL,34,5,612,945.00,"578,340.00"
2021-01-05,2021010503012126,ALICL,58,5,25,945.00,"23,625.00"
2021-01-05,2021010503012120,ALICL,45,5,363,945.00,"343,035.00"
2021-01-05,2021010503012119,ALICL,45,33,137,945.00,"129,465.00"
2021-01-05,2021010503012019,ALICL,45,33,100,945.00,"94,500.00"
2021-01-05,2021010503011839,ALICL,50,33,63,945.00,"59,535.00"
2021-01-05,2021010503011817,ALICL,50,22,207,945.00,"195,615.00"
2021-01-05,2021010503011816,ALICL,53,22,30,945.00,"28,350.00"
2021-01-05,2021010503011815,ALICL,57,22,383,945.00,"361,935.00"
2021-01-05,2021010503012069,CBBL,43,47,20,"1,185.00","23,700.00"
2021-01-05,2021010503012028,CBBL,43,54,106,"1,185.00","125,610.00"
2021-01-05,2021010503011974,CBBL,43,4,181,"1,185.00","214,485.00"
2021-01-05,2021010503011973,CBBL,32,4,19,"1,185.00","22,515.00"
2021-01-05,2021010503011969,CBBL,32,55,100,"1,185.00","118,500.00"
2021-01-05,2021010503011814,CBBL,55,25,20,"1,186.00","23,720.00"
2021-01-05,2021010503012224,CFCL,28,4,"2,000",169.00,"338,000.00"
2021-01-05,2021010503012223,CFCL,26,4,284,169.00,"47,996.00"
2021-01-05,2021010503012029,CFCL,28,49,"1,770",170.00,"300,900.00"
2021-01-05,2021010503012248,CIT,26,34,30,"3,384.00","101,520.00"
2021-01-05,2021010503012220,CIT,21,53,25,"3,383.00","84,575.00"
2021-01-05,2021010503012168,CIT,33,53,10,"3,383.00","33,830.00"
2021-01-05,2021010503012155,CIT,45,53,10,"3,383.00","33,830.00"
2021-01-05,2021010503012144,CIT,32,53,30,"3,383.00","101,490.00"
2021-01-05,2021010503012127,CIT,50,6,10,"3,382.00","33,820.00"
2021-01-05,2021010503011981,CIT,32,49,50,"3,381.00","169,050.00"
2021-01-05,2021010503011980,CIT,22,49,30,"3,382.00","101,460.00"
2021-01-05,2021010503011963,CIT,49,42,10,"3,383.00","33,830.00"
2021-01-05,2021010503011890,CIT,32,59,100,"3,382.00","338,200.00"
2021-01-05,2021010503011862,CIT,32,38,50,"3,382.00","169,100.00"
2021-01-05,2021010503012123,CIT,58,53,25,"3,383.00","84,575.00"
2021-01-05,2021010503012102,CIT,50,59,40,"3,382.00","135,280.00"
2021-01-05,2021010503012078,CIT,6,42,51,"3,380.00","172,380.00"
2021-01-05,2021010503012017,CIT,42,42,10,"3,383.00","33,830.00"
2021-01-05,2021010503011983,CIT,16,49,48,"3,380.00","162,240.00"
2021-01-05,2021010503011982,CIT,45,49,22,"3,380.00","74,360.00"
2021-01-05,2021010503012068,CLBSL,18,55,500,830.00,"415,000.00"
2021-01-05,2021010503012044,CMF1,11,58,750,9.91,"7,432.50"
2021-01-05,2021010503012225,DDBL,48,10,110,"1,412.00","155,320.00"
2021-01-05,2021010503012101,DDBL,45,8,150,"1,410.00","211,500.00"
2021-01-05,2021010503012100,DDBL,45,49,10,"1,410.00","14,100.00"
2021-01-05,2021010503011789,DDBL,6,17,50,"1,408.00","70,400.00"
2021-01-05,2021010503011788,DDBL,37,17,100,"1,408.00","140,800.00"
2021-01-05,2021010503012055,FMDBL,18,20,90,582.00,"52,380.00"
2021-01-05,2021010503012184,GBBL,1,17,255,312.00,"79,560.00"
2021-01-05,2021010503012183,GBBL,1,57,20,312.00,"6,240.00"
2021-01-05,2021010503012182,GBBL,1,58,725,312.00,"226,200.00"
2021-01-05,2021010503012064,GBBL,16,58,200,312.00,"62,400.00"
2021-01-05,2021010503012091,GBLBS,39,46,100,582.00,"58,200.00"
2021-01-05,2021010503012090,GBLBS,34,46,50,582.00,"29,100.00"
2021-01-05,2021010503012089,GBLBS,39,46,25,582.00,"14,550.00"
2021-01-05,2021010503012088,GBLBS,35,46,190,583.00,"110,770.00"
2021-01-05,2021010503011799,GBLBS,35,39,15,583.00,"8,745.00"
2021-01-05,2021010503011798,GBLBS,35,34,395,583.00,"230,285.00"
2021-01-05,2021010503011797,GBLBS,18,34,100,583.00,"58,300.00"
2021-01-05,2021010503011796,GBLBS,26,34,10,583.00,"5,830.00"
2021-01-05,2021010503011953,GFCL,44,51,25,193.00,"4,825.00"
2021-01-05,2021010503012257,GILB,17,34,50,"1,360.00","68,000.00"
2021-01-05,2021010503011790,GILB,44,28,14,"1,358.00","19,012.00"
2021-01-05,2021010503011825,GIMES1,7,10,"3,000",11.51,"34,530.00"
2021-01-05,2021010503011824,GIMES1,55,10,"2,000",11.51,"23,020.00"
2021-01-05,2021010503012121,GLBSL,22,7,30,878.00,"26,340.00"
2021-01-05,2021010503011859,GLBSL,17,7,100,878.00,"87,800.00"
2021-01-05,2021010503012116,GLICL,58,42,15,617.00,"9,255.00"
2021-01-05,2021010503012073,GLICL,58,20,17,617.00,"10,489.00"
2021-01-05,2021010503012041,GLICL,5,45,100,618.00,"61,800.00"
2021-01-05,2021010503012040,GLICL,39,45,50,618.00,"30,900.00"
2021-01-05,2021010503011889,GLICL,39,36,50,618.00,"30,900.00"
2021-01-05,2021010503012015,GMFBS,49,14,20,"1,110.00","22,200.00"
2021-01-05,2021010503012014,GMFBS,49,22,10,"1,110.00","11,100.00"
2021-01-05,2021010503011968,GUFL,43,34,30,204.00,"6,120.00"
2021-01-05,2021010503012264,HIDCL,17,5,50,267.00,"13,350.00"
2021-01-05,2021010503012263,HIDCL,26,5,"2,000",267.00,"534,000.00"
2021-01-05,2021010503012176,HIDCL,17,45,25,268.00,"6,700.00"
2021-01-05,2021010503012170,HIDCL,22,45,500,268.00,"134,000.00"
2021-01-05,2021010503012010,HIDCL,45,57,20,268.00,"5,360.00"
2021-01-05,2021010503011993,HIDCL,45,39,31,268.00,"8,308.00"
2021-01-05,2021010503011846,HIDCL,46,50,17,269.00,"4,573.00"
2021-01-05,2021010503011992,HIDCL,45,40,35,267.00,"9,345.00"
2021-01-05,2021010503011991,HIDCL,45,39,61,267.00,"16,287.00"
2021-01-05,2021010503011985,HIDCL,7,40,31,267.00,"8,277.00"
2021-01-05,2021010503011984,HIDCL,7,40,17,267.00,"4,539.00"
2021-01-05,2021010503011848,HIDCL,38,26,31,267.00,"8,277.00"
2021-01-05,2021010503011847,HIDCL,7,50,13,267.00,"3,471.00"
2021-01-05,2021010503012169,ICFC,25,58,100,264.00,"26,400.00"
2021-01-05,2021010503012065,ILBS,54,21,11,"1,036.00","11,396.00"
2021-01-05,2021010503011960,ILBS,39,39,11,"1,035.00","11,385.00"
2021-01-05,2021010503012181,JBBL,16,32,150,232.00,"34,800.00"
2021-01-05,2021010503012045,JBBL,42,41,200,231.00,"46,200.00"
2021-01-05,2021010503012004,JBBL,42,21,150,231.00,"34,650.00"
2021-01-05,2021010503011834,JBBL,55,41,500,231.00,"115,500.00"
2021-01-05,2021010503011833,JBBL,55,34,100,231.00,"23,100.00"
2021-01-05,2021010503011832,JBBL,55,42,200,231.00,"46,200.00"
2021-01-05,2021010503011831,JBBL,55,35,152,231.00,"35,112.00"
2021-01-05,2021010503011830,JBBL,55,17,200,231.00,"46,200.00"
2021-01-05,2021010503011829,JBBL,55,57,100,231.00,"23,100.00"
2021-01-05,2021010503011828,JBBL,55,36,300,231.00,"69,300.00"
2021-01-05,2021010503011827,JBBL,55,45,75,231.00,"17,325.00"
2021-01-05,2021010503011826,JBBL,55,36,79,231.00,"18,249.00"
2021-01-05,2021010503012125,JSLBB,58,41,50,"1,981.00","99,050.00"
2021-01-05,2021010503012113,JSLBB,58,22,45,"1,981.00","89,145.00"
2021-01-05,2021010503011964,JSLBB,58,6,50,"1,981.00","99,050.00"
2021-01-05,2021010503011822,JSLBB,58,41,32,"1,981.00","63,392.00"
2021-01-05,2021010503011821,JSLBB,58,11,40,"1,981.00","79,240.00"
2021-01-05,2021010503011820,JSLBB,58,32,50,"1,980.00","99,000.00"
2021-01-05,2021010503011776,JSLBB,58,42,30,"1,960.00","58,800.00"
2021-01-05,2021010503012036,KLBSL,38,19,11,"1,190.00","13,090.00"
2021-01-05,2021010503012035,KLBSL,50,19,39,"1,190.00","46,410.00"
2021-01-05,2021010503012024,KMCDB,51,57,10,873.00,"8,730.00"
2021-01-05,2021010503011857,KMCDB,51,25,50,873.00,"43,650.00"
2021-01-05,2021010503012241,KSBBL,45,45,"3,818",216.00,"824,688.00"
2021-01-05,2021010503012240,KSBBL,50,45,382,216.00,"82,512.00"
2021-01-05,2021010503012239,KSBBL,32,45,"1,000",217.00,"217,000.00"
2021-01-05,2021010503012238,KSBBL,34,45,"1,000",217.00,"217,000.00"
2021-01-05,2021010503012237,KSBBL,33,45,"1,000",217.00,"217,000.00"
2021-01-05,2021010503012236,KSBBL,48,45,400,217.00,"86,800.00"
2021-01-05,2021010503012009,KSBBL,55,47,135,218.00,"29,430.00"
2021-01-05,2021010503012008,KSBBL,55,34,200,218.00,"43,600.00"
2021-01-05,2021010503012007,KSBBL,55,39,116,218.00,"25,288.00"
2021-01-05,2021010503012006,KSBBL,55,25,275,218.00,"59,950.00"
2021-01-05,2021010503012005,KSBBL,55,34,451,218.00,"98,318.00"
2021-01-05,2021010503011887,KSBBL,48,38,100,217.00,"21,700.00"
2021-01-05,2021010503011775,LICN,49,58,253,"1,978.00","500,434.00"
2021-01-05,2021010503011774,LICN,43,58,407,"1,979.00","805,453.00"
2021-01-05,2021010503012117,MERO,34,42,100,896.00,"89,600.00"
2021-01-05,2021010503012103,MERO,34,34,30,896.00,"26,880.00"
2021-01-05,2021010503012016,MERO,34,58,15,896.00,"13,440.00"
2021-01-05,2021010503011803,MFIL,11,34,50,324.00,"16,200.00"
2021-01-05,2021010503011894,MLBBL,17,6,190,"1,211.00","230,090.00"
2021-01-05,2021010503011893,MLBBL,49,6,200,"1,212.00","242,400.00"
2021-01-05,2021010503011892,MLBBL,57,6,100,"1,213.00","121,300.00"
2021-01-05,2021010503011891,MLBBL,17,6,10,"1,213.00","12,130.00"
2021-01-05,2021010503012260,MLBL,33,22,700,240.00,"168,000.00"
2021-01-05,2021010503012259,MLBL,33,14,266,240.00,"63,840.00"
2021-01-05,2021010503012162,MLBL,49,14,200,240.00,"48,000.00"
2021-01-05,2021010503012112,MLBL,49,14,"1,000",240.00,"240,000.00"
2021-01-05,2021010503012111,MLBL,32,14,631,240.00,"151,440.00"
2021-01-05,2021010503012081,MLBL,32,55,69,240.00,"16,560.00"
2021-01-05,2021010503012080,MLBL,17,55,397,240.00,"95,280.00"
2021-01-05,2021010503012056,MLBL,49,38,95,241.00,"22,895.00"
2021-01-05,2021010503011809,MLBL,17,1,23,240.00,"5,520.00"
2021-01-05,2021010503012139,MMFDB,25,47,21,"1,112.00","23,352.00"
2021-01-05,2021010503012115,MNBBL,49,40,200,346.00,"69,200.00"
2021-01-05,2021010503011836,MSLB,38,28,50,"1,536.00","76,800.00"
2021-01-05,2021010503012227,NEF,58,19,"2,414",10.16,"24,526.24"
2021-01-05,2021010503012018,NEF,26,11,"2,000",10.18,"20,360.00"
2021-01-05,2021010503011988,NEF,26,11,"2,000",10.18,"20,360.00"
2021-01-05,2021010503012228,NFS,57,46,50,214.00,"10,700.00"
2021-01-05,2021010503012175,NLBBL,38,38,212,"1,117.00","236,804.00"
2021-01-05,2021010503012174,NLBBL,38,49,100,"1,116.00","111,600.00"
2021-01-05,2021010503012034,NLBBL,58,42,25,"1,115.00","27,875.00"
2021-01-05,2021010503012033,NLBBL,16,42,25,"1,115.00","27,875.00"
2021-01-05,2021010503011928,NLBBL,16,52,30,"1,115.00","33,450.00"
2021-01-05,2021010503011926,NLBBL,16,6,45,"1,115.00","50,175.00"
2021-01-05,2021010503011925,NLBBL,44,6,50,"1,115.00","55,750.00"
2021-01-05,2021010503011850,NLBBL,44,1,150,"1,115.00","167,250.00"
2021-01-05,2021010503012258,NLIC,21,38,169,"2,386.00","403,234.00"
2021-01-05,2021010503012251,NLIC,21,38,131,"2,386.00","312,566.00"
2021-01-05,2021010503012235,NLIC,3,4,30,"2,387.00","71,610.00"
2021-01-05,2021010503012233,NLIC,18,57,100,"2,386.00","238,600.00"
2021-01-05,2021010503012232,NLIC,35,57,100,"2,386.00","238,600.00"
2021-01-05,2021010503012173,NLIC,58,4,64,"2,387.00","152,768.00"
2021-01-05,2021010503011772,NLIC,35,17,20,"2,388.00","47,760.00"
2021-01-05,2021010503011795,NLIC,38,26,30,"2,386.00","71,580.00"
2021-01-05,2021010503011794,NLIC,26,26,30,"2,386.00","71,580.00"
2021-01-05,2021010503011793,NLIC,58,26,200,"2,387.00","477,400.00"
2021-01-05,2021010503011792,NLIC,22,26,40,"2,387.00","95,480.00"
2021-01-05,2021010503011785,NLIC,22,5,10,"2,387.00","23,870.00"
2021-01-05,2021010503011784,NLIC,58,5,20,"2,387.00","47,740.00"
2021-01-05,2021010503011811,NLIC,21,19,50,"2,386.00","119,300.00"
2021-01-05,2021010503011808,NLIC,21,33,150,"2,386.00","357,900.00"
2021-01-05,2021010503011807,NLIC,25,17,100,"2,388.00","238,800.00"
2021-01-05,2021010503011806,NLIC,21,42,100,"2,386.00","238,600.00"
2021-01-05,2021010503011805,NLIC,18,42,50,"2,386.00","119,300.00"
2021-01-05,2021010503011804,NLIC,38,42,50,"2,386.00","119,300.00"
2021-01-05,2021010503011868,NLIC,47,17,50,"2,385.00","119,250.00"
2021-01-05,2021010503011867,NLIC,47,17,10,"2,385.00","23,850.00"
2021-01-05,2021010503011866,NLIC,41,17,56,"2,385.00","133,560.00"
2021-01-05,2021010503011860,NLIC,3,19,15,"2,386.00","35,790.00"
2021-01-05,2021010503011838,NLIC,50,19,200,"2,386.00","477,200.00"
2021-01-05,2021010503011812,NLIC,26,19,100,"2,386.00","238,600.00"
2021-01-05,2021010503011881,NLIC,49,19,125,"2,385.00","298,125.00"
2021-01-05,2021010503011873,NLIC,49,17,"1,544","2,385.00","3,682,440.00"
2021-01-05,2021010503011872,NLIC,28,17,20,"2,385.00","47,700.00"
2021-01-05,2021010503011871,NLIC,41,17,10,"2,385.00","23,850.00"
2021-01-05,2021010503011870,NLIC,54,17,50,"2,385.00","119,250.00"
2021-01-05,2021010503011869,NLIC,7,17,21,"2,385.00","50,085.00"
2021-01-05,2021010503011951,NLIC,49,49,100,"2,385.00","238,500.00"
2021-01-05,2021010503011921,NLIC,49,10,50,"2,385.00","119,250.00"
2021-01-05,2021010503011920,NLIC,6,10,150,"2,386.00","357,900.00"
2021-01-05,2021010503011919,NLIC,6,58,50,"2,386.00","119,300.00"
2021-01-05,2021010503011904,NLIC,49,33,100,"2,385.00","238,500.00"
2021-01-05,2021010503011886,NLIC,3,58,50,"2,386.00","119,300.00"
2021-01-05,2021010503012026,NLIC,6,53,100,"2,389.00","238,900.00"
2021-01-05,2021010503012021,NLIC,6,52,50,"2,389.00","119,450.00"
2021-01-05,2021010503011972,NLIC,49,58,675,"2,385.00","1,609,875.00"
2021-01-05,2021010503011971,NLIC,35,58,10,"2,389.00","23,890.00"
2021-01-05,2021010503011970,NLIC,35,58,15,"2,389.00","35,835.00"
2021-01-05,2021010503011962,NLIC,35,44,20,"2,389.00","47,780.00"
2021-01-05,2021010503012077,NLIC,6,59,171,"2,390.00","408,690.00"
2021-01-05,2021010503012070,NLIC,6,40,91,"2,389.00","217,399.00"
2021-01-05,2021010503012067,NLIC,6,58,22,"2,389.00","52,558.00"
2021-01-05,2021010503012066,NLIC,48,59,10,"2,390.00","23,900.00"
2021-01-05,2021010503012043,NLIC,57,59,12,"2,390.00","28,680.00"
2021-01-05,2021010503012042,NLIC,57,50,88,"2,390.00","210,320.00"
2021-01-05,2021010503012172,NLIC,58,57,36,"2,387.00","85,932.00"
2021-01-05,2021010503012163,NLIC,49,57,100,"2,387.00","238,700.00"
2021-01-05,2021010503012105,NLIC,6,57,159,"2,389.00","379,851.00"
2021-01-05,2021010503012099,NLIC,1,44,10,"2,390.00","23,900.00"
2021-01-05,2021010503012098,NLIC,1,47,40,"2,390.00","95,600.00"
2021-01-05,2021010503012087,NLIC,6,26,23,"2,389.00","54,947.00"
2021-01-05,2021010503012130,NLICL,48,50,550,"1,136.00","624,800.00"
2021-01-05,2021010503012129,NLICL,48,50,300,"1,136.00","340,800.00"
2021-01-05,2021010503012128,NLICL,48,10,150,"1,135.00","170,250.00"
2021-01-05,2021010503012108,NLICL,19,10,50,"1,135.00","56,750.00"
2021-01-05,2021010503012060,NLICL,19,6,200,"1,135.00","227,000.00"
2021-01-05,2021010503012037,NLICL,19,52,50,"1,135.00","56,750.00"
2021-01-05,2021010503011787,NLICL,48,21,150,"1,134.00","170,100.00"
2021-01-05,2021010503012106,NMB50,26,22,"2,000",10.40,"20,800.00"
2021-01-05,2021010503012063,NMB50,26,22,"2,000",10.40,"20,800.00"
2021-01-05,2021010503012118,NMBMF,42,21,35,975.00,"34,125.00"
2021-01-05,2021010503012244,NMFBS,38,22,10,"2,219.00","22,190.00"
2021-01-05,2021010503012165,NMFBS,38,59,90,"2,219.00","199,710.00"
2021-01-05,2021010503012164,NMFBS,6,59,10,"2,219.00","22,190.00"
2021-01-05,2021010503011998,NMFBS,13,46,196,"2,218.00","434,728.00"
2021-01-05,2021010503011987,NMFBS,38,46,10,"2,218.00","22,180.00"
2021-01-05,2021010503011927,NMFBS,38,46,24,"2,218.00","53,232.00"
2021-01-05,2021010503011912,NMFBS,49,46,30,"2,225.00","66,750.00"
2021-01-05,2021010503011911,NMFBS,37,46,17,"2,225.00","37,825.00"
2021-01-05,2021010503011910,NMFBS,22,46,14,"2,225.00","31,150.00"
2021-01-05,2021010503011909,NMFBS,34,46,65,"2,230.00","144,950.00"
2021-01-05,2021010503011908,NMFBS,38,46,10,"2,230.00","22,300.00"
2021-01-05,2021010503011907,NMFBS,49,46,69,"2,230.00","153,870.00"
2021-01-05,2021010503011918,NMFBS,8,46,100,"2,219.00","221,900.00"
2021-01-05,2021010503011917,NMFBS,14,46,14,"2,219.00","31,066.00"
2021-01-05,2021010503011916,NMFBS,36,46,50,"2,219.00","110,950.00"
2021-01-05,2021010503011915,NMFBS,52,46,50,"2,220.00","111,000.00"
2021-01-05,2021010503011914,NMFBS,29,46,20,"2,220.00","44,400.00"
2021-01-05,2021010503011913,NMFBS,47,46,20,"2,220.00","44,400.00"
2021-01-05,2021010503012255,NRIC,3,40,800,"1,534.00","1,227,200.00"
2021-01-05,2021010503012250,NRIC,20,19,10,"1,535.00","15,350.00"
2021-01-05,2021010503012249,NRIC,1,19,100,"1,535.00","153,500.00"
2021-01-05,2021010503012219,NRIC,50,19,10,"1,535.00","15,350.00"
2021-01-05,2021010503012167,NRIC,42,55,190,"1,535.00","291,650.00"
2021-01-05,2021010503012160,NRIC,42,13,10,"1,535.00","15,350.00"
2021-01-05,2021010503011801,NRIC,3,55,952,"1,535.00","1,461,320.00"
2021-01-05,2021010503011783,NRIC,3,54,48,"1,535.00","73,680.00"
2021-01-05,2021010503011782,NRIC,49,55,80,"1,534.00","122,720.00"
2021-01-05,2021010503011781,NRIC,16,55,600,"1,534.00","920,400.00"
2021-01-05,2021010503011935,NRIC,16,55,40,"1,534.00","61,360.00"
2021-01-05,2021010503011879,NRIC,1,55,70,"1,534.00","107,380.00"
2021-01-05,2021010503011864,NRIC,1,57,30,"1,534.00","46,020.00"
2021-01-05,2021010503011863,NRIC,25,57,10,"1,534.00","15,340.00"
2021-01-05,2021010503011861,NRIC,25,42,10,"1,535.00","15,350.00"
2021-01-05,2021010503011849,NRIC,54,42,360,"1,535.00","552,600.00"
2021-01-05,2021010503011959,NRIC,14,4,10,"1,535.00","15,350.00"
2021-01-05,2021010503011950,NRIC,14,52,70,"1,535.00","107,450.00"
2021-01-05,2021010503011941,NRIC,14,42,100,"1,535.00","153,500.00"
2021-01-05,2021010503011940,NRIC,14,39,40,"1,534.00","61,360.00"
2021-01-05,2021010503011937,NRIC,16,42,30,"1,535.00","46,050.00"
2021-01-05,2021010503011936,NRIC,16,44,30,"1,534.00","46,020.00"
2021-01-05,2021010503012011,NRIC,42,55,15,"1,535.00","23,025.00"
2021-01-05,2021010503012002,NRIC,42,57,10,"1,535.00","15,350.00"
2021-01-05,2021010503012001,NRIC,1,57,10,"1,535.00","15,350.00"
2021-01-05,2021010503011997,NRIC,17,55,40,"1,535.00","61,400.00"
2021-01-05,2021010503011966,NRIC,17,55,10,"1,535.00","15,350.00"
2021-01-05,2021010503011965,NRIC,14,55,280,"1,535.00","429,800.00"
2021-01-05,2021010503012030,NRIC,44,6,10,"1,534.00","15,340.00"
2021-01-05,2021010503012025,NRIC,42,5,50,"1,539.00","76,950.00"
2021-01-05,2021010503012023,NRIC,29,5,10,"1,539.00","15,390.00"
2021-01-05,2021010503012022,NRIC,29,52,40,"1,535.00","61,400.00"
2021-01-05,2021010503012013,NRIC,36,5,50,"1,539.00","76,950.00"
2021-01-05,2021010503012012,NRIC,36,39,50,"1,539.00","76,950.00"
2021-01-05,2021010503012079,NRIC,3,47,100,"1,534.00","153,400.00"
2021-01-05,2021010503012062,NRIC,50,55,20,"1,535.00","30,700.00"
2021-01-05,2021010503012061,NRIC,33,55,500,"1,535.00","767,500.00"
2021-01-05,2021010503012057,NRIC,20,51,50,"1,535.00","76,750.00"
2021-01-05,2021010503012054,NRIC,20,8,50,"1,535.00","76,750.00"
2021-01-05,2021010503012031,NRIC,3,6,30,"1,534.00","46,020.00"
2021-01-05,2021010503012143,NRIC,3,55,135,"1,535.00","207,225.00"
2021-01-05,2021010503012133,NRIC,34,55,10,"1,535.00","15,350.00"
2021-01-05,2021010503012132,NRIC,54,55,100,"1,535.00","153,500.00"
2021-01-05,2021010503012131,NRIC,58,55,20,"1,535.00","30,700.00"
2021-01-05,2021010503012122,NRIC,58,13,10,"1,535.00","15,350.00"
2021-01-05,2021010503012114,NRIC,58,13,10,"1,535.00","15,350.00"
2021-01-05,2021010503012110,NRN,26,49,80,361.00,"28,880.00"
2021-01-05,2021010503012109,NRN,47,49,20,361.00,"7,220.00"
2021-01-05,2021010503012027,NRN,47,32,10,361.00,"3,610.00"
2021-01-05,2021010503011906,NRN,47,57,10,361.00,"3,610.00"
2021-01-05,2021010503011800,NRN,47,58,10,361.00,"3,610.00"
2021-01-05,2021010503012247,NTC,52,58,50,"1,275.00","63,750.00"
2021-01-05,2021010503012218,NTC,21,58,20,"1,275.00","25,500.00"
2021-01-05,2021010503012217,NTC,41,58,300,"1,275.00","382,500.00"
2021-01-05,2021010503012216,NTC,38,58,50,"1,275.00","63,750.00"
2021-01-05,2021010503012215,NTC,49,58,200,"1,275.00","255,000.00"
2021-01-05,2021010503012214,NTC,25,58,200,"1,275.00","255,000.00"
2021-01-05,2021010503011835,NTC,49,3,18,"1,278.00","23,004.00"
2021-01-05,2021010503011813,NTC,21,48,20,"1,279.00","25,580.00"
2021-01-05,2021010503011777,NTC,49,3,200,"1,278.00","255,600.00"
2021-01-05,2021010503011855,NTC,49,59,100,"1,280.00","128,000.00"
2021-01-05,2021010503011854,NTC,49,57,50,"1,280.00","64,000.00"
2021-01-05,2021010503011853,NTC,49,33,"1,780","1,280.00","2,278,400.00"
2021-01-05,2021010503011852,NTC,49,42,200,"1,279.00","255,800.00"
2021-01-05,2021010503011851,NTC,49,48,380,"1,279.00","486,020.00"
2021-01-05,2021010503011845,NTC,48,3,182,"1,278.00","232,596.00"
2021-01-05,2021010503011898,NTC,10,45,100,"1,284.00","128,400.00"
2021-01-05,2021010503011897,NTC,10,21,140,"1,284.00","179,760.00"
2021-01-05,2021010503011896,NTC,10,45,100,"1,284.00","128,400.00"
2021-01-05,2021010503011895,NTC,10,3,100,"1,283.00","128,300.00"
2021-01-05,2021010503011858,NTC,49,37,100,"1,280.00","128,000.00"
2021-01-05,2021010503011856,NTC,49,33,55,"1,280.00","70,400.00"
2021-01-05,2021010503011905,NTC,10,40,18,"1,285.00","23,130.00"
2021-01-05,2021010503011903,NTC,10,58,"1,000","1,285.00","1,285,000.00"
2021-01-05,2021010503011902,NTC,10,6,42,"1,285.00","53,970.00"
2021-01-05,2021010503011901,NTC,10,26,100,"1,285.00","128,500.00"
2021-01-05,2021010503011900,NTC,10,41,150,"1,284.00","192,600.00"
2021-01-05,2021010503011899,NTC,10,45,50,"1,284.00","64,200.00"
2021-01-05,2021010503012071,NTC,38,59,100,"1,282.00","128,200.00"
2021-01-05,2021010503012059,NTC,49,53,30,"1,280.00","38,400.00"
2021-01-05,2021010503012032,NTC,49,10,100,"1,280.00","128,000.00"
2021-01-05,2021010503012003,NTC,21,48,100,"1,281.00","128,100.00"
2021-01-05,2021010503012000,NTC,21,22,100,"1,281.00","128,100.00"
2021-01-05,2021010503011999,NTC,4,22,500,"1,282.00","641,000.00"
2021-01-05,2021010503012140,NTC,22,45,50,"1,280.00","64,000.00"
2021-01-05,2021010503012137,NTC,3,45,100,"1,280.00","128,000.00"
2021-01-05,2021010503012136,NTC,57,45,20,"1,280.00","25,600.00"
2021-01-05,2021010503012135,NTC,49,45,"1,755","1,280.00","2,246,400.00"
2021-01-05,2021010503012104,NTC,49,40,50,"1,280.00","64,000.00"
2021-01-05,2021010503012072,NTC,49,59,400,"1,280.00","512,000.00"
2021-01-05,2021010503012189,NTC,39,58,100,"1,277.00","127,700.00"
2021-01-05,2021010503012188,NTC,44,58,106,"1,277.00","135,362.00"
2021-01-05,2021010503012187,NTC,55,58,200,"1,278.00","255,600.00"
2021-01-05,2021010503012186,NTC,58,58,200,"1,278.00","255,600.00"
2021-01-05,2021010503012185,NTC,38,58,100,"1,278.00","127,800.00"
2021-01-05,2021010503012161,NTC,58,45,40,"1,280.00","51,200.00"
2021-01-05,2021010503012195,NTC,4,58,100,"1,276.00","127,600.00"
2021-01-05,2021010503012194,NTC,38,58,100,"1,276.00","127,600.00"
2021-01-05,2021010503012193,NTC,3,58,100,"1,277.00","127,700.00"
2021-01-05,2021010503012192,NTC,51,58,"2,000","1,277.00","2,554,000.00"
2021-01-05,2021010503012191,NTC,52,58,50,"1,277.00","63,850.00"
2021-01-05,2021010503012190,NTC,40,58,50,"1,277.00","63,850.00"
2021-01-05,2021010503012201,NTC,21,58,10,"1,275.00","12,750.00"
2021-01-05,2021010503012200,NTC,25,58,40,"1,275.00","51,000.00"
2021-01-05,2021010503012199,NTC,57,58,200,"1,275.00","255,000.00"
2021-01-05,2021010503012198,NTC,49,58,"5,000","1,276.00","6,380,000.00"
2021-01-05,2021010503012197,NTC,21,58,100,"1,276.00","127,600.00"
2021-01-05,2021010503012196,NTC,34,58,20,"1,276.00","25,520.00"
2021-01-05,2021010503012207,NTC,49,58,"2,000","1,275.00","2,550,000.00"
2021-01-05,2021010503012206,NTC,22,58,50,"1,275.00","63,750.00"
2021-01-05,2021010503012205,NTC,35,58,100,"1,275.00","127,500.00"
2021-01-05,2021010503012204,NTC,51,58,15,"1,275.00","19,125.00"
2021-01-05,2021010503012203,NTC,29,58,100,"1,275.00","127,500.00"
2021-01-05,2021010503012202,NTC,44,58,100,"1,275.00","127,500.00"
2021-01-05,2021010503012213,NTC,42,58,200,"1,275.00","255,000.00"
2021-01-05,2021010503012212,NTC,53,58,10,"1,275.00","12,750.00"
2021-01-05,2021010503012211,NTC,33,58,"1,000","1,275.00","1,275,000.00"
2021-01-05,2021010503012210,NTC,17,58,100,"1,275.00","127,500.00"
2021-01-05,2021010503012209,NTC,22,58,200,"1,275.00","255,000.00"
2021-01-05,2021010503012208,NTC,53,58,"1,000","1,275.00","1,275,000.00"
2021-01-05,2021010503012234,NUBL,14,17,20,"1,335.00","26,700.00"
2021-01-05,2021010503011952,OHL,16,20,10,476.00,"4,760.00"
2021-01-05,2021010503011882,OHL,10,3,10,471.00,"4,710.00"
2021-01-05,2021010503012179,PLIC,58,5,25,774.00,"19,350.00"
2021-01-05,2021010503011961,PLIC,29,16,198,772.00,"152,856.00"
2021-01-05,2021010503011878,PLIC,7,52,129,771.00,"99,459.00"
2021-01-05,2021010503011877,PLIC,33,52,100,771.00,"77,100.00"
2021-01-05,2021010503011876,PLIC,32,52,60,771.00,"46,260.00"
2021-01-05,2021010503011875,PLIC,47,52,100,771.00,"77,100.00"
2021-01-05,2021010503011874,PLIC,22,52,111,771.00,"85,581.00"
2021-01-05,2021010503011778,PLIC,22,17,10,771.00,"7,710.00"
2021-01-05,2021010503011924,PROFL,57,34,"3,000",128.00,"384,000.00"
2021-01-05,2021010503011923,PROFL,57,59,"1,510",128.00,"193,280.00"
2021-01-05,2021010503011922,PROFL,57,45,34,128.00,"4,352.00"
2021-01-05,2021010503012256,RLI,56,45,10,607.00,"6,070.00"
2021-01-05,2021010503012246,RLI,56,18,10,607.00,"6,070.00"
2021-01-05,2021010503012245,RLI,56,48,10,607.00,"6,070.00"
2021-01-05,2021010503012229,RLI,56,45,10,607.00,"6,070.00"
2021-01-05,2021010503012221,RLI,56,11,10,607.00,"6,070.00"
2021-01-05,2021010503012180,RLI,56,18,10,607.00,"6,070.00"
2021-01-05,2021010503011773,RLI,56,56,10,606.00,"6,060.00"
2021-01-05,2021010503011771,RLI,56,48,19,606.00,"11,514.00"
2021-01-05,2021010503011888,RLI,56,21,10,606.00,"6,060.00"
2021-01-05,2021010503011840,RLI,56,56,10,606.00,"6,060.00"
2021-01-05,2021010503011823,RLI,56,38,10,606.00,"6,060.00"
2021-01-05,2021010503011819,RLI,56,21,10,606.00,"6,060.00"
2021-01-05,2021010503011802,RLI,56,56,10,606.00,"6,060.00"
2021-01-05,2021010503011791,RLI,56,38,10,606.00,"6,060.00"
2021-01-05,2021010503012020,RLI,32,41,10,606.00,"6,060.00"
2021-01-05,2021010503011990,RLI,32,18,10,606.00,"6,060.00"
2021-01-05,2021010503011942,RLI,32,38,10,606.00,"6,060.00"
2021-01-05,2021010503011939,RLI,32,39,10,606.00,"6,060.00"
2021-01-05,2021010503011938,RLI,56,57,10,606.00,"6,060.00"
2021-01-05,2021010503011930,RLI,22,11,10,607.00,"6,070.00"
2021-01-05,2021010503012086,RLI,56,58,10,608.00,"6,080.00"
2021-01-05,2021010503012085,RLI,56,35,10,608.00,"6,080.00"
2021-01-05,2021010503012084,RLI,56,42,10,608.00,"6,080.00"
2021-01-05,2021010503012083,RLI,56,35,10,608.00,"6,080.00"
2021-01-05,2021010503012082,RLI,56,35,10,608.00,"6,080.00"
2021-01-05,2021010503012058,RLI,47,34,10,607.00,"6,070.00"
2021-01-05,2021010503012166,RLI,47,11,10,607.00,"6,070.00"
2021-01-05,2021010503012142,RLI,56,18,10,608.00,"6,080.00"
2021-01-05,2021010503012134,RLI,56,38,10,608.00,"6,080.00"
2021-01-05,2021010503012124,RLI,56,18,10,608.00,"6,080.00"
2021-01-05,2021010503012097,RLI,56,18,10,608.00,"6,080.00"
2021-01-05,2021010503012092,RLI,56,20,10,608.00,"6,080.00"
2021-01-05,2021010503012226,RMDC,35,41,50,"1,161.00","58,050.00"
2021-01-05,2021010503012141,RMDC,10,36,50,"1,161.00","58,050.00"
2021-01-05,2021010503012076,RMDC,58,48,40,"1,165.00","46,600.00"
2021-01-05,2021010503011967,RMDC,53,48,10,"1,165.00","11,650.00"
2021-01-05,2021010503011956,RSDC,42,34,100,586.00,"58,600.00"
2021-01-05,2021010503012262,SABSL,44,46,12,"1,093.00","13,116.00"
2021-01-05,2021010503012261,SABSL,44,43,33,"1,092.00","36,036.00"
2021-01-05,2021010503012243,SABSL,44,56,11,"1,090.00","11,990.00"
2021-01-05,2021010503012230,SABSL,44,39,11,"1,090.00","11,990.00"
2021-01-05,2021010503012222,SABSL,44,57,50,"1,086.00","54,300.00"
2021-01-05,2021010503012154,SABSL,44,33,11,"1,085.00","11,935.00"
2021-01-05,2021010503011843,SABSL,44,39,50,"1,070.00","53,500.00"
2021-01-05,2021010503011842,SABSL,44,56,11,"1,070.00","11,770.00"
2021-01-05,2021010503011841,SABSL,44,56,11,"1,070.00","11,770.00"
2021-01-05,2021010503012147,SABSL,44,41,11,"1,073.00","11,803.00"
2021-01-05,2021010503012146,SABSL,44,48,11,"1,073.00","11,803.00"
2021-01-05,2021010503012145,SABSL,44,59,20,"1,073.00","21,460.00"
2021-01-05,2021010503011996,SABSL,44,47,50,"1,072.00","53,600.00"
2021-01-05,2021010503011995,SABSL,44,58,30,"1,072.00","32,160.00"
2021-01-05,2021010503011844,SABSL,44,56,11,"1,070.00","11,770.00"
2021-01-05,2021010503012153,SABSL,44,25,185,"1,080.00","199,800.00"
2021-01-05,2021010503012152,SABSL,44,3,11,"1,080.00","11,880.00"
2021-01-05,2021010503012151,SABSL,44,50,11,"1,075.00","11,825.00"
2021-01-05,2021010503012150,SABSL,44,4,11,"1,074.00","11,814.00"
2021-01-05,2021010503012149,SABSL,44,16,90,"1,073.00","96,570.00"
2021-01-05,2021010503012148,SABSL,44,45,22,"1,073.00","23,606.00"
2021-01-05,2021010503011933,SAPDBL,10,38,"1,668",145.00,"241,860.00"
2021-01-05,2021010503011932,SAPDBL,25,38,35,145.00,"5,075.00"
2021-01-05,2021010503011931,SAPDBL,50,38,297,145.00,"43,065.00"
2021-01-05,2021010503012231,SDLBSL,47,38,10,"1,021.00","10,210.00"
2021-01-05,2021010503012107,SDLBSL,28,38,10,"1,016.00","10,160.00"
2021-01-05,2021010503011929,SEF,40,42,400,10.55,"4,220.00"
2021-01-05,2021010503012159,SHINE,42,1,423,241.00,"101,943.00"
2021-01-05,2021010503012158,SHINE,42,37,150,241.00,"36,150.00"
2021-01-05,2021010503012157,SHINE,42,57,376,241.00,"90,616.00"
2021-01-05,2021010503012156,SHINE,42,1,51,240.00,"12,240.00"
2021-01-05,2021010503011943,SHINE,37,1,100,240.00,"24,000.00"
2021-01-05,2021010503011934,SHINE,33,39,241,239.00,"57,599.00"
2021-01-05,2021010503011837,SHINE,33,50,50,239.00,"11,950.00"
2021-01-05,2021010503011994,SIFC,41,22,500,181.00,"90,500.00"
2021-01-05,2021010503011958,SINDU,58,37,62,150.00,"9,300.00"
2021-01-05,2021010503011957,SINDU,58,34,238,150.00,"35,700.00"
2021-01-05,2021010503011865,SINDU,42,34,50,150.00,"7,500.00"
2021-01-05,2021010503012038,SKBBL,21,47,13,"1,438.00","18,694.00"
2021-01-05,2021010503011884,SKBBL,21,53,174,"1,438.00","250,212.00"
2021-01-05,2021010503011883,SKBBL,1,53,226,"1,438.00","324,988.00"
2021-01-05,2021010503011810,SKBBL,1,58,74,"1,438.00","106,412.00"
2021-01-05,2021010503011770,SKBBL,43,58,10,"1,440.00","14,400.00"
2021-01-05,2021010503011769,SKBBL,10,58,10,"1,440.00","14,400.00"
2021-01-05,2021010503011768,SKBBL,47,58,30,"1,440.00","43,200.00"
2021-01-05,2021010503011767,SKBBL,1,58,20,"1,440.00","28,800.00"
2021-01-05,2021010503011766,SKBBL,18,58,46,"1,441.00","66,286.00"
2021-01-05,2021010503011765,SKBBL,1,58,10,"1,442.00","14,420.00"
2021-01-05,2021010503011885,SLBBL,58,55,100,"1,098.00","109,800.00"
2021-01-05,2021010503012075,SLBSL,39,42,37,953.00,"35,261.00"
2021-01-05,2021010503012074,SLBSL,39,29,13,953.00,"12,389.00"
2021-01-05,2021010503012138,SLICL,41,34,100,689.00,"68,900.00"
2021-01-05,2021010503011955,SLICL,38,58,"2,246",690.00,"1,549,740.00"
2021-01-05,2021010503011954,SLICL,38,41,190,690.00,"131,100.00"
2021-01-05,2021010503011786,SLICL,38,48,745,689.00,"513,305.00"
2021-01-05,2021010503011818,SMB,45,39,11,"1,075.00","11,825.00"
2021-01-05,2021010503012178,SMFDB,14,45,10,938.00,"9,380.00"
2021-01-05,2021010503012177,SMFDB,34,45,30,938.00,"28,140.00"
2021-01-05,2021010503012171,SMFDB,45,16,13,945.00,"12,285.00"
2021-01-05,2021010503012254,STC,55,45,15,"6,500.00","97,500.00"
2021-01-05,2021010503012253,STC,41,45,15,"6,500.00","97,500.00"
2021-01-05,2021010503012252,STC,59,45,10,"6,502.00","65,020.00"
2021-01-05,2021010503012095,STC,56,45,14,"6,535.00","91,490.00"
2021-01-05,2021010503012094,STC,26,45,20,"6,535.00","130,700.00"
2021-01-05,2021010503012093,STC,48,45,20,"6,537.00","130,740.00"
2021-01-05,2021010503011989,SWBBL,33,33,435,"1,669.00","726,015.00"
2021-01-05,2021010503011780,UFL,16,49,283,245.00,"69,335.00"
2021-01-05,2021010503011779,UFL,34,49,28,246.00,"6,888.00"
2021-01-05,2021010503012039,USLB,51,54,22,"1,315.00","28,930.00"
2021-01-05,2021010503011986,USLB,42,28,22,"1,310.00","28,820.00"
2021-01-05,2021010503011740,ALBSL,34,36,12,"1,120.00","13,440.00"
2021-01-05,2021010503011567,ALBSL,34,39,10,"1,120.00","11,200.00"
2021-01-05,2021010503011702,ALICL,57,42,86,945.00,"81,270.00"
2021-01-05,2021010503011685,ALICL,13,49,500,946.00,"473,000.00"
2021-01-05,2021010503011639,ALICL,20,49,50,946.00,"47,300.00"
2021-01-05,2021010503011605,ALICL,13,49,100,946.00,"94,600.00"
2021-01-05,2021010503011604,ALICL,13,42,100,946.00,"94,600.00"
2021-01-05,2021010503011365,ALICL,57,46,31,945.00,"29,295.00"
2021-01-05,2021010503011315,ALICL,49,54,"1,000",945.00,"945,000.00"
2021-01-05,2021010503011314,ALICL,33,54,100,945.00,"94,500.00"
2021-01-05,2021010503011313,ALICL,48,54,369,945.00,"348,705.00"
2021-01-05,2021010503011364,ALICL,55,46,69,945.00,"65,205.00"
2021-01-05,2021010503011323,ALICL,55,50,331,945.00,"312,795.00"
2021-01-05,2021010503011322,ALICL,54,50,169,945.00,"159,705.00"
2021-01-05,2021010503011318,ALICL,54,54,131,945.00,"123,795.00"
2021-01-05,2021010503011317,ALICL,55,54,200,945.00,"189,000.00"
2021-01-05,2021010503011316,ALICL,36,54,200,945.00,"189,000.00"
2021-01-05,2021010503011599,BFC,38,53,338,139.00,"46,982.00"
2021-01-05,2021010503011290,BFC,40,57,20,138.00,"2,760.00"
2021-01-05,2021010503011508,CBBL,44,4,200,"1,188.00","237,600.00"
2021-01-05,2021010503011353,CFCL,13,21,100,170.00,"17,000.00"
2021-01-05,2021010503011311,CFCL,26,37,260,169.00,"43,940.00"
2021-01-05,2021010503011287,CFCL,26,21,25,169.00,"4,225.00"
2021-01-05,2021010503011719,CIT,45,38,28,"3,380.00","94,640.00"
2021-01-05,2021010503011718,CIT,11,38,10,"3,380.00","33,800.00"
2021-01-05,2021010503011717,CIT,59,38,100,"3,380.00","338,000.00"
2021-01-05,2021010503011716,CIT,21,38,20,"3,380.00","67,600.00"
2021-01-05,2021010503011715,CIT,6,38,20,"3,380.00","67,600.00"
2021-01-05,2021010503011714,CIT,46,38,50,"3,381.00","169,050.00"
2021-01-05,2021010503011275,CIT,6,59,40,"3,385.00","135,400.00"
2021-01-05,2021010503011505,CIT,26,34,20,"3,384.00","67,680.00"
2021-01-05,2021010503011439,CIT,6,59,17,"3,385.00","57,545.00"
2021-01-05,2021010503011438,CIT,38,52,10,"3,383.00","33,830.00"
2021-01-05,2021010503011385,CIT,35,59,69,"3,385.00","233,565.00"
2021-01-05,2021010503011382,CIT,11,52,11,"3,384.00","37,224.00"
2021-01-05,2021010503011381,CIT,34,52,20,"3,384.00","67,680.00"
2021-01-05,2021010503011618,CIT,26,38,20,"3,382.00","67,640.00"
2021-01-05,2021010503011613,CIT,47,38,50,"3,382.00","169,100.00"
2021-01-05,2021010503011612,CIT,6,38,10,"3,382.00","33,820.00"
2021-01-05,2021010503011611,CIT,50,38,50,"3,382.00","169,100.00"
2021-01-05,2021010503011553,CIT,49,42,10,"3,383.00","33,830.00"
2021-01-05,2021010503011539,CIT,38,42,10,"3,383.00","33,830.00"
2021-01-05,2021010503011712,CIT,46,38,50,"3,381.00","169,050.00"
2021-01-05,2021010503011711,CIT,17,38,10,"3,381.00","33,810.00"
2021-01-05,2021010503011710,CIT,25,38,10,"3,381.00","33,810.00"
2021-01-05,2021010503011682,CIT,14,22,12,"3,381.00","40,572.00"
2021-01-05,2021010503011677,CIT,22,38,30,"3,382.00","101,460.00"
2021-01-05,2021010503011669,CIT,25,38,20,"3,382.00","67,640.00"
2021-01-05,2021010503011403,CLBSL,28,19,26,834.00,"21,684.00"
2021-01-05,2021010503011402,CLBSL,28,20,10,833.00,"8,330.00"
2021-01-05,2021010503011401,CLBSL,28,25,14,830.00,"11,620.00"
2021-01-05,2021010503011379,CLBSL,39,25,180,830.00,"149,400.00"
2021-01-05,2021010503011378,CLBSL,39,6,129,830.00,"107,070.00"
2021-01-05,2021010503011377,CLBSL,39,3,100,829.00,"82,900.00"
2021-01-05,2021010503011376,CLBSL,39,11,70,825.00,"57,750.00"
2021-01-05,2021010503011375,CLBSL,39,57,281,825.00,"231,825.00"
2021-01-05,2021010503011374,CLBSL,39,35,140,824.00,"115,360.00"
2021-01-05,2021010503011301,CLBSL,20,35,24,817.00,"19,608.00"
2021-01-05,2021010503011488,CMF1,42,49,300,9.90,"2,970.00"
2021-01-05,2021010503011400,CMF1,42,21,200,9.90,"1,980.00"
2021-01-05,2021010503011312,CMF2,19,36,200,9.95,"1,990.00"
2021-01-05,2021010503011742,DDBL,46,58,150,"1,411.00","211,650.00"
2021-01-05,2021010503011638,FMDBL,41,28,200,583.00,"116,600.00"
2021-01-05,2021010503011637,FMDBL,54,28,90,583.00,"52,470.00"
2021-01-05,2021010503011762,FOWAD,36,26,13,"2,285.00","29,705.00"
2021-01-05,2021010503011476,FOWAD,36,35,14,"2,285.00","31,990.00"
2021-01-05,2021010503011510,GBBL,32,50,11,311.00,"3,421.00"
2021-01-05,2021010503011509,GBBL,50,50,132,311.00,"41,052.00"
2021-01-05,2021010503011733,GBLBS,26,11,15,583.00,"8,745.00"
2021-01-05,2021010503011623,GBLBS,26,39,15,583.00,"8,745.00"
2021-01-05,2021010503011552,GBLBS,26,48,25,583.00,"14,575.00"
2021-01-05,2021010503011462,GBLBS,26,39,15,583.00,"8,745.00"
2021-01-05,2021010503011734,GIMES1,11,10,"2,500",11.55,"28,875.00"
2021-01-05,2021010503011696,GIMES1,53,10,"7,500",11.57,"86,775.00"
2021-01-05,2021010503011661,GIMES1,43,26,"5,000",11.73,"58,650.00"
2021-01-05,2021010503011660,GIMES1,43,47,500,11.72,"5,860.00"
2021-01-05,2021010503011659,GIMES1,43,26,"5,000",11.70,"58,500.00"
2021-01-05,2021010503011681,GLICL,58,39,11,617.00,"6,787.00"
2021-01-05,2021010503011550,GLICL,35,39,10,618.00,"6,180.00"
2021-01-05,2021010503011549,GLICL,51,39,50,618.00,"30,900.00"
2021-01-05,2021010503011548,GLICL,29,39,200,618.00,"123,600.00"
2021-01-05,2021010503011547,GLICL,46,39,100,618.00,"61,800.00"
2021-01-05,2021010503011546,GLICL,47,39,100,618.00,"61,800.00"
2021-01-05,2021010503011320,GLICL,57,6,100,618.00,"61,800.00"
2021-01-05,2021010503011319,GLICL,8,6,200,618.00,"123,600.00"
2021-01-05,2021010503011283,GLICL,17,35,337,618.00,"208,266.00"
2021-01-05,2021010503011545,GLICL,52,39,20,619.00,"12,380.00"
2021-01-05,2021010503011544,GLICL,58,39,10,619.00,"6,190.00"
2021-01-05,2021010503011543,GLICL,16,39,25,619.00,"15,475.00"
2021-01-05,2021010503011506,GLICL,16,26,15,619.00,"9,285.00"
2021-01-05,2021010503011396,GLICL,16,47,169,619.00,"104,611.00"
2021-01-05,2021010503011321,GLICL,52,6,50,618.00,"30,900.00"
2021-01-05,2021010503011735,GMFBS,44,21,40,"1,100.00","44,000.00"
2021-01-05,2021010503011654,GMFBS,44,35,10,"1,100.00","11,000.00"
2021-01-05,2021010503011617,GMFBS,44,21,10,"1,096.00","10,960.00"
2021-01-05,2021010503011299,GMFBS,11,35,10,"1,100.00","11,000.00"
2021-01-05,2021010503011307,GRDBL,14,34,545,147.00,"80,115.00"
2021-01-05,2021010503011663,GUFL,42,6,100,205.00,"20,500.00"
2021-01-05,2021010503011471,GUFL,43,43,431,204.00,"87,924.00"
2021-01-05,2021010503011470,GUFL,42,43,69,204.00,"14,076.00"
2021-01-05,2021010503011689,HIDCL,40,44,31,266.00,"8,246.00"
2021-01-05,2021010503011630,HIDCL,14,34,100,268.00,"26,800.00"
2021-01-05,2021010503011629,HIDCL,14,39,61,268.00,"16,348.00"
2021-01-05,2021010503011405,HIDCL,11,34,50,270.00,"13,500.00"
2021-01-05,2021010503011380,HIDCL,39,34,300,270.00,"81,000.00"
2021-01-05,2021010503011359,HIDCL,55,25,99,269.00,"26,631.00"
2021-01-05,2021010503011358,HIDCL,54,25,401,269.00,"107,869.00"
2021-01-05,2021010503011356,HIDCL,54,50,20,269.00,"5,380.00"
2021-01-05,2021010503011274,HIDCL,54,39,31,269.00,"8,339.00"
2021-01-05,2021010503011693,ICFC,44,42,34,262.00,"8,908.00"
2021-01-05,2021010503011692,ICFC,49,42,"1,949",262.00,"510,638.00"
2021-01-05,2021010503011691,ICFC,25,42,17,263.00,"4,471.00"
2021-01-05,2021010503011722,ILBS,3,39,11,"1,036.00","11,396.00"
2021-01-05,2021010503011372,ILBS,3,21,11,"1,034.00","11,374.00"
2021-01-05,2021010503011291,ILBS,3,33,11,"1,035.00","11,385.00"
2021-01-05,2021010503011728,JBBL,13,51,105,230.00,"24,150.00"
2021-01-05,2021010503011727,JBBL,52,51,100,230.00,"23,000.00"
2021-01-05,2021010503011726,JBBL,6,51,100,230.00,"23,000.00"
2021-01-05,2021010503011725,JBBL,22,51,50,230.00,"11,500.00"
2021-01-05,2021010503011724,JBBL,55,51,145,230.00,"33,350.00"
2021-01-05,2021010503011684,JBBL,55,35,10,230.00,"2,300.00"
2021-01-05,2021010503011475,JBBL,49,36,50,231.00,"11,550.00"
2021-01-05,2021010503011437,JBBL,55,50,34,230.00,"7,820.00"
2021-01-05,2021010503011384,JBBL,49,36,500,231.00,"115,500.00"
2021-01-05,2021010503011346,JBBL,55,4,311,230.00,"71,530.00"
2021-01-05,2021010503011345,JBBL,1,4,129,230.00,"29,670.00"
2021-01-05,2021010503011276,JBBL,1,1,100,230.00,"23,000.00"
2021-01-05,2021010503011398,JFL,6,18,100,258.00,"25,800.00"
2021-01-05,2021010503011397,JFL,6,5,50,258.00,"12,900.00"
2021-01-05,2021010503011764,JSLBB,49,42,100,"1,960.00","196,000.00"
2021-01-05,2021010503011652,JSLBB,3,49,20,"1,981.00","39,620.00"
2021-01-05,2021010503011651,JSLBB,3,8,10,"1,981.00","19,810.00"
2021-01-05,2021010503011650,JSLBB,3,40,40,"1,981.00","79,240.00"
2021-01-05,2021010503011649,JSLBB,3,58,50,"1,981.00","99,050.00"
2021-01-05,2021010503011648,JSLBB,3,28,80,"1,981.00","158,480.00"
2021-01-05,2021010503011512,JSLBB,26,21,50,"1,948.00","97,400.00"
2021-01-05,2021010503011511,JSLBB,26,43,20,"1,940.00","38,800.00"
2021-01-05,2021010503011571,JSLBB,58,29,100,"1,954.00","195,400.00"
2021-01-05,2021010503011570,JSLBB,58,55,10,"1,950.00","19,500.00"
2021-01-05,2021010503011569,JSLBB,58,25,160,"1,950.00","312,000.00"
2021-01-05,2021010503011568,JSLBB,58,13,16,"1,949.00","31,184.00"
2021-01-05,2021010503011514,JSLBB,26,13,100,"1,949.00","194,900.00"
2021-01-05,2021010503011513,JSLBB,26,53,50,"1,949.00","97,450.00"
2021-01-05,2021010503011577,JSLBB,58,44,100,"1,970.00","197,000.00"
2021-01-05,2021010503011576,JSLBB,58,49,100,"1,965.00","196,500.00"
2021-01-05,2021010503011575,JSLBB,58,49,100,"1,965.00","196,500.00"
2021-01-05,2021010503011574,JSLBB,58,25,10,"1,960.00","19,600.00"
2021-01-05,2021010503011573,JSLBB,58,49,50,"1,958.00","97,900.00"
2021-01-05,2021010503011572,JSLBB,58,53,30,"1,955.00","58,650.00"
2021-01-05,2021010503011583,JSLBB,58,34,40,"1,976.00","79,040.00"
2021-01-05,2021010503011582,JSLBB,58,7,100,"1,976.00","197,600.00"
2021-01-05,2021010503011581,JSLBB,58,3,75,"1,976.00","148,200.00"
2021-01-05,2021010503011580,JSLBB,58,49,175,"1,975.00","345,625.00"
2021-01-05,2021010503011579,JSLBB,58,41,122,"1,975.00","240,950.00"
2021-01-05,2021010503011578,JSLBB,58,26,22,"1,970.00","43,340.00"
2021-01-05,2021010503011589,JSLBB,58,28,20,"1,981.00","39,620.00"
2021-01-05,2021010503011588,JSLBB,58,34,30,"1,981.00","59,430.00"
2021-01-05,2021010503011587,JSLBB,58,7,100,"1,980.00","198,000.00"
2021-01-05,2021010503011586,JSLBB,58,11,20,"1,980.00","39,600.00"
2021-01-05,2021010503011585,JSLBB,58,26,10,"1,980.00","19,800.00"
2021-01-05,2021010503011584,JSLBB,58,25,10,"1,977.00","19,770.00"
2021-01-05,2021010503011695,KMCDB,51,41,100,873.00,"87,300.00"
2021-01-05,2021010503011449,KMCDB,51,38,10,873.00,"8,730.00"
2021-01-05,2021010503011344,KMCDB,58,38,10,872.00,"8,720.00"
2021-01-05,2021010503011492,KSBBL,50,50,37,216.00,"7,992.00"
2021-01-05,2021010503011666,LBBL,34,17,444,205.00,"91,020.00"
2021-01-05,2021010503011665,LBBL,42,17,128,205.00,"26,240.00"
2021-01-05,2021010503011664,LBBL,6,17,28,206.00,"5,768.00"
2021-01-05,2021010503011487,LBBL,37,28,184,206.00,"37,904.00"
2021-01-05,2021010503011422,LBBL,37,5,100,206.00,"20,600.00"
2021-01-05,2021010503011703,LEMF,17,35,"28,000",9.95,"278,600.00"
2021-01-05,2021010503011688,LICN,43,47,50,"1,979.00","98,950.00"
2021-01-05,2021010503011687,LICN,6,47,50,"1,980.00","99,000.00"
2021-01-05,2021010503011556,LICN,6,40,50,"1,988.00","99,400.00"
2021-01-05,2021010503011500,LUK,1,49,300,9.35,"2,805.00"
2021-01-05,2021010503011498,LUK,49,54,100,9.40,940.00
2021-01-05,2021010503011522,MLBL,17,50,23,240.00,"5,520.00"
2021-01-05,2021010503011504,MLBL,17,16,23,240.00,"5,520.00"
2021-01-05,2021010503011503,MLBL,17,51,500,240.00,"120,000.00"
2021-01-05,2021010503011502,MLBL,17,59,34,240.00,"8,160.00"
2021-01-05,2021010503011411,MLBL,54,11,94,239.00,"22,466.00"
2021-01-05,2021010503011739,MMFDB,45,38,854,"1,112.00","949,648.00"
2021-01-05,2021010503011413,MMFDB,45,38,146,"1,112.00","162,352.00"
2021-01-05,2021010503011412,MMFDB,45,38,640,"1,112.00","711,680.00"
2021-01-05,2021010503011348,MNBBL,48,17,43,345.00,"14,835.00"
2021-01-05,2021010503011347,MNBBL,51,17,10,347.00,"3,470.00"
2021-01-05,2021010503011743,MSLB,1,28,100,"1,535.00","153,500.00"
2021-01-05,2021010503011440,NEF,58,21,"1,448",10.16,"14,711.68"
2021-01-05,2021010503011373,NEF,58,19,483,10.16,"4,907.28"
2021-01-05,2021010503011501,NFS,51,34,60,215.00,"12,900.00"
2021-01-05,2021010503011303,NFS,51,46,40,215.00,"8,600.00"
2021-01-05,2021010503011302,NFS,7,46,60,216.00,"12,960.00"
2021-01-05,2021010503011524,NICGF,10,21,200,10.41,"2,082.00"
2021-01-05,2021010503011686,NLBBL,40,48,30,"1,115.00","33,450.00"
2021-01-05,2021010503011352,NLBBL,40,38,13,"1,115.00","14,495.00"
2021-01-05,2021010503011749,NLIC,1,17,10,"2,388.00","23,880.00"
2021-01-05,2021010503011748,NLIC,41,17,10,"2,388.00","23,880.00"
2021-01-05,2021010503011747,NLIC,6,17,500,"2,388.00","1,194,000.00"
2021-01-05,2021010503011746,NLIC,42,17,"2,206","2,388.00","5,267,928.00"
2021-01-05,2021010503011745,NLIC,49,17,100,"2,389.00","238,900.00"
2021-01-05,2021010503011744,NLIC,55,17,293,"2,389.00","699,977.00"
2021-01-05,2021010503011391,NLIC,35,58,64,"2,392.00","153,088.00"
2021-01-05,2021010503011349,NLIC,35,43,36,"2,392.00","86,112.00"
2021-01-05,2021010503011333,NLIC,35,39,22,"2,392.00","52,624.00"
2021-01-05,2021010503011430,NLIC,42,36,33,"2,392.00","78,936.00"
2021-01-05,2021010503011408,NLIC,21,42,75,"2,391.00","179,325.00"
2021-01-05,2021010503011406,NLIC,21,58,20,"2,391.00","47,820.00"
2021-01-05,2021010503011394,NLIC,45,58,6,"2,391.00","14,346.00"
2021-01-05,2021010503011393,NLIC,57,58,30,"2,391.00","71,730.00"
2021-01-05,2021010503011392,NLIC,6,58,100,"2,391.00","239,100.00"
2021-01-05,2021010503011436,NLIC,28,36,10,"2,390.00","23,900.00"
2021-01-05,2021010503011435,NLIC,43,36,20,"2,390.00","47,800.00"
2021-01-05,2021010503011434,NLIC,50,36,100,"2,390.00","239,000.00"
2021-01-05,2021010503011433,NLIC,53,36,22,"2,390.00","52,580.00"
2021-01-05,2021010503011432,NLIC,21,36,205,"2,391.00","490,155.00"
2021-01-05,2021010503011431,NLIC,58,36,10,"2,392.00","23,920.00"
2021-01-05,2021010503011458,NLIC,25,34,22,"2,390.00","52,580.00"
2021-01-05,2021010503011457,NLIC,52,34,25,"2,390.00","59,750.00"
2021-01-05,2021010503011456,NLIC,57,34,60,"2,390.00","143,400.00"
2021-01-05,2021010503011455,NLIC,6,34,10,"2,390.00","23,900.00"
2021-01-05,2021010503011454,NLIC,32,34,100,"2,390.00","239,000.00"
2021-01-05,2021010503011453,NLIC,28,34,50,"2,390.00","119,500.00"
2021-01-05,2021010503011521,NLIC,11,56,303,"2,389.00","723,867.00"
2021-01-05,2021010503011478,NLIC,13,34,100,"2,390.00","239,000.00"
2021-01-05,2021010503011464,NLIC,35,34,500,"2,390.00","1,195,000.00"
2021-01-05,2021010503011461,NLIC,58,34,40,"2,390.00","95,600.00"
2021-01-05,2021010503011460,NLIC,14,34,11,"2,390.00","26,290.00"
2021-01-05,2021010503011459,NLIC,43,34,50,"2,390.00","119,500.00"
2021-01-05,2021010503011636,NLIC,8,17,50,"2,389.00","119,450.00"
2021-01-05,2021010503011627,NLIC,42,19,280,"2,388.00","668,640.00"
2021-01-05,2021010503011603,NLIC,42,26,400,"2,388.00","955,200.00"
2021-01-05,2021010503011565,NLIC,51,17,205,"2,389.00","489,745.00"
2021-01-05,2021010503011564,NLIC,51,10,95,"2,389.00","226,955.00"
2021-01-05,2021010503011523,NLIC,11,10,197,"2,389.00","470,633.00"
2021-01-05,2021010503011730,NLIC,55,5,30,"2,389.00","71,670.00"
2021-01-05,2021010503011707,NLIC,55,34,32,"2,389.00","76,448.00"
2021-01-05,2021010503011698,NLIC,55,17,145,"2,389.00","346,405.00"
2021-01-05,2021010503011697,NLIC,21,17,300,"2,389.00","716,700.00"
2021-01-05,2021010503011678,NLIC,42,50,40,"2,388.00","95,520.00"
2021-01-05,2021010503011655,NLIC,42,39,22,"2,388.00","52,536.00"
2021-01-05,2021010503011738,NLICL,48,42,832,"1,134.00","943,488.00"
2021-01-05,2021010503011737,NLICL,46,42,100,"1,134.00","113,400.00"
2021-01-05,2021010503011736,NLICL,33,42,68,"1,134.00","77,112.00"
2021-01-05,2021010503011732,NLICL,58,57,226,"1,135.00","256,510.00"
2021-01-05,2021010503011731,NLICL,58,47,20,"1,135.00","22,700.00"
2021-01-05,2021010503011628,NLICL,6,47,200,"1,135.00","227,000.00"
2021-01-05,2021010503011366,NLICL,16,47,80,"1,135.00","90,800.00"
2021-01-05,2021010503011343,NLICL,33,22,50,"1,134.00","56,700.00"
2021-01-05,2021010503011341,NLICL,33,16,32,"1,134.00","36,288.00"
2021-01-05,2021010503011310,NLICL,7,16,18,"1,134.00","20,412.00"
2021-01-05,2021010503011309,NLICL,7,33,32,"1,133.00","36,256.00"
2021-01-05,2021010503011351,NMB50,53,50,"1,500",10.36,"15,540.00"
2021-01-05,2021010503011350,NMB50,53,43,200,10.36,"2,072.00"
2021-01-05,2021010503011602,NMBMF,26,42,59,968.00,"57,112.00"
2021-01-05,2021010503011601,NMBMF,1,42,10,969.00,"9,690.00"
2021-01-05,2021010503011600,NMBMF,35,42,81,969.00,"78,489.00"
2021-01-05,2021010503011467,NMBMF,17,21,20,973.00,"19,460.00"
2021-01-05,2021010503011421,NMBMF,26,21,41,970.00,"39,770.00"
2021-01-05,2021010503011420,NMBMF,21,21,50,970.00,"48,500.00"
2021-01-05,2021010503011331,NMBMF,13,14,425,973.00,"413,525.00"
2021-01-05,2021010503011330,NMBMF,1,14,575,975.00,"560,625.00"
2021-01-05,2021010503011419,NMBMF,33,21,20,970.00,"19,400.00"
2021-01-05,2021010503011418,NMBMF,43,21,100,970.00,"97,000.00"
2021-01-05,2021010503011417,NMBMF,39,21,18,971.00,"17,478.00"
2021-01-05,2021010503011416,NMBMF,39,21,18,971.00,"17,478.00"
2021-01-05,2021010503011415,NMBMF,6,21,78,972.00,"75,816.00"
2021-01-05,2021010503011414,NMBMF,13,21,75,973.00,"72,975.00"
2021-01-05,2021010503011708,NMFBS,33,26,100,"2,231.00","223,100.00"
2021-01-05,2021010503011694,NMFBS,47,22,24,"2,231.00","53,544.00"
2021-01-05,2021010503011761,NRIC,22,55,10,"1,533.00","15,330.00"
2021-01-05,2021010503011760,NRIC,22,55,10,"1,533.00","15,330.00"
2021-01-05,2021010503011759,NRIC,25,55,20,"1,533.00","30,660.00"
2021-01-05,2021010503011758,NRIC,1,55,200,"1,533.00","306,600.00"
2021-01-05,2021010503011757,NRIC,46,55,330,"1,533.00","505,890.00"
2021-01-05,2021010503011751,NRIC,34,39,40,"1,534.00","61,360.00"
2021-01-05,2021010503011295,NRIC,11,57,35,"1,536.00","53,760.00"
2021-01-05,2021010503011294,NRIC,37,57,15,"1,536.00","23,040.00"
2021-01-05,2021010503011284,NRIC,22,3,200,"1,540.00","308,000.00"
2021-01-05,2021010503011339,NRIC,17,55,90,"1,536.00","138,240.00"
2021-01-05,2021010503011338,NRIC,4,55,130,"1,536.00","199,680.00"
2021-01-05,2021010503011337,NRIC,11,55,445,"1,536.00","683,520.00"
2021-01-05,2021010503011336,NRIC,25,55,250,"1,536.00","384,000.00"
2021-01-05,2021010503011297,NRIC,11,59,10,"1,536.00","15,360.00"
2021-01-05,2021010503011296,NRIC,11,8,40,"1,536.00","61,440.00"
2021-01-05,2021010503011410,NRIC,52,57,30,"1,536.00","46,080.00"
2021-01-05,2021010503011409,NRIC,42,57,10,"1,537.00","15,370.00"
2021-01-05,2021010503011370,NRIC,34,55,30,"1,537.00","46,110.00"
2021-01-05,2021010503011369,NRIC,34,49,30,"1,537.00","46,110.00"
2021-01-05,2021010503011362,NRIC,34,21,40,"1,537.00","61,480.00"
2021-01-05,2021010503011340,NRIC,5,56,40,"1,540.00","61,600.00"
2021-01-05,2021010503011428,NRIC,36,3,239,"1,535.00","366,865.00"
2021-01-05,2021010503011427,NRIC,26,3,30,"1,536.00","46,080.00"
2021-01-05,2021010503011426,NRIC,57,3,10,"1,536.00","15,360.00"
2021-01-05,2021010503011425,NRIC,50,3,300,"1,536.00","460,800.00"
2021-01-05,2021010503011424,NRIC,46,3,200,"1,536.00","307,200.00"
2021-01-05,2021010503011423,NRIC,52,3,70,"1,536.00","107,520.00"
2021-01-05,2021010503011445,NRIC,55,54,20,"1,535.00","30,700.00"
2021-01-05,2021010503011444,NRIC,21,54,100,"1,535.00","153,500.00"
2021-01-05,2021010503011443,NRIC,13,54,100,"1,535.00","153,500.00"
2021-01-05,2021010503011442,NRIC,21,54,20,"1,535.00","30,700.00"
2021-01-05,2021010503011441,NRIC,38,54,107,"1,535.00","164,245.00"
2021-01-05,2021010503011429,NRIC,38,3,293,"1,535.00","449,755.00"
2021-01-05,2021010503011495,NRIC,34,54,40,"1,535.00","61,400.00"
2021-01-05,2021010503011494,NRIC,34,11,10,"1,534.00","15,340.00"
2021-01-05,2021010503011481,NRIC,1,55,990,"1,534.00","1,518,660.00"
2021-01-05,2021010503011448,NRIC,50,54,300,"1,535.00","460,500.00"
2021-01-05,2021010503011447,NRIC,34,54,100,"1,535.00","153,500.00"
2021-01-05,2021010503011446,NRIC,34,54,50,"1,535.00","76,750.00"
2021-01-05,2021010503011540,NRIC,59,54,100,"1,535.00","153,500.00"
2021-01-05,2021010503011538,NRIC,42,54,200,"1,535.00","307,000.00"
2021-01-05,2021010503011534,NRIC,34,36,50,"1,534.00","76,700.00"
2021-01-05,2021010503011517,NRIC,34,39,50,"1,534.00","76,700.00"
2021-01-05,2021010503011499,NRIC,46,21,30,"1,533.00","45,990.00"
2021-01-05,2021010503011496,NRIC,46,57,40,"1,533.00","61,320.00"
2021-01-05,2021010503011676,NRIC,38,55,400,"1,534.00","613,600.00"
2021-01-05,2021010503011662,NRIC,34,54,25,"1,535.00","38,375.00"
2021-01-05,2021010503011656,NRIC,16,54,100,"1,535.00","153,500.00"
2021-01-05,2021010503011641,NRIC,11,55,50,"1,534.00","76,700.00"
2021-01-05,2021010503011620,NRIC,51,55,30,"1,534.00","46,020.00"
2021-01-05,2021010503011563,NRIC,17,58,40,"1,534.00","61,360.00"
2021-01-05,2021010503011750,NRIC,34,11,40,"1,534.00","61,360.00"
2021-01-05,2021010503011721,NRIC,46,40,50,"1,533.00","76,650.00"
2021-01-05,2021010503011720,NRIC,46,57,40,"1,533.00","61,320.00"
2021-01-05,2021010503011690,NRIC,46,11,10,"1,533.00","15,330.00"
2021-01-05,2021010503011683,NRIC,34,54,50,"1,535.00","76,750.00"
2021-01-05,2021010503011680,NRIC,34,54,50,"1,535.00","76,750.00"
2021-01-05,2021010503011668,NRN,47,38,10,361.00,"3,610.00"
2021-01-05,2021010503011616,NRN,13,38,10,362.00,"3,620.00"
2021-01-05,2021010503011615,NRN,13,59,10,362.00,"3,620.00"
2021-01-05,2021010503011614,NRN,13,52,10,362.00,"3,620.00"
2021-01-05,2021010503011541,NRN,47,19,10,361.00,"3,610.00"
2021-01-05,2021010503011516,NRN,47,36,10,361.00,"3,610.00"
2021-01-05,2021010503011282,NRN,6,3,10,361.00,"3,610.00"
2021-01-05,2021010503011304,NRN,47,57,10,361.00,"3,610.00"
2021-01-05,2021010503011300,NRN,47,57,10,361.00,"3,610.00"
2021-01-05,2021010503011298,NRN,47,49,10,361.00,"3,610.00"
2021-01-05,2021010503011289,NRN,47,21,30,361.00,"10,830.00"
2021-01-05,2021010503011288,NRN,6,21,20,361.00,"7,220.00"
2021-01-05,2021010503011286,NRN,6,19,10,361.00,"3,610.00"
2021-01-05,2021010503011515,NRN,47,32,10,361.00,"3,610.00"
2021-01-05,2021010503011485,NRN,47,58,10,361.00,"3,610.00"
2021-01-05,2021010503011395,NRN,47,19,10,361.00,"3,610.00"
2021-01-05,2021010503011389,NRN,47,49,10,361.00,"3,610.00"
2021-01-05,2021010503011363,NRN,47,36,10,361.00,"3,610.00"
2021-01-05,2021010503011305,NRN,47,59,10,361.00,"3,610.00"
2021-01-05,2021010503011755,NTC,49,48,10,"1,278.00","12,780.00"
2021-01-05,2021010503011754,NTC,49,48,272,"1,278.00","347,616.00"
2021-01-05,2021010503011741,NTC,42,48,10,"1,278.00","12,780.00"
2021-01-05,2021010503011709,NTC,52,48,100,"1,278.00","127,800.00"
2021-01-05,2021010503011674,NTC,52,48,50,"1,278.00","63,900.00"
2021-01-05,2021010503011658,NTC,43,48,11,"1,278.00","14,058.00"
2021-01-05,2021010503011474,NTC,13,33,100,"1,280.00","128,000.00"
2021-01-05,2021010503011473,NTC,38,33,20,"1,280.00","25,600.00"
2021-01-05,2021010503011452,NTC,38,40,80,"1,280.00","102,400.00"
2021-01-05,2021010503011451,NTC,38,40,200,"1,281.00","256,200.00"
2021-01-05,2021010503011450,NTC,50,40,20,"1,281.00","25,620.00"
2021-01-05,2021010503011335,NTC,57,3,200,"1,283.00","256,600.00"
2021-01-05,2021010503011624,NTC,38,58,48,"1,279.00","61,392.00"
2021-01-05,2021010503011598,NTC,5,33,200,"1,280.00","256,000.00"
2021-01-05,2021010503011593,NTC,38,54,145,"1,279.00","185,455.00"
2021-01-05,2021010503011592,NTC,49,54,100,"1,279.00","127,900.00"
2021-01-05,2021010503011591,NTC,57,54,230,"1,279.00","294,170.00"
2021-01-05,2021010503011590,NTC,49,54,25,"1,279.00","31,975.00"
2021-01-05,2021010503011647,NTC,25,48,100,"1,278.00","127,800.00"
2021-01-05,2021010503011646,NTC,25,48,50,"1,278.00","63,900.00"
2021-01-05,2021010503011645,NTC,38,48,50,"1,278.00","63,900.00"
2021-01-05,2021010503011644,NTC,37,48,"1,000","1,278.00","1,278,000.00"
2021-01-05,2021010503011643,NTC,38,48,50,"1,279.00","63,950.00"
2021-01-05,2021010503011642,NTC,38,48,307,"1,279.00","392,653.00"
2021-01-05,2021010503011566,NUBL,36,45,50,"1,335.00","66,750.00"
2021-01-05,2021010503011354,NUBL,47,17,20,"1,336.00","26,720.00"
2021-01-05,2021010503011469,PLIC,22,43,79,771.00,"60,909.00"
2021-01-05,2021010503011468,PLIC,38,43,421,772.00,"325,012.00"
2021-01-05,2021010503011387,PLIC,38,43,79,772.00,"60,988.00"
2021-01-05,2021010503011386,PLIC,38,43,219,772.00,"169,068.00"
2021-01-05,2021010503011673,RLFL,35,16,200,168.00,"33,600.00"
2021-01-05,2021010503011672,RLFL,36,16,20,168.00,"3,360.00"
2021-01-05,2021010503011671,RLFL,48,16,162,168.00,"27,216.00"
2021-01-05,2021010503011535,RLFL,48,1,44,168.00,"7,392.00"
2021-01-05,2021010503011292,RLFL,48,39,23,168.00,"3,864.00"
2021-01-05,2021010503011729,RLI,37,38,10,608.00,"6,080.00"
2021-01-05,2021010503011723,RLI,37,59,10,608.00,"6,080.00"
2021-01-05,2021010503011713,RLI,37,56,10,608.00,"6,080.00"
2021-01-05,2021010503011704,RLI,37,39,10,608.00,"6,080.00"
2021-01-05,2021010503011679,RLI,37,56,10,608.00,"6,080.00"
2021-01-05,2021010503011667,RLI,37,35,10,608.00,"6,080.00"
2021-01-05,2021010503011332,RLI,11,49,10,608.00,"6,080.00"
2021-01-05,2021010503011329,RLI,11,49,10,608.00,"6,080.00"
2021-01-05,2021010503011324,RLI,11,56,10,608.00,"6,080.00"
2021-01-05,2021010503011308,RLI,11,6,10,608.00,"6,080.00"
2021-01-05,2021010503011306,RLI,56,56,10,609.00,"6,090.00"
2021-01-05,2021010503011293,RLI,11,35,10,608.00,"6,080.00"
2021-01-05,2021010503011383,RLI,11,39,10,608.00,"6,080.00"
2021-01-05,2021010503011367,RLI,11,56,10,608.00,"6,080.00"
2021-01-05,2021010503011360,RLI,11,59,10,608.00,"6,080.00"
2021-01-05,2021010503011357,RLI,11,3,10,608.00,"6,080.00"
2021-01-05,2021010503011342,RLI,11,56,10,608.00,"6,080.00"
2021-01-05,2021010503011334,RLI,11,57,10,608.00,"6,080.00"
2021-01-05,2021010503011480,RLI,11,38,10,608.00,"6,080.00"
2021-01-05,2021010503011463,RLI,11,51,10,608.00,"6,080.00"
2021-01-05,2021010503011404,RLI,11,38,10,608.00,"6,080.00"
2021-01-05,2021010503011399,RLI,11,36,10,608.00,"6,080.00"
2021-01-05,2021010503011390,RLI,11,56,10,608.00,"6,080.00"
2021-01-05,2021010503011388,RLI,11,35,10,608.00,"6,080.00"
2021-01-05,2021010503011526,RLI,17,56,10,609.00,"6,090.00"
2021-01-05,2021010503011525,RLI,17,25,10,609.00,"6,090.00"
2021-01-05,2021010503011520,RLI,11,57,10,608.00,"6,080.00"
2021-01-05,2021010503011507,RLI,11,38,10,608.00,"6,080.00"
2021-01-05,2021010503011497,RLI,11,39,10,608.00,"6,080.00"
2021-01-05,2021010503011486,RLI,11,57,10,608.00,"6,080.00"
2021-01-05,2021010503011532,RLI,17,56,10,609.00,"6,090.00"
2021-01-05,2021010503011531,RLI,17,44,10,609.00,"6,090.00"
2021-01-05,2021010503011530,RLI,17,56,10,609.00,"6,090.00"
2021-01-05,2021010503011529,RLI,17,36,10,609.00,"6,090.00"
2021-01-05,2021010503011528,RLI,17,35,10,609.00,"6,090.00"
2021-01-05,2021010503011527,RLI,17,56,10,609.00,"6,090.00"
2021-01-05,2021010503011558,RLI,42,36,10,609.00,"6,090.00"
2021-01-05,2021010503011557,RLI,42,58,80,609.00,"48,720.00"
2021-01-05,2021010503011555,RLI,11,38,10,608.00,"6,080.00"
2021-01-05,2021010503011551,RLI,11,35,10,608.00,"6,080.00"
2021-01-05,2021010503011542,RLI,11,56,10,608.00,"6,080.00"
2021-01-05,2021010503011533,RLI,17,58,20,609.00,"12,180.00"
2021-01-05,2021010503011597,RLI,11,38,10,608.00,"6,080.00"
2021-01-05,2021010503011594,RLI,11,56,10,608.00,"6,080.00"
2021-01-05,2021010503011562,RLI,42,4,90,610.00,"54,900.00"
2021-01-05,2021010503011561,RLI,42,41,10,610.00,"6,100.00"
2021-01-05,2021010503011560,RLI,42,41,10,610.00,"6,100.00"
2021-01-05,2021010503011559,RLI,42,34,300,610.00,"183,000.00"
2021-01-05,2021010503011621,RLI,37,57,80,608.00,"48,640.00"
2021-01-05,2021010503011610,RLI,38,57,10,608.00,"6,080.00"
2021-01-05,2021010503011609,RLI,57,57,40,608.00,"24,320.00"
2021-01-05,2021010503011608,RLI,59,57,40,608.00,"24,320.00"
2021-01-05,2021010503011607,RLI,34,57,180,608.00,"109,440.00"
2021-01-05,2021010503011606,RLI,11,57,50,608.00,"30,400.00"
2021-01-05,2021010503011657,RLI,37,38,10,608.00,"6,080.00"
2021-01-05,2021010503011653,RLI,37,59,10,608.00,"6,080.00"
2021-01-05,2021010503011640,RLI,37,56,10,608.00,"6,080.00"
2021-01-05,2021010503011632,RLI,37,58,10,608.00,"6,080.00"
2021-01-05,2021010503011631,RLI,37,57,10,608.00,"6,080.00"
2021-01-05,2021010503011622,RLI,37,35,10,608.00,"6,080.00"
2021-01-05,2021010503011706,RMDC,10,7,45,"1,161.00","52,245.00"
2021-01-05,2021010503011705,RMDC,25,7,55,"1,161.00","63,855.00"
2021-01-05,2021010503011273,RMDC,25,14,720,"1,160.00","835,200.00"
2021-01-05,2021010503011272,RMDC,55,14,20,"1,160.00","23,200.00"
2021-01-05,2021010503011271,RMDC,47,14,100,"1,160.00","116,000.00"
2021-01-05,2021010503011270,RMDC,21,14,100,"1,160.00","116,000.00"
2021-01-05,2021010503011269,RMDC,26,14,100,"1,162.00","116,200.00"
2021-01-05,2021010503011268,RMDC,49,14,200,"1,162.00","232,400.00"
2021-01-05,2021010503011267,RMDC,26,14,30,"1,163.00","34,890.00"
2021-01-05,2021010503011266,RMDC,39,14,100,"1,165.00","116,500.00"
2021-01-05,2021010503011265,RMDC,17,14,100,"1,165.00","116,500.00"
2021-01-05,2021010503011670,RSDC,16,50,67,581.00,"38,927.00"
2021-01-05,2021010503011635,RSDC,16,18,100,581.00,"58,100.00"
2021-01-05,2021010503011490,RSDC,16,42,17,581.00,"9,877.00"
2021-01-05,2021010503011489,RSDC,29,42,50,582.00,"29,100.00"
2021-01-05,2021010503011355,RSDC,58,49,17,582.00,"9,894.00"
2021-01-05,2021010503011519,SABSL,44,58,11,"1,065.00","11,715.00"
2021-01-05,2021010503011518,SABSL,44,39,11,"1,065.00","11,715.00"
2021-01-05,2021010503011491,SABSL,1,44,11,"1,051.00","11,561.00"
2021-01-05,2021010503011466,SAPDBL,35,39,14,146.00,"2,044.00"
2021-01-05,2021010503011465,SAPDBL,45,39,29,146.00,"4,234.00"
2021-01-05,2021010503011477,SDLBSL,28,58,10,"1,016.00","10,160.00"
2021-01-05,2021010503011407,SDLBSL,28,36,10,"1,016.00","10,160.00"
2021-01-05,2021010503011371,SDLBSL,28,38,10,"1,016.00","10,160.00"
2021-01-05,2021010503011537,SFCL,39,35,187,130.00,"24,310.00"
2021-01-05,2021010503011536,SFCL,39,8,113,130.00,"14,690.00"
2021-01-05,2021010503011479,SFCL,22,44,100,129.00,"12,900.00"
2021-01-05,2021010503011701,SHINE,33,1,60,239.00,"14,340.00"
2021-01-05,2021010503011700,SHINE,33,1,500,239.00,"119,500.00"
2021-01-05,2021010503011699,SHINE,47,1,"1,500",240.00,"360,000.00"
2021-01-05,2021010503011361,SHINE,57,6,25,240.00,"6,000.00"
2021-01-05,2021010503011484,SKBBL,1,47,50,"1,445.00","72,250.00"
2021-01-05,2021010503011483,SKBBL,22,47,40,"1,445.00","57,800.00"
2021-01-05,2021010503011482,SKBBL,42,47,488,"1,445.00","705,160.00"
2021-01-05,2021010503011634,SLBBL,58,7,29,"1,098.00","31,842.00"
2021-01-05,2021010503011633,SLBBL,34,7,71,"1,098.00","77,958.00"
2021-01-05,2021010503011596,SLBBL,49,10,200,"1,099.00","219,800.00"
2021-01-05,2021010503011595,SLBBL,36,10,112,"1,099.00","123,088.00"
2021-01-05,2021010503011626,SLBS,40,13,16,"1,305.00","20,880.00"
2021-01-05,2021010503011625,SLBS,17,13,12,"1,306.00","15,672.00"
2021-01-05,2021010503011554,SLBSL,7,8,13,945.00,"12,285.00"
2021-01-05,2021010503011472,SLICL,41,16,500,688.00,"344,000.00"
2021-01-05,2021010503011493,SMFDB,54,10,100,940.00,"94,000.00"
2021-01-05,2021010503011285,SMFDB,47,41,32,940.00,"30,080.00"
2021-01-05,2021010503011368,SNLB,35,1,100,990.00,"99,000.00"
2021-01-05,2021010503011328,SNLB,21,22,44,992.00,"43,648.00"
2021-01-05,2021010503011327,SNLB,21,44,20,990.00,"19,800.00"
2021-01-05,2021010503011326,SNLB,21,45,16,990.00,"15,840.00"
2021-01-05,2021010503011325,SNLB,21,42,20,985.00,"19,700.00"
2021-01-05,2021010503011756,SWBBL,32,33,65,"1,669.00","108,485.00"
2021-01-05,2021010503011619,SWBBL,40,16,500,"1,665.00","832,500.00"
2021-01-05,2021010503011763,TRH,38,49,10,293.00,"2,930.00"
2021-01-05,2021010503011675,UFL,34,8,412,246.00,"101,352.00"
2021-01-05,2021010503011281,USLB,21,34,20,"1,300.00","26,000.00"
2021-01-05,2021010503011280,USLB,38,34,100,"1,300.00","130,000.00"
2021-01-05,2021010503011279,USLB,47,34,66,"1,301.00","85,866.00"
2021-01-05,2021010503011278,USLB,48,34,16,"1,302.00","20,832.00"
2021-01-05,2021010503011277,USLB,38,34,22,"1,303.00","28,666.00"
2021-01-05,2021010503011753,VLBS,21,29,88,"1,056.00","92,928.00"
2021-01-05,2021010503011752,VLBS,17,29,12,"1,057.00","12,684.00"
2021-01-05,2021010503011165,ALBSL,21,25,10,"1,142.00","11,420.00"
2021-01-05,2021010503011164,ALBSL,21,25,11,"1,142.00","12,562.00"
2021-01-05,2021010503011163,ALBSL,21,1,11,"1,142.00","12,562.00"
2021-01-05,2021010503011162,ALBSL,21,48,32,"1,142.00","36,544.00"
2021-01-05,2021010503011161,ALBSL,21,38,194,"1,142.00","221,548.00"
2021-01-05,2021010503011160,ALBSL,21,38,40,"1,141.00","45,640.00"
2021-01-05,2021010503011096,ALBSL,21,57,12,"1,134.00","13,608.00"
2021-01-05,2021010503010864,ALBSL,47,29,25,"1,123.00","28,075.00"
2021-01-05,2021010503010798,ALBSL,34,21,11,"1,120.00","12,320.00"
2021-01-05,2021010503011102,ALBSL,21,29,11,"1,137.00","12,507.00"
2021-01-05,2021010503011101,ALBSL,21,54,10,"1,136.00","11,360.00"
2021-01-05,2021010503011100,ALBSL,21,54,10,"1,136.00","11,360.00"
2021-01-05,2021010503011099,ALBSL,21,32,11,"1,135.00","12,485.00"
2021-01-05,2021010503011098,ALBSL,21,41,11,"1,135.00","12,485.00"
2021-01-05,2021010503011097,ALBSL,21,19,11,"1,135.00","12,485.00"
2021-01-05,2021010503011153,ALBSL,21,1,11,"1,140.00","12,540.00"
2021-01-05,2021010503011152,ALBSL,21,56,50,"1,140.00","57,000.00"
2021-01-05,2021010503011151,ALBSL,21,49,11,"1,140.00","12,540.00"
2021-01-05,2021010503011110,ALBSL,21,42,11,"1,139.00","12,529.00"
2021-01-05,2021010503011104,ALBSL,21,55,50,"1,139.00","56,950.00"
2021-01-05,2021010503011103,ALBSL,21,46,22,"1,139.00","25,058.00"
2021-01-05,2021010503011159,ALBSL,21,48,11,"1,140.00","12,540.00"
2021-01-05,2021010503011158,ALBSL,21,43,10,"1,140.00","11,400.00"
2021-01-05,2021010503011157,ALBSL,21,44,34,"1,140.00","38,760.00"
2021-01-05,2021010503011156,ALBSL,21,35,10,"1,140.00","11,400.00"
2021-01-05,2021010503011155,ALBSL,21,39,50,"1,140.00","57,000.00"
2021-01-05,2021010503011154,ALBSL,21,4,11,"1,140.00","12,540.00"
2021-01-05,2021010503010993,ALICL,48,49,66,945.00,"62,370.00"
2021-01-05,2021010503011253,BFC,40,21,20,138.00,"2,760.00"
2021-01-05,2021010503011252,BFC,59,21,10,138.00,"1,380.00"
2021-01-05,2021010503011251,BFC,46,21,20,138.00,"2,760.00"
2021-01-05,2021010503010945,CBBL,21,1,190,"1,190.00","226,100.00"
2021-01-05,2021010503010944,CBBL,21,47,200,"1,190.00","238,000.00"
2021-01-05,2021010503010943,CBBL,21,21,200,"1,189.00","237,800.00"
2021-01-05,2021010503010942,CBBL,21,49,10,"1,188.00","11,880.00"
2021-01-05,2021010503010873,CBBL,32,13,181,"1,185.00","214,485.00"
2021-01-05,2021010503010872,CBBL,52,13,10,"1,185.00","11,850.00"
2021-01-05,2021010503010871,CBBL,53,13,100,"1,185.00","118,500.00"
2021-01-05,2021010503010870,CBBL,33,13,50,"1,185.00","59,250.00"
2021-01-05,2021010503010869,CBBL,22,13,89,"1,185.00","105,465.00"
2021-01-05,2021010503010812,CBBL,22,51,211,"1,185.00","250,035.00"
2021-01-05,2021010503010811,CBBL,37,51,30,"1,185.00","35,550.00"
2021-01-05,2021010503010810,CBBL,41,51,40,"1,186.00","47,440.00"
2021-01-05,2021010503011236,CIT,26,13,50,"3,384.00","169,200.00"
2021-01-05,2021010503010937,CIT,6,7,12,"3,386.00","40,632.00"
2021-01-05,2021010503010916,CIT,26,7,10,"3,386.00","33,860.00"
2021-01-05,2021010503010895,CIT,6,38,17,"3,385.00","57,545.00"
2021-01-05,2021010503010887,CIT,49,38,10,"3,383.00","33,830.00"
2021-01-05,2021010503010886,CIT,16,38,25,"3,383.00","84,575.00"
2021-01-05,2021010503010790,CIT,6,7,10,"3,386.00","33,860.00"
2021-01-05,2021010503010789,CIT,47,7,18,"3,386.00","60,948.00"
2021-01-05,2021010503010788,CIT,37,7,10,"3,386.00","33,860.00"
2021-01-05,2021010503010787,CIT,21,7,40,"3,386.00","135,440.00"
2021-01-05,2021010503010836,CIT,43,38,20,"3,385.00","67,700.00"
2021-01-05,2021010503010835,CIT,16,38,58,"3,385.00","196,330.00"
2021-01-05,2021010503010834,CIT,33,38,10,"3,385.00","33,850.00"
2021-01-05,2021010503010833,CIT,41,38,10,"3,385.00","33,850.00"
2021-01-05,2021010503010832,CIT,29,38,50,"3,385.00","169,250.00"
2021-01-05,2021010503010831,CIT,45,38,50,"3,385.00","169,250.00"
2021-01-05,2021010503010885,CIT,4,38,20,"3,383.00","67,660.00"
2021-01-05,2021010503010884,CIT,4,49,10,"3,383.00","33,830.00"
2021-01-05,2021010503010883,CIT,35,49,50,"3,383.00","169,150.00"
2021-01-05,2021010503010882,CIT,39,49,10,"3,383.00","33,830.00"
2021-01-05,2021010503010881,CIT,33,49,10,"3,383.00","33,830.00"
2021-01-05,2021010503010837,CIT,6,38,25,"3,385.00","84,625.00"
