Date,Transact. No.,Symbol,Buyer,Seller,Quantity,Rate,Amount
2020-03-18,2020031801015737,ADBL,14,59,14,374.00,"5,236.00"
2020-03-18,2020031801015736,ADBL,14,22,46,373.00,"17,158.00"
2020-03-18,2020031801015726,ADBL,49,7,20,369.00,"7,380.00"
2020-03-18,2020031801015625,ADBL,49,7,20,369.00,"7,380.00"
2020-03-18,2020031801015408,ADBL,34,14,416,369.00,"153,504.00"
2020-03-18,2020031801015553,ADBL,49,49,131,369.00,"48,339.00"
2020-03-18,2020031801015550,ADBL,49,4,100,369.00,"36,900.00"
2020-03-18,2020031801015548,ADBL,49,29,252,369.00,"92,988.00"
2020-03-18,2020031801015547,ADBL,39,29,100,369.00,"36,900.00"
2020-03-18,2020031801015546,ADBL,56,29,10,369.00,"3,690.00"
2020-03-18,2020031801015545,ADBL,34,29,"1,638",369.00,"604,422.00"
2020-03-18,2020031801015628,ALICL,38,6,50,470.00,"23,500.00"
2020-03-18,2020031801015604,ALICL,14,32,95,474.00,"45,030.00"
2020-03-18,2020031801015556,ALICL,38,52,818,470.00,"384,460.00"
2020-03-18,2020031801015555,ALICL,32,52,282,470.00,"132,540.00"
2020-03-18,2020031801015554,ALICL,57,52,100,471.00,"47,100.00"
2020-03-18,2020031801015448,ALICL,32,52,218,470.00,"102,460.00"
2020-03-18,2020031801015447,ALICL,14,52,200,471.00,"94,200.00"
2020-03-18,2020031801015446,ALICL,40,52,100,471.00,"47,100.00"
2020-03-18,2020031801015445,ALICL,1,52,50,471.00,"23,550.00"
2020-03-18,2020031801015444,ALICL,40,52,200,472.00,"94,400.00"
2020-03-18,2020031801015780,API,39,28,500,108.00,"54,000.00"
2020-03-18,2020031801015779,API,39,6,200,107.00,"21,400.00"
2020-03-18,2020031801015778,API,39,25,"2,000",106.00,"212,000.00"
2020-03-18,2020031801015777,API,39,45,500,106.00,"53,000.00"
2020-03-18,2020031801015776,API,39,10,"1,000",106.00,"106,000.00"
2020-03-18,2020031801015775,API,39,39,"4,000",105.00,"420,000.00"
2020-03-18,2020031801015299,API,43,39,25,103.00,"2,575.00"
2020-03-18,2020031801015305,API,52,39,500,102.00,"51,000.00"
2020-03-18,2020031801015304,API,59,39,"1,000",102.00,"102,000.00"
2020-03-18,2020031801015303,API,57,39,200,102.00,"20,400.00"
2020-03-18,2020031801015302,API,58,39,100,102.00,"10,200.00"
2020-03-18,2020031801015301,API,53,39,500,102.00,"51,000.00"
2020-03-18,2020031801015300,API,36,39,102,102.00,"10,404.00"
2020-03-18,2020031801015774,API,39,52,"2,000",105.00,"210,000.00"
2020-03-18,2020031801015773,API,39,25,50,104.00,"5,200.00"
2020-03-18,2020031801015370,API,25,39,"1,303",102.00,"132,906.00"
2020-03-18,2020031801015308,API,50,39,100,102.00,"10,200.00"
2020-03-18,2020031801015307,API,47,39,50,102.00,"5,100.00"
2020-03-18,2020031801015306,API,34,39,100,102.00,"10,200.00"
2020-03-18,2020031801015668,BBC,57,5,10,"1,591.00","15,910.00"
2020-03-18,2020031801015667,BBC,46,5,20,"1,592.00","31,840.00"
2020-03-18,2020031801015666,BBC,43,5,10,"1,593.00","15,930.00"
2020-03-18,2020031801015622,BNT,29,40,10,"6,600.00","66,000.00"
2020-03-18,2020031801015683,BOKL,50,4,100,222.00,"22,200.00"
2020-03-18,2020031801015609,BOKL,6,6,150,221.00,"33,150.00"
2020-03-18,2020031801015608,BOKL,21,6,50,221.00,"11,050.00"
2020-03-18,2020031801015394,BOKL,44,4,100,222.00,"22,200.00"
2020-03-18,2020031801015678,BPCL,14,1,197,318.00,"62,646.00"
2020-03-18,2020031801015677,BPCL,41,1,50,318.00,"15,900.00"
2020-03-18,2020031801015632,BPCL,46,1,253,319.00,"80,707.00"
2020-03-18,2020031801015505,BPCL,25,8,20,325.00,"6,500.00"
2020-03-18,2020031801015313,BPCL,25,1,100,321.00,"32,100.00"
2020-03-18,2020031801015312,BPCL,4,1,17,321.00,"5,457.00"
2020-03-18,2020031801015485,BPCL,46,25,75,319.00,"23,925.00"
2020-03-18,2020031801015484,BPCL,14,25,445,320.00,"142,400.00"
2020-03-18,2020031801015332,BPCL,14,1,55,320.00,"17,600.00"
2020-03-18,2020031801015316,BPCL,21,1,100,320.00,"32,000.00"
2020-03-18,2020031801015315,BPCL,42,1,50,320.00,"16,000.00"
2020-03-18,2020031801015314,BPCL,17,1,144,320.00,"46,080.00"
2020-03-18,2020031801015607,CBBL,33,42,37,965.00,"35,705.00"
2020-03-18,2020031801015346,CBL,49,14,499,139.00,"69,361.00"
2020-03-18,2020031801015345,CBL,49,48,"8,000",139.00,"1,112,000.00"
2020-03-18,2020031801015344,CBL,49,32,"2,900",139.00,"403,100.00"
2020-03-18,2020031801015343,CBL,49,1,500,139.00,"69,500.00"
2020-03-18,2020031801015342,CBL,49,54,100,138.00,"13,800.00"
2020-03-18,2020031801015341,CBL,49,17,"5,000",138.00,"690,000.00"
2020-03-18,2020031801015340,CBL,49,33,"1,900",138.00,"262,200.00"
2020-03-18,2020031801015339,CBL,49,36,865,137.00,"118,505.00"
2020-03-18,2020031801015338,CBL,49,56,"1,000",137.00,"137,000.00"
2020-03-18,2020031801015399,CCBL,49,22,135,157.00,"21,195.00"
2020-03-18,2020031801015318,CCBL,49,35,900,157.00,"141,300.00"
2020-03-18,2020031801015317,CCBL,21,35,100,157.00,"15,700.00"
2020-03-18,2020031801015421,CFCL,14,58,20,126.00,"2,520.00"
2020-03-18,2020031801015770,CIT,4,26,33,"2,434.00","80,322.00"
2020-03-18,2020031801015661,CIT,4,36,150,"2,434.00","365,100.00"
2020-03-18,2020031801015584,CIT,19,36,100,"2,435.00","243,500.00"
2020-03-18,2020031801015549,CIT,14,26,18,"2,436.00","43,848.00"
2020-03-18,2020031801015401,CIT,14,57,32,"2,432.00","77,824.00"
2020-03-18,2020031801015386,CIT,45,26,70,"2,436.00","170,520.00"
2020-03-18,2020031801015385,CIT,57,26,51,"2,437.00","124,287.00"
2020-03-18,2020031801015371,CIT,57,57,29,"2,437.00","70,673.00"
2020-03-18,2020031801015358,CIT,45,26,28,"2,440.00","68,320.00"
2020-03-18,2020031801015494,DDBL,4,37,190,751.00,"142,690.00"
2020-03-18,2020031801015526,DHPL,6,17,100,51.00,"5,100.00"
2020-03-18,2020031801015707,EBL,35,58,79,620.00,"48,980.00"
2020-03-18,2020031801015706,EBL,1,58,100,620.00,"62,000.00"
2020-03-18,2020031801015705,EBL,52,58,20,620.00,"12,400.00"
2020-03-18,2020031801015704,EBL,14,58,31,620.00,"19,220.00"
2020-03-18,2020031801015703,EBL,45,58,200,622.00,"124,400.00"
2020-03-18,2020031801015702,EBL,49,58,70,622.00,"43,540.00"
2020-03-18,2020031801015679,EBL,49,45,30,622.00,"18,660.00"
2020-03-18,2020031801015431,EBL,52,34,50,623.00,"31,150.00"
2020-03-18,2020031801015418,EBL,52,51,50,623.00,"31,150.00"
2020-03-18,2020031801015631,EDBL,35,44,20,367.00,"7,340.00"
2020-03-18,2020031801015594,EDBL,35,44,20,367.00,"7,340.00"
2020-03-18,2020031801015357,EDBL,4,39,271,364.00,"98,644.00"
2020-03-18,2020031801015356,EDBL,1,39,50,365.00,"18,250.00"
2020-03-18,2020031801015355,EDBL,39,39,10,365.00,"3,650.00"
2020-03-18,2020031801015354,EDBL,1,39,100,365.00,"36,500.00"
2020-03-18,2020031801015611,EIC,32,26,100,333.00,"33,300.00"
2020-03-18,2020031801015610,EIC,3,26,60,334.00,"20,040.00"
2020-03-18,2020031801015350,EIC,57,41,290,331.00,"95,990.00"
2020-03-18,2020031801015349,EIC,25,41,100,332.00,"33,200.00"
2020-03-18,2020031801015458,FMDBL,58,50,10,440.00,"4,400.00"
2020-03-18,2020031801015406,FOWAD,48,47,51,"1,353.00","69,003.00"
2020-03-18,2020031801015551,GBBL,55,5,269,219.00,"58,911.00"
2020-03-18,2020031801015327,GBBL,4,34,126,216.00,"27,216.00"
2020-03-18,2020031801015326,GBBL,4,34,50,216.00,"10,800.00"
2020-03-18,2020031801015325,GBBL,4,34,300,216.00,"64,800.00"
2020-03-18,2020031801015324,GBBL,4,34,200,216.00,"43,200.00"
2020-03-18,2020031801015323,GBBL,4,34,100,216.00,"21,600.00"
2020-03-18,2020031801015322,GBBL,4,34,100,216.00,"21,600.00"
2020-03-18,2020031801015321,GBBL,4,34,50,216.00,"10,800.00"
2020-03-18,2020031801015320,GBBL,4,34,74,216.00,"15,984.00"
2020-03-18,2020031801015771,GBIME,36,38,59,254.00,"14,986.00"
2020-03-18,2020031801015627,GBIME,36,17,400,254.00,"101,600.00"
2020-03-18,2020031801015626,GBIME,36,38,140,254.00,"35,560.00"
2020-03-18,2020031801015562,GBIME,14,38,160,254.00,"40,640.00"
2020-03-18,2020031801015561,GBIME,14,45,340,254.00,"86,360.00"
2020-03-18,2020031801015405,GBIME,59,45,50,254.00,"12,700.00"
2020-03-18,2020031801015347,GBIME,52,51,129,253.00,"32,637.00"
2020-03-18,2020031801015295,GBIME,52,33,300,253.00,"75,900.00"
2020-03-18,2020031801015459,GBLBS,44,33,700,407.00,"284,900.00"
2020-03-18,2020031801015353,GBLBS,44,39,450,407.00,"183,150.00"
2020-03-18,2020031801015352,GBLBS,21,39,50,408.00,"20,400.00"
2020-03-18,2020031801015619,GILB,48,40,30,"1,173.00","35,190.00"
2020-03-18,2020031801015618,GILB,48,45,100,"1,170.00","117,000.00"
2020-03-18,2020031801015577,GLBSL,43,57,10,591.00,"5,910.00"
2020-03-18,2020031801015425,GLBSL,43,32,10,603.00,"6,030.00"
2020-03-18,2020031801015719,GLICL,59,38,10,398.00,"3,980.00"
2020-03-18,2020031801015682,GLICL,8,7,150,392.00,"58,800.00"
2020-03-18,2020031801015523,GLICL,51,45,50,394.00,"19,700.00"
2020-03-18,2020031801015606,GUFL,33,5,"1,600",121.00,"193,600.00"
2020-03-18,2020031801015605,GUFL,33,57,80,120.00,"9,600.00"
2020-03-18,2020031801015686,HBL,59,35,20,512.00,"10,240.00"
2020-03-18,2020031801015753,HDL,6,45,20,"1,328.00","26,560.00"
2020-03-18,2020031801015752,HDL,6,45,20,"1,328.00","26,560.00"
2020-03-18,2020031801015744,HDL,54,58,50,"1,330.00","66,500.00"
2020-03-18,2020031801015735,HDL,42,58,50,"1,330.00","66,500.00"
2020-03-18,2020031801015660,HDL,42,58,10,"1,330.00","13,300.00"
2020-03-18,2020031801015659,HDL,54,58,50,"1,330.00","66,500.00"
2020-03-18,2020031801015658,HDL,41,58,75,"1,330.00","99,750.00"
2020-03-18,2020031801015649,HDL,28,34,125,"1,331.00","166,375.00"
2020-03-18,2020031801015616,HDL,50,45,20,"1,333.00","26,660.00"
2020-03-18,2020031801015602,HDL,50,45,80,"1,333.00","106,640.00"
2020-03-18,2020031801015601,HDL,43,45,20,"1,333.00","26,660.00"
2020-03-18,2020031801015415,HGI,58,32,200,329.00,"65,800.00"
2020-03-18,2020031801015691,ICFC,35,25,"1,000",164.00,"164,000.00"
2020-03-18,2020031801015690,ICFC,10,25,500,164.00,"82,000.00"
2020-03-18,2020031801015617,ICFC,29,59,500,167.00,"83,500.00"
2020-03-18,2020031801015503,IGI,14,52,150,353.00,"52,950.00"
2020-03-18,2020031801015502,IGI,29,52,100,353.00,"35,300.00"
2020-03-18,2020031801015501,IGI,29,52,100,353.00,"35,300.00"
2020-03-18,2020031801015373,ILBS,49,49,70,662.00,"46,340.00"
2020-03-18,2020031801015543,KBL,49,58,100,184.00,"18,400.00"
2020-03-18,2020031801015530,KBL,46,58,510,184.00,"93,840.00"
2020-03-18,2020031801015487,KBL,46,45,50,184.00,"9,200.00"
2020-03-18,2020031801015486,KBL,46,49,40,184.00,"7,360.00"
2020-03-18,2020031801015469,KBL,8,33,221,182.00,"40,222.00"
2020-03-18,2020031801015468,KBL,48,33,300,182.00,"54,600.00"
2020-03-18,2020031801015461,KBL,48,33,239,183.00,"43,737.00"
2020-03-18,2020031801015404,KBL,48,17,300,183.00,"54,900.00"
2020-03-18,2020031801015281,KBL,48,51,168,183.00,"30,744.00"
2020-03-18,2020031801015467,KBL,54,33,30,182.00,"5,460.00"
2020-03-18,2020031801015466,KBL,45,33,300,182.00,"54,600.00"
2020-03-18,2020031801015465,KBL,38,33,100,182.00,"18,200.00"
2020-03-18,2020031801015464,KBL,42,33,300,182.00,"54,600.00"
2020-03-18,2020031801015463,KBL,34,33,10,182.00,"1,820.00"
2020-03-18,2020031801015462,KBL,32,33,100,183.00,"18,300.00"
2020-03-18,2020031801015734,KMCDB,35,14,10,715.00,"7,150.00"
2020-03-18,2020031801015692,KMCDB,7,14,10,714.00,"7,140.00"
2020-03-18,2020031801015758,KPCL,25,1,10,104.00,"1,040.00"
2020-03-18,2020031801015757,KPCL,25,7,10,102.00,"1,020.00"
2020-03-18,2020031801015756,KPCL,25,44,10,98.00,980.00
2020-03-18,2020031801015653,LBL,26,22,100,205.00,"20,500.00"
2020-03-18,2020031801015590,LBL,45,35,234,204.00,"47,736.00"
2020-03-18,2020031801015500,LBL,6,6,255,205.00,"52,275.00"
2020-03-18,2020031801015443,LBL,45,13,210,204.00,"42,840.00"
2020-03-18,2020031801015442,LBL,34,13,500,204.00,"102,000.00"
2020-03-18,2020031801015441,LBL,41,13,80,204.00,"16,320.00"
2020-03-18,2020031801015360,LBL,22,13,10,205.00,"2,050.00"
2020-03-18,2020031801015359,LBL,43,13,"1,000",205.00,"205,000.00"
2020-03-18,2020031801015365,LGIL,57,32,250,394.00,"98,500.00"
2020-03-18,2020031801015364,LGIL,44,32,250,394.00,"98,500.00"
2020-03-18,2020031801015363,LGIL,25,32,61,394.00,"24,034.00"
2020-03-18,2020031801015362,LGIL,10,32,50,396.00,"19,800.00"
2020-03-18,2020031801015711,LLBS,51,57,11,970.00,"10,670.00"
2020-03-18,2020031801015710,MBL,34,34,105,217.00,"22,785.00"
2020-03-18,2020031801015570,MDB,4,52,50,328.00,"16,400.00"
2020-03-18,2020031801015569,MDB,4,52,50,328.00,"16,400.00"
2020-03-18,2020031801015568,MDB,4,52,100,328.00,"32,800.00"
2020-03-18,2020031801015567,MDB,4,52,50,328.00,"16,400.00"
2020-03-18,2020031801015566,MDB,4,52,50,328.00,"16,400.00"
2020-03-18,2020031801015565,MDB,4,52,50,328.00,"16,400.00"
2020-03-18,2020031801015564,MDB,25,52,10,331.00,"3,310.00"
2020-03-18,2020031801015765,MEGA,43,34,10,203.00,"2,030.00"
2020-03-18,2020031801015725,MEGA,32,22,41,202.00,"8,282.00"
2020-03-18,2020031801015651,MEGA,32,34,351,202.00,"70,902.00"
2020-03-18,2020031801015452,MEGA,43,34,10,203.00,"2,030.00"
2020-03-18,2020031801015333,MEGA,44,34,100,203.00,"20,300.00"
2020-03-18,2020031801015488,MERO,32,25,31,540.00,"16,740.00"
2020-03-18,2020031801015328,MERO,32,49,22,540.00,"11,880.00"
2020-03-18,2020031801015598,MFIL,43,43,10,259.00,"2,590.00"
2020-03-18,2020031801015388,MFIL,32,45,"1,900",255.00,"484,500.00"
2020-03-18,2020031801015387,MFIL,45,45,100,255.00,"25,500.00"
2020-03-18,2020031801015694,MNBBL,58,53,150,298.00,"44,700.00"
2020-03-18,2020031801015693,MNBBL,58,13,100,297.00,"29,700.00"
2020-03-18,2020031801015665,MNBBL,13,13,20,297.00,"5,940.00"
2020-03-18,2020031801015664,MNBBL,56,13,100,297.00,"29,700.00"
2020-03-18,2020031801015655,MNBBL,56,4,100,297.00,"29,700.00"
2020-03-18,2020031801015630,MNBBL,58,53,250,298.00,"74,500.00"
2020-03-18,2020031801015629,MNBBL,56,6,100,297.00,"29,700.00"
2020-03-18,2020031801015708,NABIL,57,57,80,715.00,"57,200.00"
2020-03-18,2020031801015670,NABIL,57,58,464,715.00,"331,760.00"
2020-03-18,2020031801015669,NABIL,18,58,36,715.00,"25,740.00"
2020-03-18,2020031801015496,NABIL,18,7,100,715.00,"71,500.00"
2020-03-18,2020031801015742,NBB,49,42,10,198.00,"1,980.00"
2020-03-18,2020031801015688,NBB,34,45,900,196.00,"176,400.00"
2020-03-18,2020031801015455,NBB,34,53,199,196.00,"39,004.00"
2020-03-18,2020031801015454,NBB,36,53,801,196.00,"156,996.00"
2020-03-18,2020031801015430,NBB,36,39,150,196.00,"29,400.00"
2020-03-18,2020031801015407,NBB,32,57,228,197.00,"44,916.00"
2020-03-18,2020031801015477,NBL,43,34,89,255.00,"22,695.00"
2020-03-18,2020031801015456,NBL,44,34,211,255.00,"53,805.00"
2020-03-18,2020031801015414,NBL,44,34,89,255.00,"22,695.00"
2020-03-18,2020031801015769,NCCB,58,55,65,178.00,"11,570.00"
2020-03-18,2020031801015764,NCCB,8,55,18,178.00,"3,204.00"
2020-03-18,2020031801015763,NCCB,8,36,52,177.00,"9,204.00"
2020-03-18,2020031801015540,NCCB,33,7,137,175.00,"23,975.00"
2020-03-18,2020031801015539,NCCB,35,7,200,175.00,"35,000.00"
2020-03-18,2020031801015538,NCCB,22,7,100,175.00,"17,500.00"
2020-03-18,2020031801015483,NCCB,18,35,219,176.00,"38,544.00"
2020-03-18,2020031801015380,NCCB,44,35,200,176.00,"35,200.00"
2020-03-18,2020031801015361,NCCB,44,35,81,176.00,"14,256.00"
2020-03-18,2020031801015294,NCCB,44,49,19,176.00,"3,344.00"
2020-03-18,2020031801015293,NCCB,47,49,16,176.00,"2,816.00"
2020-03-18,2020031801015537,NCCB,48,7,200,175.00,"35,000.00"
2020-03-18,2020031801015536,NCCB,45,7,200,175.00,"35,000.00"
2020-03-18,2020031801015535,NCCB,17,7,100,175.00,"17,500.00"
2020-03-18,2020031801015534,NCCB,33,7,100,175.00,"17,500.00"
2020-03-18,2020031801015533,NCCB,44,7,300,175.00,"52,500.00"
2020-03-18,2020031801015532,NCCB,44,7,200,175.00,"35,000.00"
2020-03-18,2020031801015440,NHPC,42,7,100,52.00,"5,200.00"
2020-03-18,2020031801015366,NHPC,35,35,500,51.00,"25,500.00"
2020-03-18,2020031801015663,NIB,45,5,13,379.00,"4,927.00"
2020-03-18,2020031801015662,NIB,45,51,97,377.00,"36,569.00"
2020-03-18,2020031801015482,NIB,6,51,18,377.00,"6,786.00"
2020-03-18,2020031801015481,NIB,6,51,82,377.00,"30,914.00"
2020-03-18,2020031801015428,NIB,44,17,29,376.00,"10,904.00"
2020-03-18,2020031801015427,NIB,39,17,13,376.00,"4,888.00"
2020-03-18,2020031801015393,NIB,39,45,87,376.00,"32,712.00"
2020-03-18,2020031801015290,NIB,32,51,20,377.00,"7,540.00"
2020-03-18,2020031801015287,NIB,19,51,48,377.00,"18,096.00"
2020-03-18,2020031801015531,NIBPO,4,45,20,343.00,"6,860.00"
2020-03-18,2020031801015654,NICA,17,33,190,502.00,"95,380.00"
2020-03-18,2020031801015633,NICA,28,7,10,506.00,"5,060.00"
2020-03-18,2020031801015544,NICA,17,3,127,502.00,"63,754.00"
2020-03-18,2020031801015492,NICA,38,3,73,502.00,"36,646.00"
2020-03-18,2020031801015491,NICA,38,51,300,502.00,"150,600.00"
2020-03-18,2020031801015451,NICA,38,48,627,502.00,"314,754.00"
2020-03-18,2020031801015450,NICA,44,48,100,502.00,"50,200.00"
2020-03-18,2020031801015449,NICA,6,48,73,505.00,"36,865.00"
2020-03-18,2020031801015413,NICA,28,33,10,507.00,"5,070.00"
2020-03-18,2020031801015400,NICA,22,10,100,503.00,"50,300.00"
2020-03-18,2020031801015351,NICA,6,42,50,505.00,"25,250.00"
2020-03-18,2020031801015762,NICL,25,58,50,345.00,"17,250.00"
2020-03-18,2020031801015761,NICL,43,58,10,359.00,"3,590.00"
2020-03-18,2020031801015751,NICL,43,7,40,359.00,"14,360.00"
2020-03-18,2020031801015709,NICL,43,7,10,359.00,"3,590.00"
2020-03-18,2020031801015635,NICL,43,6,90,352.00,"31,680.00"
2020-03-18,2020031801015574,NICL,43,6,10,352.00,"3,520.00"
2020-03-18,2020031801015476,NICL,43,43,10,346.00,"3,460.00"
2020-03-18,2020031801015439,NICL,10,34,425,340.00,"144,500.00"
2020-03-18,2020031801015438,NICL,14,34,75,344.00,"25,800.00"
2020-03-18,2020031801015422,NICL,14,58,25,344.00,"8,600.00"
2020-03-18,2020031801015728,NIL,44,38,10,481.00,"4,810.00"
2020-03-18,2020031801015595,NIL,10,34,174,476.00,"82,824.00"
2020-03-18,2020031801015541,NIL,44,34,50,477.00,"23,850.00"
2020-03-18,2020031801015475,NIL,44,28,50,477.00,"23,850.00"
2020-03-18,2020031801015474,NIL,45,28,50,478.00,"23,900.00"
2020-03-18,2020031801015310,NIL,45,35,50,478.00,"23,900.00"
2020-03-18,2020031801015309,NIL,26,35,10,479.00,"4,790.00"
2020-03-18,2020031801015676,NLG,29,54,10,545.00,"5,450.00"
2020-03-18,2020031801015652,NLG,42,54,20,545.00,"10,900.00"
2020-03-18,2020031801015750,NLIC,10,52,60,"1,032.00","61,920.00"
2020-03-18,2020031801015718,NLIC,34,57,148,"1,037.00","153,476.00"
2020-03-18,2020031801015717,NLIC,34,49,147,"1,036.00","152,292.00"
2020-03-18,2020031801015716,NLIC,34,19,100,"1,036.00","103,600.00"
2020-03-18,2020031801015715,NLIC,34,36,150,"1,035.00","155,250.00"
2020-03-18,2020031801015714,NLIC,34,57,100,"1,035.00","103,500.00"
2020-03-18,2020031801015297,NLIC,57,52,62,"1,030.00","63,860.00"
2020-03-18,2020031801015296,NLIC,1,52,18,"1,030.00","18,540.00"
2020-03-18,2020031801015286,NLIC,1,7,22,"1,030.00","22,660.00"
2020-03-18,2020031801015285,NLIC,50,7,28,"1,030.00","28,840.00"
2020-03-18,2020031801015284,NLIC,21,7,50,"1,031.00","51,550.00"
2020-03-18,2020031801015527,NLIC,6,35,50,"1,032.00","51,600.00"
2020-03-18,2020031801015460,NLIC,6,32,50,"1,032.00","51,600.00"
2020-03-18,2020031801015426,NLIC,45,19,100,"1,036.00","103,600.00"
2020-03-18,2020031801015420,NLIC,13,45,12,"1,031.00","12,372.00"
2020-03-18,2020031801015419,NLIC,29,45,10,"1,032.00","10,320.00"
2020-03-18,2020031801015298,NLIC,28,57,50,"1,037.00","51,850.00"
2020-03-18,2020031801015580,NLIC,13,57,100,"1,031.00","103,100.00"
2020-03-18,2020031801015576,NLIC,34,49,70,"1,035.00","72,450.00"
2020-03-18,2020031801015575,NLIC,34,49,30,"1,032.00","30,960.00"
2020-03-18,2020031801015572,NLIC,13,10,150,"1,031.00","154,650.00"
2020-03-18,2020031801015529,NLIC,13,35,66,"1,031.00","68,046.00"
2020-03-18,2020031801015528,NLIC,26,35,20,"1,032.00","20,640.00"
2020-03-18,2020031801015713,NLIC,34,49,830,"1,035.00","859,050.00"
2020-03-18,2020031801015712,NLIC,34,51,25,"1,034.00","25,850.00"
2020-03-18,2020031801015689,NLIC,41,51,75,"1,034.00","77,550.00"
2020-03-18,2020031801015685,NLIC,13,51,12,"1,031.00","12,372.00"
2020-03-18,2020031801015684,NLIC,56,51,38,"1,032.00","39,216.00"
2020-03-18,2020031801015585,NLIC,13,7,80,"1,031.00","82,480.00"
2020-03-18,2020031801015767,NLICL,52,34,175,569.00,"99,575.00"
2020-03-18,2020031801015766,NLICL,52,39,311,569.00,"176,959.00"
2020-03-18,2020031801015729,NLICL,52,42,14,569.00,"7,966.00"
2020-03-18,2020031801015650,NLICL,7,35,100,570.00,"57,000.00"
2020-03-18,2020031801015578,NLICL,43,35,10,576.00,"5,760.00"
2020-03-18,2020031801015337,NLICL,38,35,100,570.00,"57,000.00"
2020-03-18,2020031801015336,NLICL,55,35,100,571.00,"57,100.00"
2020-03-18,2020031801015335,NLICL,54,35,29,573.00,"16,617.00"
2020-03-18,2020031801015680,NMB,28,28,10,385.00,"3,850.00"
2020-03-18,2020031801015621,NMB,45,33,11,383.00,"4,213.00"
2020-03-18,2020031801015559,NMB,56,33,89,383.00,"34,087.00"
2020-03-18,2020031801015558,NMB,56,33,11,383.00,"4,213.00"
2020-03-18,2020031801015436,NMB,34,33,"1,000",383.00,"383,000.00"
2020-03-18,2020031801015435,NMB,34,33,200,383.00,"76,600.00"
2020-03-18,2020031801015367,NMB,13,55,54,384.00,"20,736.00"
2020-03-18,2020031801015331,NMB,13,32,446,384.00,"171,264.00"
2020-03-18,2020031801015330,NMB,48,32,380,384.00,"145,920.00"
2020-03-18,2020031801015329,NMB,22,32,74,384.00,"28,416.00"
2020-03-18,2020031801015434,NMB,38,33,100,383.00,"38,300.00"
2020-03-18,2020031801015433,NMB,16,33,85,383.00,"32,555.00"
2020-03-18,2020031801015432,NMB,3,33,104,384.00,"39,936.00"
2020-03-18,2020031801015403,NMB,54,28,350,385.00,"134,750.00"
2020-03-18,2020031801015402,NMB,54,45,50,385.00,"19,250.00"
2020-03-18,2020031801015368,NMB,3,55,46,384.00,"17,664.00"
2020-03-18,2020031801015423,NMBHF1,6,34,668,8.77,"5,858.36"
2020-03-18,2020031801015754,NMBMF,58,37,200,751.00,"150,200.00"
2020-03-18,2020031801015593,NTC,35,14,100,605.00,"60,500.00"
2020-03-18,2020031801015592,NTC,13,14,50,605.00,"30,250.00"
2020-03-18,2020031801015591,NTC,57,14,100,606.00,"60,600.00"
2020-03-18,2020031801015392,NTC,34,59,20,612.00,"12,240.00"
2020-03-18,2020031801015741,PCBL,34,56,261,262.00,"68,382.00"
2020-03-18,2020031801015740,PCBL,21,56,100,262.00,"26,200.00"
2020-03-18,2020031801015739,PCBL,34,56,200,262.00,"52,400.00"
2020-03-18,2020031801015738,PCBL,34,56,324,262.00,"84,888.00"
2020-03-18,2020031801015656,PCBL,57,56,200,263.00,"52,600.00"
2020-03-18,2020031801015597,PCBL,34,6,406,262.00,"106,372.00"
2020-03-18,2020031801015525,PCBL,25,56,110,263.00,"28,930.00"
2020-03-18,2020031801015524,PCBL,59,56,305,263.00,"80,215.00"
2020-03-18,2020031801015522,PFL,32,36,455,151.00,"68,705.00"
2020-03-18,2020031801015398,PFL,35,36,200,151.00,"30,200.00"
2020-03-18,2020031801015563,PIC,6,57,200,502.00,"100,400.00"
2020-03-18,2020031801015542,PIC,29,35,20,502.00,"10,040.00"
2020-03-18,2020031801015379,PIC,29,35,80,502.00,"40,160.00"
2020-03-18,2020031801015701,PICL,25,7,100,386.00,"38,600.00"
2020-03-18,2020031801015700,PICL,10,7,10,386.00,"3,860.00"
2020-03-18,2020031801015699,PICL,22,7,130,386.00,"50,180.00"
2020-03-18,2020031801015698,PICL,26,7,50,388.00,"19,400.00"
2020-03-18,2020031801015697,PICL,57,7,60,390.00,"23,400.00"
2020-03-18,2020031801015696,PICL,58,7,10,390.00,"3,900.00"
2020-03-18,2020031801015695,PICL,21,7,100,391.00,"39,100.00"
2020-03-18,2020031801015557,PLIC,45,1,30,500.00,"15,000.00"
2020-03-18,2020031801015504,PLIC,8,1,25,500.00,"12,500.00"
2020-03-18,2020031801015675,PRIN,32,58,250,351.00,"87,750.00"
2020-03-18,2020031801015674,PRIN,25,58,100,351.00,"35,100.00"
2020-03-18,2020031801015673,PRIN,35,58,300,351.00,"105,300.00"
2020-03-18,2020031801015672,PRIN,7,58,100,351.00,"35,100.00"
2020-03-18,2020031801015671,PRIN,45,58,250,351.00,"87,750.00"
2020-03-18,2020031801015521,PRIN,56,58,50,353.00,"17,650.00"
2020-03-18,2020031801015508,PRIN,39,58,172,360.00,"61,920.00"
2020-03-18,2020031801015507,PRIN,45,58,200,361.00,"72,200.00"
2020-03-18,2020031801015457,PRIN,39,34,28,360.00,"10,080.00"
2020-03-18,2020031801015514,PRIN,49,58,25,356.00,"8,900.00"
2020-03-18,2020031801015513,PRIN,48,58,100,356.00,"35,600.00"
2020-03-18,2020031801015512,PRIN,10,58,50,358.00,"17,900.00"
2020-03-18,2020031801015511,PRIN,49,58,500,360.00,"180,000.00"
2020-03-18,2020031801015510,PRIN,45,58,10,360.00,"3,600.00"
2020-03-18,2020031801015509,PRIN,19,58,10,360.00,"3,600.00"
2020-03-18,2020031801015520,PRIN,37,58,263,353.00,"92,839.00"
2020-03-18,2020031801015519,PRIN,55,58,500,354.00,"177,000.00"
2020-03-18,2020031801015518,PRIN,59,58,20,355.00,"7,100.00"
2020-03-18,2020031801015517,PRIN,52,58,100,355.00,"35,500.00"
2020-03-18,2020031801015516,PRIN,55,58,100,355.00,"35,500.00"
2020-03-18,2020031801015515,PRIN,14,58,100,355.00,"35,500.00"
2020-03-18,2020031801015772,PRVU,4,51,10,227.00,"2,270.00"
2020-03-18,2020031801015720,PRVU,28,51,10,227.00,"2,270.00"
2020-03-18,2020031801015498,PRVU,32,6,46,225.00,"10,350.00"
2020-03-18,2020031801015473,PRVU,58,6,50,225.00,"11,250.00"
2020-03-18,2020031801015472,PRVU,44,6,100,225.00,"22,500.00"
2020-03-18,2020031801015471,PRVU,57,6,184,225.00,"41,400.00"
2020-03-18,2020031801015375,PRVU,47,32,100,225.00,"22,500.00"
2020-03-18,2020031801015374,PRVU,32,32,138,225.00,"31,050.00"
2020-03-18,2020031801015470,PRVU,41,6,20,226.00,"4,520.00"
2020-03-18,2020031801015424,PRVU,28,51,10,227.00,"2,270.00"
2020-03-18,2020031801015411,PRVU,57,34,116,225.00,"26,100.00"
2020-03-18,2020031801015410,PRVU,57,34,200,225.00,"45,000.00"
2020-03-18,2020031801015409,PRVU,58,34,33,225.00,"7,425.00"
2020-03-18,2020031801015376,PRVU,58,32,67,225.00,"15,075.00"
2020-03-18,2020031801015733,RHPC,4,29,500,79.00,"39,500.00"
2020-03-18,2020031801015727,RMDC,49,44,10,614.00,"6,140.00"
2020-03-18,2020031801015620,SANIMA,34,26,743,320.00,"237,760.00"
2020-03-18,2020031801015589,SANIMA,56,35,200,321.00,"64,200.00"
2020-03-18,2020031801015588,SANIMA,37,35,150,321.00,"48,150.00"
2020-03-18,2020031801015587,SANIMA,57,35,50,322.00,"16,100.00"
2020-03-18,2020031801015586,SANIMA,25,35,20,323.00,"6,460.00"
2020-03-18,2020031801015417,SANIMA,6,51,74,325.00,"24,050.00"
2020-03-18,2020031801015416,SANIMA,6,58,26,325.00,"8,450.00"
2020-03-18,2020031801015389,SANIMA,25,51,80,323.00,"25,840.00"
2020-03-18,2020031801015378,SANIMA,17,51,40,323.00,"12,920.00"
2020-03-18,2020031801015377,SANIMA,52,51,30,324.00,"9,720.00"
2020-03-18,2020031801015749,SBI,16,58,398,407.00,"161,986.00"
2020-03-18,2020031801015748,SBI,52,58,20,407.00,"8,140.00"
2020-03-18,2020031801015747,SBI,7,58,30,408.00,"12,240.00"
2020-03-18,2020031801015746,SBI,44,58,52,408.00,"21,216.00"
2020-03-18,2020031801015480,SBI,44,53,48,408.00,"19,584.00"
2020-03-18,2020031801015479,SBI,7,53,25,408.00,"10,200.00"
2020-03-18,2020031801015478,SBI,11,53,10,408.00,"4,080.00"
2020-03-18,2020031801015600,SBL,5,56,100,291.00,"29,100.00"
2020-03-18,2020031801015599,SBL,25,56,30,292.00,"8,760.00"
2020-03-18,2020031801015634,SCB,48,37,280,595.00,"166,600.00"
2020-03-18,2020031801015579,SCB,6,37,20,598.00,"11,960.00"
2020-03-18,2020031801015495,SCB,48,55,387,595.00,"230,265.00"
2020-03-18,2020031801015412,SCB,17,37,200,598.00,"119,600.00"
2020-03-18,2020031801015348,SCB,44,34,28,593.00,"16,604.00"
2020-03-18,2020031801015334,SCB,49,34,100,595.00,"59,500.00"
2020-03-18,2020031801015573,SDESI,43,7,100,784.00,"78,400.00"
2020-03-18,2020031801015745,SHIVM,41,29,500,498.00,"249,000.00"
2020-03-18,2020031801015732,SHIVM,19,52,14,493.00,"6,902.00"
2020-03-18,2020031801015647,SHIVM,56,52,82,493.00,"40,426.00"
2020-03-18,2020031801015646,SHIVM,43,52,50,493.00,"24,650.00"
2020-03-18,2020031801015645,SHIVM,25,52,50,493.00,"24,650.00"
2020-03-18,2020031801015489,SHIVM,42,7,270,497.00,"134,190.00"
2020-03-18,2020031801015437,SHIVM,55,7,10,497.00,"4,970.00"
2020-03-18,2020031801015369,SHIVM,1,7,20,497.00,"9,940.00"
2020-03-18,2020031801015283,SHIVM,39,29,"1,000",496.00,"496,000.00"
2020-03-18,2020031801015282,SHIVM,26,29,"1,100",496.00,"545,600.00"
2020-03-18,2020031801015638,SHIVM,47,52,100,496.00,"49,600.00"
2020-03-18,2020031801015637,SHIVM,17,52,100,498.00,"49,800.00"
2020-03-18,2020031801015636,SHIVM,19,52,180,500.00,"90,000.00"
2020-03-18,2020031801015623,SHIVM,19,35,120,500.00,"60,000.00"
2020-03-18,2020031801015506,SHIVM,42,44,50,498.00,"24,900.00"
2020-03-18,2020031801015490,SHIVM,42,44,"1,330",498.00,"662,340.00"
2020-03-18,2020031801015644,SHIVM,34,52,200,493.00,"98,600.00"
2020-03-18,2020031801015643,SHIVM,34,52,100,495.00,"49,500.00"
2020-03-18,2020031801015642,SHIVM,46,52,100,495.00,"49,500.00"
2020-03-18,2020031801015641,SHIVM,52,52,50,495.00,"24,750.00"
2020-03-18,2020031801015640,SHIVM,19,52,200,496.00,"99,200.00"
2020-03-18,2020031801015639,SHIVM,52,52,20,496.00,"9,920.00"
2020-03-18,2020031801015657,SHL,56,36,200,158.00,"31,600.00"
2020-03-18,2020031801015743,SIC,57,45,30,575.00,"17,250.00"
2020-03-18,2020031801015612,SIC,49,28,100,580.00,"58,000.00"
2020-03-18,2020031801015760,SICL,42,34,151,828.00,"125,028.00"
2020-03-18,2020031801015759,SICL,17,34,50,830.00,"41,500.00"
2020-03-18,2020031801015453,SICL,5,5,10,835.00,"8,350.00"
2020-03-18,2020031801015493,SIL,44,59,10,440.00,"4,400.00"
2020-03-18,2020031801015603,SJCL,52,6,200,141.00,"28,200.00"
2020-03-18,2020031801015687,SKBBL,42,22,50,980.00,"49,000.00"
2020-03-18,2020031801015596,SKBBL,5,22,20,980.00,"19,600.00"
2020-03-18,2020031801015497,SKBBL,41,22,100,970.00,"97,000.00"
2020-03-18,2020031801015755,SLBBL,58,45,10,756.00,"7,560.00"
2020-03-18,2020031801015429,SLBBL,7,42,200,743.00,"148,600.00"
2020-03-18,2020031801015730,SLICL,13,17,30,374.00,"11,220.00"
2020-03-18,2020031801015560,SLICL,44,45,10,372.00,"3,720.00"
2020-03-18,2020031801015391,SLICL,41,5,550,365.00,"200,750.00"
2020-03-18,2020031801015384,SLICL,14,5,200,365.00,"73,000.00"
2020-03-18,2020031801015383,SLICL,52,5,100,367.00,"36,700.00"
2020-03-18,2020031801015382,SLICL,17,5,100,369.00,"36,900.00"
2020-03-18,2020031801015381,SLICL,52,5,50,370.00,"18,500.00"
2020-03-18,2020031801015731,SMFBS,45,48,250,875.00,"218,750.00"
2020-03-18,2020031801015721,SMFBS,45,6,50,875.00,"43,750.00"
2020-03-18,2020031801015571,SMFBS,52,35,45,875.00,"39,375.00"
2020-03-18,2020031801015624,SPARS,14,35,10,730.00,"7,300.00"
2020-03-18,2020031801015552,SRBL,44,56,47,234.00,"10,998.00"
2020-03-18,2020031801015390,SRBL,39,49,10,235.00,"2,350.00"
2020-03-18,2020031801015292,SRBL,44,22,22,234.00,"5,148.00"
2020-03-18,2020031801015291,SRBL,50,22,78,234.00,"18,252.00"
2020-03-18,2020031801015614,STC,51,50,10,"2,425.00","24,250.00"
2020-03-18,2020031801015613,STC,51,16,10,"2,424.00","24,240.00"
2020-03-18,2020031801015583,STC,51,16,20,"2,389.00","47,780.00"
2020-03-18,2020031801015582,STC,51,33,10,"2,388.00","23,880.00"
2020-03-18,2020031801015581,STC,51,34,10,"2,388.00","23,880.00"
2020-03-18,2020031801015648,UIC,19,38,80,300.00,"24,000.00"
2020-03-18,2020031801015615,UIC,26,38,50,306.00,"15,300.00"
2020-03-18,2020031801015397,UIC,19,39,70,300.00,"21,000.00"
2020-03-18,2020031801015396,UIC,1,39,10,300.00,"3,000.00"
2020-03-18,2020031801015395,UIC,28,39,20,300.00,"6,000.00"
2020-03-18,2020031801015372,UIC,51,38,640,304.00,"194,560.00"
2020-03-18,2020031801015289,UPCL,49,44,50,72.00,"3,600.00"
2020-03-18,2020031801015768,UPPER,51,34,40,228.00,"9,120.00"
2020-03-18,2020031801015724,UPPER,51,38,50,228.00,"11,400.00"
2020-03-18,2020031801015319,UPPER,25,57,28,230.00,"6,440.00"
2020-03-18,2020031801015311,UPPER,29,44,50,228.00,"11,400.00"
2020-03-18,2020031801015288,UPPER,32,25,"1,000",228.00,"228,000.00"
2020-03-18,2020031801015723,UPPER,41,38,100,228.00,"22,800.00"
2020-03-18,2020031801015722,UPPER,29,38,350,228.00,"79,800.00"
2020-03-18,2020031801015499,UPPER,49,57,206,230.00,"47,380.00"
2020-03-18,2020031801015681,VLBS,26,51,10,890.00,"8,900.00"
2020-03-18,2020031801015249,ADBL,34,49,946,369.00,"349,074.00"
2020-03-18,2020031801015248,ADBL,56,49,54,369.00,"19,926.00"
2020-03-18,2020031801015150,ADBL,56,26,31,369.00,"11,439.00"
2020-03-18,2020031801014968,ADBL,14,14,360,370.00,"133,200.00"
2020-03-18,2020031801015149,ADBL,44,26,50,370.00,"18,500.00"
2020-03-18,2020031801015148,ADBL,35,26,20,370.00,"7,400.00"
2020-03-18,2020031801014972,ADBL,39,14,200,370.00,"74,000.00"
2020-03-18,2020031801014971,ADBL,35,14,100,370.00,"37,000.00"
2020-03-18,2020031801014970,ADBL,45,14,50,370.00,"18,500.00"
2020-03-18,2020031801014969,ADBL,43,14,100,370.00,"37,000.00"
2020-03-18,2020031801015207,AHPC,26,38,100,91.00,"9,100.00"
2020-03-18,2020031801015206,AHPC,49,38,30,91.00,"2,730.00"
2020-03-18,2020031801014963,AKPL,36,25,"2,213",112.00,"247,856.00"
2020-03-18,2020031801014962,AKPL,38,25,"2,000",112.00,"224,000.00"
2020-03-18,2020031801014961,AKPL,49,25,300,112.00,"33,600.00"
2020-03-18,2020031801014960,AKPL,6,25,487,114.00,"55,518.00"
2020-03-18,2020031801014942,AKPL,6,47,13,114.00,"1,482.00"
2020-03-18,2020031801015176,ALBSL,14,8,40,622.00,"24,880.00"
2020-03-18,2020031801015271,ALICL,34,32,105,474.00,"49,770.00"
2020-03-18,2020031801015242,ALICL,34,7,95,474.00,"45,030.00"
2020-03-18,2020031801015241,ALICL,34,7,403,474.00,"191,022.00"
2020-03-18,2020031801015073,ALICL,34,44,97,474.00,"45,978.00"
2020-03-18,2020031801015072,ALICL,4,44,28,475.00,"13,300.00"
2020-03-18,2020031801014898,ALICL,44,32,"1,000",476.00,"476,000.00"
2020-03-18,2020031801015097,BARUN,25,58,40,82.00,"3,280.00"
2020-03-18,2020031801015096,BARUN,34,58,10,82.00,820.00
2020-03-18,2020031801015095,BARUN,58,58,50,82.00,"4,100.00"
2020-03-18,2020031801015094,BARUN,34,58,10,82.00,820.00
2020-03-18,2020031801015093,BARUN,53,58,130,82.00,"10,660.00"
2020-03-18,2020031801015092,BARUN,39,58,10,83.00,830.00
2020-03-18,2020031801015023,BFC,14,38,31,96.00,"2,976.00"
2020-03-18,2020031801015196,BOKL,42,45,200,224.00,"44,800.00"
2020-03-18,2020031801015142,BOKL,17,34,"1,000",223.00,"223,000.00"
2020-03-18,2020031801015091,BPCL,4,44,33,321.00,"10,593.00"
2020-03-18,2020031801015257,CBL,48,51,100,137.00,"13,700.00"
2020-03-18,2020031801014920,CBL,42,36,40,137.00,"5,480.00"
2020-03-18,2020031801014892,CBL,29,36,500,137.00,"68,500.00"
2020-03-18,2020031801014891,CBL,39,36,100,137.00,"13,700.00"
2020-03-18,2020031801014890,CBL,54,36,30,137.00,"4,110.00"
2020-03-18,2020031801014889,CBL,40,36,276,137.00,"37,812.00"
2020-03-18,2020031801014826,CCBL,22,55,61,158.00,"9,638.00"
2020-03-18,2020031801014825,CCBL,22,45,300,158.00,"47,400.00"
2020-03-18,2020031801014824,CCBL,22,48,100,158.00,"15,800.00"
2020-03-18,2020031801014823,CCBL,22,32,39,158.00,"6,162.00"
2020-03-18,2020031801015280,CIT,45,19,72,"2,440.00","175,680.00"
2020-03-18,2020031801015279,CIT,13,19,50,"2,440.00","122,000.00"
2020-03-18,2020031801015278,CIT,45,19,100,"2,441.00","244,100.00"
2020-03-18,2020031801015277,CIT,36,19,78,"2,442.00","190,476.00"
2020-03-18,2020031801015199,CIT,55,49,10,"2,469.00","24,690.00"
2020-03-18,2020031801014994,CZBIL,25,26,20,185.00,"3,700.00"
2020-03-18,2020031801014992,CZBIL,44,13,500,183.00,"91,500.00"
2020-03-18,2020031801014924,CZBIL,56,13,200,183.00,"36,600.00"
2020-03-18,2020031801014923,CZBIL,34,13,40,183.00,"7,320.00"
2020-03-18,2020031801014855,CZBIL,34,36,60,183.00,"10,980.00"
2020-03-18,2020031801014854,CZBIL,38,36,100,183.00,"18,300.00"
2020-03-18,2020031801014853,CZBIL,32,36,20,183.00,"3,660.00"
2020-03-18,2020031801014852,CZBIL,54,36,20,183.00,"3,660.00"
2020-03-18,2020031801014851,CZBIL,42,36,300,184.00,"55,200.00"
2020-03-18,2020031801014781,CZBIL,54,42,10,183.00,"1,830.00"
2020-03-18,2020031801014998,DDBL,33,8,100,760.00,"76,000.00"
2020-03-18,2020031801015265,EBL,52,57,100,623.00,"62,300.00"
2020-03-18,2020031801014915,EBL,14,34,83,622.00,"51,626.00"
2020-03-18,2020031801014888,EBL,14,36,150,622.00,"93,300.00"
2020-03-18,2020031801014887,EBL,58,36,50,625.00,"31,250.00"
2020-03-18,2020031801014832,EBL,42,6,20,630.00,"12,600.00"
2020-03-18,2020031801014831,EBL,4,6,100,630.00,"63,000.00"
2020-03-18,2020031801014830,EBL,57,6,25,630.00,"15,750.00"
2020-03-18,2020031801015051,EDBL,29,44,20,367.00,"7,340.00"
2020-03-18,2020031801015216,EIC,3,7,240,334.00,"80,160.00"
2020-03-18,2020031801015215,EIC,21,7,50,335.00,"16,750.00"
2020-03-18,2020031801015214,EIC,33,7,10,335.00,"3,350.00"
2020-03-18,2020031801015001,EIC,33,7,100,335.00,"33,500.00"
2020-03-18,2020031801014800,EIC,33,38,890,335.00,"298,150.00"
2020-03-18,2020031801014799,EIC,36,38,50,335.00,"16,750.00"
2020-03-18,2020031801014798,EIC,19,38,500,335.00,"167,500.00"
2020-03-18,2020031801014797,EIC,10,38,500,336.00,"168,000.00"
2020-03-18,2020031801015113,FMDBL,42,33,40,432.00,"17,280.00"
2020-03-18,2020031801015262,FOWAD,19,14,17,"1,355.00","23,035.00"
2020-03-18,2020031801014917,FOWAD,41,7,100,"1,380.00","138,000.00"
2020-03-18,2020031801015168,GBBL,4,26,76,216.00,"16,416.00"
2020-03-18,2020031801015167,GBBL,4,26,100,216.00,"21,600.00"
2020-03-18,2020031801015166,GBBL,44,26,150,216.00,"32,400.00"
2020-03-18,2020031801015165,GBBL,58,26,150,217.00,"32,550.00"
2020-03-18,2020031801015164,GBBL,51,26,100,217.00,"21,700.00"
2020-03-18,2020031801015120,GBBL,39,13,49,218.00,"10,682.00"
2020-03-18,2020031801014803,GBBL,26,13,51,218.00,"11,118.00"
2020-03-18,2020031801014792,GBBL,26,19,49,218.00,"10,682.00"
2020-03-18,2020031801015213,GBIME,52,49,"1,072",253.00,"271,216.00"
2020-03-18,2020031801015212,GBIME,54,49,30,253.00,"7,590.00"
2020-03-18,2020031801015170,GBIME,44,45,100,254.00,"25,400.00"
2020-03-18,2020031801015139,GBIME,29,45,10,254.00,"2,540.00"
2020-03-18,2020031801014950,GBIME,45,45,40,254.00,"10,160.00"
2020-03-18,2020031801014949,GBIME,45,59,85,254.00,"21,590.00"
2020-03-18,2020031801014834,GBIME,29,44,250,255.00,"63,750.00"
2020-03-18,2020031801014804,GBIME,49,44,200,255.00,"51,000.00"
2020-03-18,2020031801014794,GBIME,17,42,26,254.00,"6,604.00"
2020-03-18,2020031801014793,GBIME,43,42,350,254.00,"88,900.00"
2020-03-18,2020031801014939,GBIME,6,59,115,254.00,"29,210.00"
2020-03-18,2020031801014914,GBIME,6,36,179,254.00,"45,466.00"
2020-03-18,2020031801014895,GBIME,6,43,106,254.00,"26,924.00"
2020-03-18,2020031801014894,GBIME,16,43,100,254.00,"25,400.00"
2020-03-18,2020031801014893,GBIME,17,43,294,254.00,"74,676.00"
2020-03-18,2020031801014872,GBIME,17,29,180,254.00,"45,720.00"
2020-03-18,2020031801015040,GBLBS,44,34,300,407.00,"122,100.00"
2020-03-18,2020031801015039,GBLBS,55,34,200,408.00,"81,600.00"
2020-03-18,2020031801014838,GBLBS,44,1,345,408.00,"140,760.00"
2020-03-18,2020031801014837,GBLBS,32,1,85,409.00,"34,765.00"
2020-03-18,2020031801014836,GBLBS,47,1,50,409.00,"20,450.00"
2020-03-18,2020031801014819,GBLBS,32,42,15,409.00,"6,135.00"
2020-03-18,2020031801014820,GFCL,19,22,500,134.00,"67,000.00"
2020-03-18,2020031801015240,GLICL,51,47,50,394.00,"19,700.00"
2020-03-18,2020031801014979,GLICL,48,36,56,398.00,"22,288.00"
2020-03-18,2020031801014978,GLICL,3,35,200,395.00,"79,000.00"
2020-03-18,2020031801014858,GLICL,7,34,55,399.00,"21,945.00"
2020-03-18,2020031801014845,GLICL,7,49,50,398.00,"19,900.00"
2020-03-18,2020031801014844,GLICL,7,26,300,398.00,"119,400.00"
2020-03-18,2020031801015104,GMFBS,11,34,10,745.00,"7,450.00"
2020-03-18,2020031801014886,GMFIL,35,32,10,124.00,"1,240.00"
2020-03-18,2020031801014857,GUFL,32,57,20,120.00,"2,400.00"
2020-03-18,2020031801014910,HBL,38,14,299,511.00,"152,789.00"
2020-03-18,2020031801014907,HBL,38,36,85,511.00,"43,435.00"
2020-03-18,2020031801014906,HBL,53,36,100,511.00,"51,100.00"
2020-03-18,2020031801014905,HBL,1,36,15,511.00,"7,665.00"
2020-03-18,2020031801014856,HBL,40,54,50,514.00,"25,700.00"
2020-03-18,2020031801015222,HDL,36,29,500,"1,335.00","667,500.00"
2020-03-18,2020031801015116,HDL,22,45,100,"1,345.00","134,500.00"
2020-03-18,2020031801014861,HDL,45,4,100,"1,352.00","135,200.00"
2020-03-18,2020031801014783,HDL,59,4,100,"1,352.00","135,200.00"
2020-03-18,2020031801015210,HGI,4,46,300,333.00,"99,900.00"
2020-03-18,2020031801014897,HIDCL,29,35,500,130.00,"65,000.00"
2020-03-18,2020031801014866,HIDCL,45,49,61,129.00,"7,869.00"
2020-03-18,2020031801014850,HIDCL,45,49,500,129.00,"64,500.00"
2020-03-18,2020031801015115,HURJA,39,44,20,95.00,"1,900.00"
2020-03-18,2020031801014941,HURJA,39,58,20,95.00,"1,900.00"
2020-03-18,2020031801014900,ICFC,1,59,10,167.00,"1,670.00"
2020-03-18,2020031801015258,ILBS,49,32,10,662.00,"6,620.00"
2020-03-18,2020031801015109,ILBS,49,47,10,662.00,"6,620.00"
2020-03-18,2020031801015018,ILBS,49,47,10,662.00,"6,620.00"
2020-03-18,2020031801014977,JFL,36,57,507,169.00,"85,683.00"
2020-03-18,2020031801014951,JFL,55,36,10,166.00,"1,660.00"
2020-03-18,2020031801015151,KBL,48,51,114,183.00,"20,862.00"
2020-03-18,2020031801015110,KBL,38,49,190,184.00,"34,960.00"
2020-03-18,2020031801015021,KBL,17,51,50,185.00,"9,250.00"
2020-03-18,2020031801015174,KMCDB,58,5,200,726.00,"145,200.00"
2020-03-18,2020031801015173,KMCDB,6,5,50,726.00,"36,300.00"
2020-03-18,2020031801015172,KMCDB,39,5,30,726.00,"21,780.00"
2020-03-18,2020031801015276,KSBBL,41,59,180,148.00,"26,640.00"
2020-03-18,2020031801015275,KSBBL,49,59,"2,000",148.00,"296,000.00"
2020-03-18,2020031801015274,KSBBL,19,59,100,148.00,"14,800.00"
2020-03-18,2020031801015273,KSBBL,50,59,210,148.00,"31,080.00"
2020-03-18,2020031801015272,KSBBL,54,59,10,149.00,"1,490.00"
2020-03-18,2020031801014948,KSBBL,49,36,200,150.00,"30,000.00"
2020-03-18,2020031801015161,LBBL,35,22,50,177.00,"8,850.00"
2020-03-18,2020031801015160,LBBL,43,22,30,177.00,"5,310.00"
2020-03-18,2020031801014936,LBL,34,44,47,205.00,"9,635.00"
2020-03-18,2020031801014935,LBL,46,44,200,205.00,"41,000.00"
2020-03-18,2020031801014934,LBL,46,44,300,205.00,"61,500.00"
2020-03-18,2020031801014933,LBL,17,44,"2,000",205.00,"410,000.00"
2020-03-18,2020031801014932,LBL,43,44,"1,000",205.00,"205,000.00"
2020-03-18,2020031801014931,LBL,14,44,965,205.00,"197,825.00"
2020-03-18,2020031801014930,LBL,38,44,100,206.00,"20,600.00"
2020-03-18,2020031801014929,LBL,25,44,388,206.00,"79,928.00"
2020-03-18,2020031801015067,LICN,50,17,100,"1,175.00","117,500.00"
2020-03-18,2020031801015066,LICN,1,17,100,"1,176.00","117,600.00"
2020-03-18,2020031801015065,LICN,14,17,100,"1,176.00","117,600.00"
2020-03-18,2020031801015064,LICN,44,17,500,"1,176.00","588,000.00"
2020-03-18,2020031801015063,LICN,54,17,100,"1,176.00","117,600.00"
2020-03-18,2020031801015062,LICN,38,17,200,"1,177.00","235,400.00"
2020-03-18,2020031801014981,LICN,5,5,50,"1,186.00","59,300.00"
2020-03-18,2020031801015061,LICN,19,17,50,"1,180.00","59,000.00"
2020-03-18,2020031801015060,LICN,6,17,50,"1,180.00","59,000.00"
2020-03-18,2020031801015059,LICN,14,17,10,"1,184.00","11,840.00"
2020-03-18,2020031801014984,LICN,26,5,50,"1,185.00","59,250.00"
2020-03-18,2020031801014983,LICN,26,5,50,"1,185.00","59,250.00"
2020-03-18,2020031801014982,LICN,5,5,10,"1,186.00","11,860.00"
2020-03-18,2020031801015079,LLBS,44,55,100,951.00,"95,100.00"
2020-03-18,2020031801015194,MBL,11,26,15,216.00,"3,240.00"
2020-03-18,2020031801015193,MBL,52,26,108,216.00,"23,328.00"
2020-03-18,2020031801015192,MBL,51,26,30,217.00,"6,510.00"
2020-03-18,2020031801014879,MBL,51,1,200,217.00,"43,400.00"
2020-03-18,2020031801014878,MBL,17,1,300,218.00,"65,400.00"
2020-03-18,2020031801015218,MEGA,50,34,100,203.00,"20,300.00"
2020-03-18,2020031801015136,MEGA,32,22,108,202.00,"21,816.00"
2020-03-18,2020031801014987,MEGA,43,34,10,203.00,"2,030.00"
2020-03-18,2020031801014940,MEGA,32,36,500,202.00,"101,000.00"
2020-03-18,2020031801015219,MNBBL,17,14,300,298.00,"89,400.00"
2020-03-18,2020031801015125,MNBBL,37,11,200,299.00,"59,800.00"
2020-03-18,2020031801014976,MNBBL,56,36,20,297.00,"5,940.00"
2020-03-18,2020031801014975,MNBBL,14,36,100,298.00,"29,800.00"
2020-03-18,2020031801014974,MNBBL,5,36,180,298.00,"53,640.00"
2020-03-18,2020031801014835,MNBBL,25,11,100,299.00,"29,900.00"
2020-03-18,2020031801014796,MNBBL,5,56,320,298.00,"95,360.00"
2020-03-18,2020031801015232,NABIL,18,14,64,715.00,"45,760.00"
2020-03-18,2020031801015231,NABIL,26,14,36,715.00,"25,740.00"
2020-03-18,2020031801015198,NABIL,52,55,42,715.00,"30,030.00"
2020-03-18,2020031801015038,NABIL,26,36,64,715.00,"45,760.00"
2020-03-18,2020031801015037,NABIL,45,36,100,715.00,"71,500.00"
2020-03-18,2020031801015036,NABIL,57,36,100,716.00,"71,600.00"
2020-03-18,2020031801015029,NABIL,50,36,100,718.00,"71,800.00"
2020-03-18,2020031801014862,NABIL,50,6,100,718.00,"71,800.00"
2020-03-18,2020031801015035,NABIL,7,36,10,716.00,"7,160.00"
2020-03-18,2020031801015034,NABIL,44,36,50,716.00,"35,800.00"
2020-03-18,2020031801015033,NABIL,40,36,27,716.00,"19,332.00"
2020-03-18,2020031801015032,NABIL,32,36,50,717.00,"35,850.00"
2020-03-18,2020031801015031,NABIL,35,36,50,717.00,"35,850.00"
2020-03-18,2020031801015030,NABIL,45,36,100,718.00,"71,800.00"
2020-03-18,2020031801014829,NADEP,13,34,100,540.00,"54,000.00"
2020-03-18,2020031801014828,NADEP,19,34,54,541.00,"29,214.00"
2020-03-18,2020031801014827,NADEP,19,34,23,541.00,"12,443.00"
2020-03-18,2020031801015226,NBB,36,26,49,196.00,"9,604.00"
2020-03-18,2020031801015225,NBB,34,26,200,196.00,"39,200.00"
2020-03-18,2020031801015020,NBB,22,37,300,197.00,"59,100.00"
2020-03-18,2020031801015019,NBB,44,37,200,197.00,"39,400.00"
2020-03-18,2020031801014927,NBB,29,45,100,198.00,"19,800.00"
2020-03-18,2020031801015224,NBB,38,26,200,196.00,"39,200.00"
2020-03-18,2020031801015223,NBB,57,26,20,196.00,"3,920.00"
2020-03-18,2020031801015163,NBB,57,55,480,196.00,"94,080.00"
2020-03-18,2020031801015076,NBB,17,57,200,197.00,"39,400.00"
2020-03-18,2020031801015055,NBB,21,36,500,196.00,"98,000.00"
2020-03-18,2020031801015050,NBB,22,57,"1,572",197.00,"309,684.00"
2020-03-18,2020031801015159,NBF2,17,44,300,8.20,"2,460.00"
2020-03-18,2020031801015157,NBL,47,34,500,255.00,"127,500.00"
2020-03-18,2020031801015156,NBL,33,34,"1,000",255.00,"255,000.00"
2020-03-18,2020031801015155,NBL,45,34,"1,000",255.00,"255,000.00"
2020-03-18,2020031801015154,NBL,42,34,"2,000",255.00,"510,000.00"
2020-03-18,2020031801015153,NBL,42,34,"3,000",255.00,"765,000.00"
2020-03-18,2020031801015152,NBL,41,34,411,255.00,"104,805.00"
2020-03-18,2020031801015100,NBL,43,44,50,256.00,"12,800.00"
2020-03-18,2020031801015099,NBL,43,44,50,256.00,"12,800.00"
2020-03-18,2020031801015098,NBL,26,44,430,256.00,"110,080.00"
2020-03-18,2020031801014922,NBL,26,29,70,256.00,"17,920.00"
2020-03-18,2020031801014921,NBL,59,29,30,256.00,"7,680.00"
2020-03-18,2020031801015088,NCCB,47,25,84,176.00,"14,784.00"
2020-03-18,2020031801015087,NCCB,11,25,100,176.00,"17,600.00"
2020-03-18,2020031801015086,NCCB,8,25,60,176.00,"10,560.00"
2020-03-18,2020031801015085,NCCB,55,25,100,176.00,"17,600.00"
2020-03-18,2020031801015084,NCCB,45,25,20,176.00,"3,520.00"
2020-03-18,2020031801015083,NCCB,49,25,134,177.00,"23,718.00"
2020-03-18,2020031801015082,NCCB,44,25,84,177.00,"14,868.00"
2020-03-18,2020031801014859,NCCB,49,57,66,177.00,"11,682.00"
2020-03-18,2020031801015057,NIB,19,34,252,377.00,"95,004.00"
2020-03-18,2020031801015056,NIB,48,34,100,377.00,"37,700.00"
2020-03-18,2020031801014997,NIB,38,34,10,378.00,"3,780.00"
2020-03-18,2020031801014996,NIB,17,34,10,379.00,"3,790.00"
2020-03-18,2020031801014802,NIB,14,45,10,380.00,"3,800.00"
2020-03-18,2020031801014801,NIB,22,45,10,380.00,"3,800.00"
2020-03-18,2020031801015270,NICA,6,50,100,505.00,"50,500.00"
2020-03-18,2020031801015269,NICA,6,16,227,505.00,"114,635.00"
2020-03-18,2020031801015268,NICA,6,45,50,504.00,"25,200.00"
2020-03-18,2020031801015118,NICA,5,16,100,505.00,"50,500.00"
2020-03-18,2020031801015111,NICA,34,52,300,502.00,"150,600.00"
2020-03-18,2020031801015058,NICA,34,19,500,502.00,"251,000.00"
2020-03-18,2020031801015014,NICA,39,22,100,503.00,"50,300.00"
2020-03-18,2020031801015013,NICA,34,22,40,503.00,"20,120.00"
2020-03-18,2020031801015012,NICA,43,22,350,503.00,"176,050.00"
2020-03-18,2020031801015011,NICA,26,22,50,504.00,"25,200.00"
2020-03-18,2020031801015010,NICA,45,22,50,504.00,"25,200.00"
2020-03-18,2020031801015009,NICA,45,22,30,504.00,"15,120.00"
2020-03-18,2020031801015047,NICA,34,33,30,502.00,"15,060.00"
2020-03-18,2020031801015046,NICA,45,33,500,502.00,"251,000.00"
2020-03-18,2020031801015045,NICA,39,33,70,502.00,"35,140.00"
2020-03-18,2020031801015017,NICA,39,22,930,502.00,"466,860.00"
2020-03-18,2020031801015016,NICA,7,22,400,502.00,"200,800.00"
2020-03-18,2020031801015015,NICA,13,22,50,503.00,"25,150.00"
2020-03-18,2020031801015255,NICGF,6,51,900,9.60,"8,640.00"
2020-03-18,2020031801015081,NIL,26,38,490,479.00,"234,710.00"
2020-03-18,2020031801015080,NIL,14,38,10,479.00,"4,790.00"
2020-03-18,2020031801015078,NIL,33,55,65,480.00,"31,200.00"
2020-03-18,2020031801015041,NIL,33,35,480,480.00,"230,400.00"
2020-03-18,2020031801014999,NIL,34,54,100,481.00,"48,100.00"
2020-03-18,2020031801014904,NIL,33,58,200,480.00,"96,000.00"
2020-03-18,2020031801014903,NIL,33,52,255,480.00,"122,400.00"
2020-03-18,2020031801014902,NIL,58,52,45,480.00,"21,600.00"
2020-03-18,2020031801014899,NIL,58,44,619,480.00,"297,120.00"
2020-03-18,2020031801014787,NLBBL,38,14,10,651.00,"6,510.00"
2020-03-18,2020031801015246,NLIC,50,41,15,"1,030.00","15,450.00"
2020-03-18,2020031801015245,NLIC,43,41,15,"1,031.00","15,465.00"
2020-03-18,2020031801015244,NLIC,39,41,50,"1,031.00","51,550.00"
2020-03-18,2020031801015243,NLIC,6,41,20,"1,031.00","20,620.00"
2020-03-18,2020031801015227,NLIC,45,35,50,"1,035.00","51,750.00"
2020-03-18,2020031801015143,NLIC,32,35,50,"1,040.00","52,000.00"
2020-03-18,2020031801014795,NLIC,39,58,100,"1,054.00","105,400.00"
2020-03-18,2020031801014985,NLIC,16,52,50,"1,041.00","52,050.00"
2020-03-18,2020031801014919,NLIC,17,45,10,"1,050.00","10,500.00"
2020-03-18,2020031801014918,NLIC,17,34,190,"1,049.00","199,310.00"
2020-03-18,2020031801014909,NLIC,34,6,22,"1,041.00","22,902.00"
2020-03-18,2020031801014885,NLIC,45,6,78,"1,041.00","81,198.00"
2020-03-18,2020031801014860,NLIC,45,42,22,"1,041.00","22,902.00"
2020-03-18,2020031801015124,NLIC,47,35,14,"1,040.00","14,560.00"
2020-03-18,2020031801015123,NLIC,47,52,36,"1,040.00","37,440.00"
2020-03-18,2020031801015103,NLIC,14,36,100,"1,032.00","103,200.00"
2020-03-18,2020031801015102,NLIC,45,36,20,"1,035.00","20,700.00"
2020-03-18,2020031801015101,NLIC,32,36,180,"1,035.00","186,300.00"
2020-03-18,2020031801014986,NLIC,5,52,214,"1,040.00","222,560.00"
2020-03-18,2020031801015260,NLICL,54,35,171,573.00,"97,983.00"
2020-03-18,2020031801015259,NLICL,57,35,29,575.00,"16,675.00"
2020-03-18,2020031801014947,NLICL,57,7,100,575.00,"57,500.00"
2020-03-18,2020031801014865,NLICL,57,34,71,575.00,"40,825.00"
2020-03-18,2020031801014864,NLICL,40,34,50,575.00,"28,750.00"
2020-03-18,2020031801015256,NMB,22,34,126,384.00,"48,384.00"
2020-03-18,2020031801015233,NMB,42,28,120,386.00,"46,320.00"
2020-03-18,2020031801015221,NMB,36,22,72,384.00,"27,648.00"
2020-03-18,2020031801015119,NMB,36,36,200,384.00,"76,800.00"
2020-03-18,2020031801015075,NMB,17,59,250,386.00,"96,500.00"
2020-03-18,2020031801014966,NMB,36,33,200,384.00,"76,800.00"
2020-03-18,2020031801014870,NMB,36,44,140,385.00,"53,900.00"
2020-03-18,2020031801014869,NMB,17,44,300,385.00,"115,500.00"
2020-03-18,2020031801014868,NMB,52,44,500,386.00,"193,000.00"
2020-03-18,2020031801014867,NMB,7,44,60,387.00,"23,220.00"
2020-03-18,2020031801014839,NMB,49,33,200,388.00,"77,600.00"
2020-03-18,2020031801014944,NMB,28,33,10,388.00,"3,880.00"
2020-03-18,2020031801014943,NMB,28,42,12,387.00,"4,644.00"
2020-03-18,2020031801014884,NMB,36,44,25,384.00,"9,600.00"
2020-03-18,2020031801014883,NMB,47,44,450,384.00,"172,800.00"
2020-03-18,2020031801014882,NMB,1,44,115,384.00,"44,160.00"
2020-03-18,2020031801014881,NMB,36,44,360,385.00,"138,600.00"
2020-03-18,2020031801014788,NMFBS,41,21,38,"1,570.00","59,660.00"
2020-03-18,2020031801015239,NTC,58,34,500,605.00,"302,500.00"
2020-03-18,2020031801015238,NTC,4,34,"3,000",605.00,"1,815,000.00"
2020-03-18,2020031801015237,NTC,52,34,10,606.00,"6,060.00"
2020-03-18,2020031801015236,NTC,6,34,30,607.00,"18,210.00"
2020-03-18,2020031801014791,OHL,7,39,639,337.00,"215,343.00"
2020-03-18,2020031801014790,OHL,28,39,113,338.00,"38,194.00"
2020-03-18,2020031801014822,OHL,49,39,20,337.00,"6,740.00"
2020-03-18,2020031801014821,OHL,7,39,61,337.00,"20,557.00"
2020-03-18,2020031801015209,PCBL,59,26,195,263.00,"51,285.00"
2020-03-18,2020031801015208,PCBL,21,26,100,263.00,"26,300.00"
2020-03-18,2020031801015090,PCBL,58,34,800,264.00,"211,200.00"
2020-03-18,2020031801015089,PCBL,58,32,200,264.00,"52,800.00"
2020-03-18,2020031801015263,PFL,32,22,260,150.00,"39,000.00"
2020-03-18,2020031801014896,PFL,32,42,41,150.00,"6,150.00"
2020-03-18,2020031801015254,PIC,17,35,25,497.00,"12,425.00"
2020-03-18,2020031801015140,PIC,17,57,50,497.00,"24,850.00"
2020-03-18,2020031801015138,PIC,17,22,100,497.00,"49,700.00"
2020-03-18,2020031801015074,PIC,7,52,100,499.00,"49,900.00"
2020-03-18,2020031801014908,PIC,17,42,11,497.00,"5,467.00"
2020-03-18,2020031801014875,PIC,17,49,70,497.00,"34,790.00"
2020-03-18,2020031801014874,PIC,58,49,200,498.00,"99,600.00"
2020-03-18,2020031801014873,PIC,39,49,30,499.00,"14,970.00"
2020-03-18,2020031801014785,PIC,39,39,20,499.00,"9,980.00"
2020-03-18,2020031801015204,PLIC,35,50,600,494.00,"296,400.00"
2020-03-18,2020031801015191,PLIC,35,29,500,494.00,"247,000.00"
2020-03-18,2020031801015134,PLIC,35,5,181,494.00,"89,414.00"
2020-03-18,2020031801015133,PLIC,4,5,200,495.00,"99,000.00"
2020-03-18,2020031801015132,PLIC,48,5,10,496.00,"4,960.00"
2020-03-18,2020031801015131,PLIC,37,5,200,496.00,"99,200.00"
2020-03-18,2020031801015130,PLIC,45,5,10,497.00,"4,970.00"
2020-03-18,2020031801015129,PLIC,50,5,10,497.00,"4,970.00"
2020-03-18,2020031801015182,PMHPL,47,44,10,74.00,740.00
2020-03-18,2020031801014938,PPCL,53,45,20,107.00,"2,140.00"
2020-03-18,2020031801014937,PPCL,53,52,30,106.00,"3,180.00"
2020-03-18,2020031801015183,PRVU,32,57,300,225.00,"67,500.00"
2020-03-18,2020031801015000,PRVU,32,49,"2,423",225.00,"545,175.00"
2020-03-18,2020031801014990,PRVU,32,22,"1,624",225.00,"365,400.00"
2020-03-18,2020031801014989,PRVU,58,22,250,226.00,"56,500.00"
2020-03-18,2020031801014988,PRVU,52,22,126,226.00,"28,476.00"
2020-03-18,2020031801014876,PRVU,49,51,100,227.00,"22,700.00"
2020-03-18,2020031801014842,PRVU,52,22,874,226.00,"197,524.00"
2020-03-18,2020031801014841,PRVU,44,22,200,226.00,"45,200.00"
2020-03-18,2020031801014840,PRVU,36,22,56,226.00,"12,656.00"
2020-03-18,2020031801014833,PRVU,6,22,100,227.00,"22,700.00"
2020-03-18,2020031801015205,RADHI,51,44,12,157.00,"1,884.00"
2020-03-18,2020031801014945,RBCL,22,57,10,"8,750.00","87,500.00"
2020-03-18,2020031801014926,RBCL,6,57,10,"8,760.00","87,600.00"
2020-03-18,2020031801014916,RBCL,56,57,10,"8,765.00","87,650.00"
2020-03-18,2020031801015230,RHPL,16,25,"1,060",151.00,"160,060.00"
2020-03-18,2020031801015229,RHPL,19,25,50,152.00,"7,600.00"
2020-03-18,2020031801015228,RHPL,49,25,690,152.00,"104,880.00"
2020-03-18,2020031801015217,RHPL,49,44,10,152.00,"1,520.00"
2020-03-18,2020031801015181,RLFL,36,39,500,123.00,"61,500.00"
2020-03-18,2020031801015180,RLFL,26,39,100,123.00,"12,300.00"
2020-03-18,2020031801015179,RLFL,4,39,50,124.00,"6,200.00"
2020-03-18,2020031801015178,RLFL,25,39,50,124.00,"6,200.00"
2020-03-18,2020031801015177,RLFL,46,39,10,124.00,"1,240.00"
2020-03-18,2020031801014925,RLFL,4,42,100,125.00,"12,500.00"
2020-03-18,2020031801015234,RRHP,42,44,10,88.00,880.00
2020-03-18,2020031801015211,RSDC,34,43,10,434.00,"4,340.00"
2020-03-18,2020031801015261,SABSL,6,41,10,731.00,"7,310.00"
2020-03-18,2020031801014784,SADBL,43,41,10,143.00,"1,430.00"
2020-03-18,2020031801015145,SANIMA,17,36,250,323.00,"80,750.00"
2020-03-18,2020031801015144,SANIMA,14,58,174,325.00,"56,550.00"
2020-03-18,2020031801015117,SANIMA,14,45,126,325.00,"40,950.00"
2020-03-18,2020031801014993,SANIMA,52,38,20,325.00,"6,500.00"
2020-03-18,2020031801014789,SANIMA,29,58,300,326.00,"97,800.00"
2020-03-18,2020031801015235,SBI,11,32,40,408.00,"16,320.00"
2020-03-18,2020031801014959,SBI,49,49,691,409.00,"282,619.00"
2020-03-18,2020031801014877,SBI,49,49,"1,348",409.00,"551,332.00"
2020-03-18,2020031801014863,SBI,49,1,"1,480",409.00,"605,320.00"
2020-03-18,2020031801015195,SBL,1,7,230,291.00,"66,930.00"
2020-03-18,2020031801015162,SBL,45,49,30,290.00,"8,700.00"
2020-03-18,2020031801015137,SBL,52,7,20,291.00,"5,820.00"
2020-03-18,2020031801015028,SBL,28,7,"1,000",291.00,"291,000.00"
2020-03-18,2020031801015027,SBL,34,7,250,291.00,"72,750.00"
2020-03-18,2020031801014958,SBL,34,39,50,291.00,"14,550.00"
2020-03-18,2020031801014871,SBL,52,56,20,294.00,"5,880.00"
2020-03-18,2020031801014957,SBL,50,39,100,291.00,"29,100.00"
2020-03-18,2020031801014956,SBL,44,39,300,291.00,"87,300.00"
2020-03-18,2020031801014955,SBL,8,39,100,291.00,"29,100.00"
2020-03-18,2020031801014954,SBL,6,39,50,292.00,"14,600.00"
2020-03-18,2020031801014953,SBL,1,39,100,292.00,"29,200.00"
2020-03-18,2020031801014952,SBL,6,39,100,292.00,"29,200.00"
2020-03-18,2020031801015190,SCB,35,36,100,595.00,"59,500.00"
2020-03-18,2020031801015189,SCB,58,36,50,595.00,"29,750.00"
2020-03-18,2020031801015188,SCB,22,36,40,595.00,"23,800.00"
2020-03-18,2020031801015187,SCB,43,36,25,596.00,"14,900.00"
2020-03-18,2020031801015186,SCB,56,36,100,597.00,"59,700.00"
2020-03-18,2020031801015185,SCB,25,36,10,598.00,"5,980.00"
2020-03-18,2020031801015184,SCB,48,36,70,598.00,"41,860.00"
2020-03-18,2020031801014980,SCB,48,6,110,598.00,"65,780.00"
2020-03-18,2020031801014973,SCB,48,42,20,598.00,"11,960.00"
2020-03-18,2020031801015197,SHINE,59,16,290,265.00,"76,850.00"
2020-03-18,2020031801015169,SHINE,59,45,900,264.00,"237,600.00"
2020-03-18,2020031801015267,SHIVM,26,41,250,496.00,"124,000.00"
2020-03-18,2020031801015266,SHIVM,22,41,150,497.00,"74,550.00"
2020-03-18,2020031801015220,SHIVM,22,36,50,497.00,"24,850.00"
2020-03-18,2020031801015158,SHIVM,26,34,100,496.00,"49,600.00"
2020-03-18,2020031801015147,SHIVM,26,7,550,496.00,"272,800.00"
2020-03-18,2020031801015146,SHIVM,57,7,450,497.00,"223,650.00"
2020-03-18,2020031801014848,SHIVM,58,6,220,503.00,"110,660.00"
2020-03-18,2020031801014847,SHIVM,58,7,180,502.00,"90,360.00"
2020-03-18,2020031801014846,SHIVM,58,6,100,502.00,"50,200.00"
2020-03-18,2020031801014965,SHIVM,58,48,180,500.00,"90,000.00"
2020-03-18,2020031801014964,SHIVM,32,48,200,500.00,"100,000.00"
2020-03-18,2020031801014946,SHIVM,38,7,500,500.00,"250,000.00"
2020-03-18,2020031801014928,SHIVM,53,38,100,500.00,"50,000.00"
2020-03-18,2020031801014901,SHIVM,58,6,100,503.00,"50,300.00"
2020-03-18,2020031801014849,SHIVM,58,25,500,503.00,"251,500.00"
2020-03-18,2020031801015026,SHIVM,40,44,200,498.00,"99,600.00"
2020-03-18,2020031801015025,SHIVM,38,44,420,498.00,"209,160.00"
2020-03-18,2020031801015003,SHIVM,38,5,80,498.00,"39,840.00"
2020-03-18,2020031801015002,SHIVM,41,5,20,499.00,"9,980.00"
2020-03-18,2020031801014991,SHIVM,17,34,100,500.00,"50,000.00"
2020-03-18,2020031801014967,SHIVM,58,5,480,500.00,"240,000.00"
2020-03-18,2020031801015128,SHIVM,57,4,50,497.00,"24,850.00"
2020-03-18,2020031801015127,SHIVM,58,4,100,497.00,"49,700.00"
2020-03-18,2020031801015126,SHIVM,13,4,50,497.00,"24,850.00"
2020-03-18,2020031801015049,SHIVM,38,5,95,497.00,"47,215.00"
2020-03-18,2020031801015044,SHIVM,38,52,105,497.00,"52,185.00"
2020-03-18,2020031801015043,SHIVM,45,52,395,497.00,"196,315.00"
2020-03-18,2020031801015112,SHL,13,36,100,159.00,"15,900.00"
2020-03-18,2020031801015247,SHPC,1,36,200,194.00,"38,800.00"
2020-03-18,2020031801015007,SHPC,1,28,"1,690",194.00,"327,860.00"
2020-03-18,2020031801015006,SHPC,56,28,100,194.00,"19,400.00"
2020-03-18,2020031801015005,SHPC,56,28,490,195.00,"95,550.00"
2020-03-18,2020031801015004,SHPC,11,28,20,196.00,"3,920.00"
2020-03-18,2020031801015071,SICL,58,48,80,827.00,"66,160.00"
2020-03-18,2020031801015070,SICL,19,48,20,827.00,"16,540.00"
2020-03-18,2020031801015069,SICL,58,48,100,828.00,"82,800.00"
2020-03-18,2020031801015008,SICL,6,28,100,828.00,"82,800.00"
2020-03-18,2020031801014995,SICL,6,47,100,828.00,"82,800.00"
2020-03-18,2020031801015253,SIL,14,44,25,437.00,"10,925.00"
2020-03-18,2020031801015252,SIL,10,44,50,437.00,"21,850.00"
2020-03-18,2020031801015251,SIL,44,44,45,438.00,"19,710.00"
2020-03-18,2020031801015250,SIL,34,44,20,446.00,"8,920.00"
2020-03-18,2020031801015264,SJCL,52,44,10,140.00,"1,400.00"
2020-03-18,2020031801014786,SJCL,52,6,20,141.00,"2,820.00"
2020-03-18,2020031801015108,SKBBL,39,18,30,980.00,"29,400.00"
2020-03-18,2020031801015107,SKBBL,19,18,10,980.00,"9,800.00"
2020-03-18,2020031801015106,SKBBL,1,18,100,981.00,"98,100.00"
2020-03-18,2020031801015105,SKBBL,46,18,10,981.00,"9,810.00"
2020-03-18,2020031801015048,SKBBL,7,22,500,982.00,"491,000.00"
2020-03-18,2020031801015203,SLICL,51,42,200,372.00,"74,400.00"
2020-03-18,2020031801015202,SLICL,44,42,100,372.00,"37,200.00"
2020-03-18,2020031801015201,SLICL,5,42,40,372.00,"14,880.00"
2020-03-18,2020031801015200,SLICL,17,42,100,373.00,"37,300.00"
2020-03-18,2020031801015077,SLICL,10,54,200,374.00,"74,800.00"
2020-03-18,2020031801015054,SLICL,49,7,45,376.00,"16,920.00"
2020-03-18,2020031801014880,SLICL,49,34,55,376.00,"20,680.00"
2020-03-18,2020031801014782,SMATA,44,44,140,660.00,"92,400.00"
2020-03-18,2020031801015171,SMFBS,45,50,10,875.00,"8,750.00"
2020-03-18,2020031801015141,SMFBS,45,25,10,875.00,"8,750.00"
2020-03-18,2020031801015135,SMFBS,45,50,90,875.00,"78,750.00"
2020-03-18,2020031801015114,SMFBS,45,34,180,875.00,"157,500.00"
2020-03-18,2020031801015022,SMFBS,45,25,10,875.00,"8,750.00"
2020-03-18,2020031801015175,SRBL,50,13,22,234.00,"5,148.00"
2020-03-18,2020031801014913,SRBL,49,13,178,234.00,"41,652.00"
2020-03-18,2020031801014912,SRBL,49,13,22,234.00,"5,148.00"
2020-03-18,2020031801014911,SRBL,57,1,500,233.00,"116,500.00"
2020-03-18,2020031801014843,SRBL,36,13,78,234.00,"18,252.00"
2020-03-18,2020031801015122,UIC,51,38,350,304.00,"106,400.00"
2020-03-18,2020031801015121,UIC,45,38,150,305.00,"45,750.00"
2020-03-18,2020031801015068,UIC,34,38,200,309.00,"61,800.00"
2020-03-18,2020031801015042,UIC,45,33,50,305.00,"15,250.00"
2020-03-18,2020031801015024,UPCL,49,39,460,72.00,"33,120.00"
2020-03-18,2020031801015053,UPPER,25,25,477,228.00,"108,756.00"
2020-03-18,2020031801015052,UPPER,45,25,23,228.00,"5,244.00"
2020-03-18,2020031801014818,UPPER,45,25,77,228.00,"17,556.00"
2020-03-18,2020031801014817,UPPER,16,25,200,228.00,"45,600.00"
2020-03-18,2020031801014816,UPPER,46,25,"1,000",228.00,"228,000.00"
2020-03-18,2020031801014815,UPPER,13,25,"1,000",228.00,"228,000.00"
2020-03-18,2020031801014808,UPPER,11,25,100,229.00,"22,900.00"
2020-03-18,2020031801014807,UPPER,22,25,150,229.00,"34,350.00"
2020-03-18,2020031801014806,UPPER,41,25,40,229.00,"9,160.00"
2020-03-18,2020031801014805,UPPER,55,25,100,229.00,"22,900.00"
2020-03-18,2020031801014814,UPPER,22,25,100,228.00,"22,800.00"
2020-03-18,2020031801014813,UPPER,14,25,200,228.00,"45,600.00"
2020-03-18,2020031801014812,UPPER,45,25,73,228.00,"16,644.00"
2020-03-18,2020031801014811,UPPER,44,25,"1,000",228.00,"228,000.00"
2020-03-18,2020031801014810,UPPER,22,25,"1,000",228.00,"228,000.00"
2020-03-18,2020031801014809,UPPER,13,25,960,228.00,"218,880.00"
2020-03-18,2020031801014775,ADBL,14,42,140,370.00,"51,800.00"
2020-03-18,2020031801014774,ADBL,25,42,99,371.00,"36,729.00"
2020-03-18,2020031801014555,AHPC,49,38,470,91.00,"42,770.00"
2020-03-18,2020031801014481,AHPC,17,38,500,91.00,"45,500.00"
2020-03-18,2020031801014480,AHPC,43,38,30,91.00,"2,730.00"
2020-03-18,2020031801014415,AHPC,43,33,10,91.00,910.00
2020-03-18,2020031801014730,AKPL,49,25,500,114.00,"57,000.00"
2020-03-18,2020031801014670,AKPL,33,25,714,112.00,"79,968.00"
2020-03-18,2020031801014657,AKPL,1,25,200,112.00,"22,400.00"
2020-03-18,2020031801014656,AKPL,36,25,200,112.00,"22,400.00"
2020-03-18,2020031801014655,AKPL,19,25,300,112.00,"33,600.00"
2020-03-18,2020031801014654,AKPL,46,25,300,112.00,"33,600.00"
2020-03-18,2020031801014436,AKPL,22,25,300,113.00,"33,900.00"
2020-03-18,2020031801014435,AKPL,19,25,50,114.00,"5,700.00"
2020-03-18,2020031801014434,AKPL,29,25,50,114.00,"5,700.00"
2020-03-18,2020031801014433,AKPL,53,25,35,114.00,"3,990.00"
2020-03-18,2020031801014356,AKPL,53,19,10,114.00,"1,140.00"
2020-03-18,2020031801014653,AKPL,51,25,"3,000",112.00,"336,000.00"
2020-03-18,2020031801014652,AKPL,17,25,951,112.00,"106,512.00"
2020-03-18,2020031801014651,AKPL,19,25,135,113.00,"15,255.00"
2020-03-18,2020031801014650,AKPL,11,25,200,114.00,"22,800.00"
2020-03-18,2020031801014437,AKPL,19,25,65,113.00,"7,345.00"
2020-03-18,2020031801014553,ALBSL,14,48,38,630.00,"23,940.00"
2020-03-18,2020031801014680,ALICL,21,21,33,480.00,"15,840.00"
2020-03-18,2020031801014676,ALICL,4,45,272,475.00,"129,200.00"
2020-03-18,2020031801014675,ALICL,45,45,10,480.00,"4,800.00"
2020-03-18,2020031801014674,ALICL,57,45,18,480.00,"8,640.00"
2020-03-18,2020031801014532,ALICL,57,21,32,480.00,"15,360.00"
2020-03-18,2020031801014412,API,25,39,20,104.00,"2,080.00"
2020-03-18,2020031801014334,API,36,45,198,102.00,"20,196.00"
2020-03-18,2020031801014333,API,39,45,50,102.00,"5,100.00"
2020-03-18,2020031801014332,API,49,45,100,102.00,"10,200.00"
2020-03-18,2020031801014331,API,26,45,394,102.00,"40,188.00"
2020-03-18,2020031801014330,API,43,45,200,103.00,"20,600.00"
2020-03-18,2020031801014329,API,21,45,50,103.00,"5,150.00"
2020-03-18,2020031801014328,API,19,45,10,103.00,"1,030.00"
2020-03-18,2020031801014362,BARUN,34,19,10,83.00,830.00
2020-03-18,2020031801014316,BBC,37,51,50,"1,623.00","81,150.00"
2020-03-18,2020031801014615,BNT,19,58,10,"6,500.00","65,000.00"
2020-03-18,2020031801014756,BOKL,43,13,"2,396",222.00,"531,912.00"
2020-03-18,2020031801014741,BOKL,43,29,104,222.00,"23,088.00"
2020-03-18,2020031801014713,BOKL,43,45,500,224.00,"112,000.00"
2020-03-18,2020031801014482,BOKL,39,7,450,223.00,"100,350.00"
2020-03-18,2020031801014461,BOKL,43,59,500,222.00,"111,000.00"
2020-03-18,2020031801014663,BPCL,46,26,11,321.00,"3,531.00"
2020-03-18,2020031801014609,BPCL,46,25,161,321.00,"51,681.00"
2020-03-18,2020031801014608,BPCL,22,25,50,321.00,"16,050.00"
2020-03-18,2020031801014607,BPCL,6,25,289,322.00,"93,058.00"
2020-03-18,2020031801014598,BPCL,6,26,11,322.00,"3,542.00"
2020-03-18,2020031801014659,CBL,28,33,100,138.00,"13,800.00"
2020-03-18,2020031801014542,CBL,40,33,"2,724",137.00,"373,188.00"
2020-03-18,2020031801014541,CBL,34,33,276,137.00,"37,812.00"
2020-03-18,2020031801014679,CHCL,14,51,10,374.00,"3,740.00"
2020-03-18,2020031801014563,CIT,57,54,100,"2,460.00","246,000.00"
2020-03-18,2020031801014562,CIT,57,35,20,"2,460.00","49,200.00"
2020-03-18,2020031801014422,CIT,40,54,190,"2,450.00","465,500.00"
2020-03-18,2020031801014407,CIT,45,54,10,"2,450.00","24,500.00"
2020-03-18,2020031801014389,CIT,37,51,10,"2,448.00","24,480.00"
2020-03-18,2020031801014642,CMF1,56,57,400,8.84,"3,536.00"
2020-03-18,2020031801014578,CZBIL,38,13,100,183.00,"18,300.00"
2020-03-18,2020031801014577,CZBIL,34,13,100,183.00,"18,300.00"
2020-03-18,2020031801014576,CZBIL,19,13,50,183.00,"9,150.00"
2020-03-18,2020031801014523,CZBIL,17,26,"1,000",185.00,"185,000.00"
2020-03-18,2020031801014442,CZBIL,48,26,100,185.00,"18,500.00"
2020-03-18,2020031801014293,CZBIL,52,26,50,185.00,"9,250.00"
2020-03-18,2020031801014755,DHPL,42,17,"1,500",50.00,"75,000.00"
2020-03-18,2020031801014695,DHPL,42,48,500,50.00,"25,000.00"
2020-03-18,2020031801014614,EBL,26,16,38,632.00,"24,016.00"
2020-03-18,2020031801014566,EBL,26,14,62,632.00,"39,184.00"
2020-03-18,2020031801014546,EBL,57,13,100,630.00,"63,000.00"
2020-03-18,2020031801014545,EBL,57,57,75,630.00,"47,250.00"
2020-03-18,2020031801014336,EBL,36,57,25,630.00,"15,750.00"
2020-03-18,2020031801014335,EBL,36,6,75,630.00,"47,250.00"
2020-03-18,2020031801014519,EDBL,45,44,300,367.00,"110,100.00"
2020-03-18,2020031801014426,EDBL,1,1,400,365.00,"146,000.00"
2020-03-18,2020031801014740,EIC,6,38,30,340.00,"10,200.00"
2020-03-18,2020031801014527,EIC,6,41,100,340.00,"34,000.00"
2020-03-18,2020031801014760,FMDBL,52,34,100,433.00,"43,300.00"
2020-03-18,2020031801014759,FMDBL,43,34,50,434.00,"21,700.00"
2020-03-18,2020031801014669,FMDBL,4,55,200,436.00,"87,200.00"
2020-03-18,2020031801014531,FOWAD,58,43,200,"1,366.00","273,200.00"
2020-03-18,2020031801014444,FOWAD,35,38,10,"1,367.00","13,670.00"
2020-03-18,2020031801014447,GBBL,47,5,133,219.00,"29,127.00"
2020-03-18,2020031801014425,GBBL,47,1,117,219.00,"25,623.00"
2020-03-18,2020031801014424,GBBL,47,45,10,219.00,"2,190.00"
2020-03-18,2020031801014295,GBBL,38,13,100,218.00,"21,800.00"
2020-03-18,2020031801014290,GBBL,57,13,50,218.00,"10,900.00"
2020-03-18,2020031801014712,GBIME,25,25,"1,799",254.00,"456,946.00"
2020-03-18,2020031801014696,GBIME,41,36,"1,000",254.00,"254,000.00"
2020-03-18,2020031801014640,GBIME,55,36,520,254.00,"132,080.00"
2020-03-18,2020031801014565,GBIME,58,36,80,254.00,"20,320.00"
2020-03-18,2020031801014536,GBIME,39,7,200,252.00,"50,400.00"
2020-03-18,2020031801014517,GBIME,39,36,300,254.00,"76,200.00"
2020-03-18,2020031801014364,GBIME,39,36,100,253.00,"25,300.00"
2020-03-18,2020031801014363,GBIME,21,36,200,253.00,"50,600.00"
2020-03-18,2020031801014308,GBIME,25,29,370,254.00,"93,980.00"
2020-03-18,2020031801014298,GBIME,25,33,314,253.00,"79,442.00"
2020-03-18,2020031801014284,GBIME,17,33,30,253.00,"7,590.00"
2020-03-18,2020031801014370,GBIME,51,36,200,251.00,"50,200.00"
2020-03-18,2020031801014369,GBIME,42,36,500,252.00,"126,000.00"
2020-03-18,2020031801014368,GBIME,42,36,20,252.00,"5,040.00"
2020-03-18,2020031801014367,GBIME,16,36,200,252.00,"50,400.00"
2020-03-18,2020031801014366,GBIME,45,36,100,252.00,"25,200.00"
2020-03-18,2020031801014365,GBIME,57,36,100,252.00,"25,200.00"
2020-03-18,2020031801014376,GBIME,40,36,500,251.00,"125,500.00"
2020-03-18,2020031801014375,GBIME,6,36,500,251.00,"125,500.00"
2020-03-18,2020031801014374,GBIME,28,36,400,251.00,"100,400.00"
2020-03-18,2020031801014373,GBIME,6,36,100,251.00,"25,100.00"
2020-03-18,2020031801014372,GBIME,53,36,"1,000",251.00,"251,000.00"
2020-03-18,2020031801014371,GBIME,52,36,50,251.00,"12,550.00"
2020-03-18,2020031801014432,GBIME,16,36,100,254.00,"25,400.00"
2020-03-18,2020031801014418,GBIME,59,44,10,255.00,"2,550.00"
2020-03-18,2020031801014399,GBIME,45,36,130,251.00,"32,630.00"
2020-03-18,2020031801014391,GBIME,34,28,300,250.00,"75,000.00"
2020-03-18,2020031801014386,GBIME,47,36,200,251.00,"50,200.00"
2020-03-18,2020031801014377,GBIME,34,36,200,251.00,"50,200.00"
2020-03-18,2020031801014747,GBLBS,55,34,25,410.00,"10,250.00"
2020-03-18,2020031801014746,GBLBS,36,34,200,410.00,"82,000.00"
2020-03-18,2020031801014745,GBLBS,41,34,30,410.00,"12,300.00"
2020-03-18,2020031801014744,GBLBS,52,34,15,412.00,"6,180.00"
2020-03-18,2020031801014630,GBLBS,39,22,100,415.00,"41,500.00"
2020-03-18,2020031801014554,GBLBS,50,22,40,415.00,"16,600.00"
2020-03-18,2020031801014526,GBLBS,50,41,10,415.00,"4,150.00"
2020-03-18,2020031801014520,GBLBS,55,1,20,417.00,"8,340.00"
2020-03-18,2020031801014503,GBLBS,53,34,90,416.00,"37,440.00"
2020-03-18,2020031801014492,GBLBS,52,34,10,416.00,"4,160.00"
2020-03-18,2020031801014483,GFCL,22,22,50,134.00,"6,700.00"
2020-03-18,2020031801014449,GFCL,52,22,100,134.00,"13,400.00"
2020-03-18,2020031801014459,GILB,38,36,40,"1,161.00","46,440.00"
2020-03-18,2020031801014466,GLBSL,28,14,50,615.00,"30,750.00"
2020-03-18,2020031801014502,GLICL,48,47,87,400.00,"34,800.00"
2020-03-18,2020031801014501,GLICL,48,42,13,400.00,"5,200.00"
2020-03-18,2020031801014684,GMFIL,19,38,12,122.00,"1,464.00"
2020-03-18,2020031801014683,GMFIL,19,13,272,122.00,"33,184.00"
2020-03-18,2020031801014515,GMFIL,35,13,50,122.00,"6,100.00"
2020-03-18,2020031801014468,GMFIL,22,13,50,122.00,"6,100.00"
2020-03-18,2020031801014738,GRDBL,35,39,150,106.00,"15,900.00"
2020-03-18,2020031801014737,GRDBL,35,39,150,106.00,"15,900.00"
2020-03-18,2020031801014736,GRDBL,37,39,490,106.00,"51,940.00"
2020-03-18,2020031801014735,GRDBL,52,39,100,107.00,"10,700.00"
2020-03-18,2020031801014734,GRDBL,41,39,10,108.00,"1,080.00"
2020-03-18,2020031801014606,HDL,38,33,30,"1,350.00","40,500.00"
2020-03-18,2020031801014591,HDL,36,55,100,"1,348.00","134,800.00"
2020-03-18,2020031801014708,HGI,36,22,10,339.00,"3,390.00"
2020-03-18,2020031801014361,HPPL,5,49,10,137.00,"1,370.00"
2020-03-18,2020031801014360,HPPL,5,55,210,137.00,"28,770.00"
2020-03-18,2020031801014355,HPPL,5,49,12,137.00,"1,644.00"
2020-03-18,2020031801014694,ILBS,49,33,10,675.00,"6,750.00"
2020-03-18,2020031801014693,ILBS,49,5,50,675.00,"33,750.00"
2020-03-18,2020031801014673,ILBS,47,26,10,662.00,"6,620.00"
2020-03-18,2020031801014510,JBBL,36,21,200,175.00,"35,000.00"
2020-03-18,2020031801014509,JBBL,36,35,200,175.00,"35,000.00"
2020-03-18,2020031801014508,JBBL,36,44,500,174.00,"87,000.00"
2020-03-18,2020031801014507,JBBL,36,47,25,174.00,"4,350.00"
2020-03-18,2020031801014506,JBBL,36,41,500,172.00,"86,000.00"
2020-03-18,2020031801014505,JBBL,36,36,300,172.00,"51,600.00"
2020-03-18,2020031801014490,JBBL,36,22,78,170.00,"13,260.00"
2020-03-18,2020031801014489,JBBL,36,14,500,170.00,"85,000.00"
2020-03-18,2020031801014488,JBBL,36,38,200,170.00,"34,000.00"
2020-03-18,2020031801014485,JBBL,36,14,100,169.00,"16,900.00"
2020-03-18,2020031801014484,JBBL,36,57,500,169.00,"84,500.00"
2020-03-18,2020031801014780,KBL,17,59,280,185.00,"51,800.00"
2020-03-18,2020031801014550,KBL,17,13,70,185.00,"12,950.00"
2020-03-18,2020031801014549,KBL,17,3,600,185.00,"111,000.00"
2020-03-18,2020031801014463,KBL,38,5,"1,000",184.00,"184,000.00"
2020-03-18,2020031801014457,KBL,38,32,10,184.00,"1,840.00"
2020-03-18,2020031801014456,KBL,38,7,"1,000",184.00,"184,000.00"
2020-03-18,2020031801014455,KBL,38,45,300,184.00,"55,200.00"
2020-03-18,2020031801014402,KBL,48,49,179,183.00,"32,757.00"
2020-03-18,2020031801014569,LBL,54,53,30,207.00,"6,210.00"
2020-03-18,2020031801014564,LBL,52,53,50,207.00,"10,350.00"
2020-03-18,2020031801014516,LBL,25,41,112,206.00,"23,072.00"
2020-03-18,2020031801014346,LBL,36,34,"1,000",207.00,"207,000.00"
2020-03-18,2020031801014750,LICN,57,17,100,"1,200.00","120,000.00"
2020-03-18,2020031801014599,LICN,38,17,200,"1,200.00","240,000.00"
2020-03-18,2020031801014568,LICN,57,17,100,"1,200.00","120,000.00"
2020-03-18,2020031801014544,LICN,1,17,100,"1,200.00","120,000.00"
2020-03-18,2020031801014351,LICN,25,17,20,"1,200.00","24,000.00"
2020-03-18,2020031801014529,LICN,10,17,100,"1,200.00","120,000.00"
2020-03-18,2020031801014458,LICN,25,20,11,"1,207.00","13,277.00"
2020-03-18,2020031801014431,LICN,10,17,280,"1,200.00","336,000.00"
2020-03-18,2020031801014419,LICN,10,17,200,"1,200.00","240,000.00"
2020-03-18,2020031801014296,MDB,4,52,10,334.00,"3,340.00"
2020-03-18,2020031801014778,MEGA,36,33,950,203.00,"192,850.00"
2020-03-18,2020031801014758,MEGA,36,22,50,203.00,"10,150.00"
2020-03-18,2020031801014731,MEGA,10,11,805,203.00,"163,415.00"
2020-03-18,2020031801014718,MEGA,16,11,500,203.00,"101,500.00"
2020-03-18,2020031801014709,MEGA,10,11,"1,000",203.00,"203,000.00"
2020-03-18,2020031801014682,MEGA,19,11,50,203.00,"10,150.00"
2020-03-18,2020031801014514,MEGA,38,11,100,203.00,"20,300.00"
2020-03-18,2020031801014454,MEGA,11,11,30,203.00,"6,090.00"
2020-03-18,2020031801014460,MERO,58,14,20,549.00,"10,980.00"
2020-03-18,2020031801014448,MFIL,11,52,20,260.00,"5,200.00"
2020-03-18,2020031801014416,MFIL,47,52,360,260.00,"93,600.00"
2020-03-18,2020031801014513,MHNL,34,3,30,83.00,"2,490.00"
2020-03-18,2020031801014776,MLBBL,41,48,70,626.00,"43,820.00"
2020-03-18,2020031801014772,MNBBL,52,13,10,297.00,"2,970.00"
2020-03-18,2020031801014771,MNBBL,48,13,100,297.00,"29,700.00"
2020-03-18,2020031801014770,MNBBL,52,13,50,297.00,"14,850.00"
2020-03-18,2020031801014769,MNBBL,41,13,500,297.00,"148,500.00"
2020-03-18,2020031801014768,MNBBL,42,13,200,297.00,"59,400.00"
2020-03-18,2020031801014767,MNBBL,53,13,50,297.00,"14,850.00"
2020-03-18,2020031801014493,MNBBL,16,56,300,298.00,"89,400.00"
2020-03-18,2020031801014471,MNBBL,3,56,30,298.00,"8,940.00"
2020-03-18,2020031801014470,MNBBL,29,56,20,298.00,"5,960.00"
2020-03-18,2020031801014395,MNBBL,25,11,43,299.00,"12,857.00"
2020-03-18,2020031801014305,MNBBL,17,13,30,299.00,"8,970.00"
2020-03-18,2020031801014304,MNBBL,57,13,100,299.00,"29,900.00"
2020-03-18,2020031801014766,MNBBL,43,13,50,297.00,"14,850.00"
2020-03-18,2020031801014739,MNBBL,1,56,100,298.00,"29,800.00"
2020-03-18,2020031801014723,MNBBL,34,56,10,298.00,"2,980.00"
2020-03-18,2020031801014686,MNBBL,29,56,100,298.00,"29,800.00"
2020-03-18,2020031801014540,MNBBL,25,56,100,298.00,"29,800.00"
2020-03-18,2020031801014504,MNBBL,35,56,20,298.00,"5,960.00"
2020-03-18,2020031801014662,NABIL,34,14,60,725.00,"43,500.00"
2020-03-18,2020031801014552,NABIL,53,14,50,725.00,"36,250.00"
2020-03-18,2020031801014522,NABIL,57,13,100,724.00,"72,400.00"
2020-03-18,2020031801014408,NABIL,52,57,100,725.00,"72,500.00"
2020-03-18,2020031801014404,NABIL,36,25,64,727.00,"46,528.00"
2020-03-18,2020031801014398,NABIL,36,14,36,727.00,"26,172.00"
2020-03-18,2020031801014318,NABIL,52,19,100,725.00,"72,500.00"
2020-03-18,2020031801014317,NABIL,49,14,100,720.00,"72,000.00"
2020-03-18,2020031801014292,NABIL,49,57,20,728.00,"14,560.00"
2020-03-18,2020031801014677,NADEP,19,39,23,541.00,"12,443.00"
2020-03-18,2020031801014574,NADEP,14,34,20,542.00,"10,840.00"
2020-03-18,2020031801014573,NADEP,51,34,25,542.00,"13,550.00"
2020-03-18,2020031801014572,NADEP,1,34,200,542.00,"108,400.00"
2020-03-18,2020031801014571,NADEP,26,34,12,549.00,"6,588.00"
2020-03-18,2020031801014570,NADEP,16,34,20,549.00,"10,980.00"
2020-03-18,2020031801014648,NBB,54,49,30,197.00,"5,910.00"
2020-03-18,2020031801014647,NBB,52,49,300,197.00,"59,100.00"
2020-03-18,2020031801014646,NBB,33,49,"1,000",197.00,"197,000.00"
2020-03-18,2020031801014645,NBB,14,49,100,197.00,"19,700.00"
2020-03-18,2020031801014644,NBB,34,49,10,197.00,"1,970.00"
2020-03-18,2020031801014467,NBB,46,49,466,198.00,"92,268.00"
2020-03-18,2020031801014283,NBB,19,6,300,198.00,"59,400.00"
2020-03-18,2020031801014282,NBB,49,6,113,198.00,"22,374.00"
2020-03-18,2020031801014631,NBL,54,44,30,258.00,"7,740.00"
2020-03-18,2020031801014625,NBL,19,44,200,258.00,"51,600.00"
2020-03-18,2020031801014594,NBL,21,34,"1,000",256.00,"256,000.00"
2020-03-18,2020031801014593,NBL,21,34,"1,000",256.00,"256,000.00"
2020-03-18,2020031801014592,NBL,34,34,300,256.00,"76,800.00"
2020-03-18,2020031801014528,NBL,34,57,200,256.00,"51,200.00"
2020-03-18,2020031801014474,NBL,58,10,100,256.00,"25,600.00"
2020-03-18,2020031801014473,NBL,57,10,100,256.00,"25,600.00"
2020-03-18,2020031801014453,NBL,36,14,562,258.00,"144,996.00"
2020-03-18,2020031801014420,NBL,11,14,20,258.00,"5,160.00"
2020-03-18,2020031801014357,NBL,45,14,418,258.00,"107,844.00"
2020-03-18,2020031801014285,NBL,17,50,40,259.00,"10,360.00"
2020-03-18,2020031801014491,NBL,36,14,100,258.00,"25,800.00"
2020-03-18,2020031801014479,NBL,41,10,89,255.00,"22,695.00"
2020-03-18,2020031801014478,NBL,29,10,200,255.00,"51,000.00"
2020-03-18,2020031801014477,NBL,38,10,100,255.00,"25,500.00"
2020-03-18,2020031801014476,NBL,36,10,200,255.00,"51,000.00"
2020-03-18,2020031801014475,NBL,11,10,20,255.00,"5,100.00"
2020-03-18,2020031801014556,NCCB,54,36,30,178.00,"5,340.00"
2020-03-18,2020031801014315,NCCB,43,55,32,178.00,"5,696.00"
2020-03-18,2020031801014543,NHPC,22,7,300,52.00,"15,600.00"
2020-03-18,2020031801014340,NHPC,48,7,50,52.00,"2,600.00"
2020-03-18,2020031801014350,NIB,5,39,30,382.00,"11,460.00"
2020-03-18,2020031801014711,NICA,34,5,210,508.00,"106,680.00"
2020-03-18,2020031801014710,NICA,34,5,290,508.00,"147,320.00"
2020-03-18,2020031801014661,NICA,8,5,200,508.00,"101,600.00"
2020-03-18,2020031801014639,NICA,36,22,"2,000",505.00,"1,010,000.00"
2020-03-18,2020031801014511,NICA,28,5,10,508.00,"5,080.00"
2020-03-18,2020031801014487,NICA,25,16,21,507.00,"10,647.00"
2020-03-18,2020031801014486,NICA,25,52,29,505.00,"14,645.00"
2020-03-18,2020031801014452,NICA,36,52,951,505.00,"480,255.00"
2020-03-18,2020031801014451,NICA,17,52,20,506.00,"10,120.00"
2020-03-18,2020031801014406,NICA,36,1,49,505.00,"24,745.00"
2020-03-18,2020031801014405,NICA,34,1,200,506.00,"101,200.00"
2020-03-18,2020031801014689,NICL,28,19,100,371.00,"37,100.00"
2020-03-18,2020031801014688,NICL,28,35,100,370.00,"37,000.00"
2020-03-18,2020031801014616,NICL,43,43,10,372.00,"3,720.00"
2020-03-18,2020031801014584,NICL,17,5,100,370.00,"37,000.00"
2020-03-18,2020031801014583,NICL,17,21,20,370.00,"7,400.00"
2020-03-18,2020031801014582,NICL,17,58,200,370.00,"74,000.00"
2020-03-18,2020031801014348,NICL,43,38,10,345.00,"3,450.00"
2020-03-18,2020031801014533,NICL,43,49,200,366.00,"73,200.00"
2020-03-18,2020031801014521,NICL,43,58,100,365.00,"36,500.00"
2020-03-18,2020031801014497,NICL,43,38,40,358.00,"14,320.00"
2020-03-18,2020031801014496,NICL,43,33,290,351.00,"101,790.00"
2020-03-18,2020031801014495,NICL,43,38,40,350.00,"14,000.00"
2020-03-18,2020031801014388,NICL,43,33,10,351.00,"3,510.00"
2020-03-18,2020031801014581,NICL,17,45,140,370.00,"51,800.00"
2020-03-18,2020031801014559,NICL,43,45,50,370.00,"18,500.00"
2020-03-18,2020031801014558,NICL,43,58,100,369.00,"36,900.00"
2020-03-18,2020031801014557,NICL,43,1,50,368.00,"18,400.00"
2020-03-18,2020031801014535,NICL,43,1,50,368.00,"18,400.00"
2020-03-18,2020031801014534,NICL,43,52,100,367.00,"36,700.00"
2020-03-18,2020031801014637,NIL,58,16,336,480.00,"161,280.00"
2020-03-18,2020031801014323,NIL,14,59,200,479.00,"95,800.00"
2020-03-18,2020031801014322,NIL,49,59,200,480.00,"96,000.00"
2020-03-18,2020031801014465,NLBBL,39,59,130,639.00,"83,070.00"
2020-03-18,2020031801014464,NLBBL,39,38,200,639.00,"127,800.00"
2020-03-18,2020031801014301,NLG,19,32,90,535.00,"48,150.00"
2020-03-18,2020031801014300,NLG,20,32,10,537.00,"5,370.00"
2020-03-18,2020031801014754,NLIC,5,36,286,"1,050.00","300,300.00"
2020-03-18,2020031801014753,NLIC,5,57,100,"1,049.00","104,900.00"
2020-03-18,2020031801014748,NLIC,45,36,100,"1,050.00","105,000.00"
2020-03-18,2020031801014743,NLIC,50,58,100,"1,045.00","104,500.00"
2020-03-18,2020031801014732,NLIC,50,50,100,"1,040.00","104,000.00"
2020-03-18,2020031801014728,NLIC,32,5,120,"1,035.00","124,200.00"
2020-03-18,2020031801014381,NLIC,44,25,81,"1,036.00","83,916.00"
2020-03-18,2020031801014359,NLIC,33,25,36,"1,036.00","37,296.00"
2020-03-18,2020031801014358,NLIC,48,25,83,"1,036.00","85,988.00"
2020-03-18,2020031801014320,NLIC,32,55,72,"1,039.00","74,808.00"
2020-03-18,2020031801014319,NLIC,32,7,28,"1,039.00","29,092.00"
2020-03-18,2020031801014450,NLIC,10,54,35,"1,040.00","36,400.00"
2020-03-18,2020031801014445,NLIC,44,35,297,"1,036.00","307,692.00"
2020-03-18,2020031801014438,NLIC,45,55,28,"1,039.00","29,092.00"
2020-03-18,2020031801014403,NLIC,44,35,22,"1,036.00","22,792.00"
2020-03-18,2020031801014392,NLIC,44,21,300,"1,036.00","310,800.00"
2020-03-18,2020031801014390,NLIC,44,21,300,"1,036.00","310,800.00"
2020-03-18,2020031801014547,NLIC,58,54,25,"1,040.00","26,000.00"
2020-03-18,2020031801014539,NLIC,5,54,10,"1,040.00","10,400.00"
2020-03-18,2020031801014530,NLIC,39,54,100,"1,040.00","104,000.00"
2020-03-18,2020031801014524,NLIC,17,54,50,"1,040.00","52,000.00"
2020-03-18,2020031801014512,NLIC,5,54,50,"1,040.00","52,000.00"
2020-03-18,2020031801014462,NLIC,57,54,30,"1,040.00","31,200.00"
2020-03-18,2020031801014668,NLIC,5,49,25,"1,045.00","26,125.00"
2020-03-18,2020031801014667,NLIC,5,10,75,"1,040.00","78,000.00"
2020-03-18,2020031801014633,NLIC,55,10,125,"1,040.00","130,000.00"
2020-03-18,2020031801014632,NLIC,55,17,325,"1,040.00","338,000.00"
2020-03-18,2020031801014605,NLIC,10,17,100,"1,040.00","104,000.00"
2020-03-18,2020031801014548,NLIC,58,17,75,"1,040.00","78,000.00"
2020-03-18,2020031801014702,NLIC,34,46,400,"1,049.00","419,600.00"
2020-03-18,2020031801014701,NLIC,34,7,45,"1,049.00","47,205.00"
2020-03-18,2020031801014700,NLIC,34,58,"1,000","1,046.00","1,046,000.00"
2020-03-18,2020031801014699,NLIC,34,49,75,"1,045.00","78,375.00"
2020-03-18,2020031801014698,NLIC,34,25,30,"1,044.00","31,320.00"
2020-03-18,2020031801014697,NLIC,34,39,40,"1,040.00","41,600.00"
2020-03-18,2020031801014727,NLIC,54,5,40,"1,035.00","41,400.00"
2020-03-18,2020031801014726,NLIC,34,5,10,"1,035.00","10,350.00"
2020-03-18,2020031801014725,NLIC,6,5,30,"1,040.00","31,200.00"
2020-03-18,2020031801014705,NLIC,34,36,"1,214","1,050.00","1,274,700.00"
2020-03-18,2020031801014704,NLIC,34,45,96,"1,050.00","100,800.00"
2020-03-18,2020031801014703,NLIC,34,46,100,"1,050.00","105,000.00"
2020-03-18,2020031801014724,NLICL,6,32,50,579.00,"28,950.00"
2020-03-18,2020031801014687,NLICL,6,32,10,579.00,"5,790.00"
2020-03-18,2020031801014729,NMB,38,33,100,388.00,"38,800.00"
2020-03-18,2020031801014722,NMB,1,44,50,389.00,"19,450.00"
2020-03-18,2020031801014714,NMB,38,32,100,388.00,"38,800.00"
2020-03-18,2020031801014635,NMB,50,33,132,390.00,"51,480.00"
2020-03-18,2020031801014627,NMB,28,58,10,391.00,"3,910.00"
2020-03-18,2020031801014622,NMB,57,34,150,392.00,"58,800.00"
2020-03-18,2020031801014384,NMB,6,28,500,385.00,"192,500.00"
2020-03-18,2020031801014383,NMB,6,57,500,385.00,"192,500.00"
2020-03-18,2020031801014382,NMB,6,57,15,385.00,"5,775.00"
2020-03-18,2020031801014287,NMB,16,6,100,383.00,"38,300.00"
2020-03-18,2020031801014586,NMB,41,13,55,390.00,"21,450.00"
2020-03-18,2020031801014585,NMB,41,25,100,390.00,"39,000.00"
2020-03-18,2020031801014500,NMB,25,13,20,390.00,"7,800.00"
2020-03-18,2020031801014499,NMB,25,33,80,386.00,"30,880.00"
2020-03-18,2020031801014494,NMB,28,33,10,386.00,"3,860.00"
2020-03-18,2020031801014385,NMB,6,19,100,385.00,"38,500.00"
2020-03-18,2020031801014612,NMB,50,33,368,390.00,"143,520.00"
2020-03-18,2020031801014611,NMB,45,33,30,390.00,"11,700.00"
2020-03-18,2020031801014610,NMB,41,33,102,390.00,"39,780.00"
2020-03-18,2020031801014601,NMB,7,25,50,391.00,"19,550.00"
2020-03-18,2020031801014600,NMB,7,49,90,391.00,"35,190.00"
2020-03-18,2020031801014587,NMB,41,16,126,390.00,"49,140.00"
2020-03-18,2020031801014441,NMBMF,50,45,50,751.00,"37,550.00"
2020-03-18,2020031801014307,NMBMF,17,7,100,760.00,"76,000.00"
2020-03-18,2020031801014764,NMFBS,41,34,15,"1,560.00","23,400.00"
2020-03-18,2020031801014763,NMFBS,41,45,10,"1,560.00","15,600.00"
2020-03-18,2020031801014762,NMFBS,41,35,30,"1,555.00","46,650.00"
2020-03-18,2020031801014752,NMFBS,41,21,50,"1,546.00","77,300.00"
2020-03-18,2020031801014751,NMFBS,41,22,15,"1,530.00","22,950.00"
2020-03-18,2020031801014733,NSEWA,43,19,10,611.00,"6,110.00"
2020-03-18,2020031801014678,NTC,52,25,297,609.00,"180,873.00"
2020-03-18,2020031801014469,NTC,25,34,10,610.00,"6,100.00"
2020-03-18,2020031801014281,NTC,6,41,170,607.00,"103,190.00"
2020-03-18,2020031801014311,NUBL,16,38,50,900.00,"45,000.00"
2020-03-18,2020031801014773,PCBL,6,45,500,264.00,"132,000.00"
2020-03-18,2020031801014692,PCBL,11,45,200,264.00,"52,800.00"
2020-03-18,2020031801014691,PCBL,56,45,200,264.00,"52,800.00"
2020-03-18,2020031801014690,PCBL,42,45,100,264.00,"26,400.00"
2020-03-18,2020031801014430,PCBL,58,42,200,265.00,"53,000.00"
2020-03-18,2020031801014429,PCBL,38,42,100,265.00,"26,500.00"
2020-03-18,2020031801014428,PCBL,42,42,150,265.00,"39,750.00"
2020-03-18,2020031801014427,PCBL,49,42,25,265.00,"6,625.00"
2020-03-18,2020031801014291,PCBL,17,25,20,269.00,"5,380.00"
2020-03-18,2020031801014749,PFL,32,34,106,150.00,"15,900.00"
2020-03-18,2020031801014624,PFL,45,34,100,150.00,"15,000.00"
2020-03-18,2020031801014623,PFL,43,34,190,151.00,"28,690.00"
2020-03-18,2020031801014721,PIC,17,32,30,497.00,"14,910.00"
2020-03-18,2020031801014660,PIC,39,19,50,506.00,"25,300.00"
2020-03-18,2020031801014620,PIC,17,26,11,497.00,"5,467.00"
2020-03-18,2020031801014353,PIC,17,42,50,496.00,"24,800.00"
2020-03-18,2020031801014297,PPCL,34,33,10,105.00,"1,050.00"
2020-03-18,2020031801014286,PRIN,38,6,750,360.00,"270,000.00"
2020-03-18,2020031801014720,PRVU,43,22,500,227.00,"113,500.00"
2020-03-18,2020031801014643,PRVU,29,22,30,227.00,"6,810.00"
2020-03-18,2020031801014621,PRVU,22,22,200,227.00,"45,400.00"
2020-03-18,2020031801014619,PRVU,54,22,30,227.00,"6,810.00"
2020-03-18,2020031801014580,PRVU,36,14,218,226.00,"49,268.00"
2020-03-18,2020031801014579,PRVU,36,19,226,226.00,"51,076.00"
2020-03-18,2020031801014443,PRVU,4,22,10,227.00,"2,270.00"
2020-03-18,2020031801014397,PRVU,32,34,200,225.00,"45,000.00"
2020-03-18,2020031801014396,PRVU,32,6,315,225.00,"70,875.00"
2020-03-18,2020031801014326,PRVU,33,45,139,224.00,"31,136.00"
2020-03-18,2020031801014309,PRVU,37,6,635,225.00,"142,875.00"
2020-03-18,2020031801014354,RBCLPO,59,33,10,"7,550.00","75,500.00"
2020-03-18,2020031801014596,RHPC,37,34,19,79.00,"1,501.00"
2020-03-18,2020031801014595,RHPC,37,29,20,79.00,"1,580.00"
2020-03-18,2020031801014387,RHPC,1,29,500,78.00,"39,000.00"
2020-03-18,2020031801014719,RHPL,14,34,10,153.00,"1,530.00"
2020-03-18,2020031801014666,RHPL,49,26,40,152.00,"6,080.00"
2020-03-18,2020031801014613,RHPL,49,26,40,152.00,"6,080.00"
2020-03-18,2020031801014380,RHPL,17,34,100,153.00,"15,300.00"
2020-03-18,2020031801014349,RHPL,5,34,50,153.00,"7,650.00"
2020-03-18,2020031801014314,RHPL,52,34,80,153.00,"12,240.00"
2020-03-18,2020031801014303,RHPL,49,33,40,152.00,"6,080.00"
2020-03-18,2020031801014588,RMDC,5,46,100,602.00,"60,200.00"
2020-03-18,2020031801014414,RMDC,57,41,10,604.00,"6,040.00"
2020-03-18,2020031801014413,RMDC,45,41,35,615.00,"21,525.00"
2020-03-18,2020031801014312,RMDC,45,49,15,615.00,"9,225.00"
2020-03-18,2020031801014411,SABSL,13,57,80,745.00,"59,600.00"
2020-03-18,2020031801014410,SABSL,13,44,70,745.00,"52,150.00"
2020-03-18,2020031801014409,SABSL,13,6,50,745.00,"37,250.00"
2020-03-18,2020031801014590,SAEF,56,57,250,8.90,"2,225.00"
2020-03-18,2020031801014681,SANIMA,4,49,253,324.00,"81,972.00"
2020-03-18,2020031801014641,SANIMA,36,49,100,324.00,"32,400.00"
2020-03-18,2020031801014597,SANIMA,44,49,200,324.00,"64,800.00"
2020-03-18,2020031801014417,SANIMA,17,14,10,323.00,"3,230.00"
2020-03-18,2020031801014777,SAPDBL,45,25,100,124.00,"12,400.00"
2020-03-18,2020031801014742,SBI,52,1,20,409.00,"8,180.00"
2020-03-18,2020031801014302,SBI,49,34,40,405.00,"16,200.00"
2020-03-18,2020031801014294,SBI,36,34,200,406.00,"81,200.00"
2020-03-18,2020031801014289,SBI,50,34,300,407.00,"122,100.00"
2020-03-18,2020031801014685,SBL,34,16,180,292.00,"52,560.00"
2020-03-18,2020031801014634,SBL,52,16,20,292.00,"5,840.00"
2020-03-18,2020031801014347,SBL,8,45,100,291.00,"29,100.00"
2020-03-18,2020031801014339,SBL,21,13,200,292.00,"58,400.00"
2020-03-18,2020031801014338,SBL,45,13,200,292.00,"58,400.00"
2020-03-18,2020031801014765,SCB,59,55,25,600.00,"15,000.00"
2020-03-18,2020031801014638,SCB,1,55,350,600.00,"210,000.00"
2020-03-18,2020031801014629,SCB,1,57,100,600.00,"60,000.00"
2020-03-18,2020031801014628,SCB,1,52,50,600.00,"30,000.00"
2020-03-18,2020031801014602,SCB,25,13,124,600.00,"74,400.00"
2020-03-18,2020031801014313,SCB,53,17,100,600.00,"60,000.00"
2020-03-18,2020031801014378,SCB,39,22,15,600.00,"9,000.00"
2020-03-18,2020031801014345,SCB,36,45,100,600.00,"60,000.00"
2020-03-18,2020031801014344,SCB,36,37,500,600.00,"300,000.00"
2020-03-18,2020031801014343,SCB,36,1,397,600.00,"238,200.00"
2020-03-18,2020031801014342,SCB,36,1,"1,230",600.00,"738,000.00"
2020-03-18,2020031801014341,SCB,36,17,100,600.00,"60,000.00"
2020-03-18,2020031801014379,SCB,39,44,85,605.00,"51,425.00"
2020-03-18,2020031801014649,SHINE,44,45,50,264.00,"13,200.00"
2020-03-18,2020031801014618,SHINE,44,59,100,263.00,"26,300.00"
2020-03-18,2020031801014589,SHINE,44,45,10,259.00,"2,590.00"
2020-03-18,2020031801014561,SHIVM,45,7,105,497.00,"52,185.00"
2020-03-18,2020031801014560,SHIVM,57,7,200,500.00,"100,000.00"
2020-03-18,2020031801014525,SHIVM,19,6,200,503.00,"100,600.00"
2020-03-18,2020031801014472,SHIVM,42,5,20,504.00,"10,080.00"
2020-03-18,2020031801014401,SHIVM,58,48,50,500.00,"25,000.00"
2020-03-18,2020031801014400,SHIVM,25,48,70,500.00,"35,000.00"
2020-03-18,2020031801014394,SHIVM,45,35,500,501.00,"250,500.00"
2020-03-18,2020031801014393,SHIVM,36,35,250,501.00,"125,250.00"
2020-03-18,2020031801014310,SHIVM,36,6,250,501.00,"125,250.00"
2020-03-18,2020031801014299,SHIVM,35,6,50,502.00,"25,100.00"
2020-03-18,2020031801014439,SHPC,11,57,50,197.00,"9,850.00"
2020-03-18,2020031801014761,SIC,34,28,10,580.00,"5,800.00"
2020-03-18,2020031801014421,SIFC,49,28,169,153.00,"25,857.00"
2020-03-18,2020031801014757,SIL,44,34,455,438.00,"199,290.00"
2020-03-18,2020031801014337,SJCL,52,42,10,142.00,"1,420.00"
2020-03-18,2020031801014327,SJCL,5,45,20,141.00,"2,820.00"
2020-03-18,2020031801014306,SJCL,52,33,20,140.00,"2,800.00"
2020-03-18,2020031801014672,SJCL,52,26,10,140.00,"1,400.00"
2020-03-18,2020031801014671,SJCL,5,26,10,141.00,"1,410.00"
2020-03-18,2020031801014617,SJCL,5,26,20,141.00,"2,820.00"
2020-03-18,2020031801014352,SJCL,52,42,40,142.00,"5,680.00"
2020-03-18,2020031801014658,SKBBL,55,22,150,983.00,"147,450.00"
2020-03-18,2020031801014717,SLBBL,55,45,100,758.00,"75,800.00"
2020-03-18,2020031801014636,SLICL,10,1,296,379.00,"112,184.00"
2020-03-18,2020031801014626,SLICL,10,50,100,377.00,"37,700.00"
2020-03-18,2020031801014538,SLICL,10,41,55,374.00,"20,570.00"
2020-03-18,2020031801014537,SLICL,11,41,45,375.00,"16,875.00"
2020-03-18,2020031801014498,SLICL,44,19,100,377.00,"37,700.00"
2020-03-18,2020031801014707,SMATA,44,33,60,660.00,"39,600.00"
2020-03-18,2020031801014706,SMATA,17,33,40,661.00,"26,440.00"
2020-03-18,2020031801014575,SMATA,17,16,10,673.00,"6,730.00"
2020-03-18,2020031801014779,SMB,43,34,10,751.00,"7,510.00"
2020-03-18,2020031801014446,SMFBS,45,7,50,888.00,"44,400.00"
2020-03-18,2020031801014440,SMFBS,45,48,50,887.00,"44,350.00"
2020-03-18,2020031801014423,SMFBS,45,57,50,886.00,"44,300.00"
2020-03-18,2020031801014603,SRBL,54,49,30,235.00,"7,050.00"
2020-03-18,2020031801014325,SRBL,36,38,30,234.00,"7,020.00"
2020-03-18,2020031801014324,SRBL,36,57,392,234.00,"91,728.00"
2020-03-18,2020031801014321,TMDBL,58,48,400,177.00,"70,800.00"
2020-03-18,2020031801014665,TRH,1,51,85,214.00,"18,190.00"
2020-03-18,2020031801014664,TRH,1,29,100,214.00,"21,400.00"
2020-03-18,2020031801014716,UIC,49,49,500,306.00,"153,000.00"
2020-03-18,2020031801014715,UIC,28,49,400,306.00,"122,400.00"
2020-03-18,2020031801014567,UIC,36,55,200,309.00,"61,800.00"
2020-03-18,2020031801014551,UIC,16,55,300,309.00,"92,700.00"
2020-03-18,2020031801014288,UIC,10,48,200,305.00,"61,000.00"
2020-03-18,2020031801014604,UPPER,1,26,42,229.00,"9,618.00"
2020-03-18,2020031801014518,UPPER,25,34,50,232.00,"11,600.00"
2020-03-18,2020031801014224,ADBL,58,45,100,375.00,"37,500.00"
2020-03-18,2020031801014213,ADBL,36,14,"1,091",371.00,"404,761.00"
2020-03-18,2020031801014184,ADBL,34,45,23,375.00,"8,625.00"
2020-03-18,2020031801013794,ADBL,41,26,25,370.00,"9,250.00"
2020-03-18,2020031801013793,ADBL,39,26,"1,000",370.00,"370,000.00"
2020-03-18,2020031801013792,ADBL,57,26,20,370.00,"7,400.00"
2020-03-18,2020031801013791,ADBL,51,26,51,370.00,"18,870.00"
2020-03-18,2020031801013975,ADBL,34,58,300,372.00,"111,600.00"
2020-03-18,2020031801013974,ADBL,34,49,100,372.00,"37,200.00"
2020-03-18,2020031801013973,ADBL,34,14,641,371.00,"237,811.00"
2020-03-18,2020031801013936,ADBL,56,10,15,369.00,"5,535.00"
2020-03-18,2020031801013935,ADBL,49,10,45,370.00,"16,650.00"
2020-03-18,2020031801014043,AHPC,14,10,200,90.00,"18,000.00"
2020-03-18,2020031801013896,AHPC,6,38,100,90.00,"9,000.00"
2020-03-18,2020031801013895,AHPC,7,38,"2,000",90.00,"180,000.00"
2020-03-18,2020031801013890,AHPC,48,38,500,91.00,"45,500.00"
2020-03-18,2020031801013889,AHPC,43,38,100,91.00,"9,100.00"
2020-03-18,2020031801013888,AHPC,40,38,995,91.00,"90,545.00"
2020-03-18,2020031801013902,AHPC,53,38,"2,000",90.00,"180,000.00"
2020-03-18,2020031801013901,AHPC,38,38,"1,000",90.00,"90,000.00"
2020-03-18,2020031801013900,AHPC,13,38,400,90.00,"36,000.00"
2020-03-18,2020031801013899,AHPC,16,38,100,90.00,"9,000.00"
2020-03-18,2020031801013898,AHPC,21,38,100,90.00,"9,000.00"
2020-03-18,2020031801013897,AHPC,48,38,500,90.00,"45,000.00"
2020-03-18,2020031801014141,AKJCL,35,51,20,51.00,"1,020.00"
2020-03-18,2020031801014116,AKJCL,35,55,130,51.00,"6,630.00"
2020-03-18,2020031801014131,AKPL,53,41,10,114.00,"1,140.00"
2020-03-18,2020031801014011,AKPL,53,10,200,114.00,"22,800.00"
2020-03-18,2020031801013926,AKPL,53,22,45,114.00,"5,130.00"
2020-03-18,2020031801013925,AKPL,48,22,55,114.00,"6,270.00"
2020-03-18,2020031801014060,ALBSL,17,5,10,633.00,"6,330.00"
2020-03-18,2020031801013801,ALBSL,25,42,12,621.00,"7,452.00"
2020-03-18,2020031801013908,ALICL,42,58,100,475.00,"47,500.00"
2020-03-18,2020031801014168,BBC,14,18,10,"1,592.00","15,920.00"
2020-03-18,2020031801014156,BFC,45,52,800,95.00,"76,000.00"
2020-03-18,2020031801013863,BFC,8,8,10,94.00,940.00
2020-03-18,2020031801013862,BFC,52,8,34,95.00,"3,230.00"
2020-03-18,2020031801014230,BOKL,58,7,100,223.00,"22,300.00"
2020-03-18,2020031801013958,BOKL,34,53,50,220.00,"11,000.00"
2020-03-18,2020031801013940,BOKL,34,41,82,220.00,"18,040.00"
2020-03-18,2020031801013821,BOKL,34,1,"2,477",220.00,"544,940.00"
2020-03-18,2020031801014159,BPCL,8,8,10,325.00,"3,250.00"
2020-03-18,2020031801014087,CBBL,52,52,200,965.00,"193,000.00"
2020-03-18,2020031801014086,CBBL,52,32,37,965.00,"35,705.00"
2020-03-18,2020031801013946,CBBL,49,47,104,956.00,"99,424.00"
2020-03-18,2020031801014107,CBL,34,36,"1,724",137.00,"236,188.00"
2020-03-18,2020031801014089,CBL,58,36,100,137.00,"13,700.00"
2020-03-18,2020031801014079,CBL,44,7,"1,358",136.00,"184,688.00"
2020-03-18,2020031801014002,CBL,42,36,243,137.00,"33,291.00"
2020-03-18,2020031801014001,CBL,42,50,57,137.00,"7,809.00"
2020-03-18,2020031801013812,CBL,44,45,80,136.00,"10,880.00"
2020-03-18,2020031801014263,CCBL,3,32,30,158.00,"4,740.00"
2020-03-18,2020031801014232,CCBL,28,32,100,158.00,"15,800.00"
2020-03-18,2020031801014222,CCBL,53,32,100,158.00,"15,800.00"
2020-03-18,2020031801014123,CHCL,14,55,100,371.00,"37,100.00"
2020-03-18,2020031801014191,CIT,36,14,122,"2,426.00","295,972.00"
2020-03-18,2020031801014186,CIT,50,47,100,"2,450.00","245,000.00"
2020-03-18,2020031801013828,CLBSL,58,28,10,"1,000.00","10,000.00"
2020-03-18,2020031801014206,CZBIL,42,13,90,183.00,"16,470.00"
2020-03-18,2020031801014136,CZBIL,42,51,10,183.00,"1,830.00"
2020-03-18,2020031801013918,CZBIL,47,13,100,183.00,"18,300.00"
2020-03-18,2020031801013825,CZBIL,48,45,60,184.00,"11,040.00"
2020-03-18,2020031801013819,CZBIL,38,41,"1,000",182.00,"182,000.00"
2020-03-18,2020031801014262,DDBL,32,37,10,763.00,"7,630.00"
2020-03-18,2020031801013951,DDBL,41,45,15,749.00,"11,235.00"
2020-03-18,2020031801013841,DDBL,17,32,50,745.00,"37,250.00"
2020-03-18,2020031801013924,DHPL,37,51,500,50.00,"25,000.00"
2020-03-18,2020031801014179,EBL,4,6,75,630.00,"47,250.00"
2020-03-18,2020031801014178,EBL,4,5,125,629.00,"78,625.00"
2020-03-18,2020031801014165,EBL,58,5,10,629.00,"6,290.00"
2020-03-18,2020031801014164,EBL,58,48,50,625.00,"31,250.00"
2020-03-18,2020031801014163,EBL,58,19,150,624.00,"93,600.00"
2020-03-18,2020031801014162,EBL,58,57,100,623.00,"62,300.00"
2020-03-18,2020031801014150,EBL,58,38,372,619.00,"230,268.00"
2020-03-18,2020031801014149,EBL,11,38,10,620.00,"6,200.00"
2020-03-18,2020031801014148,EBL,46,38,25,620.00,"15,500.00"
2020-03-18,2020031801013885,EBL,25,45,20,624.00,"12,480.00"
2020-03-18,2020031801013869,EBL,21,32,50,624.00,"31,200.00"
2020-03-18,2020031801014197,EIC,7,19,100,337.00,"33,700.00"
2020-03-18,2020031801014091,EIC,57,42,90,331.00,"29,790.00"
2020-03-18,2020031801014090,EIC,13,42,200,331.00,"66,200.00"
2020-03-18,2020031801014173,FMDBL,36,55,10,439.00,"4,390.00"
2020-03-18,2020031801014172,FMDBL,36,58,31,439.00,"13,609.00"
2020-03-18,2020031801014171,FMDBL,36,48,20,439.00,"8,780.00"
2020-03-18,2020031801013964,FMDBL,52,18,200,431.00,"86,200.00"
2020-03-18,2020031801013928,FMDBL,41,58,50,428.00,"21,400.00"
2020-03-18,2020031801014272,FOWAD,58,47,49,"1,341.00","65,709.00"
2020-03-18,2020031801014270,FOWAD,45,47,200,"1,341.00","268,200.00"
2020-03-18,2020031801014269,FOWAD,26,47,50,"1,341.00","67,050.00"
2020-03-18,2020031801014268,FOWAD,52,47,10,"1,342.00","13,420.00"
2020-03-18,2020031801014096,FOWAD,58,6,120,"1,356.00","162,720.00"
2020-03-18,2020031801014226,GBBL,4,13,50,217.00,"10,850.00"
2020-03-18,2020031801014225,GBBL,4,13,150,217.00,"32,550.00"
2020-03-18,2020031801014063,GBBL,1,20,300,218.00,"65,400.00"
2020-03-18,2020031801014049,GBBL,50,20,200,218.00,"43,600.00"
2020-03-18,2020031801013956,GBBL,32,13,330,218.00,"71,940.00"
2020-03-18,2020031801013952,GBBL,17,45,100,219.00,"21,900.00"
2020-03-18,2020031801014259,GBIME,22,33,50,253.00,"12,650.00"
2020-03-18,2020031801014241,GBIME,33,33,100,253.00,"25,300.00"
2020-03-18,2020031801014188,GBIME,1,33,200,253.00,"50,600.00"
2020-03-18,2020031801014180,GBIME,52,33,70,253.00,"17,710.00"
2020-03-18,2020031801014146,GBIME,55,33,200,253.00,"50,600.00"
2020-03-18,2020031801013981,GBIME,42,58,200,253.00,"50,600.00"
2020-03-18,2020031801013909,GBIME,36,1,500,252.00,"126,000.00"
2020-03-18,2020031801013938,GBIME,53,58,200,253.00,"50,600.00"
2020-03-18,2020031801013914,GBIME,46,1,274,251.00,"68,774.00"
2020-03-18,2020031801013913,GBIME,6,1,200,251.00,"50,200.00"
2020-03-18,2020031801013912,GBIME,45,1,111,251.00,"27,861.00"
2020-03-18,2020031801013911,GBIME,38,1,40,251.00,"10,040.00"
2020-03-18,2020031801013910,GBIME,28,1,875,251.00,"219,625.00"
2020-03-18,2020031801013977,GBLBS,53,47,100,410.00,"41,000.00"
2020-03-18,2020031801013881,GFCL,49,28,40,132.00,"5,280.00"
2020-03-18,2020031801013880,GFCL,38,28,"1,000",132.00,"132,000.00"
2020-03-18,2020031801013879,GFCL,34,28,"1,000",132.00,"132,000.00"
2020-03-18,2020031801013878,GFCL,29,28,40,133.00,"5,320.00"
2020-03-18,2020031801013877,GFCL,36,28,"1,000",134.00,"134,000.00"
