Date,Transact. No.,Symbol,Buyer,Seller,Quantity,Rate,Amount
2021-02-10,2021021005001953,PLI,45,55,10,841.00,"8,410.00"
2021-02-10,2021021005001952,PLI,53,55,300,841.00,"252,300.00"
2021-02-10,2021021005001951,PLI,25,55,50,841.00,"42,050.00"
2021-02-10,2021021005001950,PLI,33,55,50,842.00,"42,100.00"
2021-02-10,2021021005001949,PLI,51,55,50,842.00,"42,100.00"
2021-02-10,2021021005001948,PLI,57,55,27,842.00,"22,734.00"
2021-02-10,2021021005001455,PLI,42,37,10,845.00,"8,450.00"
2021-02-10,2021021005001454,PLI,42,20,10,845.00,"8,450.00"
2021-02-10,2021021005001461,PLI,42,51,10,845.00,"8,450.00"
2021-02-10,2021021005001460,PLI,42,50,20,845.00,"16,900.00"
2021-02-10,2021021005001459,PLI,42,37,10,845.00,"8,450.00"
2021-02-10,2021021005001458,PLI,42,38,10,845.00,"8,450.00"
2021-02-10,2021021005001457,PLI,42,39,10,845.00,"8,450.00"
2021-02-10,2021021005001456,PLI,42,37,10,845.00,"8,450.00"
2021-02-10,2021021005001467,PLI,42,49,10,845.00,"8,450.00"
2021-02-10,2021021005001466,PLI,42,50,110,845.00,"92,950.00"
2021-02-10,2021021005001465,PLI,42,34,10,845.00,"8,450.00"
2021-02-10,2021021005001464,PLI,42,46,10,845.00,"8,450.00"
2021-02-10,2021021005001463,PLI,42,39,100,845.00,"84,500.00"
2021-02-10,2021021005001462,PLI,42,39,10,845.00,"8,450.00"
2021-02-10,2021021005001473,PLI,42,44,10,845.00,"8,450.00"
2021-02-10,2021021005001472,PLI,42,22,10,845.00,"8,450.00"
2021-02-10,2021021005001471,PLI,42,45,10,845.00,"8,450.00"
2021-02-10,2021021005001470,PLI,42,38,10,845.00,"8,450.00"
2021-02-10,2021021005001469,PLI,42,21,10,845.00,"8,450.00"
2021-02-10,2021021005001468,PLI,42,38,10,845.00,"8,450.00"
2021-02-10,2021021005001479,PLI,42,58,10,845.00,"8,450.00"
2021-02-10,2021021005001478,PLI,42,44,10,845.00,"8,450.00"
2021-02-10,2021021005001477,PLI,42,58,10,845.00,"8,450.00"
2021-02-10,2021021005001476,PLI,42,55,10,845.00,"8,450.00"
2021-02-10,2021021005001475,PLI,42,43,10,845.00,"8,450.00"
2021-02-10,2021021005001474,PLI,42,21,10,845.00,"8,450.00"
2021-02-10,2021021005001485,PLI,42,58,10,845.00,"8,450.00"
2021-02-10,2021021005001484,PLI,42,6,10,845.00,"8,450.00"
2021-02-10,2021021005001483,PLI,42,38,10,845.00,"8,450.00"
2021-02-10,2021021005001482,PLI,42,58,10,845.00,"8,450.00"
2021-02-10,2021021005001481,PLI,42,45,10,845.00,"8,450.00"
2021-02-10,2021021005001480,PLI,42,57,10,845.00,"8,450.00"
2021-02-10,2021021005001491,PLI,42,58,10,845.00,"8,450.00"
2021-02-10,2021021005001490,PLI,42,6,250,845.00,"211,250.00"
2021-02-10,2021021005001489,PLI,42,35,10,845.00,"8,450.00"
2021-02-10,2021021005001488,PLI,42,44,10,845.00,"8,450.00"
2021-02-10,2021021005001487,PLI,42,57,10,845.00,"8,450.00"
2021-02-10,2021021005001486,PLI,42,58,10,845.00,"8,450.00"
2021-02-10,2021021005001497,PLI,42,58,10,845.00,"8,450.00"
2021-02-10,2021021005001496,PLI,42,58,10,845.00,"8,450.00"
2021-02-10,2021021005001495,PLI,42,19,10,845.00,"8,450.00"
2021-02-10,2021021005001494,PLI,42,49,10,845.00,"8,450.00"
2021-02-10,2021021005001493,PLI,42,58,10,845.00,"8,450.00"
2021-02-10,2021021005001492,PLI,42,42,10,845.00,"8,450.00"
2021-02-10,2021021005001503,PLI,42,45,10,845.00,"8,450.00"
2021-02-10,2021021005001502,PLI,42,39,100,845.00,"84,500.00"
2021-02-10,2021021005001501,PLI,42,45,10,845.00,"8,450.00"
2021-02-10,2021021005001500,PLI,42,46,10,845.00,"8,450.00"
2021-02-10,2021021005001499,PLI,42,16,10,845.00,"8,450.00"
2021-02-10,2021021005001498,PLI,42,58,10,845.00,"8,450.00"
2021-02-10,2021021005001509,PLI,42,56,10,845.00,"8,450.00"
2021-02-10,2021021005001508,PLI,42,35,10,845.00,"8,450.00"
2021-02-10,2021021005001507,PLI,42,38,10,845.00,"8,450.00"
2021-02-10,2021021005001506,PLI,42,28,500,845.00,"422,500.00"
2021-02-10,2021021005001505,PLI,42,21,10,845.00,"8,450.00"
2021-02-10,2021021005001504,PLI,42,48,10,845.00,"8,450.00"
2021-02-10,2021021005001515,PLI,42,55,10,845.00,"8,450.00"
2021-02-10,2021021005001514,PLI,8,22,200,846.00,"169,200.00"
2021-02-10,2021021005001513,PLI,42,7,50,845.00,"42,250.00"
2021-02-10,2021021005001512,PLI,42,32,10,845.00,"8,450.00"
2021-02-10,2021021005001511,PLI,44,44,9,842.00,"7,578.00"
2021-02-10,2021021005001510,PLI,42,4,10,845.00,"8,450.00"
2021-02-10,2021021005001521,PLI,42,29,10,845.00,"8,450.00"
2021-02-10,2021021005001520,PLI,42,6,10,845.00,"8,450.00"
2021-02-10,2021021005001519,PLI,42,55,10,845.00,"8,450.00"
2021-02-10,2021021005001518,PLI,42,26,10,845.00,"8,450.00"
2021-02-10,2021021005001517,PLI,42,51,10,845.00,"8,450.00"
2021-02-10,2021021005001516,PLI,42,55,10,845.00,"8,450.00"
2021-02-10,2021021005001527,PLI,42,38,10,845.00,"8,450.00"
2021-02-10,2021021005001526,PLI,42,35,10,845.00,"8,450.00"
2021-02-10,2021021005001525,PLI,42,22,10,845.00,"8,450.00"
2021-02-10,2021021005001524,PLI,42,35,10,845.00,"8,450.00"
2021-02-10,2021021005001523,PLI,42,52,10,845.00,"8,450.00"
2021-02-10,2021021005001522,PLI,42,55,10,845.00,"8,450.00"
2021-02-10,2021021005001533,PLI,42,17,10,845.00,"8,450.00"
2021-02-10,2021021005001532,PLI,42,26,10,845.00,"8,450.00"
2021-02-10,2021021005001531,PLI,42,17,10,845.00,"8,450.00"
2021-02-10,2021021005001530,PLI,42,59,10,845.00,"8,450.00"
2021-02-10,2021021005001529,PLI,42,40,10,845.00,"8,450.00"
2021-02-10,2021021005001528,PLI,42,51,10,845.00,"8,450.00"
2021-02-10,2021021005001539,PLI,42,22,10,845.00,"8,450.00"
2021-02-10,2021021005001538,PLI,42,35,10,845.00,"8,450.00"
2021-02-10,2021021005001537,PLI,42,6,10,845.00,"8,450.00"
2021-02-10,2021021005001536,PLI,42,6,10,845.00,"8,450.00"
2021-02-10,2021021005001535,PLI,42,17,10,845.00,"8,450.00"
2021-02-10,2021021005001534,PLI,42,26,10,845.00,"8,450.00"
2021-02-10,2021021005001545,PLI,57,14,50,845.00,"42,250.00"
2021-02-10,2021021005001544,PLI,37,14,50,845.00,"42,250.00"
2021-02-10,2021021005001543,PLI,16,14,20,845.00,"16,900.00"
2021-02-10,2021021005001542,PLI,49,14,20,845.00,"16,900.00"
2021-02-10,2021021005001541,PLI,11,14,100,845.00,"84,500.00"
2021-02-10,2021021005001540,PLI,42,14,"1,148",845.00,"970,060.00"
2021-02-10,2021021005001551,PLI,45,8,10,844.00,"8,440.00"
2021-02-10,2021021005001550,PLI,45,40,10,844.00,"8,440.00"
2021-02-10,2021021005001549,PLI,6,14,60,845.00,"50,700.00"
2021-02-10,2021021005001548,PLI,36,14,100,845.00,"84,500.00"
2021-02-10,2021021005001547,PLI,51,14,70,845.00,"59,150.00"
2021-02-10,2021021005001546,PLI,22,14,200,845.00,"169,000.00"
2021-02-10,2021021005001557,PLI,45,51,10,844.00,"8,440.00"
2021-02-10,2021021005001556,PLI,45,45,10,844.00,"8,440.00"
2021-02-10,2021021005001555,PLI,45,58,10,844.00,"8,440.00"
2021-02-10,2021021005001554,PLI,45,8,10,844.00,"8,440.00"
2021-02-10,2021021005001553,PLI,45,51,10,844.00,"8,440.00"
2021-02-10,2021021005001552,PLI,45,29,10,844.00,"8,440.00"
2021-02-10,2021021005001563,PLI,59,45,10,845.00,"8,450.00"
2021-02-10,2021021005001562,PLI,45,32,10,844.00,"8,440.00"
2021-02-10,2021021005001561,PLI,45,26,10,844.00,"8,440.00"
2021-02-10,2021021005001560,PLI,45,14,181,844.00,"152,764.00"
2021-02-10,2021021005001559,PLI,45,41,10,844.00,"8,440.00"
2021-02-10,2021021005001558,PLI,45,8,10,844.00,"8,440.00"
2021-02-10,2021021005001569,PLI,45,3,10,844.00,"8,440.00"
2021-02-10,2021021005001568,PLI,42,57,10,845.00,"8,450.00"
2021-02-10,2021021005001567,PLI,42,52,10,845.00,"8,450.00"
2021-02-10,2021021005001566,PLI,42,50,20,845.00,"16,900.00"
2021-02-10,2021021005001565,PLI,42,41,10,845.00,"8,450.00"
2021-02-10,2021021005001564,PLI,45,45,10,844.00,"8,440.00"
2021-02-10,2021021005001575,PLI,45,45,10,844.00,"8,440.00"
2021-02-10,2021021005001574,PLI,45,21,10,844.00,"8,440.00"
2021-02-10,2021021005001573,PLI,45,21,10,844.00,"8,440.00"
2021-02-10,2021021005001572,PLI,45,38,10,844.00,"8,440.00"
2021-02-10,2021021005001571,PLI,45,44,10,844.00,"8,440.00"
2021-02-10,2021021005001570,PLI,45,59,10,844.00,"8,440.00"
2021-02-10,2021021005001581,PLI,11,14,10,845.00,"8,450.00"
2021-02-10,2021021005001580,PLI,11,1,10,845.00,"8,450.00"
2021-02-10,2021021005001579,PLI,45,45,10,844.00,"8,440.00"
2021-02-10,2021021005001578,PLI,45,44,10,844.00,"8,440.00"
2021-02-10,2021021005001577,PLI,45,18,10,844.00,"8,440.00"
2021-02-10,2021021005001576,PLI,45,8,10,844.00,"8,440.00"
2021-02-10,2021021005001587,PLI,45,20,10,844.00,"8,440.00"
2021-02-10,2021021005001586,PLI,45,17,10,844.00,"8,440.00"
2021-02-10,2021021005001585,PLI,45,20,10,844.00,"8,440.00"
2021-02-10,2021021005001584,PLI,11,56,10,845.00,"8,450.00"
2021-02-10,2021021005001583,PLI,11,34,10,845.00,"8,450.00"
2021-02-10,2021021005001582,PLI,11,58,10,845.00,"8,450.00"
2021-02-10,2021021005001593,PLI,41,34,10,845.00,"8,450.00"
2021-02-10,2021021005001592,PLI,41,29,10,845.00,"8,450.00"
2021-02-10,2021021005001591,PLI,41,42,10,845.00,"8,450.00"
2021-02-10,2021021005001590,PLI,41,11,10,845.00,"8,450.00"
2021-02-10,2021021005001589,PLI,45,20,10,844.00,"8,440.00"
2021-02-10,2021021005001588,PLI,45,29,10,844.00,"8,440.00"
2021-02-10,2021021005001599,PLI,41,11,10,845.00,"8,450.00"
2021-02-10,2021021005001598,PLI,41,22,10,845.00,"8,450.00"
2021-02-10,2021021005001597,PLI,41,14,10,845.00,"8,450.00"
2021-02-10,2021021005001596,PLI,41,41,10,845.00,"8,450.00"
2021-02-10,2021021005001595,PLI,41,42,10,845.00,"8,450.00"
2021-02-10,2021021005001594,PLI,41,42,10,845.00,"8,450.00"
2021-02-10,2021021005001605,PLI,47,47,10,843.00,"8,430.00"
2021-02-10,2021021005001604,PLI,47,21,10,843.00,"8,430.00"
2021-02-10,2021021005001603,PLI,42,11,10,845.00,"8,450.00"
2021-02-10,2021021005001602,PLI,42,8,10,844.00,"8,440.00"
2021-02-10,2021021005001601,PLI,45,34,10,844.00,"8,440.00"
2021-02-10,2021021005001600,PLI,45,21,10,844.00,"8,440.00"
2021-02-10,2021021005001611,PLI,47,38,10,843.00,"8,430.00"
2021-02-10,2021021005001610,PLI,47,57,10,843.00,"8,430.00"
2021-02-10,2021021005001609,PLI,47,51,10,843.00,"8,430.00"
2021-02-10,2021021005001608,PLI,47,21,10,843.00,"8,430.00"
2021-02-10,2021021005001607,PLI,47,57,10,843.00,"8,430.00"
2021-02-10,2021021005001606,PLI,47,4,10,843.00,"8,430.00"
2021-02-10,2021021005001617,PLI,47,22,10,843.00,"8,430.00"
2021-02-10,2021021005001616,PLI,47,13,10,843.00,"8,430.00"
2021-02-10,2021021005001615,PLI,47,21,10,843.00,"8,430.00"
2021-02-10,2021021005001614,PLI,47,35,10,843.00,"8,430.00"
2021-02-10,2021021005001613,PLI,47,51,10,843.00,"8,430.00"
2021-02-10,2021021005001612,PLI,47,57,10,843.00,"8,430.00"
2021-02-10,2021021005001623,PLI,47,4,10,843.00,"8,430.00"
2021-02-10,2021021005001622,PLI,47,38,10,843.00,"8,430.00"
2021-02-10,2021021005001621,PLI,47,58,10,843.00,"8,430.00"
2021-02-10,2021021005001620,PLI,47,21,10,843.00,"8,430.00"
2021-02-10,2021021005001619,PLI,47,47,10,843.00,"8,430.00"
2021-02-10,2021021005001618,PLI,47,34,10,843.00,"8,430.00"
2021-02-10,2021021005001629,PLI,32,34,10,842.00,"8,420.00"
2021-02-10,2021021005001628,PLI,32,14,10,842.00,"8,420.00"
2021-02-10,2021021005001627,PLI,32,16,10,842.00,"8,420.00"
2021-02-10,2021021005001626,PLI,32,16,10,842.00,"8,420.00"
2021-02-10,2021021005001625,PLI,52,41,10,843.00,"8,430.00"
2021-02-10,2021021005001624,PLI,52,34,10,843.00,"8,430.00"
2021-02-10,2021021005001635,PLI,45,34,10,842.00,"8,420.00"
2021-02-10,2021021005001634,PLI,45,42,10,842.00,"8,420.00"
2021-02-10,2021021005001633,PLI,45,44,10,842.00,"8,420.00"
2021-02-10,2021021005001632,PLI,45,21,10,842.00,"8,420.00"
2021-02-10,2021021005001631,PLI,32,38,10,842.00,"8,420.00"
2021-02-10,2021021005001630,PLI,1,42,10,843.00,"8,430.00"
2021-02-10,2021021005001641,PLI,45,43,100,842.00,"84,200.00"
2021-02-10,2021021005001640,PLI,45,29,10,842.00,"8,420.00"
2021-02-10,2021021005001639,PLI,45,21,10,842.00,"8,420.00"
2021-02-10,2021021005001638,PLI,45,22,10,842.00,"8,420.00"
2021-02-10,2021021005001637,PLI,45,21,10,842.00,"8,420.00"
2021-02-10,2021021005001636,PLI,45,16,10,842.00,"8,420.00"
2021-02-10,2021021005001647,PLI,41,38,10,842.00,"8,420.00"
2021-02-10,2021021005001646,PLI,41,44,10,842.00,"8,420.00"
2021-02-10,2021021005001645,PLI,41,21,10,842.00,"8,420.00"
2021-02-10,2021021005001644,PLI,41,1,10,842.00,"8,420.00"
2021-02-10,2021021005001643,PLI,41,57,10,842.00,"8,420.00"
2021-02-10,2021021005001642,PLI,45,29,10,842.00,"8,420.00"
2021-02-10,2021021005001653,PLI,19,35,10,842.00,"8,420.00"
2021-02-10,2021021005001652,PLI,19,29,10,842.00,"8,420.00"
2021-02-10,2021021005001651,PLI,49,38,10,843.00,"8,430.00"
2021-02-10,2021021005001650,PLI,19,44,10,842.00,"8,420.00"
2021-02-10,2021021005001649,PLI,19,26,10,842.00,"8,420.00"
2021-02-10,2021021005001648,PLI,19,21,10,842.00,"8,420.00"
2021-02-10,2021021005001659,PLI,34,42,10,842.00,"8,420.00"
2021-02-10,2021021005001658,PLI,34,17,10,842.00,"8,420.00"
2021-02-10,2021021005001657,PLI,34,21,10,842.00,"8,420.00"
2021-02-10,2021021005001656,PLI,34,50,10,842.00,"8,420.00"
2021-02-10,2021021005001655,PLI,34,26,10,842.00,"8,420.00"
2021-02-10,2021021005001654,PLI,6,57,10,842.00,"8,420.00"
2021-02-10,2021021005001665,PLI,49,38,10,843.00,"8,430.00"
2021-02-10,2021021005001664,PLI,49,57,10,843.00,"8,430.00"
2021-02-10,2021021005001663,PLI,49,58,10,843.00,"8,430.00"
2021-02-10,2021021005001662,PLI,49,47,10,843.00,"8,430.00"
2021-02-10,2021021005001661,PLI,49,17,10,843.00,"8,430.00"
2021-02-10,2021021005001660,PLI,34,25,10,842.00,"8,420.00"
2021-02-10,2021021005001671,PLI,1,42,10,843.00,"8,430.00"
2021-02-10,2021021005001670,PLI,1,57,10,843.00,"8,430.00"
2021-02-10,2021021005001669,PLI,1,38,10,843.00,"8,430.00"
2021-02-10,2021021005001668,PLI,1,38,10,843.00,"8,430.00"
2021-02-10,2021021005001667,PLI,1,29,10,843.00,"8,430.00"
2021-02-10,2021021005001666,PLI,1,16,10,843.00,"8,430.00"
2021-02-10,2021021005001677,PLI,13,35,10,843.00,"8,430.00"
2021-02-10,2021021005001676,PLI,13,17,10,843.00,"8,430.00"
2021-02-10,2021021005001675,PLI,34,21,10,842.00,"8,420.00"
2021-02-10,2021021005001674,PLI,25,44,10,843.00,"8,430.00"
2021-02-10,2021021005001673,PLI,25,18,10,843.00,"8,430.00"
2021-02-10,2021021005001672,PLI,25,56,10,843.00,"8,430.00"
2021-02-10,2021021005001683,PLI,1,55,10,843.00,"8,430.00"
2021-02-10,2021021005001682,PLI,1,21,10,843.00,"8,430.00"
2021-02-10,2021021005001681,PLI,55,29,10,842.00,"8,420.00"
2021-02-10,2021021005001680,PLI,55,21,10,842.00,"8,420.00"
2021-02-10,2021021005001679,PLI,55,19,80,842.00,"67,360.00"
2021-02-10,2021021005001678,PLI,52,19,20,842.00,"16,840.00"
2021-02-10,2021021005001689,PLI,1,42,10,843.00,"8,430.00"
2021-02-10,2021021005001688,PLI,1,6,10,843.00,"8,430.00"
2021-02-10,2021021005001687,PLI,1,14,10,843.00,"8,430.00"
2021-02-10,2021021005001686,PLI,1,21,10,843.00,"8,430.00"
2021-02-10,2021021005001685,PLI,1,56,10,843.00,"8,430.00"
2021-02-10,2021021005001684,PLI,1,29,10,843.00,"8,430.00"
2021-02-10,2021021005001695,PLI,55,35,10,842.00,"8,420.00"
2021-02-10,2021021005001694,PLI,55,56,10,842.00,"8,420.00"
2021-02-10,2021021005001693,PLI,25,36,10,843.00,"8,430.00"
2021-02-10,2021021005001692,PLI,25,51,10,843.00,"8,430.00"
2021-02-10,2021021005001691,PLI,25,56,10,843.00,"8,430.00"
2021-02-10,2021021005001690,PLI,25,21,10,843.00,"8,430.00"
2021-02-10,2021021005001701,PLI,55,38,10,842.00,"8,420.00"
2021-02-10,2021021005001700,PLI,55,38,10,842.00,"8,420.00"
2021-02-10,2021021005001699,PLI,55,21,10,842.00,"8,420.00"
2021-02-10,2021021005001698,PLI,55,51,10,842.00,"8,420.00"
2021-02-10,2021021005001697,PLI,55,37,10,842.00,"8,420.00"
2021-02-10,2021021005001696,PLI,55,38,10,842.00,"8,420.00"
2021-02-10,2021021005001707,PLI,42,25,10,844.00,"8,440.00"
2021-02-10,2021021005001706,PLI,42,58,30,844.00,"25,320.00"
2021-02-10,2021021005001705,PLI,42,51,10,844.00,"8,440.00"
2021-02-10,2021021005001704,PLI,42,44,10,843.00,"8,430.00"
2021-02-10,2021021005001703,PLI,55,1,10,842.00,"8,420.00"
2021-02-10,2021021005001702,PLI,55,47,10,842.00,"8,420.00"
2021-02-10,2021021005001713,PLI,42,57,10,844.00,"8,440.00"
2021-02-10,2021021005001712,PLI,42,1,60,844.00,"50,640.00"
2021-02-10,2021021005001711,PLI,42,16,10,844.00,"8,440.00"
2021-02-10,2021021005001710,PLI,42,58,10,844.00,"8,440.00"
2021-02-10,2021021005001709,PLI,42,19,10,844.00,"8,440.00"
2021-02-10,2021021005001708,PLI,42,21,10,844.00,"8,440.00"
2021-02-10,2021021005001719,PLI,42,17,10,845.00,"8,450.00"
2021-02-10,2021021005001718,PLI,42,13,10,845.00,"8,450.00"
2021-02-10,2021021005001717,PLI,42,42,10,845.00,"8,450.00"
2021-02-10,2021021005001716,PLI,42,14,10,845.00,"8,450.00"
2021-02-10,2021021005001715,PLI,42,6,210,844.00,"177,240.00"
2021-02-10,2021021005001714,PLI,42,22,100,844.00,"84,400.00"
2021-02-10,2021021005001725,PLI,42,55,10,845.00,"8,450.00"
2021-02-10,2021021005001724,PLI,42,51,10,845.00,"8,450.00"
2021-02-10,2021021005001723,PLI,42,22,10,845.00,"8,450.00"
2021-02-10,2021021005001722,PLI,42,41,10,845.00,"8,450.00"
2021-02-10,2021021005001721,PLI,42,49,30,845.00,"25,350.00"
2021-02-10,2021021005001720,PLI,42,44,10,845.00,"8,450.00"
2021-02-10,2021021005001731,PLI,42,1,10,845.00,"8,450.00"
2021-02-10,2021021005001730,PLI,42,38,10,845.00,"8,450.00"
2021-02-10,2021021005001729,PLI,42,21,10,845.00,"8,450.00"
2021-02-10,2021021005001728,PLI,42,46,10,845.00,"8,450.00"
2021-02-10,2021021005001727,PLI,42,58,10,845.00,"8,450.00"
2021-02-10,2021021005001726,PLI,42,55,10,845.00,"8,450.00"
2021-02-10,2021021005001737,PLI,5,34,10,846.00,"8,460.00"
2021-02-10,2021021005001736,PLI,42,1,10,845.00,"8,450.00"
2021-02-10,2021021005001735,PLI,42,52,10,845.00,"8,450.00"
2021-02-10,2021021005001734,PLI,42,21,10,845.00,"8,450.00"
2021-02-10,2021021005001733,PLI,42,21,10,845.00,"8,450.00"
2021-02-10,2021021005001732,PLI,42,45,10,845.00,"8,450.00"
2021-02-10,2021021005001743,PLI,5,11,10,846.00,"8,460.00"
2021-02-10,2021021005001742,PLI,5,35,10,846.00,"8,460.00"
2021-02-10,2021021005001741,PLI,5,13,10,846.00,"8,460.00"
2021-02-10,2021021005001740,PLI,5,51,10,846.00,"8,460.00"
2021-02-10,2021021005001739,PLI,5,45,40,846.00,"33,840.00"
2021-02-10,2021021005001738,PLI,5,22,10,846.00,"8,460.00"
2021-02-10,2021021005001749,PLI,42,42,10,845.00,"8,450.00"
2021-02-10,2021021005001748,PLI,42,52,10,845.00,"8,450.00"
2021-02-10,2021021005001747,PLI,42,45,10,845.00,"8,450.00"
2021-02-10,2021021005001746,PLI,42,52,10,845.00,"8,450.00"
2021-02-10,2021021005001745,PLI,42,21,10,845.00,"8,450.00"
2021-02-10,2021021005001744,PLI,42,52,10,845.00,"8,450.00"
2021-02-10,2021021005001755,PLI,42,8,10,845.00,"8,450.00"
2021-02-10,2021021005001754,PLI,16,35,10,846.00,"8,460.00"
2021-02-10,2021021005001753,PLI,42,38,10,845.00,"8,450.00"
2021-02-10,2021021005001752,PLI,42,45,10,845.00,"8,450.00"
2021-02-10,2021021005001751,PLI,42,38,10,845.00,"8,450.00"
2021-02-10,2021021005001750,PLI,42,8,10,845.00,"8,450.00"
2021-02-10,2021021005001761,PLI,11,54,10,842.00,"8,420.00"
2021-02-10,2021021005001760,PLI,1,54,100,842.00,"84,200.00"
2021-02-10,2021021005001759,PLI,34,54,130,842.00,"109,460.00"
2021-02-10,2021021005001758,PLI,42,54,528,845.00,"446,160.00"
2021-02-10,2021021005001757,PLI,42,21,10,845.00,"8,450.00"
2021-02-10,2021021005001756,PLI,42,8,10,845.00,"8,450.00"
2021-02-10,2021021005001767,PLI,41,54,100,841.00,"84,100.00"
2021-02-10,2021021005001766,PLI,47,54,50,841.00,"42,050.00"
2021-02-10,2021021005001765,PLI,55,54,100,841.00,"84,100.00"
2021-02-10,2021021005001764,PLI,53,54,200,841.00,"168,200.00"
2021-02-10,2021021005001763,PLI,26,54,205,841.00,"172,405.00"
2021-02-10,2021021005001762,PLI,21,54,370,841.00,"311,170.00"
2021-02-10,2021021005001773,PLI,48,54,50,841.00,"42,050.00"
2021-02-10,2021021005001772,PLI,51,54,100,841.00,"84,100.00"
2021-02-10,2021021005001771,PLI,51,54,20,841.00,"16,820.00"
2021-02-10,2021021005001770,PLI,43,54,50,841.00,"42,050.00"
2021-02-10,2021021005001769,PLI,55,54,100,841.00,"84,100.00"
2021-02-10,2021021005001768,PLI,32,54,100,841.00,"84,100.00"
2021-02-10,2021021005001779,PLI,6,32,10,840.00,"8,400.00"
2021-02-10,2021021005001778,PLI,6,8,10,840.00,"8,400.00"
2021-02-10,2021021005001777,PLI,33,54,200,841.00,"168,200.00"
2021-02-10,2021021005001776,PLI,6,21,10,840.00,"8,400.00"
2021-02-10,2021021005001775,PLI,6,17,10,840.00,"8,400.00"
2021-02-10,2021021005001774,PLI,33,47,10,840.00,"8,400.00"
2021-02-10,2021021005001785,PLI,55,5,10,841.00,"8,410.00"
2021-02-10,2021021005001784,PLI,55,54,77,841.00,"64,757.00"
2021-02-10,2021021005001783,PLI,44,20,10,840.00,"8,400.00"
2021-02-10,2021021005001782,PLI,55,51,50,840.00,"42,000.00"
2021-02-10,2021021005001781,PLI,6,44,10,840.00,"8,400.00"
2021-02-10,2021021005001780,PLI,16,54,10,841.00,"8,410.00"
2021-02-10,2021021005001791,PLI,38,20,10,840.00,"8,400.00"
2021-02-10,2021021005001790,PLI,38,20,10,840.00,"8,400.00"
2021-02-10,2021021005001789,PLI,38,39,10,840.00,"8,400.00"
2021-02-10,2021021005001788,PLI,44,20,10,840.00,"8,400.00"
2021-02-10,2021021005001787,PLI,44,13,10,840.00,"8,400.00"
2021-02-10,2021021005001786,PLI,55,49,10,841.00,"8,410.00"
2021-02-10,2021021005001797,PLI,17,8,10,845.00,"8,450.00"
2021-02-10,2021021005001796,PLI,17,21,10,845.00,"8,450.00"
2021-02-10,2021021005001795,PLI,17,35,10,845.00,"8,450.00"
2021-02-10,2021021005001794,PLI,17,35,140,844.00,"118,160.00"
2021-02-10,2021021005001793,PLI,17,32,10,844.00,"8,440.00"
2021-02-10,2021021005001792,PLI,35,10,10,841.00,"8,410.00"
2021-02-10,2021021005001803,PLI,17,44,10,845.00,"8,450.00"
2021-02-10,2021021005001802,PLI,17,38,10,845.00,"8,450.00"
2021-02-10,2021021005001801,PLI,17,21,10,845.00,"8,450.00"
2021-02-10,2021021005001800,PLI,17,34,10,845.00,"8,450.00"
2021-02-10,2021021005001799,PLI,17,28,20,845.00,"16,900.00"
2021-02-10,2021021005001798,PLI,17,14,90,845.00,"76,050.00"
2021-02-10,2021021005001809,PLI,17,20,10,845.00,"8,450.00"
2021-02-10,2021021005001808,PLI,17,21,10,845.00,"8,450.00"
2021-02-10,2021021005001807,PLI,17,42,20,845.00,"16,900.00"
2021-02-10,2021021005001806,PLI,17,38,10,845.00,"8,450.00"
2021-02-10,2021021005001805,PLI,17,38,10,845.00,"8,450.00"
2021-02-10,2021021005001804,PLI,13,35,10,846.00,"8,460.00"
2021-02-10,2021021005001815,PLI,17,58,10,845.00,"8,450.00"
2021-02-10,2021021005001814,PLI,17,21,10,845.00,"8,450.00"
2021-02-10,2021021005001813,PLI,17,56,10,845.00,"8,450.00"
2021-02-10,2021021005001812,PLI,17,41,10,845.00,"8,450.00"
2021-02-10,2021021005001811,PLI,17,38,10,845.00,"8,450.00"
2021-02-10,2021021005001810,PLI,45,10,10,846.00,"8,460.00"
2021-02-10,2021021005001821,PLI,17,49,10,845.00,"8,450.00"
2021-02-10,2021021005001820,PLI,17,14,10,845.00,"8,450.00"
2021-02-10,2021021005001819,PLI,17,42,10,845.00,"8,450.00"
2021-02-10,2021021005001818,PLI,17,44,10,845.00,"8,450.00"
2021-02-10,2021021005001817,PLI,17,52,10,845.00,"8,450.00"
2021-02-10,2021021005001816,PLI,17,38,10,845.00,"8,450.00"
2021-02-10,2021021005001827,PLI,42,14,10,845.00,"8,450.00"
2021-02-10,2021021005001826,PLI,42,18,10,845.00,"8,450.00"
2021-02-10,2021021005001825,PLI,42,49,10,845.00,"8,450.00"
2021-02-10,2021021005001824,PLI,42,14,10,845.00,"8,450.00"
2021-02-10,2021021005001823,PLI,42,38,10,845.00,"8,450.00"
2021-02-10,2021021005001822,PLI,42,55,10,845.00,"8,450.00"
2021-02-10,2021021005001833,PLI,35,16,10,841.00,"8,410.00"
2021-02-10,2021021005001832,PLI,38,45,10,842.00,"8,420.00"
2021-02-10,2021021005001831,PLI,7,16,10,842.00,"8,420.00"
2021-02-10,2021021005001830,PLI,7,6,10,842.00,"8,420.00"
2021-02-10,2021021005001829,PLI,42,17,10,845.00,"8,450.00"
2021-02-10,2021021005001828,PLI,42,49,60,845.00,"50,700.00"
2021-02-10,2021021005001839,PLI,58,20,10,842.00,"8,420.00"
2021-02-10,2021021005001838,PLI,58,7,10,842.00,"8,420.00"
2021-02-10,2021021005001837,PLI,58,45,10,842.00,"8,420.00"
2021-02-10,2021021005001836,PLI,59,21,10,841.00,"8,410.00"
2021-02-10,2021021005001835,PLI,59,21,10,841.00,"8,410.00"
2021-02-10,2021021005001834,PLI,59,28,10,841.00,"8,410.00"
2021-02-10,2021021005001845,PLI,34,48,10,842.00,"8,420.00"
2021-02-10,2021021005001844,PLI,34,43,10,842.00,"8,420.00"
2021-02-10,2021021005001843,PLI,34,53,10,842.00,"8,420.00"
2021-02-10,2021021005001842,PLI,59,21,10,841.00,"8,410.00"
2021-02-10,2021021005001841,PLI,59,21,10,841.00,"8,410.00"
2021-02-10,2021021005001840,PLI,58,1,10,842.00,"8,420.00"
2021-02-10,2021021005001851,PLI,59,21,10,841.00,"8,410.00"
2021-02-10,2021021005001850,PLI,59,21,10,841.00,"8,410.00"
2021-02-10,2021021005001849,PLI,59,11,10,841.00,"8,410.00"
2021-02-10,2021021005001848,PLI,59,38,10,841.00,"8,410.00"
2021-02-10,2021021005001847,PLI,34,16,10,842.00,"8,420.00"
2021-02-10,2021021005001846,PLI,34,28,10,842.00,"8,420.00"
2021-02-10,2021021005001857,PLI,54,57,10,842.00,"8,420.00"
2021-02-10,2021021005001856,PLI,21,26,10,841.00,"8,410.00"
2021-02-10,2021021005001855,PLI,35,26,10,841.00,"8,410.00"
2021-02-10,2021021005001854,PLI,35,57,10,841.00,"8,410.00"
2021-02-10,2021021005001853,PLI,35,8,10,841.00,"8,410.00"
2021-02-10,2021021005001852,PLI,59,21,10,841.00,"8,410.00"
2021-02-10,2021021005001863,PLI,54,14,10,845.00,"8,450.00"
2021-02-10,2021021005001862,PLI,54,34,10,845.00,"8,450.00"
2021-02-10,2021021005001861,PLI,54,45,10,844.00,"8,440.00"
2021-02-10,2021021005001860,PLI,54,14,10,842.00,"8,420.00"
2021-02-10,2021021005001859,PLI,54,11,10,842.00,"8,420.00"
2021-02-10,2021021005001858,PLI,54,36,10,842.00,"8,420.00"
2021-02-10,2021021005001869,PLI,54,42,10,845.00,"8,450.00"
2021-02-10,2021021005001868,PLI,54,35,10,845.00,"8,450.00"
2021-02-10,2021021005001867,PLI,54,16,100,845.00,"84,500.00"
2021-02-10,2021021005001866,PLI,54,22,100,845.00,"84,500.00"
2021-02-10,2021021005001865,PLI,54,26,10,845.00,"8,450.00"
2021-02-10,2021021005001864,PLI,54,17,10,845.00,"8,450.00"
2021-02-10,2021021005001875,PLI,21,29,10,841.00,"8,410.00"
2021-02-10,2021021005001874,PLI,34,29,25,841.00,"21,025.00"
2021-02-10,2021021005001873,PLI,21,14,10,841.00,"8,410.00"
2021-02-10,2021021005001872,PLI,21,21,10,841.00,"8,410.00"
2021-02-10,2021021005001871,PLI,54,57,180,845.00,"152,100.00"
2021-02-10,2021021005001870,PLI,54,38,10,845.00,"8,450.00"
2021-02-10,2021021005001881,PLI,59,29,40,840.00,"33,600.00"
2021-02-10,2021021005001880,PLI,8,29,10,840.00,"8,400.00"
2021-02-10,2021021005001879,PLI,45,29,50,840.00,"42,000.00"
2021-02-10,2021021005001878,PLI,46,29,100,840.00,"84,000.00"
2021-02-10,2021021005001877,PLI,36,29,35,840.00,"29,400.00"
2021-02-10,2021021005001876,PLI,57,29,100,840.00,"84,000.00"
2021-02-10,2021021005001887,PLI,25,29,300,840.00,"252,000.00"
2021-02-10,2021021005001886,PLI,11,29,30,840.00,"25,200.00"
2021-02-10,2021021005001885,PLI,51,29,50,840.00,"42,000.00"
2021-02-10,2021021005001884,PLI,26,29,200,840.00,"168,000.00"
2021-02-10,2021021005001883,PLI,4,29,40,840.00,"33,600.00"
2021-02-10,2021021005001882,PLI,58,29,10,840.00,"8,400.00"
2021-02-10,2021021005001893,PLI,59,45,10,842.00,"8,420.00"
2021-02-10,2021021005001892,PLI,59,10,10,842.00,"8,420.00"
2021-02-10,2021021005001891,PLI,59,45,10,842.00,"8,420.00"
2021-02-10,2021021005001890,PLI,59,58,10,842.00,"8,420.00"
2021-02-10,2021021005001889,PLI,35,11,10,841.00,"8,410.00"
2021-02-10,2021021005001888,PLI,35,22,10,841.00,"8,410.00"
2021-02-10,2021021005001899,PLI,59,16,10,842.00,"8,420.00"
2021-02-10,2021021005001898,PLI,59,8,10,842.00,"8,420.00"
2021-02-10,2021021005001897,PLI,59,8,10,842.00,"8,420.00"
2021-02-10,2021021005001896,PLI,59,45,10,842.00,"8,420.00"
2021-02-10,2021021005001895,PLI,59,57,10,842.00,"8,420.00"
2021-02-10,2021021005001894,PLI,59,47,10,842.00,"8,420.00"
2021-02-10,2021021005001905,PLI,34,45,10,843.00,"8,430.00"
2021-02-10,2021021005001904,PLI,59,40,10,842.00,"8,420.00"
2021-02-10,2021021005001903,PLI,59,57,10,842.00,"8,420.00"
2021-02-10,2021021005001902,PLI,34,38,10,843.00,"8,430.00"
2021-02-10,2021021005001901,PLI,59,57,100,842.00,"84,200.00"
2021-02-10,2021021005001900,PLI,59,7,10,842.00,"8,420.00"
2021-02-10,2021021005001911,PLI,45,52,10,843.00,"8,430.00"
2021-02-10,2021021005001910,PLI,44,52,20,843.00,"16,860.00"
2021-02-10,2021021005001909,PLI,44,51,10,843.00,"8,430.00"
2021-02-10,2021021005001908,PLI,34,38,10,843.00,"8,430.00"
2021-02-10,2021021005001907,PLI,34,6,10,843.00,"8,430.00"
2021-02-10,2021021005001906,PLI,34,58,10,843.00,"8,430.00"
2021-02-10,2021021005001917,PLI,58,38,10,843.00,"8,430.00"
2021-02-10,2021021005001916,PLI,58,47,10,844.00,"8,440.00"
2021-02-10,2021021005001915,PLI,58,21,10,843.00,"8,430.00"
2021-02-10,2021021005001914,PLI,58,43,10,843.00,"8,430.00"
2021-02-10,2021021005001913,PLI,59,36,10,842.00,"8,420.00"
2021-02-10,2021021005001912,PLI,59,52,700,842.00,"589,400.00"
2021-02-10,2021021005001923,PLI,42,57,70,845.00,"59,150.00"
2021-02-10,2021021005001922,PLI,57,43,10,844.00,"8,440.00"
2021-02-10,2021021005001921,PLI,57,58,10,844.00,"8,440.00"
2021-02-10,2021021005001920,PLI,51,37,10,844.00,"8,440.00"
2021-02-10,2021021005001919,PLI,58,52,10,843.00,"8,430.00"
2021-02-10,2021021005001918,PLI,58,43,10,843.00,"8,430.00"
2021-02-10,2021021005001929,PLI,42,42,10,845.00,"8,450.00"
2021-02-10,2021021005001928,PLI,42,51,10,845.00,"8,450.00"
2021-02-10,2021021005001927,PLI,42,44,10,845.00,"8,450.00"
2021-02-10,2021021005001926,PLI,42,1,10,845.00,"8,450.00"
2021-02-10,2021021005001925,PLI,42,52,10,845.00,"8,450.00"
2021-02-10,2021021005001924,PLI,42,42,10,845.00,"8,450.00"
2021-02-10,2021021005001935,PLI,42,17,30,845.00,"25,350.00"
2021-02-10,2021021005001934,PLI,42,45,10,845.00,"8,450.00"
2021-02-10,2021021005001933,PLI,42,45,10,845.00,"8,450.00"
2021-02-10,2021021005001932,PLI,42,16,10,845.00,"8,450.00"
2021-02-10,2021021005001931,PLI,42,28,10,845.00,"8,450.00"
2021-02-10,2021021005001930,PLI,42,47,10,845.00,"8,450.00"
2021-02-10,2021021005001941,PLI,10,55,190,845.00,"160,550.00"
2021-02-10,2021021005001940,PLI,10,51,10,845.00,"8,450.00"
2021-02-10,2021021005001939,PLI,51,55,100,845.00,"84,500.00"
2021-02-10,2021021005001938,PLI,49,55,30,845.00,"25,350.00"
2021-02-10,2021021005001937,PLI,39,55,60,845.00,"50,700.00"
2021-02-10,2021021005001936,PLI,42,55,40,845.00,"33,800.00"
2021-02-10,2021021005001947,PLI,59,55,"2,460",842.00,"2,071,320.00"
2021-02-10,2021021005001946,PLI,36,55,40,843.00,"33,720.00"
2021-02-10,2021021005001945,PLI,58,55,250,843.00,"210,750.00"
2021-02-10,2021021005001944,PLI,38,55,100,844.00,"84,400.00"
2021-02-10,2021021005001943,PLI,57,57,10,844.00,"8,440.00"
2021-02-10,2021021005001942,PLI,50,55,100,845.00,"84,500.00"
2021-02-10,2021021005001442,CGH,32,50,10,179.00,"1,790.00"
2021-02-10,2021021005001453,PLI,42,39,10,845.00,"8,450.00"
2021-02-10,2021021005001452,PLI,42,20,10,845.00,"8,450.00"
2021-02-10,2021021005001451,PLI,42,37,10,845.00,"8,450.00"
2021-02-10,2021021005001450,PLI,42,45,10,845.00,"8,450.00"
2021-02-10,2021021005001449,PLI,42,40,10,845.00,"8,450.00"
2021-02-10,2021021005001448,PLI,42,10,10,845.00,"8,450.00"
2021-02-10,2021021005000954,PLI,33,5,10,845.00,"8,450.00"
2021-02-10,2021021005000960,PLI,33,48,10,845.00,"8,450.00"
2021-02-10,2021021005000959,PLI,33,29,10,845.00,"8,450.00"
2021-02-10,2021021005000958,PLI,51,56,10,846.00,"8,460.00"
2021-02-10,2021021005000957,PLI,51,51,10,846.00,"8,460.00"
2021-02-10,2021021005000956,PLI,51,41,10,846.00,"8,460.00"
2021-02-10,2021021005000955,PLI,33,32,10,845.00,"8,450.00"
2021-02-10,2021021005000966,PLI,39,45,10,845.00,"8,450.00"
2021-02-10,2021021005000965,PLI,39,58,10,845.00,"8,450.00"
2021-02-10,2021021005000964,PLI,39,45,10,845.00,"8,450.00"
2021-02-10,2021021005000963,PLI,39,38,10,845.00,"8,450.00"
2021-02-10,2021021005000962,PLI,55,17,10,845.00,"8,450.00"
2021-02-10,2021021005000961,PLI,55,18,10,845.00,"8,450.00"
2021-02-10,2021021005000972,PLI,1,53,10,845.00,"8,450.00"
2021-02-10,2021021005000971,PLI,26,39,10,844.00,"8,440.00"
2021-02-10,2021021005000970,PLI,51,57,10,845.00,"8,450.00"
2021-02-10,2021021005000969,PLI,51,34,10,845.00,"8,450.00"
2021-02-10,2021021005000968,PLI,51,17,10,845.00,"8,450.00"
2021-02-10,2021021005000967,PLI,39,45,10,845.00,"8,450.00"
2021-02-10,2021021005000978,PLI,26,1,10,844.00,"8,440.00"
2021-02-10,2021021005000977,PLI,26,58,10,844.00,"8,440.00"
2021-02-10,2021021005000976,PLI,1,8,10,845.00,"8,450.00"
2021-02-10,2021021005000975,PLI,1,34,10,845.00,"8,450.00"
2021-02-10,2021021005000974,PLI,1,35,10,845.00,"8,450.00"
2021-02-10,2021021005000973,PLI,1,49,10,845.00,"8,450.00"
2021-02-10,2021021005000984,PLI,26,36,10,844.00,"8,440.00"
2021-02-10,2021021005000983,PLI,26,34,10,844.00,"8,440.00"
2021-02-10,2021021005000982,PLI,52,1,10,845.00,"8,450.00"
2021-02-10,2021021005000981,PLI,52,32,10,845.00,"8,450.00"
2021-02-10,2021021005000980,PLI,26,36,10,844.00,"8,440.00"
2021-02-10,2021021005000979,PLI,26,58,10,844.00,"8,440.00"
2021-02-10,2021021005000990,PLI,39,51,10,845.00,"8,450.00"
2021-02-10,2021021005000989,PLI,39,32,10,845.00,"8,450.00"
2021-02-10,2021021005000988,PLI,26,34,10,844.00,"8,440.00"
2021-02-10,2021021005000987,PLI,26,35,10,844.00,"8,440.00"
2021-02-10,2021021005000986,PLI,26,34,10,844.00,"8,440.00"
2021-02-10,2021021005000985,PLI,26,29,10,844.00,"8,440.00"
2021-02-10,2021021005000996,PLI,39,50,10,845.00,"8,450.00"
2021-02-10,2021021005000995,PLI,39,34,10,845.00,"8,450.00"
2021-02-10,2021021005000994,PLI,39,45,10,845.00,"8,450.00"
2021-02-10,2021021005000993,PLI,39,34,10,845.00,"8,450.00"
2021-02-10,2021021005000992,PLI,39,53,10,845.00,"8,450.00"
2021-02-10,2021021005000991,PLI,39,32,10,845.00,"8,450.00"
2021-02-10,2021021005001002,PLI,41,5,10,845.00,"8,450.00"
2021-02-10,2021021005001001,PLI,41,51,10,845.00,"8,450.00"
2021-02-10,2021021005001000,PLI,41,40,10,845.00,"8,450.00"
2021-02-10,2021021005000999,PLI,41,34,10,845.00,"8,450.00"
2021-02-10,2021021005000998,PLI,39,34,10,845.00,"8,450.00"
2021-02-10,2021021005000997,PLI,39,34,10,845.00,"8,450.00"
2021-02-10,2021021005001008,PLI,41,11,10,845.00,"8,450.00"
2021-02-10,2021021005001007,PLI,32,40,10,846.00,"8,460.00"
2021-02-10,2021021005001006,PLI,32,52,10,846.00,"8,460.00"
2021-02-10,2021021005001005,PLI,32,16,10,846.00,"8,460.00"
2021-02-10,2021021005001004,PLI,41,40,10,845.00,"8,450.00"
2021-02-10,2021021005001003,PLI,41,58,10,845.00,"8,450.00"
2021-02-10,2021021005001014,PLI,58,36,10,845.00,"8,450.00"
2021-02-10,2021021005001013,PLI,36,35,10,845.00,"8,450.00"
2021-02-10,2021021005001012,PLI,36,38,10,845.00,"8,450.00"
2021-02-10,2021021005001011,PLI,36,54,10,845.00,"8,450.00"
2021-02-10,2021021005001010,PLI,36,57,70,845.00,"59,150.00"
2021-02-10,2021021005001009,PLI,41,57,20,845.00,"16,900.00"
2021-02-10,2021021005001020,PLI,26,36,10,844.00,"8,440.00"
2021-02-10,2021021005001019,PLI,26,45,10,844.00,"8,440.00"
2021-02-10,2021021005001018,PLI,26,25,10,844.00,"8,440.00"
2021-02-10,2021021005001017,PLI,26,36,10,844.00,"8,440.00"
2021-02-10,2021021005001016,PLI,26,54,10,844.00,"8,440.00"
2021-02-10,2021021005001015,PLI,26,32,10,844.00,"8,440.00"
2021-02-10,2021021005001026,PLI,26,57,10,844.00,"8,440.00"
2021-02-10,2021021005001025,PLI,26,54,10,844.00,"8,440.00"
2021-02-10,2021021005001024,PLI,45,36,10,845.00,"8,450.00"
2021-02-10,2021021005001023,PLI,45,13,10,845.00,"8,450.00"
2021-02-10,2021021005001022,PLI,45,17,10,845.00,"8,450.00"
2021-02-10,2021021005001021,PLI,45,34,70,845.00,"59,150.00"
2021-02-10,2021021005001032,PLI,56,58,10,845.00,"8,450.00"
2021-02-10,2021021005001031,PLI,56,1,10,845.00,"8,450.00"
2021-02-10,2021021005001030,PLI,56,51,10,845.00,"8,450.00"
2021-02-10,2021021005001029,PLI,56,32,10,845.00,"8,450.00"
2021-02-10,2021021005001028,PLI,26,1,10,844.00,"8,440.00"
2021-02-10,2021021005001027,PLI,26,46,10,844.00,"8,440.00"
2021-02-10,2021021005001038,PLI,56,45,10,846.00,"8,460.00"
2021-02-10,2021021005001037,PLI,56,22,10,846.00,"8,460.00"
2021-02-10,2021021005001036,PLI,56,29,10,846.00,"8,460.00"
2021-02-10,2021021005001035,PLI,56,6,10,846.00,"8,460.00"
2021-02-10,2021021005001034,PLI,56,34,10,845.00,"8,450.00"
2021-02-10,2021021005001033,PLI,56,57,10,845.00,"8,450.00"
2021-02-10,2021021005001044,PLI,26,17,10,844.00,"8,440.00"
2021-02-10,2021021005001043,PLI,26,5,10,844.00,"8,440.00"
2021-02-10,2021021005001042,PLI,26,26,10,844.00,"8,440.00"
2021-02-10,2021021005001041,PLI,26,11,10,844.00,"8,440.00"
2021-02-10,2021021005001040,PLI,26,58,10,844.00,"8,440.00"
2021-02-10,2021021005001039,PLI,26,38,10,844.00,"8,440.00"
2021-02-10,2021021005001050,PLI,26,57,10,844.00,"8,440.00"
2021-02-10,2021021005001049,PLI,26,51,10,844.00,"8,440.00"
2021-02-10,2021021005001048,PLI,26,46,10,844.00,"8,440.00"
2021-02-10,2021021005001047,PLI,26,38,10,844.00,"8,440.00"
2021-02-10,2021021005001046,PLI,26,51,10,844.00,"8,440.00"
2021-02-10,2021021005001045,PLI,26,35,10,844.00,"8,440.00"
2021-02-10,2021021005001056,PLI,26,48,10,844.00,"8,440.00"
2021-02-10,2021021005001055,PLI,26,5,10,844.00,"8,440.00"
2021-02-10,2021021005001054,PLI,26,48,10,844.00,"8,440.00"
2021-02-10,2021021005001053,PLI,26,19,10,844.00,"8,440.00"
2021-02-10,2021021005001052,PLI,26,8,10,844.00,"8,440.00"
2021-02-10,2021021005001051,PLI,26,57,10,844.00,"8,440.00"
2021-02-10,2021021005001062,PLI,50,57,10,844.00,"8,440.00"
2021-02-10,2021021005001061,PLI,19,56,10,844.00,"8,440.00"
2021-02-10,2021021005001060,PLI,19,48,10,844.00,"8,440.00"
2021-02-10,2021021005001059,PLI,26,57,10,844.00,"8,440.00"
2021-02-10,2021021005001058,PLI,26,22,10,844.00,"8,440.00"
2021-02-10,2021021005001057,PLI,26,36,10,844.00,"8,440.00"
2021-02-10,2021021005001068,PLI,35,51,10,845.00,"8,450.00"
2021-02-10,2021021005001067,PLI,25,58,10,844.00,"8,440.00"
2021-02-10,2021021005001066,PLI,25,51,10,844.00,"8,440.00"
2021-02-10,2021021005001065,PLI,25,32,10,844.00,"8,440.00"
2021-02-10,2021021005001064,PLI,50,39,10,844.00,"8,440.00"
2021-02-10,2021021005001063,PLI,50,57,10,844.00,"8,440.00"
2021-02-10,2021021005001074,PLI,56,39,10,845.00,"8,450.00"
2021-02-10,2021021005001073,PLI,56,45,10,845.00,"8,450.00"
2021-02-10,2021021005001072,PLI,25,32,10,844.00,"8,440.00"
2021-02-10,2021021005001071,PLI,25,49,10,844.00,"8,440.00"
2021-02-10,2021021005001070,PLI,17,48,10,845.00,"8,450.00"
2021-02-10,2021021005001069,PLI,17,56,10,845.00,"8,450.00"
2021-02-10,2021021005001080,PLI,25,39,10,844.00,"8,440.00"
2021-02-10,2021021005001079,PLI,25,56,10,844.00,"8,440.00"
2021-02-10,2021021005001078,PLI,6,41,10,845.00,"8,450.00"
2021-02-10,2021021005001077,PLI,56,17,10,845.00,"8,450.00"
2021-02-10,2021021005001076,PLI,56,58,10,845.00,"8,450.00"
2021-02-10,2021021005001075,PLI,56,46,10,845.00,"8,450.00"
2021-02-10,2021021005001086,PLI,58,28,10,845.00,"8,450.00"
2021-02-10,2021021005001085,PLI,58,21,10,845.00,"8,450.00"
2021-02-10,2021021005001084,PLI,25,48,10,844.00,"8,440.00"
2021-02-10,2021021005001083,PLI,11,13,10,845.00,"8,450.00"
2021-02-10,2021021005001082,PLI,25,52,10,844.00,"8,440.00"
2021-02-10,2021021005001081,PLI,25,32,10,844.00,"8,440.00"
2021-02-10,2021021005001092,PLI,25,33,10,844.00,"8,440.00"
2021-02-10,2021021005001091,PLI,25,34,10,844.00,"8,440.00"
2021-02-10,2021021005001090,PLI,42,55,10,845.00,"8,450.00"
2021-02-10,2021021005001089,PLI,25,22,10,844.00,"8,440.00"
2021-02-10,2021021005001088,PLI,25,48,10,844.00,"8,440.00"
2021-02-10,2021021005001087,PLI,25,48,10,844.00,"8,440.00"
2021-02-10,2021021005001098,PLI,1,58,10,845.00,"8,450.00"
2021-02-10,2021021005001097,PLI,1,35,10,845.00,"8,450.00"
2021-02-10,2021021005001096,PLI,1,40,10,845.00,"8,450.00"
2021-02-10,2021021005001095,PLI,1,58,10,845.00,"8,450.00"
2021-02-10,2021021005001094,PLI,1,51,10,845.00,"8,450.00"
2021-02-10,2021021005001093,PLI,1,40,10,845.00,"8,450.00"
2021-02-10,2021021005001104,PLI,1,36,10,845.00,"8,450.00"
2021-02-10,2021021005001103,PLI,37,46,10,847.00,"8,470.00"
2021-02-10,2021021005001102,PLI,37,28,10,847.00,"8,470.00"
2021-02-10,2021021005001101,PLI,37,42,10,847.00,"8,470.00"
2021-02-10,2021021005001100,PLI,37,59,10,847.00,"8,470.00"
2021-02-10,2021021005001099,PLI,37,40,10,846.00,"8,460.00"
2021-02-10,2021021005001110,PLI,45,46,10,845.00,"8,450.00"
2021-02-10,2021021005001109,PLI,1,58,20,845.00,"16,900.00"
2021-02-10,2021021005001108,PLI,36,58,10,846.00,"8,460.00"
2021-02-10,2021021005001107,PLI,36,11,10,846.00,"8,460.00"
2021-02-10,2021021005001106,PLI,36,22,10,846.00,"8,460.00"
2021-02-10,2021021005001105,PLI,1,41,10,845.00,"8,450.00"
2021-02-10,2021021005001116,PLI,3,18,10,845.00,"8,450.00"
2021-02-10,2021021005001115,PLI,45,41,10,845.00,"8,450.00"
2021-02-10,2021021005001114,PLI,36,25,10,846.00,"8,460.00"
2021-02-10,2021021005001113,PLI,45,47,10,845.00,"8,450.00"
2021-02-10,2021021005001112,PLI,45,44,10,845.00,"8,450.00"
2021-02-10,2021021005001111,PLI,45,43,10,845.00,"8,450.00"
2021-02-10,2021021005001122,PLI,57,18,10,845.00,"8,450.00"
2021-02-10,2021021005001121,PLI,57,11,10,845.00,"8,450.00"
2021-02-10,2021021005001120,PLI,57,32,10,845.00,"8,450.00"
2021-02-10,2021021005001119,PLI,57,35,10,845.00,"8,450.00"
2021-02-10,2021021005001118,PLI,3,18,10,845.00,"8,450.00"
2021-02-10,2021021005001117,PLI,3,35,10,845.00,"8,450.00"
2021-02-10,2021021005001128,PLI,49,26,10,844.00,"8,440.00"
2021-02-10,2021021005001127,PLI,49,38,10,844.00,"8,440.00"
2021-02-10,2021021005001126,PLI,49,42,10,844.00,"8,440.00"
2021-02-10,2021021005001125,PLI,49,56,10,844.00,"8,440.00"
2021-02-10,2021021005001124,PLI,49,13,10,844.00,"8,440.00"
2021-02-10,2021021005001123,PLI,57,11,10,845.00,"8,450.00"
2021-02-10,2021021005001134,PLI,34,36,10,844.00,"8,440.00"
2021-02-10,2021021005001133,PLI,41,56,10,844.00,"8,440.00"
2021-02-10,2021021005001132,PLI,41,52,10,844.00,"8,440.00"
2021-02-10,2021021005001131,PLI,41,35,10,844.00,"8,440.00"
2021-02-10,2021021005001130,PLI,41,21,10,844.00,"8,440.00"
2021-02-10,2021021005001129,PLI,41,56,10,844.00,"8,440.00"
2021-02-10,2021021005001140,PLI,34,32,10,844.00,"8,440.00"
2021-02-10,2021021005001139,PLI,34,48,10,844.00,"8,440.00"
2021-02-10,2021021005001138,PLI,34,46,10,844.00,"8,440.00"
2021-02-10,2021021005001137,PLI,34,48,10,844.00,"8,440.00"
2021-02-10,2021021005001136,PLI,34,57,10,844.00,"8,440.00"
2021-02-10,2021021005001135,PLI,34,58,10,844.00,"8,440.00"
2021-02-10,2021021005001146,PLI,34,38,10,844.00,"8,440.00"
2021-02-10,2021021005001145,PLI,34,32,10,844.00,"8,440.00"
2021-02-10,2021021005001144,PLI,34,8,180,844.00,"151,920.00"
2021-02-10,2021021005001143,PLI,34,21,10,844.00,"8,440.00"
2021-02-10,2021021005001142,PLI,34,58,10,844.00,"8,440.00"
2021-02-10,2021021005001141,PLI,34,8,10,844.00,"8,440.00"
2021-02-10,2021021005001152,PLI,34,16,10,844.00,"8,440.00"
2021-02-10,2021021005001151,PLI,34,41,120,844.00,"101,280.00"
2021-02-10,2021021005001150,PLI,34,35,10,844.00,"8,440.00"
2021-02-10,2021021005001149,PLI,59,42,10,845.00,"8,450.00"
2021-02-10,2021021005001148,PLI,34,38,10,844.00,"8,440.00"
2021-02-10,2021021005001147,PLI,34,10,10,844.00,"8,440.00"
2021-02-10,2021021005001158,PLI,29,21,10,844.00,"8,440.00"
2021-02-10,2021021005001157,PLI,29,16,10,844.00,"8,440.00"
2021-02-10,2021021005001156,PLI,29,56,10,844.00,"8,440.00"
2021-02-10,2021021005001155,PLI,29,17,10,844.00,"8,440.00"
2021-02-10,2021021005001154,PLI,42,17,50,844.00,"42,200.00"
2021-02-10,2021021005001153,PLI,34,17,40,844.00,"33,760.00"
2021-02-10,2021021005001164,PLI,29,33,10,844.00,"8,440.00"
2021-02-10,2021021005001163,PLI,29,40,10,844.00,"8,440.00"
2021-02-10,2021021005001162,PLI,29,16,10,844.00,"8,440.00"
2021-02-10,2021021005001161,PLI,29,56,10,844.00,"8,440.00"
2021-02-10,2021021005001160,PLI,29,32,10,844.00,"8,440.00"
2021-02-10,2021021005001159,PLI,29,56,10,844.00,"8,440.00"
2021-02-10,2021021005001170,PLI,29,42,10,844.00,"8,440.00"
2021-02-10,2021021005001169,PLI,29,8,10,844.00,"8,440.00"
2021-02-10,2021021005001168,PLI,29,8,10,844.00,"8,440.00"
2021-02-10,2021021005001167,PLI,29,8,10,844.00,"8,440.00"
2021-02-10,2021021005001166,PLI,29,8,10,844.00,"8,440.00"
2021-02-10,2021021005001165,PLI,29,16,10,844.00,"8,440.00"
2021-02-10,2021021005001176,PLI,32,25,30,844.00,"25,320.00"
2021-02-10,2021021005001175,PLI,36,25,40,844.00,"33,760.00"
2021-02-10,2021021005001174,PLI,29,45,10,844.00,"8,440.00"
2021-02-10,2021021005001173,PLI,29,8,10,844.00,"8,440.00"
2021-02-10,2021021005001172,PLI,29,21,10,844.00,"8,440.00"
2021-02-10,2021021005001171,PLI,29,16,10,844.00,"8,440.00"
2021-02-10,2021021005001182,PLI,25,56,10,843.00,"8,430.00"
2021-02-10,2021021005001181,PLI,25,16,10,843.00,"8,430.00"
2021-02-10,2021021005001180,PLI,25,25,20,844.00,"16,880.00"
2021-02-10,2021021005001179,PLI,6,25,70,844.00,"59,080.00"
2021-02-10,2021021005001178,PLI,6,5,10,844.00,"8,440.00"
2021-02-10,2021021005001177,PLI,6,25,20,844.00,"16,880.00"
2021-02-10,2021021005001188,PLI,55,51,10,843.00,"8,430.00"
2021-02-10,2021021005001187,PLI,55,16,10,843.00,"8,430.00"
2021-02-10,2021021005001186,PLI,25,25,10,843.00,"8,430.00"
2021-02-10,2021021005001185,PLI,25,58,10,843.00,"8,430.00"
2021-02-10,2021021005001184,PLI,25,58,10,843.00,"8,430.00"
2021-02-10,2021021005001183,PLI,25,16,10,843.00,"8,430.00"
2021-02-10,2021021005001194,PLI,45,39,10,843.00,"8,430.00"
2021-02-10,2021021005001193,PLI,33,26,10,843.00,"8,430.00"
2021-02-10,2021021005001192,PLI,55,42,10,843.00,"8,430.00"
2021-02-10,2021021005001191,PLI,55,58,10,843.00,"8,430.00"
2021-02-10,2021021005001190,PLI,55,21,10,843.00,"8,430.00"
2021-02-10,2021021005001189,PLI,55,16,10,843.00,"8,430.00"
2021-02-10,2021021005001200,PLI,45,57,10,843.00,"8,430.00"
2021-02-10,2021021005001199,PLI,40,25,10,844.00,"8,440.00"
2021-02-10,2021021005001198,PLI,45,22,10,843.00,"8,430.00"
2021-02-10,2021021005001197,PLI,45,45,10,843.00,"8,430.00"
2021-02-10,2021021005001196,PLI,45,58,10,843.00,"8,430.00"
2021-02-10,2021021005001195,PLI,45,45,10,843.00,"8,430.00"
2021-02-10,2021021005001206,PLI,45,36,10,843.00,"8,430.00"
2021-02-10,2021021005001205,PLI,45,42,10,843.00,"8,430.00"
2021-02-10,2021021005001204,PLI,45,58,10,843.00,"8,430.00"
2021-02-10,2021021005001203,PLI,16,25,38,844.00,"32,072.00"
2021-02-10,2021021005001202,PLI,45,58,10,843.00,"8,430.00"
2021-02-10,2021021005001201,PLI,45,16,10,843.00,"8,430.00"
2021-02-10,2021021005001212,PLI,45,49,10,843.00,"8,430.00"
2021-02-10,2021021005001211,PLI,45,42,10,843.00,"8,430.00"
2021-02-10,2021021005001210,PLI,46,25,110,844.00,"92,840.00"
2021-02-10,2021021005001209,PLI,45,3,10,843.00,"8,430.00"
2021-02-10,2021021005001208,PLI,45,10,10,843.00,"8,430.00"
2021-02-10,2021021005001207,PLI,45,40,10,843.00,"8,430.00"
2021-02-10,2021021005001218,PLI,11,21,10,843.00,"8,430.00"
2021-02-10,2021021005001217,PLI,11,56,10,843.00,"8,430.00"
2021-02-10,2021021005001216,PLI,45,34,10,843.00,"8,430.00"
2021-02-10,2021021005001215,PLI,45,26,10,843.00,"8,430.00"
2021-02-10,2021021005001214,PLI,45,47,10,843.00,"8,430.00"
2021-02-10,2021021005001213,PLI,45,42,10,843.00,"8,430.00"
2021-02-10,2021021005001224,PLI,11,58,10,843.00,"8,430.00"
2021-02-10,2021021005001223,PLI,11,36,10,843.00,"8,430.00"
2021-02-10,2021021005001222,PLI,11,6,10,843.00,"8,430.00"
2021-02-10,2021021005001221,PLI,11,57,10,843.00,"8,430.00"
2021-02-10,2021021005001220,PLI,11,20,10,843.00,"8,430.00"
2021-02-10,2021021005001219,PLI,11,20,10,843.00,"8,430.00"
2021-02-10,2021021005001230,PLI,49,6,10,843.00,"8,430.00"
2021-02-10,2021021005001229,PLI,8,25,110,844.00,"92,840.00"
2021-02-10,2021021005001228,PLI,8,17,10,843.00,"8,430.00"
2021-02-10,2021021005001227,PLI,8,53,10,843.00,"8,430.00"
2021-02-10,2021021005001226,PLI,11,34,10,843.00,"8,430.00"
2021-02-10,2021021005001225,PLI,11,57,10,843.00,"8,430.00"
2021-02-10,2021021005001236,PLI,29,25,100,844.00,"84,400.00"
2021-02-10,2021021005001235,PLI,49,21,10,843.00,"8,430.00"
2021-02-10,2021021005001234,PLI,10,25,30,844.00,"25,320.00"
2021-02-10,2021021005001233,PLI,49,35,10,843.00,"8,430.00"
2021-02-10,2021021005001232,PLI,49,21,10,843.00,"8,430.00"
2021-02-10,2021021005001231,PLI,49,35,10,843.00,"8,430.00"
2021-02-10,2021021005001242,PLI,22,43,10,842.00,"8,420.00"
2021-02-10,2021021005001241,PLI,22,58,10,842.00,"8,420.00"
2021-02-10,2021021005001240,PLI,22,40,10,842.00,"8,420.00"
2021-02-10,2021021005001239,PLI,22,58,10,842.00,"8,420.00"
2021-02-10,2021021005001238,PLI,22,51,10,842.00,"8,420.00"
2021-02-10,2021021005001237,PLI,22,35,10,842.00,"8,420.00"
2021-02-10,2021021005001248,PLI,57,3,10,843.00,"8,430.00"
2021-02-10,2021021005001247,PLI,57,32,10,843.00,"8,430.00"
2021-02-10,2021021005001246,PLI,57,17,10,843.00,"8,430.00"
2021-02-10,2021021005001245,PLI,57,57,10,843.00,"8,430.00"
2021-02-10,2021021005001244,PLI,22,17,10,842.00,"8,420.00"
2021-02-10,2021021005001243,PLI,22,42,10,842.00,"8,420.00"
2021-02-10,2021021005001254,PLI,57,35,10,843.00,"8,430.00"
2021-02-10,2021021005001253,PLI,57,21,10,843.00,"8,430.00"
2021-02-10,2021021005001252,PLI,57,34,10,843.00,"8,430.00"
2021-02-10,2021021005001251,PLI,57,58,10,843.00,"8,430.00"
2021-02-10,2021021005001250,PLI,57,11,10,843.00,"8,430.00"
2021-02-10,2021021005001249,PLI,57,35,10,843.00,"8,430.00"
2021-02-10,2021021005001260,PLI,22,58,10,842.00,"8,420.00"
2021-02-10,2021021005001259,PLI,22,22,10,842.00,"8,420.00"
2021-02-10,2021021005001258,PLI,22,17,10,842.00,"8,420.00"
2021-02-10,2021021005001257,PLI,22,16,10,842.00,"8,420.00"
2021-02-10,2021021005001256,PLI,22,17,10,842.00,"8,420.00"
2021-02-10,2021021005001255,PLI,22,7,10,842.00,"8,420.00"
2021-02-10,2021021005001266,PLI,22,17,10,842.00,"8,420.00"
2021-02-10,2021021005001265,PLI,22,17,10,842.00,"8,420.00"
2021-02-10,2021021005001264,PLI,22,17,10,842.00,"8,420.00"
2021-02-10,2021021005001263,PLI,22,34,10,842.00,"8,420.00"
2021-02-10,2021021005001262,PLI,22,3,10,842.00,"8,420.00"
2021-02-10,2021021005001261,PLI,22,17,10,842.00,"8,420.00"
2021-02-10,2021021005001272,PLI,58,17,10,843.00,"8,430.00"
2021-02-10,2021021005001271,PLI,58,16,10,843.00,"8,430.00"
2021-02-10,2021021005001270,PLI,22,46,10,842.00,"8,420.00"
2021-02-10,2021021005001269,PLI,22,16,10,842.00,"8,420.00"
2021-02-10,2021021005001268,PLI,22,22,10,842.00,"8,420.00"
2021-02-10,2021021005001267,PLI,22,58,10,842.00,"8,420.00"
2021-02-10,2021021005001278,PLI,22,22,10,842.00,"8,420.00"
2021-02-10,2021021005001277,PLI,22,25,12,842.00,"10,104.00"
2021-02-10,2021021005001276,PLI,22,17,10,842.00,"8,420.00"
2021-02-10,2021021005001275,PLI,58,32,10,843.00,"8,430.00"
2021-02-10,2021021005001274,PLI,58,17,10,843.00,"8,430.00"
2021-02-10,2021021005001273,PLI,58,46,10,843.00,"8,430.00"
2021-02-10,2021021005001284,PLI,22,33,10,842.00,"8,420.00"
2021-02-10,2021021005001283,PLI,22,21,10,842.00,"8,420.00"
2021-02-10,2021021005001282,PLI,22,6,20,842.00,"16,840.00"
2021-02-10,2021021005001281,PLI,22,11,10,842.00,"8,420.00"
2021-02-10,2021021005001280,PLI,22,5,10,842.00,"8,420.00"
2021-02-10,2021021005001279,PLI,22,42,10,842.00,"8,420.00"
2021-02-10,2021021005001290,PLI,38,17,10,843.00,"8,430.00"
2021-02-10,2021021005001289,PLI,38,21,10,843.00,"8,430.00"
2021-02-10,2021021005001288,PLI,38,45,10,843.00,"8,430.00"
2021-02-10,2021021005001287,PLI,22,55,10,842.00,"8,420.00"
2021-02-10,2021021005001286,PLI,22,3,10,842.00,"8,420.00"
2021-02-10,2021021005001285,PLI,22,16,10,842.00,"8,420.00"
2021-02-10,2021021005001296,PLI,59,14,10,843.00,"8,430.00"
2021-02-10,2021021005001295,PLI,59,13,10,843.00,"8,430.00"
2021-02-10,2021021005001294,PLI,59,28,10,843.00,"8,430.00"
2021-02-10,2021021005001293,PLI,59,14,10,843.00,"8,430.00"
2021-02-10,2021021005001292,PLI,38,14,10,843.00,"8,430.00"
2021-02-10,2021021005001291,PLI,38,28,10,843.00,"8,430.00"
2021-02-10,2021021005001302,PLI,22,41,10,842.00,"8,420.00"
2021-02-10,2021021005001301,PLI,22,58,10,842.00,"8,420.00"
2021-02-10,2021021005001300,PLI,22,16,10,842.00,"8,420.00"
2021-02-10,2021021005001299,PLI,22,38,10,842.00,"8,420.00"
2021-02-10,2021021005001298,PLI,57,45,10,843.00,"8,430.00"
2021-02-10,2021021005001297,PLI,59,45,10,843.00,"8,430.00"
2021-02-10,2021021005001308,PLI,22,38,10,842.00,"8,420.00"
2021-02-10,2021021005001307,PLI,22,8,10,842.00,"8,420.00"
2021-02-10,2021021005001306,PLI,22,38,10,842.00,"8,420.00"
2021-02-10,2021021005001305,PLI,22,38,10,842.00,"8,420.00"
2021-02-10,2021021005001304,PLI,22,3,10,842.00,"8,420.00"
2021-02-10,2021021005001303,PLI,22,39,10,842.00,"8,420.00"
2021-02-10,2021021005001314,PLI,14,29,40,842.00,"33,680.00"
2021-02-10,2021021005001313,PLI,45,29,100,842.00,"84,200.00"
2021-02-10,2021021005001312,PLI,45,29,10,842.00,"8,420.00"
2021-02-10,2021021005001311,PLI,51,29,25,842.00,"21,050.00"
2021-02-10,2021021005001310,PLI,22,29,50,842.00,"42,100.00"
2021-02-10,2021021005001309,PLI,22,29,28,842.00,"23,576.00"
2021-02-10,2021021005001320,PLI,28,3,10,842.00,"8,420.00"
2021-02-10,2021021005001319,PLI,28,58,10,842.00,"8,420.00"
2021-02-10,2021021005001318,PLI,28,38,10,842.00,"8,420.00"
2021-02-10,2021021005001317,PLI,28,38,10,842.00,"8,420.00"
2021-02-10,2021021005001316,PLI,28,38,10,842.00,"8,420.00"
2021-02-10,2021021005001315,PLI,28,29,107,842.00,"90,094.00"
2021-02-10,2021021005001326,PLI,28,3,10,842.00,"8,420.00"
2021-02-10,2021021005001325,PLI,28,38,10,842.00,"8,420.00"
2021-02-10,2021021005001324,PLI,28,21,10,842.00,"8,420.00"
2021-02-10,2021021005001323,PLI,28,58,10,842.00,"8,420.00"
2021-02-10,2021021005001322,PLI,28,57,120,842.00,"101,040.00"
2021-02-10,2021021005001321,PLI,28,57,110,842.00,"92,620.00"
2021-02-10,2021021005001332,PLI,21,38,10,841.00,"8,410.00"
2021-02-10,2021021005001331,PLI,28,49,43,842.00,"36,206.00"
2021-02-10,2021021005001330,PLI,28,22,10,842.00,"8,420.00"
2021-02-10,2021021005001329,PLI,59,45,10,843.00,"8,430.00"
2021-02-10,2021021005001328,PLI,28,49,10,842.00,"8,420.00"
2021-02-10,2021021005001327,PLI,28,38,10,842.00,"8,420.00"
2021-02-10,2021021005001338,PLI,42,59,10,842.00,"8,420.00"
2021-02-10,2021021005001337,PLI,42,49,217,842.00,"182,714.00"
2021-02-10,2021021005001336,PLI,21,43,10,841.00,"8,410.00"
2021-02-10,2021021005001335,PLI,21,32,10,841.00,"8,410.00"
2021-02-10,2021021005001334,PLI,58,49,10,842.00,"8,420.00"
2021-02-10,2021021005001333,PLI,49,49,30,842.00,"25,260.00"
2021-02-10,2021021005001344,PLI,42,14,10,843.00,"8,430.00"
2021-02-10,2021021005001343,PLI,42,14,10,843.00,"8,430.00"
2021-02-10,2021021005001342,PLI,42,14,10,843.00,"8,430.00"
2021-02-10,2021021005001341,PLI,42,42,10,843.00,"8,430.00"
2021-02-10,2021021005001340,PLI,42,17,10,843.00,"8,430.00"
2021-02-10,2021021005001339,PLI,42,45,70,843.00,"59,010.00"
2021-02-10,2021021005001350,PLI,42,29,100,843.00,"84,300.00"
2021-02-10,2021021005001349,PLI,42,47,10,843.00,"8,430.00"
2021-02-10,2021021005001348,PLI,42,16,10,843.00,"8,430.00"
2021-02-10,2021021005001347,PLI,42,38,10,843.00,"8,430.00"
2021-02-10,2021021005001346,PLI,42,14,10,843.00,"8,430.00"
2021-02-10,2021021005001345,PLI,42,14,10,843.00,"8,430.00"
2021-02-10,2021021005001356,PLI,42,45,10,844.00,"8,440.00"
2021-02-10,2021021005001355,PLI,42,38,10,844.00,"8,440.00"
2021-02-10,2021021005001354,PLI,42,38,10,844.00,"8,440.00"
2021-02-10,2021021005001353,PLI,42,41,10,844.00,"8,440.00"
2021-02-10,2021021005001352,PLI,42,57,10,844.00,"8,440.00"
2021-02-10,2021021005001351,PLI,42,21,10,844.00,"8,440.00"
2021-02-10,2021021005001362,PLI,42,45,10,845.00,"8,450.00"
2021-02-10,2021021005001361,PLI,42,41,10,845.00,"8,450.00"
2021-02-10,2021021005001360,PLI,42,11,10,845.00,"8,450.00"
2021-02-10,2021021005001359,PLI,42,11,10,845.00,"8,450.00"
2021-02-10,2021021005001358,PLI,42,42,10,845.00,"8,450.00"
2021-02-10,2021021005001357,PLI,42,59,200,844.00,"168,800.00"
2021-02-10,2021021005001368,PLI,42,48,10,845.00,"8,450.00"
2021-02-10,2021021005001367,PLI,42,13,10,845.00,"8,450.00"
2021-02-10,2021021005001366,PLI,42,21,10,845.00,"8,450.00"
2021-02-10,2021021005001365,PLI,42,46,10,845.00,"8,450.00"
2021-02-10,2021021005001364,PLI,42,55,10,845.00,"8,450.00"
2021-02-10,2021021005001363,PLI,42,13,10,845.00,"8,450.00"
2021-02-10,2021021005001374,PLI,42,35,10,845.00,"8,450.00"
2021-02-10,2021021005001373,PLI,42,52,10,845.00,"8,450.00"
2021-02-10,2021021005001372,PLI,42,35,10,845.00,"8,450.00"
2021-02-10,2021021005001371,PLI,42,52,10,845.00,"8,450.00"
2021-02-10,2021021005001370,PLI,42,38,60,845.00,"50,700.00"
2021-02-10,2021021005001369,PLI,42,58,10,845.00,"8,450.00"
2021-02-10,2021021005001380,PLI,42,57,10,845.00,"8,450.00"
2021-02-10,2021021005001379,PLI,42,52,10,845.00,"8,450.00"
2021-02-10,2021021005001378,PLI,42,13,10,845.00,"8,450.00"
2021-02-10,2021021005001377,PLI,42,52,10,845.00,"8,450.00"
2021-02-10,2021021005001376,PLI,42,14,10,845.00,"8,450.00"
2021-02-10,2021021005001375,PLI,42,42,10,845.00,"8,450.00"
2021-02-10,2021021005001386,PLI,42,47,200,845.00,"169,000.00"
2021-02-10,2021021005001385,PLI,42,57,10,845.00,"8,450.00"
2021-02-10,2021021005001384,PLI,42,54,10,845.00,"8,450.00"
2021-02-10,2021021005001383,PLI,42,52,10,845.00,"8,450.00"
2021-02-10,2021021005001382,PLI,42,22,10,845.00,"8,450.00"
2021-02-10,2021021005001381,PLI,42,19,10,845.00,"8,450.00"
2021-02-10,2021021005001392,PLI,42,58,10,845.00,"8,450.00"
2021-02-10,2021021005001391,PLI,42,34,10,845.00,"8,450.00"
2021-02-10,2021021005001390,PLI,42,45,10,845.00,"8,450.00"
2021-02-10,2021021005001389,PLI,42,38,10,845.00,"8,450.00"
2021-02-10,2021021005001388,PLI,42,54,10,845.00,"8,450.00"
2021-02-10,2021021005001387,PLI,42,36,10,845.00,"8,450.00"
2021-02-10,2021021005001398,PLI,42,58,10,845.00,"8,450.00"
2021-02-10,2021021005001397,PLI,42,45,10,845.00,"8,450.00"
2021-02-10,2021021005001396,PLI,42,42,10,845.00,"8,450.00"
2021-02-10,2021021005001395,PLI,42,42,55,845.00,"46,475.00"
2021-02-10,2021021005001394,PLI,42,41,10,845.00,"8,450.00"
2021-02-10,2021021005001393,PLI,42,40,10,845.00,"8,450.00"
2021-02-10,2021021005001404,PLI,42,41,10,845.00,"8,450.00"
2021-02-10,2021021005001403,PLI,42,38,10,845.00,"8,450.00"
2021-02-10,2021021005001402,PLI,42,21,10,845.00,"8,450.00"
2021-02-10,2021021005001401,PLI,42,58,10,845.00,"8,450.00"
2021-02-10,2021021005001400,PLI,42,43,10,845.00,"8,450.00"
2021-02-10,2021021005001399,PLI,42,57,10,845.00,"8,450.00"
2021-02-10,2021021005001410,PLI,42,36,10,845.00,"8,450.00"
2021-02-10,2021021005001409,PLI,42,42,10,845.00,"8,450.00"
2021-02-10,2021021005001408,PLI,42,41,10,845.00,"8,450.00"
2021-02-10,2021021005001407,PLI,42,38,10,845.00,"8,450.00"
2021-02-10,2021021005001406,PLI,42,42,10,845.00,"8,450.00"
2021-02-10,2021021005001405,PLI,42,50,10,845.00,"8,450.00"
2021-02-10,2021021005001416,PLI,42,16,10,845.00,"8,450.00"
2021-02-10,2021021005001415,PLI,34,29,10,846.00,"8,460.00"
2021-02-10,2021021005001414,PLI,34,45,10,846.00,"8,460.00"
2021-02-10,2021021005001413,PLI,34,47,10,846.00,"8,460.00"
2021-02-10,2021021005001412,PLI,34,46,10,846.00,"8,460.00"
2021-02-10,2021021005001411,PLI,42,57,10,845.00,"8,450.00"
2021-02-10,2021021005001422,PLI,42,33,10,845.00,"8,450.00"
2021-02-10,2021021005001421,PLI,42,38,10,845.00,"8,450.00"
2021-02-10,2021021005001420,PLI,42,22,10,845.00,"8,450.00"
2021-02-10,2021021005001419,PLI,42,29,10,845.00,"8,450.00"
2021-02-10,2021021005001418,PLI,42,10,10,845.00,"8,450.00"
2021-02-10,2021021005001417,PLI,42,49,10,845.00,"8,450.00"
2021-02-10,2021021005001428,PLI,42,21,10,845.00,"8,450.00"
2021-02-10,2021021005001427,PLI,42,8,10,845.00,"8,450.00"
2021-02-10,2021021005001426,PLI,42,42,10,845.00,"8,450.00"
2021-02-10,2021021005001425,PLI,42,33,10,845.00,"8,450.00"
2021-02-10,2021021005001424,PLI,42,56,10,845.00,"8,450.00"
2021-02-10,2021021005001423,PLI,42,21,10,845.00,"8,450.00"
2021-02-10,2021021005001434,PLI,42,52,10,845.00,"8,450.00"
2021-02-10,2021021005001433,PLI,42,57,10,845.00,"8,450.00"
2021-02-10,2021021005001432,PLI,42,38,10,845.00,"8,450.00"
2021-02-10,2021021005001431,PLI,42,4,10,845.00,"8,450.00"
2021-02-10,2021021005001430,PLI,42,45,10,845.00,"8,450.00"
2021-02-10,2021021005001429,PLI,42,21,10,845.00,"8,450.00"
2021-02-10,2021021005001440,PLI,42,40,10,845.00,"8,450.00"
2021-02-10,2021021005001439,PLI,42,10,10,845.00,"8,450.00"
2021-02-10,2021021005001438,PLI,42,55,10,845.00,"8,450.00"
2021-02-10,2021021005001437,PLI,42,25,10,845.00,"8,450.00"
2021-02-10,2021021005001436,PLI,42,35,10,845.00,"8,450.00"
2021-02-10,2021021005001435,PLI,42,19,10,845.00,"8,450.00"
2021-02-10,2021021005001447,PLI,42,21,10,845.00,"8,450.00"
2021-02-10,2021021005001446,PLI,42,29,10,845.00,"8,450.00"
2021-02-10,2021021005001445,PLI,42,45,10,845.00,"8,450.00"
2021-02-10,2021021005001444,PLI,42,47,10,845.00,"8,450.00"
2021-02-10,2021021005001443,PLI,42,59,10,845.00,"8,450.00"
2021-02-10,2021021005001441,PLI,42,29,10,845.00,"8,450.00"
2021-02-10,2021021005000953,PLI,33,41,10,845.00,"8,450.00"
2021-02-10,2021021005000952,PLI,58,26,10,846.00,"8,460.00"
2021-02-10,2021021005000951,PLI,58,58,10,846.00,"8,460.00"
2021-02-10,2021021005000950,PLI,58,49,10,846.00,"8,460.00"
2021-02-10,2021021005000949,PLI,58,57,10,846.00,"8,460.00"
2021-02-10,2021021005000948,PLI,58,49,10,846.00,"8,460.00"
2021-02-10,2021021005000455,PLI,22,18,10,847.00,"8,470.00"
2021-02-10,2021021005000454,PLI,22,48,10,847.00,"8,470.00"
2021-02-10,2021021005000461,PLI,29,57,10,847.00,"8,470.00"
2021-02-10,2021021005000460,PLI,29,29,10,847.00,"8,470.00"
2021-02-10,2021021005000459,PLI,22,35,10,847.00,"8,470.00"
2021-02-10,2021021005000458,PLI,22,18,10,847.00,"8,470.00"
2021-02-10,2021021005000457,PLI,22,17,10,847.00,"8,470.00"
2021-02-10,2021021005000456,PLI,16,29,10,848.00,"8,480.00"
2021-02-10,2021021005000467,PLI,49,50,10,848.00,"8,480.00"
2021-02-10,2021021005000466,PLI,29,21,10,847.00,"8,470.00"
2021-02-10,2021021005000465,PLI,29,57,10,847.00,"8,470.00"
2021-02-10,2021021005000464,PLI,29,57,10,847.00,"8,470.00"
2021-02-10,2021021005000463,PLI,29,56,10,847.00,"8,470.00"
2021-02-10,2021021005000462,PLI,29,29,10,847.00,"8,470.00"
2021-02-10,2021021005000473,PLI,49,10,10,849.00,"8,490.00"
2021-02-10,2021021005000472,PLI,49,3,10,849.00,"8,490.00"
2021-02-10,2021021005000471,PLI,49,58,10,849.00,"8,490.00"
2021-02-10,2021021005000470,PLI,49,5,10,849.00,"8,490.00"
2021-02-10,2021021005000469,PLI,49,38,10,849.00,"8,490.00"
2021-02-10,2021021005000468,PLI,49,34,10,848.00,"8,480.00"
2021-02-10,2021021005000479,PLI,26,50,20,850.00,"17,000.00"
2021-02-10,2021021005000478,PLI,26,52,10,850.00,"8,500.00"
2021-02-10,2021021005000477,PLI,26,32,10,850.00,"8,500.00"
2021-02-10,2021021005000476,PLI,26,25,10,850.00,"8,500.00"
2021-02-10,2021021005000475,PLI,26,49,10,850.00,"8,500.00"
2021-02-10,2021021005000474,PLI,26,58,10,850.00,"8,500.00"
2021-02-10,2021021005000485,PLI,26,42,10,850.00,"8,500.00"
2021-02-10,2021021005000484,PLI,26,26,10,850.00,"8,500.00"
2021-02-10,2021021005000483,PLI,26,40,110,850.00,"93,500.00"
2021-02-10,2021021005000482,PLI,26,22,10,850.00,"8,500.00"
2021-02-10,2021021005000481,PLI,26,34,10,850.00,"8,500.00"
2021-02-10,2021021005000480,PLI,26,29,10,850.00,"8,500.00"
2021-02-10,2021021005000491,PLI,26,45,10,850.00,"8,500.00"
2021-02-10,2021021005000490,PLI,26,55,10,850.00,"8,500.00"
2021-02-10,2021021005000489,PLI,26,43,10,850.00,"8,500.00"
2021-02-10,2021021005000488,PLI,26,22,10,850.00,"8,500.00"
2021-02-10,2021021005000487,PLI,26,41,10,850.00,"8,500.00"
2021-02-10,2021021005000486,PLI,26,25,10,850.00,"8,500.00"
2021-02-10,2021021005000497,PLI,6,36,10,850.00,"8,500.00"
2021-02-10,2021021005000496,PLI,6,3,10,849.00,"8,490.00"
2021-02-10,2021021005000495,PLI,49,10,10,849.00,"8,490.00"
2021-02-10,2021021005000494,PLI,26,55,10,850.00,"8,500.00"
2021-02-10,2021021005000493,PLI,26,55,10,850.00,"8,500.00"
2021-02-10,2021021005000492,PLI,26,58,40,850.00,"34,000.00"
2021-02-10,2021021005000503,PLI,6,41,10,850.00,"8,500.00"
2021-02-10,2021021005000502,PLI,6,56,10,850.00,"8,500.00"
2021-02-10,2021021005000501,PLI,6,21,20,850.00,"17,000.00"
2021-02-10,2021021005000500,PLI,6,3,30,850.00,"25,500.00"
2021-02-10,2021021005000499,PLI,6,38,10,850.00,"8,500.00"
2021-02-10,2021021005000498,PLI,6,4,10,850.00,"8,500.00"
2021-02-10,2021021005000509,PLI,6,45,10,850.00,"8,500.00"
2021-02-10,2021021005000508,PLI,6,57,40,850.00,"34,000.00"
2021-02-10,2021021005000507,PLI,6,49,10,850.00,"8,500.00"
2021-02-10,2021021005000506,PLI,6,58,10,850.00,"8,500.00"
2021-02-10,2021021005000505,PLI,6,51,10,850.00,"8,500.00"
2021-02-10,2021021005000504,PLI,6,38,100,850.00,"85,000.00"
2021-02-10,2021021005000515,PLI,6,17,10,850.00,"8,500.00"
2021-02-10,2021021005000514,PLI,6,58,10,850.00,"8,500.00"
2021-02-10,2021021005000513,PLI,6,42,10,850.00,"8,500.00"
2021-02-10,2021021005000512,PLI,6,52,10,850.00,"8,500.00"
2021-02-10,2021021005000511,PLI,6,51,10,850.00,"8,500.00"
2021-02-10,2021021005000510,PLI,6,58,10,850.00,"8,500.00"
2021-02-10,2021021005000521,PLI,29,11,10,847.00,"8,470.00"
2021-02-10,2021021005000520,PLI,6,58,10,850.00,"8,500.00"
2021-02-10,2021021005000519,PLI,6,47,10,850.00,"8,500.00"
2021-02-10,2021021005000518,PLI,6,34,10,850.00,"8,500.00"
2021-02-10,2021021005000517,PLI,6,57,10,850.00,"8,500.00"
2021-02-10,2021021005000516,PLI,6,6,10,850.00,"8,500.00"
2021-02-10,2021021005000527,PLI,13,6,10,848.00,"8,480.00"
2021-02-10,2021021005000526,PLI,13,16,10,848.00,"8,480.00"
2021-02-10,2021021005000525,PLI,13,48,10,848.00,"8,480.00"
2021-02-10,2021021005000524,PLI,13,39,10,848.00,"8,480.00"
2021-02-10,2021021005000523,PLI,39,45,50,850.00,"42,500.00"
2021-02-10,2021021005000522,PLI,29,57,10,847.00,"8,470.00"
2021-02-10,2021021005000533,PLI,29,29,10,847.00,"8,470.00"
2021-02-10,2021021005000532,PLI,29,44,10,847.00,"8,470.00"
2021-02-10,2021021005000531,PLI,29,16,10,847.00,"8,470.00"
2021-02-10,2021021005000530,PLI,29,28,10,847.00,"8,470.00"
2021-02-10,2021021005000529,PLI,13,29,10,848.00,"8,480.00"
2021-02-10,2021021005000528,PLI,13,44,10,848.00,"8,480.00"
2021-02-10,2021021005000539,PLI,29,59,10,847.00,"8,470.00"
2021-02-10,2021021005000538,PLI,29,22,10,847.00,"8,470.00"
2021-02-10,2021021005000537,PLI,29,29,10,847.00,"8,470.00"
2021-02-10,2021021005000536,PLI,29,59,10,847.00,"8,470.00"
2021-02-10,2021021005000535,PLI,29,22,10,847.00,"8,470.00"
2021-02-10,2021021005000534,PLI,29,22,10,847.00,"8,470.00"
2021-02-10,2021021005000545,PLI,29,59,10,847.00,"8,470.00"
2021-02-10,2021021005000544,PLI,3,59,10,848.00,"8,480.00"
2021-02-10,2021021005000543,PLI,3,44,10,848.00,"8,480.00"
2021-02-10,2021021005000542,PLI,29,59,10,847.00,"8,470.00"
2021-02-10,2021021005000541,PLI,29,16,10,847.00,"8,470.00"
2021-02-10,2021021005000540,PLI,29,59,10,847.00,"8,470.00"
2021-02-10,2021021005000551,PLI,29,29,10,847.00,"8,470.00"
2021-02-10,2021021005000550,PLI,29,59,10,847.00,"8,470.00"
2021-02-10,2021021005000549,PLI,29,16,10,847.00,"8,470.00"
2021-02-10,2021021005000548,PLI,29,59,10,847.00,"8,470.00"
2021-02-10,2021021005000547,PLI,29,52,10,847.00,"8,470.00"
2021-02-10,2021021005000546,PLI,29,14,10,847.00,"8,470.00"
2021-02-10,2021021005000557,PLI,29,29,10,847.00,"8,470.00"
2021-02-10,2021021005000556,PLI,29,48,10,847.00,"8,470.00"
2021-02-10,2021021005000555,PLI,29,42,10,847.00,"8,470.00"
2021-02-10,2021021005000554,PLI,29,16,10,847.00,"8,470.00"
2021-02-10,2021021005000553,PLI,29,29,10,847.00,"8,470.00"
2021-02-10,2021021005000552,PLI,29,20,10,847.00,"8,470.00"
2021-02-10,2021021005000563,PLI,44,57,10,848.00,"8,480.00"
2021-02-10,2021021005000562,PLI,29,41,10,847.00,"8,470.00"
2021-02-10,2021021005000561,PLI,29,22,10,847.00,"8,470.00"
2021-02-10,2021021005000560,PLI,29,51,10,847.00,"8,470.00"
2021-02-10,2021021005000559,PLI,29,56,10,847.00,"8,470.00"
2021-02-10,2021021005000558,PLI,29,16,10,847.00,"8,470.00"
2021-02-10,2021021005000569,PLI,44,16,10,848.00,"8,480.00"
2021-02-10,2021021005000568,PLI,44,13,10,848.00,"8,480.00"
2021-02-10,2021021005000567,PLI,44,56,10,848.00,"8,480.00"
2021-02-10,2021021005000566,PLI,44,47,10,848.00,"8,480.00"
2021-02-10,2021021005000565,PLI,44,47,10,848.00,"8,480.00"
2021-02-10,2021021005000564,PLI,44,38,10,848.00,"8,480.00"
2021-02-10,2021021005000575,PLI,29,57,10,847.00,"8,470.00"
2021-02-10,2021021005000574,PLI,29,56,10,847.00,"8,470.00"
2021-02-10,2021021005000573,PLI,29,48,10,847.00,"8,470.00"
2021-02-10,2021021005000572,PLI,44,58,10,848.00,"8,480.00"
2021-02-10,2021021005000571,PLI,44,57,10,848.00,"8,480.00"
2021-02-10,2021021005000570,PLI,44,19,10,848.00,"8,480.00"
2021-02-10,2021021005000581,PLI,58,53,10,847.00,"8,470.00"
2021-02-10,2021021005000580,PLI,58,38,10,847.00,"8,470.00"
2021-02-10,2021021005000579,PLI,35,56,10,847.00,"8,470.00"
2021-02-10,2021021005000578,PLI,35,51,10,847.00,"8,470.00"
2021-02-10,2021021005000577,PLI,29,38,10,847.00,"8,470.00"
2021-02-10,2021021005000576,PLI,29,16,10,847.00,"8,470.00"
2021-02-10,2021021005000587,PLI,44,39,10,848.00,"8,480.00"
2021-02-10,2021021005000586,PLI,44,19,10,848.00,"8,480.00"
2021-02-10,2021021005000585,PLI,48,35,10,848.00,"8,480.00"
2021-02-10,2021021005000584,PLI,48,34,10,848.00,"8,480.00"
2021-02-10,2021021005000583,PLI,58,16,10,847.00,"8,470.00"
2021-02-10,2021021005000582,PLI,58,47,10,847.00,"8,470.00"
2021-02-10,2021021005000593,PLI,44,51,10,848.00,"8,480.00"
2021-02-10,2021021005000592,PLI,44,20,10,848.00,"8,480.00"
2021-02-10,2021021005000591,PLI,45,45,90,850.00,"76,500.00"
2021-02-10,2021021005000590,PLI,45,48,10,849.00,"8,490.00"
2021-02-10,2021021005000589,PLI,44,42,10,848.00,"8,480.00"
2021-02-10,2021021005000588,PLI,44,38,10,848.00,"8,480.00"
2021-02-10,2021021005000599,PLI,7,55,10,849.00,"8,490.00"
2021-02-10,2021021005000598,PLI,7,14,10,849.00,"8,490.00"
2021-02-10,2021021005000597,PLI,7,29,10,849.00,"8,490.00"
2021-02-10,2021021005000596,PLI,7,36,10,849.00,"8,490.00"
2021-02-10,2021021005000595,PLI,7,49,10,849.00,"8,490.00"
2021-02-10,2021021005000594,PLI,44,21,10,848.00,"8,480.00"
2021-02-10,2021021005000605,PLI,45,45,40,850.00,"34,000.00"
2021-02-10,2021021005000604,PLI,45,29,10,849.00,"8,490.00"
2021-02-10,2021021005000603,PLI,45,29,10,848.00,"8,480.00"
2021-02-10,2021021005000602,PLI,44,38,10,848.00,"8,480.00"
2021-02-10,2021021005000601,PLI,44,16,10,848.00,"8,480.00"
2021-02-10,2021021005000600,PLI,44,38,10,848.00,"8,480.00"
2021-02-10,2021021005000611,PLI,45,48,500,849.00,"424,500.00"
2021-02-10,2021021005000610,PLI,44,16,10,848.00,"8,480.00"
2021-02-10,2021021005000609,PLI,44,47,10,848.00,"8,480.00"
2021-02-10,2021021005000608,PLI,44,45,10,848.00,"8,480.00"
2021-02-10,2021021005000607,PLI,58,22,10,847.00,"8,470.00"
2021-02-10,2021021005000606,PLI,49,45,22,850.00,"18,700.00"
2021-02-10,2021021005000617,PLI,21,45,80,850.00,"68,000.00"
2021-02-10,2021021005000616,PLI,21,29,10,849.00,"8,490.00"
2021-02-10,2021021005000615,PLI,21,43,10,849.00,"8,490.00"
2021-02-10,2021021005000614,PLI,44,41,10,848.00,"8,480.00"
2021-02-10,2021021005000613,PLI,44,45,10,848.00,"8,480.00"
2021-02-10,2021021005000612,PLI,45,58,10,849.00,"8,490.00"
2021-02-10,2021021005000623,PLI,21,22,10,849.00,"8,490.00"
2021-02-10,2021021005000622,PLI,44,29,10,848.00,"8,480.00"
2021-02-10,2021021005000621,PLI,44,58,10,848.00,"8,480.00"
2021-02-10,2021021005000620,PLI,44,41,10,848.00,"8,480.00"
2021-02-10,2021021005000619,PLI,44,21,10,848.00,"8,480.00"
2021-02-10,2021021005000618,PLI,6,45,10,850.00,"8,500.00"
2021-02-10,2021021005000629,PLI,14,29,10,848.00,"8,480.00"
2021-02-10,2021021005000628,PLI,39,45,10,847.00,"8,470.00"
2021-02-10,2021021005000627,PLI,39,45,10,847.00,"8,470.00"
2021-02-10,2021021005000626,PLI,6,29,10,849.00,"8,490.00"
2021-02-10,2021021005000625,PLI,6,22,40,849.00,"33,960.00"
2021-02-10,2021021005000624,PLI,44,28,10,848.00,"8,480.00"
2021-02-10,2021021005000635,PLI,41,29,10,848.00,"8,480.00"
2021-02-10,2021021005000634,PLI,41,45,10,848.00,"8,480.00"
2021-02-10,2021021005000633,PLI,47,22,60,849.00,"50,940.00"
2021-02-10,2021021005000632,PLI,47,35,10,849.00,"8,490.00"
2021-02-10,2021021005000631,PLI,41,29,10,848.00,"8,480.00"
2021-02-10,2021021005000630,PLI,41,32,10,848.00,"8,480.00"
2021-02-10,2021021005000641,PLI,58,20,20,847.00,"16,940.00"
2021-02-10,2021021005000640,PLI,17,20,90,847.00,"76,230.00"
2021-02-10,2021021005000639,PLI,17,1,10,847.00,"8,470.00"
2021-02-10,2021021005000638,PLI,39,8,10,847.00,"8,470.00"
2021-02-10,2021021005000637,PLI,39,49,10,847.00,"8,470.00"
2021-02-10,2021021005000636,PLI,39,22,10,847.00,"8,470.00"
2021-02-10,2021021005000647,PLI,42,29,10,847.00,"8,470.00"
2021-02-10,2021021005000646,PLI,42,1,10,847.00,"8,470.00"
2021-02-10,2021021005000645,PLI,45,57,20,847.00,"16,940.00"
2021-02-10,2021021005000644,PLI,45,29,10,847.00,"8,470.00"
2021-02-10,2021021005000643,PLI,45,29,10,847.00,"8,470.00"
2021-02-10,2021021005000642,PLI,45,8,10,847.00,"8,470.00"
2021-02-10,2021021005000653,PLI,17,35,10,847.00,"8,470.00"
2021-02-10,2021021005000652,PLI,17,57,10,847.00,"8,470.00"
2021-02-10,2021021005000651,PLI,17,44,10,847.00,"8,470.00"
2021-02-10,2021021005000650,PLI,58,33,10,849.00,"8,490.00"
2021-02-10,2021021005000649,PLI,58,22,10,849.00,"8,490.00"
2021-02-10,2021021005000648,PLI,42,48,10,847.00,"8,470.00"
2021-02-10,2021021005000659,PLI,17,34,10,847.00,"8,470.00"
2021-02-10,2021021005000658,PLI,17,58,10,847.00,"8,470.00"
2021-02-10,2021021005000657,PLI,17,29,10,847.00,"8,470.00"
2021-02-10,2021021005000656,PLI,17,34,10,847.00,"8,470.00"
2021-02-10,2021021005000655,PLI,17,35,10,847.00,"8,470.00"
2021-02-10,2021021005000654,PLI,17,29,10,847.00,"8,470.00"
2021-02-10,2021021005000665,PLI,57,17,10,847.00,"8,470.00"
2021-02-10,2021021005000664,PLI,28,22,70,849.00,"59,430.00"
2021-02-10,2021021005000663,PLI,28,46,10,849.00,"8,490.00"
2021-02-10,2021021005000662,PLI,28,21,10,849.00,"8,490.00"
2021-02-10,2021021005000661,PLI,28,33,10,849.00,"8,490.00"
2021-02-10,2021021005000660,PLI,17,52,10,847.00,"8,470.00"
2021-02-10,2021021005000671,PLI,25,53,10,846.00,"8,460.00"
2021-02-10,2021021005000670,PLI,57,21,50,848.00,"42,400.00"
2021-02-10,2021021005000669,PLI,57,17,10,848.00,"8,480.00"
2021-02-10,2021021005000668,PLI,57,34,10,848.00,"8,480.00"
2021-02-10,2021021005000667,PLI,57,34,10,848.00,"8,480.00"
2021-02-10,2021021005000666,PLI,57,6,10,847.00,"8,470.00"
2021-02-10,2021021005000677,PLI,47,36,10,847.00,"8,470.00"
2021-02-10,2021021005000676,PLI,47,35,10,847.00,"8,470.00"
2021-02-10,2021021005000675,PLI,47,16,10,847.00,"8,470.00"
2021-02-10,2021021005000674,PLI,25,29,10,846.00,"8,460.00"
2021-02-10,2021021005000673,PLI,25,45,10,846.00,"8,460.00"
2021-02-10,2021021005000672,PLI,25,50,10,846.00,"8,460.00"
2021-02-10,2021021005000683,PLI,25,21,10,846.00,"8,460.00"
2021-02-10,2021021005000682,PLI,25,21,10,847.00,"8,470.00"
2021-02-10,2021021005000681,PLI,25,33,40,847.00,"33,880.00"
2021-02-10,2021021005000680,PLI,25,16,10,846.00,"8,460.00"
2021-02-10,2021021005000679,PLI,47,33,460,847.00,"389,620.00"
2021-02-10,2021021005000678,PLI,47,48,10,847.00,"8,470.00"
2021-02-10,2021021005000689,PLI,22,45,50,850.00,"42,500.00"
2021-02-10,2021021005000688,PLI,22,14,10,849.00,"8,490.00"
2021-02-10,2021021005000687,PLI,22,45,10,848.00,"8,480.00"
2021-02-10,2021021005000686,PLI,22,45,10,848.00,"8,480.00"
2021-02-10,2021021005000685,PLI,22,21,10,848.00,"8,480.00"
2021-02-10,2021021005000684,PLI,22,29,10,847.00,"8,470.00"
2021-02-10,2021021005000695,PLI,57,57,10,846.00,"8,460.00"
2021-02-10,2021021005000694,PLI,57,39,30,846.00,"25,380.00"
2021-02-10,2021021005000693,PLI,32,39,50,846.00,"42,300.00"
2021-02-10,2021021005000692,PLI,25,39,20,846.00,"16,920.00"
2021-02-10,2021021005000691,PLI,25,16,10,846.00,"8,460.00"
2021-02-10,2021021005000690,PLI,25,29,10,846.00,"8,460.00"
2021-02-10,2021021005000701,PLI,41,29,10,845.00,"8,450.00"
2021-02-10,2021021005000700,PLI,41,57,10,845.00,"8,450.00"
2021-02-10,2021021005000699,PLI,41,58,10,845.00,"8,450.00"
2021-02-10,2021021005000698,PLI,57,22,150,846.00,"126,900.00"
2021-02-10,2021021005000697,PLI,57,45,10,846.00,"8,460.00"
2021-02-10,2021021005000696,PLI,58,22,70,847.00,"59,290.00"
2021-02-10,2021021005000707,PLI,28,52,10,846.00,"8,460.00"
2021-02-10,2021021005000706,PLI,55,50,20,845.00,"16,900.00"
2021-02-10,2021021005000705,PLI,55,29,10,845.00,"8,450.00"
2021-02-10,2021021005000704,PLI,55,42,20,845.00,"16,900.00"
2021-02-10,2021021005000703,PLI,8,42,10,845.00,"8,450.00"
2021-02-10,2021021005000702,PLI,41,42,20,845.00,"16,900.00"
2021-02-10,2021021005000713,PLI,55,21,10,845.00,"8,450.00"
2021-02-10,2021021005000712,PLI,55,48,10,845.00,"8,450.00"
2021-02-10,2021021005000711,PLI,55,38,10,845.00,"8,450.00"
2021-02-10,2021021005000710,PLI,55,45,10,845.00,"8,450.00"
2021-02-10,2021021005000709,PLI,55,36,10,845.00,"8,450.00"
2021-02-10,2021021005000708,PLI,28,25,77,846.00,"65,142.00"
2021-02-10,2021021005000719,PLI,26,58,10,845.00,"8,450.00"
2021-02-10,2021021005000718,PLI,42,29,10,846.00,"8,460.00"
2021-02-10,2021021005000717,PLI,42,46,10,846.00,"8,460.00"
2021-02-10,2021021005000716,PLI,26,29,10,845.00,"8,450.00"
2021-02-10,2021021005000715,PLI,26,42,10,845.00,"8,450.00"
2021-02-10,2021021005000714,PLI,26,58,10,845.00,"8,450.00"
2021-02-10,2021021005000725,PLI,22,29,10,845.00,"8,450.00"
2021-02-10,2021021005000724,PLI,22,19,10,845.00,"8,450.00"
2021-02-10,2021021005000723,PLI,22,36,10,845.00,"8,450.00"
2021-02-10,2021021005000722,PLI,22,29,10,845.00,"8,450.00"
2021-02-10,2021021005000721,PLI,22,36,10,845.00,"8,450.00"
2021-02-10,2021021005000720,PLI,26,59,10,845.00,"8,450.00"
2021-02-10,2021021005000731,PLI,28,29,10,845.00,"8,450.00"
2021-02-10,2021021005000730,PLI,28,5,10,845.00,"8,450.00"
2021-02-10,2021021005000729,PLI,28,38,10,845.00,"8,450.00"
2021-02-10,2021021005000728,PLI,28,35,10,845.00,"8,450.00"
2021-02-10,2021021005000727,PLI,28,29,10,845.00,"8,450.00"
2021-02-10,2021021005000726,PLI,28,6,10,845.00,"8,450.00"
2021-02-10,2021021005000737,PLI,28,52,10,845.00,"8,450.00"
2021-02-10,2021021005000736,PLI,28,58,10,845.00,"8,450.00"
2021-02-10,2021021005000735,PLI,28,20,10,845.00,"8,450.00"
2021-02-10,2021021005000734,PLI,28,29,10,845.00,"8,450.00"
2021-02-10,2021021005000733,PLI,28,42,10,845.00,"8,450.00"
2021-02-10,2021021005000732,PLI,28,58,10,845.00,"8,450.00"
2021-02-10,2021021005000743,PLI,16,33,60,845.00,"50,700.00"
2021-02-10,2021021005000742,PLI,28,33,340,845.00,"287,300.00"
2021-02-10,2021021005000741,PLI,28,29,10,845.00,"8,450.00"
2021-02-10,2021021005000740,PLI,28,36,10,845.00,"8,450.00"
2021-02-10,2021021005000739,PLI,28,10,10,845.00,"8,450.00"
2021-02-10,2021021005000738,PLI,28,34,10,845.00,"8,450.00"
2021-02-10,2021021005000749,PLI,16,16,10,845.00,"8,450.00"
2021-02-10,2021021005000748,PLI,16,29,10,845.00,"8,450.00"
2021-02-10,2021021005000747,PLI,16,5,10,845.00,"8,450.00"
2021-02-10,2021021005000746,PLI,33,22,80,846.00,"67,680.00"
2021-02-10,2021021005000745,PLI,33,3,10,846.00,"8,460.00"
2021-02-10,2021021005000744,PLI,33,58,10,846.00,"8,460.00"
2021-02-10,2021021005000755,PLI,41,39,10,845.00,"8,450.00"
2021-02-10,2021021005000754,PLI,41,45,10,845.00,"8,450.00"
2021-02-10,2021021005000753,PLI,57,29,10,845.00,"8,450.00"
2021-02-10,2021021005000752,PLI,57,29,10,845.00,"8,450.00"
2021-02-10,2021021005000751,PLI,16,29,10,845.00,"8,450.00"
2021-02-10,2021021005000750,PLI,51,22,10,846.00,"8,460.00"
2021-02-10,2021021005000761,PLI,51,34,10,845.00,"8,450.00"
2021-02-10,2021021005000760,PLI,51,34,10,845.00,"8,450.00"
2021-02-10,2021021005000759,PLI,51,39,10,845.00,"8,450.00"
2021-02-10,2021021005000758,PLI,51,29,10,845.00,"8,450.00"
2021-02-10,2021021005000757,PLI,41,29,10,845.00,"8,450.00"
2021-02-10,2021021005000756,PLI,41,29,10,845.00,"8,450.00"
2021-02-10,2021021005000767,PLI,28,22,47,846.00,"39,762.00"
2021-02-10,2021021005000766,PLI,51,42,10,845.00,"8,450.00"
2021-02-10,2021021005000765,PLI,51,42,10,845.00,"8,450.00"
2021-02-10,2021021005000764,PLI,51,11,10,845.00,"8,450.00"
2021-02-10,2021021005000763,PLI,51,20,10,845.00,"8,450.00"
2021-02-10,2021021005000762,PLI,51,34,10,845.00,"8,450.00"
2021-02-10,2021021005000773,PLI,11,22,63,846.00,"53,298.00"
2021-02-10,2021021005000772,PLI,51,29,10,845.00,"8,450.00"
2021-02-10,2021021005000771,PLI,51,34,10,845.00,"8,450.00"
2021-02-10,2021021005000770,PLI,51,45,10,845.00,"8,450.00"
2021-02-10,2021021005000769,PLI,51,34,10,845.00,"8,450.00"
2021-02-10,2021021005000768,PLI,51,29,10,845.00,"8,450.00"
2021-02-10,2021021005000779,PLI,51,34,10,845.00,"8,450.00"
2021-02-10,2021021005000778,PLI,51,6,10,845.00,"8,450.00"
2021-02-10,2021021005000777,PLI,11,42,10,846.00,"8,460.00"
2021-02-10,2021021005000776,PLI,11,55,10,846.00,"8,460.00"
2021-02-10,2021021005000775,PLI,11,34,10,846.00,"8,460.00"
2021-02-10,2021021005000774,PLI,11,45,110,846.00,"93,060.00"
2021-02-10,2021021005000785,PLI,51,29,10,845.00,"8,450.00"
2021-02-10,2021021005000784,PLI,51,19,10,845.00,"8,450.00"
2021-02-10,2021021005000783,PLI,51,29,10,845.00,"8,450.00"
2021-02-10,2021021005000782,PLI,51,49,120,845.00,"101,400.00"
2021-02-10,2021021005000781,PLI,51,40,10,845.00,"8,450.00"
2021-02-10,2021021005000780,PLI,51,29,10,845.00,"8,450.00"
2021-02-10,2021021005000791,PLI,51,50,10,845.00,"8,450.00"
2021-02-10,2021021005000790,PLI,51,29,10,845.00,"8,450.00"
2021-02-10,2021021005000789,PLI,51,40,10,845.00,"8,450.00"
2021-02-10,2021021005000788,PLI,51,44,10,845.00,"8,450.00"
2021-02-10,2021021005000787,PLI,51,6,10,845.00,"8,450.00"
2021-02-10,2021021005000786,PLI,51,6,10,845.00,"8,450.00"
2021-02-10,2021021005000797,PLI,51,50,10,845.00,"8,450.00"
2021-02-10,2021021005000796,PLI,51,51,10,845.00,"8,450.00"
2021-02-10,2021021005000795,PLI,51,26,10,845.00,"8,450.00"
2021-02-10,2021021005000794,PLI,51,45,10,845.00,"8,450.00"
2021-02-10,2021021005000793,PLI,51,29,10,845.00,"8,450.00"
2021-02-10,2021021005000792,PLI,51,28,10,845.00,"8,450.00"
2021-02-10,2021021005000803,PLI,58,32,10,845.00,"8,450.00"
2021-02-10,2021021005000802,PLI,51,29,10,845.00,"8,450.00"
2021-02-10,2021021005000801,PLI,51,29,10,845.00,"8,450.00"
2021-02-10,2021021005000800,PLI,51,49,10,845.00,"8,450.00"
2021-02-10,2021021005000799,PLI,51,29,10,845.00,"8,450.00"
2021-02-10,2021021005000798,PLI,51,49,10,845.00,"8,450.00"
2021-02-10,2021021005000809,PLI,35,29,10,845.00,"8,450.00"
2021-02-10,2021021005000808,PLI,35,49,10,845.00,"8,450.00"
2021-02-10,2021021005000807,PLI,58,48,10,845.00,"8,450.00"
2021-02-10,2021021005000806,PLI,58,32,10,845.00,"8,450.00"
2021-02-10,2021021005000805,PLI,58,29,10,845.00,"8,450.00"
2021-02-10,2021021005000804,PLI,58,6,10,845.00,"8,450.00"
2021-02-10,2021021005000815,PLI,35,29,10,845.00,"8,450.00"
2021-02-10,2021021005000814,PLI,35,29,10,845.00,"8,450.00"
2021-02-10,2021021005000813,PLI,35,29,10,845.00,"8,450.00"
2021-02-10,2021021005000812,PLI,35,50,10,845.00,"8,450.00"
2021-02-10,2021021005000811,PLI,35,29,10,845.00,"8,450.00"
2021-02-10,2021021005000810,PLI,35,17,10,845.00,"8,450.00"
2021-02-10,2021021005000821,PLI,46,56,10,845.00,"8,450.00"
2021-02-10,2021021005000820,PLI,46,4,10,845.00,"8,450.00"
2021-02-10,2021021005000819,PLI,19,57,10,845.00,"8,450.00"
2021-02-10,2021021005000818,PLI,19,16,10,845.00,"8,450.00"
2021-02-10,2021021005000817,PLI,35,4,10,845.00,"8,450.00"
2021-02-10,2021021005000816,PLI,35,49,10,845.00,"8,450.00"
2021-02-10,2021021005000827,PLI,58,45,10,845.00,"8,450.00"
2021-02-10,2021021005000826,PLI,46,51,10,845.00,"8,450.00"
2021-02-10,2021021005000825,PLI,46,4,10,845.00,"8,450.00"
2021-02-10,2021021005000824,PLI,46,4,10,845.00,"8,450.00"
2021-02-10,2021021005000823,PLI,46,42,10,845.00,"8,450.00"
2021-02-10,2021021005000822,PLI,46,4,10,845.00,"8,450.00"
2021-02-10,2021021005000833,PLI,46,16,10,844.00,"8,440.00"
2021-02-10,2021021005000832,PLI,46,49,10,844.00,"8,440.00"
2021-02-10,2021021005000831,PLI,46,29,10,844.00,"8,440.00"
2021-02-10,2021021005000830,PLI,46,49,10,844.00,"8,440.00"
2021-02-10,2021021005000829,PLI,46,49,10,844.00,"8,440.00"
2021-02-10,2021021005000828,PLI,46,56,10,844.00,"8,440.00"
2021-02-10,2021021005000839,PLI,14,29,10,844.00,"8,440.00"
2021-02-10,2021021005000838,PLI,14,29,10,844.00,"8,440.00"
2021-02-10,2021021005000837,PLI,46,17,10,844.00,"8,440.00"
2021-02-10,2021021005000836,PLI,46,49,10,844.00,"8,440.00"
2021-02-10,2021021005000835,PLI,46,49,10,844.00,"8,440.00"
2021-02-10,2021021005000834,PLI,46,49,10,844.00,"8,440.00"
2021-02-10,2021021005000845,PLI,7,17,10,845.00,"8,450.00"
2021-02-10,2021021005000844,PLI,7,29,10,845.00,"8,450.00"
2021-02-10,2021021005000843,PLI,7,6,10,844.00,"8,440.00"
2021-02-10,2021021005000842,PLI,42,6,10,845.00,"8,450.00"
2021-02-10,2021021005000841,PLI,45,29,10,844.00,"8,440.00"
2021-02-10,2021021005000840,PLI,14,49,10,844.00,"8,440.00"
2021-02-10,2021021005000851,PLI,57,36,10,845.00,"8,450.00"
2021-02-10,2021021005000850,PLI,57,16,10,845.00,"8,450.00"
2021-02-10,2021021005000849,PLI,57,49,10,845.00,"8,450.00"
2021-02-10,2021021005000848,PLI,57,53,10,845.00,"8,450.00"
2021-02-10,2021021005000847,PLI,7,43,10,845.00,"8,450.00"
2021-02-10,2021021005000846,PLI,7,16,10,845.00,"8,450.00"
2021-02-10,2021021005000857,PLI,57,29,10,845.00,"8,450.00"
2021-02-10,2021021005000856,PLI,57,13,10,845.00,"8,450.00"
2021-02-10,2021021005000855,PLI,57,57,10,845.00,"8,450.00"
2021-02-10,2021021005000854,PLI,57,49,10,845.00,"8,450.00"
2021-02-10,2021021005000853,PLI,57,16,10,845.00,"8,450.00"
2021-02-10,2021021005000852,PLI,7,28,10,846.00,"8,460.00"
2021-02-10,2021021005000863,PLI,57,22,10,845.00,"8,450.00"
2021-02-10,2021021005000862,PLI,57,50,10,845.00,"8,450.00"
2021-02-10,2021021005000861,PLI,57,45,10,845.00,"8,450.00"
2021-02-10,2021021005000860,PLI,57,22,210,845.00,"177,450.00"
2021-02-10,2021021005000859,PLI,21,46,10,846.00,"8,460.00"
2021-02-10,2021021005000858,PLI,57,17,10,845.00,"8,450.00"
2021-02-10,2021021005000869,PLI,45,4,10,844.00,"8,440.00"
2021-02-10,2021021005000868,PLI,45,35,10,845.00,"8,450.00"
2021-02-10,2021021005000867,PLI,45,16,10,844.00,"8,440.00"
2021-02-10,2021021005000866,PLI,45,29,10,844.00,"8,440.00"
2021-02-10,2021021005000865,PLI,45,50,10,844.00,"8,440.00"
2021-02-10,2021021005000864,PLI,57,35,160,845.00,"135,200.00"
2021-02-10,2021021005000875,PLI,25,42,10,843.00,"8,430.00"
2021-02-10,2021021005000874,PLI,25,16,10,843.00,"8,430.00"
2021-02-10,2021021005000873,PLI,25,29,10,843.00,"8,430.00"
2021-02-10,2021021005000872,PLI,25,4,10,843.00,"8,430.00"
2021-02-10,2021021005000871,PLI,45,1,10,844.00,"8,440.00"
2021-02-10,2021021005000870,PLI,45,11,10,844.00,"8,440.00"
2021-02-10,2021021005000881,PLI,42,54,260,845.00,"219,700.00"
2021-02-10,2021021005000880,PLI,42,35,530,845.00,"447,850.00"
2021-02-10,2021021005000879,PLI,42,38,10,844.00,"8,440.00"
2021-02-10,2021021005000878,PLI,42,35,10,844.00,"8,440.00"
2021-02-10,2021021005000877,PLI,25,29,10,843.00,"8,430.00"
2021-02-10,2021021005000876,PLI,25,42,10,843.00,"8,430.00"
2021-02-10,2021021005000887,PLI,42,26,10,845.00,"8,450.00"
2021-02-10,2021021005000886,PLI,42,21,15,845.00,"12,675.00"
2021-02-10,2021021005000885,PLI,42,47,10,845.00,"8,450.00"
2021-02-10,2021021005000884,PLI,42,36,10,845.00,"8,450.00"
2021-02-10,2021021005000883,PLI,42,13,10,845.00,"8,450.00"
2021-02-10,2021021005000882,PLI,42,16,10,845.00,"8,450.00"
2021-02-10,2021021005000893,PLI,42,55,10,845.00,"8,450.00"
2021-02-10,2021021005000892,PLI,42,29,10,845.00,"8,450.00"
2021-02-10,2021021005000891,PLI,42,46,10,845.00,"8,450.00"
2021-02-10,2021021005000890,PLI,42,45,10,845.00,"8,450.00"
2021-02-10,2021021005000889,PLI,42,55,10,845.00,"8,450.00"
2021-02-10,2021021005000888,PLI,42,42,10,845.00,"8,450.00"
2021-02-10,2021021005000899,PLI,6,22,10,847.00,"8,470.00"
2021-02-10,2021021005000898,PLI,6,58,10,847.00,"8,470.00"
2021-02-10,2021021005000897,PLI,6,13,10,846.00,"8,460.00"
2021-02-10,2021021005000896,PLI,6,59,10,846.00,"8,460.00"
2021-02-10,2021021005000895,PLI,6,52,10,846.00,"8,460.00"
2021-02-10,2021021005000894,PLI,42,55,10,845.00,"8,450.00"
2021-02-10,2021021005000905,PLI,6,35,10,847.00,"8,470.00"
2021-02-10,2021021005000904,PLI,6,26,10,847.00,"8,470.00"
2021-02-10,2021021005000903,PLI,6,22,10,847.00,"8,470.00"
2021-02-10,2021021005000902,PLI,6,21,10,847.00,"8,470.00"
2021-02-10,2021021005000901,PLI,6,21,10,847.00,"8,470.00"
2021-02-10,2021021005000900,PLI,6,22,10,847.00,"8,470.00"
2021-02-10,2021021005000911,PLI,6,17,40,847.00,"33,880.00"
2021-02-10,2021021005000910,PLI,6,29,10,847.00,"8,470.00"
2021-02-10,2021021005000909,PLI,6,55,10,847.00,"8,470.00"
2021-02-10,2021021005000908,PLI,6,29,10,847.00,"8,470.00"
2021-02-10,2021021005000907,PLI,6,58,10,847.00,"8,470.00"
2021-02-10,2021021005000906,PLI,6,26,10,847.00,"8,470.00"
2021-02-10,2021021005000917,PLI,51,43,10,845.00,"8,450.00"
2021-02-10,2021021005000916,PLI,10,14,10,845.00,"8,450.00"
2021-02-10,2021021005000915,PLI,42,52,10,845.00,"8,450.00"
2021-02-10,2021021005000914,PLI,42,29,10,845.00,"8,450.00"
2021-02-10,2021021005000913,PLI,42,6,20,845.00,"16,900.00"
2021-02-10,2021021005000912,PLI,42,17,10,845.00,"8,450.00"
2021-02-10,2021021005000923,PLI,26,33,10,844.00,"8,440.00"
2021-02-10,2021021005000922,PLI,26,21,10,844.00,"8,440.00"
2021-02-10,2021021005000921,PLI,26,52,10,844.00,"8,440.00"
2021-02-10,2021021005000920,PLI,35,21,10,845.00,"8,450.00"
2021-02-10,2021021005000919,PLI,26,21,10,844.00,"8,440.00"
2021-02-10,2021021005000918,PLI,51,36,10,845.00,"8,450.00"
2021-02-10,2021021005000929,PLI,58,26,10,845.00,"8,450.00"
2021-02-10,2021021005000928,PLI,58,57,10,845.00,"8,450.00"
2021-02-10,2021021005000927,PLI,26,7,10,844.00,"8,440.00"
2021-02-10,2021021005000926,PLI,26,52,10,844.00,"8,440.00"
2021-02-10,2021021005000925,PLI,26,17,10,844.00,"8,440.00"
2021-02-10,2021021005000924,PLI,26,29,10,844.00,"8,440.00"
2021-02-10,2021021005000935,PLI,33,17,10,845.00,"8,450.00"
2021-02-10,2021021005000934,PLI,33,54,10,845.00,"8,450.00"
2021-02-10,2021021005000933,PLI,58,51,10,845.00,"8,450.00"
2021-02-10,2021021005000932,PLI,58,25,10,845.00,"8,450.00"
2021-02-10,2021021005000931,PLI,58,46,10,845.00,"8,450.00"
2021-02-10,2021021005000930,PLI,58,19,10,845.00,"8,450.00"
2021-02-10,2021021005000941,PLI,47,36,10,846.00,"8,460.00"
2021-02-10,2021021005000940,PLI,47,58,10,846.00,"8,460.00"
2021-02-10,2021021005000939,PLI,33,35,10,845.00,"8,450.00"
2021-02-10,2021021005000938,PLI,33,58,10,845.00,"8,450.00"
2021-02-10,2021021005000937,PLI,33,17,10,845.00,"8,450.00"
2021-02-10,2021021005000936,PLI,33,26,10,845.00,"8,450.00"
2021-02-10,2021021005000947,PLI,51,34,10,846.00,"8,460.00"
2021-02-10,2021021005000946,PLI,51,57,10,846.00,"8,460.00"
2021-02-10,2021021005000945,PLI,51,59,10,846.00,"8,460.00"
2021-02-10,2021021005000944,PLI,51,51,10,846.00,"8,460.00"
2021-02-10,2021021005000943,PLI,47,58,10,846.00,"8,460.00"
2021-02-10,2021021005000942,PLI,47,13,10,846.00,"8,460.00"
2021-02-10,2021021004014520,AIL,58,16,50,781.00,"39,050.00"
2021-02-10,2021021004014519,AIL,11,16,30,781.00,"23,430.00"
2021-02-10,2021021004014492,BPCL,52,36,215,413.00,"88,795.00"
2021-02-10,2021021005000358,CGH,49,4,1,175.00,175.00
2021-02-10,2021021005000340,CGH,49,4,7,177.00,"1,239.00"
2021-02-10,2021021005000298,CGH,49,4,2,174.00,348.00
2021-02-10,2021021004014480,HDHPC,6,49,895,136.00,"121,720.00"
2021-02-10,2021021004014483,HPPL,34,37,20,368.00,"7,360.00"
2021-02-10,2021021004014479,NHPC,34,43,100,136.00,"13,600.00"
2021-02-10,2021021004014482,NIL,16,52,35,"1,565.00","54,775.00"
2021-02-10,2021021004014478,NIL,16,38,40,"1,565.00","62,600.00"
2021-02-10,2021021004014518,NLG,34,59,10,"1,144.00","11,440.00"
2021-02-10,2021021005000453,PLI,22,49,10,847.00,"8,470.00"
2021-02-10,2021021005000452,PLI,58,58,10,848.00,"8,480.00"
2021-02-10,2021021005000451,PLI,58,29,10,848.00,"8,480.00"
2021-02-10,2021021005000450,PLI,58,48,10,848.00,"8,480.00"
2021-02-10,2021021005000449,PLI,58,58,10,848.00,"8,480.00"
2021-02-10,2021021005000448,PLI,58,29,10,848.00,"8,480.00"
2021-02-10,2021021005000006,PLI,45,35,10,850.00,"8,500.00"
2021-02-10,2021021005000005,PLI,45,53,70,850.00,"59,500.00"
2021-02-10,2021021005000004,PLI,45,58,10,850.00,"8,500.00"
2021-02-10,2021021005000003,PLI,45,47,10,850.00,"8,500.00"
2021-02-10,2021021005000002,PLI,45,49,10,850.00,"8,500.00"
2021-02-10,2021021005000001,PLI,6,49,10,850.00,"8,500.00"
2021-02-10,2021021005000012,PLI,45,52,10,850.00,"8,500.00"
2021-02-10,2021021005000011,PLI,14,33,20,854.00,"17,080.00"
2021-02-10,2021021005000010,PLI,14,16,10,851.00,"8,510.00"
2021-02-10,2021021005000009,PLI,45,22,20,850.00,"17,000.00"
2021-02-10,2021021005000008,PLI,45,42,10,850.00,"8,500.00"
2021-02-10,2021021005000007,PLI,45,52,10,850.00,"8,500.00"
2021-02-10,2021021005000018,PLI,45,59,10,850.00,"8,500.00"
2021-02-10,2021021005000017,PLI,45,45,10,850.00,"8,500.00"
2021-02-10,2021021005000016,PLI,45,22,10,850.00,"8,500.00"
2021-02-10,2021021005000015,PLI,45,4,20,850.00,"17,000.00"
2021-02-10,2021021005000014,PLI,45,14,10,850.00,"8,500.00"
2021-02-10,2021021005000013,PLI,45,58,10,850.00,"8,500.00"
2021-02-10,2021021005000024,PLI,58,33,10,850.00,"8,500.00"
2021-02-10,2021021005000023,PLI,45,33,90,850.00,"76,500.00"
2021-02-10,2021021005000022,PLI,45,34,10,850.00,"8,500.00"
2021-02-10,2021021005000021,PLI,46,47,50,851.00,"42,550.00"
2021-02-10,2021021005000020,PLI,45,57,10,850.00,"8,500.00"
2021-02-10,2021021005000019,PLI,45,41,10,850.00,"8,500.00"
2021-02-10,2021021005000030,PLI,45,4,10,841.00,"8,410.00"
2021-02-10,2021021005000029,PLI,45,29,10,841.00,"8,410.00"
2021-02-10,2021021005000028,PLI,45,51,10,841.00,"8,410.00"
2021-02-10,2021021005000027,PLI,45,26,10,841.00,"8,410.00"
2021-02-10,2021021005000026,PLI,57,25,10,840.00,"8,400.00"
2021-02-10,2021021005000025,PLI,16,34,10,841.00,"8,410.00"
2021-02-10,2021021005000036,PLI,45,34,10,841.00,"8,410.00"
2021-02-10,2021021005000035,PLI,49,33,10,850.00,"8,500.00"
2021-02-10,2021021005000034,PLI,45,56,10,841.00,"8,410.00"
2021-02-10,2021021005000033,PLI,45,34,10,841.00,"8,410.00"
2021-02-10,2021021005000032,PLI,49,33,10,850.00,"8,500.00"
2021-02-10,2021021005000031,PLI,19,33,200,850.00,"170,000.00"
2021-02-10,2021021005000042,PLI,45,32,10,841.00,"8,410.00"
2021-02-10,2021021005000041,PLI,45,4,10,841.00,"8,410.00"
2021-02-10,2021021005000040,PLI,45,34,10,841.00,"8,410.00"
2021-02-10,2021021005000039,PLI,45,29,10,841.00,"8,410.00"
2021-02-10,2021021005000038,PLI,45,21,10,841.00,"8,410.00"
2021-02-10,2021021005000037,PLI,45,25,10,841.00,"8,410.00"
2021-02-10,2021021005000048,PLI,11,7,10,849.00,"8,490.00"
2021-02-10,2021021005000047,PLI,11,57,10,848.00,"8,480.00"
2021-02-10,2021021005000046,PLI,49,49,50,845.00,"42,250.00"
2021-02-10,2021021005000045,PLI,45,37,10,841.00,"8,410.00"
2021-02-10,2021021005000044,PLI,4,53,10,845.00,"8,450.00"
2021-02-10,2021021005000043,PLI,45,49,10,841.00,"8,410.00"
2021-02-10,2021021005000054,PLI,11,57,10,849.00,"8,490.00"
2021-02-10,2021021005000053,PLI,11,17,10,849.00,"8,490.00"
2021-02-10,2021021005000052,PLI,11,50,10,849.00,"8,490.00"
2021-02-10,2021021005000051,PLI,11,6,10,849.00,"8,490.00"
2021-02-10,2021021005000050,PLI,11,21,10,849.00,"8,490.00"
2021-02-10,2021021005000049,PLI,11,7,10,849.00,"8,490.00"
2021-02-10,2021021005000060,PLI,1,10,10,848.00,"8,480.00"
2021-02-10,2021021005000059,PLI,1,45,10,848.00,"8,480.00"
2021-02-10,2021021005000058,PLI,1,39,10,848.00,"8,480.00"
2021-02-10,2021021005000057,PLI,49,10,10,845.00,"8,450.00"
2021-02-10,2021021005000056,PLI,11,52,10,849.00,"8,490.00"
2021-02-10,2021021005000055,PLI,11,45,10,849.00,"8,490.00"
2021-02-10,2021021005000066,PLI,16,52,10,849.00,"8,490.00"
2021-02-10,2021021005000065,PLI,49,58,10,845.00,"8,450.00"
2021-02-10,2021021005000064,PLI,49,34,10,845.00,"8,450.00"
2021-02-10,2021021005000063,PLI,49,58,10,845.00,"8,450.00"
2021-02-10,2021021005000062,PLI,1,4,10,848.00,"8,480.00"
2021-02-10,2021021005000061,PLI,1,57,10,848.00,"8,480.00"
2021-02-10,2021021005000072,PLI,4,42,10,848.00,"8,480.00"
2021-02-10,2021021005000071,PLI,45,34,10,841.00,"8,410.00"
2021-02-10,2021021005000070,PLI,36,42,30,848.00,"25,440.00"
2021-02-10,2021021005000069,PLI,16,34,10,841.00,"8,410.00"
2021-02-10,2021021005000068,PLI,37,45,10,845.00,"8,450.00"
2021-02-10,2021021005000067,PLI,49,34,10,845.00,"8,450.00"
2021-02-10,2021021005000078,PLI,34,55,10,841.00,"8,410.00"
2021-02-10,2021021005000077,PLI,34,42,10,841.00,"8,410.00"
2021-02-10,2021021005000076,PLI,37,42,30,848.00,"25,440.00"
2021-02-10,2021021005000075,PLI,34,10,10,841.00,"8,410.00"
2021-02-10,2021021005000074,PLI,34,29,10,841.00,"8,410.00"
2021-02-10,2021021005000073,PLI,34,10,10,841.00,"8,410.00"
2021-02-10,2021021005000084,PLI,8,38,10,840.00,"8,400.00"
2021-02-10,2021021005000083,PLI,34,34,10,841.00,"8,410.00"
2021-02-10,2021021005000082,PLI,34,17,10,841.00,"8,410.00"
2021-02-10,2021021005000081,PLI,34,10,10,841.00,"8,410.00"
2021-02-10,2021021005000080,PLI,34,36,10,841.00,"8,410.00"
2021-02-10,2021021005000079,PLI,34,10,10,841.00,"8,410.00"
2021-02-10,2021021005000090,PLI,57,45,10,840.00,"8,400.00"
2021-02-10,2021021005000089,PLI,4,45,30,840.00,"25,200.00"
2021-02-10,2021021005000088,PLI,19,45,10,840.00,"8,400.00"
2021-02-10,2021021005000087,PLI,52,45,20,840.00,"16,800.00"
2021-02-10,2021021005000086,PLI,52,38,10,840.00,"8,400.00"
2021-02-10,2021021005000085,PLI,52,36,10,840.00,"8,400.00"
2021-02-10,2021021005000096,PLI,19,46,26,840.00,"21,840.00"
2021-02-10,2021021005000095,PLI,51,14,10,837.00,"8,370.00"
2021-02-10,2021021005000094,PLI,51,38,10,837.00,"8,370.00"
2021-02-10,2021021005000093,PLI,49,46,14,840.00,"11,760.00"
2021-02-10,2021021005000092,PLI,51,51,10,837.00,"8,370.00"
2021-02-10,2021021005000091,PLI,51,45,30,837.00,"25,110.00"
2021-02-10,2021021005000102,PLI,19,57,10,840.00,"8,400.00"
2021-02-10,2021021005000101,PLI,19,35,10,840.00,"8,400.00"
2021-02-10,2021021005000100,PLI,19,58,10,840.00,"8,400.00"
2021-02-10,2021021005000099,PLI,19,55,10,840.00,"8,400.00"
2021-02-10,2021021005000098,PLI,19,50,10,840.00,"8,400.00"
2021-02-10,2021021005000097,PLI,19,18,10,840.00,"8,400.00"
2021-02-10,2021021005000108,PLI,19,52,10,840.00,"8,400.00"
2021-02-10,2021021005000107,PLI,19,43,10,840.00,"8,400.00"
2021-02-10,2021021005000106,PLI,19,41,10,840.00,"8,400.00"
2021-02-10,2021021005000105,PLI,19,38,50,840.00,"42,000.00"
2021-02-10,2021021005000104,PLI,29,4,10,844.00,"8,440.00"
2021-02-10,2021021005000103,PLI,42,4,40,844.00,"33,760.00"
2021-02-10,2021021005000114,PLI,19,8,10,840.00,"8,400.00"
2021-02-10,2021021005000113,PLI,19,32,10,840.00,"8,400.00"
2021-02-10,2021021005000112,PLI,19,32,200,840.00,"168,000.00"
2021-02-10,2021021005000111,PLI,19,35,10,840.00,"8,400.00"
2021-02-10,2021021005000110,PLI,19,21,10,840.00,"8,400.00"
2021-02-10,2021021005000109,PLI,19,8,10,840.00,"8,400.00"
2021-02-10,2021021005000120,PLI,16,38,10,841.00,"8,410.00"
2021-02-10,2021021005000119,PLI,16,58,10,841.00,"8,410.00"
2021-02-10,2021021005000118,PLI,16,51,10,841.00,"8,410.00"
2021-02-10,2021021005000117,PLI,16,35,10,841.00,"8,410.00"
2021-02-10,2021021005000116,PLI,19,52,10,840.00,"8,400.00"
2021-02-10,2021021005000115,PLI,19,48,10,840.00,"8,400.00"
2021-02-10,2021021005000126,PLI,16,59,10,841.00,"8,410.00"
2021-02-10,2021021005000125,PLI,16,36,40,841.00,"33,640.00"
2021-02-10,2021021005000124,PLI,16,42,10,841.00,"8,410.00"
2021-02-10,2021021005000123,PLI,58,4,10,844.00,"8,440.00"
2021-02-10,2021021005000122,PLI,58,11,10,842.00,"8,420.00"
2021-02-10,2021021005000121,PLI,58,6,10,842.00,"8,420.00"
2021-02-10,2021021005000132,PLI,49,38,10,841.00,"8,410.00"
2021-02-10,2021021005000131,PLI,16,41,10,841.00,"8,410.00"
2021-02-10,2021021005000130,PLI,16,13,10,841.00,"8,410.00"
2021-02-10,2021021005000129,PLI,16,32,10,841.00,"8,410.00"
2021-02-10,2021021005000128,PLI,16,8,10,841.00,"8,410.00"
2021-02-10,2021021005000127,PLI,16,21,10,841.00,"8,410.00"
2021-02-10,2021021005000138,PLI,16,48,50,841.00,"42,050.00"
2021-02-10,2021021005000137,PLI,54,19,10,842.00,"8,420.00"
2021-02-10,2021021005000136,PLI,16,29,10,841.00,"8,410.00"
2021-02-10,2021021005000135,PLI,49,42,70,842.00,"58,940.00"
2021-02-10,2021021005000134,PLI,49,21,10,842.00,"8,420.00"
2021-02-10,2021021005000133,PLI,49,7,10,842.00,"8,420.00"
2021-02-10,2021021005000144,PLI,16,14,10,841.00,"8,410.00"
2021-02-10,2021021005000143,PLI,16,49,10,841.00,"8,410.00"
2021-02-10,2021021005000142,PLI,16,14,10,841.00,"8,410.00"
2021-02-10,2021021005000141,PLI,16,14,10,841.00,"8,410.00"
2021-02-10,2021021005000140,PLI,16,14,10,841.00,"8,410.00"
2021-02-10,2021021005000139,PLI,16,21,10,841.00,"8,410.00"
2021-02-10,2021021005000150,PLI,16,52,10,841.00,"8,410.00"
2021-02-10,2021021005000149,PLI,16,38,10,841.00,"8,410.00"
2021-02-10,2021021005000148,PLI,16,25,100,841.00,"84,100.00"
2021-02-10,2021021005000147,PLI,16,1,10,841.00,"8,410.00"
2021-02-10,2021021005000146,PLI,16,36,10,841.00,"8,410.00"
2021-02-10,2021021005000145,PLI,16,52,10,841.00,"8,410.00"
2021-02-10,2021021005000156,PLI,16,57,10,841.00,"8,410.00"
2021-02-10,2021021005000155,PLI,16,38,10,841.00,"8,410.00"
2021-02-10,2021021005000154,PLI,16,36,10,841.00,"8,410.00"
2021-02-10,2021021005000153,PLI,16,32,10,841.00,"8,410.00"
2021-02-10,2021021005000152,PLI,16,38,10,841.00,"8,410.00"
2021-02-10,2021021005000151,PLI,16,1,10,841.00,"8,410.00"
2021-02-10,2021021005000162,PLI,16,32,10,841.00,"8,410.00"
2021-02-10,2021021005000161,PLI,16,45,10,841.00,"8,410.00"
2021-02-10,2021021005000160,PLI,16,32,10,841.00,"8,410.00"
2021-02-10,2021021005000159,PLI,16,56,10,841.00,"8,410.00"
2021-02-10,2021021005000158,PLI,16,13,10,841.00,"8,410.00"
2021-02-10,2021021005000157,PLI,16,32,10,841.00,"8,410.00"
2021-02-10,2021021005000168,PLI,54,8,10,842.00,"8,420.00"
2021-02-10,2021021005000167,PLI,54,32,10,841.00,"8,410.00"
2021-02-10,2021021005000166,PLI,54,53,10,841.00,"8,410.00"
2021-02-10,2021021005000165,PLI,54,8,10,841.00,"8,410.00"
2021-02-10,2021021005000164,PLI,16,35,10,841.00,"8,410.00"
2021-02-10,2021021005000163,PLI,16,57,100,841.00,"84,100.00"
2021-02-10,2021021005000174,PLI,54,38,10,842.00,"8,420.00"
2021-02-10,2021021005000173,PLI,54,13,10,842.00,"8,420.00"
2021-02-10,2021021005000172,PLI,54,50,10,842.00,"8,420.00"
2021-02-10,2021021005000171,PLI,54,21,10,842.00,"8,420.00"
2021-02-10,2021021005000170,PLI,54,8,10,842.00,"8,420.00"
2021-02-10,2021021005000169,PLI,54,14,10,842.00,"8,420.00"
