Date,Transact. No.,Symbol,Buyer,Seller,Quantity,Rate,Amount
2020-10-20,2020102003005990,ALBSL,10,6,10,796.00,"7,960.00"
2020-10-20,2020102003005989,ALBSL,59,6,50,796.00,"39,800.00"
2020-10-20,2020102003005988,ALBSL,21,6,40,796.00,"31,840.00"
2020-10-20,2020102003005942,ALBSL,19,52,70,800.00,"56,000.00"
2020-10-20,2020102003005941,ALBSL,19,6,30,800.00,"24,000.00"
2020-10-20,2020102003005927,ALBSL,32,6,70,800.00,"56,000.00"
2020-10-20,2020102003005963,ALICL,59,17,132,728.00,"96,096.00"
2020-10-20,2020102003005876,ALICL,53,34,40,727.00,"29,080.00"
2020-10-20,2020102003005875,ALICL,53,39,70,727.00,"50,890.00"
2020-10-20,2020102003005860,ALICL,59,33,18,725.00,"13,050.00"
2020-10-20,2020102004000195,BBC,45,37,30,"1,675.00","50,250.00"
2020-10-20,2020102004000194,BBC,14,37,20,"1,675.00","33,500.00"
2020-10-20,2020102004000119,BBC,42,49,10,"1,700.00","17,000.00"
2020-10-20,2020102004000060,BBC,45,6,18,"1,705.00","30,690.00"
2020-10-20,2020102004000049,BBC,28,28,10,"1,739.00","17,390.00"
2020-10-20,2020102004000044,BBC,28,28,10,"1,705.00","17,050.00"
2020-10-20,2020102004000042,BBC,28,18,10,"1,672.00","16,720.00"
2020-10-20,2020102003006009,BFC,56,58,10,146.00,"1,460.00"
2020-10-20,2020102003005884,BFC,46,59,500,145.00,"72,500.00"
2020-10-20,2020102003005883,BFC,46,55,500,145.00,"72,500.00"
2020-10-20,2020102003005848,BFC,28,49,251,144.00,"36,144.00"
2020-10-20,2020102003005847,BFC,5,49,149,144.00,"21,456.00"
2020-10-20,2020102003005833,BFC,5,29,101,144.00,"14,544.00"
2020-10-20,2020102004000076,BOKLPO,56,16,"40,545",147.00,"5,960,115.00"
2020-10-20,2020102004000075,BOKLPO,56,16,"30,000",147.00,"4,410,000.00"
2020-10-20,2020102003005920,CBBL,1,25,25,"1,111.00","27,775.00"
2020-10-20,2020102003005773,CBBL,6,46,360,"1,110.00","399,600.00"
2020-10-20,2020102003005746,CBBL,36,6,100,"1,110.00","111,000.00"
2020-10-20,2020102003005944,CIT,53,42,30,"3,616.00","108,480.00"
2020-10-20,2020102003005900,CIT,10,42,20,"3,616.00","72,320.00"
2020-10-20,2020102003005812,CIT,36,7,16,"3,617.00","57,872.00"
2020-10-20,2020102003005758,CIT,7,56,10,"3,620.00","36,200.00"
2020-10-20,2020102003005757,CIT,7,7,50,"3,620.00","181,000.00"
2020-10-20,2020102003005756,CIT,7,50,35,"3,610.00","126,350.00"
2020-10-20,2020102003005748,CIT,34,50,30,"3,610.00","108,300.00"
2020-10-20,2020102003005747,CIT,32,50,50,"3,610.00","180,500.00"
2020-10-20,2020102003005887,CLBSL,38,19,659,696.00,"458,664.00"
2020-10-20,2020102003005755,CLBSL,17,34,10,700.00,"7,000.00"
2020-10-20,2020102004000182,CMF1,48,17,"5,000",9.70,"48,500.00"
2020-10-20,2020102004000085,CMF1,21,1,250,9.56,"2,390.00"
2020-10-20,2020102003005858,CORBL,26,28,250,203.00,"50,750.00"
2020-10-20,2020102004000070,CZBILP,5,4,"115,143",150.00,"17,271,450.00"
2020-10-20,2020102003005915,DDBL,37,57,500,850.00,"425,000.00"
2020-10-20,2020102003005914,DDBL,42,57,20,850.00,"17,000.00"
2020-10-20,2020102003005913,DDBL,37,57,500,850.00,"425,000.00"
2020-10-20,2020102003005912,DDBL,44,57,100,850.00,"85,000.00"
2020-10-20,2020102003005911,DDBL,5,57,20,850.00,"17,000.00"
2020-10-20,2020102003005910,DDBL,58,57,200,850.00,"170,000.00"
2020-10-20,2020102003005903,DDBL,58,57,20,854.00,"17,080.00"
2020-10-20,2020102003005902,DDBL,17,57,10,854.00,"8,540.00"
2020-10-20,2020102003005901,DDBL,34,57,100,854.00,"85,400.00"
2020-10-20,2020102003005909,DDBL,17,57,18,850.00,"15,300.00"
2020-10-20,2020102003005908,DDBL,17,57,50,850.00,"42,500.00"
2020-10-20,2020102003005907,DDBL,44,57,100,850.00,"85,000.00"
2020-10-20,2020102003005906,DDBL,57,57,167,852.00,"142,284.00"
2020-10-20,2020102003005905,DDBL,16,57,500,852.00,"426,000.00"
2020-10-20,2020102003005904,DDBL,41,57,240,853.00,"204,720.00"
2020-10-20,2020102003005857,FMDBL,7,29,320,577.00,"184,640.00"
2020-10-20,2020102003006026,GBBL,48,41,10,266.00,"2,660.00"
2020-10-20,2020102003005996,GBBL,51,11,50,265.00,"13,250.00"
2020-10-20,2020102003005917,GBBL,50,41,100,266.00,"26,600.00"
2020-10-20,2020102003005882,GBBL,51,28,148,265.00,"39,220.00"
2020-10-20,2020102003005832,GBBL,13,41,30,266.00,"7,980.00"
2020-10-20,2020102003006025,GFCL,22,34,790,191.00,"150,890.00"
2020-10-20,2020102003006024,GFCL,11,34,500,191.00,"95,500.00"
2020-10-20,2020102003005946,GFCL,38,34,10,193.00,"1,930.00"
2020-10-20,2020102003005968,GGBSL,48,28,10,787.00,"7,870.00"
2020-10-20,2020102004000123,GIC,48,26,10,488.00,"4,880.00"
2020-10-20,2020102004000116,GIC,48,28,10,488.00,"4,880.00"
2020-10-20,2020102004000113,GIC,48,28,10,488.00,"4,880.00"
2020-10-20,2020102004000108,GIC,48,21,10,488.00,"4,880.00"
2020-10-20,2020102004000105,GIC,48,36,10,488.00,"4,880.00"
2020-10-20,2020102004000073,GIC,48,42,10,488.00,"4,880.00"
2020-10-20,2020102004000002,GIC,4,51,10,461.00,"4,610.00"
2020-10-20,2020102004000001,GIC,3,25,10,452.00,"4,520.00"
2020-10-20,2020102004000023,GIC,48,17,10,488.00,"4,880.00"
2020-10-20,2020102004000022,GIC,48,57,10,488.00,"4,880.00"
2020-10-20,2020102004000015,GIC,48,28,10,488.00,"4,880.00"
2020-10-20,2020102004000010,GIC,48,43,10,488.00,"4,880.00"
2020-10-20,2020102004000007,GIC,52,13,10,479.00,"4,790.00"
2020-10-20,2020102004000004,GIC,20,21,10,470.00,"4,700.00"
2020-10-20,2020102004000071,GIC,48,38,10,488.00,"4,880.00"
2020-10-20,2020102004000068,GIC,48,41,10,488.00,"4,880.00"
2020-10-20,2020102004000066,GIC,48,36,10,488.00,"4,880.00"
2020-10-20,2020102004000059,GIC,48,58,10,488.00,"4,880.00"
2020-10-20,2020102004000056,GIC,48,42,10,488.00,"4,880.00"
2020-10-20,2020102004000055,GIC,48,42,10,488.00,"4,880.00"
2020-10-20,2020102003005861,GILB,44,21,16,"1,269.00","20,304.00"
2020-10-20,2020102003005777,GILB,44,14,47,"1,255.00","58,985.00"
2020-10-20,2020102003005776,GILB,44,38,53,"1,251.00","66,303.00"
2020-10-20,2020102004000128,GIMES1,45,38,100,9.64,964.00
2020-10-20,2020102004000054,GIMES1,34,29,"1,500",9.61,"14,415.00"
2020-10-20,2020102004000053,GIMES1,8,29,500,9.62,"4,810.00"
2020-10-20,2020102003005966,GLBSL,16,34,16,714.00,"11,424.00"
2020-10-20,2020102003006013,GLICL,53,16,100,625.00,"62,500.00"
2020-10-20,2020102003005977,GLICL,14,35,170,623.00,"105,910.00"
2020-10-20,2020102003005976,GLICL,53,35,30,624.00,"18,720.00"
2020-10-20,2020102003005899,GLICL,14,1,30,623.00,"18,690.00"
2020-10-20,2020102003005865,GLICL,14,6,100,623.00,"62,300.00"
2020-10-20,2020102003005849,GLICL,18,1,20,624.00,"12,480.00"
2020-10-20,2020102003005784,GLICL,18,6,50,624.00,"31,200.00"
2020-10-20,2020102003005768,GLICL,53,14,50,625.00,"31,250.00"
2020-10-20,2020102003005987,GMFIL,38,55,10,173.00,"1,730.00"
2020-10-20,2020102003005856,GMFIL,34,36,200,171.00,"34,200.00"
2020-10-20,2020102003005855,GMFIL,10,36,500,171.00,"85,500.00"
2020-10-20,2020102003005954,GRDBL,48,14,91,156.00,"14,196.00"
2020-10-20,2020102003005852,GRDBL,48,34,50,156.00,"7,800.00"
2020-10-20,2020102003005851,GRDBL,48,7,159,156.00,"24,804.00"
2020-10-20,2020102003005925,GUFL,44,45,10,154.00,"1,540.00"
2020-10-20,2020102003005789,GUFL,44,38,10,153.00,"1,530.00"
2020-10-20,2020102003006018,HIDCL,56,44,10,199.00,"1,990.00"
2020-10-20,2020102003005992,HIDCL,43,40,225,198.00,"44,550.00"
2020-10-20,2020102003005945,HIDCL,34,40,100,198.00,"19,800.00"
2020-10-20,2020102003005939,HIDCL,5,40,175,198.00,"34,650.00"
2020-10-20,2020102003005938,HIDCL,5,38,100,198.00,"19,800.00"
2020-10-20,2020102003005937,HIDCL,5,28,225,198.00,"44,550.00"
2020-10-20,2020102003005735,HIDCL,35,49,302,198.00,"59,796.00"
2020-10-20,2020102003005809,HIDCL,57,57,100,198.00,"19,800.00"
2020-10-20,2020102003005808,HIDCL,36,57,728,198.00,"144,144.00"
2020-10-20,2020102003005788,HIDCL,36,41,31,198.00,"6,138.00"
2020-10-20,2020102003005772,HIDCL,36,11,241,198.00,"47,718.00"
2020-10-20,2020102003005771,HIDCL,34,11,100,198.00,"19,800.00"
2020-10-20,2020102003005770,HIDCL,35,11,659,198.00,"130,482.00"
2020-10-20,2020102003005898,HIDCL,58,28,200,198.00,"39,600.00"
2020-10-20,2020102003005877,HIDCL,5,28,"1,000",198.00,"198,000.00"
2020-10-20,2020102003005830,HIDCL,4,28,128,198.00,"25,344.00"
2020-10-20,2020102003005824,HIDCL,45,28,"2,000",198.00,"396,000.00"
2020-10-20,2020102003005811,HIDCL,4,57,72,198.00,"14,256.00"
2020-10-20,2020102003005810,HIDCL,34,57,100,198.00,"19,800.00"
2020-10-20,2020102003005831,ICFC,6,43,10,294.00,"2,940.00"
2020-10-20,2020102003005800,ICFC,34,33,280,293.00,"82,040.00"
2020-10-20,2020102003005780,ICFC,5,33,100,293.00,"29,300.00"
2020-10-20,2020102003005943,JBBL,50,50,500,211.00,"105,500.00"
2020-10-20,2020102003005796,JBBL,10,50,79,211.00,"16,669.00"
2020-10-20,2020102003005795,JBBL,10,52,200,211.00,"42,200.00"
2020-10-20,2020102003005794,JBBL,10,53,128,211.00,"27,008.00"
2020-10-20,2020102003005793,JBBL,10,34,50,211.00,"10,550.00"
2020-10-20,2020102003005792,JBBL,10,3,43,211.00,"9,073.00"
2020-10-20,2020102003005787,JBBL,35,3,57,211.00,"12,027.00"
2020-10-20,2020102003005786,JBBL,35,57,258,211.00,"54,438.00"
2020-10-20,2020102003005785,JBBL,35,34,35,211.00,"7,385.00"
2020-10-20,2020102003005738,JBBL,54,34,500,211.00,"105,500.00"
2020-10-20,2020102003005737,JBBL,42,34,805,211.00,"169,855.00"
2020-10-20,2020102004000026,JBBLPO,41,47,"90,000",111.00,"9,990,000.00"
2020-10-20,2020102003005986,JSLBB,6,26,60,"1,332.00","79,920.00"
2020-10-20,2020102003005959,JSLBB,6,10,20,"1,331.00","26,620.00"
2020-10-20,2020102003005828,JSLBB,6,42,20,"1,330.00","26,600.00"
2020-10-20,2020102004000043,KBLPO,43,17,971,103.00,"100,013.00"
2020-10-20,2020102003005854,KMCDB,36,35,10,737.00,"7,370.00"
2020-10-20,2020102003005853,KMCDB,36,28,10,737.00,"7,370.00"
2020-10-20,2020102003005753,KMCDB,36,22,10,735.00,"7,350.00"
2020-10-20,2020102003005752,KMCDB,36,14,10,735.00,"7,350.00"
2020-10-20,2020102003005751,KMCDB,36,48,60,734.00,"44,040.00"
2020-10-20,2020102003005803,KSBBL,4,34,130,228.00,"29,640.00"
2020-10-20,2020102003005802,KSBBL,4,32,188,228.00,"42,864.00"
2020-10-20,2020102003005801,KSBBL,4,54,682,228.00,"155,496.00"
2020-10-20,2020102003006027,LBBL,17,43,500,220.00,"110,000.00"
2020-10-20,2020102003006016,LBBL,42,44,226,221.00,"49,946.00"
2020-10-20,2020102003006015,LBBL,42,34,500,221.00,"110,500.00"
2020-10-20,2020102003006014,LBBL,42,6,274,221.00,"60,554.00"
2020-10-20,2020102004000051,LEMF,8,26,"1,527",9.37,"14,307.99"
2020-10-20,2020102004000040,LEMF,45,50,"5,000",9.20,"46,000.00"
2020-10-20,2020102004000039,LEMF,45,42,"1,100",9.20,"10,120.00"
2020-10-20,2020102004000038,LEMF,45,22,"1,000",9.20,"9,200.00"
2020-10-20,2020102004000064,LEMF,22,29,300,9.19,"2,757.00"
2020-10-20,2020102003005823,LICN,25,28,13,"1,499.00","19,487.00"
2020-10-20,2020102003005822,LICN,25,29,10,"1,499.00","14,990.00"
2020-10-20,2020102003005821,LICN,25,28,100,"1,498.00","149,800.00"
2020-10-20,2020102003005814,LICN,25,54,50,"1,480.00","74,000.00"
2020-10-20,2020102003005820,LICN,25,16,40,"1,490.00","59,600.00"
2020-10-20,2020102003005819,LICN,25,28,50,"1,490.00","74,500.00"
2020-10-20,2020102003005818,LICN,25,46,50,"1,489.00","74,450.00"
2020-10-20,2020102003005817,LICN,25,16,10,"1,489.00","14,890.00"
2020-10-20,2020102003005816,LICN,25,49,127,"1,480.00","187,960.00"
2020-10-20,2020102003005815,LICN,25,6,100,"1,480.00","148,000.00"
2020-10-20,2020102003005749,LLBS,7,52,40,"1,106.00","44,240.00"
2020-10-20,2020102004000169,LUK,57,35,"5,000",8.98,"44,900.00"
2020-10-20,2020102004000065,LUK,48,17,500,8.81,"4,405.00"
2020-10-20,2020102004000061,LUK,48,29,500,8.81,"4,405.00"
2020-10-20,2020102004000052,LUK,48,14,500,8.81,"4,405.00"
2020-10-20,2020102004000041,LUK,17,58,"1,000",8.90,"8,900.00"
2020-10-20,2020102003005871,MDB,14,4,500,371.00,"185,500.00"
2020-10-20,2020102003005739,MERO,42,26,40,739.00,"29,560.00"
2020-10-20,2020102003006004,MFIL,55,17,100,322.00,"32,200.00"
2020-10-20,2020102003006003,MFIL,55,29,310,322.00,"99,820.00"
2020-10-20,2020102003006002,MFIL,55,55,200,322.00,"64,400.00"
2020-10-20,2020102003006001,MFIL,55,47,602,322.00,"193,844.00"
2020-10-20,2020102003006000,MFIL,55,55,500,322.00,"161,000.00"
2020-10-20,2020102003005975,MFIL,55,44,100,319.00,"31,900.00"
2020-10-20,2020102003005929,MFIL,55,58,200,320.00,"64,000.00"
2020-10-20,2020102003005928,MFIL,55,44,470,320.00,"150,400.00"
2020-10-20,2020102003005935,MFIL,55,21,20,320.00,"6,400.00"
2020-10-20,2020102003005934,MFIL,55,14,100,320.00,"32,000.00"
2020-10-20,2020102003005933,MFIL,55,59,200,320.00,"64,000.00"
2020-10-20,2020102003005932,MFIL,55,49,"1,000",320.00,"320,000.00"
2020-10-20,2020102003005931,MFIL,55,17,150,320.00,"48,000.00"
2020-10-20,2020102003005930,MFIL,55,1,50,320.00,"16,000.00"
2020-10-20,2020102003005962,MFIL,6,44,100,319.00,"31,900.00"
2020-10-20,2020102003005961,MFIL,55,44,800,319.00,"255,200.00"
2020-10-20,2020102003005958,MFIL,55,49,100,321.00,"32,100.00"
2020-10-20,2020102003005957,MFIL,55,43,"3,620",321.00,"1,162,020.00"
2020-10-20,2020102003005955,MFIL,55,55,200,319.00,"63,800.00"
2020-10-20,2020102003005936,MFIL,55,33,700,320.00,"224,000.00"
2020-10-20,2020102003005916,MLBL,57,45,18,230.00,"4,140.00"
2020-10-20,2020102003005893,MLBL,34,52,300,231.00,"69,300.00"
2020-10-20,2020102003005734,MLBL,34,14,64,231.00,"14,784.00"
2020-10-20,2020102003006006,MNBBL,4,58,180,360.00,"64,800.00"
2020-10-20,2020102003005972,MNBBL,4,22,100,359.00,"35,900.00"
2020-10-20,2020102003005805,MNBBL,18,34,140,358.00,"50,120.00"
2020-10-20,2020102003005765,MNBBL,18,25,860,358.00,"307,880.00"
2020-10-20,2020102003005764,MNBBL,38,25,40,358.00,"14,320.00"
2020-10-20,2020102003005763,MNBBL,38,25,100,358.00,"35,800.00"
2020-10-20,2020102003005971,MNBBL,4,52,84,359.00,"30,156.00"
2020-10-20,2020102003005970,MNBBL,4,25,621,359.00,"222,939.00"
2020-10-20,2020102003005923,MNBBL,4,49,15,358.00,"5,370.00"
2020-10-20,2020102003005922,MNBBL,4,49,185,358.00,"66,230.00"
2020-10-20,2020102003005807,MNBBL,4,34,315,358.00,"112,770.00"
2020-10-20,2020102003005806,MNBBL,1,34,45,358.00,"16,110.00"
2020-10-20,2020102004000034,MNBBLP,17,58,"3,200",182.00,"582,400.00"
2020-10-20,2020102004000033,MNBBLP,17,58,"20,000",182.00,"3,640,000.00"
2020-10-20,2020102003005888,NADEP,5,18,10,668.00,"6,680.00"
2020-10-20,2020102003005754,NADEP,38,36,10,675.00,"6,750.00"
2020-10-20,2020102004000177,NBF2,16,37,200,9.06,"1,812.00"
2020-10-20,2020102004000176,NBF2,16,14,900,9.06,"8,154.00"
2020-10-20,2020102004000141,NBF2,16,41,100,9.01,901.00
2020-10-20,2020102004000121,NBF2,21,17,"3,200",9.05,"28,960.00"
2020-10-20,2020102004000117,NBF2,21,39,500,9.05,"4,525.00"
2020-10-20,2020102004000111,NBF2,21,58,100,9.05,905.00
2020-10-20,2020102004000027,NBF2,45,1,500,9.15,"4,575.00"
2020-10-20,2020102004000025,NBF2,45,33,"10,000",9.14,"91,400.00"
2020-10-20,2020102004000005,NBF2,34,58,"1,000",9.10,"9,100.00"
2020-10-20,2020102004000058,NBF2,16,58,200,9.01,"1,802.00"
2020-10-20,2020102004000028,NBF2,45,29,"20,000",9.15,"183,000.00"
2020-10-20,2020102004000107,NBF2,21,59,"1,000",9.05,"9,050.00"
2020-10-20,2020102004000104,NBF2,21,37,200,9.05,"1,810.00"
2020-10-20,2020102004000086,NBF2,56,41,"2,500",9.02,"22,550.00"
2020-10-20,2020102004000077,NBF2,16,51,200,9.01,"1,802.00"
2020-10-20,2020102004000074,NBF2,16,19,300,9.01,"2,703.00"
2020-10-20,2020102004000189,NEF,33,46,"5,000",9.00,"45,000.00"
2020-10-20,2020102004000173,NEF,33,22,"1,207",9.00,"10,863.00"
2020-10-20,2020102004000138,NEF,33,41,241,9.00,"2,169.00"
2020-10-20,2020102004000120,NEF,33,33,"2,414",9.00,"21,726.00"
2020-10-20,2020102003005978,NFS,22,20,20,317.00,"6,340.00"
2020-10-20,2020102003005797,NFS,52,7,10,317.00,"3,170.00"
2020-10-20,2020102004000103,NIBLPF,38,39,105,9.25,971.25
2020-10-20,2020102004000095,NIBLPF,45,34,"1,025",9.17,"9,399.25"
2020-10-20,2020102004000094,NIBLPF,45,17,"1,175",9.17,"10,774.75"
2020-10-20,2020102004000048,NIBLPF,34,29,"1,010",9.03,"9,120.30"
2020-10-20,2020102004000024,NIBLPF,21,45,505,9.00,"4,545.00"
2020-10-20,2020102004000003,NIBLPF,58,19,"2,637",9.18,"24,207.66"
2020-10-20,2020102004000191,NIBPO,42,55,315,362.00,"114,030.00"
2020-10-20,2020102004000190,NIBPO,42,1,185,362.00,"66,970.00"
2020-10-20,2020102004000172,NIBPO,13,55,100,362.00,"36,200.00"
2020-10-20,2020102004000137,NIBPO,1,17,"1,000",362.00,"362,000.00"
2020-10-20,2020102004000115,NIBPO,6,29,394,364.00,"143,416.00"
2020-10-20,2020102004000114,NIBPO,6,49,296,364.00,"107,744.00"
2020-10-20,2020102004000101,NIBPO,42,55,"1,000",362.00,"362,000.00"
2020-10-20,2020102004000050,NIBPO,6,28,884,360.00,"318,240.00"
2020-10-20,2020102004000037,NIBPO,6,28,500,360.00,"180,000.00"
2020-10-20,2020102004000036,NIBPO,34,28,"1,000",360.00,"360,000.00"
2020-10-20,2020102004000035,NIBPO,34,28,80,360.00,"28,800.00"
2020-10-20,2020102004000029,NIBPO,34,4,20,360.00,"7,200.00"
2020-10-20,2020102004000196,NIBSF1,28,7,"2,507",9.90,"24,819.30"
2020-10-20,2020102004000187,NIBSF1,28,17,"5,000",9.90,"49,500.00"
2020-10-20,2020102004000135,NIBSF1,28,52,"11,978",9.90,"118,582.20"
2020-10-20,2020102004000102,NIBSF1,28,7,"15,991",9.90,"158,310.90"
2020-10-20,2020102004000098,NIBSF1,28,42,"4,009",9.90,"39,689.10"
2020-10-20,2020102004000097,NIBSF1,28,42,"20,000",9.90,"198,000.00"
2020-10-20,2020102004000016,NIBSF1,45,58,"2,500",9.95,"24,875.00"
2020-10-20,2020102004000014,NIBSF1,45,58,"17,100",9.95,"170,145.00"
2020-10-20,2020102004000013,NIBSF1,45,7,"7,900",9.94,"78,526.00"
2020-10-20,2020102004000012,NIBSF1,45,7,"2,100",9.94,"20,874.00"
2020-10-20,2020102004000011,NIBSF1,45,26,"7,900",9.93,"78,447.00"
2020-10-20,2020102004000080,NIBSF1,42,7,"1,000",10.00,"10,000.00"
2020-10-20,2020102004000079,NIBSF1,42,7,"1,000",10.00,"10,000.00"
2020-10-20,2020102004000067,NIBSF1,50,25,"2,000",10.00,"20,000.00"
2020-10-20,2020102004000019,NIBSF1,45,17,"5,000",9.95,"49,750.00"
2020-10-20,2020102004000018,NIBSF1,45,1,"7,900",9.95,"78,605.00"
2020-10-20,2020102004000017,NIBSF1,45,1,"2,100",9.95,"20,895.00"
2020-10-20,2020102004000084,NICBF,28,58,"1,000",8.89,"8,890.00"
2020-10-20,2020102004000078,NICBF,57,51,200,8.83,"1,766.00"
2020-10-20,2020102004000062,NICBF,34,1,500,8.84,"4,420.00"
2020-10-20,2020102004000106,NICGF,1,17,"1,000",9.48,"9,480.00"
2020-10-20,2020102004000096,NICGF,1,21,400,9.49,"3,796.00"
2020-10-20,2020102004000093,NICGF,6,21,100,9.50,950.00
2020-10-20,2020102004000083,NICGF,21,1,100,9.50,950.00
2020-10-20,2020102004000082,NICGF,21,42,840,9.50,"7,980.00"
2020-10-20,2020102004000081,NICGF,21,4,200,9.49,"1,898.00"
2020-10-20,2020102004000057,NICGF,1,46,100,9.41,941.00
2020-10-20,2020102003005960,NLBBL,34,6,10,750.00,"7,500.00"
2020-10-20,2020102003005940,NLBBL,19,6,10,750.00,"7,500.00"
2020-10-20,2020102003005886,NLIC,35,7,50,"1,376.00","68,800.00"
2020-10-20,2020102003005874,NLIC,51,34,150,"1,375.00","206,250.00"
2020-10-20,2020102003005873,NLIC,58,34,100,"1,375.00","137,500.00"
2020-10-20,2020102003005762,NLIC,5,34,50,"1,376.00","68,800.00"
2020-10-20,2020102003005736,NLIC,5,52,150,"1,376.00","206,400.00"
2020-10-20,2020102003005761,NLICL,44,50,300,742.00,"222,600.00"
2020-10-20,2020102003005760,NLICL,26,50,300,742.00,"222,600.00"
2020-10-20,2020102003005759,NLICL,47,50,85,742.00,"63,070.00"
2020-10-20,2020102003005745,NLICL,44,50,600,743.00,"445,800.00"
2020-10-20,2020102003005744,NLICL,49,50,80,743.00,"59,440.00"
2020-10-20,2020102003005743,NLICL,34,50,200,743.00,"148,600.00"
2020-10-20,2020102003005742,NLICL,42,50,20,743.00,"14,860.00"
2020-10-20,2020102003005741,NLICL,44,50,215,744.00,"159,960.00"
2020-10-20,2020102003005740,NLICL,14,50,100,744.00,"74,400.00"
2020-10-20,2020102004000063,NMB50,16,45,250,9.18,"2,295.00"
2020-10-20,2020102004000021,NMB50,42,58,"1,000",9.00,"9,000.00"
2020-10-20,2020102004000020,NMB50,17,58,"1,000",9.00,"9,000.00"
2020-10-20,2020102004000118,NMBHF1,21,17,"5,000",9.38,"46,900.00"
2020-10-20,2020102004000047,NMBHF1,45,28,"17,356",9.40,"163,146.40"
2020-10-20,2020102004000046,NMBHF1,45,17,"5,000",9.39,"46,950.00"
2020-10-20,2020102004000045,NMBHF1,45,25,"2,644",9.38,"24,800.72"
2020-10-20,2020102004000008,NMBHF1,45,19,"15,774",9.40,"148,275.60"
2020-10-20,2020102003005967,NMFBS,59,45,26,"1,535.00","39,910.00"
2020-10-20,2020102003005949,NMFBS,59,17,26,"1,535.00","39,910.00"
2020-10-20,2020102003006022,NRIC,3,45,200,856.00,"171,200.00"
2020-10-20,2020102003006021,NRIC,3,55,100,856.00,"85,600.00"
2020-10-20,2020102003006020,NRIC,3,58,10,856.00,"8,560.00"
2020-10-20,2020102003006019,NRIC,3,35,420,856.00,"359,520.00"
2020-10-20,2020102003005926,NRIC,3,34,50,855.00,"42,750.00"
2020-10-20,2020102003005881,NRIC,47,35,100,856.00,"85,600.00"
2020-10-20,2020102003005825,NRIC,36,35,200,856.00,"171,200.00"
2020-10-20,2020102003005769,NRIC,45,35,20,856.00,"17,120.00"
2020-10-20,2020102003005767,NRIC,3,38,40,855.00,"34,200.00"
2020-10-20,2020102003005750,NRIC,3,45,40,855.00,"34,200.00"
2020-10-20,2020102003005948,NRN,53,6,40,353.00,"14,120.00"
2020-10-20,2020102003005947,NRN,53,34,10,353.00,"3,530.00"
2020-10-20,2020102003005779,NRN,58,45,10,353.00,"3,530.00"
2020-10-20,2020102003005778,NRN,58,5,10,353.00,"3,530.00"
2020-10-20,2020102003006008,NSEWA,41,32,10,684.00,"6,840.00"
2020-10-20,2020102003006007,NSEWA,41,58,10,684.00,"6,840.00"
2020-10-20,2020102003005969,NUBL,49,42,30,978.00,"29,340.00"
2020-10-20,2020102003005804,NUBL,33,51,350,977.00,"341,950.00"
2020-10-20,2020102003005950,OHL,13,34,50,382.00,"19,100.00"
2020-10-20,2020102004000185,PCBLP,4,58,"9,099",152.00,"1,383,048.00"
2020-10-20,2020102004000184,PCBLP,4,58,"18,198",152.00,"2,766,096.00"
2020-10-20,2020102004000183,PCBLP,4,58,"18,198",152.00,"2,766,096.00"
2020-10-20,2020102004000181,PCBLP,4,58,"18,198",152.00,"2,766,096.00"
2020-10-20,2020102003005995,PFL,10,45,10,189.00,"1,890.00"
2020-10-20,2020102003005885,PFL,22,58,10,186.00,"1,860.00"
2020-10-20,2020102003005864,PFL,10,38,10,189.00,"1,890.00"
2020-10-20,2020102003005766,PFL,22,10,11,186.00,"2,046.00"
2020-10-20,2020102003005956,PLIC,7,35,13,660.00,"8,580.00"
2020-10-20,2020102003005894,PLIC,7,34,12,660.00,"7,920.00"
2020-10-20,2020102003005892,PLIC,7,41,1,660.00,660.00
2020-10-20,2020102003005891,PLIC,7,29,139,660.00,"91,740.00"
2020-10-20,2020102003005890,PLIC,47,29,12,660.00,"7,920.00"
2020-10-20,2020102003005889,PLIC,7,29,49,660.00,"32,340.00"
2020-10-20,2020102003005872,PLIC,7,34,273,660.00,"180,180.00"
2020-10-20,2020102004000180,RBCLPO,8,17,10,"10,506.00","105,060.00"
2020-10-20,2020102004000179,RBCLPO,8,14,30,"10,500.00","315,000.00"
2020-10-20,2020102004000178,RBCLPO,8,28,10,"10,499.00","104,990.00"
2020-10-20,2020102004000171,RBCLPO,40,11,15,"10,500.00","157,500.00"
2020-10-20,2020102004000170,RBCLPO,40,48,11,"10,500.00","115,500.00"
2020-10-20,2020102004000168,RBCLPO,28,48,19,"10,500.00","199,500.00"
2020-10-20,2020102004000166,RBCLPO,8,17,50,"10,450.00","522,500.00"
2020-10-20,2020102004000165,RBCLPO,8,32,30,"10,440.00","313,200.00"
2020-10-20,2020102004000100,RBCLPO,8,17,30,"10,250.00","307,500.00"
2020-10-20,2020102004000072,RBCLPO,8,32,20,"10,300.00","206,000.00"
2020-10-20,2020102004000069,RBCLPO,28,28,21,"10,300.00","216,300.00"
2020-10-20,2020102003005924,RLFL,58,14,80,180.00,"14,400.00"
2020-10-20,2020102003006023,RLI,28,35,10,603.00,"6,030.00"
2020-10-20,2020102003006005,RLI,33,13,10,602.00,"6,020.00"
2020-10-20,2020102003005999,RLI,33,58,10,602.00,"6,020.00"
2020-10-20,2020102003005998,RLI,33,42,10,602.00,"6,020.00"
2020-10-20,2020102003005997,RLI,33,26,10,602.00,"6,020.00"
2020-10-20,2020102003005921,RLI,28,57,10,602.00,"6,020.00"
2020-10-20,2020102003005813,RLI,35,42,10,601.00,"6,010.00"
2020-10-20,2020102003005791,RLI,35,47,10,601.00,"6,010.00"
2020-10-20,2020102003005790,RLI,35,35,50,601.00,"30,050.00"
2020-10-20,2020102003005799,RMDC,28,10,11,858.00,"9,438.00"
2020-10-20,2020102003005798,RMDC,47,34,10,859.00,"8,590.00"
2020-10-20,2020102003005775,RSDC,44,41,100,553.00,"55,300.00"
2020-10-20,2020102003005774,RSDC,38,41,87,553.00,"48,111.00"
2020-10-20,2020102003005919,SABSL,49,8,13,865.00,"11,245.00"
2020-10-20,2020102003005918,SABSL,49,38,11,861.00,"9,471.00"
2020-10-20,2020102003005859,SABSL,49,34,11,851.00,"9,361.00"
2020-10-20,2020102003005878,SADBL,14,8,250,181.00,"45,250.00"
2020-10-20,2020102003005993,SADBL,34,41,500,182.00,"91,000.00"
2020-10-20,2020102003005896,SADBL,55,41,200,182.00,"36,400.00"
2020-10-20,2020102003005879,SADBL,51,8,200,181.00,"36,200.00"
2020-10-20,2020102004000188,SAEF,25,42,"1,000",10.51,"10,510.00"
2020-10-20,2020102004000122,SAEF,21,39,"5,000",10.52,"52,600.00"
2020-10-20,2020102004000110,SAEF,56,48,"3,000",10.50,"31,500.00"
2020-10-20,2020102004000109,SAEF,56,17,200,10.47,"2,094.00"
2020-10-20,2020102004000092,SAEF,56,7,"6,000",10.52,"63,120.00"
2020-10-20,2020102004000091,SAEF,56,35,500,10.52,"5,260.00"
2020-10-20,2020102004000009,SAEF,33,48,500,10.46,"5,230.00"
2020-10-20,2020102004000090,SAEF,56,38,500,10.52,"5,260.00"
2020-10-20,2020102004000089,SAEF,21,7,"5,000",10.50,"52,500.00"
2020-10-20,2020102004000088,SAEF,21,7,"5,000",10.50,"52,500.00"
2020-10-20,2020102004000032,SAEF,8,7,"5,000",10.47,"52,350.00"
2020-10-20,2020102004000031,SAEF,8,7,"10,000",10.47,"104,700.00"
2020-10-20,2020102004000030,SAEF,33,7,"10,000",10.48,"104,800.00"
2020-10-20,2020102004000175,SEF,33,51,500,9.45,"4,725.00"
2020-10-20,2020102004000174,SEF,33,35,"1,000",9.45,"9,450.00"
2020-10-20,2020102004000164,SEF,19,57,"1,000",9.42,"9,420.00"
2020-10-20,2020102004000163,SEF,19,57,"1,000",9.42,"9,420.00"
2020-10-20,2020102004000162,SEF,19,57,"1,000",9.42,"9,420.00"
2020-10-20,2020102004000161,SEF,19,57,"5,000",9.42,"47,100.00"
2020-10-20,2020102004000124,SEF,59,59,200,9.35,"1,870.00"
2020-10-20,2020102004000112,SEF,56,17,200,9.29,"1,858.00"
2020-10-20,2020102004000099,SEF,56,22,"1,000",9.25,"9,250.00"
2020-10-20,2020102004000160,SEF,19,58,"1,000",9.42,"9,420.00"
2020-10-20,2020102004000159,SEF,19,57,"5,000",9.42,"47,100.00"
2020-10-20,2020102004000158,SEF,19,49,500,9.42,"4,710.00"
2020-10-20,2020102004000150,SEF,19,49,"2,000",9.42,"18,840.00"
2020-10-20,2020102004000148,SEF,19,43,"5,000",9.41,"47,050.00"
2020-10-20,2020102004000147,SEF,19,39,"5,800",9.40,"54,520.00"
2020-10-20,2020102004000127,SFMF,34,22,500,9.28,"4,640.00"
2020-10-20,2020102004000126,SFMF,34,49,300,9.28,"2,784.00"
2020-10-20,2020102004000006,SFMF,17,58,"1,000",9.10,"9,100.00"
2020-10-20,2020102003006012,SHINE,19,59,300,262.00,"78,600.00"
2020-10-20,2020102003006011,SHINE,28,59,400,262.00,"104,800.00"
2020-10-20,2020102003006010,SHINE,38,59,285,262.00,"74,670.00"
2020-10-20,2020102003005850,SHINE,38,46,160,262.00,"41,920.00"
2020-10-20,2020102003006037,SIFC,4,45,"1,484",206.00,"305,704.00"
2020-10-20,2020102003006036,SIFC,4,43,500,206.00,"103,000.00"
2020-10-20,2020102003006035,SIFC,4,49,"2,000",205.00,"410,000.00"
2020-10-20,2020102003006034,SIFC,4,57,190,205.00,"38,950.00"
2020-10-20,2020102003006033,SIFC,4,35,50,204.00,"10,200.00"
2020-10-20,2020102003006032,SIFC,4,26,200,204.00,"40,800.00"
2020-10-20,2020102003005952,SIFC,4,59,220,198.00,"43,560.00"
2020-10-20,2020102003005834,SIFC,35,59,200,198.00,"39,600.00"
2020-10-20,2020102003005983,SIFC,4,39,157,202.00,"31,714.00"
2020-10-20,2020102003005982,SIFC,4,25,90,202.00,"18,180.00"
2020-10-20,2020102003005981,SIFC,4,59,500,201.00,"100,500.00"
2020-10-20,2020102003005980,SIFC,4,17,100,200.00,"20,000.00"
2020-10-20,2020102003005979,SIFC,4,59,790,200.00,"158,000.00"
2020-10-20,2020102003005953,SIFC,4,10,"1,000",199.00,"199,000.00"
2020-10-20,2020102003006031,SIFC,4,49,260,204.00,"53,040.00"
2020-10-20,2020102003006030,SIFC,4,25,"1,479",204.00,"301,716.00"
2020-10-20,2020102003006029,SIFC,4,28,100,204.00,"20,400.00"
2020-10-20,2020102003006028,SIFC,4,54,"1,000",203.00,"203,000.00"
2020-10-20,2020102003005985,SIFC,4,16,600,202.00,"121,200.00"
2020-10-20,2020102003005984,SIFC,4,53,500,202.00,"101,000.00"
2020-10-20,2020102003005895,SINDU,41,41,10,163.00,"1,630.00"
2020-10-20,2020102003005897,SKBBL,52,22,100,"1,356.00","135,600.00"
2020-10-20,2020102003006017,SLBBL,34,45,10,844.00,"8,440.00"
2020-10-20,2020102003005974,SLBBL,45,34,100,837.00,"83,700.00"
2020-10-20,2020102003005973,SLBBL,38,34,100,838.00,"83,800.00"
2020-10-20,2020102003005965,SLBBL,38,34,100,840.00,"84,000.00"
2020-10-20,2020102003005827,SLBBL,38,55,40,840.00,"33,600.00"
2020-10-20,2020102003005826,SLBBL,38,10,109,840.00,"91,560.00"
2020-10-20,2020102003005991,SLICL,26,16,200,614.00,"122,800.00"
2020-10-20,2020102003005880,SLICL,8,16,100,614.00,"61,400.00"
2020-10-20,2020102003005843,SMB,25,57,15,860.00,"12,900.00"
2020-10-20,2020102003005842,SMB,25,34,11,858.00,"9,438.00"
2020-10-20,2020102003005835,SMB,25,26,11,852.00,"9,372.00"
2020-10-20,2020102003005841,SMB,25,45,12,858.00,"10,296.00"
2020-10-20,2020102003005840,SMB,25,53,13,857.00,"11,141.00"
2020-10-20,2020102003005839,SMB,25,28,11,856.00,"9,416.00"
2020-10-20,2020102003005838,SMB,25,43,10,856.00,"8,560.00"
2020-10-20,2020102003005837,SMB,25,49,15,855.00,"12,825.00"
2020-10-20,2020102003005836,SMB,25,6,20,853.00,"17,060.00"
2020-10-20,2020102003005863,SMFBS,13,34,200,950.00,"190,000.00"
2020-10-20,2020102003005862,SMFBS,13,34,390,950.00,"370,500.00"
2020-10-20,2020102003005846,SMFBS,13,57,10,950.00,"9,500.00"
2020-10-20,2020102003005845,SMFBS,19,57,20,955.00,"19,100.00"
2020-10-20,2020102003005844,SMFBS,57,57,20,956.00,"19,120.00"
2020-10-20,2020102004000193,STC,56,45,30,"3,500.00","105,000.00"
2020-10-20,2020102004000192,STC,57,45,20,"3,501.00","70,020.00"
2020-10-20,2020102004000186,STC,56,19,30,"3,500.00","105,000.00"
2020-10-20,2020102004000167,STC,28,3,155,"3,570.00","553,350.00"
2020-10-20,2020102004000157,STC,28,17,67,"3,570.00","239,190.00"
2020-10-20,2020102004000156,STC,59,17,33,"3,570.00","117,810.00"
2020-10-20,2020102004000130,STC,58,56,40,"3,479.00","139,160.00"
2020-10-20,2020102004000129,STC,22,56,25,"3,480.00","87,000.00"
2020-10-20,2020102004000125,STC,14,56,100,"3,500.00","350,000.00"
2020-10-20,2020102004000087,STC,16,51,10,"3,500.00","35,000.00"
2020-10-20,2020102004000139,STC,56,45,15,"3,475.00","52,125.00"
2020-10-20,2020102004000136,STC,56,56,10,"3,475.00","34,750.00"
2020-10-20,2020102004000134,STC,14,56,20,"3,476.00","69,520.00"
2020-10-20,2020102004000133,STC,14,56,25,"3,476.00","86,900.00"
2020-10-20,2020102004000132,STC,36,56,20,"3,477.00","69,540.00"
2020-10-20,2020102004000131,STC,36,56,10,"3,478.00","34,780.00"
2020-10-20,2020102004000146,STC,28,47,95,"3,550.00","337,250.00"
2020-10-20,2020102004000145,STC,28,49,50,"3,550.00","177,500.00"
2020-10-20,2020102004000144,STC,28,51,25,"3,548.00","88,700.00"
2020-10-20,2020102004000143,STC,28,3,100,"3,544.00","354,400.00"
2020-10-20,2020102004000142,STC,28,3,30,"3,543.00","106,290.00"
2020-10-20,2020102004000140,STC,56,45,45,"3,475.00","156,375.00"
2020-10-20,2020102004000155,STC,59,34,10,"3,570.00","35,700.00"
2020-10-20,2020102004000154,STC,59,51,25,"3,569.00","89,225.00"
2020-10-20,2020102004000153,STC,59,39,30,"3,565.00","106,950.00"
2020-10-20,2020102004000152,STC,59,34,20,"3,560.00","71,200.00"
2020-10-20,2020102004000151,STC,59,57,32,"3,557.00","113,824.00"
2020-10-20,2020102004000149,STC,59,3,100,"3,556.00","355,600.00"
2020-10-20,2020102003005829,SWBBL,58,34,10,"1,231.00","12,310.00"
2020-10-20,2020102003005783,SWBBL,47,22,11,"1,231.00","13,541.00"
2020-10-20,2020102003005782,SWBBL,49,22,39,"1,232.00","48,048.00"
2020-10-20,2020102003005781,SWBBL,5,22,50,"1,232.00","61,600.00"
2020-10-20,2020102003005951,TRH,14,19,29,247.00,"7,163.00"
2020-10-20,2020102003005870,TRH,14,3,600,247.00,"148,200.00"
2020-10-20,2020102003005869,TRH,34,3,200,247.00,"49,400.00"
2020-10-20,2020102003005868,TRH,42,3,120,248.00,"29,760.00"
2020-10-20,2020102003005867,TRH,57,3,50,248.00,"12,400.00"
2020-10-20,2020102003005866,TRH,59,3,630,248.00,"156,240.00"
2020-10-20,2020102003005994,USLB,58,46,72,"1,111.00","79,992.00"
2020-10-20,2020102003005554,ALBSL,49,42,10,796.00,"7,960.00"
2020-10-20,2020102003005283,ALICL,59,6,50,725.00,"36,250.00"
2020-10-20,2020102003005248,ALICL,14,13,200,726.00,"145,200.00"
2020-10-20,2020102003005247,ALICL,36,13,200,726.00,"145,200.00"
2020-10-20,2020102003005546,BFC,5,14,250,144.00,"36,000.00"
2020-10-20,2020102003005480,BFC,42,29,50,145.00,"7,250.00"
2020-10-20,2020102003005334,BFC,54,41,100,145.00,"14,500.00"
2020-10-20,2020102003005282,BFC,54,45,100,145.00,"14,500.00"
2020-10-20,2020102003005655,CBBL,42,54,17,"1,110.00","18,870.00"
2020-10-20,2020102003005579,CBBL,47,54,50,"1,110.00","55,500.00"
2020-10-20,2020102003005578,CBBL,42,54,33,"1,111.00","36,663.00"
2020-10-20,2020102003005509,CBBL,53,57,100,"1,111.00","111,100.00"
2020-10-20,2020102003005353,CBBL,49,42,50,"1,110.00","55,500.00"
2020-10-20,2020102003005352,CBBL,34,42,50,"1,110.00","55,500.00"
2020-10-20,2020102003005561,CFCL,22,58,10,167.00,"1,670.00"
2020-10-20,2020102003005551,CFCL,26,58,500,167.00,"83,500.00"
2020-10-20,2020102003005544,CFCL,22,58,10,167.00,"1,670.00"
2020-10-20,2020102003005526,CFCL,38,58,500,167.00,"83,500.00"
2020-10-20,2020102003005467,CFCL,37,58,"1,225",166.00,"203,350.00"
2020-10-20,2020102003005249,CFCL,14,58,100,167.00,"16,700.00"
2020-10-20,2020102003005711,CIT,19,50,20,"3,613.00","72,260.00"
2020-10-20,2020102003005710,CIT,19,50,20,"3,616.00","72,320.00"
2020-10-20,2020102003005709,CIT,32,50,25,"3,616.00","90,400.00"
2020-10-20,2020102003005708,CIT,19,50,20,"3,618.00","72,360.00"
2020-10-20,2020102003005684,CIT,36,57,42,"3,620.00","152,040.00"
2020-10-20,2020102003005663,CIT,36,57,48,"3,620.00","173,760.00"
2020-10-20,2020102003005382,CIT,45,33,50,"3,611.00","180,550.00"
2020-10-20,2020102003005356,CIT,51,39,10,"3,609.00","36,090.00"
2020-10-20,2020102003005355,CIT,51,41,17,"3,609.00","61,353.00"
2020-10-20,2020102003005485,CIT,21,52,17,"3,615.00","61,455.00"
2020-10-20,2020102003005449,CIT,54,52,20,"3,615.00","72,300.00"
2020-10-20,2020102003005386,CIT,45,52,30,"3,615.00","108,450.00"
2020-10-20,2020102003005385,CIT,45,47,200,"3,615.00","723,000.00"
2020-10-20,2020102003005384,CIT,45,45,10,"3,615.00","36,150.00"
2020-10-20,2020102003005383,CIT,45,55,10,"3,612.00","36,120.00"
2020-10-20,2020102003005563,CIT,45,41,10,"3,620.00","36,200.00"
2020-10-20,2020102003005549,CIT,16,40,10,"3,618.00","36,180.00"
2020-10-20,2020102003005530,CIT,32,39,25,"3,616.00","90,400.00"
2020-10-20,2020102003005519,CIT,36,53,10,"3,615.00","36,150.00"
2020-10-20,2020102003005511,CIT,45,57,10,"3,615.00","36,150.00"
2020-10-20,2020102003005499,CIT,16,52,30,"3,615.00","108,450.00"
2020-10-20,2020102003005627,CIT,53,43,10,"3,620.00","36,200.00"
2020-10-20,2020102003005626,CIT,53,34,20,"3,620.00","72,400.00"
2020-10-20,2020102003005616,CIT,36,50,12,"3,618.00","43,416.00"
2020-10-20,2020102003005615,CIT,43,50,20,"3,618.00","72,360.00"
2020-10-20,2020102003005565,CIT,45,34,480,"3,620.00","1,737,600.00"
2020-10-20,2020102003005564,CIT,45,58,10,"3,620.00","36,200.00"
2020-10-20,2020102003005662,CIT,36,48,50,"3,620.00","181,000.00"
2020-10-20,2020102003005661,CIT,36,45,12,"3,620.00","43,440.00"
2020-10-20,2020102003005660,CIT,36,58,50,"3,620.00","181,000.00"
2020-10-20,2020102003005659,CIT,36,19,30,"3,620.00","108,600.00"
2020-10-20,2020102003005629,CIT,53,19,20,"3,620.00","72,400.00"
2020-10-20,2020102003005628,CIT,53,34,50,"3,620.00","181,000.00"
2020-10-20,2020102003005520,CLBSL,46,34,10,701.00,"7,010.00"
2020-10-20,2020102003005265,CLBSL,17,34,40,700.00,"28,000.00"
2020-10-20,2020102003005577,CORBL,26,19,190,202.00,"38,380.00"
2020-10-20,2020102003005277,DDBL,41,32,120,854.00,"102,480.00"
2020-10-20,2020102003005258,DDBL,41,38,60,853.00,"51,180.00"
2020-10-20,2020102003005557,EDBL,25,40,16,320.00,"5,120.00"
2020-10-20,2020102003005550,EDBL,25,4,134,315.00,"42,210.00"
2020-10-20,2020102003005527,EDBL,36,25,10,311.00,"3,110.00"
2020-10-20,2020102003005319,EDBL,41,25,10,310.00,"3,100.00"
2020-10-20,2020102003005448,FMDBL,6,34,44,578.00,"25,432.00"
2020-10-20,2020102003005447,FMDBL,6,42,140,578.00,"80,920.00"
2020-10-20,2020102003005446,FMDBL,6,53,52,578.00,"30,056.00"
2020-10-20,2020102003005445,FMDBL,6,42,200,578.00,"115,600.00"
2020-10-20,2020102003005444,FMDBL,6,47,200,578.00,"115,600.00"
2020-10-20,2020102003005443,FMDBL,6,6,300,577.00,"173,100.00"
2020-10-20,2020102003005234,FMDBL,19,34,90,576.00,"51,840.00"
2020-10-20,2020102003005442,FMDBL,6,34,200,577.00,"115,400.00"
2020-10-20,2020102003005441,FMDBL,6,43,714,577.00,"411,978.00"
2020-10-20,2020102003005440,FMDBL,6,6,100,576.00,"57,600.00"
2020-10-20,2020102003005439,FMDBL,6,49,50,576.00,"28,800.00"
2020-10-20,2020102003005405,FMDBL,36,6,380,575.00,"218,500.00"
2020-10-20,2020102003005293,FMDBL,19,49,220,576.00,"126,720.00"
2020-10-20,2020102003005484,GBBL,51,50,200,265.00,"53,000.00"
2020-10-20,2020102003005425,GBBL,51,3,100,265.00,"26,500.00"
2020-10-20,2020102003005424,GBBL,51,11,110,265.00,"29,150.00"
2020-10-20,2020102003005617,GBLBS,21,44,100,521.00,"52,100.00"
2020-10-20,2020102003005591,GBLBS,28,44,"1,390",521.00,"724,190.00"
2020-10-20,2020102003005590,GBLBS,28,34,200,520.00,"104,000.00"
2020-10-20,2020102003005589,GBLBS,28,10,100,520.00,"52,000.00"
2020-10-20,2020102003005588,GBLBS,28,53,15,520.00,"7,800.00"
2020-10-20,2020102003005587,GBLBS,28,25,10,520.00,"5,200.00"
2020-10-20,2020102003005337,GBLBS,17,34,200,518.00,"103,600.00"
2020-10-20,2020102003005586,GBLBS,28,52,150,519.00,"77,850.00"
2020-10-20,2020102003005585,GBLBS,28,34,135,519.00,"70,065.00"
2020-10-20,2020102003005428,GBLBS,17,11,15,515.00,"7,725.00"
2020-10-20,2020102003005340,GBLBS,17,34,65,519.00,"33,735.00"
2020-10-20,2020102003005339,GBLBS,17,11,15,518.00,"7,770.00"
2020-10-20,2020102003005338,GBLBS,17,11,15,518.00,"7,770.00"
2020-10-20,2020102003005726,GFCL,55,34,19,190.00,"3,610.00"
2020-10-20,2020102003005682,GFCL,53,34,100,191.00,"19,100.00"
2020-10-20,2020102003005625,GFCL,32,34,50,192.00,"9,600.00"
2020-10-20,2020102003005434,GFCL,51,34,500,192.00,"96,000.00"
2020-10-20,2020102003005433,GFCL,11,34,31,193.00,"5,983.00"
2020-10-20,2020102003005346,GFCL,11,58,19,193.00,"3,667.00"
2020-10-20,2020102003005345,GFCL,41,58,20,193.00,"3,860.00"
2020-10-20,2020102003005344,GFCL,58,58,11,193.00,"2,123.00"
2020-10-20,2020102003005730,GILB,44,42,53,"1,250.00","66,250.00"
2020-10-20,2020102003005729,GILB,44,6,50,"1,250.00","62,500.00"
2020-10-20,2020102003005728,GILB,44,38,23,"1,250.00","28,750.00"
2020-10-20,2020102003005704,GILB,44,25,30,"1,249.00","37,470.00"
2020-10-20,2020102003005703,GILB,44,42,72,"1,240.00","89,280.00"
2020-10-20,2020102003005525,GILB,44,40,53,"1,248.00","66,144.00"
2020-10-20,2020102003005712,GLBSL,34,42,10,713.00,"7,130.00"
2020-10-20,2020102003005623,GLICL,53,6,50,625.00,"31,250.00"
2020-10-20,2020102003005622,GLICL,53,38,15,625.00,"9,375.00"
2020-10-20,2020102003005621,GLICL,53,26,176,625.00,"110,000.00"
2020-10-20,2020102003005620,GLICL,53,25,40,625.00,"25,000.00"
2020-10-20,2020102003005618,GLICL,18,1,30,624.00,"18,720.00"
2020-10-20,2020102003005593,GLICL,18,19,50,624.00,"31,200.00"
2020-10-20,2020102003005547,GLICL,18,54,50,624.00,"31,200.00"
2020-10-20,2020102003005502,GLICL,29,25,10,625.00,"6,250.00"
2020-10-20,2020102003005497,GMFIL,57,36,300,172.00,"51,600.00"
2020-10-20,2020102003005568,GUFL,41,45,244,154.00,"37,576.00"
2020-10-20,2020102003005567,GUFL,41,17,"1,000",154.00,"154,000.00"
2020-10-20,2020102003005566,GUFL,41,8,56,153.00,"8,568.00"
2020-10-20,2020102003005474,GUFL,44,45,10,154.00,"1,540.00"
2020-10-20,2020102003005354,GUFL,46,25,100,152.00,"15,200.00"
2020-10-20,2020102003005246,GUFL,34,55,100,153.00,"15,300.00"
2020-10-20,2020102003005245,GUFL,34,47,200,153.00,"30,600.00"
2020-10-20,2020102003005724,HIDCL,35,54,39,198.00,"7,722.00"
2020-10-20,2020102003005723,HIDCL,45,54,400,198.00,"79,200.00"
2020-10-20,2020102003005722,HIDCL,58,54,500,198.00,"99,000.00"
2020-10-20,2020102003005721,HIDCL,56,54,61,198.00,"12,078.00"
2020-10-20,2020102003005597,HIDCL,21,45,100,199.00,"19,900.00"
2020-10-20,2020102003005504,HIDCL,56,25,18,198.00,"3,564.00"
2020-10-20,2020102003005271,HIDCL,49,38,200,199.00,"39,800.00"
2020-10-20,2020102003005257,HIDCL,52,38,24,199.00,"4,776.00"
2020-10-20,2020102003005256,HIDCL,52,34,326,199.00,"64,874.00"
2020-10-20,2020102003005238,HIDCL,56,45,31,198.00,"6,138.00"
2020-10-20,2020102003005400,HIDCL,5,49,406,199.00,"80,794.00"
2020-10-20,2020102003005387,HIDCL,22,49,20,199.00,"3,980.00"
2020-10-20,2020102003005308,HIDCL,56,25,61,198.00,"12,078.00"
2020-10-20,2020102003005307,HIDCL,19,49,74,199.00,"14,726.00"
2020-10-20,2020102003005276,HIDCL,19,38,276,199.00,"54,924.00"
2020-10-20,2020102003005274,HIDCL,1,38,80,199.00,"15,920.00"
2020-10-20,2020102003005431,HIDCL,56,40,10,198.00,"1,980.00"
2020-10-20,2020102003005430,HIDCL,19,34,150,199.00,"29,850.00"
2020-10-20,2020102003005404,HIDCL,56,22,"1,000",198.00,"198,000.00"
2020-10-20,2020102003005403,HIDCL,5,34,233,199.00,"46,367.00"
2020-10-20,2020102003005402,HIDCL,5,3,200,199.00,"39,800.00"
2020-10-20,2020102003005401,HIDCL,5,48,11,199.00,"2,189.00"
2020-10-20,2020102003005503,HIDCL,7,45,51,199.00,"10,149.00"
2020-10-20,2020102003005479,HIDCL,59,45,49,199.00,"9,751.00"
2020-10-20,2020102003005478,HIDCL,59,18,150,199.00,"29,850.00"
2020-10-20,2020102003005477,HIDCL,6,18,150,199.00,"29,850.00"
2020-10-20,2020102003005476,HIDCL,6,34,168,199.00,"33,432.00"
2020-10-20,2020102003005466,HIDCL,56,57,61,198.00,"12,078.00"
2020-10-20,2020102003005681,ICFC,34,41,20,293.00,"5,860.00"
2020-10-20,2020102003005680,ICFC,34,59,100,293.00,"29,300.00"
2020-10-20,2020102003005679,ICFC,34,13,180,293.00,"52,740.00"
2020-10-20,2020102003005601,ICFC,48,6,500,292.00,"146,000.00"
2020-10-20,2020102003005600,ICFC,48,6,100,292.00,"29,200.00"
2020-10-20,2020102003005518,ICFC,48,6,200,292.00,"58,400.00"
2020-10-20,2020102003005242,ICFC,48,58,135,290.00,"39,150.00"
2020-10-20,2020102003005312,ICFC,48,46,200,291.00,"58,200.00"
2020-10-20,2020102003005311,ICFC,48,4,555,291.00,"161,505.00"
2020-10-20,2020102003005280,ICFC,48,4,145,291.00,"42,195.00"
2020-10-20,2020102003005279,ICFC,48,13,30,291.00,"8,730.00"
2020-10-20,2020102003005278,ICFC,48,22,690,291.00,"200,790.00"
2020-10-20,2020102003005267,ICFC,48,49,500,290.00,"145,000.00"
2020-10-20,2020102003005318,ICFC,48,13,500,291.00,"145,500.00"
2020-10-20,2020102003005317,ICFC,48,34,100,291.00,"29,100.00"
2020-10-20,2020102003005316,ICFC,48,13,200,291.00,"58,200.00"
2020-10-20,2020102003005315,ICFC,48,50,29,291.00,"8,439.00"
2020-10-20,2020102003005314,ICFC,48,42,"1,000",291.00,"291,000.00"
2020-10-20,2020102003005313,ICFC,48,11,25,291.00,"7,275.00"
2020-10-20,2020102003005452,ICFC,34,25,300,292.00,"87,600.00"
2020-10-20,2020102003005375,ICFC,34,25,500,292.00,"146,000.00"
2020-10-20,2020102003005374,ICFC,34,57,400,292.00,"116,800.00"
2020-10-20,2020102003005373,ICFC,34,49,"1,000",292.00,"292,000.00"
2020-10-20,2020102003005372,ICFC,34,22,300,292.00,"87,600.00"
2020-10-20,2020102003005371,ICFC,34,34,50,292.00,"14,600.00"
2020-10-20,2020102003005498,ICFC,5,6,200,292.00,"58,400.00"
2020-10-20,2020102003005457,ICFC,34,13,"1,820",293.00,"533,260.00"
2020-10-20,2020102003005456,ICFC,34,5,"1,050",293.00,"307,650.00"
2020-10-20,2020102003005455,ICFC,34,35,315,293.00,"92,295.00"
2020-10-20,2020102003005454,ICFC,34,19,300,293.00,"87,900.00"
2020-10-20,2020102003005453,ICFC,34,32,500,293.00,"146,500.00"
2020-10-20,2020102003005604,JBBL,52,44,50,210.00,"10,500.00"
2020-10-20,2020102003005569,JBBL,49,34,10,211.00,"2,110.00"
2020-10-20,2020102003005475,JBBL,52,57,40,210.00,"8,400.00"
2020-10-20,2020102003005335,JBBL,38,34,150,211.00,"31,650.00"
2020-10-20,2020102003005297,JBBL,58,34,500,211.00,"105,500.00"
2020-10-20,2020102003005251,JBBL,53,25,500,211.00,"105,500.00"
2020-10-20,2020102003005250,JBBL,53,55,500,211.00,"105,500.00"
2020-10-20,2020102003005667,KMCDB,25,1,10,734.00,"7,340.00"
2020-10-20,2020102003005707,KRBL,34,53,30,148.00,"4,440.00"
2020-10-20,2020102003005650,KRBL,25,36,10,149.00,"1,490.00"
2020-10-20,2020102003005377,KRBL,34,57,227,148.00,"33,596.00"
2020-10-20,2020102003005669,KSBBL,34,38,402,227.00,"91,254.00"
2020-10-20,2020102003005668,KSBBL,8,38,23,227.00,"5,221.00"
2020-10-20,2020102003005614,KSBBL,8,25,50,227.00,"11,350.00"
2020-10-20,2020102003005483,KSBBL,8,25,100,227.00,"22,700.00"
2020-10-20,2020102003005349,KSBBL,8,57,27,227.00,"6,129.00"
2020-10-20,2020102003005348,KSBBL,21,57,282,227.00,"64,014.00"
2020-10-20,2020102003005725,LBBL,49,6,10,221.00,"2,210.00"
2020-10-20,2020102003005648,LBBL,17,52,305,220.00,"67,100.00"
2020-10-20,2020102003005647,LBBL,17,58,105,220.00,"23,100.00"
2020-10-20,2020102003005646,LBBL,17,58,572,220.00,"125,840.00"
2020-10-20,2020102003005645,LBBL,17,14,800,220.00,"176,000.00"
2020-10-20,2020102003005644,LBBL,17,52,500,220.00,"110,000.00"
2020-10-20,2020102003005461,LBBL,28,3,200,219.00,"43,800.00"
2020-10-20,2020102003005460,LBBL,28,32,900,219.00,"197,100.00"
2020-10-20,2020102003005459,LBBL,28,33,492,218.00,"107,256.00"
2020-10-20,2020102003005465,LBBL,28,32,"2,353",219.00,"515,307.00"
2020-10-20,2020102003005464,LBBL,28,38,500,219.00,"109,500.00"
2020-10-20,2020102003005463,LBBL,28,26,500,219.00,"109,500.00"
2020-10-20,2020102003005462,LBBL,28,53,55,219.00,"12,045.00"
2020-10-20,2020102003005631,LBBL,17,28,25,220.00,"5,500.00"
2020-10-20,2020102003005531,LBBL,49,28,10,220.00,"2,200.00"
2020-10-20,2020102003005473,LBBL,3,32,"1,147",219.00,"251,193.00"
2020-10-20,2020102003005637,LBBL,17,5,330,220.00,"72,600.00"
2020-10-20,2020102003005636,LBBL,17,28,51,220.00,"11,220.00"
2020-10-20,2020102003005635,LBBL,17,48,100,220.00,"22,000.00"
2020-10-20,2020102003005634,LBBL,17,35,65,220.00,"14,300.00"
2020-10-20,2020102003005633,LBBL,17,44,100,220.00,"22,000.00"
2020-10-20,2020102003005632,LBBL,17,51,100,220.00,"22,000.00"
2020-10-20,2020102003005643,LBBL,17,58,125,220.00,"27,500.00"
2020-10-20,2020102003005642,LBBL,17,58,307,220.00,"67,540.00"
2020-10-20,2020102003005641,LBBL,17,51,24,220.00,"5,280.00"
2020-10-20,2020102003005640,LBBL,17,42,22,220.00,"4,840.00"
2020-10-20,2020102003005639,LBBL,17,1,26,220.00,"5,720.00"
2020-10-20,2020102003005638,LBBL,17,32,300,220.00,"66,000.00"
2020-10-20,2020102003005458,LICN,38,28,100,"1,479.00","147,900.00"
2020-10-20,2020102003005331,LICN,56,49,500,"1,470.00","735,000.00"
2020-10-20,2020102003005330,LICN,8,49,20,"1,470.00","29,400.00"
2020-10-20,2020102003005329,LICN,47,49,30,"1,472.00","44,160.00"
2020-10-20,2020102003005328,LICN,34,49,10,"1,472.00","14,720.00"
2020-10-20,2020102003005321,LICN,34,49,10,"1,476.00","14,760.00"
2020-10-20,2020102003005320,LICN,26,28,100,"1,477.00","147,700.00"
2020-10-20,2020102003005327,LICN,4,49,100,"1,475.00","147,500.00"
2020-10-20,2020102003005326,LICN,43,49,100,"1,475.00","147,500.00"
2020-10-20,2020102003005325,LICN,8,49,20,"1,475.00","29,500.00"
2020-10-20,2020102003005324,LICN,42,49,10,"1,475.00","14,750.00"
2020-10-20,2020102003005323,LICN,47,49,23,"1,476.00","33,948.00"
2020-10-20,2020102003005322,LICN,47,49,50,"1,476.00","73,800.00"
2020-10-20,2020102003005534,LLBS,7,58,13,"1,106.00","14,378.00"
2020-10-20,2020102003005342,MERO,52,41,14,726.00,"10,164.00"
2020-10-20,2020102003005341,MERO,29,41,20,726.00,"14,520.00"
2020-10-20,2020102003005574,MERO,4,17,21,735.00,"15,435.00"
2020-10-20,2020102003005573,MERO,4,58,23,733.00,"16,859.00"
2020-10-20,2020102003005572,MERO,4,25,43,733.00,"31,519.00"
2020-10-20,2020102003005651,MERO,4,26,127,738.00,"93,726.00"
2020-10-20,2020102003005576,MERO,4,57,43,738.00,"31,734.00"
2020-10-20,2020102003005575,MERO,4,10,43,737.00,"31,691.00"
2020-10-20,2020102003005733,MLBL,34,40,500,231.00,"115,500.00"
2020-10-20,2020102003005732,MLBL,34,48,104,231.00,"24,024.00"
2020-10-20,2020102003005731,MLBL,34,1,46,231.00,"10,626.00"
2020-10-20,2020102003005675,MLBL,34,34,23,230.00,"5,290.00"
2020-10-20,2020102003005674,MLBL,34,14,81,230.00,"18,630.00"
2020-10-20,2020102003005673,MLBL,34,13,12,230.00,"2,760.00"
2020-10-20,2020102003005505,MLBL,28,16,100,229.00,"22,900.00"
2020-10-20,2020102003005508,MLBL,28,33,350,230.00,"80,500.00"
2020-10-20,2020102003005507,MLBL,28,14,"1,000",230.00,"230,000.00"
2020-10-20,2020102003005506,MLBL,28,42,50,229.00,"11,450.00"
2020-10-20,2020102003005672,MLBL,34,22,30,230.00,"6,900.00"
2020-10-20,2020102003005671,MLBL,34,53,12,230.00,"2,760.00"
2020-10-20,2020102003005670,MLBL,34,33,150,230.00,"34,500.00"
2020-10-20,2020102003005562,MMFDB,57,17,47,879.00,"41,313.00"
2020-10-20,2020102003005427,MMFDB,57,3,23,879.00,"20,217.00"
2020-10-20,2020102003005426,MMFDB,21,3,30,880.00,"26,400.00"
2020-10-20,2020102003005309,MNBBL,25,21,51,359.00,"18,309.00"
2020-10-20,2020102003005469,MNBBL,58,25,50,358.00,"17,900.00"
2020-10-20,2020102003005468,MNBBL,25,25,29,359.00,"10,411.00"
2020-10-20,2020102003005610,MNBBL,18,25,79,359.00,"28,361.00"
2020-10-20,2020102003005472,MNBBL,53,25,300,359.00,"107,700.00"
2020-10-20,2020102003005470,MNBBL,18,25,921,358.00,"329,718.00"
2020-10-20,2020102003005300,MPFL,10,41,720,146.00,"105,120.00"
2020-10-20,2020102003005702,MSMBS,17,36,20,685.00,"13,700.00"
2020-10-20,2020102003005552,NFS,32,36,150,314.00,"47,100.00"
2020-10-20,2020102003005528,NFS,21,40,13,314.00,"4,082.00"
2020-10-20,2020102003005513,NFS,21,40,298,314.00,"93,572.00"
2020-10-20,2020102003005512,NFS,33,40,102,314.00,"32,028.00"
2020-10-20,2020102003005291,NLBBL,39,11,30,738.00,"22,140.00"
2020-10-20,2020102003005290,NLBBL,42,11,20,739.00,"14,780.00"
2020-10-20,2020102003005289,NLBBL,39,11,50,739.00,"36,950.00"
2020-10-20,2020102003005683,NLIC,6,44,22,"1,375.00","30,250.00"
2020-10-20,2020102003005536,NLIC,58,17,25,"1,375.00","34,375.00"
2020-10-20,2020102003005514,NLIC,10,17,200,"1,375.00","275,000.00"
2020-10-20,2020102003005451,NLIC,44,17,20,"1,375.00","27,500.00"
2020-10-20,2020102003005450,NLIC,21,17,51,"1,375.00","70,125.00"
2020-10-20,2020102003005376,NLIC,21,11,17,"1,375.00","23,375.00"
2020-10-20,2020102003005678,NLICL,54,17,10,745.00,"7,450.00"
2020-10-20,2020102003005677,NLICL,13,17,400,745.00,"298,000.00"
2020-10-20,2020102003005423,NLICL,57,17,95,745.00,"70,775.00"
2020-10-20,2020102003005422,NLICL,33,17,200,745.00,"149,000.00"
2020-10-20,2020102003005421,NLICL,18,17,50,745.00,"37,250.00"
2020-10-20,2020102003005420,NLICL,57,17,99,745.00,"73,755.00"
2020-10-20,2020102003005419,NLICL,1,17,50,745.00,"37,250.00"
2020-10-20,2020102003005418,NLICL,45,17,100,745.00,"74,500.00"
2020-10-20,2020102003005417,NLICL,36,17,65,746.00,"48,490.00"
2020-10-20,2020102003005416,NLICL,38,17,100,746.00,"74,600.00"
2020-10-20,2020102003005481,NMBMF,58,11,13,805.00,"10,465.00"
2020-10-20,2020102003005719,NMFBS,33,42,10,"1,550.00","15,500.00"
2020-10-20,2020102003005718,NMFBS,33,51,10,"1,549.00","15,490.00"
2020-10-20,2020102003005717,NMFBS,33,52,80,"1,540.00","123,200.00"
2020-10-20,2020102003005716,NMFBS,33,10,26,"1,540.00","40,040.00"
2020-10-20,2020102003005715,NMFBS,33,53,50,"1,540.00","77,000.00"
2020-10-20,2020102003005714,NMFBS,33,38,28,"1,540.00","43,120.00"
2020-10-20,2020102003005713,NMFBS,33,8,26,"1,536.00","39,936.00"
2020-10-20,2020102003005580,NMFBS,59,58,11,"1,535.00","16,885.00"
2020-10-20,2020102003005523,NMFBS,59,25,13,"1,535.00","19,955.00"
2020-10-20,2020102003005436,NMFBS,11,52,10,"1,535.00","15,350.00"
2020-10-20,2020102003005685,NRIC,3,34,40,855.00,"34,200.00"
2020-10-20,2020102003005654,NRIC,16,26,100,855.00,"85,500.00"
2020-10-20,2020102003005653,NRIC,25,26,50,855.00,"42,750.00"
2020-10-20,2020102003005652,NRIC,42,26,50,855.00,"42,750.00"
2020-10-20,2020102003005624,NRIC,48,35,10,856.00,"8,560.00"
2020-10-20,2020102003005611,NRIC,55,35,100,856.00,"85,600.00"
2020-10-20,2020102003005266,NRIC,26,51,100,856.00,"85,600.00"
2020-10-20,2020102003005240,NRIC,42,41,140,855.00,"119,700.00"
2020-10-20,2020102003005239,NRIC,22,41,60,855.00,"51,300.00"
2020-10-20,2020102003005501,NRIC,42,41,30,855.00,"25,650.00"
2020-10-20,2020102003005500,NRIC,53,41,10,856.00,"8,560.00"
2020-10-20,2020102003005482,NRIC,53,38,10,856.00,"8,560.00"
2020-10-20,2020102003005333,NRIC,53,6,80,856.00,"68,480.00"
2020-10-20,2020102003005332,NRIC,29,6,220,856.00,"188,320.00"
2020-10-20,2020102003005286,NRIC,29,51,280,856.00,"239,680.00"
2020-10-20,2020102003005599,NRIC,21,35,100,856.00,"85,600.00"
2020-10-20,2020102003005595,NRIC,1,35,30,856.00,"25,680.00"
2020-10-20,2020102003005594,NRIC,42,58,50,855.00,"42,750.00"
2020-10-20,2020102003005571,NRIC,22,35,20,856.00,"17,120.00"
2020-10-20,2020102003005556,NRIC,42,51,40,855.00,"34,200.00"
2020-10-20,2020102003005515,NRIC,42,51,40,855.00,"34,200.00"
2020-10-20,2020102003005630,NRN,25,57,10,352.00,"3,520.00"
2020-10-20,2020102003005603,NRN,25,58,10,352.00,"3,520.00"
2020-10-20,2020102003005596,NRN,25,45,10,352.00,"3,520.00"
2020-10-20,2020102003005584,NRN,6,36,10,354.00,"3,540.00"
2020-10-20,2020102003005560,NRN,25,41,10,352.00,"3,520.00"
2020-10-20,2020102003005555,NRN,25,45,10,352.00,"3,520.00"
2020-10-20,2020102003005548,NRN,25,51,10,352.00,"3,520.00"
2020-10-20,2020102003005522,NRN,25,51,10,352.00,"3,520.00"
2020-10-20,2020102003005298,NRN,58,34,10,353.00,"3,530.00"
2020-10-20,2020102003005613,NSEWA,41,34,70,680.00,"47,600.00"
2020-10-20,2020102003005612,NSEWA,41,1,10,680.00,"6,800.00"
2020-10-20,2020102003005535,NUBL,33,42,20,976.00,"19,520.00"
2020-10-20,2020102003005299,NUBL,34,51,100,977.00,"97,700.00"
2020-10-20,2020102003005296,NUBL,33,19,98,976.00,"95,648.00"
2020-10-20,2020102003005295,NUBL,29,19,50,976.00,"48,800.00"
2020-10-20,2020102003005495,OHL,1,21,51,378.00,"19,278.00"
2020-10-20,2020102003005494,OHL,57,21,130,378.00,"49,140.00"
2020-10-20,2020102003005493,OHL,51,21,10,379.00,"3,790.00"
2020-10-20,2020102003005602,PFL,22,55,27,186.00,"5,022.00"
2020-10-20,2020102003005488,PFL,22,54,748,186.00,"139,128.00"
2020-10-20,2020102003005487,PFL,53,54,986,186.00,"183,396.00"
2020-10-20,2020102003005381,PLIC,7,16,138,660.00,"91,080.00"
2020-10-20,2020102003005380,PLIC,47,16,20,660.00,"13,200.00"
2020-10-20,2020102003005379,PLIC,47,16,15,660.00,"9,900.00"
2020-10-20,2020102003005368,PLIC,7,53,40,660.00,"26,400.00"
2020-10-20,2020102003005287,PLIC,47,52,55,660.00,"36,300.00"
2020-10-20,2020102003005273,PLIC,47,52,20,660.00,"13,200.00"
2020-10-20,2020102003005649,RLFL,58,14,200,180.00,"36,000.00"
2020-10-20,2020102003005619,RLFL,54,14,300,180.00,"54,000.00"
2020-10-20,2020102003005727,RLI,45,1,10,600.00,"6,000.00"
2020-10-20,2020102003005720,RLI,45,45,10,600.00,"6,000.00"
2020-10-20,2020102003005656,RLI,11,25,10,601.00,"6,010.00"
2020-10-20,2020102003005605,RLI,45,58,10,600.00,"6,000.00"
2020-10-20,2020102003005583,RLI,45,38,10,600.00,"6,000.00"
2020-10-20,2020102003005570,RLI,45,41,10,600.00,"6,000.00"
2020-10-20,2020102003005261,RLI,1,36,10,600.00,"6,000.00"
2020-10-20,2020102003005260,RLI,45,36,60,600.00,"36,000.00"
2020-10-20,2020102003005259,RLI,28,36,60,601.00,"36,060.00"
2020-10-20,2020102003005244,RLI,33,47,10,601.00,"6,010.00"
2020-10-20,2020102003005243,RLI,33,10,10,601.00,"6,010.00"
2020-10-20,2020102003005236,RLI,45,32,10,600.00,"6,000.00"
2020-10-20,2020102003005370,RLI,45,58,10,600.00,"6,000.00"
2020-10-20,2020102003005288,RLI,19,41,10,601.00,"6,010.00"
2020-10-20,2020102003005281,RLI,19,43,10,601.00,"6,010.00"
2020-10-20,2020102003005264,RLI,45,36,60,600.00,"36,000.00"
2020-10-20,2020102003005263,RLI,5,36,10,600.00,"6,000.00"
2020-10-20,2020102003005262,RLI,34,36,50,600.00,"30,000.00"
2020-10-20,2020102003005516,RLI,45,42,10,600.00,"6,000.00"
2020-10-20,2020102003005496,RLI,45,42,10,600.00,"6,000.00"
2020-10-20,2020102003005492,RLI,45,50,10,600.00,"6,000.00"
2020-10-20,2020102003005437,RLI,45,38,10,600.00,"6,000.00"
2020-10-20,2020102003005415,RLI,45,33,10,600.00,"6,000.00"
2020-10-20,2020102003005378,RLI,45,38,10,600.00,"6,000.00"
2020-10-20,2020102003005537,RLI,45,38,10,600.00,"6,000.00"
2020-10-20,2020102003005533,RLI,45,42,10,600.00,"6,000.00"
2020-10-20,2020102003005529,RLI,45,51,10,600.00,"6,000.00"
2020-10-20,2020102003005524,RLI,45,51,10,600.00,"6,000.00"
2020-10-20,2020102003005521,RLI,45,41,10,600.00,"6,000.00"
2020-10-20,2020102003005517,RLI,45,58,10,600.00,"6,000.00"
2020-10-20,2020102003005559,RLI,45,45,10,600.00,"6,000.00"
2020-10-20,2020102003005543,RLI,45,51,10,600.00,"6,000.00"
2020-10-20,2020102003005541,RLI,45,58,10,601.00,"6,010.00"
2020-10-20,2020102003005540,RLI,45,25,10,601.00,"6,010.00"
2020-10-20,2020102003005539,RLI,45,58,10,601.00,"6,010.00"
2020-10-20,2020102003005538,RLI,45,39,10,601.00,"6,010.00"
2020-10-20,2020102003005414,RMDC,47,14,22,859.00,"18,898.00"
2020-10-20,2020102003005413,RMDC,36,14,100,859.00,"85,900.00"
2020-10-20,2020102003005412,RMDC,47,14,13,860.00,"11,180.00"
2020-10-20,2020102003005272,RMDC,8,34,10,861.00,"8,610.00"
2020-10-20,2020102003005686,RSDC,38,57,10,553.00,"5,530.00"
2020-10-20,2020102003005305,RSDC,38,17,203,553.00,"112,259.00"
2020-10-20,2020102003005304,RSDC,10,17,200,555.00,"111,000.00"
2020-10-20,2020102003005303,RSDC,57,17,12,555.00,"6,660.00"
2020-10-20,2020102003005302,RSDC,1,17,35,555.00,"19,425.00"
2020-10-20,2020102003005301,RSDC,55,17,50,555.00,"27,750.00"
2020-10-20,2020102003005350,SABSL,19,22,10,865.00,"8,650.00"
2020-10-20,2020102003005270,SABSL,49,41,139,851.00,"118,289.00"
2020-10-20,2020102003005269,SABSL,53,41,50,851.00,"42,550.00"
2020-10-20,2020102003005268,SABSL,56,41,67,851.00,"57,017.00"
2020-10-20,2020102003005241,SABSL,56,8,22,851.00,"18,722.00"
2020-10-20,2020102003005399,SADBL,39,13,80,182.00,"14,560.00"
2020-10-20,2020102003005398,SADBL,39,36,"1,840",182.00,"334,880.00"
2020-10-20,2020102003005397,SADBL,39,14,"2,500",182.00,"455,000.00"
2020-10-20,2020102003005396,SADBL,39,45,490,182.00,"89,180.00"
2020-10-20,2020102003005395,SADBL,39,49,"1,720",182.00,"313,040.00"
2020-10-20,2020102003005394,SADBL,39,1,"1,220",181.00,"220,820.00"
2020-10-20,2020102003005275,SADBL,28,1,"1,000",178.00,"178,000.00"
2020-10-20,2020102003005361,SADBL,39,47,160,179.00,"28,640.00"
2020-10-20,2020102003005360,SADBL,39,45,622,179.00,"111,338.00"
2020-10-20,2020102003005359,SADBL,39,34,"2,340",179.00,"418,860.00"
2020-10-20,2020102003005351,SADBL,25,34,130,179.00,"23,270.00"
2020-10-20,2020102003005306,SADBL,46,34,100,179.00,"17,900.00"
2020-10-20,2020102003005285,SADBL,34,34,10,179.00,"1,790.00"
2020-10-20,2020102003005367,SADBL,39,13,"1,500",180.00,"270,000.00"
2020-10-20,2020102003005366,SADBL,39,45,350,180.00,"63,000.00"
2020-10-20,2020102003005365,SADBL,39,57,50,180.00,"9,000.00"
2020-10-20,2020102003005364,SADBL,39,8,300,180.00,"54,000.00"
2020-10-20,2020102003005363,SADBL,39,58,286,180.00,"51,480.00"
2020-10-20,2020102003005362,SADBL,39,28,"1,638",180.00,"294,840.00"
2020-10-20,2020102003005393,SADBL,39,7,31,181.00,"5,611.00"
2020-10-20,2020102003005392,SADBL,39,42,"1,000",181.00,"181,000.00"
2020-10-20,2020102003005391,SADBL,39,52,80,181.00,"14,480.00"
2020-10-20,2020102003005390,SADBL,39,10,500,181.00,"90,500.00"
2020-10-20,2020102003005389,SADBL,39,14,152,181.00,"27,512.00"
2020-10-20,2020102003005388,SADBL,39,5,203,181.00,"36,743.00"
2020-10-20,2020102003005657,SAPDBL,48,36,500,165.00,"82,500.00"
2020-10-20,2020102003005581,SAPDBL,48,19,109,165.00,"17,985.00"
2020-10-20,2020102003005292,SAPDBL,47,58,100,165.00,"16,500.00"
2020-10-20,2020102003005701,SDLBSL,25,45,86,837.00,"71,982.00"
2020-10-20,2020102003005700,SDLBSL,25,58,10,836.00,"8,360.00"
2020-10-20,2020102003005699,SDLBSL,25,43,10,836.00,"8,360.00"
2020-10-20,2020102003005698,SDLBSL,25,38,50,832.00,"41,600.00"
2020-10-20,2020102003005697,SDLBSL,25,25,60,830.00,"49,800.00"
2020-10-20,2020102003005696,SDLBSL,25,38,50,830.00,"41,500.00"
2020-10-20,2020102003005689,SDLBSL,25,50,20,823.00,"16,460.00"
2020-10-20,2020102003005688,SDLBSL,25,43,10,820.00,"8,200.00"
2020-10-20,2020102003005687,SDLBSL,25,26,10,820.00,"8,200.00"
2020-10-20,2020102003005545,SDLBSL,50,38,10,814.00,"8,140.00"
2020-10-20,2020102003005406,SDLBSL,50,36,10,814.00,"8,140.00"
2020-10-20,2020102003005695,SDLBSL,25,50,30,828.00,"24,840.00"
2020-10-20,2020102003005694,SDLBSL,25,42,120,825.00,"99,000.00"
2020-10-20,2020102003005693,SDLBSL,25,50,10,825.00,"8,250.00"
2020-10-20,2020102003005692,SDLBSL,25,40,10,825.00,"8,250.00"
2020-10-20,2020102003005691,SDLBSL,25,58,10,824.00,"8,240.00"
2020-10-20,2020102003005690,SDLBSL,25,43,10,824.00,"8,240.00"
2020-10-20,2020102003005432,SFCL,29,58,100,140.00,"14,000.00"
2020-10-20,2020102003005407,SFCL,29,7,"1,000",140.00,"140,000.00"
2020-10-20,2020102003005343,SFCL,29,34,60,140.00,"8,400.00"
2020-10-20,2020102003005676,SHINE,38,52,500,262.00,"131,000.00"
2020-10-20,2020102003005510,SHINE,38,10,135,262.00,"35,370.00"
2020-10-20,2020102003005294,SHINE,38,59,20,262.00,"5,240.00"
2020-10-20,2020102003005347,SHL,55,3,150,188.00,"28,200.00"
2020-10-20,2020102003005666,SINDU,10,58,105,160.00,"16,800.00"
2020-10-20,2020102003005665,SINDU,25,58,50,161.00,"8,050.00"
2020-10-20,2020102003005664,SINDU,34,58,10,162.00,"1,620.00"
2020-10-20,2020102003005310,SKBBL,42,41,10,"1,355.00","13,550.00"
2020-10-20,2020102003005598,SLBBL,55,55,50,840.00,"42,000.00"
2020-10-20,2020102003005558,SLBBL,56,55,100,840.00,"84,000.00"
2020-10-20,2020102003005429,SLBS,45,53,120,921.00,"110,520.00"
2020-10-20,2020102003005411,SLBSL,49,5,10,785.00,"7,850.00"
2020-10-20,2020102003005410,SLBSL,49,38,13,783.00,"10,179.00"
2020-10-20,2020102003005409,SLBSL,49,38,13,783.00,"10,179.00"
2020-10-20,2020102003005408,SLBSL,49,38,13,783.00,"10,179.00"
2020-10-20,2020102003005658,SLICL,57,16,280,614.00,"171,920.00"
2020-10-20,2020102003005609,SLICL,16,7,20,615.00,"12,300.00"
2020-10-20,2020102003005608,SLICL,16,45,120,615.00,"73,800.00"
2020-10-20,2020102003005607,SLICL,16,58,200,615.00,"123,000.00"
2020-10-20,2020102003005606,SLICL,16,26,160,615.00,"98,400.00"
2020-10-20,2020102003005553,SLICL,46,26,20,615.00,"12,300.00"
2020-10-20,2020102003005255,SLICL,38,10,644,614.00,"395,416.00"
2020-10-20,2020102003005254,SLICL,38,6,20,614.00,"12,280.00"
2020-10-20,2020102003005253,SLICL,38,6,30,614.00,"18,420.00"
2020-10-20,2020102003005252,SLICL,38,6,50,614.00,"30,700.00"
2020-10-20,2020102003005237,SLICL,7,35,"2,500",613.00,"1,532,500.00"
2020-10-20,2020102003005542,SLICL,57,42,20,614.00,"12,280.00"
2020-10-20,2020102003005491,SLICL,6,26,820,615.00,"504,300.00"
2020-10-20,2020102003005490,SLICL,6,42,150,615.00,"92,250.00"
2020-10-20,2020102003005489,SLICL,6,4,30,614.00,"18,420.00"
2020-10-20,2020102003005358,SLICL,5,4,20,614.00,"12,280.00"
2020-10-20,2020102003005357,SLICL,5,59,30,614.00,"18,420.00"
2020-10-20,2020102003005532,SMFBS,57,3,10,956.00,"9,560.00"
2020-10-20,2020102003005435,SMFBS,49,42,10,960.00,"9,600.00"
2020-10-20,2020102003005706,SMFDB,48,16,50,786.00,"39,300.00"
2020-10-20,2020102003005705,SMFDB,48,16,44,786.00,"34,584.00"
2020-10-20,2020102003005336,SMFDB,48,41,106,786.00,"83,316.00"
2020-10-20,2020102003005235,SMFDB,11,42,20,785.00,"15,700.00"
2020-10-20,2020102003005592,TRH,35,19,10,250.00,"2,500.00"
2020-10-20,2020102003005284,TRH,35,11,10,250.00,"2,500.00"
2020-10-20,2020102003005471,UFL,48,11,200,246.00,"49,200.00"
2020-10-20,2020102003005486,USLB,39,3,22,"1,110.00","24,420.00"
2020-10-20,2020102003005369,USLB,22,4,10,"1,115.00","11,150.00"
2020-10-20,2020102003005157,ALBSL,11,58,41,795.00,"32,595.00"
2020-10-20,2020102003005156,ALBSL,58,58,30,795.00,"23,850.00"
2020-10-20,2020102003005155,ALBSL,42,58,50,796.00,"39,800.00"
2020-10-20,2020102003005154,ALBSL,44,58,50,796.00,"39,800.00"
2020-10-20,2020102003005153,ALBSL,13,58,40,796.00,"31,840.00"
2020-10-20,2020102003005152,ALBSL,49,58,69,796.00,"54,924.00"
2020-10-20,2020102003005151,ALBSL,57,58,50,797.00,"39,850.00"
2020-10-20,2020102003004917,ALBSL,49,16,11,796.00,"8,756.00"
2020-10-20,2020102003005086,CBBL,41,52,50,"1,110.00","55,500.00"
2020-10-20,2020102003005085,CBBL,41,45,21,"1,110.00","23,310.00"
2020-10-20,2020102003005084,CBBL,41,19,251,"1,110.00","278,610.00"
2020-10-20,2020102003004869,CBBL,29,45,50,"1,110.00","55,500.00"
2020-10-20,2020102003005106,CFCL,35,58,10,167.00,"1,670.00"
2020-10-20,2020102003005067,CFCL,37,55,775,166.00,"128,650.00"
2020-10-20,2020102003005066,CFCL,18,55,200,166.00,"33,200.00"
2020-10-20,2020102003005225,CIT,8,10,100,"3,604.00","360,400.00"
2020-10-20,2020102003005224,CIT,51,10,25,"3,605.00","90,125.00"
2020-10-20,2020102003005223,CIT,35,10,100,"3,605.00","360,500.00"
2020-10-20,2020102003005164,CIT,25,41,20,"3,609.00","72,180.00"
2020-10-20,2020102003005125,CIT,45,41,200,"3,609.00","721,800.00"
2020-10-20,2020102003005076,CIT,45,41,17,"3,609.00","61,353.00"
2020-10-20,2020102003004737,CIT,53,16,10,"3,600.00","36,000.00"
2020-10-20,2020102003004736,CIT,35,16,14,"3,600.00","50,400.00"
2020-10-20,2020102003004953,CIT,32,1,50,"3,604.00","180,200.00"
2020-10-20,2020102003004904,CIT,45,41,36,"3,609.00","129,924.00"
2020-10-20,2020102003004881,CIT,39,42,19,"3,608.00","68,552.00"
2020-10-20,2020102003004749,CIT,40,16,26,"3,600.00","93,600.00"
2020-10-20,2020102003004748,CIT,48,16,24,"3,600.00","86,400.00"
2020-10-20,2020102003004738,CIT,48,16,26,"3,600.00","93,600.00"
2020-10-20,2020102003005166,CORBL,42,19,10,202.00,"2,020.00"
2020-10-20,2020102003005165,CORBL,42,32,60,202.00,"12,120.00"
2020-10-20,2020102003005111,CORBL,26,32,20,202.00,"4,040.00"
2020-10-20,2020102003005046,CORBL,26,32,20,202.00,"4,040.00"
2020-10-20,2020102003004905,CORBL,26,32,200,201.00,"40,200.00"
2020-10-20,2020102003004854,CORBL,26,58,50,201.00,"10,050.00"
2020-10-20,2020102003004984,DDBL,57,36,333,852.00,"283,716.00"
2020-10-20,2020102003004983,DDBL,21,36,150,852.00,"127,800.00"
2020-10-20,2020102003004982,DDBL,58,36,62,853.00,"52,886.00"
2020-10-20,2020102003004981,DDBL,37,36,100,853.00,"85,300.00"
2020-10-20,2020102003004980,DDBL,58,36,110,854.00,"93,940.00"
2020-10-20,2020102003004840,DDBL,43,57,23,855.00,"19,665.00"
2020-10-20,2020102003004839,DDBL,17,57,100,855.00,"85,500.00"
2020-10-20,2020102003004838,DDBL,17,57,50,855.00,"42,750.00"
2020-10-20,2020102003004837,DDBL,16,57,101,855.00,"86,355.00"
2020-10-20,2020102003004836,DDBL,37,57,250,856.00,"214,000.00"
2020-10-20,2020102003004835,DDBL,58,57,50,857.00,"42,850.00"
2020-10-20,2020102003004834,DDBL,58,26,110,858.00,"94,380.00"
2020-10-20,2020102003004747,EDBL,37,25,10,309.00,"3,090.00"
2020-10-20,2020102003005233,FMDBL,19,6,190,576.00,"109,440.00"
2020-10-20,2020102003005217,FMDBL,36,34,10,575.00,"5,750.00"
2020-10-20,2020102003005180,FMDBL,36,34,110,575.00,"63,250.00"
2020-10-20,2020102003005056,FMDBL,44,34,100,575.00,"57,500.00"
2020-10-20,2020102003005055,FMDBL,49,34,280,575.00,"161,000.00"
2020-10-20,2020102003004820,FMDBL,58,6,100,575.00,"57,500.00"
2020-10-20,2020102003004819,FMDBL,47,6,10,575.00,"5,750.00"
2020-10-20,2020102003005232,GBBL,17,11,90,265.00,"23,850.00"
2020-10-20,2020102003005098,GBBL,48,51,50,264.00,"13,200.00"
2020-10-20,2020102003004974,GBBL,13,11,190,265.00,"50,350.00"
2020-10-20,2020102003004938,GBBL,34,11,10,265.00,"2,650.00"
2020-10-20,2020102003004823,GBBL,51,41,320,266.00,"85,120.00"
2020-10-20,2020102003004775,GBBL,48,41,886,266.00,"235,676.00"
2020-10-20,2020102003004768,GBBL,48,4,"1,000",266.00,"266,000.00"
2020-10-20,2020102003004767,GBBL,48,39,300,266.00,"79,800.00"
2020-10-20,2020102003004766,GBBL,48,39,300,266.00,"79,800.00"
2020-10-20,2020102003004765,GBBL,48,50,100,265.00,"26,500.00"
2020-10-20,2020102003004764,GBBL,48,11,500,265.00,"132,500.00"
2020-10-20,2020102003004763,GBBL,48,33,283,265.00,"74,995.00"
2020-10-20,2020102003004774,GBBL,48,14,100,266.00,"26,600.00"
2020-10-20,2020102003004773,GBBL,48,11,131,266.00,"34,846.00"
2020-10-20,2020102003004772,GBBL,48,38,50,266.00,"13,300.00"
2020-10-20,2020102003004771,GBBL,48,45,50,266.00,"13,300.00"
2020-10-20,2020102003004770,GBBL,48,1,100,266.00,"26,600.00"
2020-10-20,2020102003004769,GBBL,48,25,200,266.00,"53,200.00"
2020-10-20,2020102003005189,GBLBS,17,42,180,515.00,"92,700.00"
2020-10-20,2020102003005188,GBLBS,34,42,85,516.00,"43,860.00"
2020-10-20,2020102003005187,GBLBS,16,42,100,516.00,"51,600.00"
2020-10-20,2020102003005186,GBLBS,56,42,115,516.00,"59,340.00"
2020-10-20,2020102003005185,GBLBS,56,42,20,516.00,"10,320.00"
2020-10-20,2020102003005181,GBLBS,56,16,15,516.00,"7,740.00"
2020-10-20,2020102003005110,GBLBS,56,29,25,516.00,"12,900.00"
2020-10-20,2020102003005013,GBLBS,56,16,15,516.00,"7,740.00"
2020-10-20,2020102003004852,GGBSL,35,45,10,787.00,"7,870.00"
2020-10-20,2020102003004734,GGBSL,58,41,13,789.00,"10,257.00"
2020-10-20,2020102003004799,GLBSL,42,33,10,715.00,"7,150.00"
2020-10-20,2020102003004798,GLBSL,42,44,50,712.00,"35,600.00"
2020-10-20,2020102003005140,GLICL,33,3,50,625.00,"31,250.00"
2020-10-20,2020102003005139,GLICL,33,3,50,625.00,"31,250.00"
2020-10-20,2020102003005138,GLICL,46,3,50,625.00,"31,250.00"
2020-10-20,2020102003005137,GLICL,32,3,20,625.00,"12,500.00"
2020-10-20,2020102003005071,GLICL,20,48,11,626.00,"6,886.00"
2020-10-20,2020102003005054,GLICL,42,48,119,626.00,"74,494.00"
2020-10-20,2020102003005053,GLICL,42,28,31,625.00,"19,375.00"
2020-10-20,2020102003005025,GLICL,55,48,20,626.00,"12,520.00"
2020-10-20,2020102003004757,GLICL,16,25,50,625.00,"31,250.00"
2020-10-20,2020102003004778,GMFBS,34,43,10,829.00,"8,290.00"
2020-10-20,2020102003005222,GMFIL,45,10,"4,999",173.00,"864,827.00"
2020-10-20,2020102003005221,GMFIL,57,10,100,173.00,"17,300.00"
2020-10-20,2020102003005220,GMFIL,58,10,390,173.00,"67,470.00"
2020-10-20,2020102003005219,GMFIL,41,10,"1,000",174.00,"174,000.00"
2020-10-20,2020102003004939,GMFIL,19,41,200,174.00,"34,800.00"
2020-10-20,2020102003004926,GMFIL,52,41,50,174.00,"8,700.00"
2020-10-20,2020102003004824,GMFIL,58,17,10,173.00,"1,730.00"
2020-10-20,2020102003005087,GRDBL,49,49,10,156.00,"1,560.00"
2020-10-20,2020102003005020,GRDBL,57,26,50,157.00,"7,850.00"
2020-10-20,2020102003005019,GRDBL,57,52,50,157.00,"7,850.00"
2020-10-20,2020102003005028,GUFL,6,47,500,153.00,"76,500.00"
2020-10-20,2020102003004990,GUFL,26,38,10,151.00,"1,510.00"
2020-10-20,2020102003005198,HIDCL,56,41,26,198.00,"5,148.00"
2020-10-20,2020102003005183,HIDCL,56,16,30,198.00,"5,940.00"
2020-10-20,2020102003005171,HIDCL,56,45,31,198.00,"6,138.00"
2020-10-20,2020102003005130,HIDCL,56,45,31,198.00,"6,138.00"
2020-10-20,2020102003005117,HIDCL,39,34,174,199.00,"34,626.00"
2020-10-20,2020102003005116,HIDCL,39,59,500,199.00,"99,500.00"
2020-10-20,2020102003004794,HIDCL,5,34,200,199.00,"39,800.00"
2020-10-20,2020102003004735,HIDCL,56,6,61,198.00,"12,078.00"
2020-10-20,2020102003004846,HIDCL,5,22,100,200.00,"20,000.00"
2020-10-20,2020102003004844,HIDCL,56,56,203,199.00,"40,397.00"
2020-10-20,2020102003004843,HIDCL,18,56,125,199.00,"24,875.00"
2020-10-20,2020102003004842,HIDCL,53,56,200,199.00,"39,800.00"
2020-10-20,2020102003004841,HIDCL,58,56,39,199.00,"7,761.00"
2020-10-20,2020102003004796,HIDCL,58,5,61,199.00,"12,139.00"
2020-10-20,2020102003004871,HIDCL,42,19,61,200.00,"12,200.00"
2020-10-20,2020102003004870,HIDCL,42,22,349,200.00,"69,800.00"
2020-10-20,2020102003004867,HIDCL,36,38,703,199.00,"139,897.00"
2020-10-20,2020102003004866,HIDCL,56,38,297,199.00,"59,103.00"
2020-10-20,2020102003004861,HIDCL,46,22,15,200.00,"3,000.00"
2020-10-20,2020102003004851,HIDCL,19,22,500,200.00,"100,000.00"
2020-10-20,2020102003004937,HIDCL,56,5,61,198.00,"12,078.00"
2020-10-20,2020102003004925,HIDCL,42,44,127,199.00,"25,273.00"
2020-10-20,2020102003004924,HIDCL,43,44,"1,000",199.00,"199,000.00"
2020-10-20,2020102003004923,HIDCL,16,44,250,199.00,"49,750.00"
2020-10-20,2020102003004922,HIDCL,36,44,297,199.00,"59,103.00"
2020-10-20,2020102003004872,HIDCL,42,16,320,200.00,"64,000.00"
2020-10-20,2020102003005088,HIDCL,56,57,969,198.00,"191,862.00"
2020-10-20,2020102003005070,HIDCL,56,45,31,198.00,"6,138.00"
2020-10-20,2020102003005026,HIDCL,56,52,91,198.00,"18,018.00"
2020-10-20,2020102003005021,HIDCL,56,37,30,198.00,"5,940.00"
2020-10-20,2020102003005004,HIDCL,57,44,"1,000",199.00,"199,000.00"
2020-10-20,2020102003004962,HIDCL,56,16,31,198.00,"6,138.00"
2020-10-20,2020102003005115,HIDCL,39,56,"1,000",199.00,"199,000.00"
2020-10-20,2020102003005114,HIDCL,39,54,"1,000",199.00,"199,000.00"
2020-10-20,2020102003005113,HIDCL,39,44,"2,326",199.00,"462,874.00"
2020-10-20,2020102003005107,HIDCL,56,45,109,198.00,"21,582.00"
2020-10-20,2020102003005090,HIDCL,56,57,"1,031",198.00,"204,138.00"
2020-10-20,2020102003005089,HIDCL,49,57,"1,000",198.00,"198,000.00"
2020-10-20,2020102003004994,ICFC,50,58,"1,865",290.00,"540,850.00"
2020-10-20,2020102003004993,ICFC,50,58,135,290.00,"39,150.00"
2020-10-20,2020102003004853,ICFC,57,58,100,290.00,"29,000.00"
2020-10-20,2020102003004830,ICFC,48,17,10,289.00,"2,890.00"
2020-10-20,2020102003004806,ICFC,50,58,200,290.00,"58,000.00"
2020-10-20,2020102003004805,ICFC,50,6,"2,804",290.00,"813,160.00"
2020-10-20,2020102003005202,ILBS,19,25,10,825.00,"8,250.00"
2020-10-20,2020102003005182,ILBS,38,57,42,815.00,"34,230.00"
2020-10-20,2020102003005170,ILBS,19,57,11,818.00,"8,998.00"
2020-10-20,2020102003005159,ILBS,19,14,11,818.00,"8,998.00"
2020-10-20,2020102003005094,ILBS,19,42,11,816.00,"8,976.00"
2020-10-20,2020102003005093,ILBS,19,52,11,815.00,"8,965.00"
2020-10-20,2020102003005059,ILBS,19,25,11,815.00,"8,965.00"
2020-10-20,2020102003004964,ILBS,19,28,10,814.00,"8,140.00"
2020-10-20,2020102003004825,ILBS,52,19,11,810.00,"8,910.00"
2020-10-20,2020102003004742,ILBS,19,34,11,802.00,"8,822.00"
2020-10-20,2020102003005160,JBBL,16,55,645,211.00,"136,095.00"
2020-10-20,2020102003005146,JBBL,16,13,200,211.00,"42,200.00"
2020-10-20,2020102003005131,JBBL,16,55,950,211.00,"200,450.00"
2020-10-20,2020102003005124,JBBL,16,16,"1,205",211.00,"254,255.00"
2020-10-20,2020102003005123,JBBL,52,16,220,211.00,"46,420.00"
2020-10-20,2020102003005122,JBBL,18,16,45,211.00,"9,495.00"
2020-10-20,2020102003004849,JBBL,57,26,456,211.00,"96,216.00"
2020-10-20,2020102003004803,JBBL,41,25,500,211.00,"105,500.00"
2020-10-20,2020102003004802,JBBL,41,14,15,211.00,"3,165.00"
2020-10-20,2020102003004801,JBBL,41,6,485,211.00,"102,335.00"
2020-10-20,2020102003004928,JBBL,49,44,10,211.00,"2,110.00"
2020-10-20,2020102003004903,JBBL,6,50,94,211.00,"19,834.00"
2020-10-20,2020102003004902,JBBL,6,34,656,211.00,"138,416.00"
2020-10-20,2020102003004873,JBBL,13,34,200,211.00,"42,200.00"
2020-10-20,2020102003004868,JBBL,13,34,100,211.00,"21,100.00"
2020-10-20,2020102003004850,JBBL,57,34,44,211.00,"9,284.00"
2020-10-20,2020102003005103,JBBL,18,52,205,211.00,"43,255.00"
2020-10-20,2020102003005102,JBBL,52,52,486,211.00,"102,546.00"
2020-10-20,2020102003005075,JBBL,52,41,14,211.00,"2,954.00"
2020-10-20,2020102003005027,JBBL,49,34,10,212.00,"2,120.00"
2020-10-20,2020102003004978,JBBL,52,1,300,211.00,"63,300.00"
2020-10-20,2020102003004977,JBBL,52,44,140,211.00,"29,540.00"
2020-10-20,2020102003005162,JFL,42,28,10,215.00,"2,150.00"
2020-10-20,2020102003005051,JFL,48,6,500,214.00,"107,000.00"
2020-10-20,2020102003005050,JFL,48,56,500,214.00,"107,000.00"
2020-10-20,2020102003004951,JFL,34,6,185,213.00,"39,405.00"
2020-10-20,2020102003004950,JFL,19,6,200,213.00,"42,600.00"
2020-10-20,2020102003004818,JFL,6,58,"2,342",212.00,"496,504.00"
2020-10-20,2020102003004817,JFL,50,58,103,213.00,"21,939.00"
2020-10-20,2020102003004911,JSLBB,56,26,100,"1,332.00","133,200.00"
2020-10-20,2020102003004816,KMCDB,41,42,10,727.00,"7,270.00"
2020-10-20,2020102003004815,KMCDB,36,41,100,733.00,"73,300.00"
2020-10-20,2020102003005231,KSBBL,21,57,718,227.00,"162,986.00"
2020-10-20,2020102003005230,KSBBL,41,57,"1,000",227.00,"227,000.00"
2020-10-20,2020102003005229,KSBBL,16,57,75,227.00,"17,025.00"
2020-10-20,2020102003005228,KSBBL,38,57,40,227.00,"9,080.00"
2020-10-20,2020102003005227,KSBBL,41,57,167,227.00,"37,909.00"
2020-10-20,2020102003005091,KSBBL,41,51,500,227.00,"113,500.00"
2020-10-20,2020102003005065,KSBBL,41,45,833,227.00,"189,091.00"
2020-10-20,2020102003005064,KSBBL,34,45,"1,167",227.00,"264,909.00"
2020-10-20,2020102003004956,KSBBL,34,20,833,227.00,"189,091.00"
2020-10-20,2020102003004955,KSBBL,34,20,167,227.00,"37,909.00"
2020-10-20,2020102003004908,KSBBL,34,51,500,227.00,"113,500.00"
2020-10-20,2020102003004808,KSBBL,41,54,500,228.00,"114,000.00"
2020-10-20,2020102003004991,LBBL,21,33,250,218.00,"54,500.00"
2020-10-20,2020102003004898,LBBL,3,45,19,217.00,"4,123.00"
2020-10-20,2020102003004895,LBBL,49,33,10,218.00,"2,180.00"
2020-10-20,2020102003005150,LLBS,28,11,88,"1,115.00","98,120.00"
2020-10-20,2020102003005149,LLBS,28,52,12,"1,115.00","13,380.00"
2020-10-20,2020102003005129,LLBS,28,52,38,"1,115.00","42,370.00"
2020-10-20,2020102003005128,LLBS,28,22,27,"1,115.00","30,105.00"
2020-10-20,2020102003005127,LLBS,28,16,32,"1,110.00","35,520.00"
2020-10-20,2020102003004821,LLBS,28,29,90,"1,110.00","99,900.00"
2020-10-20,2020102003004807,LLBS,28,47,25,"1,110.00","27,750.00"
2020-10-20,2020102003005008,MDB,50,49,200,370.00,"74,000.00"
2020-10-20,2020102003005121,MERO,29,58,20,733.00,"14,660.00"
2020-10-20,2020102003004975,MERO,35,57,40,722.00,"28,880.00"
2020-10-20,2020102003004972,MERO,48,57,100,723.00,"72,300.00"
2020-10-20,2020102003004971,MERO,49,57,20,723.00,"14,460.00"
2020-10-20,2020102003004970,MERO,14,57,100,723.00,"72,300.00"
2020-10-20,2020102003004969,MERO,58,57,100,726.00,"72,600.00"
2020-10-20,2020102003004968,MERO,28,57,500,726.00,"363,000.00"
2020-10-20,2020102003004967,MERO,45,57,140,727.00,"101,780.00"
2020-10-20,2020102003004745,MERO,35,41,50,728.00,"36,400.00"
2020-10-20,2020102003004744,MERO,11,41,17,728.00,"12,376.00"
2020-10-20,2020102003004743,MERO,41,41,123,728.00,"89,544.00"
2020-10-20,2020102003004899,MFIL,55,45,500,319.00,"159,500.00"
2020-10-20,2020102003004812,MLBL,4,44,20,228.00,"4,560.00"
2020-10-20,2020102003005069,MMFDB,41,6,160,880.00,"140,800.00"
2020-10-20,2020102003005068,MMFDB,3,6,53,881.00,"46,693.00"
2020-10-20,2020102003004813,MMFDB,57,19,30,879.00,"26,370.00"
2020-10-20,2020102003004811,MMFDB,58,19,50,880.00,"44,000.00"
2020-10-20,2020102003004810,MMFDB,21,19,20,880.00,"17,600.00"
2020-10-20,2020102003004809,MMFDB,34,19,30,881.00,"26,430.00"
2020-10-20,2020102003005032,MNBBL,17,52,100,361.00,"36,100.00"
2020-10-20,2020102003005092,MPFL,59,41,50,146.00,"7,300.00"
2020-10-20,2020102003005031,MPFL,58,41,230,146.00,"33,580.00"
2020-10-20,2020102003004966,MPFL,58,7,570,146.00,"83,220.00"
2020-10-20,2020102003004999,MSMBS,43,11,22,687.00,"15,114.00"
2020-10-20,2020102003004998,MSMBS,43,11,22,687.00,"15,114.00"
2020-10-20,2020102003004997,MSMBS,43,45,250,687.00,"171,750.00"
2020-10-20,2020102003004996,MSMBS,43,49,121,687.00,"83,127.00"
2020-10-20,2020102003004782,NADEP,5,46,18,668.00,"12,024.00"
2020-10-20,2020102003004781,NADEP,5,42,23,668.00,"15,364.00"
2020-10-20,2020102003004780,NADEP,5,37,23,668.00,"15,364.00"
2020-10-20,2020102003005215,NFS,33,49,398,314.00,"124,972.00"
2020-10-20,2020102003005214,NFS,45,49,50,314.00,"15,700.00"
2020-10-20,2020102003005213,NFS,45,49,50,314.00,"15,700.00"
2020-10-20,2020102003005212,NFS,58,49,10,315.00,"3,150.00"
2020-10-20,2020102003005211,NFS,45,49,100,315.00,"31,500.00"
2020-10-20,2020102003005210,NFS,42,49,50,315.00,"15,750.00"
2020-10-20,2020102003004777,NFS,42,35,25,317.00,"7,925.00"
2020-10-20,2020102003004762,NFS,42,20,10,318.00,"3,180.00"
2020-10-20,2020102003004739,NFS,51,20,50,318.00,"15,900.00"
2020-10-20,2020102003004887,NFS,45,17,100,315.00,"31,500.00"
2020-10-20,2020102003004886,NFS,42,17,10,316.00,"3,160.00"
2020-10-20,2020102003004885,NFS,5,17,50,316.00,"15,800.00"
2020-10-20,2020102003004884,NFS,45,17,100,316.00,"31,600.00"
2020-10-20,2020102003004883,NFS,44,17,40,316.00,"12,640.00"
2020-10-20,2020102003004882,NFS,42,17,10,317.00,"3,170.00"
2020-10-20,2020102003004893,NFS,59,17,30,315.00,"9,450.00"
2020-10-20,2020102003004892,NFS,58,17,10,315.00,"3,150.00"
2020-10-20,2020102003004891,NFS,57,17,50,315.00,"15,750.00"
2020-10-20,2020102003004890,NFS,49,17,100,315.00,"31,500.00"
2020-10-20,2020102003004889,NFS,42,17,100,315.00,"31,500.00"
2020-10-20,2020102003004888,NFS,22,17,100,315.00,"31,500.00"
2020-10-20,2020102003005209,NFS,34,49,200,315.00,"63,000.00"
2020-10-20,2020102003005208,NFS,59,49,170,315.00,"53,550.00"
2020-10-20,2020102003005207,NFS,58,49,52,316.00,"16,432.00"
2020-10-20,2020102003005206,NFS,7,49,200,316.00,"63,200.00"
2020-10-20,2020102003005205,NFS,42,49,400,317.00,"126,800.00"
2020-10-20,2020102003004992,NFS,42,20,10,318.00,"3,180.00"
2020-10-20,2020102003005132,NLIC,19,34,200,"1,375.00","275,000.00"
2020-10-20,2020102003005063,NLIC,53,34,200,"1,376.00","275,200.00"
2020-10-20,2020102003004957,NLIC,58,5,20,"1,374.00","27,480.00"
2020-10-20,2020102003004929,NLIC,58,51,13,"1,375.00","17,875.00"
2020-10-20,2020102003004916,NLIC,47,51,73,"1,375.00","100,375.00"
2020-10-20,2020102003004857,NLIC,26,59,22,"1,376.00","30,272.00"
2020-10-20,2020102003004804,NLIC,45,5,30,"1,375.00","41,250.00"
2020-10-20,2020102003005194,NLICL,35,50,50,747.00,"37,350.00"
2020-10-20,2020102003005193,NLICL,47,50,10,747.00,"7,470.00"
2020-10-20,2020102003005192,NLICL,47,50,20,747.00,"14,940.00"
2020-10-20,2020102003005191,NLICL,54,50,10,747.00,"7,470.00"
2020-10-20,2020102003005190,NLICL,22,50,100,747.00,"74,700.00"
2020-10-20,2020102003004901,NMFBS,59,25,13,"1,530.00","19,890.00"
2020-10-20,2020102003004900,NMFBS,59,58,26,"1,530.00","39,780.00"
2020-10-20,2020102003005218,NRIC,22,16,40,855.00,"34,200.00"
2020-10-20,2020102003005184,NRIC,22,7,100,855.00,"85,500.00"
2020-10-20,2020102003005144,NRIC,59,51,120,856.00,"102,720.00"
2020-10-20,2020102003005143,NRIC,59,16,100,856.00,"85,600.00"
2020-10-20,2020102003005142,NRIC,59,49,20,856.00,"17,120.00"
2020-10-20,2020102003005141,NRIC,59,56,260,856.00,"222,560.00"
2020-10-20,2020102003004750,NRIC,6,26,20,855.00,"17,100.00"
2020-10-20,2020102003004855,NRIC,38,58,20,854.00,"17,080.00"
2020-10-20,2020102003004828,NRIC,38,19,10,854.00,"8,540.00"
2020-10-20,2020102003004827,NRIC,34,19,20,854.00,"17,080.00"
2020-10-20,2020102003004826,NRIC,25,19,10,855.00,"8,550.00"
2020-10-20,2020102003004797,NRIC,25,55,20,855.00,"17,100.00"
2020-10-20,2020102003004751,NRIC,25,26,20,855.00,"17,100.00"
2020-10-20,2020102003004959,NRIC,5,58,10,854.00,"8,540.00"
2020-10-20,2020102003004952,NRIC,38,58,10,855.00,"8,550.00"
2020-10-20,2020102003004918,NRIC,38,58,10,855.00,"8,550.00"
2020-10-20,2020102003004865,NRIC,19,42,40,855.00,"34,200.00"
2020-10-20,2020102003004864,NRIC,5,19,40,854.00,"34,160.00"
2020-10-20,2020102003004856,NRIC,19,58,30,854.00,"25,620.00"
2020-10-20,2020102003005072,NRIC,22,57,100,855.00,"85,500.00"
2020-10-20,2020102003005049,NRIC,29,16,40,854.00,"34,160.00"
2020-10-20,2020102003005014,NRIC,29,54,40,854.00,"34,160.00"
2020-10-20,2020102003005012,NRIC,29,57,40,854.00,"34,160.00"
2020-10-20,2020102003004995,NRIC,29,16,40,854.00,"34,160.00"
2020-10-20,2020102003004985,NRIC,29,58,10,854.00,"8,540.00"
2020-10-20,2020102003005169,NRN,25,38,140,352.00,"49,280.00"
2020-10-20,2020102003005158,NRN,17,38,110,353.00,"38,830.00"
2020-10-20,2020102003005148,NRN,17,7,10,353.00,"3,530.00"
2020-10-20,2020102003005145,NRN,17,46,10,353.00,"3,530.00"
2020-10-20,2020102003005136,NRN,17,49,10,353.00,"3,530.00"
2020-10-20,2020102003005104,NRN,17,50,10,353.00,"3,530.00"
2020-10-20,2020102003004759,NRN,25,42,10,352.00,"3,520.00"
2020-10-20,2020102003004758,NRN,25,49,10,352.00,"3,520.00"
2020-10-20,2020102003004848,NRN,25,52,10,352.00,"3,520.00"
2020-10-20,2020102003004833,NRN,25,19,10,352.00,"3,520.00"
2020-10-20,2020102003004831,NRN,25,17,10,352.00,"3,520.00"
2020-10-20,2020102003004776,NRN,25,57,10,352.00,"3,520.00"
2020-10-20,2020102003004761,NRN,25,34,10,352.00,"3,520.00"
2020-10-20,2020102003004760,NRN,25,58,10,352.00,"3,520.00"
2020-10-20,2020102003004942,NRN,17,44,10,353.00,"3,530.00"
2020-10-20,2020102003004941,NRN,17,42,20,353.00,"7,060.00"
2020-10-20,2020102003004933,NRN,25,42,100,352.00,"35,200.00"
2020-10-20,2020102003004915,NRN,25,26,10,352.00,"3,520.00"
2020-10-20,2020102003004907,NRN,25,49,10,352.00,"3,520.00"
2020-10-20,2020102003004878,NRN,25,6,10,352.00,"3,520.00"
2020-10-20,2020102003004948,NRN,17,46,10,353.00,"3,530.00"
2020-10-20,2020102003004947,NRN,17,14,10,353.00,"3,530.00"
2020-10-20,2020102003004946,NRN,17,49,10,353.00,"3,530.00"
2020-10-20,2020102003004945,NRN,17,35,10,353.00,"3,530.00"
2020-10-20,2020102003004944,NRN,17,57,10,353.00,"3,530.00"
2020-10-20,2020102003004943,NRN,17,16,10,353.00,"3,530.00"
2020-10-20,2020102003005101,NRN,17,5,10,353.00,"3,530.00"
2020-10-20,2020102003005100,NRN,17,21,10,353.00,"3,530.00"
2020-10-20,2020102003005077,NRN,17,51,10,353.00,"3,530.00"
2020-10-20,2020102003005040,NRN,17,34,10,353.00,"3,530.00"
2020-10-20,2020102003004960,NRN,17,6,10,353.00,"3,530.00"
2020-10-20,2020102003004949,NRN,17,34,10,353.00,"3,530.00"
2020-10-20,2020102003005074,NTC,42,13,30,707.00,"21,210.00"
2020-10-20,2020102003005006,NTC,39,35,50,706.00,"35,300.00"
2020-10-20,2020102003005005,NTC,39,8,40,706.00,"28,240.00"
2020-10-20,2020102003005195,NUBL,33,34,26,976.00,"25,376.00"
2020-10-20,2020102003005083,NUBL,57,51,50,977.00,"48,850.00"
2020-10-20,2020102003004921,NUBL,57,42,80,978.00,"78,240.00"
2020-10-20,2020102003004920,NUBL,57,14,20,978.00,"19,560.00"
2020-10-20,2020102003004859,NUBL,33,50,60,977.00,"58,620.00"
2020-10-20,2020102003004919,OHL,57,49,20,378.00,"7,560.00"
2020-10-20,2020102003004822,OHL,14,43,980,380.00,"372,400.00"
2020-10-20,2020102003005022,PFL,53,16,14,186.00,"2,604.00"
2020-10-20,2020102003004845,PFL,10,17,10,185.00,"1,850.00"
2020-10-20,2020102003005179,PLIC,47,6,10,660.00,"6,600.00"
2020-10-20,2020102003005178,PLIC,47,6,15,660.00,"9,900.00"
2020-10-20,2020102003005177,PLIC,47,6,10,660.00,"6,600.00"
2020-10-20,2020102003005176,PLIC,47,6,10,660.00,"6,600.00"
2020-10-20,2020102003005175,PLIC,47,6,15,660.00,"9,900.00"
2020-10-20,2020102003005174,PLIC,47,6,10,660.00,"6,600.00"
2020-10-20,2020102003005173,PLIC,16,6,82,660.00,"54,120.00"
2020-10-20,2020102003005109,PLIC,16,13,100,660.00,"66,000.00"
2020-10-20,2020102003005017,PLIC,16,34,500,660.00,"330,000.00"
2020-10-20,2020102003004965,PLIC,16,11,128,660.00,"84,480.00"
2020-10-20,2020102003004860,PLIC,16,41,40,660.00,"26,400.00"
2020-10-20,2020102003004814,PLIC,16,16,150,660.00,"99,000.00"
2020-10-20,2020102003005048,PROFL,6,29,605,135.00,"81,675.00"
2020-10-20,2020102003005047,PROFL,6,34,395,135.00,"53,325.00"
2020-10-20,2020102003004976,PROFL,50,46,490,134.00,"65,660.00"
2020-10-20,2020102003004741,RLFL,6,53,500,180.00,"90,000.00"
2020-10-20,2020102003005199,RLI,45,13,10,600.00,"6,000.00"
2020-10-20,2020102003005197,RLI,45,38,10,600.00,"6,000.00"
2020-10-20,2020102003005172,RLI,45,38,10,600.00,"6,000.00"
2020-10-20,2020102003005163,RLI,45,38,10,600.00,"6,000.00"
2020-10-20,2020102003005133,RLI,45,38,10,600.00,"6,000.00"
2020-10-20,2020102003005120,RLI,45,38,10,600.00,"6,000.00"
2020-10-20,2020102003004877,RLI,7,49,10,601.00,"6,010.00"
2020-10-20,2020102003004863,RLI,7,58,10,601.00,"6,010.00"
2020-10-20,2020102003004847,RLI,7,42,10,601.00,"6,010.00"
2020-10-20,2020102003004829,RLI,7,17,10,601.00,"6,010.00"
2020-10-20,2020102003004779,RLI,45,25,10,600.00,"6,000.00"
2020-10-20,2020102003004740,RLI,39,58,10,602.00,"6,020.00"
2020-10-20,2020102003004936,RLI,7,58,10,601.00,"6,010.00"
2020-10-20,2020102003004930,RLI,57,26,10,602.00,"6,020.00"
2020-10-20,2020102003004927,RLI,57,58,10,602.00,"6,020.00"
2020-10-20,2020102003004912,RLI,57,49,10,602.00,"6,020.00"
2020-10-20,2020102003004909,RLI,7,49,10,601.00,"6,010.00"
2020-10-20,2020102003004894,RLI,7,49,10,601.00,"6,010.00"
2020-10-20,2020102003004988,RLI,38,34,10,603.00,"6,030.00"
2020-10-20,2020102003004987,RLI,38,41,10,603.00,"6,030.00"
2020-10-20,2020102003004986,RLI,42,59,10,601.00,"6,010.00"
2020-10-20,2020102003004979,RLI,7,49,10,601.00,"6,010.00"
2020-10-20,2020102003004973,RLI,7,58,10,601.00,"6,010.00"
2020-10-20,2020102003004961,RLI,7,58,10,601.00,"6,010.00"
2020-10-20,2020102003005018,RLI,7,5,10,601.00,"6,010.00"
2020-10-20,2020102003005016,RLI,7,1,10,601.00,"6,010.00"
2020-10-20,2020102003005015,RLI,7,57,10,601.00,"6,010.00"
2020-10-20,2020102003005009,RLI,7,38,10,601.00,"6,010.00"
2020-10-20,2020102003005007,RLI,42,1,10,601.00,"6,010.00"
2020-10-20,2020102003004989,RLI,38,6,10,603.00,"6,030.00"
2020-10-20,2020102003005058,RLI,7,28,10,601.00,"6,010.00"
2020-10-20,2020102003005052,RLI,7,14,10,601.00,"6,010.00"
2020-10-20,2020102003005039,RLI,7,28,10,601.00,"6,010.00"
2020-10-20,2020102003005034,RLI,7,38,10,601.00,"6,010.00"
2020-10-20,2020102003005024,RLI,7,38,10,601.00,"6,010.00"
2020-10-20,2020102003005023,RLI,7,54,10,601.00,"6,010.00"
2020-10-20,2020102003005082,RLI,7,38,10,601.00,"6,010.00"
2020-10-20,2020102003005081,RLI,7,38,10,601.00,"6,010.00"
2020-10-20,2020102003005080,RLI,7,5,10,601.00,"6,010.00"
2020-10-20,2020102003005079,RLI,7,16,10,601.00,"6,010.00"
2020-10-20,2020102003005078,RLI,7,38,10,601.00,"6,010.00"
2020-10-20,2020102003005060,RLI,39,28,10,601.00,"6,010.00"
2020-10-20,2020102003005119,RLI,45,28,10,600.00,"6,000.00"
2020-10-20,2020102003005112,RLI,45,5,10,600.00,"6,000.00"
2020-10-20,2020102003005108,RLI,45,50,10,600.00,"6,000.00"
2020-10-20,2020102003005105,RLI,45,28,10,600.00,"6,000.00"
2020-10-20,2020102003005099,RLI,45,28,10,600.00,"6,000.00"
2020-10-20,2020102003005095,RLI,45,38,10,600.00,"6,000.00"
2020-10-20,2020102003005030,RMDC,57,41,200,860.00,"172,000.00"
2020-10-20,2020102003005062,RSDC,10,6,49,556.00,"27,244.00"
2020-10-20,2020102003005033,RSDC,10,34,11,556.00,"6,116.00"
2020-10-20,2020102003005011,RSDC,10,36,140,556.00,"77,840.00"
2020-10-20,2020102003005010,RSDC,28,36,60,556.00,"33,360.00"
2020-10-20,2020102003005097,SABSL,56,26,11,851.00,"9,361.00"
2020-10-20,2020102003005096,SABSL,13,16,10,852.00,"8,520.00"
2020-10-20,2020102003004958,SABSL,13,16,10,852.00,"8,520.00"
2020-10-20,2020102003005203,SADBL,26,1,400,178.00,"71,200.00"
2020-10-20,2020102003005196,SADBL,26,35,100,178.00,"17,800.00"
2020-10-20,2020102003005045,SADBL,34,14,70,177.00,"12,390.00"
2020-10-20,2020102003005044,SADBL,45,14,500,177.00,"88,500.00"
2020-10-20,2020102003005073,SAPDBL,26,6,14,166.00,"2,324.00"
2020-10-20,2020102003004756,SAPDBL,26,45,300,165.00,"49,500.00"
2020-10-20,2020102003004755,SAPDBL,43,45,400,165.00,"66,000.00"
2020-10-20,2020102003005226,SDLBSL,56,42,10,814.00,"8,140.00"
2020-10-20,2020102003005216,SDLBSL,56,32,10,814.00,"8,140.00"
2020-10-20,2020102003005204,SDLBSL,56,6,10,814.00,"8,140.00"
2020-10-20,2020102003005118,SDLBSL,56,49,10,814.00,"8,140.00"
2020-10-20,2020102003005061,SDLBSL,56,38,10,814.00,"8,140.00"
2020-10-20,2020102003004963,SFCL,11,34,100,141.00,"14,100.00"
2020-10-20,2020102003004913,SFCL,6,34,50,141.00,"7,050.00"
2020-10-20,2020102003004832,SFCL,29,28,11,140.00,"1,540.00"
2020-10-20,2020102003004754,SFCL,41,34,200,141.00,"28,200.00"
2020-10-20,2020102003004753,SFCL,49,34,40,141.00,"5,640.00"
2020-10-20,2020102003004752,SFCL,36,34,250,141.00,"35,250.00"
2020-10-20,2020102003005134,SHINE,49,38,69,262.00,"18,078.00"
2020-10-20,2020102003005038,SHINE,6,38,400,262.00,"104,800.00"
2020-10-20,2020102003005037,SHINE,47,38,40,262.00,"10,480.00"
2020-10-20,2020102003005036,SHINE,52,38,100,262.00,"26,200.00"
2020-10-20,2020102003005035,SHINE,56,38,151,262.00,"39,562.00"
2020-10-20,2020102003005201,SHL,34,28,210,188.00,"39,480.00"
2020-10-20,2020102003004793,SHL,34,25,100,188.00,"18,800.00"
2020-10-20,2020102003004792,SHL,34,26,300,188.00,"56,400.00"
2020-10-20,2020102003004791,SHL,34,8,869,188.00,"163,372.00"
2020-10-20,2020102003004790,SHL,34,33,417,188.00,"78,396.00"
2020-10-20,2020102003004789,SHL,34,8,500,188.00,"94,000.00"
2020-10-20,2020102003004788,SHL,34,52,110,188.00,"20,680.00"
2020-10-20,2020102003004787,SHL,34,41,190,188.00,"35,720.00"
2020-10-20,2020102003004786,SHL,34,58,100,187.00,"18,700.00"
2020-10-20,2020102003004785,SHL,34,45,204,187.00,"38,148.00"
2020-10-20,2020102003004784,SHL,34,37,"2,000",187.00,"374,000.00"
2020-10-20,2020102003004783,SHL,34,1,"1,000",186.00,"186,000.00"
2020-10-20,2020102003004906,SIFC,4,44,"3,000",199.00,"597,000.00"
2020-10-20,2020102003005135,SKBBL,42,6,30,"1,355.00","40,650.00"
2020-10-20,2020102003004862,SLBBL,34,55,10,845.00,"8,450.00"
2020-10-20,2020102003004795,SLBBL,56,25,30,839.00,"25,170.00"
2020-10-20,2020102003004746,SLBBL,59,25,150,839.00,"125,850.00"
2020-10-20,2020102003005043,SLBS,44,6,100,920.00,"92,000.00"
2020-10-20,2020102003005042,SLBS,59,6,10,925.00,"9,250.00"
2020-10-20,2020102003005041,SLBS,35,6,16,925.00,"14,800.00"
2020-10-20,2020102003005161,SLBSL,50,13,16,782.00,"12,512.00"
2020-10-20,2020102003004858,SLBSL,59,45,13,781.00,"10,153.00"
2020-10-20,2020102003005200,SLICL,7,6,100,613.00,"61,300.00"
2020-10-20,2020102003004940,SLICL,28,6,160,612.00,"97,920.00"
2020-10-20,2020102003004876,SLICL,28,57,340,612.00,"208,080.00"
2020-10-20,2020102003004875,SLICL,26,57,150,612.00,"91,800.00"
2020-10-20,2020102003004874,SLICL,8,57,10,612.00,"6,120.00"
2020-10-20,2020102003004800,SLICL,40,26,42,614.00,"25,788.00"
2020-10-20,2020102003005029,SMFBS,13,42,40,960.00,"38,400.00"
2020-10-20,2020102003005126,SMFDB,11,42,10,785.00,"7,850.00"
2020-10-20,2020102003005057,SMFDB,11,41,34,785.00,"26,690.00"
2020-10-20,2020102003005003,SMFDB,46,41,20,785.00,"15,700.00"
2020-10-20,2020102003005002,SMFDB,49,41,100,785.00,"78,500.00"
2020-10-20,2020102003005001,SMFDB,47,41,121,786.00,"95,106.00"
2020-10-20,2020102003005000,SMFDB,50,41,25,787.00,"19,675.00"
2020-10-20,2020102003004897,SMFDB,47,41,179,786.00,"140,694.00"
2020-10-20,2020102003004896,SMFDB,39,41,21,786.00,"16,506.00"
2020-10-20,2020102003005168,SWBBL,49,10,23,"1,229.00","28,267.00"
2020-10-20,2020102003005167,SWBBL,52,10,30,"1,230.00","36,900.00"
2020-10-20,2020102003004954,SWBBL,49,51,48,"1,229.00","58,992.00"
2020-10-20,2020102003004932,SWBBL,28,13,38,"1,228.00","46,664.00"
2020-10-20,2020102003004931,SWBBL,55,13,15,"1,228.00","18,420.00"
2020-10-20,2020102003004910,SWBBL,42,51,10,"1,229.00","12,290.00"
2020-10-20,2020102003005147,TRH,49,19,55,252.00,"13,860.00"
2020-10-20,2020102003004914,TRH,22,49,10,251.00,"2,510.00"
2020-10-20,2020102003004880,UFL,34,6,200,245.00,"49,000.00"
2020-10-20,2020102003004879,UFL,59,6,200,246.00,"49,200.00"
2020-10-20,2020102003004935,VLBS,34,57,20,924.00,"18,480.00"
2020-10-20,2020102003004934,VLBS,34,26,13,924.00,"12,012.00"
2020-10-20,2020102003004501,ALBSL,59,42,11,800.00,"8,800.00"
2020-10-20,2020102003004500,ALBSL,59,57,20,800.00,"16,000.00"
2020-10-20,2020102003004499,ALBSL,59,50,489,800.00,"391,200.00"
2020-10-20,2020102003004441,ALBSL,49,56,10,796.00,"7,960.00"
2020-10-20,2020102003004641,BFC,46,42,947,145.00,"137,315.00"
2020-10-20,2020102003004622,BFC,34,49,93,145.00,"13,485.00"
2020-10-20,2020102003004635,CBBL,45,45,10,"1,110.00","11,100.00"
2020-10-20,2020102003004281,CBBL,47,45,19,"1,110.00","21,090.00"
2020-10-20,2020102003004280,CBBL,47,45,31,"1,110.00","34,410.00"
2020-10-20,2020102003004567,CFCL,22,48,10,168.00,"1,680.00"
2020-10-20,2020102003004544,CFCL,45,22,200,167.00,"33,400.00"
2020-10-20,2020102003004543,CFCL,45,28,"1,000",167.00,"167,000.00"
2020-10-20,2020102003004542,CFCL,45,34,100,167.00,"16,700.00"
2020-10-20,2020102003004541,CFCL,45,58,50,166.00,"8,300.00"
2020-10-20,2020102003004540,CFCL,45,14,70,166.00,"11,620.00"
2020-10-20,2020102003004703,CIT,59,56,100,"3,601.00","360,100.00"
2020-10-20,2020102003004699,CIT,35,56,16,"3,600.00","57,600.00"
2020-10-20,2020102003004642,CIT,45,20,400,"3,607.00","1,442,800.00"
2020-10-20,2020102003004493,CIT,35,43,20,"3,600.00","72,000.00"
2020-10-20,2020102003004492,CIT,35,43,40,"3,600.00","144,000.00"
2020-10-20,2020102003004491,CIT,17,43,10,"3,601.00","36,010.00"
2020-10-20,2020102003004313,CIT,22,19,10,"3,606.00","36,060.00"
2020-10-20,2020102003004258,CIT,39,6,50,"3,610.00","180,500.00"
2020-10-20,2020102003004257,CIT,39,58,10,"3,610.00","36,100.00"
2020-10-20,2020102003004409,CIT,16,56,30,"3,603.00","108,090.00"
2020-10-20,2020102003004408,CIT,19,56,20,"3,604.00","72,080.00"
2020-10-20,2020102003004407,CIT,42,56,20,"3,604.00","72,080.00"
2020-10-20,2020102003004406,CIT,58,56,10,"3,604.00","36,040.00"
2020-10-20,2020102003004405,CIT,7,56,27,"3,605.00","97,335.00"
2020-10-20,2020102003004404,CIT,10,56,11,"3,605.00","39,655.00"
2020-10-20,2020102003004415,CIT,21,56,100,"3,602.00","360,200.00"
2020-10-20,2020102003004414,CIT,45,56,50,"3,602.00","180,100.00"
2020-10-20,2020102003004413,CIT,41,56,100,"3,602.00","360,200.00"
2020-10-20,2020102003004412,CIT,57,56,15,"3,602.00","54,030.00"
2020-10-20,2020102003004411,CIT,26,56,50,"3,603.00","180,150.00"
2020-10-20,2020102003004410,CIT,33,56,50,"3,603.00","180,150.00"
2020-10-20,2020102003004475,CIT,35,19,30,"3,600.00","108,000.00"
2020-10-20,2020102003004434,CIT,34,19,17,"3,601.00","61,217.00"
2020-10-20,2020102003004433,CIT,19,19,10,"3,601.00","36,010.00"
2020-10-20,2020102003004432,CIT,41,19,83,"3,601.00","298,883.00"
2020-10-20,2020102003004428,CIT,17,41,10,"3,609.00","36,090.00"
2020-10-20,2020102003004416,CIT,41,56,17,"3,601.00","61,217.00"
2020-10-20,2020102003004403,CLBSL,38,19,391,700.00,"273,700.00"
2020-10-20,2020102003004687,CORBL,26,17,60,201.00,"12,060.00"
2020-10-20,2020102003004605,CORBL,26,17,60,201.00,"12,060.00"
2020-10-20,2020102003004310,CORBL,13,17,60,205.00,"12,300.00"
2020-10-20,2020102003004271,CORBL,13,17,60,205.00,"12,300.00"
2020-10-20,2020102003004260,CORBL,13,45,80,205.00,"16,400.00"
2020-10-20,2020102003004477,DDBL,5,26,170,858.00,"145,860.00"
2020-10-20,2020102003004689,EDBL,37,56,16,307.00,"4,912.00"
2020-10-20,2020102003004682,EDBL,37,56,180,307.00,"55,260.00"
2020-10-20,2020102003004681,EDBL,45,56,20,307.00,"6,140.00"
2020-10-20,2020102003004680,EDBL,42,56,500,307.00,"153,500.00"
2020-10-20,2020102003004679,EDBL,59,56,250,307.00,"76,750.00"
2020-10-20,2020102003004678,EDBL,45,56,20,308.00,"6,160.00"
2020-10-20,2020102003004464,EDBL,51,56,50,312.00,"15,600.00"
2020-10-20,2020102003004463,EDBL,33,56,150,313.00,"46,950.00"
2020-10-20,2020102003004462,EDBL,36,56,20,313.00,"6,260.00"
2020-10-20,2020102003004447,EDBL,25,56,14,314.00,"4,396.00"
2020-10-20,2020102003004446,EDBL,34,56,60,315.00,"18,900.00"
2020-10-20,2020102003004468,EDBL,28,56,100,312.00,"31,200.00"
2020-10-20,2020102003004467,EDBL,16,56,100,312.00,"31,200.00"
2020-10-20,2020102003004466,EDBL,1,56,100,312.00,"31,200.00"
2020-10-20,2020102003004465,EDBL,14,56,100,312.00,"31,200.00"
2020-10-20,2020102003004643,FMDBL,49,34,500,575.00,"287,500.00"
2020-10-20,2020102003004608,FMDBL,49,6,500,575.00,"287,500.00"
2020-10-20,2020102003004607,FMDBL,8,6,10,576.00,"5,760.00"
2020-10-20,2020102003004359,FMDBL,57,43,20,577.00,"11,540.00"
2020-10-20,2020102003004255,FMDBL,49,34,484,576.00,"278,784.00"
2020-10-20,2020102003004715,GBBL,48,33,540,265.00,"143,100.00"
2020-10-20,2020102003004714,GBBL,48,59,"1,000",265.00,"265,000.00"
2020-10-20,2020102003004713,GBBL,48,42,50,265.00,"13,250.00"
2020-10-20,2020102003004712,GBBL,48,48,"1,209",265.00,"320,385.00"
2020-10-20,2020102003004711,GBBL,48,6,125,265.00,"33,125.00"
2020-10-20,2020102003004710,GBBL,48,39,76,265.00,"20,140.00"
2020-10-20,2020102003004701,GBBL,47,39,224,265.00,"59,360.00"
2020-10-20,2020102003004700,GBBL,47,39,76,265.00,"20,140.00"
2020-10-20,2020102003004478,GBBL,56,45,720,264.00,"190,080.00"
2020-10-20,2020102003004474,GBBL,57,45,10,264.00,"2,640.00"
2020-10-20,2020102003004397,GBBL,52,45,50,264.00,"13,200.00"
2020-10-20,2020102003004708,GBLBS,34,42,15,517.00,"7,755.00"
2020-10-20,2020102003004494,GBLBS,10,7,15,518.00,"7,770.00"
2020-10-20,2020102003004452,GBLBS,11,16,200,522.00,"104,400.00"
2020-10-20,2020102003004308,GBLBS,17,44,"2,000",521.00,"1,042,000.00"
2020-10-20,2020102003004307,GBLBS,17,41,100,520.00,"52,000.00"
2020-10-20,2020102003004306,GBLBS,17,47,50,520.00,"26,000.00"
2020-10-20,2020102003004244,GBLBS,10,43,15,518.00,"7,770.00"
2020-10-20,2020102003004628,GFCL,58,37,489,193.00,"94,377.00"
2020-10-20,2020102003004335,GFCL,41,37,880,193.00,"169,840.00"
2020-10-20,2020102003004334,GFCL,41,57,50,193.00,"9,650.00"
2020-10-20,2020102003004333,GFCL,41,55,70,193.00,"13,510.00"
2020-10-20,2020102003004504,GLBSL,16,50,14,708.00,"9,912.00"
2020-10-20,2020102003004691,GLICL,16,53,100,625.00,"62,500.00"
2020-10-20,2020102003004648,GLICL,16,57,20,625.00,"12,500.00"
2020-10-20,2020102003004563,GLICL,16,26,121,623.00,"75,383.00"
2020-10-20,2020102003004562,GLICL,48,26,550,623.00,"342,650.00"
2020-10-20,2020102003004561,GLICL,49,26,50,623.00,"31,150.00"
2020-10-20,2020102003004560,GLICL,16,26,110,623.00,"68,530.00"
2020-10-20,2020102003004247,GLICL,47,3,160,625.00,"100,000.00"
2020-10-20,2020102003004246,GLICL,16,3,80,625.00,"50,000.00"
2020-10-20,2020102003004490,GLICL,42,57,50,625.00,"31,250.00"
2020-10-20,2020102003004473,GLICL,42,5,146,625.00,"91,250.00"
2020-10-20,2020102003004251,GLICL,42,3,45,625.00,"28,125.00"
2020-10-20,2020102003004250,GLICL,42,3,80,625.00,"50,000.00"
2020-10-20,2020102003004249,GLICL,40,3,20,625.00,"12,500.00"
2020-10-20,2020102003004248,GLICL,42,3,15,625.00,"9,375.00"
2020-10-20,2020102003004559,GLICL,16,26,317,624.00,"197,808.00"
2020-10-20,2020102003004558,GLICL,54,26,50,625.00,"31,250.00"
2020-10-20,2020102003004557,GLICL,45,26,200,625.00,"125,000.00"
2020-10-20,2020102003004556,GLICL,57,26,33,625.00,"20,625.00"
2020-10-20,2020102003004555,GLICL,36,26,10,625.00,"6,250.00"
2020-10-20,2020102003004554,GLICL,42,26,59,625.00,"36,875.00"
