Date,Transact. No.,Symbol,Buyer,Seller,Quantity,Rate,Amount
2020-07-06,2020070601017117,ADBL,29,29,5,360.00,"1,800.00"
2020-07-06,2020070601016886,ADBL,25,14,741,365.00,"270,465.00"
2020-07-06,2020070601016885,ADBL,25,49,105,365.00,"38,325.00"
2020-07-06,2020070601016977,AHPC,36,52,500,95.00,"47,500.00"
2020-07-06,2020070601016976,AHPC,36,33,235,95.00,"22,325.00"
2020-07-06,2020070601016970,AHPC,17,33,50,95.00,"4,750.00"
2020-07-06,2020070601017314,ALICL,45,8,200,581.00,"116,200.00"
2020-07-06,2020070601017259,ALICL,26,33,173,589.00,"101,897.00"
2020-07-06,2020070601017175,ALICL,26,32,500,589.00,"294,500.00"
2020-07-06,2020070601017174,ALICL,26,11,20,586.00,"11,720.00"
2020-07-06,2020070601017173,ALICL,26,22,400,585.00,"234,000.00"
2020-07-06,2020070601017172,ALICL,26,57,50,585.00,"29,250.00"
2020-07-06,2020070601017165,ALICL,26,32,20,583.00,"11,660.00"
2020-07-06,2020070601017171,ALICL,26,38,100,585.00,"58,500.00"
2020-07-06,2020070601017170,ALICL,26,51,50,585.00,"29,250.00"
2020-07-06,2020070601017169,ALICL,26,10,50,585.00,"29,250.00"
2020-07-06,2020070601017168,ALICL,26,41,20,585.00,"11,700.00"
2020-07-06,2020070601017167,ALICL,26,34,100,584.00,"58,400.00"
2020-07-06,2020070601017166,ALICL,26,17,17,584.00,"9,928.00"
2020-07-06,2020070601017184,API,25,56,17,109.00,"1,853.00"
2020-07-06,2020070601017183,API,25,45,200,108.00,"21,600.00"
2020-07-06,2020070601017123,API,37,25,"1,681",107.00,"179,867.00"
2020-07-06,2020070601016979,API,37,58,190,107.00,"20,330.00"
2020-07-06,2020070601016963,API,45,25,30,108.00,"3,240.00"
2020-07-06,2020070601017263,BOKL,14,44,10,214.00,"2,140.00"
2020-07-06,2020070601017262,BOKL,14,37,16,213.00,"3,408.00"
2020-07-06,2020070601017181,BOKL,18,33,26,212.00,"5,512.00"
2020-07-06,2020070601017180,BOKL,18,57,341,212.00,"72,292.00"
2020-07-06,2020070601017179,BOKL,18,57,273,212.00,"57,876.00"
2020-07-06,2020070601017163,BOKL,46,57,10,212.00,"2,120.00"
2020-07-06,2020070601017142,BOKL,18,32,400,211.00,"84,400.00"
2020-07-06,2020070601017195,BPCL,58,36,10,345.00,"3,450.00"
2020-07-06,2020070601016910,CBBL,33,13,500,"1,000.00","500,000.00"
2020-07-06,2020070601016909,CBBL,33,58,100,999.00,"99,900.00"
2020-07-06,2020070601016908,CBBL,33,5,300,999.00,"299,700.00"
2020-07-06,2020070601016907,CBBL,33,32,20,998.00,"19,960.00"
2020-07-06,2020070601017256,CCBL,6,20,469,163.00,"76,447.00"
2020-07-06,2020070601017005,CCBL,6,45,31,163.00,"5,053.00"
2020-07-06,2020070601017027,CFCL,36,45,"1,000",118.00,"118,000.00"
2020-07-06,2020070601017322,CHCL,53,44,20,375.00,"7,500.00"
2020-07-06,2020070601017280,CHL,59,36,10,80.00,800.00
2020-07-06,2020070601017344,CIT,43,41,22,"2,467.00","54,274.00"
2020-07-06,2020070601017285,CIT,43,7,90,"2,465.00","221,850.00"
2020-07-06,2020070601017284,CIT,34,7,10,"2,465.00","24,650.00"
2020-07-06,2020070601017185,CIT,56,14,20,"2,465.00","49,300.00"
2020-07-06,2020070601017013,CIT,33,18,100,"2,465.00","246,500.00"
2020-07-06,2020070601017056,CLBSL,58,36,11,629.00,"6,919.00"
2020-07-06,2020070601017055,CLBSL,58,14,11,624.00,"6,864.00"
2020-07-06,2020070601017054,CLBSL,58,57,11,620.00,"6,820.00"
2020-07-06,2020070601017029,CLBSL,19,13,10,620.00,"6,200.00"
2020-07-06,2020070601017053,CZBIL,20,56,100,187.00,"18,700.00"
2020-07-06,2020070601017250,DDBL,35,36,100,817.00,"81,700.00"
2020-07-06,2020070601017145,DDBL,38,37,100,815.00,"81,500.00"
2020-07-06,2020070601017144,DDBL,38,37,200,815.00,"163,000.00"
2020-07-06,2020070601016953,DDBL,25,34,50,810.00,"40,500.00"
2020-07-06,2020070601016952,DDBL,25,20,300,810.00,"243,000.00"
2020-07-06,2020070601016951,DDBL,25,32,10,809.00,"8,090.00"
2020-07-06,2020070601017360,EBL,44,6,155,640.00,"99,200.00"
2020-07-06,2020070601017359,EBL,37,6,125,640.00,"80,000.00"
2020-07-06,2020070601017221,EBL,37,26,25,640.00,"16,000.00"
2020-07-06,2020070601017220,EBL,37,28,50,640.00,"32,000.00"
2020-07-06,2020070601017238,EIC,56,57,74,390.00,"28,860.00"
2020-07-06,2020070601017237,EIC,56,22,426,390.00,"166,140.00"
2020-07-06,2020070601017159,EIC,35,22,674,390.00,"262,860.00"
2020-07-06,2020070601017115,EIC,35,35,600,390.00,"234,000.00"
2020-07-06,2020070601017014,EIC,35,8,100,390.00,"39,000.00"
2020-07-06,2020070601016950,EIC,35,32,100,390.00,"39,000.00"
2020-07-06,2020070601017189,FMDBL,44,50,500,462.00,"231,000.00"
2020-07-06,2020070601016994,FMDBL,44,42,50,462.00,"23,100.00"
2020-07-06,2020070601016993,FMDBL,44,40,400,462.00,"184,800.00"
2020-07-06,2020070601016992,FMDBL,44,39,200,462.00,"92,400.00"
2020-07-06,2020070601016991,FMDBL,44,36,432,462.00,"199,584.00"
2020-07-06,2020070601016990,FMDBL,44,6,100,462.00,"46,200.00"
2020-07-06,2020070601016943,FMDBL,35,6,100,462.00,"46,200.00"
2020-07-06,2020070601016917,FMDBL,6,48,30,456.00,"13,680.00"
2020-07-06,2020070601017375,FOWAD,28,53,10,"1,528.00","15,280.00"
2020-07-06,2020070601017062,FOWAD,28,19,20,"1,499.00","29,980.00"
2020-07-06,2020070601017061,FOWAD,28,45,20,"1,499.00","29,980.00"
2020-07-06,2020070601017038,FOWAD,28,16,19,"1,498.00","28,462.00"
2020-07-06,2020070601017085,GBIME,58,44,10,241.00,"2,410.00"
2020-07-06,2020070601017043,GBIME,8,44,454,241.00,"109,414.00"
2020-07-06,2020070601017042,GBIME,8,40,546,241.00,"131,586.00"
2020-07-06,2020070601017041,GBIME,8,34,500,240.00,"120,000.00"
2020-07-06,2020070601017365,GBLBS,16,40,10,469.00,"4,690.00"
2020-07-06,2020070601017065,GBLBS,16,42,100,460.00,"46,000.00"
2020-07-06,2020070601017021,GBLBS,16,25,100,460.00,"46,000.00"
2020-07-06,2020070601016934,GBLBS,58,36,500,451.00,"225,500.00"
2020-07-06,2020070601016933,GBLBS,58,55,100,451.00,"45,100.00"
2020-07-06,2020070601016932,GBLBS,58,28,400,451.00,"180,400.00"
2020-07-06,2020070601016925,GBLBS,58,1,15,441.00,"6,615.00"
2020-07-06,2020070601016931,GBLBS,58,40,400,449.00,"179,600.00"
2020-07-06,2020070601016930,GBLBS,58,45,15,445.00,"6,675.00"
2020-07-06,2020070601016929,GBLBS,58,33,15,443.00,"6,645.00"
2020-07-06,2020070601016928,GBLBS,58,17,28,443.00,"12,404.00"
2020-07-06,2020070601016927,GBLBS,58,6,165,443.00,"73,095.00"
2020-07-06,2020070601016926,GBLBS,58,11,500,442.00,"221,000.00"
2020-07-06,2020070601017381,GGBSL,45,17,10,748.00,"7,480.00"
2020-07-06,2020070601016920,GGBSL,21,3,10,735.00,"7,350.00"
2020-07-06,2020070601016919,GGBSL,21,58,10,735.00,"7,350.00"
2020-07-06,2020070601016918,GGBSL,21,17,10,735.00,"7,350.00"
2020-07-06,2020070601017084,GILB,34,46,110,"1,320.00","145,200.00"
2020-07-06,2020070601017083,GILB,34,38,11,"1,320.00","14,520.00"
2020-07-06,2020070601016938,GILB,51,38,10,"1,297.00","12,970.00"
2020-07-06,2020070601017319,GLICL,58,40,36,469.00,"16,884.00"
2020-07-06,2020070601017318,GLICL,58,34,20,465.00,"9,300.00"
2020-07-06,2020070601017317,GLICL,58,45,50,463.00,"23,150.00"
2020-07-06,2020070601017316,GLICL,58,17,44,462.00,"20,328.00"
2020-07-06,2020070601017315,GLICL,58,32,50,461.00,"23,050.00"
2020-07-06,2020070601017236,GLICL,58,34,900,460.00,"414,000.00"
2020-07-06,2020070601017235,GLICL,58,42,19,460.00,"8,740.00"
2020-07-06,2020070601017234,GLICL,58,32,50,459.00,"22,950.00"
2020-07-06,2020070601017233,GLICL,58,35,178,459.00,"81,702.00"
2020-07-06,2020070601017098,GMFBS,16,14,10,758.00,"7,580.00"
2020-07-06,2020070601017295,GUFL,45,32,10,113.00,"1,130.00"
2020-07-06,2020070601017153,HBL,35,5,116,516.00,"59,856.00"
2020-07-06,2020070601017152,HBL,41,5,50,519.00,"25,950.00"
2020-07-06,2020070601017051,HBL,41,5,500,519.00,"259,500.00"
2020-07-06,2020070601017050,HBL,41,32,450,518.00,"233,100.00"
2020-07-06,2020070601017379,HDL,57,45,350,"1,495.00","523,250.00"
2020-07-06,2020070601017378,HDL,38,45,15,"1,495.00","22,425.00"
2020-07-06,2020070601017377,HDL,46,45,85,"1,496.00","127,160.00"
2020-07-06,2020070601017376,HDL,32,45,50,"1,497.00","74,850.00"
2020-07-06,2020070601017326,HDL,53,26,10,"1,498.00","14,980.00"
2020-07-06,2020070601017297,HDL,19,26,10,"1,498.00","14,980.00"
2020-07-06,2020070601016946,HDL,45,58,50,"1,510.00","75,500.00"
2020-07-06,2020070601016944,HDL,45,4,14,"1,510.00","21,140.00"
2020-07-06,2020070601017011,HDL,21,26,50,"1,500.00","75,000.00"
2020-07-06,2020070601017010,HDL,44,26,89,"1,505.00","133,945.00"
2020-07-06,2020070601016974,HDL,44,40,344,"1,505.00","517,720.00"
2020-07-06,2020070601016973,HDL,25,40,100,"1,508.00","150,800.00"
2020-07-06,2020070601016972,HDL,19,40,20,"1,510.00","30,200.00"
2020-07-06,2020070601016971,HDL,45,40,36,"1,510.00","54,360.00"
2020-07-06,2020070601017296,HDL,25,26,20,"1,498.00","29,960.00"
2020-07-06,2020070601017272,HDL,25,11,20,"1,498.00","29,960.00"
2020-07-06,2020070601017208,HDL,25,11,10,"1,498.00","14,980.00"
2020-07-06,2020070601017193,HDL,38,26,79,"1,500.00","118,500.00"
2020-07-06,2020070601017030,HDL,38,4,10,"1,500.00","15,000.00"
2020-07-06,2020070601017012,HDL,38,26,11,"1,500.00","16,500.00"
2020-07-06,2020070601016942,HGI,57,50,150,351.00,"52,650.00"
2020-07-06,2020070601016941,HGI,57,11,30,351.00,"10,530.00"
2020-07-06,2020070601016940,HGI,57,17,200,351.00,"70,200.00"
2020-07-06,2020070601016939,HGI,57,7,50,351.00,"17,550.00"
2020-07-06,2020070601017114,HIDCL,45,42,200,128.00,"25,600.00"
2020-07-06,2020070601016961,HURJA,6,37,20,87.00,"1,740.00"
2020-07-06,2020070601017325,ILBS,55,35,19,701.00,"13,319.00"
2020-07-06,2020070601017006,ILBS,55,1,11,701.00,"7,711.00"
2020-07-06,2020070601017073,JBBL,10,17,50,163.00,"8,150.00"
2020-07-06,2020070601017072,JBBL,10,17,500,163.00,"81,500.00"
2020-07-06,2020070601017071,JBBL,10,26,19,163.00,"3,097.00"
2020-07-06,2020070601017070,JBBL,10,47,35,163.00,"5,705.00"
2020-07-06,2020070601017069,JBBL,10,47,20,163.00,"3,260.00"
2020-07-06,2020070601017068,JBBL,10,47,67,163.00,"10,921.00"
2020-07-06,2020070601017067,JBBL,10,34,25,163.00,"4,075.00"
2020-07-06,2020070601017066,JBBL,10,58,200,162.00,"32,400.00"
2020-07-06,2020070601016980,JBBL,21,36,184,161.00,"29,624.00"
2020-07-06,2020070601017329,JSLBB,26,11,10,"1,610.00","16,100.00"
2020-07-06,2020070601017328,JSLBB,26,39,12,"1,609.00","19,308.00"
2020-07-06,2020070601017248,JSLBB,26,25,100,"1,608.00","160,800.00"
2020-07-06,2020070601017134,JSLBB,38,39,17,"1,608.00","27,336.00"
2020-07-06,2020070601017133,JSLBB,38,48,52,"1,600.00","83,200.00"
2020-07-06,2020070601017132,JSLBB,38,55,50,"1,600.00","80,000.00"
2020-07-06,2020070601017131,JSLBB,38,37,181,"1,599.00","289,419.00"
2020-07-06,2020070601017004,JSLBB,36,37,19,"1,599.00","30,381.00"
2020-07-06,2020070601017003,JSLBB,36,52,46,"1,599.00","73,554.00"
2020-07-06,2020070601017321,KBL,33,20,10,184.00,"1,840.00"
2020-07-06,2020070601017026,KBL,6,58,67,185.00,"12,395.00"
2020-07-06,2020070601017025,KBL,6,28,33,185.00,"6,105.00"
2020-07-06,2020070601017206,KMCDB,49,52,20,760.00,"15,200.00"
2020-07-06,2020070601017205,KMCDB,49,52,90,760.00,"68,400.00"
2020-07-06,2020070601017204,KMCDB,49,40,10,759.00,"7,590.00"
2020-07-06,2020070601017203,KMCDB,49,40,80,753.00,"60,240.00"
2020-07-06,2020070601017104,KMCDB,7,40,10,753.00,"7,530.00"
2020-07-06,2020070601017103,KMCDB,7,48,10,738.00,"7,380.00"
2020-07-06,2020070601017309,KPCL,25,56,10,106.00,"1,060.00"
2020-07-06,2020070601017308,KPCL,25,52,10,105.00,"1,050.00"
2020-07-06,2020070601017307,KPCL,25,58,10,103.00,"1,030.00"
2020-07-06,2020070601017306,KPCL,25,42,10,103.00,"1,030.00"
2020-07-06,2020070601017305,KPCL,25,45,10,103.00,"1,030.00"
2020-07-06,2020070601017304,KPCL,25,39,60,102.00,"6,120.00"
2020-07-06,2020070601017035,KPCL,17,4,10,100.00,"1,000.00"
2020-07-06,2020070601017034,KPCL,17,37,10,100.00,"1,000.00"
2020-07-06,2020070601017033,KPCL,17,8,10,100.00,"1,000.00"
2020-07-06,2020070601017032,KPCL,17,1,10,100.00,"1,000.00"
2020-07-06,2020070601017036,KPCL,17,8,10,100.00,"1,000.00"
2020-07-06,2020070601017303,KPCL,25,25,10,102.00,"1,020.00"
2020-07-06,2020070601017302,KPCL,25,28,10,102.00,"1,020.00"
2020-07-06,2020070601017301,KPCL,25,42,10,102.00,"1,020.00"
2020-07-06,2020070601017300,KPCL,25,38,10,101.00,"1,010.00"
2020-07-06,2020070601017299,KPCL,25,43,10,101.00,"1,010.00"
2020-07-06,2020070601017298,KPCL,25,43,10,101.00,"1,010.00"
2020-07-06,2020070601017251,KRBL,38,45,62,99.00,"6,138.00"
2020-07-06,2020070601017265,LBBL,53,44,250,175.00,"43,750.00"
2020-07-06,2020070601017141,LBBL,43,44,50,175.00,"8,750.00"
2020-07-06,2020070601017247,LBL,6,20,750,204.00,"153,000.00"
2020-07-06,2020070601017161,LBL,6,44,"1,500",204.00,"306,000.00"
2020-07-06,2020070601017160,LBL,6,14,250,204.00,"51,000.00"
2020-07-06,2020070601017156,LBL,16,14,162,201.00,"32,562.00"
2020-07-06,2020070601017155,LBL,14,14,201,201.00,"40,401.00"
2020-07-06,2020070601017154,LBL,34,14,437,201.00,"87,837.00"
2020-07-06,2020070601017340,LEMF,26,55,100,7.65,765.00
2020-07-06,2020070601017373,LICN,44,28,602,"1,290.00","776,580.00"
2020-07-06,2020070601017197,LICN,33,28,60,"1,290.00","77,400.00"
2020-07-06,2020070601017196,LICN,33,57,100,"1,289.00","128,900.00"
2020-07-06,2020070601017330,MBL,46,39,100,221.00,"22,100.00"
2020-07-06,2020070601017109,MBL,14,39,95,221.00,"20,995.00"
2020-07-06,2020070601017102,MBL,33,39,10,221.00,"2,210.00"
2020-07-06,2020070601017077,MBL,6,43,50,220.00,"11,000.00"
2020-07-06,2020070601017076,MBL,6,57,439,220.00,"96,580.00"
2020-07-06,2020070601017286,MEGA,50,57,200,204.00,"40,800.00"
2020-07-06,2020070601017240,MEGA,58,47,10,203.00,"2,030.00"
2020-07-06,2020070601017177,MEGA,42,57,300,204.00,"61,200.00"
2020-07-06,2020070601016924,MEGA,13,57,210,204.00,"42,840.00"
2020-07-06,2020070601016923,MEGA,13,5,100,204.00,"20,400.00"
2020-07-06,2020070601016922,MEGA,13,52,90,204.00,"18,360.00"
2020-07-06,2020070601017351,MFIL,6,1,10,260.00,"2,600.00"
2020-07-06,2020070601017313,MFIL,6,34,50,257.00,"12,850.00"
2020-07-06,2020070601017082,MFIL,18,45,"1,000",256.00,"256,000.00"
2020-07-06,2020070601017081,MFIL,18,25,500,256.00,"128,000.00"
2020-07-06,2020070601017080,MFIL,18,43,150,256.00,"38,400.00"
2020-07-06,2020070601016999,MHNL,17,38,10,87.00,870.00
2020-07-06,2020070601016998,MHNL,17,39,40,87.00,"3,480.00"
2020-07-06,2020070601017176,MNBBL,56,55,950,303.00,"287,850.00"
2020-07-06,2020070601017040,MNBBL,25,55,50,303.00,"15,150.00"
2020-07-06,2020070601016986,MNBBL,4,32,25,300.00,"7,500.00"
2020-07-06,2020070601016985,MNBBL,10,32,25,300.00,"7,500.00"
2020-07-06,2020070601016896,MNBBL,45,8,55,301.00,"16,555.00"
2020-07-06,2020070601016895,MNBBL,8,8,"1,000",302.00,"302,000.00"
2020-07-06,2020070601016894,MNBBL,58,8,324,302.00,"97,848.00"
2020-07-06,2020070601016893,MNBBL,6,8,50,303.00,"15,150.00"
2020-07-06,2020070601016892,MNBBL,57,8,456,303.00,"138,168.00"
2020-07-06,2020070601016891,MNBBL,45,8,190,303.00,"57,570.00"
2020-07-06,2020070601016902,MNBBL,10,8,25,300.00,"7,500.00"
2020-07-06,2020070601016901,MNBBL,46,8,200,300.00,"60,000.00"
2020-07-06,2020070601016900,MNBBL,38,8,100,300.00,"30,000.00"
2020-07-06,2020070601016899,MNBBL,28,8,100,300.00,"30,000.00"
2020-07-06,2020070601016898,MNBBL,8,8,500,300.00,"150,000.00"
2020-07-06,2020070601016897,MNBBL,45,8,"1,000",301.00,"301,000.00"
2020-07-06,2020070601017374,NABIL,40,25,500,737.00,"368,500.00"
2020-07-06,2020070601017261,NABIL,34,25,10,737.00,"7,370.00"
2020-07-06,2020070601017140,NABIL,37,33,100,732.00,"73,200.00"
2020-07-06,2020070601017078,NABIL,50,33,100,732.00,"73,200.00"
2020-07-06,2020070601017015,NABIL,34,25,10,737.00,"7,370.00"
2020-07-06,2020070601016945,NABIL,58,50,200,731.00,"146,200.00"
2020-07-06,2020070601017343,NADEP,52,34,20,572.00,"11,440.00"
2020-07-06,2020070601017252,NADEP,52,43,200,572.00,"114,400.00"
2020-07-06,2020070601017278,NBB,44,57,500,190.00,"95,000.00"
2020-07-06,2020070601017277,NBB,44,13,"1,000",190.00,"190,000.00"
2020-07-06,2020070601017243,NBB,44,34,"1,468",189.00,"277,452.00"
2020-07-06,2020070601017162,NBB,11,34,150,189.00,"28,350.00"
2020-07-06,2020070601017136,NBB,36,34,50,189.00,"9,450.00"
2020-07-06,2020070601017135,NBB,45,34,480,189.00,"90,720.00"
2020-07-06,2020070601016903,NBB,45,25,20,189.00,"3,780.00"
2020-07-06,2020070601017383,NBL,33,39,100,244.00,"24,400.00"
2020-07-06,2020070601017260,NBL,33,28,158,243.00,"38,394.00"
2020-07-06,2020070601017202,NBL,33,28,500,243.00,"121,500.00"
2020-07-06,2020070601017201,NBL,43,28,700,243.00,"170,100.00"
2020-07-06,2020070601017151,NBL,43,44,300,243.00,"72,900.00"
2020-07-06,2020070601017137,NBL,33,44,500,243.00,"121,500.00"
2020-07-06,2020070601016989,NBL,33,39,25,244.00,"6,100.00"
2020-07-06,2020070601016988,NBL,33,55,75,243.00,"18,225.00"
2020-07-06,2020070601016906,NBL,58,39,350,244.00,"85,400.00"
2020-07-06,2020070601016905,NBL,58,29,"1,150",244.00,"280,600.00"
2020-07-06,2020070601016888,NBL,33,19,500,243.00,"121,500.00"
2020-07-06,2020070601017293,NCCB,58,42,10,182.00,"1,820.00"
2020-07-06,2020070601017292,NCCB,58,11,285,181.00,"51,585.00"
2020-07-06,2020070601017291,NCCB,58,29,18,181.00,"3,258.00"
2020-07-06,2020070601017290,NCCB,58,46,300,181.00,"54,300.00"
2020-07-06,2020070601017289,NCCB,58,58,390,181.00,"70,590.00"
2020-07-06,2020070601017214,NCCB,33,58,10,181.00,"1,810.00"
2020-07-06,2020070601017129,NCCB,58,57,"1,000",180.00,"180,000.00"
2020-07-06,2020070601017128,NCCB,58,44,303,180.00,"54,540.00"
2020-07-06,2020070601017127,NCCB,58,22,61,180.00,"10,980.00"
2020-07-06,2020070601017126,NCCB,58,44,254,180.00,"45,720.00"
2020-07-06,2020070601017125,NCCB,58,51,500,180.00,"90,000.00"
2020-07-06,2020070601017124,NCCB,58,25,970,180.00,"174,600.00"
2020-07-06,2020070601017355,NHPC,58,56,"1,100",53.00,"58,300.00"
2020-07-06,2020070601017354,NHPC,58,38,"1,000",53.00,"53,000.00"
2020-07-06,2020070601017353,NHPC,58,11,900,53.00,"47,700.00"
2020-07-06,2020070601017372,NIB,8,33,100,439.00,"43,900.00"
2020-07-06,2020070601017327,NIB,28,33,36,439.00,"15,804.00"
2020-07-06,2020070601017242,NIB,28,38,44,438.00,"19,272.00"
2020-07-06,2020070601017229,NIB,14,33,30,439.00,"13,170.00"
2020-07-06,2020070601017046,NIB,45,45,18,439.00,"7,902.00"
2020-07-06,2020070601016921,NIB,45,45,30,439.00,"13,170.00"
2020-07-06,2020070601017358,NIBPO,58,44,99,360.00,"35,640.00"
2020-07-06,2020070601017320,NICA,45,6,850,499.00,"424,150.00"
2020-07-06,2020070601017198,NICA,14,6,100,499.00,"49,900.00"
2020-07-06,2020070601017108,NICA,55,6,50,499.00,"24,950.00"
2020-07-06,2020070601017107,NICA,55,28,950,499.00,"474,050.00"
2020-07-06,2020070601016978,NICL,49,5,100,396.00,"39,600.00"
2020-07-06,2020070601017255,NIL,33,35,100,560.00,"56,000.00"
2020-07-06,2020070601017254,NIL,33,45,10,560.00,"5,600.00"
2020-07-06,2020070601017253,NIL,33,45,10,560.00,"5,600.00"
2020-07-06,2020070601017244,NIL,41,50,10,560.00,"5,600.00"
2020-07-06,2020070601017341,NLBBL,26,41,20,659.00,"13,180.00"
2020-07-06,2020070601017052,NLG,52,11,92,589.00,"54,188.00"
2020-07-06,2020070601017368,NLIC,28,1,100,"1,208.00","120,800.00"
2020-07-06,2020070601017276,NLIC,28,1,104,"1,208.00","125,632.00"
2020-07-06,2020070601017264,NLIC,28,19,36,"1,208.00","43,488.00"
2020-07-06,2020070601017217,NLIC,28,49,50,"1,208.00","60,400.00"
2020-07-06,2020070601017143,NLIC,34,45,350,"1,209.00","423,150.00"
2020-07-06,2020070601017130,NLIC,28,34,10,"1,208.00","12,080.00"
2020-07-06,2020070601017089,NLIC,56,33,200,"1,207.00","241,400.00"
2020-07-06,2020070601017045,NLIC,35,41,22,"1,206.00","26,532.00"
2020-07-06,2020070601016984,NLIC,50,50,192,"1,207.00","231,744.00"
2020-07-06,2020070601016983,NLIC,50,54,308,"1,207.00","371,756.00"
2020-07-06,2020070601016935,NLIC,54,54,192,"1,207.00","231,744.00"
2020-07-06,2020070601017339,NLICL,18,8,100,648.00,"64,800.00"
2020-07-06,2020070601017331,NLICL,45,8,100,654.00,"65,400.00"
2020-07-06,2020070601017230,NLICL,29,8,20,654.00,"13,080.00"
2020-07-06,2020070601017194,NLICL,57,8,300,648.00,"194,400.00"
2020-07-06,2020070601017119,NLICL,57,8,500,650.00,"325,000.00"
2020-07-06,2020070601017063,NLICL,57,45,10,650.00,"6,500.00"
2020-07-06,2020070601016955,NLICL,35,8,51,654.00,"33,354.00"
2020-07-06,2020070601016954,NLICL,35,8,300,654.00,"196,200.00"
2020-07-06,2020070601016887,NLICL,26,8,525,650.00,"341,250.00"
2020-07-06,2020070601017367,NMB,56,26,110,381.00,"41,910.00"
2020-07-06,2020070601017366,NMB,56,52,100,381.00,"38,100.00"
2020-07-06,2020070601017288,NMB,56,22,163,380.00,"61,940.00"
2020-07-06,2020070601017287,NMB,44,22,26,380.00,"9,880.00"
2020-07-06,2020070601017225,NMB,56,14,"1,000",381.00,"381,000.00"
2020-07-06,2020070601017224,NMB,56,36,211,381.00,"80,391.00"
2020-07-06,2020070601017100,NMB,56,17,50,380.00,"19,000.00"
2020-07-06,2020070601017039,NMB,17,43,30,381.00,"11,430.00"
2020-07-06,2020070601016982,NMB,56,35,150,380.00,"57,000.00"
2020-07-06,2020070601016981,NMB,6,35,50,380.00,"19,000.00"
2020-07-06,2020070601017223,NMB,56,43,20,381.00,"7,620.00"
2020-07-06,2020070601017188,NMB,21,43,200,381.00,"76,200.00"
2020-07-06,2020070601017187,NMB,21,19,100,380.00,"38,000.00"
2020-07-06,2020070601017150,NMB,44,47,55,380.00,"20,900.00"
2020-07-06,2020070601017122,NMB,44,49,50,380.00,"19,000.00"
2020-07-06,2020070601017101,NMB,44,17,69,380.00,"26,220.00"
2020-07-06,2020070601017257,NMBMF,53,5,14,700.00,"9,800.00"
2020-07-06,2020070601017087,NMBMF,4,5,486,700.00,"340,200.00"
2020-07-06,2020070601017086,NMBMF,4,18,14,699.00,"9,786.00"
2020-07-06,2020070601016890,NMBMF,34,18,100,699.00,"69,900.00"
2020-07-06,2020070601016889,NMBMF,17,18,200,699.00,"139,800.00"
2020-07-06,2020070601017361,NRIC,13,11,40,440.00,"17,600.00"
2020-07-06,2020070601017283,NRIC,6,11,50,440.00,"22,000.00"
2020-07-06,2020070601017275,NRIC,6,59,20,440.00,"8,800.00"
2020-07-06,2020070601017226,NRIC,6,11,40,440.00,"17,600.00"
2020-07-06,2020070601017212,NRIC,6,59,40,440.00,"17,600.00"
2020-07-06,2020070601017178,NRIC,6,32,20,440.00,"8,800.00"
2020-07-06,2020070601016966,NRIC,44,48,50,440.00,"22,000.00"
2020-07-06,2020070601016964,NRIC,44,26,40,440.00,"17,600.00"
2020-07-06,2020070601016962,NRIC,44,57,50,440.00,"22,000.00"
2020-07-06,2020070601016936,NRIC,44,52,50,440.00,"22,000.00"
2020-07-06,2020070601016915,NRIC,44,57,40,440.00,"17,600.00"
2020-07-06,2020070601017023,NRIC,44,1,40,440.00,"17,600.00"
2020-07-06,2020070601017022,NRIC,44,52,10,440.00,"4,400.00"
2020-07-06,2020070601017016,NRIC,44,56,40,440.00,"17,600.00"
2020-07-06,2020070601017002,NRIC,44,37,40,440.00,"17,600.00"
2020-07-06,2020070601016987,NRIC,44,57,40,440.00,"17,600.00"
2020-07-06,2020070601016975,NRIC,44,41,40,440.00,"17,600.00"
2020-07-06,2020070601017064,NRIC,49,37,50,440.00,"22,000.00"
2020-07-06,2020070601017049,NRIC,49,45,20,440.00,"8,800.00"
2020-07-06,2020070601017048,NRIC,44,45,20,440.00,"8,800.00"
2020-07-06,2020070601017044,NRIC,44,11,40,440.00,"17,600.00"
2020-07-06,2020070601017037,NRIC,44,37,40,440.00,"17,600.00"
2020-07-06,2020070601017024,NRIC,44,22,40,440.00,"17,600.00"
2020-07-06,2020070601017149,NRIC,6,59,50,440.00,"22,000.00"
2020-07-06,2020070601017138,NRIC,6,11,40,440.00,"17,600.00"
2020-07-06,2020070601017105,NRIC,6,37,40,440.00,"17,600.00"
2020-07-06,2020070601017097,NRIC,49,41,50,440.00,"22,000.00"
2020-07-06,2020070601017088,NRIC,49,11,40,440.00,"17,600.00"
2020-07-06,2020070601017079,NRIC,49,59,40,440.00,"17,600.00"
2020-07-06,2020070601017216,NSEWA,34,19,10,570.00,"5,700.00"
2020-07-06,2020070601017246,NTC,11,3,100,620.00,"62,000.00"
2020-07-06,2020070601017245,NTC,11,52,10,620.00,"6,200.00"
2020-07-06,2020070601017380,PCBL,43,47,25,236.00,"5,900.00"
2020-07-06,2020070601017323,PCBL,43,47,25,236.00,"5,900.00"
2020-07-06,2020070601017249,PCBL,32,47,100,236.00,"23,600.00"
2020-07-06,2020070601017228,PCBL,32,47,100,236.00,"23,600.00"
2020-07-06,2020070601017219,PCBL,47,47,500,236.00,"118,000.00"
2020-07-06,2020070601017218,PCBL,53,47,229,236.00,"54,044.00"
2020-07-06,2020070601017294,PIC,58,42,10,582.00,"5,820.00"
2020-07-06,2020070601017200,PIC,56,42,190,582.00,"110,580.00"
2020-07-06,2020070601017199,PIC,56,45,10,581.00,"5,810.00"
2020-07-06,2020070601017357,PLIC,49,49,300,500.00,"150,000.00"
2020-07-06,2020070601016965,PLIC,54,49,200,500.00,"100,000.00"
2020-07-06,2020070601016911,PLIC,54,43,300,499.00,"149,700.00"
2020-07-06,2020070601017337,PRIN,38,40,500,415.00,"207,500.00"
2020-07-06,2020070601017336,PRIN,38,45,100,415.00,"41,500.00"
2020-07-06,2020070601017335,PRIN,38,32,100,415.00,"41,500.00"
2020-07-06,2020070601017334,PRIN,38,52,500,415.00,"207,500.00"
2020-07-06,2020070601017333,PRIN,38,45,50,415.00,"20,750.00"
2020-07-06,2020070601017332,PRIN,38,43,20,415.00,"8,300.00"
2020-07-06,2020070601016995,PRIN,45,52,10,414.00,"4,140.00"
2020-07-06,2020070601017258,PRIN,58,43,80,415.00,"33,200.00"
2020-07-06,2020070601017139,PRIN,56,49,970,414.00,"401,580.00"
2020-07-06,2020070601017116,PRIN,41,49,20,414.00,"8,280.00"
2020-07-06,2020070601017020,PRIN,56,49,10,414.00,"4,140.00"
2020-07-06,2020070601017019,PRIN,56,22,300,414.00,"124,200.00"
2020-07-06,2020070601017018,PRIN,56,52,140,414.00,"57,960.00"
2020-07-06,2020070601017350,PRVU,6,43,50,224.00,"11,200.00"
2020-07-06,2020070601017349,PRVU,6,44,500,224.00,"112,000.00"
2020-07-06,2020070601017348,PRVU,6,34,100,224.00,"22,400.00"
2020-07-06,2020070601017347,PRVU,6,49,850,224.00,"190,400.00"
2020-07-06,2020070601017346,PRVU,6,41,48,224.00,"10,752.00"
2020-07-06,2020070601017345,PRVU,6,4,263,224.00,"58,912.00"
2020-07-06,2020070601017274,PRVU,44,10,313,223.00,"69,799.00"
2020-07-06,2020070601017273,PRVU,1,10,487,223.00,"108,601.00"
2020-07-06,2020070601017215,PRVU,1,32,13,223.00,"2,899.00"
2020-07-06,2020070601017352,RADHI,22,38,380,164.00,"62,320.00"
2020-07-06,2020070601017279,RADHI,48,38,300,164.00,"49,200.00"
2020-07-06,2020070601017356,RBCL,5,32,10,"9,000.00","90,000.00"
2020-07-06,2020070601017371,RBCLPO,34,7,10,"7,596.00","75,960.00"
2020-07-06,2020070601017370,RBCLPO,50,7,20,"7,597.00","151,940.00"
2020-07-06,2020070601017164,RBCLPO,21,7,10,"7,650.00","76,500.00"
2020-07-06,2020070601017312,RHPL,44,43,140,146.00,"20,440.00"
2020-07-06,2020070601017311,RHPL,44,37,10,146.00,"1,460.00"
2020-07-06,2020070601017310,RHPL,44,3,20,146.00,"2,920.00"
2020-07-06,2020070601017047,RHPL,14,1,40,144.00,"5,760.00"
2020-07-06,2020070601017060,RRHP,17,38,10,89.00,890.00
2020-07-06,2020070601017059,RRHP,17,38,10,89.00,890.00
2020-07-06,2020070601017058,RRHP,17,5,10,88.00,880.00
2020-07-06,2020070601017057,RRHP,17,38,10,88.00,880.00
2020-07-06,2020070601016912,RSDC,45,48,69,459.00,"31,671.00"
2020-07-06,2020070601016997,SABSL,14,6,79,760.00,"60,040.00"
2020-07-06,2020070601016914,SABSL,14,1,10,760.00,"7,600.00"
2020-07-06,2020070601017182,SANIMA,10,49,50,319.00,"15,950.00"
2020-07-06,2020070601017028,SBI,49,50,100,408.00,"40,800.00"
2020-07-06,2020070601017121,SBL,11,36,50,288.00,"14,400.00"
2020-07-06,2020070601017120,SBL,11,3,50,286.00,"14,300.00"
2020-07-06,2020070601017192,SCB,32,13,311,604.00,"187,844.00"
2020-07-06,2020070601017191,SCB,41,13,100,605.00,"60,500.00"
2020-07-06,2020070601017190,SCB,49,13,89,606.00,"53,934.00"
2020-07-06,2020070601017106,SCB,49,42,101,606.00,"61,206.00"
2020-07-06,2020070601017099,SCB,49,13,10,606.00,"6,060.00"
2020-07-06,2020070601016937,SCB,49,42,70,606.00,"42,420.00"
2020-07-06,2020070601017364,SHIVM,58,19,100,588.00,"58,800.00"
2020-07-06,2020070601017363,SHIVM,58,32,50,586.00,"29,300.00"
2020-07-06,2020070601017362,SHIVM,58,44,186,586.00,"108,996.00"
2020-07-06,2020070601017270,SHIVM,50,44,14,586.00,"8,204.00"
2020-07-06,2020070601017269,SHIVM,50,34,36,585.00,"21,060.00"
2020-07-06,2020070601017268,SHIVM,50,22,70,585.00,"40,950.00"
2020-07-06,2020070601017267,SHIVM,50,40,180,585.00,"105,300.00"
2020-07-06,2020070601017266,SHIVM,50,45,200,584.00,"116,800.00"
2020-07-06,2020070601017213,SHIVM,56,40,10,585.00,"5,850.00"
2020-07-06,2020070601017186,SHIVM,58,35,200,584.00,"116,800.00"
2020-07-06,2020070601016913,SHIVM,58,6,200,582.00,"116,400.00"
2020-07-06,2020070601017281,SHL,32,44,100,152.00,"15,200.00"
2020-07-06,2020070601017338,SHPC,56,36,20,210.00,"4,200.00"
2020-07-06,2020070601016996,SHPC,11,22,200,209.00,"41,800.00"
2020-07-06,2020070601017384,SIC,59,28,230,630.00,"144,900.00"
2020-07-06,2020070601017282,SIC,52,28,277,637.00,"176,449.00"
2020-07-06,2020070601017342,SICL,46,4,10,990.00,"9,900.00"
2020-07-06,2020070601017158,SICL,33,16,100,980.00,"98,000.00"
2020-07-06,2020070601017157,SICL,33,4,200,979.00,"195,800.00"
2020-07-06,2020070601017148,SICL,20,4,200,979.00,"195,800.00"
2020-07-06,2020070601016948,SIL,38,39,450,533.00,"239,850.00"
2020-07-06,2020070601016947,SIL,38,17,35,533.00,"18,655.00"
2020-07-06,2020070601017074,SJCL,3,1,10,131.00,"1,310.00"
2020-07-06,2020070601017211,SKBBL,25,40,76,"1,186.00","90,136.00"
2020-07-06,2020070601017210,SKBBL,28,40,400,"1,187.00","474,800.00"
2020-07-06,2020070601017209,SKBBL,14,40,24,"1,190.00","28,560.00"
2020-07-06,2020070601017147,SKBBL,14,36,56,"1,190.00","66,640.00"
2020-07-06,2020070601017146,SKBBL,14,13,20,"1,190.00","23,800.00"
2020-07-06,2020070601016969,SLBBL,20,6,87,817.00,"71,079.00"
2020-07-06,2020070601016968,SLBBL,4,6,100,818.00,"81,800.00"
2020-07-06,2020070601017232,SLBBL,20,5,100,817.00,"81,700.00"
2020-07-06,2020070601017231,SLBBL,18,5,100,818.00,"81,800.00"
2020-07-06,2020070601017227,SLBBL,36,5,22,823.00,"18,106.00"
2020-07-06,2020070601017382,SLICL,46,33,50,430.00,"21,500.00"
2020-07-06,2020070601017207,SLICL,25,32,50,430.00,"21,500.00"
2020-07-06,2020070601016904,SMB,51,35,10,850.00,"8,500.00"
2020-07-06,2020070601016967,SPARS,57,45,40,808.00,"32,320.00"
2020-07-06,2020070601016960,SPARS,25,45,10,823.00,"8,230.00"
2020-07-06,2020070601016959,SPARS,25,25,20,822.00,"16,440.00"
2020-07-06,2020070601016958,SPARS,25,17,10,820.00,"8,200.00"
2020-07-06,2020070601016957,SPARS,25,8,10,820.00,"8,200.00"
2020-07-06,2020070601016956,SPARS,25,48,100,810.00,"81,000.00"
2020-07-06,2020070601017324,STC,33,55,10,"2,640.00","26,400.00"
2020-07-06,2020070601017110,TMDBL,26,48,989,159.00,"157,251.00"
2020-07-06,2020070601017241,UIC,56,46,300,328.00,"98,400.00"
2020-07-06,2020070601017222,UIC,5,46,200,328.00,"65,600.00"
2020-07-06,2020070601017031,UIC,26,36,71,327.00,"23,217.00"
2020-07-06,2020070601017017,UIC,5,36,29,327.00,"9,483.00"
2020-07-06,2020070601017001,UIC,17,21,58,328.00,"19,024.00"
2020-07-06,2020070601017000,UIC,17,16,50,328.00,"16,400.00"
2020-07-06,2020070601017009,UMHL,45,41,49,101.00,"4,949.00"
2020-07-06,2020070601017008,UMHL,14,41,43,101.00,"4,343.00"
2020-07-06,2020070601017007,UMHL,57,41,132,103.00,"13,596.00"
2020-07-06,2020070601017369,UPCL,52,29,100,69.00,"6,900.00"
2020-07-06,2020070601016916,UPCL,49,8,50,68.00,"3,400.00"
2020-07-06,2020070601016949,UPPER,52,8,50,229.00,"11,450.00"
2020-07-06,2020070601017093,UPPER,6,44,25,229.00,"5,725.00"
2020-07-06,2020070601017092,UPPER,11,44,100,229.00,"22,900.00"
2020-07-06,2020070601017091,UPPER,26,44,500,229.00,"114,500.00"
2020-07-06,2020070601017090,UPPER,52,44,124,229.00,"28,396.00"
2020-07-06,2020070601017075,UPPER,45,19,30,230.00,"6,900.00"
2020-07-06,2020070601017113,UPPER,45,41,60,228.00,"13,680.00"
2020-07-06,2020070601017112,UPPER,42,41,10,228.00,"2,280.00"
2020-07-06,2020070601017111,UPPER,34,41,10,228.00,"2,280.00"
2020-07-06,2020070601017096,UPPER,35,44,200,229.00,"45,800.00"
2020-07-06,2020070601017095,UPPER,59,44,50,229.00,"11,450.00"
2020-07-06,2020070601017094,UPPER,1,44,150,229.00,"34,350.00"
2020-07-06,2020070601017271,UPPER,45,55,40,228.00,"9,120.00"
2020-07-06,2020070601017239,UPPER,59,44,74,229.00,"16,946.00"
2020-07-06,2020070601017118,UPPER,1,44,200,229.00,"45,800.00"
2020-07-06,2020070601016884,ADBL,25,41,26,364.00,"9,464.00"
2020-07-06,2020070601016883,ADBL,25,56,21,364.00,"7,644.00"
2020-07-06,2020070601016882,ADBL,25,38,200,362.00,"72,400.00"
2020-07-06,2020070601016881,ADBL,25,36,300,362.00,"108,600.00"
2020-07-06,2020070601016880,ADBL,25,16,100,362.00,"36,200.00"
2020-07-06,2020070601016855,ADBL,6,10,24,360.00,"8,640.00"
2020-07-06,2020070601016854,ADBL,17,10,38,360.00,"13,680.00"
2020-07-06,2020070601016667,AHPC,34,1,100,94.00,"9,400.00"
2020-07-06,2020070601016668,AKPL,41,1,10,117.00,"1,170.00"
2020-07-06,2020070601016418,ALBSL,36,1,11,636.00,"6,996.00"
2020-07-06,2020070601016403,ALBSL,36,34,11,636.00,"6,996.00"
2020-07-06,2020070601016671,ALICL,5,34,100,583.00,"58,300.00"
2020-07-06,2020070601016670,ALICL,5,40,100,583.00,"58,300.00"
2020-07-06,2020070601016627,ALICL,33,11,200,581.00,"116,200.00"
2020-07-06,2020070601016626,ALICL,33,4,"2,000",580.00,"1,160,000.00"
2020-07-06,2020070601016625,ALICL,33,36,"1,000",580.00,"580,000.00"
2020-07-06,2020070601016624,ALICL,33,45,92,580.00,"53,360.00"
2020-07-06,2020070601016623,ALICL,33,38,200,578.00,"115,600.00"
2020-07-06,2020070601016740,API,37,21,300,107.00,"32,100.00"
2020-07-06,2020070601016864,BARUN,56,42,125,82.00,"10,250.00"
2020-07-06,2020070601016793,BARUN,56,42,100,82.00,"8,200.00"
2020-07-06,2020070601016784,BARUN,56,51,10,81.00,810.00
2020-07-06,2020070601016737,BBC,14,44,20,"1,549.00","30,980.00"
2020-07-06,2020070601016736,BBC,18,44,20,"1,549.00","30,980.00"
2020-07-06,2020070601016559,BBC,13,36,20,"1,550.00","31,000.00"
2020-07-06,2020070601016863,BOKL,18,26,920,210.00,"193,200.00"
2020-07-06,2020070601016821,BOKL,6,26,"1,000",210.00,"210,000.00"
2020-07-06,2020070601016820,BOKL,22,26,80,210.00,"16,800.00"
2020-07-06,2020070601016656,BOKL,14,32,100,211.00,"21,100.00"
2020-07-06,2020070601016851,BPCL,4,16,10,345.00,"3,450.00"
2020-07-06,2020070601016850,BPCL,4,41,300,345.00,"103,500.00"
2020-07-06,2020070601016849,BPCL,4,16,20,345.00,"6,900.00"
2020-07-06,2020070601016848,BPCL,4,32,122,345.00,"42,090.00"
2020-07-06,2020070601016847,BPCL,4,16,10,344.00,"3,440.00"
2020-07-06,2020070601016846,BPCL,4,41,90,344.00,"30,960.00"
2020-07-06,2020070601016465,BPCL,45,41,10,344.00,"3,440.00"
2020-07-06,2020070601016429,BPCL,8,41,100,344.00,"34,400.00"
2020-07-06,2020070601016428,BPCL,8,25,50,343.00,"17,150.00"
2020-07-06,2020070601016769,CBBL,33,6,36,991.00,"35,676.00"
2020-07-06,2020070601016709,CBBL,33,48,60,991.00,"59,460.00"
2020-07-06,2020070601016679,CBL,10,53,"1,000",134.00,"134,000.00"
2020-07-06,2020070601016526,CBL,44,13,11,133.00,"1,463.00"
2020-07-06,2020070601016447,CBL,48,53,833,134.00,"111,622.00"
2020-07-06,2020070601016446,CBL,48,7,167,134.00,"22,378.00"
2020-07-06,2020070601016721,CCBL,34,58,200,162.00,"32,400.00"
2020-07-06,2020070601016720,CCBL,34,29,254,162.00,"41,148.00"
2020-07-06,2020070601016542,CCBL,34,51,92,162.00,"14,904.00"
2020-07-06,2020070601016399,CCBL,34,16,50,162.00,"8,100.00"
2020-07-06,2020070601016398,CCBL,34,34,83,162.00,"13,446.00"
2020-07-06,2020070601016687,CFCL,36,41,"4,091",117.00,"478,647.00"
2020-07-06,2020070601016404,CFCL,14,28,50,116.00,"5,800.00"
2020-07-06,2020070601016621,CHCL,28,57,20,370.00,"7,400.00"
2020-07-06,2020070601016527,CHCL,28,1,100,370.00,"37,000.00"
2020-07-06,2020070601016510,CIT,6,18,100,"2,465.00","246,500.00"
2020-07-06,2020070601016495,CIT,14,14,20,"2,465.00","49,300.00"
2020-07-06,2020070601016620,CZBIL,49,11,"1,184",184.00,"217,856.00"
2020-07-06,2020070601016619,CZBIL,26,11,166,185.00,"30,710.00"
2020-07-06,2020070601016603,CZBIL,26,13,11,185.00,"2,035.00"
2020-07-06,2020070601016427,CZBIL,26,21,523,185.00,"96,755.00"
2020-07-06,2020070601016505,DDBL,28,34,50,810.00,"40,500.00"
2020-07-06,2020070601016861,EBL,28,32,500,636.00,"318,000.00"
2020-07-06,2020070601016845,EBL,33,34,500,635.00,"317,500.00"
2020-07-06,2020070601016844,EBL,33,32,500,634.00,"317,000.00"
2020-07-06,2020070601016692,EBL,56,54,20,632.00,"12,640.00"
2020-07-06,2020070601016424,EDBL,37,14,38,293.00,"11,134.00"
2020-07-06,2020070601016423,EDBL,19,14,200,294.00,"58,800.00"
2020-07-06,2020070601016422,EDBL,33,14,50,295.00,"14,750.00"
2020-07-06,2020070601016421,EDBL,35,14,13,296.00,"3,848.00"
2020-07-06,2020070601016707,EIC,35,37,400,390.00,"156,000.00"
2020-07-06,2020070601016538,EIC,35,28,20,390.00,"7,800.00"
2020-07-06,2020070601016508,EIC,56,57,50,393.00,"19,650.00"
2020-07-06,2020070601016507,EIC,56,43,50,393.00,"19,650.00"
2020-07-06,2020070601016506,EIC,56,17,900,393.00,"353,700.00"
2020-07-06,2020070601016873,FMDBL,44,42,50,460.00,"23,000.00"
2020-07-06,2020070601016872,FMDBL,44,37,75,460.00,"34,500.00"
2020-07-06,2020070601016837,FMDBL,10,37,100,460.00,"46,000.00"
2020-07-06,2020070601016611,FMDBL,28,42,30,455.00,"13,650.00"
2020-07-06,2020070601016610,FMDBL,28,41,25,455.00,"11,375.00"
2020-07-06,2020070601016561,FMDBL,32,32,17,453.00,"7,701.00"
2020-07-06,2020070601016533,FMDBL,32,44,50,452.00,"22,600.00"
2020-07-06,2020070601016754,GBBL,14,48,36,213.00,"7,668.00"
2020-07-06,2020070601016753,GBBL,20,48,64,213.00,"13,632.00"
2020-07-06,2020070601016540,GBBL,58,35,200,215.00,"43,000.00"
2020-07-06,2020070601016839,GBIME,57,58,250,239.00,"59,750.00"
2020-07-06,2020070601016806,GBLBS,32,6,335,443.00,"148,405.00"
2020-07-06,2020070601016805,GBLBS,32,11,15,443.00,"6,645.00"
2020-07-06,2020070601016804,GBLBS,32,36,50,442.00,"22,100.00"
2020-07-06,2020070601016763,GBLBS,16,36,435,442.00,"192,270.00"
2020-07-06,2020070601016762,GBLBS,16,51,65,442.00,"28,730.00"
2020-07-06,2020070601016640,GBLBS,28,51,85,442.00,"37,570.00"
2020-07-06,2020070601016639,GBLBS,28,28,165,441.00,"72,765.00"
2020-07-06,2020070601016576,GBLBS,58,28,100,441.00,"44,100.00"
2020-07-06,2020070601016409,GBLBS,56,28,155,441.00,"68,355.00"
2020-07-06,2020070601016408,GBLBS,56,39,100,440.00,"44,000.00"
2020-07-06,2020070601016407,GBLBS,56,40,15,440.00,"6,600.00"
2020-07-06,2020070601016406,GBLBS,56,34,30,440.00,"13,200.00"
2020-07-06,2020070601016865,GHL,1,49,30,58.00,"1,740.00"
2020-07-06,2020070601016781,GHL,14,8,20,56.00,"1,120.00"
2020-07-06,2020070601016592,GHL,14,26,30,56.00,"1,680.00"
2020-07-06,2020070601016461,GHL,7,8,30,57.00,"1,710.00"
2020-07-06,2020070601016840,GILB,51,38,11,"1,272.00","13,992.00"
2020-07-06,2020070601016691,GILB,25,55,50,"1,248.00","62,400.00"
2020-07-06,2020070601016690,GILB,25,34,200,"1,244.00","248,800.00"
2020-07-06,2020070601016586,GILB,7,33,100,"1,225.00","122,500.00"
2020-07-06,2020070601016386,GILB,48,13,500,"1,224.00","612,000.00"
2020-07-06,2020070601016385,GILB,48,6,100,"1,224.00","122,400.00"
2020-07-06,2020070601016387,GLBSL,50,22,20,606.00,"12,120.00"
2020-07-06,2020070601016802,GLICL,58,42,81,460.00,"37,260.00"
2020-07-06,2020070601016801,GLICL,58,13,50,459.00,"22,950.00"
2020-07-06,2020070601016800,GLICL,58,53,100,459.00,"45,900.00"
2020-07-06,2020070601016799,GLICL,58,49,250,456.00,"114,000.00"
2020-07-06,2020070601016798,GLICL,58,51,25,455.00,"11,375.00"
2020-07-06,2020070601016797,GLICL,58,7,100,455.00,"45,500.00"
2020-07-06,2020070601016459,GLICL,35,17,112,450.00,"50,400.00"
2020-07-06,2020070601016796,GLICL,58,13,64,455.00,"29,120.00"
2020-07-06,2020070601016795,GLICL,58,29,260,454.00,"118,040.00"
2020-07-06,2020070601016794,GLICL,58,48,70,453.00,"31,710.00"
2020-07-06,2020070601016574,GLICL,17,48,430,453.00,"194,790.00"
2020-07-06,2020070601016573,GLICL,17,28,70,452.00,"31,640.00"
2020-07-06,2020070601016460,GLICL,35,40,101,450.00,"45,450.00"
2020-07-06,2020070601016775,GMFBS,14,45,10,744.00,"7,440.00"
2020-07-06,2020070601016774,GMFBS,14,37,35,744.00,"26,040.00"
2020-07-06,2020070601016773,GMFBS,14,28,18,744.00,"13,392.00"
2020-07-06,2020070601016739,GMFBS,14,28,10,744.00,"7,440.00"
2020-07-06,2020070601016481,GMFIL,45,52,"1,000",113.00,"113,000.00"
2020-07-06,2020070601016467,GUFL,28,32,15,113.00,"1,695.00"
2020-07-06,2020070601016827,HDL,45,29,170,"1,510.00","256,700.00"
2020-07-06,2020070601016817,HDL,45,48,15,"1,510.00","22,650.00"
2020-07-06,2020070601016786,HDL,45,54,500,"1,510.00","755,000.00"
2020-07-06,2020070601016785,HDL,54,54,500,"1,511.00","755,500.00"
2020-07-06,2020070601016601,HDL,38,40,498,"1,511.00","752,478.00"
2020-07-06,2020070601016600,HDL,19,40,10,"1,515.00","15,150.00"
2020-07-06,2020070601016575,HDL,45,58,100,"1,519.00","151,900.00"
2020-07-06,2020070601016415,HDL,45,58,100,"1,519.00","151,900.00"
2020-07-06,2020070601016783,HGI,44,42,100,350.00,"35,000.00"
2020-07-06,2020070601016702,HGI,44,1,100,350.00,"35,000.00"
2020-07-06,2020070601016701,HGI,35,1,300,350.00,"105,000.00"
2020-07-06,2020070601016636,HGI,50,51,100,349.00,"34,900.00"
2020-07-06,2020070601016496,HIDCL,52,45,200,130.00,"26,000.00"
2020-07-06,2020070601016651,HPPL,41,4,10,133.00,"1,330.00"
2020-07-06,2020070601016767,ICFC,38,58,350,164.00,"57,400.00"
2020-07-06,2020070601016766,ICFC,59,58,50,165.00,"8,250.00"
2020-07-06,2020070601016474,IGI,8,33,50,390.00,"19,500.00"
2020-07-06,2020070601016473,IGI,8,19,100,390.00,"39,000.00"
2020-07-06,2020070601016452,IGI,49,43,90,389.00,"35,010.00"
2020-07-06,2020070601016451,IGI,49,38,10,389.00,"3,890.00"
2020-07-06,2020070601016524,IGI,35,6,294,395.00,"116,130.00"
2020-07-06,2020070601016689,ILBS,55,45,20,708.00,"14,160.00"
2020-07-06,2020070601016590,ILBS,26,40,11,700.00,"7,700.00"
2020-07-06,2020070601016589,ILBS,26,11,11,700.00,"7,700.00"
2020-07-06,2020070601016745,JBBL,20,22,351,160.00,"56,160.00"
2020-07-06,2020070601016744,JBBL,49,22,49,160.00,"7,840.00"
2020-07-06,2020070601016464,JBBL,49,40,51,160.00,"8,160.00"
2020-07-06,2020070601016463,JBBL,54,40,20,160.00,"3,200.00"
2020-07-06,2020070601016791,JOSHI,38,8,20,49.00,980.00
2020-07-06,2020070601016488,JOSHI,38,8,20,49.00,980.00
2020-07-06,2020070601016560,JSLBB,56,52,100,"1,599.00","159,900.00"
2020-07-06,2020070601016517,JSLBB,38,52,102,"1,599.00","163,098.00"
2020-07-06,2020070601016498,KBL,42,28,17,185.00,"3,145.00"
2020-07-06,2020070601016497,KBL,42,13,13,182.00,"2,366.00"
2020-07-06,2020070601016637,KMCDB,34,21,10,730.00,"7,300.00"
2020-07-06,2020070601016609,KMCDB,34,37,10,730.00,"7,300.00"
2020-07-06,2020070601016584,KMCDB,34,37,10,730.00,"7,300.00"
2020-07-06,2020070601016570,KMCDB,25,21,10,744.00,"7,440.00"
2020-07-06,2020070601016551,KMCDB,25,37,10,744.00,"7,440.00"
2020-07-06,2020070601016853,KMCDB,25,40,10,753.00,"7,530.00"
2020-07-06,2020070601016734,KMCDB,25,40,10,739.00,"7,390.00"
2020-07-06,2020070601016733,KMCDB,25,37,10,730.00,"7,300.00"
2020-07-06,2020070601016700,KMCDB,52,37,10,725.00,"7,250.00"
2020-07-06,2020070601016664,KMCDB,34,45,10,730.00,"7,300.00"
2020-07-06,2020070601016594,KSBBL,33,21,300,143.00,"42,900.00"
2020-07-06,2020070601016659,LBBL,16,14,300,174.00,"52,200.00"
2020-07-06,2020070601016655,LBBL,16,16,500,174.00,"87,000.00"
2020-07-06,2020070601016618,LBBL,25,16,500,174.00,"87,000.00"
2020-07-06,2020070601016617,LBBL,16,16,"1,000",174.00,"174,000.00"
2020-07-06,2020070601016416,LBBL,16,16,"1,000",174.00,"174,000.00"
2020-07-06,2020070601016413,LBBL,28,16,"1,000",174.00,"174,000.00"
2020-07-06,2020070601016448,LBL,34,43,12,201.00,"2,412.00"
2020-07-06,2020070601016628,LICN,48,28,100,"1,290.00","129,000.00"
2020-07-06,2020070601016778,MBL,33,57,10,220.00,"2,200.00"
2020-07-06,2020070601016582,MBL,36,56,50,219.00,"10,950.00"
2020-07-06,2020070601016564,MBL,36,56,"5,566",219.00,"1,218,954.00"
2020-07-06,2020070601016563,MBL,36,56,152,219.00,"33,288.00"
2020-07-06,2020070601016562,MBL,36,43,50,218.00,"10,900.00"
2020-07-06,2020070601016536,MBL,36,56,"8,565",219.00,"1,875,735.00"
2020-07-06,2020070601016535,MBL,36,54,"1,000",218.00,"218,000.00"
2020-07-06,2020070601016534,MBL,36,13,435,218.00,"94,830.00"
2020-07-06,2020070601016450,MBL,11,13,100,218.00,"21,800.00"
2020-07-06,2020070601016431,MEGA,58,40,32,203.00,"6,496.00"
2020-07-06,2020070601016596,MERO,49,19,74,575.00,"42,550.00"
2020-07-06,2020070601016595,MERO,49,51,36,574.00,"20,664.00"
2020-07-06,2020070601016518,MFIL,55,17,100,255.00,"25,500.00"
2020-07-06,2020070601016879,MLBL,46,59,118,182.00,"21,476.00"
2020-07-06,2020070601016878,MLBL,46,16,"1,000",182.00,"182,000.00"
2020-07-06,2020070601016877,MLBL,46,44,682,181.00,"123,442.00"
2020-07-06,2020070601016876,MLBL,46,48,500,181.00,"90,500.00"
2020-07-06,2020070601016875,MLBL,46,43,200,180.00,"36,000.00"
2020-07-06,2020070601016713,MNBBL,45,21,200,303.00,"60,600.00"
2020-07-06,2020070601016554,MNBBL,45,48,110,303.00,"33,330.00"
2020-07-06,2020070601016462,MNBBL,45,57,500,303.00,"151,500.00"
2020-07-06,2020070601016871,NABIL,6,25,10,737.00,"7,370.00"
2020-07-06,2020070601016788,NABIL,6,44,80,738.00,"59,040.00"
2020-07-06,2020070601016761,NABIL,58,8,188,731.00,"137,428.00"
2020-07-06,2020070601016755,NABIL,28,8,100,731.00,"73,100.00"
2020-07-06,2020070601016730,NABIL,6,8,100,731.00,"73,100.00"
2020-07-06,2020070601016729,NABIL,17,8,20,731.00,"14,620.00"
2020-07-06,2020070601016722,NABIL,45,8,120,735.00,"88,200.00"
2020-07-06,2020070601016653,NABIL,45,57,30,735.00,"22,050.00"
2020-07-06,2020070601016499,NABIL,5,44,200,738.00,"147,600.00"
2020-07-06,2020070601016483,NABIL,26,43,597,737.00,"439,989.00"
2020-07-06,2020070601016402,NABIL,18,43,200,737.00,"147,400.00"
2020-07-06,2020070601016391,NABIL,42,43,100,737.00,"73,700.00"
2020-07-06,2020070601016728,NABIL,25,8,960,731.00,"701,760.00"
2020-07-06,2020070601016727,NABIL,18,8,251,731.00,"183,481.00"
2020-07-06,2020070601016726,NABIL,1,8,100,732.00,"73,200.00"
2020-07-06,2020070601016725,NABIL,52,8,261,733.00,"191,313.00"
2020-07-06,2020070601016724,NABIL,59,8,300,734.00,"220,200.00"
2020-07-06,2020070601016723,NABIL,25,8,100,735.00,"73,500.00"
2020-07-06,2020070601016768,NADEP,18,5,10,561.00,"5,610.00"
2020-07-06,2020070601016566,NADEP,38,37,23,550.00,"12,650.00"
2020-07-06,2020070601016565,NADEP,38,5,500,550.00,"275,000.00"
2020-07-06,2020070601016544,NADEP,49,29,45,545.00,"24,525.00"
2020-07-06,2020070601016543,NADEP,49,57,23,545.00,"12,535.00"
2020-07-06,2020070601016698,NBL,33,39,100,244.00,"24,400.00"
2020-07-06,2020070601016650,NBL,43,13,993,243.00,"241,299.00"
2020-07-06,2020070601016558,NCCB,33,25,10,180.00,"1,800.00"
2020-07-06,2020070601016581,NHPC,58,11,100,53.00,"5,300.00"
2020-07-06,2020070601016870,NIB,45,45,20,439.00,"8,780.00"
2020-07-06,2020070601016410,NIBLPF,58,10,289,7.50,"2,167.50"
2020-07-06,2020070601016868,NIBPO,8,4,560,358.00,"200,480.00"
2020-07-06,2020070601016867,NIBPO,53,4,100,358.00,"35,800.00"
2020-07-06,2020070601016866,NIBPO,51,4,200,359.00,"71,800.00"
2020-07-06,2020070601016546,NIBPO,58,44,601,360.00,"216,360.00"
2020-07-06,2020070601016523,NIBPO,53,44,399,360.00,"143,640.00"
2020-07-06,2020070601016522,NIBPO,53,28,500,360.00,"180,000.00"
2020-07-06,2020070601016521,NIBPO,53,44,650,360.00,"234,000.00"
2020-07-06,2020070601016693,NICA,49,55,20,497.00,"9,940.00"
2020-07-06,2020070601016502,NICA,38,28,50,499.00,"24,950.00"
2020-07-06,2020070601016501,NICA,38,58,50,498.00,"24,900.00"
2020-07-06,2020070601016486,NICA,49,25,30,497.00,"14,910.00"
2020-07-06,2020070601016826,NIL,4,6,70,554.00,"38,780.00"
2020-07-06,2020070601016825,NIL,59,6,130,555.00,"72,150.00"
2020-07-06,2020070601016731,NIL,4,50,53,560.00,"29,680.00"
2020-07-06,2020070601016695,NIL,45,50,130,561.00,"72,930.00"
2020-07-06,2020070601016553,NLBBL,38,22,100,657.00,"65,700.00"
2020-07-06,2020070601016552,NLBBL,38,48,94,655.00,"61,570.00"
2020-07-06,2020070601016673,NLG,17,6,100,587.00,"58,700.00"
2020-07-06,2020070601016811,NLIC,53,45,100,"1,209.00","120,900.00"
2020-07-06,2020070601016760,NLIC,54,19,308,"1,207.00","371,756.00"
2020-07-06,2020070601016759,NLIC,14,19,62,"1,207.00","74,834.00"
2020-07-06,2020070601016758,NLIC,45,19,30,"1,207.00","36,210.00"
2020-07-06,2020070601016719,NLIC,45,54,100,"1,207.00","120,700.00"
2020-07-06,2020070601016649,NLIC,46,45,108,"1,209.00","130,572.00"
2020-07-06,2020070601016491,NLIC,45,49,50,"1,207.00","60,350.00"
2020-07-06,2020070601016480,NLIC,45,55,20,"1,207.00","24,140.00"
2020-07-06,2020070601016568,NLIC,6,45,150,"1,209.00","181,350.00"
2020-07-06,2020070601016528,NLIC,49,14,50,"1,208.00","60,400.00"
2020-07-06,2020070601016525,NLIC,49,19,179,"1,208.00","216,232.00"
2020-07-06,2020070601016520,NLIC,49,6,100,"1,208.00","120,800.00"
2020-07-06,2020070601016516,NLIC,49,6,500,"1,208.00","604,000.00"
2020-07-06,2020070601016515,NLIC,49,58,607,"1,207.00","732,649.00"
2020-07-06,2020070601016648,NLIC,46,1,92,"1,208.00","111,136.00"
2020-07-06,2020070601016646,NLIC,45,1,10,"1,208.00","12,080.00"
2020-07-06,2020070601016645,NLIC,49,1,339,"1,208.00","409,512.00"
2020-07-06,2020070601016641,NLIC,57,45,100,"1,209.00","120,900.00"
2020-07-06,2020070601016604,NLIC,49,19,225,"1,208.00","271,800.00"
2020-07-06,2020070601016583,NLIC,29,45,100,"1,209.00","120,900.00"
2020-07-06,2020070601016807,NLICL,56,8,200,654.00,"130,800.00"
2020-07-06,2020070601016711,NLICL,57,50,200,648.00,"129,600.00"
2020-07-06,2020070601016681,NLICL,29,22,100,653.00,"65,300.00"
2020-07-06,2020070601016635,NLICL,29,32,50,652.00,"32,600.00"
2020-07-06,2020070601016634,NLICL,29,44,50,652.00,"32,600.00"
2020-07-06,2020070601016572,NLICL,40,8,500,650.00,"325,000.00"
2020-07-06,2020070601016571,NLICL,40,8,55,650.00,"35,750.00"
2020-07-06,2020070601016757,NMB,56,6,310,380.00,"117,800.00"
2020-07-06,2020070601016718,NMB,36,6,"1,690",380.00,"642,200.00"
2020-07-06,2020070601016697,NMB,1,43,50,381.00,"19,050.00"
2020-07-06,2020070601016631,NMB,45,43,200,381.00,"76,200.00"
2020-07-06,2020070601016622,NMB,36,49,50,380.00,"19,000.00"
2020-07-06,2020070601016599,NMB,36,5,200,380.00,"76,000.00"
2020-07-06,2020070601016598,NMB,36,44,60,380.00,"22,800.00"
2020-07-06,2020070601016420,NMB,18,44,300,380.00,"114,000.00"
2020-07-06,2020070601016703,NMBMF,13,18,10,699.00,"6,990.00"
2020-07-06,2020070601016683,NMBMF,34,18,176,699.00,"123,024.00"
2020-07-06,2020070601016682,NMBMF,34,18,24,699.00,"16,776.00"
2020-07-06,2020070601016652,NMFBS,33,58,10,"1,490.00","14,900.00"
2020-07-06,2020070601016405,NMFBS,47,33,200,"1,466.00","293,200.00"
2020-07-06,2020070601016862,NRIC,44,37,40,440.00,"17,600.00"
2020-07-06,2020070601016822,NRIC,44,21,40,440.00,"17,600.00"
2020-07-06,2020070601016818,NRIC,44,42,50,440.00,"22,000.00"
2020-07-06,2020070601016810,NRIC,44,38,30,440.00,"13,200.00"
2020-07-06,2020070601016809,NRIC,40,38,10,440.00,"4,400.00"
2020-07-06,2020070601016792,NRIC,40,17,40,440.00,"17,600.00"
2020-07-06,2020070601016449,NRIC,41,56,30,440.00,"13,200.00"
2020-07-06,2020070601016433,NRIC,41,1,40,440.00,"17,600.00"
2020-07-06,2020070601016414,NRIC,41,56,40,440.00,"17,600.00"
2020-07-06,2020070601016397,NRIC,41,21,40,440.00,"17,600.00"
2020-07-06,2020070601016476,NRIC,48,37,50,440.00,"22,000.00"
2020-07-06,2020070601016470,NRIC,48,34,30,440.00,"13,200.00"
2020-07-06,2020070601016469,NRIC,49,34,10,440.00,"4,400.00"
2020-07-06,2020070601016468,NRIC,49,7,40,440.00,"17,600.00"
2020-07-06,2020070601016457,NRIC,49,58,50,440.00,"22,000.00"
2020-07-06,2020070601016456,NRIC,41,35,34,440.00,"14,960.00"
2020-07-06,2020070601016587,NRIC,48,21,40,440.00,"17,600.00"
2020-07-06,2020070601016557,NRIC,48,57,40,440.00,"17,600.00"
2020-07-06,2020070601016555,NRIC,48,38,50,440.00,"22,000.00"
2020-07-06,2020070601016503,NRIC,48,7,50,440.00,"22,000.00"
2020-07-06,2020070601016487,NRIC,48,34,10,440.00,"4,400.00"
2020-07-06,2020070601016479,NRIC,48,56,30,440.00,"13,200.00"
2020-07-06,2020070601016615,NRIC,14,45,50,440.00,"22,000.00"
2020-07-06,2020070601016608,NRIC,14,38,20,440.00,"8,800.00"
2020-07-06,2020070601016607,NRIC,48,38,30,440.00,"13,200.00"
2020-07-06,2020070601016602,NRIC,48,14,40,440.00,"17,600.00"
2020-07-06,2020070601016591,NRIC,48,45,40,440.00,"17,600.00"
2020-07-06,2020070601016588,NRIC,48,20,40,440.00,"17,600.00"
2020-07-06,2020070601016686,NRIC,14,57,50,440.00,"22,000.00"
2020-07-06,2020070601016684,NRIC,14,45,40,440.00,"17,600.00"
2020-07-06,2020070601016662,NRIC,14,45,40,440.00,"17,600.00"
2020-07-06,2020070601016654,NRIC,14,21,50,440.00,"22,000.00"
2020-07-06,2020070601016644,NRIC,14,45,40,440.00,"17,600.00"
2020-07-06,2020070601016638,NRIC,14,57,40,440.00,"17,600.00"
2020-07-06,2020070601016764,NRIC,14,3,10,440.00,"4,400.00"
2020-07-06,2020070601016752,NRIC,14,21,40,440.00,"17,600.00"
2020-07-06,2020070601016735,NRIC,14,45,40,440.00,"17,600.00"
2020-07-06,2020070601016716,NRIC,14,38,50,440.00,"22,000.00"
2020-07-06,2020070601016705,NRIC,14,45,40,440.00,"17,600.00"
2020-07-06,2020070601016688,NRIC,14,45,40,440.00,"17,600.00"
2020-07-06,2020070601016532,NSEWA,5,19,30,561.00,"16,830.00"
2020-07-06,2020070601016514,NSEWA,48,19,20,561.00,"11,220.00"
2020-07-06,2020070601016513,NSEWA,48,55,30,560.00,"16,800.00"
2020-07-06,2020070601016512,NSEWA,48,19,10,558.00,"5,580.00"
2020-07-06,2020070601016704,NTC,59,28,60,612.00,"36,720.00"
2020-07-06,2020070601016471,OHL,49,10,441,290.00,"127,890.00"
2020-07-06,2020070601016751,PCBL,53,36,271,236.00,"63,956.00"
2020-07-06,2020070601016444,PCBL,29,11,39,235.00,"9,165.00"
2020-07-06,2020070601016443,PCBL,28,11,100,235.00,"23,500.00"
2020-07-06,2020070601016442,PCBL,56,11,101,235.00,"23,735.00"
2020-07-06,2020070601016441,PCBL,45,11,100,235.00,"23,500.00"
2020-07-06,2020070601016440,PCBL,57,11,100,235.00,"23,500.00"
2020-07-06,2020070601016439,PCBL,41,11,189,235.00,"44,415.00"
2020-07-06,2020070601016438,PCBL,45,11,200,236.00,"47,200.00"
2020-07-06,2020070601016437,PCBL,16,11,200,237.00,"47,400.00"
2020-07-06,2020070601016436,PCBL,49,11,100,237.00,"23,700.00"
2020-07-06,2020070601016435,PCBL,49,11,21,237.00,"4,977.00"
2020-07-06,2020070601016842,PFL,32,34,12,146.00,"1,752.00"
2020-07-06,2020070601016819,PIC,58,17,10,581.00,"5,810.00"
2020-07-06,2020070601016780,PIC,58,45,10,571.00,"5,710.00"
2020-07-06,2020070601016672,PIC,35,45,40,560.00,"22,400.00"
2020-07-06,2020070601016490,PIC,58,8,569,560.00,"318,640.00"
2020-07-06,2020070601016458,PIC,37,8,290,560.00,"162,400.00"
2020-07-06,2020070601016419,PIC,17,8,50,560.00,"28,000.00"
2020-07-06,2020070601016829,PLIC,7,28,"1,000",494.00,"494,000.00"
2020-07-06,2020070601016790,PLIC,54,29,50,495.00,"24,750.00"
2020-07-06,2020070601016756,PLIC,54,43,200,499.00,"99,800.00"
2020-07-06,2020070601016569,PLIC,49,28,20,493.00,"9,860.00"
2020-07-06,2020070601016511,PLIC,16,13,300,494.00,"148,200.00"
2020-07-06,2020070601016454,PLIC,16,13,50,498.00,"24,900.00"
2020-07-06,2020070601016453,PLIC,36,13,50,499.00,"24,950.00"
2020-07-06,2020070601016445,PLIC,28,1,200,500.00,"100,000.00"
2020-07-06,2020070601016789,PMHPL,1,21,10,70.00,700.00
2020-07-06,2020070601016717,PMHPL,1,21,10,70.00,700.00
2020-07-06,2020070601016593,PMHPL,1,4,10,70.00,700.00
2020-07-06,2020070601016530,PMHPL,1,8,10,70.00,700.00
2020-07-06,2020070601016824,PPCL,32,8,10,103.00,"1,030.00"
2020-07-06,2020070601016556,PPCL,32,8,10,103.00,"1,030.00"
2020-07-06,2020070601016613,PRVU,17,4,250,224.00,"56,000.00"
2020-07-06,2020070601016612,PRVU,17,5,250,224.00,"56,000.00"
2020-07-06,2020070601016550,PRVU,33,10,"1,000",223.00,"223,000.00"
2020-07-06,2020070601016549,PRVU,33,47,500,223.00,"111,500.00"
2020-07-06,2020070601016732,RADHI,29,38,50,164.00,"8,200.00"
2020-07-06,2020070601016629,RADHI,34,38,38,164.00,"6,232.00"
2020-07-06,2020070601016541,RADHI,34,21,12,164.00,"1,968.00"
2020-07-06,2020070601016477,RADHI,25,38,150,164.00,"24,600.00"
2020-07-06,2020070601016500,RBCL,17,11,10,"8,990.00","89,900.00"
2020-07-06,2020070601016400,RBCL,38,50,10,"8,835.00","88,350.00"
2020-07-06,2020070601016836,RHPL,14,8,10,144.00,"1,440.00"
2020-07-06,2020070601016835,RHPL,14,21,40,144.00,"5,760.00"
2020-07-06,2020070601016765,RHPL,14,21,40,144.00,"5,760.00"
2020-07-06,2020070601016663,RHPL,14,21,40,144.00,"5,760.00"
2020-07-06,2020070601016597,RHPL,14,21,40,144.00,"5,760.00"
2020-07-06,2020070601016577,RHPL,14,8,10,144.00,"1,440.00"
2020-07-06,2020070601016504,RHPL,8,8,50,145.00,"7,250.00"
2020-07-06,2020070601016455,RHPL,14,1,40,144.00,"5,760.00"
2020-07-06,2020070601016417,RHPL,14,21,40,144.00,"5,760.00"
2020-07-06,2020070601016388,RHPL,14,1,50,144.00,"7,200.00"
2020-07-06,2020070601016859,RSDC,45,44,100,456.00,"45,600.00"
2020-07-06,2020070601016858,RSDC,45,14,200,454.00,"90,800.00"
2020-07-06,2020070601016832,RSDC,45,40,500,455.00,"227,500.00"
2020-07-06,2020070601016831,RSDC,45,32,15,455.00,"6,825.00"
2020-07-06,2020070601016830,RSDC,45,42,100,455.00,"45,500.00"
2020-07-06,2020070601016776,SABSL,14,35,11,760.00,"8,360.00"
2020-07-06,2020070601016482,SABSL,36,52,10,765.00,"7,650.00"
2020-07-06,2020070601016425,SANIMA,45,56,100,321.00,"32,100.00"
2020-07-06,2020070601016674,SBI,18,57,30,404.00,"12,120.00"
2020-07-06,2020070601016494,SBI,32,19,20,406.00,"8,120.00"
2020-07-06,2020070601016782,SBL,56,56,100,286.00,"28,600.00"
2020-07-06,2020070601016696,SBL,42,21,100,285.00,"28,500.00"
2020-07-06,2020070601016860,SCB,50,6,320,605.00,"193,600.00"
2020-07-06,2020070601016803,SCB,49,6,60,605.00,"36,300.00"
2020-07-06,2020070601016694,SCB,56,6,100,605.00,"60,500.00"
2020-07-06,2020070601016605,SCB,50,6,10,605.00,"6,050.00"
2020-07-06,2020070601016489,SCB,50,6,10,605.00,"6,050.00"
2020-07-06,2020070601016475,SCB,32,35,50,604.00,"30,200.00"
2020-07-06,2020070601016412,SDESI,25,6,30,871.00,"26,130.00"
2020-07-06,2020070601016411,SDESI,25,19,15,870.00,"13,050.00"
2020-07-06,2020070601016392,SDESI,25,1,27,856.00,"23,112.00"
2020-07-06,2020070601016838,SHIVM,45,48,50,583.00,"29,150.00"
2020-07-06,2020070601016816,SHIVM,58,40,110,585.00,"64,350.00"
2020-07-06,2020070601016815,SHIVM,58,38,100,585.00,"58,500.00"
2020-07-06,2020070601016814,SHIVM,58,33,290,585.00,"169,650.00"
2020-07-06,2020070601016777,SHIVM,58,57,150,582.00,"87,300.00"
2020-07-06,2020070601016742,SHIVM,39,59,50,582.00,"29,100.00"
2020-07-06,2020070601016434,SHIVM,46,33,10,585.00,"5,850.00"
2020-07-06,2020070601016401,SHIVM,39,1,50,582.00,"29,100.00"
2020-07-06,2020070601016874,SHL,32,4,200,150.00,"30,000.00"
2020-07-06,2020070601016828,SHL,32,4,200,148.00,"29,600.00"
2020-07-06,2020070601016539,SHL,40,4,830,146.00,"121,180.00"
2020-07-06,2020070601016545,SHPC,56,43,30,207.00,"6,210.00"
2020-07-06,2020070601016680,SIC,55,28,20,649.00,"12,980.00"
2020-07-06,2020070601016834,SICL,46,36,10,991.00,"9,910.00"
2020-07-06,2020070601016537,SICL,44,16,100,966.00,"96,600.00"
2020-07-06,2020070601016472,SICL,14,36,13,953.00,"12,389.00"
2020-07-06,2020070601016389,SICL,55,29,264,965.00,"254,760.00"
2020-07-06,2020070601016633,SICL,33,39,100,971.00,"97,100.00"
2020-07-06,2020070601016632,SICL,33,48,150,970.00,"145,500.00"
2020-07-06,2020070601016548,SICL,4,14,100,952.00,"95,200.00"
2020-07-06,2020070601016547,SICL,43,14,100,952.00,"95,200.00"
2020-07-06,2020070601016714,SICL,33,41,10,972.00,"9,720.00"
2020-07-06,2020070601016678,SICL,33,41,15,972.00,"14,580.00"
2020-07-06,2020070601016677,SICL,33,43,15,972.00,"14,580.00"
2020-07-06,2020070601016676,SICL,33,36,100,972.00,"97,200.00"
2020-07-06,2020070601016675,SICL,33,28,10,971.00,"9,710.00"
2020-07-06,2020070601016669,SICL,33,28,40,971.00,"38,840.00"
2020-07-06,2020070601016857,SIL,38,10,50,530.00,"26,500.00"
2020-07-06,2020070601016856,SIL,38,37,261,530.00,"138,330.00"
2020-07-06,2020070601016813,SIL,38,32,50,525.00,"26,250.00"
2020-07-06,2020070601016812,SIL,38,44,100,525.00,"52,500.00"
2020-07-06,2020070601016770,SIL,38,43,65,524.00,"34,060.00"
2020-07-06,2020070601016738,SIL,33,59,47,520.00,"24,440.00"
2020-07-06,2020070601016712,SIL,33,8,"1,000",513.00,"513,000.00"
2020-07-06,2020070601016843,SJCL,3,8,10,131.00,"1,310.00"
2020-07-06,2020070601016841,SJCL,3,21,20,131.00,"2,620.00"
2020-07-06,2020070601016779,SJCL,3,21,20,131.00,"2,620.00"
2020-07-06,2020070601016710,SJCL,3,21,20,131.00,"2,620.00"
2020-07-06,2020070601016614,SJCL,3,21,20,131.00,"2,620.00"
2020-07-06,2020070601016606,SJCL,3,8,10,131.00,"1,310.00"
2020-07-06,2020070601016396,SJCL,3,3,20,131.00,"2,620.00"
2020-07-06,2020070601016580,SJCL,3,29,20,131.00,"2,620.00"
2020-07-06,2020070601016529,SJCL,3,37,10,131.00,"1,310.00"
2020-07-06,2020070601016478,SJCL,3,1,20,131.00,"2,620.00"
2020-07-06,2020070601016432,SJCL,3,21,10,131.00,"1,310.00"
2020-07-06,2020070601016430,SJCL,3,1,20,131.00,"2,620.00"
2020-07-06,2020070601016869,SLBBL,58,48,72,822.00,"59,184.00"
2020-07-06,2020070601016643,SLBBL,55,34,100,820.00,"82,000.00"
2020-07-06,2020070601016642,SLBBL,55,37,330,820.00,"270,600.00"
2020-07-06,2020070601016579,SLBBL,55,5,105,818.00,"85,890.00"
2020-07-06,2020070601016567,SLBBL,55,56,60,817.00,"49,020.00"
2020-07-06,2020070601016852,SLBS,29,29,1,663.00,663.00
2020-07-06,2020070601016743,SLBS,29,29,1,663.00,663.00
2020-07-06,2020070601016661,SLBS,29,29,1,663.00,663.00
2020-07-06,2020070601016492,SLBS,29,29,1,663.00,663.00
2020-07-06,2020070601016395,SLBS,29,29,1,663.00,663.00
2020-07-06,2020070601016390,SLBS,57,58,10,663.00,"6,630.00"
2020-07-06,2020070601016699,SLICL,56,14,500,430.00,"215,000.00"
2020-07-06,2020070601016585,SLICL,14,1,100,426.00,"42,600.00"
2020-07-06,2020070601016657,SRBL,18,44,270,220.00,"59,400.00"
2020-07-06,2020070601016808,TRH,3,35,50,203.00,"10,150.00"
2020-07-06,2020070601016531,TRH,3,1,150,200.00,"30,000.00"
2020-07-06,2020070601016823,UIC,5,8,31,327.00,"10,137.00"
2020-07-06,2020070601016787,UIC,14,5,100,328.00,"32,800.00"
2020-07-06,2020070601016772,UIC,19,52,10,328.00,"3,280.00"
2020-07-06,2020070601016771,UIC,19,16,90,328.00,"29,520.00"
2020-07-06,2020070601016741,UIC,35,57,195,327.00,"63,765.00"
2020-07-06,2020070601016715,UIC,5,57,200,327.00,"65,400.00"
2020-07-06,2020070601016708,UIC,19,57,30,327.00,"9,810.00"
2020-07-06,2020070601016685,UIC,5,36,40,326.00,"13,040.00"
2020-07-06,2020070601016666,UIC,5,36,60,326.00,"19,560.00"
2020-07-06,2020070601016665,UIC,5,28,40,326.00,"13,040.00"
2020-07-06,2020070601016394,UIC,45,57,100,327.00,"32,700.00"
2020-07-06,2020070601016393,UIC,40,57,100,327.00,"32,700.00"
2020-07-06,2020070601016750,UMHL,57,41,14,103.00,"1,442.00"
2020-07-06,2020070601016749,UMHL,57,25,14,103.00,"1,442.00"
2020-07-06,2020070601016748,UMHL,57,25,14,103.00,"1,442.00"
2020-07-06,2020070601016747,UMHL,57,25,14,103.00,"1,442.00"
2020-07-06,2020070601016746,UMHL,57,36,12,102.00,"1,224.00"
2020-07-06,2020070601016630,UNHPL,25,8,50,49.00,"2,450.00"
2020-07-06,2020070601016466,UNHPL,25,1,50,49.00,"2,450.00"
2020-07-06,2020070601016658,UPCL,49,44,885,68.00,"60,180.00"
2020-07-06,2020070601016647,UPCL,49,8,50,68.00,"3,400.00"
2020-07-06,2020070601016493,UPCL,49,1,50,68.00,"3,400.00"
2020-07-06,2020070601016660,UPPER,52,8,40,229.00,"9,160.00"
2020-07-06,2020070601016616,UPPER,6,19,250,230.00,"57,500.00"
2020-07-06,2020070601016484,UPPER,14,13,44,229.00,"10,076.00"
2020-07-06,2020070601016426,UPPER,11,19,25,229.00,"5,725.00"
2020-07-06,2020070601016578,UPPER,52,37,10,229.00,"2,290.00"
2020-07-06,2020070601016519,UPPER,52,1,40,229.00,"9,160.00"
2020-07-06,2020070601016509,UPPER,52,43,100,229.00,"22,900.00"
2020-07-06,2020070601016485,UPPER,52,13,196,229.00,"44,884.00"
2020-07-06,2020070601016833,VLBS,34,45,15,975.00,"14,625.00"
2020-07-06,2020070601016706,VLBS,59,45,24,960.00,"23,040.00"
2020-07-06,2020070601015892,AHPC,52,44,55,94.00,"5,170.00"
2020-07-06,2020070601016111,AKPL,47,14,13,116.00,"1,508.00"
2020-07-06,2020070601016248,ALBSL,25,20,16,640.00,"10,240.00"
2020-07-06,2020070601016247,ALBSL,25,44,13,639.00,"8,307.00"
2020-07-06,2020070601016214,ALBSL,36,11,10,636.00,"6,360.00"
2020-07-06,2020070601016143,ALBSL,22,25,11,637.00,"7,007.00"
2020-07-06,2020070601016142,ALBSL,22,41,11,637.00,"7,007.00"
2020-07-06,2020070601016141,ALBSL,22,45,50,637.00,"31,850.00"
2020-07-06,2020070601016140,ALBSL,22,16,78,637.00,"49,686.00"
2020-07-06,2020070601016077,ALBSL,36,1,11,636.00,"6,996.00"
2020-07-06,2020070601016296,ALICL,50,45,500,575.00,"287,500.00"
2020-07-06,2020070601016114,ALICL,49,45,290,580.00,"168,200.00"
2020-07-06,2020070601016113,ALICL,49,44,10,580.00,"5,800.00"
2020-07-06,2020070601016080,ALICL,14,45,600,576.00,"345,600.00"
2020-07-06,2020070601016067,ALICL,7,45,200,576.00,"115,200.00"
2020-07-06,2020070601015978,ALICL,50,17,87,575.00,"50,025.00"
2020-07-06,2020070601015977,ALICL,50,51,"1,500",575.00,"862,500.00"
2020-07-06,2020070601015976,ALICL,50,51,100,575.00,"57,500.00"
2020-07-06,2020070601015975,ALICL,50,6,100,574.00,"57,400.00"
2020-07-06,2020070601015974,ALICL,50,56,180,574.00,"103,320.00"
2020-07-06,2020070601015922,ALICL,57,57,490,573.00,"280,770.00"
2020-07-06,2020070601015947,BNT,55,29,10,"5,847.00","58,470.00"
2020-07-06,2020070601016284,BPCL,25,43,200,342.00,"68,400.00"
2020-07-06,2020070601016280,BPCL,25,40,10,342.00,"3,420.00"
2020-07-06,2020070601016202,BPCL,25,54,40,342.00,"13,680.00"
2020-07-06,2020070601016145,BPCL,25,25,31,342.00,"10,602.00"
2020-07-06,2020070601016062,BPCL,6,37,12,341.00,"4,092.00"
2020-07-06,2020070601016319,CBL,44,43,100,133.00,"13,300.00"
2020-07-06,2020070601016318,CBL,1,43,100,133.00,"13,300.00"
2020-07-06,2020070601015919,CBL,34,7,348,134.00,"46,632.00"
2020-07-06,2020070601015918,CBL,56,7,126,135.00,"17,010.00"
2020-07-06,2020070601016104,CCBL,34,34,117,162.00,"18,954.00"
2020-07-06,2020070601016012,CCBL,34,7,500,162.00,"81,000.00"
2020-07-06,2020070601015927,CCBL,34,16,100,162.00,"16,200.00"
2020-07-06,2020070601015911,CCBL,34,37,100,163.00,"16,300.00"
2020-07-06,2020070601015910,CCBL,34,34,"1,000",163.00,"163,000.00"
2020-07-06,2020070601015909,CCBL,34,55,115,163.00,"18,745.00"
2020-07-06,2020070601015908,CCBL,34,17,478,163.00,"77,914.00"
2020-07-06,2020070601016190,CHCL,16,13,297,372.00,"110,484.00"
2020-07-06,2020070601016152,CHCL,35,13,200,373.00,"74,600.00"
2020-07-06,2020070601015971,CHCL,56,6,91,374.00,"34,034.00"
2020-07-06,2020070601015917,CHCL,46,6,100,374.00,"37,400.00"
2020-07-06,2020070601016069,CHL,52,57,290,81.00,"23,490.00"
2020-07-06,2020070601015999,CHL,59,1,10,80.00,800.00
2020-07-06,2020070601015972,CHL,59,7,10,80.00,800.00
2020-07-06,2020070601016339,CIT,49,58,50,"2,460.00","123,000.00"
2020-07-06,2020070601016212,CIT,45,58,45,"2,451.00","110,295.00"
2020-07-06,2020070601016211,CIT,34,58,10,"2,452.00","24,520.00"
2020-07-06,2020070601016210,CIT,13,58,30,"2,455.00","73,650.00"
2020-07-06,2020070601016131,CZBIL,37,21,200,185.00,"37,000.00"
2020-07-06,2020070601016130,CZBIL,6,21,200,185.00,"37,000.00"
2020-07-06,2020070601016129,CZBIL,39,21,264,185.00,"48,840.00"
2020-07-06,2020070601016017,CZBIL,39,1,10,185.00,"1,850.00"
2020-07-06,2020070601016363,DDBL,25,49,200,812.00,"162,400.00"
2020-07-06,2020070601016088,DDBL,48,49,100,812.00,"81,200.00"
2020-07-06,2020070601016304,EBL,56,56,55,632.00,"34,760.00"
2020-07-06,2020070601016303,EBL,44,56,45,636.00,"28,620.00"
2020-07-06,2020070601016255,EBL,44,48,500,636.00,"318,000.00"
2020-07-06,2020070601016254,EBL,44,57,42,635.00,"26,670.00"
2020-07-06,2020070601016253,EBL,44,32,113,634.00,"71,642.00"
2020-07-06,2020070601016036,EBL,50,32,100,634.00,"63,400.00"
2020-07-06,2020070601016367,EIC,45,17,100,393.00,"39,300.00"
2020-07-06,2020070601016258,EIC,4,37,250,392.00,"98,000.00"
2020-07-06,2020070601016176,EIC,35,8,606,390.00,"236,340.00"
2020-07-06,2020070601016165,EIC,35,37,500,390.00,"195,000.00"
2020-07-06,2020070601016242,FMDBL,29,45,50,450.00,"22,500.00"
2020-07-06,2020070601016241,FMDBL,21,45,50,450.00,"22,500.00"
2020-07-06,2020070601015925,FMDBL,49,36,200,447.00,"89,400.00"
2020-07-06,2020070601016364,GBIME,57,43,74,239.00,"17,686.00"
2020-07-06,2020070601016127,GBIME,59,51,46,240.00,"11,040.00"
2020-07-06,2020070601016374,GBLBS,56,38,300,438.00,"131,400.00"
2020-07-06,2020070601016095,GBLBS,38,37,15,434.00,"6,510.00"
2020-07-06,2020070601016000,GBLBS,14,37,250,435.00,"108,750.00"
2020-07-06,2020070601016174,GHL,7,36,10,57.00,570.00
2020-07-06,2020070601016173,GHL,7,36,20,57.00,"1,140.00"
2020-07-06,2020070601016091,GHL,14,43,30,56.00,"1,680.00"
2020-07-06,2020070601016033,GHL,14,1,20,56.00,"1,120.00"
2020-07-06,2020070601015992,GHL,14,7,20,56.00,"1,120.00"
2020-07-06,2020070601016384,GILB,48,38,50,"1,223.00","61,150.00"
2020-07-06,2020070601016243,GILB,45,44,25,"1,200.00","30,000.00"
2020-07-06,2020070601016096,GILB,45,7,45,"1,200.00","54,000.00"
2020-07-06,2020070601016362,GLICL,34,36,100,449.00,"44,900.00"
2020-07-06,2020070601016287,GLICL,26,36,50,449.00,"22,450.00"
2020-07-06,2020070601016089,GLICL,49,21,100,443.00,"44,300.00"
2020-07-06,2020070601015907,GMFBS,28,14,130,730.00,"94,900.00"
2020-07-06,2020070601016330,HDL,41,38,20,"1,522.00","30,440.00"
2020-07-06,2020070601016216,HDL,45,57,100,"1,519.00","151,900.00"
2020-07-06,2020070601016187,HDL,26,6,35,"1,523.00","53,305.00"
2020-07-06,2020070601016186,HDL,26,51,20,"1,522.00","30,440.00"
2020-07-06,2020070601016185,HDL,19,51,80,"1,522.00","121,760.00"
2020-07-06,2020070601016184,HDL,19,45,20,"1,521.00","30,420.00"
2020-07-06,2020070601015904,HDL,43,56,100,"1,510.00","151,000.00"
2020-07-06,2020070601015903,HDL,43,6,350,"1,510.00","528,500.00"
2020-07-06,2020070601015902,HDL,43,14,88,"1,510.00","132,880.00"
2020-07-06,2020070601016078,HDL,19,41,50,"1,511.00","75,550.00"
2020-07-06,2020070601016047,HDL,19,25,50,"1,515.00","75,750.00"
2020-07-06,2020070601016046,HDL,19,57,50,"1,515.00","75,750.00"
2020-07-06,2020070601016045,HDL,19,50,10,"1,515.00","15,150.00"
2020-07-06,2020070601016044,HDL,19,13,10,"1,515.00","15,150.00"
2020-07-06,2020070601015905,HDL,43,11,90,"1,510.00","135,900.00"
2020-07-06,2020070601016147,HDL,45,53,100,"1,519.00","151,900.00"
2020-07-06,2020070601016146,HDL,45,32,100,"1,519.00","151,900.00"
2020-07-06,2020070601016138,HDL,48,56,100,"1,516.00","151,600.00"
2020-07-06,2020070601016137,HDL,48,35,100,"1,515.00","151,500.00"
2020-07-06,2020070601016128,HDL,45,11,10,"1,510.00","15,100.00"
2020-07-06,2020070601016079,HDL,45,41,205,"1,510.00","309,550.00"
2020-07-06,2020070601016379,HIDCL,47,1,147,130.00,"19,110.00"
2020-07-06,2020070601016032,HIDCL,33,1,10,130.00,"1,300.00"
2020-07-06,2020070601016019,HIDCL,33,1,10,130.00,"1,300.00"
2020-07-06,2020070601015984,HIDCL,38,38,218,129.00,"28,122.00"
2020-07-06,2020070601015963,HIDCL,42,38,99,129.00,"12,771.00"
2020-07-06,2020070601016082,HPPL,41,1,10,133.00,"1,330.00"
2020-07-06,2020070601016065,HPPL,41,38,10,133.00,"1,330.00"
2020-07-06,2020070601016027,HPPL,38,46,10,134.00,"1,340.00"
2020-07-06,2020070601016004,HPPL,41,7,10,133.00,"1,330.00"
2020-07-06,2020070601016098,HURJA,11,1,20,86.00,"1,720.00"
2020-07-06,2020070601016205,IGI,52,8,450,388.00,"174,600.00"
2020-07-06,2020070601016073,ILBS,33,26,10,701.00,"7,010.00"
2020-07-06,2020070601015890,ILBS,58,35,100,688.00,"68,800.00"
2020-07-06,2020070601015889,ILBS,58,16,51,688.00,"35,088.00"
2020-07-06,2020070601015888,ILBS,58,52,100,688.00,"68,800.00"
2020-07-06,2020070601015887,ILBS,58,32,11,687.00,"7,557.00"
2020-07-06,2020070601015886,ILBS,58,35,10,683.00,"6,830.00"
2020-07-06,2020070601016102,JBBL,38,36,16,161.00,"2,576.00"
2020-07-06,2020070601016083,JBBL,54,38,12,160.00,"1,920.00"
2020-07-06,2020070601016108,JOSHI,38,1,20,49.00,980.00
2020-07-06,2020070601016018,JOSHI,38,7,20,49.00,980.00
2020-07-06,2020070601015913,JSLBB,57,19,10,"1,600.00","16,000.00"
2020-07-06,2020070601015912,JSLBB,57,11,10,"1,599.00","15,990.00"
2020-07-06,2020070601015997,KBL,39,36,39,185.00,"7,215.00"
2020-07-06,2020070601015996,KBL,39,6,116,185.00,"21,460.00"
2020-07-06,2020070601015995,KBL,39,37,126,184.00,"23,184.00"
2020-07-06,2020070601016383,KMCDB,34,21,10,730.00,"7,300.00"
2020-07-06,2020070601016325,KMCDB,25,52,10,760.00,"7,600.00"
2020-07-06,2020070601016324,KMCDB,25,52,10,760.00,"7,600.00"
2020-07-06,2020070601016151,KMCDB,38,6,70,746.00,"52,220.00"
2020-07-06,2020070601016134,KMCDB,49,6,30,746.00,"22,380.00"
2020-07-06,2020070601016133,KMCDB,49,54,50,745.00,"37,250.00"
2020-07-06,2020070601015965,KMCDB,52,7,43,725.00,"31,175.00"
2020-07-06,2020070601015945,KMCDB,52,43,10,725.00,"7,250.00"
2020-07-06,2020070601016132,KMCDB,49,45,70,744.00,"52,080.00"
2020-07-06,2020070601016121,KMCDB,49,1,60,744.00,"44,640.00"
2020-07-06,2020070601016026,KMCDB,34,1,10,730.00,"7,300.00"
2020-07-06,2020070601016025,KMCDB,34,1,10,730.00,"7,300.00"
2020-07-06,2020070601015987,KMCDB,52,43,10,725.00,"7,250.00"
2020-07-06,2020070601015967,KMCDB,52,43,10,725.00,"7,250.00"
2020-07-06,2020070601016382,LBBL,28,34,537,174.00,"93,438.00"
2020-07-06,2020070601016381,LBBL,28,1,50,174.00,"8,700.00"
2020-07-06,2020070601016380,LBBL,28,22,413,174.00,"71,862.00"
2020-07-06,2020070601016110,LBBL,8,16,"1,956",173.00,"338,388.00"
2020-07-06,2020070601016094,LBBL,16,16,44,173.00,"7,612.00"
2020-07-06,2020070601016001,LBBL,16,7,78,173.00,"13,494.00"
2020-07-06,2020070601016030,LBL,34,13,977,201.00,"196,377.00"
2020-07-06,2020070601016029,LBL,34,13,23,202.00,"4,646.00"
2020-07-06,2020070601016162,LGIL,35,52,11,405.00,"4,455.00"
2020-07-06,2020070601016161,LGIL,35,52,200,405.00,"81,000.00"
2020-07-06,2020070601016160,LGIL,35,14,100,405.00,"40,500.00"
2020-07-06,2020070601016159,LGIL,35,50,50,405.00,"20,250.00"
2020-07-06,2020070601016158,LGIL,35,26,100,405.00,"40,500.00"
2020-07-06,2020070601016157,LGIL,35,32,200,405.00,"81,000.00"
2020-07-06,2020070601016156,LGIL,35,51,34,404.00,"13,736.00"
2020-07-06,2020070601016155,LGIL,35,17,199,404.00,"80,396.00"
2020-07-06,2020070601016154,LGIL,35,41,100,400.00,"40,000.00"
2020-07-06,2020070601016153,LGIL,35,44,400,399.00,"159,600.00"
2020-07-06,2020070601015986,LGIL,57,41,60,398.00,"23,880.00"
2020-07-06,2020070601015985,LGIL,57,48,648,398.00,"257,904.00"
2020-07-06,2020070601016010,LICN,50,28,238,"1,290.00","307,020.00"
2020-07-06,2020070601016009,LICN,50,48,262,"1,290.00","337,980.00"
2020-07-06,2020070601016169,MBL,34,13,265,218.00,"57,770.00"
2020-07-06,2020070601016168,MBL,34,1,415,217.00,"90,055.00"
2020-07-06,2020070601016076,MEGA,58,22,360,203.00,"73,080.00"
2020-07-06,2020070601016075,MEGA,40,22,140,203.00,"28,420.00"
2020-07-06,2020070601015895,MERO,33,19,10,575.00,"5,750.00"
2020-07-06,2020070601016139,MHNL,54,1,40,86.00,"3,440.00"
2020-07-06,2020070601016006,MLBBL,52,40,30,618.00,"18,540.00"
2020-07-06,2020070601016005,MLBBL,52,51,100,618.00,"61,800.00"
2020-07-06,2020070601015998,MNBBL,45,43,500,303.00,"151,500.00"
2020-07-06,2020070601015955,MSMBS,16,1,22,622.00,"13,684.00"
2020-07-06,2020070601016370,NABIL,45,43,40,737.00,"29,480.00"
2020-07-06,2020070601016368,NABIL,11,43,63,737.00,"46,431.00"
2020-07-06,2020070601016260,NABIL,38,44,100,738.00,"73,800.00"
2020-07-06,2020070601016232,NABIL,42,44,10,738.00,"7,380.00"
2020-07-06,2020070601016061,NABIL,11,33,14,736.00,"10,304.00"
2020-07-06,2020070601016373,NADEP,34,29,10,545.00,"5,450.00"
2020-07-06,2020070601016171,NADEP,55,1,11,535.00,"5,885.00"
2020-07-06,2020070601015929,NBB,20,44,142,188.00,"26,696.00"
2020-07-06,2020070601016299,NBL,33,13,76,243.00,"18,468.00"
2020-07-06,2020070601016298,NBL,33,41,179,242.00,"43,318.00"
2020-07-06,2020070601016297,NBL,33,58,45,242.00,"10,890.00"
2020-07-06,2020070601016056,NBL,44,13,61,243.00,"14,823.00"
2020-07-06,2020070601016055,NBL,44,6,345,243.00,"83,835.00"
2020-07-06,2020070601016054,NBL,44,49,"1,000",243.00,"243,000.00"
2020-07-06,2020070601015935,NBL,33,46,100,243.00,"24,300.00"
2020-07-06,2020070601015916,NBL,33,46,300,242.00,"72,600.00"
2020-07-06,2020070601015915,NBL,33,43,"1,000",242.00,"242,000.00"
2020-07-06,2020070601015914,NBL,33,10,304,242.00,"73,568.00"
2020-07-06,2020070601016053,NBL,44,46,415,243.00,"100,845.00"
2020-07-06,2020070601016052,NBL,44,58,179,242.00,"43,318.00"
2020-07-06,2020070601016011,NBL,16,58,321,242.00,"77,682.00"
2020-07-06,2020070601015989,NBL,16,43,179,242.00,"43,318.00"
2020-07-06,2020070601015988,NBL,33,43,321,242.00,"77,682.00"
2020-07-06,2020070601015981,NBL,33,16,75,242.00,"18,150.00"
2020-07-06,2020070601015948,NCCB,37,7,242,178.00,"43,076.00"
2020-07-06,2020070601015885,NEF,17,47,873,8.00,"6,984.00"
2020-07-06,2020070601016306,NFS,25,22,100,127.00,"12,700.00"
2020-07-06,2020070601016100,NHDL,45,14,10,113.00,"1,130.00"
2020-07-06,2020070601016106,NIB,56,14,195,436.00,"85,020.00"
2020-07-06,2020070601016043,NIB,32,45,11,439.00,"4,829.00"
2020-07-06,2020070601016035,NIB,32,40,31,439.00,"13,609.00"
2020-07-06,2020070601015962,NIB,32,34,250,439.00,"109,750.00"
2020-07-06,2020070601015924,NIBLPF,17,10,"2,000",7.50,"15,000.00"
2020-07-06,2020070601016344,NIBPO,8,44,100,358.00,"35,800.00"
2020-07-06,2020070601016278,NICL,26,26,298,398.00,"118,604.00"
2020-07-06,2020070601016277,NICL,26,6,82,398.00,"32,636.00"
2020-07-06,2020070601016276,NICL,26,55,20,398.00,"7,960.00"
2020-07-06,2020070601016329,NIL,45,10,100,565.00,"56,500.00"
2020-07-06,2020070601015960,NIL,58,59,500,566.00,"283,000.00"
2020-07-06,2020070601016366,NLBBL,38,16,100,653.00,"65,300.00"
2020-07-06,2020070601016283,NLBBL,16,16,200,653.00,"130,600.00"
2020-07-06,2020070601016183,NLG,8,34,50,580.00,"29,000.00"
2020-07-06,2020070601016279,NLIC,29,19,100,"1,205.00","120,500.00"
2020-07-06,2020070601016246,NLIC,29,50,77,"1,205.00","92,785.00"
2020-07-06,2020070601016245,NLIC,57,50,100,"1,205.00","120,500.00"
2020-07-06,2020070601016201,NLIC,39,49,50,"1,207.00","60,350.00"
2020-07-06,2020070601016060,NLIC,39,5,87,"1,205.00","104,835.00"
2020-07-06,2020070601016024,NLIC,33,7,290,"1,201.00","348,290.00"
2020-07-06,2020070601016003,NLIC,10,5,40,"1,205.00","48,200.00"
2020-07-06,2020070601016358,NLICL,44,8,345,650.00,"224,250.00"
2020-07-06,2020070601016357,NLICL,44,8,400,650.00,"260,000.00"
2020-07-06,2020070601016356,NLICL,44,58,154,650.00,"100,100.00"
2020-07-06,2020070601016355,NLICL,44,8,400,649.00,"259,600.00"
2020-07-06,2020070601016354,NLICL,44,48,100,649.00,"64,900.00"
2020-07-06,2020070601016353,NLICL,44,37,37,649.00,"24,013.00"
2020-07-06,2020070601016310,NLICL,45,34,116,646.00,"74,936.00"
2020-07-06,2020070601016262,NLICL,39,22,53,648.00,"34,344.00"
2020-07-06,2020070601016261,NLICL,39,1,47,647.00,"30,409.00"
2020-07-06,2020070601015893,NLICL,39,1,200,645.00,"129,000.00"
2020-07-06,2020070601016352,NLICL,44,33,150,649.00,"97,350.00"
2020-07-06,2020070601016351,NLICL,44,32,50,649.00,"32,450.00"
2020-07-06,2020070601016350,NLICL,44,8,364,648.00,"235,872.00"
2020-07-06,2020070601016328,NLICL,40,8,36,648.00,"23,328.00"
2020-07-06,2020070601016327,NLICL,40,25,117,648.00,"75,816.00"
2020-07-06,2020070601016326,NLICL,40,22,47,648.00,"30,456.00"
2020-07-06,2020070601016360,NMB,36,44,200,380.00,"76,000.00"
2020-07-06,2020070601016333,NMB,28,44,190,380.00,"72,200.00"
2020-07-06,2020070601016332,NMB,28,28,306,380.00,"116,280.00"
2020-07-06,2020070601016331,NMB,28,43,30,379.00,"11,370.00"
2020-07-06,2020070601016294,NMB,34,52,50,378.00,"18,900.00"
2020-07-06,2020070601016293,NMB,35,52,10,378.00,"3,780.00"
2020-07-06,2020070601016225,NMB,7,49,30,379.00,"11,370.00"
2020-07-06,2020070601016167,NMB,7,1,76,379.00,"28,804.00"
2020-07-06,2020070601016050,NMB,36,38,833,380.00,"316,540.00"
2020-07-06,2020070601016049,NMB,36,54,61,380.00,"23,180.00"
2020-07-06,2020070601016048,NMB,36,40,106,379.00,"40,174.00"
2020-07-06,2020070601016292,NMB,59,52,30,379.00,"11,370.00"
2020-07-06,2020070601016291,NMB,6,28,694,380.00,"263,720.00"
2020-07-06,2020070601016290,NMB,6,52,41,380.00,"15,580.00"
2020-07-06,2020070601016289,NMB,6,36,100,380.00,"38,000.00"
2020-07-06,2020070601016288,NMB,6,38,165,380.00,"62,700.00"
2020-07-06,2020070601016226,NMB,59,49,45,379.00,"17,055.00"
2020-07-06,2020070601016015,NMBMF,4,18,476,699.00,"332,724.00"
2020-07-06,2020070601016014,NMBMF,4,19,24,698.00,"16,752.00"
2020-07-06,2020070601015990,NMBMF,59,18,10,694.00,"6,940.00"
2020-07-06,2020070601016194,NMFBS,26,45,30,"1,495.00","44,850.00"
2020-07-06,2020070601016008,NMFBS,26,45,25,"1,473.00","36,825.00"
2020-07-06,2020070601016359,NRIC,41,38,40,440.00,"17,600.00"
2020-07-06,2020070601016338,NRIC,41,21,40,440.00,"17,600.00"
2020-07-06,2020070601016337,NRIC,41,38,36,440.00,"15,840.00"
2020-07-06,2020070601016336,NRIC,45,38,14,440.00,"6,160.00"
2020-07-06,2020070601016320,NRIC,45,38,40,440.00,"17,600.00"
2020-07-06,2020070601016312,NRIC,45,58,50,440.00,"22,000.00"
2020-07-06,2020070601015946,NRIC,59,49,50,440.00,"22,000.00"
2020-07-06,2020070601015934,NRIC,59,37,40,440.00,"17,600.00"
2020-07-06,2020070601015926,NRIC,59,49,40,440.00,"17,600.00"
2020-07-06,2020070601015906,NRIC,59,14,10,440.00,"4,400.00"
2020-07-06,2020070601015901,NRIC,59,37,50,440.00,"22,000.00"
2020-07-06,2020070601015894,NRIC,59,39,40,440.00,"17,600.00"
2020-07-06,2020070601015983,NRIC,39,45,10,440.00,"4,400.00"
2020-07-06,2020070601015980,NRIC,39,49,40,440.00,"17,600.00"
2020-07-06,2020070601015966,NRIC,39,49,40,440.00,"17,600.00"
2020-07-06,2020070601015961,NRIC,39,37,50,440.00,"22,000.00"
2020-07-06,2020070601015950,NRIC,39,29,10,440.00,"4,400.00"
2020-07-06,2020070601015949,NRIC,59,29,40,440.00,"17,600.00"
2020-07-06,2020070601016059,NRIC,39,51,30,440.00,"13,200.00"
2020-07-06,2020070601016034,NRIC,39,21,40,440.00,"17,600.00"
2020-07-06,2020070601016031,NRIC,39,57,40,440.00,"17,600.00"
2020-07-06,2020070601016020,NRIC,39,16,50,440.00,"22,000.00"
2020-07-06,2020070601016016,NRIC,39,39,40,440.00,"17,600.00"
2020-07-06,2020070601015991,NRIC,39,49,50,440.00,"22,000.00"
2020-07-06,2020070601016118,NRIC,17,1,40,440.00,"17,600.00"
2020-07-06,2020070601016116,NRIC,17,43,40,440.00,"17,600.00"
2020-07-06,2020070601016103,NRIC,17,43,40,440.00,"17,600.00"
2020-07-06,2020070601016086,NRIC,17,21,36,440.00,"15,840.00"
2020-07-06,2020070601016085,NRIC,39,21,14,440.00,"6,160.00"
2020-07-06,2020070601016084,NRIC,39,1,40,440.00,"17,600.00"
2020-07-06,2020070601016182,NRIC,17,1,40,440.00,"17,600.00"
2020-07-06,2020070601016175,NRIC,17,44,40,440.00,"17,600.00"
2020-07-06,2020070601016164,NRIC,17,43,50,440.00,"22,000.00"
2020-07-06,2020070601016163,NRIC,17,21,50,440.00,"22,000.00"
2020-07-06,2020070601016135,NRIC,17,43,50,440.00,"22,000.00"
2020-07-06,2020070601016124,NRIC,17,41,40,440.00,"17,600.00"
2020-07-06,2020070601016220,NRIC,59,21,40,440.00,"17,600.00"
2020-07-06,2020070601016215,NRIC,59,39,40,440.00,"17,600.00"
2020-07-06,2020070601016204,NRIC,59,37,40,440.00,"17,600.00"
2020-07-06,2020070601016196,NRIC,59,37,16,440.00,"7,040.00"
2020-07-06,2020070601016195,NRIC,17,37,34,440.00,"14,960.00"
2020-07-06,2020070601016188,NRIC,17,58,40,440.00,"17,600.00"
2020-07-06,2020070601016250,NRIC,59,58,40,440.00,"17,600.00"
2020-07-06,2020070601016238,NRIC,59,37,40,440.00,"17,600.00"
2020-07-06,2020070601016237,NRIC,59,39,40,440.00,"17,600.00"
2020-07-06,2020070601016235,NRIC,59,41,50,440.00,"22,000.00"
2020-07-06,2020070601016229,NRIC,59,1,50,440.00,"22,000.00"
2020-07-06,2020070601016223,NRIC,59,37,40,440.00,"17,600.00"
2020-07-06,2020070601016311,NRIC,45,37,40,440.00,"17,600.00"
2020-07-06,2020070601016305,NRIC,45,38,40,440.00,"17,600.00"
2020-07-06,2020070601016257,NRIC,45,37,16,440.00,"7,040.00"
2020-07-06,2020070601016256,NRIC,59,37,24,440.00,"10,560.00"
2020-07-06,2020070601016252,NRIC,59,1,40,440.00,"17,600.00"
2020-07-06,2020070601016251,NRIC,59,21,40,440.00,"17,600.00"
2020-07-06,2020070601016372,NSEWA,34,34,10,550.00,"5,500.00"
2020-07-06,2020070601016213,OHL,17,10,59,290.00,"17,110.00"
2020-07-06,2020070601015959,PCBL,13,38,10,237.00,"2,370.00"
2020-07-06,2020070601015958,PCBL,13,21,100,237.00,"23,700.00"
2020-07-06,2020070601015957,PCBL,13,58,"1,000",237.00,"237,000.00"
2020-07-06,2020070601015956,PCBL,13,22,660,237.00,"156,420.00"
2020-07-06,2020070601016313,PFL,35,1,36,144.00,"5,184.00"
2020-07-06,2020070601016377,PIC,8,8,1,549.00,549.00
2020-07-06,2020070601016236,PIC,34,8,500,560.00,"280,000.00"
2020-07-06,2020070601016365,PICL,26,17,50,410.00,"20,500.00"
2020-07-06,2020070601015944,PICL,47,17,50,405.00,"20,250.00"
2020-07-06,2020070601016233,PLIC,36,19,50,499.00,"24,950.00"
2020-07-06,2020070601016309,PMHPL,1,21,10,70.00,700.00
2020-07-06,2020070601016224,PMHPL,1,37,10,70.00,700.00
2020-07-06,2020070601016074,PMHPL,1,21,10,70.00,700.00
2020-07-06,2020070601016346,PPCL,32,1,30,103.00,"3,090.00"
2020-07-06,2020070601016349,PRIN,35,52,350,414.00,"144,900.00"
2020-07-06,2020070601016348,PRIN,35,43,80,413.00,"33,040.00"
2020-07-06,2020070601016347,PRIN,35,47,27,412.00,"11,124.00"
2020-07-06,2020070601016317,PRIN,7,47,350,412.00,"144,200.00"
2020-07-06,2020070601016081,PRIN,34,47,100,412.00,"41,200.00"
2020-07-06,2020070601015952,PRIN,48,47,23,412.00,"9,476.00"
2020-07-06,2020070601015900,PRIN,48,43,200,412.00,"82,400.00"
2020-07-06,2020070601015899,PRIN,48,6,100,412.00,"41,200.00"
2020-07-06,2020070601015898,PRIN,48,56,100,412.00,"41,200.00"
2020-07-06,2020070601015897,PRIN,48,48,43,412.00,"17,716.00"
2020-07-06,2020070601015896,PRIN,48,35,100,411.00,"41,100.00"
2020-07-06,2020070601015891,PRIN,7,22,150,409.00,"61,350.00"
2020-07-06,2020070601016308,PRVU,37,4,635,222.00,"140,970.00"
2020-07-06,2020070601016150,PRVU,37,36,265,222.00,"58,830.00"
2020-07-06,2020070601016149,PRVU,37,36,100,222.00,"22,200.00"
2020-07-06,2020070601015954,PRVU,33,57,500,222.00,"111,000.00"
2020-07-06,2020070601015953,PRVU,33,28,620,222.00,"137,640.00"
2020-07-06,2020070601015928,PRVU,10,28,160,222.00,"35,520.00"
2020-07-06,2020070601016343,RADHI,22,38,200,164.00,"32,800.00"
2020-07-06,2020070601016342,RADHI,41,38,12,164.00,"1,968.00"
2020-07-06,2020070601016341,RADHI,8,38,15,164.00,"2,460.00"
2020-07-06,2020070601016340,RADHI,48,38,188,164.00,"30,832.00"
2020-07-06,2020070601016244,RADHI,48,37,12,164.00,"1,968.00"
2020-07-06,2020070601016007,RADHI,22,50,11,167.00,"1,837.00"
2020-07-06,2020070601016361,RHPL,14,21,40,144.00,"5,760.00"
2020-07-06,2020070601016282,RHPL,14,21,10,144.00,"1,440.00"
2020-07-06,2020070601016281,RHPL,44,21,30,145.00,"4,350.00"
2020-07-06,2020070601016240,RHPL,44,1,30,145.00,"4,350.00"
2020-07-06,2020070601016239,RHPL,49,1,10,145.00,"1,450.00"
2020-07-06,2020070601016230,RHPL,49,21,40,145.00,"5,800.00"
2020-07-06,2020070601016092,RHPL,49,37,40,145.00,"5,800.00"
2020-07-06,2020070601016068,RHPL,49,14,20,145.00,"2,900.00"
2020-07-06,2020070601016051,RHPL,49,21,40,145.00,"5,800.00"
2020-07-06,2020070601015979,RHPL,49,37,10,145.00,"1,450.00"
2020-07-06,2020070601015969,RHPL,42,47,10,147.00,"1,470.00"
2020-07-06,2020070601015968,RHPL,42,29,20,146.00,"2,920.00"
2020-07-06,2020070601016193,RHPL,49,1,40,145.00,"5,800.00"
2020-07-06,2020070601016166,RHPL,49,21,40,145.00,"5,800.00"
2020-07-06,2020070601016126,RHPL,49,1,40,145.00,"5,800.00"
2020-07-06,2020070601016109,RHPL,49,43,30,145.00,"4,350.00"
2020-07-06,2020070601016097,RHPL,49,1,40,145.00,"5,800.00"
2020-07-06,2020070601016093,RHPL,49,21,40,145.00,"5,800.00"
2020-07-06,2020070601016125,RSDC,7,8,106,450.00,"47,700.00"
2020-07-06,2020070601016115,RSDC,49,8,210,450.00,"94,500.00"
2020-07-06,2020070601015951,RSDC,33,38,10,450.00,"4,500.00"
2020-07-06,2020070601016376,SABSL,18,51,10,752.00,"7,520.00"
2020-07-06,2020070601016375,SABSL,18,42,24,750.00,"18,000.00"
2020-07-06,2020070601016117,SABSL,45,6,84,749.00,"62,916.00"
2020-07-06,2020070601016072,SABSL,45,6,50,749.00,"37,450.00"
2020-07-06,2020070601016013,SABSL,45,28,100,749.00,"74,900.00"
2020-07-06,2020070601015933,SABSL,45,40,11,749.00,"8,239.00"
2020-07-06,2020070601015931,SABSL,46,42,31,750.00,"23,250.00"
2020-07-06,2020070601015930,SABSL,46,56,10,750.00,"7,500.00"
2020-07-06,2020070601016302,SANIMA,14,25,"1,000",320.00,"320,000.00"
2020-07-06,2020070601016301,SANIMA,14,28,100,320.00,"32,000.00"
2020-07-06,2020070601016300,SANIMA,14,34,300,319.00,"95,700.00"
2020-07-06,2020070601016228,SANIMA,38,13,189,317.00,"59,913.00"
2020-07-06,2020070601016227,SANIMA,49,13,"1,800",317.00,"570,600.00"
2020-07-06,2020070601016099,SANIMA,49,11,100,317.00,"31,700.00"
2020-07-06,2020070601016063,SANIMA,49,17,100,317.00,"31,700.00"
2020-07-06,2020070601015923,SANIMA,14,11,20,316.00,"6,320.00"
2020-07-06,2020070601016323,SBI,18,52,210,404.00,"84,840.00"
2020-07-06,2020070601016322,SBI,48,52,34,404.00,"13,736.00"
2020-07-06,2020070601016321,SBI,45,52,16,406.00,"6,496.00"
2020-07-06,2020070601016087,SBI,45,11,15,406.00,"6,090.00"
2020-07-06,2020070601016209,SDESI,45,6,100,841.00,"84,100.00"
2020-07-06,2020070601016208,SDESI,45,13,50,840.00,"42,000.00"
2020-07-06,2020070601016207,SDESI,45,41,10,832.00,"8,320.00"
2020-07-06,2020070601016191,SDESI,45,25,10,832.00,"8,320.00"
2020-07-06,2020070601016200,SHIVM,14,32,50,583.00,"29,150.00"
2020-07-06,2020070601016199,SHIVM,14,41,20,583.00,"11,660.00"
2020-07-06,2020070601016198,SHIVM,14,59,100,583.00,"58,300.00"
2020-07-06,2020070601016144,SHIVM,14,26,80,581.00,"46,480.00"
2020-07-06,2020070601016123,SHIVM,39,26,100,581.00,"58,100.00"
2020-07-06,2020070601016107,SHIVM,44,11,10,580.00,"5,800.00"
2020-07-06,2020070601016090,SHIVM,44,41,40,580.00,"23,200.00"
2020-07-06,2020070601016070,SHIVM,14,26,170,581.00,"98,770.00"
2020-07-06,2020070601015921,SHIVM,53,42,70,582.00,"40,740.00"
2020-07-06,2020070601015920,SHIVM,53,59,715,582.00,"416,130.00"
2020-07-06,2020070601016286,SIC,55,17,78,649.00,"50,622.00"
2020-07-06,2020070601016285,SIC,55,14,180,649.00,"116,820.00"
2020-07-06,2020070601016259,SIC,58,14,20,649.00,"12,980.00"
2020-07-06,2020070601016218,SIC,55,34,372,645.00,"239,940.00"
2020-07-06,2020070601016378,SICL,55,58,10,961.00,"9,610.00"
2020-07-06,2020070601016316,SICL,5,38,60,960.00,"57,600.00"
2020-07-06,2020070601016315,SICL,5,40,100,960.00,"96,000.00"
2020-07-06,2020070601016314,SICL,5,56,40,960.00,"38,400.00"
2020-07-06,2020070601016189,SICL,46,56,10,960.00,"9,600.00"
2020-07-06,2020070601015964,SICL,33,14,28,945.00,"26,460.00"
2020-07-06,2020070601016369,SJCL,3,21,10,131.00,"1,310.00"
2020-07-06,2020070601016295,SJCL,3,21,20,131.00,"2,620.00"
2020-07-06,2020070601016249,SJCL,3,1,20,131.00,"2,620.00"
2020-07-06,2020070601016234,SJCL,3,21,20,131.00,"2,620.00"
2020-07-06,2020070601016206,SJCL,3,1,10,131.00,"1,310.00"
2020-07-06,2020070601016172,SJCL,3,21,20,131.00,"2,620.00"
2020-07-06,2020070601016071,SJCL,17,37,20,131.00,"2,620.00"
2020-07-06,2020070601016064,SJCL,17,21,20,131.00,"2,620.00"
2020-07-06,2020070601016057,SJCL,17,1,20,131.00,"2,620.00"
2020-07-06,2020070601016002,SJCL,8,8,20,132.00,"2,640.00"
2020-07-06,2020070601016148,SJCL,3,1,20,131.00,"2,620.00"
2020-07-06,2020070601016119,SJCL,44,43,20,131.00,"2,620.00"
2020-07-06,2020070601016105,SJCL,44,1,20,131.00,"2,620.00"
2020-07-06,2020070601016101,SJCL,17,21,20,131.00,"2,620.00"
2020-07-06,2020070601016197,SKBBL,14,37,37,"1,185.00","43,845.00"
2020-07-06,2020070601016112,SLBBL,39,5,65,818.00,"53,170.00"
2020-07-06,2020070601015932,SLBSL,50,49,10,744.00,"7,440.00"
2020-07-06,2020070601016345,SLICL,50,13,925,430.00,"397,750.00"
2020-07-06,2020070601016275,SLICL,50,38,350,430.00,"150,500.00"
2020-07-06,2020070601016274,SLICL,50,50,300,430.00,"129,000.00"
2020-07-06,2020070601016273,SLICL,50,1,300,430.00,"129,000.00"
2020-07-06,2020070601016272,SLICL,50,55,200,429.00,"85,800.00"
2020-07-06,2020070601016180,SLICL,28,35,10,424.00,"4,240.00"
2020-07-06,2020070601015970,SLICL,43,5,50,424.00,"21,200.00"
2020-07-06,2020070601016265,SLICL,50,13,200,428.00,"85,600.00"
2020-07-06,2020070601016264,SLICL,50,4,"1,000",427.00,"427,000.00"
2020-07-06,2020070601016263,SLICL,50,34,100,427.00,"42,700.00"
2020-07-06,2020070601016222,SLICL,1,33,110,425.00,"46,750.00"
2020-07-06,2020070601016221,SLICL,1,41,100,425.00,"42,500.00"
2020-07-06,2020070601016181,SLICL,28,33,90,425.00,"38,250.00"
2020-07-06,2020070601016271,SLICL,50,34,100,429.00,"42,900.00"
2020-07-06,2020070601016270,SLICL,50,6,200,428.00,"85,600.00"
2020-07-06,2020070601016269,SLICL,50,17,20,428.00,"8,560.00"
2020-07-06,2020070601016268,SLICL,50,58,500,428.00,"214,000.00"
2020-07-06,2020070601016267,SLICL,50,34,100,428.00,"42,800.00"
2020-07-06,2020070601016266,SLICL,50,43,205,428.00,"87,740.00"
2020-07-06,2020070601016307,SMFBS,29,1,10,898.00,"8,980.00"
2020-07-06,2020070601016122,SMFBS,39,39,10,900.00,"9,000.00"
2020-07-06,2020070601016179,SPARS,57,26,410,808.00,"331,280.00"
2020-07-06,2020070601016178,SPARS,46,26,90,810.00,"72,900.00"
2020-07-06,2020070601016058,SPARS,46,56,10,810.00,"8,100.00"
2020-07-06,2020070601015943,SPDL,45,1,15,104.00,"1,560.00"
2020-07-06,2020070601015942,SPDL,45,55,10,103.00,"1,030.00"
2020-07-06,2020070601015941,SPDL,45,25,15,103.00,"1,545.00"
2020-07-06,2020070601015940,SPDL,45,25,15,102.00,"1,530.00"
2020-07-06,2020070601015939,SPDL,45,38,15,102.00,"1,530.00"
2020-07-06,2020070601015938,SPDL,45,50,10,102.00,"1,020.00"
2020-07-06,2020070601015937,SPDL,45,7,15,100.00,"1,500.00"
2020-07-06,2020070601015936,SPDL,45,38,15,100.00,"1,500.00"
2020-07-06,2020070601016120,SWBBL,25,37,48,"1,110.00","53,280.00"
2020-07-06,2020070601016335,TMDBL,47,51,149,160.00,"23,840.00"
2020-07-06,2020070601016334,TMDBL,47,17,35,160.00,"5,600.00"
2020-07-06,2020070601016066,TMDBL,26,34,11,159.00,"1,749.00"
2020-07-06,2020070601015994,TRH,3,35,31,200.00,"6,200.00"
2020-07-06,2020070601015993,TRH,3,35,69,194.00,"13,386.00"
2020-07-06,2020070601016371,UIC,19,16,10,328.00,"3,280.00"
2020-07-06,2020070601016231,UIC,38,8,64,327.00,"20,928.00"
2020-07-06,2020070601016217,UIC,19,8,10,328.00,"3,280.00"
2020-07-06,2020070601016192,UIC,38,3,36,327.00,"11,772.00"
2020-07-06,2020070601016042,UIC,38,13,400,327.00,"130,800.00"
2020-07-06,2020070601016041,UIC,38,17,25,327.00,"8,175.00"
2020-07-06,2020070601015982,UIC,57,19,200,325.00,"65,000.00"
2020-07-06,2020070601016040,UIC,38,52,50,327.00,"16,350.00"
2020-07-06,2020070601016039,UIC,38,38,500,327.00,"163,500.00"
2020-07-06,2020070601016038,UIC,38,1,100,327.00,"32,700.00"
2020-07-06,2020070601016037,UIC,38,3,100,327.00,"32,700.00"
2020-07-06,2020070601016028,UIC,5,3,100,327.00,"32,700.00"
2020-07-06,2020070601016023,UIC,5,34,200,326.00,"65,200.00"
2020-07-06,2020070601016170,UMHL,14,1,161,101.00,"16,261.00"
2020-07-06,2020070601016177,UPCL,59,38,100,69.00,"6,900.00"
2020-07-06,2020070601016203,UPPER,14,1,40,229.00,"9,160.00"
2020-07-06,2020070601016136,UPPER,11,35,40,229.00,"9,160.00"
2020-07-06,2020070601016022,UPPER,11,37,40,229.00,"9,160.00"
2020-07-06,2020070601016021,UPPER,11,14,50,229.00,"11,450.00"
2020-07-06,2020070601015973,UPPER,6,19,200,230.00,"46,000.00"
2020-07-06,2020070601016219,VLBS,59,1,13,960.00,"12,480.00"
2020-07-06,2020070601015739,ADBL,38,47,313,358.00,"112,054.00"
2020-07-06,2020070601015588,ADBL,57,34,127,360.00,"45,720.00"
2020-07-06,2020070601015587,ADBL,57,43,900,360.00,"324,000.00"
2020-07-06,2020070601015586,ADBL,57,37,270,360.00,"97,200.00"
2020-07-06,2020070601015482,AHPC,6,58,100,93.00,"9,300.00"
2020-07-06,2020070601015481,AHPC,45,58,895,93.00,"83,235.00"
2020-07-06,2020070601015762,ALBSL,25,14,10,637.00,"6,370.00"
2020-07-06,2020070601015761,ALBSL,25,1,11,625.00,"6,875.00"
2020-07-06,2020070601015438,ALBSL,34,14,30,637.00,"19,110.00"
2020-07-06,2020070601015877,ALICL,33,47,400,572.00,"228,800.00"
2020-07-06,2020070601015809,ALICL,49,47,100,572.00,"57,200.00"
2020-07-06,2020070601015442,ALICL,41,32,500,570.00,"285,000.00"
2020-07-06,2020070601015823,BOKL,22,47,100,210.00,"21,000.00"
2020-07-06,2020070601015822,BOKL,22,47,120,210.00,"25,200.00"
2020-07-06,2020070601015778,BOKL,58,47,10,210.00,"2,100.00"
2020-07-06,2020070601015720,BOKL,34,47,100,210.00,"21,000.00"
2020-07-06,2020070601015405,BOKL,34,37,39,209.00,"8,151.00"
2020-07-06,2020070601015880,BPCL,6,10,36,341.00,"12,276.00"
2020-07-06,2020070601015684,BPCL,6,37,12,341.00,"4,092.00"
2020-07-06,2020070601015423,BPCL,6,14,24,342.00,"8,208.00"
2020-07-06,2020070601015878,CBBL,38,37,35,985.00,"34,475.00"
2020-07-06,2020070601015794,CBBL,5,13,500,"1,002.00","501,000.00"
2020-07-06,2020070601015458,CBBL,33,43,341,999.00,"340,659.00"
2020-07-06,2020070601015457,CBBL,33,37,250,998.00,"249,500.00"
2020-07-06,2020070601015732,CBBL,33,13,500,"1,001.00","500,500.00"
2020-07-06,2020070601015731,CBBL,33,26,50,"1,001.00","50,050.00"
2020-07-06,2020070601015459,CBBL,33,13,500,"1,000.00","500,000.00"
2020-07-06,2020070601015846,CBL,56,32,200,135.00,"27,000.00"
2020-07-06,2020070601015845,CBL,56,25,174,135.00,"23,490.00"
2020-07-06,2020070601015710,CBL,34,7,201,134.00,"26,934.00"
2020-07-06,2020070601015497,CCBL,34,37,136,162.00,"22,032.00"
2020-07-06,2020070601015855,CHCL,56,6,50,374.00,"18,700.00"
2020-07-06,2020070601015626,CHCL,38,38,118,372.00,"43,896.00"
2020-07-06,2020070601015433,CHCL,46,6,759,374.00,"283,866.00"
2020-07-06,2020070601015432,CHCL,46,22,141,374.00,"52,734.00"
2020-07-06,2020070601015431,CHCL,46,45,100,374.00,"37,400.00"
2020-07-06,2020070601015399,CHCL,11,50,103,370.00,"38,110.00"
2020-07-06,2020070601015398,CHCL,11,45,100,370.00,"37,000.00"
2020-07-06,2020070601015397,CHCL,11,17,19,370.00,"7,030.00"
2020-07-06,2020070601015441,CHL,54,57,20,81.00,"1,620.00"
2020-07-06,2020070601015440,CHL,7,57,190,81.00,"15,390.00"
2020-07-06,2020070601015848,CIT,49,14,37,"2,465.00","91,205.00"
2020-07-06,2020070601015828,CIT,49,38,200,"2,465.00","493,000.00"
2020-07-06,2020070601015827,CIT,49,25,50,"2,462.00","123,100.00"
2020-07-06,2020070601015826,CIT,49,7,100,"2,462.00","246,200.00"
2020-07-06,2020070601015825,CIT,49,41,63,"2,460.00","154,980.00"
2020-07-06,2020070601015798,CZBIL,39,7,726,185.00,"134,310.00"
2020-07-06,2020070601015797,CZBIL,20,7,10,186.00,"1,860.00"
2020-07-06,2020070601015501,EIC,57,16,110,394.00,"43,340.00"
2020-07-06,2020070601015500,EIC,57,32,50,390.00,"19,500.00"
2020-07-06,2020070601015745,FMDBL,49,56,34,447.00,"15,198.00"
2020-07-06,2020070601015726,FOWAD,38,38,49,"1,470.00","72,030.00"
2020-07-06,2020070601015566,FOWAD,58,52,10,"1,489.00","14,890.00"
2020-07-06,2020070601015565,FOWAD,58,45,50,"1,488.00","74,400.00"
2020-07-06,2020070601015564,FOWAD,58,49,95,"1,484.00","140,980.00"
2020-07-06,2020070601015563,FOWAD,58,56,45,"1,479.00","66,555.00"
2020-07-06,2020070601015562,FOWAD,58,49,19,"1,479.00","28,101.00"
2020-07-06,2020070601015561,FOWAD,58,14,50,"1,479.00","73,950.00"
2020-07-06,2020070601015560,FOWAD,58,41,69,"1,478.00","101,982.00"
2020-07-06,2020070601015559,FOWAD,58,45,25,"1,478.00","36,950.00"
2020-07-06,2020070601015558,FOWAD,58,5,94,"1,470.00","138,180.00"
2020-07-06,2020070601015718,GBBL,42,35,805,215.00,"173,075.00"
2020-07-06,2020070601015717,GBBL,42,51,166,215.00,"35,690.00"
2020-07-06,2020070601015716,GBBL,42,14,220,214.00,"47,080.00"
2020-07-06,2020070601015715,GBBL,42,13,209,214.00,"44,726.00"
2020-07-06,2020070601015714,GBBL,42,51,100,214.00,"21,400.00"
2020-07-06,2020070601015805,GBIME,55,7,100,241.00,"24,100.00"
2020-07-06,2020070601015789,GBIME,38,38,280,240.00,"67,200.00"
2020-07-06,2020070601015738,GBIME,8,52,395,240.00,"94,800.00"
2020-07-06,2020070601015737,GBIME,8,57,650,240.00,"156,000.00"
2020-07-06,2020070601015729,GBIME,57,7,273,239.00,"65,247.00"
2020-07-06,2020070601015728,GBIME,14,7,200,239.00,"47,800.00"
2020-07-06,2020070601015484,GBIME,8,35,179,239.00,"42,781.00"
2020-07-06,2020070601015577,GBIME,32,6,739,240.00,"177,360.00"
2020-07-06,2020070601015576,GBIME,32,17,122,240.00,"29,280.00"
2020-07-06,2020070601015575,GBIME,32,36,500,240.00,"120,000.00"
2020-07-06,2020070601015574,GBIME,32,39,400,240.00,"96,000.00"
2020-07-06,2020070601015573,GBIME,32,44,534,240.00,"128,160.00"
2020-07-06,2020070601015568,GBIME,37,44,100,240.00,"24,000.00"
2020-07-06,2020070601015727,GBIME,8,7,58,239.00,"13,862.00"
2020-07-06,2020070601015713,GBIME,55,57,50,240.00,"12,000.00"
2020-07-06,2020070601015629,GBIME,40,57,200,240.00,"48,000.00"
2020-07-06,2020070601015590,GBIME,32,57,100,240.00,"24,000.00"
2020-07-06,2020070601015579,GBIME,32,36,500,240.00,"120,000.00"
2020-07-06,2020070601015578,GBIME,32,46,740,240.00,"177,600.00"
2020-07-06,2020070601015783,GBLBS,38,37,15,434.00,"6,510.00"
2020-07-06,2020070601015437,GBLBS,26,37,50,435.00,"21,750.00"
2020-07-06,2020070601015396,GBLBS,46,37,300,435.00,"130,500.00"
2020-07-06,2020070601015879,GILB,38,38,46,"1,200.00","55,200.00"
2020-07-06,2020070601015782,GLBSL,50,57,10,595.00,"5,950.00"
2020-07-06,2020070601015781,GLBSL,50,34,10,594.00,"5,940.00"
2020-07-06,2020070601015780,GLBSL,50,22,10,590.00,"5,900.00"
2020-07-06,2020070601015840,GLICL,46,43,100,445.00,"44,500.00"
2020-07-06,2020070601015653,GLICL,53,28,100,448.00,"44,800.00"
2020-07-06,2020070601015652,GLICL,53,53,50,448.00,"22,400.00"
2020-07-06,2020070601015589,GLICL,4,53,500,448.00,"224,000.00"
2020-07-06,2020070601015453,GMFBS,16,1,10,730.00,"7,300.00"
2020-07-06,2020070601015395,GMFBS,16,19,10,730.00,"7,300.00"
2020-07-06,2020070601015394,GMFBS,16,6,10,730.00,"7,300.00"
2020-07-06,2020070601015393,GMFBS,16,35,107,729.00,"78,003.00"
2020-07-06,2020070601015392,GMFBS,16,13,10,729.00,"7,290.00"
2020-07-06,2020070601015391,GMFBS,16,1,10,729.00,"7,290.00"
2020-07-06,2020070601015390,GMFBS,16,32,68,725.00,"49,300.00"
2020-07-06,2020070601015862,HBL,14,32,50,518.00,"25,900.00"
2020-07-06,2020070601015859,HDL,26,14,112,"1,510.00","169,120.00"
2020-07-06,2020070601015858,HDL,26,57,75,"1,508.00","113,100.00"
2020-07-06,2020070601015857,HDL,26,4,13,"1,506.00","19,578.00"
2020-07-06,2020070601015847,HDL,44,4,50,"1,505.00","75,250.00"
2020-07-06,2020070601015813,HDL,44,59,17,"1,505.00","25,585.00"
2020-07-06,2020070601015795,HDL,46,47,100,"1,505.00","150,500.00"
2020-07-06,2020070601015791,HDL,14,47,200,"1,505.00","301,000.00"
2020-07-06,2020070601015538,HDL,57,47,140,"1,505.00","210,700.00"
2020-07-06,2020070601015446,HDL,47,47,60,"1,505.00","90,300.00"
2020-07-06,2020070601015486,HGI,1,35,120,346.00,"41,520.00"
2020-07-06,2020070601015485,HGI,57,35,50,349.00,"17,450.00"
2020-07-06,2020070601015790,HIDCL,45,1,480,129.00,"61,920.00"
2020-07-06,2020070601015596,HIDCL,58,41,63,128.00,"8,064.00"
2020-07-06,2020070601015413,HIDCL,58,4,25,128.00,"3,200.00"
2020-07-06,2020070601015867,ILBS,33,17,10,680.00,"6,800.00"
2020-07-06,2020070601015722,ILBS,35,35,11,671.00,"7,381.00"
2020-07-06,2020070601015608,ILBS,35,1,11,671.00,"7,381.00"
