Date,Transact. No.,Symbol,Buyer,Seller,Quantity,Rate,Amount
2019-06-02,2019060201009763,ADBL,42,4,"1,000",422.00,"422,000.00"
2019-06-02,2019060201009762,ADBL,42,1,100,422.00,"42,200.00"
2019-06-02,2019060201009761,ADBL,42,52,500,422.00,"211,000.00"
2019-06-02,2019060201009760,ADBL,42,50,640,422.00,"270,080.00"
2019-06-02,2019060201009668,ADBL,49,50,100,422.00,"42,200.00"
2019-06-02,2019060201009584,ADBL,25,58,183,421.00,"77,043.00"
2019-06-02,2019060201009549,ADBL,25,14,817,421.00,"343,957.00"
2019-06-02,2019060201009502,ADBL,29,42,200,420.00,"84,000.00"
2019-06-02,2019060201009474,ADBL,25,14,200,421.00,"84,200.00"
2019-06-02,2019060201009473,ADBL,25,4,300,421.00,"126,300.00"
2019-06-02,2019060201009318,ADBL,29,4,125,420.00,"52,500.00"
2019-06-02,2019060201009317,ADBL,45,4,375,420.00,"157,500.00"
2019-06-02,2019060201009728,AHPC,45,19,20,111.00,"2,220.00"
2019-06-02,2019060201009698,ALBSL,19,7,10,447.00,"4,470.00"
2019-06-02,2019060201009656,ALBSL,42,34,10,440.00,"4,400.00"
2019-06-02,2019060201009633,ALBSL,11,38,10,447.00,"4,470.00"
2019-06-02,2019060201009632,ALBSL,11,34,10,445.00,"4,450.00"
2019-06-02,2019060201009631,ALBSL,11,34,10,445.00,"4,450.00"
2019-06-02,2019060201009630,ALBSL,11,34,10,442.00,"4,420.00"
2019-06-02,2019060201009469,ALBSL,42,7,10,440.00,"4,400.00"
2019-06-02,2019060201009335,ALBSL,42,34,10,440.00,"4,400.00"
2019-06-02,2019060201009329,ALBSL,13,42,10,444.00,"4,440.00"
2019-06-02,2019060201009307,ALBSL,42,34,10,440.00,"4,400.00"
2019-06-02,2019060201009624,ALBSL,42,34,10,440.00,"4,400.00"
2019-06-02,2019060201009613,ALBSL,42,57,10,440.00,"4,400.00"
2019-06-02,2019060201009592,ALBSL,42,34,10,440.00,"4,400.00"
2019-06-02,2019060201009563,ALBSL,42,34,10,440.00,"4,400.00"
2019-06-02,2019060201009476,ALBSL,19,42,10,446.00,"4,460.00"
2019-06-02,2019060201009475,ALBSL,19,59,10,445.00,"4,450.00"
2019-06-02,2019060201009790,ALICL,17,52,150,410.00,"61,500.00"
2019-06-02,2019060201009789,ALICL,1,52,39,410.00,"15,990.00"
2019-06-02,2019060201009708,ALICL,1,17,78,410.00,"31,980.00"
2019-06-02,2019060201009707,ALICL,49,17,100,411.00,"41,100.00"
2019-06-02,2019060201009485,AMFI,45,7,10,536.00,"5,360.00"
2019-06-02,2019060201009765,API,38,40,322,157.00,"50,554.00"
2019-06-02,2019060201009764,API,38,34,178,157.00,"27,946.00"
2019-06-02,2019060201009716,API,25,34,22,157.00,"3,454.00"
2019-06-02,2019060201009715,API,25,44,128,156.00,"19,968.00"
2019-06-02,2019060201009696,API,25,44,50,156.00,"7,800.00"
2019-06-02,2019060201009695,API,25,50,450,155.00,"69,750.00"
2019-06-02,2019060201009665,API,41,50,"1,000",155.00,"155,000.00"
2019-06-02,2019060201009501,API,6,40,100,154.00,"15,400.00"
2019-06-02,2019060201009599,BPCL,38,37,111,416.00,"46,176.00"
2019-06-02,2019060201009598,BPCL,39,37,150,416.00,"62,400.00"
2019-06-02,2019060201009597,BPCL,32,37,89,416.00,"37,024.00"
2019-06-02,2019060201009596,BPCL,38,37,150,417.00,"62,550.00"
2019-06-02,2019060201009417,BPCL,32,26,11,416.00,"4,576.00"
2019-06-02,2019060201009712,CBL,33,37,965,147.00,"141,855.00"
2019-06-02,2019060201009640,CBL,49,37,50,147.00,"7,350.00"
2019-06-02,2019060201009639,CBL,41,37,100,147.00,"14,700.00"
2019-06-02,2019060201009374,CBL,17,37,200,148.00,"29,600.00"
2019-06-02,2019060201009622,CCBL,22,44,257,168.00,"43,176.00"
2019-06-02,2019060201009571,CCBL,29,42,"1,000",169.00,"169,000.00"
2019-06-02,2019060201009359,CEFL,41,4,200,100.00,"20,000.00"
2019-06-02,2019060201009358,CEFL,25,4,196,100.00,"19,600.00"
2019-06-02,2019060201009561,CHCL,13,42,100,523.00,"52,300.00"
2019-06-02,2019060201009560,CHCL,19,42,100,525.00,"52,500.00"
2019-06-02,2019060201009516,CHL,52,7,10,98.00,980.00
2019-06-02,2019060201009710,CHLBS,57,13,100,445.00,"44,500.00"
2019-06-02,2019060201009709,CHLBS,35,13,20,450.00,"9,000.00"
2019-06-02,2019060201009312,CHLBS,42,38,10,452.00,"4,520.00"
2019-06-02,2019060201009311,CHLBS,42,41,10,452.00,"4,520.00"
2019-06-02,2019060201009310,CHLBS,42,26,10,450.00,"4,500.00"
2019-06-02,2019060201009309,CHLBS,42,26,10,450.00,"4,500.00"
2019-06-02,2019060201009308,CHLBS,42,26,10,450.00,"4,500.00"
2019-06-02,2019060201009384,CIT,10,26,11,"2,576.00","28,336.00"
2019-06-02,2019060201009383,CIT,45,26,10,"2,576.00","25,760.00"
2019-06-02,2019060201009382,CIT,37,26,10,"2,576.00","25,760.00"
2019-06-02,2019060201009381,CIT,22,26,43,"2,578.00","110,854.00"
2019-06-02,2019060201009620,CLBSL,54,5,16,549.00,"8,784.00"
2019-06-02,2019060201009750,CZBIL,43,7,10,229.00,"2,290.00"
2019-06-02,2019060201009690,CZBIL,6,34,414,228.00,"94,392.00"
2019-06-02,2019060201009689,CZBIL,34,34,86,228.00,"19,608.00"
2019-06-02,2019060201009612,CZBIL,34,14,24,228.00,"5,472.00"
2019-06-02,2019060201009461,CZBIL,34,39,100,228.00,"22,800.00"
2019-06-02,2019060201009530,DBBL,55,6,500,150.00,"75,000.00"
2019-06-02,2019060201009529,DBBL,55,41,140,150.00,"21,000.00"
2019-06-02,2019060201009528,DBBL,55,40,100,150.00,"15,000.00"
2019-06-02,2019060201009527,DBBL,55,51,989,150.00,"148,350.00"
2019-06-02,2019060201009526,DBBL,55,34,343,149.00,"51,107.00"
2019-06-02,2019060201009525,DBBL,55,59,452,149.00,"67,348.00"
2019-06-02,2019060201009744,DDBL,43,34,25,721.00,"18,025.00"
2019-06-02,2019060201009743,DDBL,43,34,50,721.00,"36,050.00"
2019-06-02,2019060201009742,DDBL,43,34,30,721.00,"21,630.00"
2019-06-02,2019060201009741,DDBL,43,34,30,721.00,"21,630.00"
2019-06-02,2019060201009740,DDBL,43,34,50,721.00,"36,050.00"
2019-06-02,2019060201009638,DDBL,43,14,30,721.00,"21,630.00"
2019-06-02,2019060201009551,EBL,6,53,155,671.00,"104,005.00"
2019-06-02,2019060201009445,EBL,28,3,101,672.00,"67,872.00"
2019-06-02,2019060201009411,EBL,44,3,300,672.00,"201,600.00"
2019-06-02,2019060201009414,EIC,43,43,330,414.00,"136,620.00"
2019-06-02,2019060201009389,EIC,51,32,77,411.00,"31,647.00"
2019-06-02,2019060201009611,FMDBL,17,48,203,403.00,"81,809.00"
2019-06-02,2019060201009778,FOWAD,35,33,30,"1,475.00","44,250.00"
2019-06-02,2019060201009777,FOWAD,17,33,33,"1,475.00","48,675.00"
2019-06-02,2019060201009363,FOWAD,17,32,67,"1,475.00","98,825.00"
2019-06-02,2019060201009714,GBBL,17,42,111,228.00,"25,308.00"
2019-06-02,2019060201009421,GBBL,17,44,197,228.00,"44,916.00"
2019-06-02,2019060201009767,GBIME,19,41,180,307.00,"55,260.00"
2019-06-02,2019060201009660,GBIME,19,4,140,307.00,"42,980.00"
2019-06-02,2019060201009657,GBIME,46,4,300,307.00,"92,100.00"
2019-06-02,2019060201009532,GBIME,49,4,50,307.00,"15,350.00"
2019-06-02,2019060201009684,HBL,40,44,43,575.00,"24,725.00"
2019-06-02,2019060201009683,HBL,40,44,32,575.00,"18,400.00"
2019-06-02,2019060201009691,HDL,17,44,20,"1,715.00","34,300.00"
2019-06-02,2019060201009515,HDL,33,39,10,"1,690.00","16,900.00"
2019-06-02,2019060201009488,HDL,33,22,80,"1,685.00","134,800.00"
2019-06-02,2019060201009533,HGI,39,7,202,382.00,"77,164.00"
2019-06-02,2019060201009663,HIDCL,5,48,10,167.00,"1,670.00"
2019-06-02,2019060201009621,HIDCL,5,42,40,165.00,"6,600.00"
2019-06-02,2019060201009553,HPPL,37,7,20,183.00,"3,660.00"
2019-06-02,2019060201009702,HURJA,45,52,20,152.00,"3,040.00"
2019-06-02,2019060201009701,HURJA,45,52,20,152.00,"3,040.00"
2019-06-02,2019060201009700,HURJA,45,52,20,152.00,"3,040.00"
2019-06-02,2019060201009699,HURJA,45,52,20,152.00,"3,040.00"
2019-06-02,2019060201009339,HURJA,52,59,20,153.00,"3,060.00"
2019-06-02,2019060201009338,HURJA,52,59,10,153.00,"1,530.00"
2019-06-02,2019060201009337,HURJA,52,49,20,151.00,"3,020.00"
2019-06-02,2019060201009345,HURJA,52,22,20,154.00,"3,080.00"
2019-06-02,2019060201009344,HURJA,52,22,20,154.00,"3,080.00"
2019-06-02,2019060201009343,HURJA,52,22,20,154.00,"3,080.00"
2019-06-02,2019060201009342,HURJA,52,22,20,154.00,"3,080.00"
2019-06-02,2019060201009341,HURJA,52,22,20,154.00,"3,080.00"
2019-06-02,2019060201009340,HURJA,52,22,10,154.00,"1,540.00"
2019-06-02,2019060201009351,HURJA,52,38,20,154.00,"3,080.00"
2019-06-02,2019060201009350,HURJA,52,48,20,154.00,"3,080.00"
2019-06-02,2019060201009349,HURJA,52,40,20,154.00,"3,080.00"
2019-06-02,2019060201009348,HURJA,52,22,20,154.00,"3,080.00"
2019-06-02,2019060201009347,HURJA,52,22,20,154.00,"3,080.00"
2019-06-02,2019060201009346,HURJA,52,22,20,154.00,"3,080.00"
2019-06-02,2019060201009428,HURJA,19,52,20,153.00,"3,060.00"
2019-06-02,2019060201009354,HURJA,52,3,260,155.00,"40,300.00"
2019-06-02,2019060201009353,HURJA,52,46,20,155.00,"3,100.00"
2019-06-02,2019060201009352,HURJA,52,32,20,154.00,"3,080.00"
2019-06-02,2019060201009664,HURJA,33,52,20,151.00,"3,020.00"
2019-06-02,2019060201009573,HURJA,33,39,20,151.00,"3,020.00"
2019-06-02,2019060201009534,HURJA,33,46,20,151.00,"3,020.00"
2019-06-02,2019060201009493,HURJA,33,39,20,151.00,"3,020.00"
2019-06-02,2019060201009484,HURJA,13,3,30,150.00,"4,500.00"
2019-06-02,2019060201009483,HURJA,33,3,10,150.00,"1,500.00"
2019-06-02,2019060201009442,IGI,14,6,30,398.00,"11,940.00"
2019-06-02,2019060201009441,IGI,14,6,50,399.00,"19,950.00"
2019-06-02,2019060201009444,IGI,32,6,713,397.00,"283,061.00"
2019-06-02,2019060201009443,IGI,53,6,200,398.00,"79,600.00"
2019-06-02,2019060201009737,JBBL,41,39,100,156.00,"15,600.00"
2019-06-02,2019060201009651,JBBL,38,44,156,157.00,"24,492.00"
2019-06-02,2019060201009511,JBBL,51,44,344,157.00,"54,008.00"
2019-06-02,2019060201009462,JBBL,51,40,124,157.00,"19,468.00"
2019-06-02,2019060201009727,JBNL,5,4,100,210.00,"21,000.00"
2019-06-02,2019060201009636,JBNL,57,58,"1,000",209.00,"209,000.00"
2019-06-02,2019060201009552,JBNL,57,40,483,209.00,"100,947.00"
2019-06-02,2019060201009550,JBNL,44,4,50,210.00,"10,500.00"
2019-06-02,2019060201009479,JBNL,57,39,71,209.00,"14,839.00"
2019-06-02,2019060201009478,JBNL,34,39,100,209.00,"20,900.00"
2019-06-02,2019060201009477,JBNL,28,39,133,209.00,"27,797.00"
2019-06-02,2019060201009576,JFL,17,41,100,181.00,"18,100.00"
2019-06-02,2019060201009749,KBBL,33,40,"1,000",237.00,"237,000.00"
2019-06-02,2019060201009748,KBBL,32,40,10,239.00,"2,390.00"
2019-06-02,2019060201009628,KBBL,32,21,290,239.00,"69,310.00"
2019-06-02,2019060201009623,KBBL,49,21,10,239.00,"2,390.00"
2019-06-02,2019060201009538,KBBL,34,47,"1,512",236.00,"356,832.00"
2019-06-02,2019060201009537,KBBL,49,47,200,236.00,"47,200.00"
2019-06-02,2019060201009360,KBBL,34,29,988,238.00,"235,144.00"
2019-06-02,2019060201009319,KBBL,33,26,500,239.00,"119,500.00"
2019-06-02,2019060201009372,KBBL,36,47,547,237.00,"129,639.00"
2019-06-02,2019060201009371,KBBL,32,47,500,237.00,"118,500.00"
2019-06-02,2019060201009370,KBBL,25,47,100,237.00,"23,700.00"
2019-06-02,2019060201009369,KBBL,32,47,160,237.00,"37,920.00"
2019-06-02,2019060201009368,KBBL,49,47,500,238.00,"119,000.00"
2019-06-02,2019060201009367,KBBL,34,47,193,238.00,"45,934.00"
2019-06-02,2019060201009536,KBBL,58,47,307,236.00,"72,452.00"
2019-06-02,2019060201009535,KBBL,34,47,77,237.00,"18,249.00"
2019-06-02,2019060201009510,KBBL,32,26,227,239.00,"54,253.00"
2019-06-02,2019060201009495,KBBL,34,47,"1,581",237.00,"374,697.00"
2019-06-02,2019060201009472,KBBL,34,47,342,237.00,"81,054.00"
2019-06-02,2019060201009471,KBBL,36,47,"1,453",237.00,"344,361.00"
2019-06-02,2019060201009362,KBL,42,37,"1,700",218.00,"370,600.00"
2019-06-02,2019060201009361,KBL,42,40,17,218.00,"3,706.00"
2019-06-02,2019060201009615,KSBBL,17,1,200,163.00,"32,600.00"
2019-06-02,2019060201009614,KSBBL,17,14,118,163.00,"19,234.00"
2019-06-02,2019060201009519,KSBBL,56,25,11,161.00,"1,771.00"
2019-06-02,2019060201009416,KSBBL,32,49,104,161.00,"16,744.00"
2019-06-02,2019060201009487,LBBL,38,38,"1,000",201.00,"201,000.00"
2019-06-02,2019060201009486,LBBL,53,38,500,201.00,"100,500.00"
2019-06-02,2019060201009635,LBL,42,44,"3,000",224.00,"672,000.00"
2019-06-02,2019060201009499,LBL,28,35,642,225.00,"144,450.00"
2019-06-02,2019060201009498,LBL,28,57,100,225.00,"22,500.00"
2019-06-02,2019060201009497,LBL,28,16,"1,000",225.00,"225,000.00"
2019-06-02,2019060201009496,LBL,28,41,100,225.00,"22,500.00"
2019-06-02,2019060201009456,LBL,28,39,150,223.00,"33,450.00"
2019-06-02,2019060201009647,LICN,41,59,100,"1,769.00","176,900.00"
2019-06-02,2019060201009646,LICN,51,59,100,"1,769.00","176,900.00"
2019-06-02,2019060201009645,LICN,59,59,100,"1,770.00","177,000.00"
2019-06-02,2019060201009644,LICN,17,59,32,"1,770.00","56,640.00"
2019-06-02,2019060201009643,LICN,45,59,100,"1,771.00","177,100.00"
2019-06-02,2019060201009642,LICN,14,59,100,"1,772.00","177,200.00"
2019-06-02,2019060201009641,LICN,40,59,200,"1,773.00","354,600.00"
2019-06-02,2019060201009548,LICN,34,40,10,"1,774.00","17,740.00"
2019-06-02,2019060201009482,LICN,34,40,30,"1,774.00","53,220.00"
2019-06-02,2019060201009574,LVF1,47,42,"2,000",10.20,"20,400.00"
2019-06-02,2019060201009717,MBL,14,32,500,271.00,"135,500.00"
2019-06-02,2019060201009466,MBL,51,48,70,272.00,"19,040.00"
2019-06-02,2019060201009465,MBL,19,14,50,273.00,"13,650.00"
2019-06-02,2019060201009542,MDB,35,45,40,250.00,"10,000.00"
2019-06-02,2019060201009687,MEGA,47,25,217,204.00,"44,268.00"
2019-06-02,2019060201009617,MEGA,19,25,30,205.00,"6,150.00"
2019-06-02,2019060201009582,MEGA,47,39,776,204.00,"158,304.00"
2019-06-02,2019060201009581,MEGA,32,39,500,204.00,"102,000.00"
2019-06-02,2019060201009580,MEGA,1,39,500,204.00,"102,000.00"
2019-06-02,2019060201009579,MEGA,58,39,284,204.00,"57,936.00"
2019-06-02,2019060201009304,MEGA,48,57,"1,000",204.00,"204,000.00"
2019-06-02,2019060201009545,MEGA,58,48,716,204.00,"146,064.00"
2019-06-02,2019060201009544,MEGA,56,48,"1,000",204.00,"204,000.00"
2019-06-02,2019060201009543,MEGA,39,48,"1,103",204.00,"225,012.00"
2019-06-02,2019060201009518,MEGA,44,25,50,205.00,"10,250.00"
2019-06-02,2019060201009306,MEGA,39,57,397,204.00,"80,988.00"
2019-06-02,2019060201009305,MEGA,28,57,500,204.00,"102,000.00"
2019-06-02,2019060201009585,MNBBL,40,42,200,374.00,"74,800.00"
2019-06-02,2019060201009572,MSLB,47,7,23,"1,019.00","23,437.00"
2019-06-02,2019060201009435,MSMBS,34,56,11,490.00,"5,390.00"
2019-06-02,2019060201009655,NABIL,14,42,50,834.00,"41,700.00"
2019-06-02,2019060201009654,NABIL,19,42,10,834.00,"8,340.00"
2019-06-02,2019060201009425,NABIL,57,4,27,833.00,"22,491.00"
2019-06-02,2019060201009719,NADEP,38,43,100,469.00,"46,900.00"
2019-06-02,2019060201009797,NBL,33,21,200,335.00,"67,000.00"
2019-06-02,2019060201009775,NBL,34,21,50,335.00,"16,750.00"
2019-06-02,2019060201009725,NBL,3,21,50,335.00,"16,750.00"
2019-06-02,2019060201009591,NBL,5,39,50,334.00,"16,700.00"
2019-06-02,2019060201009423,NBL,53,39,170,333.00,"56,610.00"
2019-06-02,2019060201009422,NBL,35,39,30,334.00,"10,020.00"
2019-06-02,2019060201009394,NBL,5,28,"1,000",334.00,"334,000.00"
2019-06-02,2019060201009774,NCCB,40,36,363,262.00,"95,106.00"
2019-06-02,2019060201009773,NCCB,43,36,270,262.00,"70,740.00"
2019-06-02,2019060201009772,NCCB,17,36,250,262.00,"65,500.00"
2019-06-02,2019060201009771,NCCB,8,36,200,262.00,"52,400.00"
2019-06-02,2019060201009770,NCCB,38,36,"1,000",262.00,"262,000.00"
2019-06-02,2019060201009769,NCCB,34,36,917,262.00,"240,254.00"
2019-06-02,2019060201009503,NCCB,36,5,787,262.00,"206,194.00"
2019-06-02,2019060201009364,NCCB,36,34,200,262.00,"52,400.00"
2019-06-02,2019060201009313,NCCB,29,8,100,263.00,"26,300.00"
2019-06-02,2019060201009739,NCCB,44,48,500,263.00,"131,500.00"
2019-06-02,2019060201009738,NCCB,44,8,200,263.00,"52,600.00"
2019-06-02,2019060201009513,NCCB,34,18,83,262.00,"21,746.00"
2019-06-02,2019060201009512,NCCB,25,18,917,262.00,"240,254.00"
2019-06-02,2019060201009505,NCCB,25,5,83,262.00,"21,746.00"
2019-06-02,2019060201009504,NCCB,58,5,130,262.00,"34,060.00"
2019-06-02,2019060201009333,NGPL,1,49,51,120.00,"6,120.00"
2019-06-02,2019060201009652,NIB,45,42,20,540.00,"10,800.00"
2019-06-02,2019060201009648,NIB,14,17,50,540.00,"27,000.00"
2019-06-02,2019060201009705,NICA,25,58,"1,000",478.00,"478,000.00"
2019-06-02,2019060201009704,NICA,35,58,20,478.00,"9,560.00"
2019-06-02,2019060201009703,NICA,43,58,204,478.00,"97,512.00"
2019-06-02,2019060201009559,NICA,14,43,100,479.00,"47,900.00"
2019-06-02,2019060201009410,NICA,16,43,300,479.00,"143,700.00"
2019-06-02,2019060201009366,NICA,19,43,25,479.00,"11,975.00"
2019-06-02,2019060201009713,NLIC,35,40,745,935.00,"696,575.00"
2019-06-02,2019060201009650,NLIC,35,39,500,935.00,"467,500.00"
2019-06-02,2019060201009600,NLIC,35,7,17,933.00,"15,861.00"
2019-06-02,2019060201009531,NLIC,16,58,100,933.00,"93,300.00"
2019-06-02,2019060201009327,NLIC,14,37,170,937.00,"159,290.00"
2019-06-02,2019060201009677,NLICL,41,39,52,642.00,"33,384.00"
2019-06-02,2019060201009676,NLICL,47,39,100,643.00,"64,300.00"
2019-06-02,2019060201009675,NLICL,35,39,100,643.00,"64,300.00"
2019-06-02,2019060201009616,NLICL,43,42,10,648.00,"6,480.00"
2019-06-02,2019060201009776,NMBMF,58,36,11,"1,110.00","12,210.00"
2019-06-02,2019060201009658,NMBMF,58,57,10,"1,090.00","10,900.00"
2019-06-02,2019060201009673,NSEWA,6,49,20,450.00,"9,000.00"
2019-06-02,2019060201009480,NSEWA,42,39,10,457.00,"4,570.00"
2019-06-02,2019060201009402,NSEWA,6,45,60,450.00,"27,000.00"
2019-06-02,2019060201009801,NTC,43,54,10,717.00,"7,170.00"
2019-06-02,2019060201009747,NTC,6,58,300,713.00,"213,900.00"
2019-06-02,2019060201009672,NTC,43,54,10,717.00,"7,170.00"
2019-06-02,2019060201009634,NTC,6,44,85,713.00,"60,605.00"
2019-06-02,2019060201009434,NTC,42,44,15,716.00,"10,740.00"
2019-06-02,2019060201009433,NTC,42,19,185,714.00,"132,090.00"
2019-06-02,2019060201009686,NUBL,35,17,20,848.00,"16,960.00"
2019-06-02,2019060201009685,NUBL,35,41,10,847.00,"8,470.00"
2019-06-02,2019060201009356,NUBL,7,57,100,845.00,"84,500.00"
2019-06-02,2019060201009355,NUBL,26,57,600,846.00,"507,600.00"
2019-06-02,2019060201009619,OHL,42,50,10,659.00,"6,590.00"
2019-06-02,2019060201009618,OHL,42,52,21,655.00,"13,755.00"
2019-06-02,2019060201009586,OHL,42,36,500,649.00,"324,500.00"
2019-06-02,2019060201009408,OHL,45,50,100,647.00,"64,700.00"
2019-06-02,2019060201009407,OHL,45,13,100,645.00,"64,500.00"
2019-06-02,2019060201009590,OHL,42,52,29,655.00,"18,995.00"
2019-06-02,2019060201009589,OHL,42,58,"1,000",652.00,"652,000.00"
2019-06-02,2019060201009588,OHL,42,52,171,651.00,"111,321.00"
2019-06-02,2019060201009587,OHL,42,28,200,650.00,"130,000.00"
2019-06-02,2019060201009783,PCBL,55,38,"2,000",307.00,"614,000.00"
2019-06-02,2019060201009782,PCBL,45,38,30,307.00,"9,210.00"
2019-06-02,2019060201009781,PCBL,14,38,50,307.00,"15,350.00"
2019-06-02,2019060201009780,PCBL,45,38,20,307.00,"6,140.00"
2019-06-02,2019060201009779,PCBL,47,38,80,307.00,"24,560.00"
2019-06-02,2019060201009427,PCBL,38,47,"1,000",308.00,"308,000.00"
2019-06-02,2019060201009759,PIC,35,32,60,"1,173.00","70,380.00"
2019-06-02,2019060201009754,PIC,45,37,5,"1,170.00","5,850.00"
2019-06-02,2019060201009753,PIC,45,48,44,"1,170.00","51,480.00"
2019-06-02,2019060201009735,PIC,45,7,51,"1,170.00","59,670.00"
2019-06-02,2019060201009734,PIC,17,7,50,"1,170.00","58,500.00"
2019-06-02,2019060201009733,PIC,35,7,50,"1,170.00","58,500.00"
2019-06-02,2019060201009419,PIC,39,6,20,"1,170.00","23,400.00"
2019-06-02,2019060201009418,PIC,17,6,100,"1,170.00","117,000.00"
2019-06-02,2019060201009401,PIC,39,6,50,"1,171.00","58,550.00"
2019-06-02,2019060201009400,PIC,32,6,78,"1,171.00","91,338.00"
2019-06-02,2019060201009399,PIC,56,6,200,"1,172.00","234,400.00"
2019-06-02,2019060201009448,PIC,39,32,20,"1,168.00","23,360.00"
2019-06-02,2019060201009431,PIC,48,53,40,"1,170.00","46,800.00"
2019-06-02,2019060201009430,PIC,38,53,100,"1,170.00","117,000.00"
2019-06-02,2019060201009429,PIC,51,53,26,"1,170.00","30,420.00"
2019-06-02,2019060201009426,PIC,34,6,30,"1,171.00","35,130.00"
2019-06-02,2019060201009420,PIC,51,6,24,"1,170.00","28,080.00"
2019-06-02,2019060201009674,PIC,35,32,100,"1,173.00","117,300.00"
2019-06-02,2019060201009547,PIC,8,6,142,"1,171.00","166,282.00"
2019-06-02,2019060201009494,PIC,50,53,134,"1,170.00","156,780.00"
2019-06-02,2019060201009451,PIC,50,32,126,"1,167.00","147,042.00"
2019-06-02,2019060201009450,PIC,50,32,50,"1,168.00","58,400.00"
2019-06-02,2019060201009449,PIC,7,32,50,"1,168.00","58,400.00"
2019-06-02,2019060201009732,PIC,50,7,74,"1,170.00","86,580.00"
2019-06-02,2019060201009731,PIC,35,7,20,"1,170.00","23,400.00"
2019-06-02,2019060201009730,PIC,45,7,56,"1,170.00","65,520.00"
2019-06-02,2019060201009729,PIC,45,7,10,"1,171.00","11,710.00"
2019-06-02,2019060201009718,PIC,35,32,30,"1,173.00","35,190.00"
2019-06-02,2019060201009697,PIC,52,32,10,"1,173.00","11,730.00"
2019-06-02,2019060201009784,PLIC,48,17,10,470.00,"4,700.00"
2019-06-02,2019060201009386,PMHPL,44,49,10,109.00,"1,090.00"
2019-06-02,2019060201009380,PRIN,39,28,122,402.00,"49,044.00"
2019-06-02,2019060201009379,PRIN,28,28,79,402.00,"31,758.00"
2019-06-02,2019060201009378,PRIN,58,28,116,404.00,"46,864.00"
2019-06-02,2019060201009793,PRVU,38,58,20,277.00,"5,540.00"
2019-06-02,2019060201009610,PRVU,44,58,"4,878",276.00,"1,346,328.00"
2019-06-02,2019060201009609,PRVU,51,58,500,276.00,"138,000.00"
2019-06-02,2019060201009608,PRVU,1,58,50,276.00,"13,800.00"
2019-06-02,2019060201009564,PRVU,57,58,500,277.00,"138,500.00"
2019-06-02,2019060201009558,PRVU,51,58,400,277.00,"110,800.00"
2019-06-02,2019060201009409,PRVU,28,58,200,277.00,"55,400.00"
2019-06-02,2019060201009601,PRVU,44,58,522,276.00,"144,072.00"
2019-06-02,2019060201009593,PRVU,52,58,100,277.00,"27,700.00"
2019-06-02,2019060201009607,PRVU,51,58,"1,000",276.00,"276,000.00"
2019-06-02,2019060201009606,PRVU,14,58,"1,000",276.00,"276,000.00"
2019-06-02,2019060201009605,PRVU,22,58,"1,500",276.00,"414,000.00"
2019-06-02,2019060201009604,PRVU,40,58,500,276.00,"138,000.00"
2019-06-02,2019060201009603,PRVU,44,58,"3,000",276.00,"828,000.00"
2019-06-02,2019060201009602,PRVU,41,58,50,276.00,"13,800.00"
2019-06-02,2019060201009455,RHPC,1,40,660,94.00,"62,040.00"
2019-06-02,2019060201009454,RHPC,17,40,500,94.00,"47,000.00"
2019-06-02,2019060201009453,RHPC,1,40,81,94.00,"7,614.00"
2019-06-02,2019060201009424,RHPC,38,40,500,95.00,"47,500.00"
2019-06-02,2019060201009766,RLFL,39,32,100,135.00,"13,500.00"
2019-06-02,2019060201009514,RRHP,47,17,200,105.00,"21,000.00"
2019-06-02,2019060201009662,SAEF,45,28,"8,000",9.95,"79,600.00"
2019-06-02,2019060201009661,SAEF,36,28,"5,200",9.96,"51,792.00"
2019-06-02,2019060201009671,SANIMA,34,57,20,355.00,"7,100.00"
2019-06-02,2019060201009670,SANIMA,34,14,80,354.00,"28,320.00"
2019-06-02,2019060201009667,SANIMA,19,14,200,354.00,"70,800.00"
2019-06-02,2019060201009666,SANIMA,52,14,220,354.00,"77,880.00"
2019-06-02,2019060201009578,SANIMA,52,28,200,354.00,"70,800.00"
2019-06-02,2019060201009520,SANIMA,52,42,200,354.00,"70,800.00"
2019-06-02,2019060201009439,SANIMA,52,39,100,354.00,"35,400.00"
2019-06-02,2019060201009679,SBI,17,7,22,482.00,"10,604.00"
2019-06-02,2019060201009557,SBL,47,49,200,336.00,"67,200.00"
2019-06-02,2019060201009556,SBL,35,49,95,336.00,"31,920.00"
2019-06-02,2019060201009555,SBL,26,49,440,336.00,"147,840.00"
2019-06-02,2019060201009746,SCB,49,33,500,692.00,"346,000.00"
2019-06-02,2019060201009724,SCB,49,7,20,692.00,"13,840.00"
2019-06-02,2019060201009649,SCB,49,21,60,692.00,"41,520.00"
2019-06-02,2019060201009481,SCB,49,37,500,692.00,"346,000.00"
2019-06-02,2019060201009387,SCB,49,58,50,692.00,"34,600.00"
2019-06-02,2019060201009373,SDESI,45,42,23,606.00,"13,938.00"
2019-06-02,2019060201009800,SHIVM,45,34,200,671.00,"134,200.00"
2019-06-02,2019060201009796,SHIVM,45,48,300,671.00,"201,300.00"
2019-06-02,2019060201009795,SHIVM,7,26,100,671.00,"67,100.00"
2019-06-02,2019060201009794,SHIVM,57,26,100,671.00,"67,100.00"
2019-06-02,2019060201009758,SHIVM,38,3,265,672.00,"178,080.00"
2019-06-02,2019060201009757,SHIVM,38,53,15,672.00,"10,080.00"
2019-06-02,2019060201009396,SHIVM,34,40,50,672.00,"33,600.00"
2019-06-02,2019060201009395,SHIVM,34,28,50,672.00,"33,600.00"
2019-06-02,2019060201009375,SHIVM,57,3,160,671.00,"107,360.00"
2019-06-02,2019060201009415,SHIVM,36,13,100,674.00,"67,400.00"
2019-06-02,2019060201009406,SHIVM,36,56,200,674.00,"134,800.00"
2019-06-02,2019060201009405,SHIVM,36,58,30,674.00,"20,220.00"
2019-06-02,2019060201009404,SHIVM,36,21,100,674.00,"67,400.00"
2019-06-02,2019060201009403,SHIVM,36,14,100,674.00,"67,400.00"
2019-06-02,2019060201009397,SHIVM,34,50,"1,000",673.00,"673,000.00"
2019-06-02,2019060201009541,SHIVM,59,5,70,675.00,"47,250.00"
2019-06-02,2019060201009540,SHIVM,59,34,400,675.00,"270,000.00"
2019-06-02,2019060201009539,SHIVM,59,21,30,674.00,"20,220.00"
2019-06-02,2019060201009521,SHIVM,52,21,50,672.00,"33,600.00"
2019-06-02,2019060201009447,SHIVM,34,32,130,670.00,"87,100.00"
2019-06-02,2019060201009446,SHIVM,36,32,70,674.00,"47,180.00"
2019-06-02,2019060201009626,SHIVM,21,17,50,676.00,"33,800.00"
2019-06-02,2019060201009625,SHIVM,21,26,200,676.00,"135,200.00"
2019-06-02,2019060201009595,SHIVM,38,25,170,672.00,"114,240.00"
2019-06-02,2019060201009594,SHIVM,38,21,50,672.00,"33,600.00"
2019-06-02,2019060201009566,SHIVM,57,21,50,671.00,"33,550.00"
2019-06-02,2019060201009554,SHIVM,49,5,30,675.00,"20,250.00"
2019-06-02,2019060201009688,SHIVM,43,50,50,675.00,"33,750.00"
2019-06-02,2019060201009682,SHIVM,52,48,110,673.00,"74,030.00"
2019-06-02,2019060201009681,SHIVM,26,48,100,674.00,"67,400.00"
2019-06-02,2019060201009680,SHIVM,52,48,90,674.00,"60,660.00"
2019-06-02,2019060201009659,SHIVM,52,42,50,674.00,"33,700.00"
2019-06-02,2019060201009627,SHIVM,21,22,20,676.00,"13,520.00"
2019-06-02,2019060201009736,SHIVM,38,53,100,673.00,"67,300.00"
2019-06-02,2019060201009721,SHIVM,18,53,100,673.00,"67,300.00"
2019-06-02,2019060201009720,SHIVM,52,53,285,673.00,"191,805.00"
2019-06-02,2019060201009711,SHIVM,52,34,50,673.00,"33,650.00"
2019-06-02,2019060201009694,SHIVM,36,38,50,675.00,"33,750.00"
2019-06-02,2019060201009693,SHIVM,36,50,50,675.00,"33,750.00"
2019-06-02,2019060201009575,SHPC,44,49,400,265.00,"106,000.00"
2019-06-02,2019060201009470,SHPC,1,48,200,266.00,"53,200.00"
2019-06-02,2019060201009467,SHPC,16,48,200,266.00,"53,200.00"
2019-06-02,2019060201009440,SHPC,45,48,100,266.00,"26,600.00"
2019-06-02,2019060201009365,SHPC,16,13,100,265.00,"26,500.00"
2019-06-02,2019060201009334,SHPC,53,42,930,264.00,"245,520.00"
2019-06-02,2019060201009570,SICL,40,17,485,847.00,"410,795.00"
2019-06-02,2019060201009413,SICL,40,41,15,847.00,"12,705.00"
2019-06-02,2019060201009412,SICL,6,41,85,847.00,"71,995.00"
2019-06-02,2019060201009388,SICL,21,17,20,848.00,"16,960.00"
2019-06-02,2019060201009460,SINDU,29,39,340,140.00,"47,600.00"
2019-06-02,2019060201009459,SINDU,22,39,300,140.00,"42,000.00"
2019-06-02,2019060201009458,SINDU,38,39,400,141.00,"56,400.00"
2019-06-02,2019060201009457,SINDU,7,39,350,142.00,"49,700.00"
2019-06-02,2019060201009786,SKBBL,57,14,10,993.00,"9,930.00"
2019-06-02,2019060201009524,SKBBL,17,42,22,980.00,"21,560.00"
2019-06-02,2019060201009523,SKBBL,22,42,219,981.00,"214,839.00"
2019-06-02,2019060201009522,SKBBL,28,42,59,982.00,"57,938.00"
2019-06-02,2019060201009385,SKBBL,28,42,41,982.00,"40,262.00"
2019-06-02,2019060201009357,SLBSL,44,52,30,591.00,"17,730.00"
2019-06-02,2019060201009316,SLICL,16,32,300,584.00,"175,200.00"
2019-06-02,2019060201009315,SLICL,59,32,50,585.00,"29,250.00"
2019-06-02,2019060201009314,SLICL,13,32,50,586.00,"29,300.00"
2019-06-02,2019060201009669,SMATA,54,42,19,"1,279.00","24,301.00"
2019-06-02,2019060201009432,SMATA,41,44,19,"1,305.00","24,795.00"
2019-06-02,2019060201009723,SPARS,57,42,45,549.00,"24,705.00"
2019-06-02,2019060201009722,SPARS,22,42,190,549.00,"104,310.00"
2019-06-02,2019060201009629,SPARS,22,49,10,549.00,"5,490.00"
2019-06-02,2019060201009509,SPARS,41,42,50,550.00,"27,500.00"
2019-06-02,2019060201009508,SPARS,22,42,10,550.00,"5,500.00"
2019-06-02,2019060201009507,SPARS,57,42,20,550.00,"11,000.00"
2019-06-02,2019060201009506,SPARS,42,42,35,550.00,"19,250.00"
2019-06-02,2019060201009331,SPARS,57,28,10,551.00,"5,510.00"
2019-06-02,2019060201009517,SPDL,38,49,10,94.00,940.00
2019-06-02,2019060201009637,SRBL,50,41,20,257.00,"5,140.00"
2019-06-02,2019060201009565,SRBL,28,34,250,259.00,"64,750.00"
2019-06-02,2019060201009468,SRBL,18,49,128,258.00,"33,024.00"
2019-06-02,2019060201009437,SRBL,53,49,"1,000",258.00,"258,000.00"
2019-06-02,2019060201009436,SRBL,52,49,22,258.00,"5,676.00"
2019-06-02,2019060201009330,SRBL,52,26,65,258.00,"16,770.00"
2019-06-02,2019060201009768,TRH,28,1,150,280.00,"42,000.00"
2019-06-02,2019060201009756,UIC,56,39,68,996.00,"67,728.00"
2019-06-02,2019060201009755,UIC,45,39,50,997.00,"49,850.00"
2019-06-02,2019060201009692,UIC,56,58,10,"1,010.00","10,100.00"
2019-06-02,2019060201009464,UIC,50,42,500,"1,000.00","500,000.00"
2019-06-02,2019060201009463,UIC,6,42,25,"1,000.00","25,000.00"
2019-06-02,2019060201009788,UPCL,33,42,40,100.00,"4,000.00"
2019-06-02,2019060201009787,UPCL,33,59,60,100.00,"6,000.00"
2019-06-02,2019060201009785,UPCL,33,25,200,99.00,"19,800.00"
2019-06-02,2019060201009752,UPCL,33,37,500,99.00,"49,500.00"
2019-06-02,2019060201009583,UPCL,44,51,50,98.00,"4,900.00"
2019-06-02,2019060201009546,UPCL,33,37,500,100.00,"50,000.00"
2019-06-02,2019060201009376,UPCL,44,21,50,98.00,"4,900.00"
2019-06-02,2019060201009326,UPCL,33,36,450,99.00,"44,550.00"
2019-06-02,2019060201009325,UPCL,33,21,50,98.00,"4,900.00"
2019-06-02,2019060201009324,UPCL,33,21,100,98.00,"9,800.00"
2019-06-02,2019060201009323,UPCL,33,21,100,98.00,"9,800.00"
2019-06-02,2019060201009322,UPCL,33,3,930,98.00,"91,140.00"
2019-06-02,2019060201009452,UPCL,33,36,500,99.00,"49,500.00"
2019-06-02,2019060201009398,UPCL,33,21,50,99.00,"4,950.00"
2019-06-02,2019060201009393,UPCL,33,14,50,99.00,"4,950.00"
2019-06-02,2019060201009392,UPCL,33,14,50,99.00,"4,950.00"
2019-06-02,2019060201009391,UPCL,33,36,50,99.00,"4,950.00"
2019-06-02,2019060201009377,UPCL,44,21,50,98.00,"4,900.00"
2019-06-02,2019060201009799,UPPER,37,17,175,286.00,"50,050.00"
2019-06-02,2019060201009798,UPPER,25,17,325,286.00,"92,950.00"
2019-06-02,2019060201009792,UPPER,25,33,175,286.00,"50,050.00"
2019-06-02,2019060201009791,UPPER,44,33,397,286.00,"113,542.00"
2019-06-02,2019060201009751,UPPER,44,28,500,286.00,"143,000.00"
2019-06-02,2019060201009745,UPPER,6,33,700,287.00,"200,900.00"
2019-06-02,2019060201009328,UPPER,52,33,20,287.00,"5,740.00"
2019-06-02,2019060201009321,UPPER,54,57,229,286.00,"65,494.00"
2019-06-02,2019060201009320,UPPER,34,57,271,286.00,"77,506.00"
2019-06-02,2019060201009438,UPPER,52,33,50,287.00,"14,350.00"
2019-06-02,2019060201009390,UPPER,54,7,40,286.00,"11,440.00"
2019-06-02,2019060201009336,UPPER,53,33,100,287.00,"28,700.00"
2019-06-02,2019060201009332,UPPER,8,33,200,287.00,"57,400.00"
2019-06-02,2019060201009568,UPPER,53,37,500,286.00,"143,000.00"
2019-06-02,2019060201009567,UPPER,54,37,231,286.00,"66,066.00"
2019-06-02,2019060201009562,UPPER,54,17,500,286.00,"143,000.00"
2019-06-02,2019060201009500,UPPER,32,33,100,287.00,"28,700.00"
2019-06-02,2019060201009726,UPPER,44,44,40,286.00,"11,440.00"
2019-06-02,2019060201009706,UPPER,21,33,500,287.00,"143,500.00"
2019-06-02,2019060201009678,UPPER,6,33,700,287.00,"200,900.00"
2019-06-02,2019060201009653,UPPER,44,25,"1,000",286.00,"286,000.00"
2019-06-02,2019060201009577,UPPER,41,33,40,287.00,"11,480.00"
2019-06-02,2019060201009569,UPPER,44,37,63,286.00,"18,018.00"
2019-06-02,2019060201009155,ADBL,45,45,10,420.00,"4,200.00"
2019-06-02,2019060201009087,ADBL,17,4,100,421.00,"42,100.00"
2019-06-02,2019060201009086,ADBL,19,4,100,421.00,"42,100.00"
2019-06-02,2019060201009072,ADBL,59,40,100,421.00,"42,100.00"
2019-06-02,2019060201009071,ADBL,59,40,100,421.00,"42,100.00"
2019-06-02,2019060201009070,ADBL,54,40,"1,000",421.00,"421,000.00"
2019-06-02,2019060201008810,ADBL,19,19,"1,250",421.00,"526,250.00"
2019-06-02,2019060201008809,ADBL,19,29,25,421.00,"10,525.00"
2019-06-02,2019060201008808,ADBL,19,57,453,421.00,"190,713.00"
2019-06-02,2019060201009214,AHPC,56,25,84,110.00,"9,240.00"
2019-06-02,2019060201008976,AHPC,37,48,400,109.00,"43,600.00"
2019-06-02,2019060201008944,AHPC,45,19,20,111.00,"2,220.00"
2019-06-02,2019060201009134,AKPL,6,58,"1,200",192.00,"230,400.00"
2019-06-02,2019060201009270,ALBSL,42,34,10,440.00,"4,400.00"
2019-06-02,2019060201009258,ALBSL,42,57,10,444.00,"4,440.00"
2019-06-02,2019060201009257,ALBSL,42,34,10,443.00,"4,430.00"
2019-06-02,2019060201009233,ALBSL,42,1,25,441.00,"11,025.00"
2019-06-02,2019060201009164,ALBSL,19,1,65,441.00,"28,665.00"
2019-06-02,2019060201009163,ALBSL,6,1,10,441.00,"4,410.00"
2019-06-02,2019060201008927,AMFI,45,7,10,536.00,"5,360.00"
2019-06-02,2019060201009137,API,25,50,50,155.00,"7,750.00"
2019-06-02,2019060201009295,BPCL,22,1,200,416.00,"83,200.00"
2019-06-02,2019060201009179,BPCL,22,7,44,416.00,"18,304.00"
2019-06-02,2019060201009210,CBBL,47,42,200,948.00,"189,600.00"
2019-06-02,2019060201009209,CBBL,36,42,100,949.00,"94,900.00"
2019-06-02,2019060201009186,CBBL,32,39,20,950.00,"19,000.00"
2019-06-02,2019060201009269,CBL,17,37,100,148.00,"14,800.00"
2019-06-02,2019060201009173,CBL,6,37,492,147.00,"72,324.00"
2019-06-02,2019060201009006,CBL,6,54,708,147.00,"104,076.00"
2019-06-02,2019060201009005,CBL,26,54,150,147.00,"22,050.00"
2019-06-02,2019060201009004,CBL,58,54,"1,000",147.00,"147,000.00"
2019-06-02,2019060201009003,CBL,42,54,100,147.00,"14,700.00"
2019-06-02,2019060201009002,CBL,43,54,500,147.00,"73,500.00"
2019-06-02,2019060201009001,CBL,42,54,500,147.00,"73,500.00"
2019-06-02,2019060201009000,CBL,42,54,42,147.00,"6,174.00"
2019-06-02,2019060201009135,CCBL,19,42,100,169.00,"16,900.00"
2019-06-02,2019060201009262,CEFL,21,19,50,101.00,"5,050.00"
2019-06-02,2019060201009261,CEFL,25,19,90,101.00,"9,090.00"
2019-06-02,2019060201009218,CHCL,43,43,152,526.00,"79,952.00"
2019-06-02,2019060201009007,CHCL,42,34,500,525.00,"262,500.00"
2019-06-02,2019060201008881,CHCL,51,28,19,522.00,"9,918.00"
2019-06-02,2019060201008880,CHCL,28,28,500,522.00,"261,000.00"
2019-06-02,2019060201008879,CHCL,36,28,100,522.00,"52,200.00"
2019-06-02,2019060201008878,CHCL,55,28,300,523.00,"156,900.00"
2019-06-02,2019060201008877,CHCL,14,28,100,523.00,"52,300.00"
2019-06-02,2019060201008876,CHCL,39,28,200,524.00,"104,800.00"
2019-06-02,2019060201008875,CHCL,37,28,100,524.00,"52,400.00"
2019-06-02,2019060201008874,CHCL,36,28,100,524.00,"52,400.00"
2019-06-02,2019060201008873,CHCL,29,28,81,525.00,"42,525.00"
2019-06-02,2019060201008952,CHL,52,7,10,98.00,980.00
2019-06-02,2019060201009282,CIT,22,26,57,"2,578.00","146,946.00"
2019-06-02,2019060201009281,CIT,22,26,17,"2,578.00","43,826.00"
2019-06-02,2019060201008895,CIT,22,34,33,"2,578.00","85,074.00"
2019-06-02,2019060201008894,CIT,43,34,11,"2,580.00","28,380.00"
2019-06-02,2019060201008893,CIT,10,34,56,"2,581.00","144,536.00"
2019-06-02,2019060201009160,CZBIL,34,48,200,228.00,"45,600.00"
2019-06-02,2019060201009154,CZBIL,34,45,"1,590",228.00,"362,520.00"
2019-06-02,2019060201009150,CZBIL,45,35,637,227.00,"144,599.00"
2019-06-02,2019060201009090,CZBIL,45,14,"1,169",227.00,"265,363.00"
2019-06-02,2019060201009013,CZBIL,45,48,500,227.00,"113,500.00"
2019-06-02,2019060201008919,CZBIL,45,49,831,227.00,"188,637.00"
2019-06-02,2019060201008918,CZBIL,22,49,205,227.00,"46,535.00"
2019-06-02,2019060201008883,DDBL,42,34,50,725.00,"36,250.00"
2019-06-02,2019060201008882,DDBL,14,34,150,725.00,"108,750.00"
2019-06-02,2019060201008948,DHPL,42,40,10,68.00,680.00
2019-06-02,2019060201009148,EBL,6,26,100,671.00,"67,100.00"
2019-06-02,2019060201009099,EBL,52,3,300,672.00,"201,600.00"
2019-06-02,2019060201009014,EBL,52,11,50,672.00,"33,600.00"
2019-06-02,2019060201008954,EBL,52,53,50,672.00,"33,600.00"
2019-06-02,2019060201008953,EBL,22,53,100,672.00,"67,200.00"
2019-06-02,2019060201008835,EBL,5,53,200,673.00,"134,600.00"
2019-06-02,2019060201009205,FOWAD,17,41,100,"1,475.00","147,500.00"
2019-06-02,2019060201009280,GBBL,17,29,200,227.00,"45,400.00"
2019-06-02,2019060201009216,GBBL,17,45,50,227.00,"11,350.00"
2019-06-02,2019060201009118,GBBL,17,41,"1,000",228.00,"228,000.00"
2019-06-02,2019060201009117,GBBL,50,41,900,228.00,"205,200.00"
2019-06-02,2019060201009031,GBIME,6,4,10,308.00,"3,080.00"
2019-06-02,2019060201008900,GBIME,43,26,10,306.00,"3,060.00"
2019-06-02,2019060201008899,GBIME,43,26,100,306.00,"30,600.00"
2019-06-02,2019060201008898,GBIME,43,26,100,306.00,"30,600.00"
2019-06-02,2019060201008897,GBIME,32,26,125,306.00,"38,250.00"
2019-06-02,2019060201008986,GBLBS,13,7,10,370.00,"3,700.00"
2019-06-02,2019060201008892,GBLBS,13,38,113,370.00,"41,810.00"
2019-06-02,2019060201008891,GBLBS,38,38,67,370.00,"24,790.00"
2019-06-02,2019060201009068,GDBL,6,49,92,213.00,"19,596.00"
2019-06-02,2019060201009050,GHL,42,34,30,90.00,"2,700.00"
2019-06-02,2019060201009289,GLICL,43,58,50,542.00,"27,100.00"
2019-06-02,2019060201009266,GLICL,35,32,200,539.00,"107,800.00"
2019-06-02,2019060201009265,GLICL,46,32,100,540.00,"54,000.00"
2019-06-02,2019060201009264,GLICL,32,32,100,541.00,"54,100.00"
2019-06-02,2019060201009263,GLICL,46,32,100,541.00,"54,100.00"
2019-06-02,2019060201009213,GLICL,49,58,50,542.00,"27,100.00"
2019-06-02,2019060201009089,GUFL,39,49,81,117.00,"9,477.00"
2019-06-02,2019060201009279,HGI,38,57,67,382.00,"25,594.00"
2019-06-02,2019060201009193,HGI,38,34,"1,000",382.00,"382,000.00"
2019-06-02,2019060201009128,HGI,39,1,50,383.00,"19,150.00"
2019-06-02,2019060201008845,HGI,38,42,140,382.00,"53,480.00"
2019-06-02,2019060201008844,HGI,35,42,100,382.00,"38,200.00"
2019-06-02,2019060201008843,HGI,48,42,130,382.00,"49,660.00"
2019-06-02,2019060201008842,HGI,1,42,30,382.00,"11,460.00"
2019-06-02,2019060201009224,HIDCL,52,7,50,164.00,"8,200.00"
2019-06-02,2019060201008984,HIDCL,52,52,209,164.00,"34,276.00"
2019-06-02,2019060201008983,HIDCL,45,52,41,164.00,"6,724.00"
2019-06-02,2019060201009180,HPPL,37,10,10,183.00,"1,830.00"
2019-06-02,2019060201009115,HPPL,37,49,30,183.00,"5,490.00"
2019-06-02,2019060201008996,HPPL,37,7,10,183.00,"1,830.00"
2019-06-02,2019060201009201,HURJA,33,22,10,154.00,"1,540.00"
2019-06-02,2019060201009200,HURJA,33,55,20,152.00,"3,040.00"
2019-06-02,2019060201009199,HURJA,33,41,500,151.00,"75,500.00"
2019-06-02,2019060201009182,HURJA,33,41,340,151.00,"51,340.00"
2019-06-02,2019060201009181,HURJA,33,35,250,151.00,"37,750.00"
2019-06-02,2019060201009176,HURJA,33,59,20,150.00,"3,000.00"
2019-06-02,2019060201008890,HURJA,33,28,20,151.00,"3,020.00"
2019-06-02,2019060201008839,HURJA,33,28,20,151.00,"3,020.00"
2019-06-02,2019060201008826,HURJA,33,37,20,151.00,"3,020.00"
2019-06-02,2019060201008997,HURJA,33,28,20,150.00,"3,000.00"
2019-06-02,2019060201008955,HURJA,33,28,20,150.00,"3,000.00"
2019-06-02,2019060201008922,HURJA,33,28,20,150.00,"3,000.00"
2019-06-02,2019060201008904,HURJA,29,41,80,151.00,"12,080.00"
2019-06-02,2019060201008903,HURJA,33,41,80,151.00,"12,080.00"
2019-06-02,2019060201008896,HURJA,33,45,20,151.00,"3,020.00"
2019-06-02,2019060201009153,JBNL,42,35,300,210.00,"63,000.00"
2019-06-02,2019060201009152,JBNL,42,49,"1,100",210.00,"231,000.00"
2019-06-02,2019060201009039,JBNL,17,49,100,210.00,"21,000.00"
2019-06-02,2019060201009038,JBNL,17,8,900,210.00,"189,000.00"
2019-06-02,2019060201008872,JBNL,28,39,104,209.00,"21,736.00"
2019-06-02,2019060201009288,KBBL,34,47,819,238.00,"194,922.00"
2019-06-02,2019060201009287,KBBL,6,47,"1,000",238.00,"238,000.00"
2019-06-02,2019060201009286,KBBL,21,47,181,238.00,"43,078.00"
2019-06-02,2019060201009267,KBBL,36,26,723,239.00,"172,797.00"
2019-06-02,2019060201009228,KBBL,36,47,277,239.00,"66,203.00"
2019-06-02,2019060201009227,KBBL,33,47,500,239.00,"119,500.00"
2019-06-02,2019060201008998,KBBL,36,43,39,239.00,"9,321.00"
2019-06-02,2019060201008820,KBBL,36,42,760,240.00,"182,400.00"
2019-06-02,2019060201009226,KBBL,36,47,895,239.00,"213,905.00"
2019-06-02,2019060201009185,KBBL,36,47,105,239.00,"25,095.00"
2019-06-02,2019060201009184,KBBL,33,47,"1,000",239.00,"239,000.00"
2019-06-02,2019060201009183,KBBL,36,47,289,239.00,"69,071.00"
2019-06-02,2019060201009136,KBBL,33,42,200,240.00,"48,000.00"
2019-06-02,2019060201009058,KBBL,36,44,672,239.00,"160,608.00"
2019-06-02,2019060201009247,KBL,11,40,600,218.00,"130,800.00"
2019-06-02,2019060201009133,KBL,4,37,300,217.00,"65,100.00"
2019-06-02,2019060201008863,KBL,46,40,300,218.00,"65,400.00"
2019-06-02,2019060201008856,KBL,59,10,100,217.00,"21,700.00"
2019-06-02,2019060201008855,KBL,57,10,150,217.00,"32,550.00"
2019-06-02,2019060201008854,KBL,43,10,"1,000",217.00,"217,000.00"
2019-06-02,2019060201008853,KBL,47,10,200,217.00,"43,400.00"
2019-06-02,2019060201008852,KBL,42,10,100,217.00,"21,700.00"
2019-06-02,2019060201008851,KBL,42,10,100,217.00,"21,700.00"
2019-06-02,2019060201008850,KBL,26,10,200,217.00,"43,400.00"
2019-06-02,2019060201008849,KBL,55,10,"1,593",217.00,"345,681.00"
2019-06-02,2019060201009192,KPCL,59,45,10,99.00,990.00
2019-06-02,2019060201009138,KPCL,59,49,10,99.00,990.00
2019-06-02,2019060201009243,KSBBL,43,49,100,161.00,"16,100.00"
2019-06-02,2019060201009242,KSBBL,21,49,100,161.00,"16,100.00"
2019-06-02,2019060201009241,KSBBL,25,49,"1,000",161.00,"161,000.00"
2019-06-02,2019060201009240,KSBBL,47,49,50,161.00,"8,050.00"
2019-06-02,2019060201009239,KSBBL,44,49,500,161.00,"80,500.00"
2019-06-02,2019060201009238,KSBBL,26,49,500,161.00,"80,500.00"
2019-06-02,2019060201009237,KSBBL,5,49,100,161.00,"16,100.00"
2019-06-02,2019060201008807,KSBBL,33,14,82,163.00,"13,366.00"
2019-06-02,2019060201009236,LBBL,17,52,100,202.00,"20,200.00"
2019-06-02,2019060201009131,LBBL,44,39,52,200.00,"10,400.00"
2019-06-02,2019060201009078,LBBL,44,57,43,200.00,"8,600.00"
2019-06-02,2019060201009077,LBBL,45,57,250,200.00,"50,000.00"
2019-06-02,2019060201009076,LBBL,44,57,107,200.00,"21,400.00"
2019-06-02,2019060201009049,LBBL,20,38,500,201.00,"100,500.00"
2019-06-02,2019060201009048,LBBL,53,38,"1,000",201.00,"201,000.00"
2019-06-02,2019060201009047,LBBL,28,38,500,201.00,"100,500.00"
2019-06-02,2019060201009046,LBBL,28,38,500,201.00,"100,500.00"
2019-06-02,2019060201009045,LBBL,56,38,100,201.00,"20,100.00"
2019-06-02,2019060201009044,LBBL,44,38,529,201.00,"106,329.00"
2019-06-02,2019060201008901,LBL,42,44,"2,000",224.00,"448,000.00"
2019-06-02,2019060201008865,LBL,42,16,"2,000",223.00,"446,000.00"
2019-06-02,2019060201009040,LGIL,35,34,69,495.00,"34,155.00"
2019-06-02,2019060201009106,MBL,42,32,100,272.00,"27,200.00"
2019-06-02,2019060201009105,MBL,14,32,"1,500",272.00,"408,000.00"
2019-06-02,2019060201009104,MBL,42,32,"1,665",272.00,"452,880.00"
2019-06-02,2019060201009034,MBL,42,14,100,273.00,"27,300.00"
2019-06-02,2019060201008935,MBL,42,26,265,272.00,"72,080.00"
2019-06-02,2019060201009080,MDB,35,17,10,250.00,"2,500.00"
2019-06-02,2019060201009079,MDB,43,17,10,250.00,"2,500.00"
2019-06-02,2019060201009303,MEGA,34,57,103,204.00,"21,012.00"
2019-06-02,2019060201009190,MEGA,34,33,97,204.00,"19,788.00"
2019-06-02,2019060201009189,MEGA,41,33,200,204.00,"40,800.00"
2019-06-02,2019060201009188,MEGA,41,33,100,204.00,"20,400.00"
2019-06-02,2019060201009187,MEGA,55,33,603,204.00,"123,012.00"
2019-06-02,2019060201009141,MEGA,55,28,358,204.00,"73,032.00"
2019-06-02,2019060201008817,MEGA,48,57,139,204.00,"28,356.00"
2019-06-02,2019060201008816,MEGA,45,57,100,204.00,"20,400.00"
2019-06-02,2019060201008815,MEGA,32,57,11,204.00,"2,244.00"
2019-06-02,2019060201009064,MEGA,55,47,"1,000",204.00,"204,000.00"
2019-06-02,2019060201009033,MEGA,55,49,39,204.00,"7,956.00"
2019-06-02,2019060201009032,MEGA,25,49,961,204.00,"196,044.00"
2019-06-02,2019060201008914,MEGA,32,25,200,205.00,"41,000.00"
2019-06-02,2019060201008908,MEGA,25,39,39,204.00,"7,956.00"
2019-06-02,2019060201008907,MEGA,48,39,361,204.00,"73,644.00"
2019-06-02,2019060201008970,MERO,13,32,45,590.00,"26,550.00"
2019-06-02,2019060201008969,MERO,13,28,15,590.00,"8,850.00"
2019-06-02,2019060201008968,MERO,41,28,10,590.00,"5,900.00"
2019-06-02,2019060201008967,MERO,43,28,19,591.00,"11,229.00"
2019-06-02,2019060201008966,MERO,29,28,20,591.00,"11,820.00"
2019-06-02,2019060201008866,MERO,49,32,90,593.00,"53,370.00"
2019-06-02,2019060201009273,MLBL,33,49,16,197.00,"3,152.00"
2019-06-02,2019060201009272,MLBL,28,49,400,197.00,"78,800.00"
2019-06-02,2019060201009162,MNBBL,40,26,118,374.00,"44,132.00"
2019-06-02,2019060201008805,MNBBL,43,39,47,373.00,"17,531.00"
2019-06-02,2019060201008804,MNBBL,41,39,50,373.00,"18,650.00"
2019-06-02,2019060201009018,MPFL,57,26,60,222.00,"13,320.00"
2019-06-02,2019060201009074,NABIL,57,4,50,833.00,"41,650.00"
2019-06-02,2019060201008979,NABIL,41,4,10,833.00,"8,330.00"
2019-06-02,2019060201008978,NABIL,28,4,150,833.00,"124,950.00"
2019-06-02,2019060201008977,NABIL,8,4,50,833.00,"41,650.00"
2019-06-02,2019060201008887,NABIL,22,42,97,834.00,"80,898.00"
2019-06-02,2019060201009030,NABILP,43,43,21,816.00,"17,136.00"
2019-06-02,2019060201009029,NABILP,43,43,106,816.00,"86,496.00"
2019-06-02,2019060201009028,NABILP,43,43,12,816.00,"9,792.00"
2019-06-02,2019060201009124,NADEP,42,28,20,470.00,"9,400.00"
2019-06-02,2019060201009123,NADEP,42,28,20,470.00,"9,400.00"
2019-06-02,2019060201008915,NBB,38,42,19,224.00,"4,256.00"
2019-06-02,2019060201008947,NBB,53,43,"1,000",225.00,"225,000.00"
2019-06-02,2019060201008946,NBB,53,25,300,225.00,"67,500.00"
2019-06-02,2019060201009294,NBL,25,28,100,334.00,"33,400.00"
2019-06-02,2019060201009271,NBL,53,1,300,333.00,"99,900.00"
2019-06-02,2019060201009245,NBL,53,29,"3,850",333.00,"1,282,050.00"
2019-06-02,2019060201009244,NBL,55,29,150,334.00,"50,100.00"
2019-06-02,2019060201009225,NBL,5,35,"1,000",334.00,"334,000.00"
2019-06-02,2019060201009120,NBL,42,38,"1,565",334.00,"522,710.00"
2019-06-02,2019060201008999,NBL,53,42,248,333.00,"82,584.00"
2019-06-02,2019060201008982,NBL,59,33,100,334.00,"33,400.00"
2019-06-02,2019060201008916,NBL,53,34,"1,000",333.00,"333,000.00"
2019-06-02,2019060201008886,NBL,32,33,100,334.00,"33,400.00"
2019-06-02,2019060201008818,NBL,1,33,200,334.00,"66,800.00"
2019-06-02,2019060201008813,NBL,53,33,100,334.00,"33,400.00"
2019-06-02,2019060201009112,NBL,53,33,"2,000",333.00,"666,000.00"
2019-06-02,2019060201009098,NBL,13,38,220,334.00,"73,480.00"
2019-06-02,2019060201009097,NBL,13,33,280,334.00,"93,520.00"
2019-06-02,2019060201009063,NBL,21,33,250,334.00,"83,500.00"
2019-06-02,2019060201009061,NBL,53,19,500,333.00,"166,500.00"
2019-06-02,2019060201009017,NBL,25,33,100,334.00,"33,400.00"
2019-06-02,2019060201009019,NCCB,52,52,2,262.00,524.00
2019-06-02,2019060201008921,NCCB,6,5,50,263.00,"13,150.00"
2019-06-02,2019060201008848,NCCB,48,5,250,263.00,"65,750.00"
2019-06-02,2019060201009206,NGPL,1,10,11,120.00,"1,320.00"
2019-06-02,2019060201009221,NHPC,43,7,400,70.00,"28,000.00"
2019-06-02,2019060201009108,NHPC,43,22,500,70.00,"35,000.00"
2019-06-02,2019060201009085,NHPC,57,5,50,69.00,"3,450.00"
2019-06-02,2019060201009067,NIB,29,42,44,539.00,"23,716.00"
2019-06-02,2019060201009062,NIB,29,26,12,539.00,"6,468.00"
2019-06-02,2019060201009043,NIB,50,59,65,538.00,"34,970.00"
2019-06-02,2019060201008932,NIB,6,26,50,539.00,"26,950.00"
2019-06-02,2019060201008931,NIB,45,26,50,539.00,"26,950.00"
2019-06-02,2019060201008930,NIB,49,26,10,539.00,"5,390.00"
2019-06-02,2019060201008929,NIB,58,26,120,539.00,"64,680.00"
2019-06-02,2019060201008928,NIB,22,26,58,539.00,"31,262.00"
2019-06-02,2019060201009268,NICA,19,58,50,480.00,"24,000.00"
2019-06-02,2019060201009260,NICA,6,58,"2,225",479.00,"1,065,775.00"
2019-06-02,2019060201009248,NICA,6,58,775,479.00,"371,225.00"
2019-06-02,2019060201009191,NICA,54,58,225,479.00,"107,775.00"
2019-06-02,2019060201009178,NICA,54,25,275,479.00,"131,725.00"
2019-06-02,2019060201009073,NICA,19,25,100,479.00,"47,900.00"
2019-06-02,2019060201009066,NICA,28,25,125,479.00,"59,875.00"
2019-06-02,2019060201009065,NICA,28,56,175,479.00,"83,825.00"
2019-06-02,2019060201009057,NICA,43,39,18,478.00,"8,604.00"
2019-06-02,2019060201008806,NICA,36,56,200,479.00,"95,800.00"
2019-06-02,2019060201009111,NICL,16,1,133,390.00,"51,870.00"
2019-06-02,2019060201009110,NICL,16,25,100,389.00,"38,900.00"
2019-06-02,2019060201009109,NICL,16,7,190,389.00,"73,910.00"
2019-06-02,2019060201008861,NICL,32,7,100,389.00,"38,900.00"
2019-06-02,2019060201008965,NIL,43,19,450,512.00,"230,400.00"
2019-06-02,2019060201008920,NIL,36,19,50,512.00,"25,600.00"
2019-06-02,2019060201008819,NIL,43,42,10,509.00,"5,090.00"
2019-06-02,2019060201009042,NLIC,32,7,17,931.00,"15,827.00"
2019-06-02,2019060201009175,NMBSF1,7,53,"5,000",11.00,"55,000.00"
2019-06-02,2019060201009069,NMFBS,45,7,10,"1,522.00","15,220.00"
2019-06-02,2019060201009119,NSEWA,6,7,10,450.00,"4,500.00"
2019-06-02,2019060201009232,NTC,49,19,15,715.00,"10,725.00"
2019-06-02,2019060201009170,NTC,6,46,75,713.00,"53,475.00"
2019-06-02,2019060201009169,NTC,5,46,200,713.00,"142,600.00"
2019-06-02,2019060201009168,NTC,42,46,200,714.00,"142,800.00"
2019-06-02,2019060201009167,NTC,1,46,50,714.00,"35,700.00"
2019-06-02,2019060201009166,NTC,34,46,280,714.00,"199,920.00"
2019-06-02,2019060201009165,NTC,19,46,65,715.00,"46,475.00"
2019-06-02,2019060201009132,NTC,34,52,500,714.00,"357,000.00"
2019-06-02,2019060201009009,NTC,34,43,220,714.00,"157,080.00"
2019-06-02,2019060201009008,NTC,34,43,280,714.00,"199,920.00"
2019-06-02,2019060201009036,OHL,5,57,50,642.00,"32,100.00"
2019-06-02,2019060201009035,OHL,17,57,71,642.00,"45,582.00"
2019-06-02,2019060201008980,OHL,17,57,29,642.00,"18,618.00"
2019-06-02,2019060201009037,OHL,45,57,79,641.00,"50,639.00"
2019-06-02,2019060201009172,PCBL,19,47,50,308.00,"15,400.00"
2019-06-02,2019060201009127,PCBL,6,38,"2,000",307.00,"614,000.00"
2019-06-02,2019060201009126,PCBL,1,38,600,307.00,"184,200.00"
2019-06-02,2019060201009125,PCBL,51,38,200,307.00,"61,400.00"
2019-06-02,2019060201009095,PCBL,6,34,96,307.00,"29,472.00"
2019-06-02,2019060201009093,PCBL,6,42,11,307.00,"3,377.00"
2019-06-02,2019060201008864,PCBL,56,47,50,308.00,"15,400.00"
2019-06-02,2019060201008951,PFL,47,16,10,138.00,"1,380.00"
2019-06-02,2019060201008906,PFL,19,16,10,138.00,"1,380.00"
2019-06-02,2019060201008846,PFL,19,16,10,138.00,"1,380.00"
2019-06-02,2019060201009302,PIC,58,53,150,"1,172.00","175,800.00"
2019-06-02,2019060201009301,PIC,8,53,50,"1,172.00","58,600.00"
2019-06-02,2019060201009293,PIC,35,38,61,"1,177.00","71,797.00"
2019-06-02,2019060201009292,PIC,35,40,181,"1,176.00","212,856.00"
2019-06-02,2019060201009291,PIC,35,28,100,"1,175.00","117,500.00"
2019-06-02,2019060201009290,PIC,35,6,58,"1,175.00","68,150.00"
2019-06-02,2019060201008936,PIC,25,7,227,"1,174.00","266,498.00"
2019-06-02,2019060201008917,PIC,32,40,11,"1,171.00","12,881.00"
2019-06-02,2019060201008838,PIC,32,26,11,"1,171.00","12,881.00"
2019-06-02,2019060201008824,PIC,3,7,39,"1,174.00","45,786.00"
2019-06-02,2019060201008814,PIC,16,16,4,"1,151.00","4,604.00"
2019-06-02,2019060201008942,PIC,25,58,270,"1,177.00","317,790.00"
2019-06-02,2019060201008941,PIC,25,52,100,"1,177.00","117,700.00"
2019-06-02,2019060201008940,PIC,25,7,136,"1,175.00","159,800.00"
2019-06-02,2019060201008939,PIC,25,50,100,"1,175.00","117,500.00"
2019-06-02,2019060201008938,PIC,25,4,11,"1,175.00","12,925.00"
2019-06-02,2019060201008937,PIC,25,4,40,"1,175.00","47,000.00"
2019-06-02,2019060201009211,PIC,45,7,11,"1,172.00","12,892.00"
2019-06-02,2019060201009113,PIC,5,6,100,"1,175.00","117,500.00"
2019-06-02,2019060201009096,PIC,50,6,50,"1,175.00","58,750.00"
2019-06-02,2019060201009060,PIC,34,6,140,"1,178.00","164,920.00"
2019-06-02,2019060201009059,PIC,34,7,100,"1,177.00","117,700.00"
2019-06-02,2019060201008943,PIC,25,6,116,"1,178.00","136,648.00"
2019-06-02,2019060201008933,PICL,6,50,330,690.00,"227,700.00"
2019-06-02,2019060201008812,PICL,6,45,170,690.00,"117,300.00"
2019-06-02,2019060201008811,PICL,1,45,50,691.00,"34,550.00"
2019-06-02,2019060201008912,PLIC,57,52,100,469.00,"46,900.00"
2019-06-02,2019060201009246,PMHPL,44,10,10,109.00,"1,090.00"
2019-06-02,2019060201008834,PMHPL,44,39,10,109.00,"1,090.00"
2019-06-02,2019060201009235,PRIN,58,37,84,404.00,"33,936.00"
2019-06-02,2019060201008960,PRIN,28,37,221,402.00,"88,842.00"
2019-06-02,2019060201008959,PRIN,43,37,29,402.00,"11,658.00"
2019-06-02,2019060201008958,PRIN,32,37,50,402.00,"20,100.00"
2019-06-02,2019060201009234,PRVU,19,58,50,277.00,"13,850.00"
2019-06-02,2019060201009220,PRVU,21,58,100,277.00,"27,700.00"
2019-06-02,2019060201009219,PRVU,51,58,200,277.00,"55,400.00"
2019-06-02,2019060201009212,PRVU,56,58,338,277.00,"93,626.00"
2019-06-02,2019060201009208,PRVU,56,58,162,277.00,"44,874.00"
2019-06-02,2019060201009204,PRVU,44,21,"1,478",276.00,"407,928.00"
2019-06-02,2019060201008949,PRVU,44,13,11,276.00,"3,036.00"
2019-06-02,2019060201008823,PRVU,48,58,250,277.00,"69,250.00"
2019-06-02,2019060201008822,PRVU,54,58,500,277.00,"138,500.00"
2019-06-02,2019060201008821,PRVU,48,58,500,277.00,"138,500.00"
2019-06-02,2019060201008989,PRVU,28,45,313,276.00,"86,388.00"
2019-06-02,2019060201008988,PRVU,33,45,100,276.00,"27,600.00"
2019-06-02,2019060201008987,PRVU,44,45,609,276.00,"168,084.00"
2019-06-02,2019060201009203,PRVU,28,21,172,276.00,"47,472.00"
2019-06-02,2019060201009142,PRVU,55,58,"2,750",277.00,"761,750.00"
2019-06-02,2019060201009114,PRVU,28,42,15,276.00,"4,140.00"
2019-06-02,2019060201009107,PRVU,55,58,"1,000",277.00,"277,000.00"
2019-06-02,2019060201009217,RADHI,47,10,11,166.00,"1,826.00"
2019-06-02,2019060201008981,RBCL,42,56,15,"10,700.00","160,500.00"
2019-06-02,2019060201008825,RHPC,38,40,500,95.00,"47,500.00"
2019-06-02,2019060201009300,RMDC,6,56,500,647.00,"323,500.00"
2019-06-02,2019060201009299,RMDC,55,56,100,648.00,"64,800.00"
2019-06-02,2019060201009298,RMDC,6,56,190,648.00,"123,120.00"
2019-06-02,2019060201009297,RMDC,47,56,49,648.00,"31,752.00"
2019-06-02,2019060201009249,RMDC,47,56,51,648.00,"33,048.00"
2019-06-02,2019060201009231,RMDC,35,42,30,649.00,"19,470.00"
2019-06-02,2019060201009230,RMDC,55,42,90,649.00,"58,410.00"
2019-06-02,2019060201009259,RRHP,22,10,10,104.00,"1,040.00"
2019-06-02,2019060201009256,RRHP,22,42,10,104.00,"1,040.00"
2019-06-02,2019060201008993,RRHP,47,57,200,105.00,"21,000.00"
2019-06-02,2019060201008934,RRHP,46,29,10,105.00,"1,050.00"
2019-06-02,2019060201008905,RRHP,46,29,10,105.00,"1,050.00"
2019-06-02,2019060201008867,RRHP,46,29,10,105.00,"1,050.00"
2019-06-02,2019060201008911,SADBL,44,13,31,154.00,"4,774.00"
2019-06-02,2019060201008910,SADBL,10,13,500,154.00,"77,000.00"
2019-06-02,2019060201008909,SADBL,34,13,469,154.00,"72,226.00"
2019-06-02,2019060201009094,SANIMA,52,39,60,354.00,"21,240.00"
2019-06-02,2019060201008950,SANIMA,6,57,50,355.00,"17,750.00"
2019-06-02,2019060201009229,SBI,17,7,22,482.00,"10,604.00"
2019-06-02,2019060201009223,SBI,34,38,400,484.00,"193,600.00"
2019-06-02,2019060201009202,SBL,26,17,60,336.00,"20,160.00"
2019-06-02,2019060201008885,SBL,6,44,50,337.00,"16,850.00"
2019-06-02,2019060201009250,SCB,49,7,20,692.00,"13,840.00"
2019-06-02,2019060201009129,SCB,49,45,400,692.00,"276,800.00"
2019-06-02,2019060201009020,SCB,49,3,100,692.00,"69,200.00"
2019-06-02,2019060201008961,SCB,49,8,500,692.00,"346,000.00"
2019-06-02,2019060201008913,SCB,56,3,10,694.00,"6,940.00"
2019-06-02,2019060201009254,SDESI,57,37,56,618.00,"34,608.00"
2019-06-02,2019060201009222,SDESI,57,37,27,618.00,"16,686.00"
2019-06-02,2019060201009143,SDESI,6,29,10,620.00,"6,200.00"
2019-06-02,2019060201009207,SHINE,1,14,100,255.00,"25,500.00"
2019-06-02,2019060201009296,SHIVM,49,43,500,671.00,"335,500.00"
2019-06-02,2019060201009285,SHIVM,34,45,100,670.00,"67,000.00"
2019-06-02,2019060201009284,SHIVM,34,28,50,670.00,"33,500.00"
2019-06-02,2019060201009283,SHIVM,34,58,485,670.00,"324,950.00"
2019-06-02,2019060201009215,SHIVM,48,58,100,670.00,"67,000.00"
2019-06-02,2019060201009198,SHIVM,42,58,"1,250",670.00,"837,500.00"
2019-06-02,2019060201008836,SHIVM,59,25,75,664.00,"49,800.00"
2019-06-02,2019060201008827,SHIVM,59,3,25,664.00,"16,600.00"
2019-06-02,2019060201008957,SHIVM,1,48,150,662.00,"99,300.00"
2019-06-02,2019060201008860,SHIVM,56,48,50,663.00,"33,150.00"
2019-06-02,2019060201008859,SHIVM,39,48,100,663.00,"66,300.00"
2019-06-02,2019060201008858,SHIVM,14,48,100,663.00,"66,300.00"
2019-06-02,2019060201008857,SHIVM,46,48,200,663.00,"132,600.00"
2019-06-02,2019060201008837,SHIVM,57,25,170,664.00,"112,880.00"
2019-06-02,2019060201009022,SHIVM,58,25,500,662.00,"331,000.00"
2019-06-02,2019060201009021,SHIVM,49,25,450,662.00,"297,900.00"
2019-06-02,2019060201009012,SHIVM,57,48,50,663.00,"33,150.00"
2019-06-02,2019060201008964,SHIVM,49,44,50,662.00,"33,100.00"
2019-06-02,2019060201008963,SHIVM,5,44,50,662.00,"33,100.00"
2019-06-02,2019060201008962,SHIVM,1,44,50,662.00,"33,100.00"
2019-06-02,2019060201009075,SHIVM,58,57,100,661.00,"66,100.00"
2019-06-02,2019060201009027,SHIVM,17,25,89,660.00,"58,740.00"
2019-06-02,2019060201009026,SHIVM,39,25,20,660.00,"13,200.00"
2019-06-02,2019060201009025,SHIVM,19,25,100,661.00,"66,100.00"
2019-06-02,2019060201009024,SHIVM,28,25,45,661.00,"29,745.00"
2019-06-02,2019060201009023,SHIVM,39,25,51,661.00,"33,711.00"
2019-06-02,2019060201009197,SHIVM,42,32,50,669.00,"33,450.00"
2019-06-02,2019060201009196,SHIVM,42,26,500,669.00,"334,500.00"
2019-06-02,2019060201009195,SHIVM,42,5,50,669.00,"33,450.00"
2019-06-02,2019060201009194,SHIVM,42,40,150,668.00,"100,200.00"
2019-06-02,2019060201009174,SHIVM,7,21,50,665.00,"33,250.00"
2019-06-02,2019060201009116,SHIVM,48,57,50,661.00,"33,050.00"
2019-06-02,2019060201009177,SHPC,53,49,100,265.00,"26,500.00"
2019-06-02,2019060201009161,SHPC,45,49,200,265.00,"53,000.00"
2019-06-02,2019060201009149,SHPC,40,49,700,265.00,"185,500.00"
2019-06-02,2019060201009140,SHPC,40,19,500,265.00,"132,500.00"
2019-06-02,2019060201009130,SHPC,40,34,37,265.00,"9,805.00"
2019-06-02,2019060201009103,SICL,35,17,10,848.00,"8,480.00"
2019-06-02,2019060201009102,SICL,54,17,100,848.00,"84,800.00"
2019-06-02,2019060201009101,SICL,49,17,200,848.00,"169,600.00"
2019-06-02,2019060201009100,SICL,32,17,100,849.00,"84,900.00"
2019-06-02,2019060201008926,SIFC,1,59,200,158.00,"31,600.00"
2019-06-02,2019060201008925,SIFC,57,59,32,158.00,"5,056.00"
2019-06-02,2019060201008924,SIFC,48,59,70,158.00,"11,060.00"
2019-06-02,2019060201008923,SIFC,54,59,10,158.00,"1,580.00"
2019-06-02,2019060201008994,SINDU,7,17,150,142.00,"21,300.00"
2019-06-02,2019060201009016,SLICL,55,32,12,585.00,"7,020.00"
2019-06-02,2019060201009015,SLICL,55,4,50,585.00,"29,250.00"
2019-06-02,2019060201009011,SLICL,55,49,100,585.00,"58,500.00"
2019-06-02,2019060201008995,SLICL,22,32,100,587.00,"58,700.00"
2019-06-02,2019060201009084,SPARS,42,57,10,555.00,"5,550.00"
2019-06-02,2019060201009083,SPARS,42,7,10,555.00,"5,550.00"
2019-06-02,2019060201009082,SPARS,42,29,10,555.00,"5,550.00"
2019-06-02,2019060201009081,SPARS,42,29,10,555.00,"5,550.00"
2019-06-02,2019060201009056,SPARS,42,41,115,550.00,"63,250.00"
2019-06-02,2019060201009055,SPARS,38,41,70,550.00,"38,500.00"
2019-06-02,2019060201008830,SPARS,1,41,10,554.00,"5,540.00"
2019-06-02,2019060201008829,SPARS,1,29,10,554.00,"5,540.00"
2019-06-02,2019060201008828,SPARS,1,42,10,553.00,"5,530.00"
2019-06-02,2019060201009054,SPARS,54,41,20,550.00,"11,000.00"
2019-06-02,2019060201009053,SPARS,6,41,35,551.00,"19,285.00"
2019-06-02,2019060201009052,SPARS,41,41,90,551.00,"49,590.00"
2019-06-02,2019060201009051,SPARS,45,41,100,552.00,"55,200.00"
2019-06-02,2019060201008841,SPARS,41,49,10,551.00,"5,510.00"
2019-06-02,2019060201008831,SPARS,1,22,100,554.00,"55,400.00"
2019-06-02,2019060201009278,UPCL,33,21,50,98.00,"4,900.00"
2019-06-02,2019060201009277,UPCL,33,21,50,98.00,"4,900.00"
2019-06-02,2019060201009276,UPCL,33,21,50,98.00,"4,900.00"
2019-06-02,2019060201009275,UPCL,33,21,50,98.00,"4,900.00"
2019-06-02,2019060201009274,UPCL,33,40,"1,210",98.00,"118,580.00"
2019-06-02,2019060201009139,UPCL,33,42,100,97.00,"9,700.00"
2019-06-02,2019060201008956,UPCL,33,21,100,98.00,"9,800.00"
2019-06-02,2019060201008902,UPCL,33,21,100,98.00,"9,800.00"
2019-06-02,2019060201008871,UPCL,33,21,50,98.00,"4,900.00"
2019-06-02,2019060201008840,UPCL,33,21,50,98.00,"4,900.00"
2019-06-02,2019060201008833,UPCL,33,29,50,98.00,"4,900.00"
2019-06-02,2019060201009122,UPCL,33,40,150,98.00,"14,700.00"
2019-06-02,2019060201009121,UPCL,33,21,50,98.00,"4,900.00"
2019-06-02,2019060201009088,UPCL,33,21,50,98.00,"4,900.00"
2019-06-02,2019060201009041,UPCL,33,21,100,98.00,"9,800.00"
2019-06-02,2019060201009010,UPCL,33,21,100,98.00,"9,800.00"
2019-06-02,2019060201008990,UPCL,33,21,100,98.00,"9,800.00"
2019-06-02,2019060201009255,UPPER,1,33,100,287.00,"28,700.00"
2019-06-02,2019060201009253,UPPER,34,33,200,287.00,"57,400.00"
2019-06-02,2019060201009252,UPPER,34,7,29,286.00,"8,294.00"
2019-06-02,2019060201009251,UPPER,43,7,11,286.00,"3,146.00"
2019-06-02,2019060201009171,UPPER,43,42,40,286.00,"11,440.00"
2019-06-02,2019060201008870,UPPER,50,42,463,288.00,"133,344.00"
2019-06-02,2019060201008869,UPPER,26,42,20,288.00,"5,760.00"
2019-06-02,2019060201008868,UPPER,36,42,17,288.00,"4,896.00"
2019-06-02,2019060201008862,UPPER,36,50,293,288.00,"84,384.00"
2019-06-02,2019060201008847,UPPER,36,7,40,288.00,"11,520.00"
2019-06-02,2019060201008832,UPPER,36,25,40,288.00,"11,520.00"
2019-06-02,2019060201008972,UPPER,48,28,53,287.00,"15,211.00"
2019-06-02,2019060201008971,UPPER,6,28,33,288.00,"9,504.00"
2019-06-02,2019060201008945,UPPER,6,39,50,288.00,"14,400.00"
2019-06-02,2019060201008889,UPPER,6,37,917,288.00,"264,096.00"
2019-06-02,2019060201008888,UPPER,50,37,83,288.00,"23,904.00"
2019-06-02,2019060201008884,UPPER,50,25,40,288.00,"11,520.00"
2019-06-02,2019060201008992,UPPER,54,35,11,287.00,"3,157.00"
2019-06-02,2019060201008991,UPPER,54,25,300,287.00,"86,100.00"
2019-06-02,2019060201008985,UPPER,54,39,50,287.00,"14,350.00"
2019-06-02,2019060201008975,UPPER,54,28,639,287.00,"183,393.00"
2019-06-02,2019060201008974,UPPER,50,28,50,287.00,"14,350.00"
2019-06-02,2019060201008973,UPPER,25,28,100,287.00,"28,700.00"
2019-06-02,2019060201009146,UPPER,54,35,40,287.00,"11,480.00"
2019-06-02,2019060201009145,UPPER,54,38,100,287.00,"28,700.00"
2019-06-02,2019060201009144,UPPER,54,28,329,287.00,"94,423.00"
2019-06-02,2019060201009092,UPPER,13,28,171,287.00,"49,077.00"
2019-06-02,2019060201009091,UPPER,13,35,29,287.00,"8,323.00"
2019-06-02,2019060201009159,UPPER,43,41,149,286.00,"42,614.00"
2019-06-02,2019060201009158,UPPER,45,41,100,286.00,"28,600.00"
2019-06-02,2019060201009157,UPPER,43,41,300,286.00,"85,800.00"
2019-06-02,2019060201009156,UPPER,54,41,441,287.00,"126,567.00"
2019-06-02,2019060201009151,UPPER,54,7,50,287.00,"14,350.00"
2019-06-02,2019060201009147,UPPER,54,35,40,287.00,"11,480.00"
2019-06-02,2019060201008785,ADBL,45,52,115,420.00,"48,300.00"
2019-06-02,2019060201008784,ADBL,59,52,35,420.00,"14,700.00"
2019-06-02,2019060201008663,ADBL,59,11,84,420.00,"35,280.00"
2019-06-02,2019060201008439,ADBL,59,7,"1,000",420.00,"420,000.00"
2019-06-02,2019060201008573,AHPC,43,43,"1,175",108.00,"126,900.00"
2019-06-02,2019060201008572,AHPC,45,43,335,108.00,"36,180.00"
2019-06-02,2019060201008463,AHPC,45,43,20,110.00,"2,200.00"
2019-06-02,2019060201008365,AHPC,21,49,430,109.00,"46,870.00"
2019-06-02,2019060201008661,AKJCL,55,52,11,77.00,847.00
2019-06-02,2019060201008660,AKJCL,55,49,20,77.00,"1,540.00"
2019-06-02,2019060201008638,AKPL,6,34,10,195.00,"1,950.00"
2019-06-02,2019060201008637,AKPL,6,34,10,195.00,"1,950.00"
2019-06-02,2019060201008636,AKPL,6,44,13,195.00,"2,535.00"
2019-06-02,2019060201008635,AKPL,6,20,13,195.00,"2,535.00"
2019-06-02,2019060201008628,AKPL,6,1,13,195.00,"2,535.00"
2019-06-02,2019060201008627,AKPL,6,59,10,195.00,"1,950.00"
2019-06-02,2019060201008634,AKPL,6,58,16,195.00,"3,120.00"
2019-06-02,2019060201008633,AKPL,6,53,800,195.00,"156,000.00"
2019-06-02,2019060201008632,AKPL,6,57,10,195.00,"1,950.00"
2019-06-02,2019060201008631,AKPL,6,7,10,195.00,"1,950.00"
2019-06-02,2019060201008630,AKPL,6,17,"1,410",195.00,"274,950.00"
2019-06-02,2019060201008629,AKPL,6,48,13,195.00,"2,535.00"
2019-06-02,2019060201008697,ALBSL,6,38,10,441.00,"4,410.00"
2019-06-02,2019060201008657,ALBSL,6,38,10,441.00,"4,410.00"
2019-06-02,2019060201008520,ALBSL,6,38,10,441.00,"4,410.00"
2019-06-02,2019060201008483,ALBSL,6,51,10,441.00,"4,410.00"
2019-06-02,2019060201008481,ALBSL,6,38,10,441.00,"4,410.00"
2019-06-02,2019060201008460,ALBSL,6,38,10,441.00,"4,410.00"
2019-06-02,2019060201008414,ALBSL,11,38,10,441.00,"4,410.00"
2019-06-02,2019060201008620,ALBSL,6,38,10,441.00,"4,410.00"
2019-06-02,2019060201008586,ALBSL,6,38,10,441.00,"4,410.00"
2019-06-02,2019060201008559,ALBSL,13,52,10,443.00,"4,430.00"
2019-06-02,2019060201008551,ALBSL,6,38,10,441.00,"4,410.00"
2019-06-02,2019060201008782,API,6,45,40,154.00,"6,160.00"
2019-06-02,2019060201008781,API,6,43,60,154.00,"9,240.00"
2019-06-02,2019060201008311,API,29,42,29,153.00,"4,437.00"
2019-06-02,2019060201008543,BOKL,51,32,360,271.00,"97,560.00"
2019-06-02,2019060201008542,BOKL,21,32,"1,000",271.00,"271,000.00"
2019-06-02,2019060201008541,BOKL,37,32,500,271.00,"135,500.00"
2019-06-02,2019060201008540,BOKL,52,32,500,271.00,"135,500.00"
2019-06-02,2019060201008539,BOKL,21,32,100,271.00,"27,100.00"
2019-06-02,2019060201008538,BOKL,49,32,20,271.00,"5,420.00"
2019-06-02,2019060201008411,BOKL,17,49,29,273.00,"7,917.00"
2019-06-02,2019060201008489,BOKL,19,32,500,272.00,"136,000.00"
2019-06-02,2019060201008488,BOKL,52,32,200,272.00,"54,400.00"
2019-06-02,2019060201008487,BOKL,39,32,"1,000",272.00,"272,000.00"
2019-06-02,2019060201008486,BOKL,41,32,"1,000",272.00,"272,000.00"
2019-06-02,2019060201008485,BOKL,39,32,563,272.00,"153,136.00"
2019-06-02,2019060201008450,BOKL,28,49,200,273.00,"54,600.00"
2019-06-02,2019060201008537,BOKL,17,32,200,271.00,"54,200.00"
2019-06-02,2019060201008536,BOKL,56,32,100,271.00,"27,100.00"
2019-06-02,2019060201008535,BOKL,44,32,50,271.00,"13,550.00"
2019-06-02,2019060201008534,BOKL,55,32,300,271.00,"81,300.00"
2019-06-02,2019060201008533,BOKL,46,32,151,271.00,"40,921.00"
2019-06-02,2019060201008532,BOKL,32,32,300,271.00,"81,300.00"
2019-06-02,2019060201008416,BPCL,22,55,50,416.00,"20,800.00"
2019-06-02,2019060201008509,CBBL,54,39,100,950.00,"95,000.00"
2019-06-02,2019060201008508,CBBL,51,39,19,950.00,"18,050.00"
2019-06-02,2019060201008507,CBBL,8,39,50,951.00,"47,550.00"
2019-06-02,2019060201008506,CBBL,39,39,50,953.00,"47,650.00"
2019-06-02,2019060201008356,CBL,42,42,252,147.00,"37,044.00"
2019-06-02,2019060201008330,CBL,42,54,206,147.00,"30,282.00"
2019-06-02,2019060201008329,CBL,43,54,200,147.00,"29,400.00"
2019-06-02,2019060201008328,CBL,34,54,300,147.00,"44,100.00"
2019-06-02,2019060201008327,CBL,7,54,400,147.00,"58,800.00"
2019-06-02,2019060201008326,CBL,37,54,"1,579",147.00,"232,113.00"
2019-06-02,2019060201008762,CCBL,22,39,450,168.00,"75,600.00"
2019-06-02,2019060201008761,CCBL,14,39,200,168.00,"33,600.00"
2019-06-02,2019060201008760,CCBL,35,39,50,168.00,"8,400.00"
2019-06-02,2019060201008759,CCBL,38,39,300,168.00,"50,400.00"
2019-06-02,2019060201008639,CCBL,38,52,200,168.00,"33,600.00"
2019-06-02,2019060201008444,CEFL,25,6,500,101.00,"50,500.00"
2019-06-02,2019060201008780,CFCL,3,14,33,117.00,"3,861.00"
2019-06-02,2019060201008599,CHCL,29,34,119,525.00,"62,475.00"
2019-06-02,2019060201008598,CHCL,29,34,81,525.00,"42,525.00"
2019-06-02,2019060201008325,CHCL,29,56,19,525.00,"9,975.00"
2019-06-02,2019060201008324,CHCL,49,56,50,525.00,"26,250.00"
2019-06-02,2019060201008323,CHCL,49,56,76,525.00,"39,900.00"
2019-06-02,2019060201008701,CIT,22,42,50,"2,590.00","129,500.00"
2019-06-02,2019060201008604,CIT,43,51,53,"2,590.00","137,270.00"
2019-06-02,2019060201008459,CIT,43,35,44,"2,580.00","113,520.00"
2019-06-02,2019060201008458,CIT,19,35,11,"2,580.00","28,380.00"
2019-06-02,2019060201008801,CLBSL,48,44,10,526.00,"5,260.00"
2019-06-02,2019060201008510,CZBIL,22,45,10,228.00,"2,280.00"
2019-06-02,2019060201008386,CZBIL,22,42,795,227.00,"180,465.00"
2019-06-02,2019060201008385,CZBIL,35,42,100,227.00,"22,700.00"
2019-06-02,2019060201008384,CZBIL,44,42,90,227.00,"20,430.00"
2019-06-02,2019060201008383,CZBIL,6,42,29,227.00,"6,583.00"
2019-06-02,2019060201008310,CZBIL,6,39,88,227.00,"19,976.00"
2019-06-02,2019060201008558,DBBL,22,59,20,149.00,"2,980.00"
2019-06-02,2019060201008700,DHPL,42,52,11,68.00,748.00
2019-06-02,2019060201008353,EBL,32,58,325,673.00,"218,725.00"
2019-06-02,2019060201008457,GBIME,48,59,50,307.00,"15,350.00"
2019-06-02,2019060201008403,GBIME,32,42,175,306.00,"53,550.00"
2019-06-02,2019060201008402,GBIME,13,42,500,306.00,"153,000.00"
2019-06-02,2019060201008401,GBIME,1,42,100,306.00,"30,600.00"
2019-06-02,2019060201008400,GBIME,48,42,43,307.00,"13,201.00"
2019-06-02,2019060201008374,GBIME,48,21,107,307.00,"32,849.00"
2019-06-02,2019060201008519,GBLBS,38,38,33,370.00,"12,210.00"
2019-06-02,2019060201008518,GBLBS,43,38,50,370.00,"18,500.00"
2019-06-02,2019060201008517,GBLBS,41,38,50,370.00,"18,500.00"
2019-06-02,2019060201008516,GBLBS,13,38,100,370.00,"37,000.00"
2019-06-02,2019060201008515,GBLBS,17,38,200,371.00,"74,200.00"
2019-06-02,2019060201008514,GBLBS,33,38,500,371.00,"185,500.00"
2019-06-02,2019060201008320,GBLBS,58,38,30,375.00,"11,250.00"
2019-06-02,2019060201008319,GBLBS,1,38,100,375.00,"37,500.00"
2019-06-02,2019060201008318,GBLBS,13,38,100,375.00,"37,500.00"
2019-06-02,2019060201008317,GBLBS,6,38,300,375.00,"112,500.00"
2019-06-02,2019060201008316,GBLBS,13,38,90,377.00,"33,930.00"
2019-06-02,2019060201008315,GBLBS,6,38,70,377.00,"26,390.00"
2019-06-02,2019060201008513,GBLBS,53,38,100,371.00,"37,100.00"
2019-06-02,2019060201008512,GBLBS,1,38,200,371.00,"74,200.00"
2019-06-02,2019060201008511,GBLBS,39,38,170,372.00,"63,240.00"
2019-06-02,2019060201008441,GBLBS,39,42,10,372.00,"3,720.00"
2019-06-02,2019060201008322,GBLBS,43,38,50,375.00,"18,750.00"
2019-06-02,2019060201008321,GBLBS,56,38,60,375.00,"22,500.00"
2019-06-02,2019060201008502,GDBL,6,42,262,213.00,"55,806.00"
2019-06-02,2019060201008773,GFCL,1,42,110,129.00,"14,190.00"
2019-06-02,2019060201008364,GILB,38,38,100,"1,328.00","132,800.00"
2019-06-02,2019060201008363,GILB,38,37,73,"1,325.00","96,725.00"
2019-06-02,2019060201008622,GLICL,34,42,100,541.00,"54,100.00"
2019-06-02,2019060201008530,GLICL,7,42,300,541.00,"162,300.00"
2019-06-02,2019060201008375,GLICL,41,41,42,550.00,"23,100.00"
2019-06-02,2019060201008685,GRDBL,16,28,260,113.00,"29,380.00"
2019-06-02,2019060201008443,GRDBL,39,28,50,113.00,"5,650.00"
2019-06-02,2019060201008640,GUFL,39,19,500,117.00,"58,500.00"
2019-06-02,2019060201008571,HDL,35,39,10,"1,690.00","16,900.00"
2019-06-02,2019060201008398,HDL,48,39,60,"1,690.00","101,400.00"
2019-06-02,2019060201008562,HIDCL,45,42,59,164.00,"9,676.00"
2019-06-02,2019060201008561,HIDCL,52,42,100,164.00,"16,400.00"
2019-06-02,2019060201008308,HIDCL,37,42,30,165.00,"4,950.00"
2019-06-02,2019060201008307,HIDCL,1,42,121,165.00,"19,965.00"
2019-06-02,2019060201008306,HIDCL,6,42,200,165.00,"33,000.00"
2019-06-02,2019060201008305,HIDCL,14,42,"1,000",165.00,"165,000.00"
2019-06-02,2019060201008304,HIDCL,48,42,100,165.00,"16,500.00"
2019-06-02,2019060201008579,HPPL,37,42,10,183.00,"1,830.00"
2019-06-02,2019060201008576,HPPL,41,7,10,183.00,"1,830.00"
2019-06-02,2019060201008775,HURJA,33,37,20,151.00,"3,020.00"
2019-06-02,2019060201008763,HURJA,33,28,20,151.00,"3,020.00"
2019-06-02,2019060201008728,HURJA,33,28,10,150.00,"1,500.00"
2019-06-02,2019060201008727,HURJA,33,28,10,150.00,"1,500.00"
2019-06-02,2019060201008724,HURJA,33,37,20,150.00,"3,000.00"
2019-06-02,2019060201008695,HURJA,33,28,20,150.00,"3,000.00"
2019-06-02,2019060201008484,HURJA,33,37,20,150.00,"3,000.00"
2019-06-02,2019060201008449,HURJA,33,38,40,150.00,"6,000.00"
2019-06-02,2019060201008448,HURJA,59,38,200,150.00,"30,000.00"
2019-06-02,2019060201008447,HURJA,47,38,60,150.00,"9,000.00"
2019-06-02,2019060201008446,HURJA,33,38,200,151.00,"30,200.00"
2019-06-02,2019060201008666,HURJA,33,29,10,150.00,"1,500.00"
2019-06-02,2019060201008641,HURJA,33,37,20,150.00,"3,000.00"
2019-06-02,2019060201008621,HURJA,33,40,20,150.00,"3,000.00"
2019-06-02,2019060201008577,HURJA,33,45,20,150.00,"3,000.00"
2019-06-02,2019060201008545,HURJA,33,37,10,150.00,"1,500.00"
2019-06-02,2019060201008531,HURJA,33,26,10,150.00,"1,500.00"
2019-06-02,2019060201008550,JBBL,51,5,532,157.00,"83,524.00"
2019-06-02,2019060201008549,JBBL,44,5,682,157.00,"107,074.00"
2019-06-02,2019060201008437,JBBL,44,50,741,157.00,"116,337.00"
2019-06-02,2019060201008692,JBNL,28,42,263,209.00,"54,967.00"
2019-06-02,2019060201008667,JBNL,46,8,100,210.00,"21,000.00"
2019-06-02,2019060201008624,JBNL,36,38,"2,000",209.00,"418,000.00"
2019-06-02,2019060201008758,KBBL,36,50,240,240.00,"57,600.00"
2019-06-02,2019060201008757,KBBL,36,42,"5,000",240.00,"1,200,000.00"
2019-06-02,2019060201008750,KBBL,21,39,69,238.00,"16,422.00"
2019-06-02,2019060201008590,KBBL,19,42,800,240.00,"192,000.00"
2019-06-02,2019060201008466,KBBL,19,21,200,240.00,"48,000.00"
2019-06-02,2019060201008440,KBBL,33,41,"1,000",240.00,"240,000.00"
2019-06-02,2019060201008789,KBL,55,25,407,217.00,"88,319.00"
2019-06-02,2019060201008788,KBL,32,25,200,217.00,"43,400.00"
2019-06-02,2019060201008787,KBL,39,25,393,217.00,"85,281.00"
2019-06-02,2019060201008722,KBL,39,42,500,217.00,"108,500.00"
2019-06-02,2019060201008706,KBL,32,40,200,218.00,"43,600.00"
2019-06-02,2019060201008705,KBL,16,40,"1,305",218.00,"284,490.00"
2019-06-02,2019060201008478,KPCL,59,38,10,99.00,990.00
2019-06-02,2019060201008523,KPCL,59,35,500,100.00,"50,000.00"
2019-06-02,2019060201008480,KPCL,59,48,10,99.00,990.00
2019-06-02,2019060201008479,KPCL,59,35,500,99.00,"49,500.00"
2019-06-02,2019060201008749,KPCL,59,52,10,99.00,990.00
2019-06-02,2019060201008504,KSBBL,33,49,162,163.00,"26,406.00"
2019-06-02,2019060201008503,KSBBL,33,33,756,163.00,"123,228.00"
2019-06-02,2019060201008803,LBBL,48,52,370,202.00,"74,740.00"
2019-06-02,2019060201008715,LBL,43,16,500,222.00,"111,000.00"
2019-06-02,2019060201008714,LBL,26,16,150,222.00,"33,300.00"
2019-06-02,2019060201008713,LBL,52,16,50,222.00,"11,100.00"
2019-06-02,2019060201008626,LBL,52,42,50,222.00,"11,100.00"
2019-06-02,2019060201008552,LGIL,52,52,118,495.00,"58,410.00"
2019-06-02,2019060201008445,LGIL,52,52,482,495.00,"238,590.00"
2019-06-02,2019060201008435,LGIL,52,14,118,495.00,"58,410.00"
2019-06-02,2019060201008434,LGIL,40,14,10,495.00,"4,950.00"
2019-06-02,2019060201008725,LLBS,11,42,50,751.00,"37,550.00"
2019-06-02,2019060201008382,MBL,57,14,20,273.00,"5,460.00"
2019-06-02,2019060201008381,MBL,43,14,450,273.00,"122,850.00"
2019-06-02,2019060201008772,MEGA,32,42,89,204.00,"18,156.00"
2019-06-02,2019060201008771,MEGA,33,42,500,204.00,"102,000.00"
2019-06-02,2019060201008770,MEGA,48,42,417,204.00,"85,068.00"
2019-06-02,2019060201008753,MEGA,48,6,583,204.00,"118,932.00"
2019-06-02,2019060201008752,MEGA,45,6,300,204.00,"61,200.00"
2019-06-02,2019060201008751,MEGA,20,6,430,204.00,"87,720.00"
2019-06-02,2019060201008603,MEGA,20,22,570,204.00,"116,280.00"
2019-06-02,2019060201008602,MEGA,54,22,50,204.00,"10,200.00"
2019-06-02,2019060201008601,MEGA,14,22,"1,000",204.00,"204,000.00"
2019-06-02,2019060201008600,MEGA,41,22,280,204.00,"57,120.00"
2019-06-02,2019060201008560,MERO,49,28,10,593.00,"5,930.00"
2019-06-02,2019060201008469,MERO,43,28,20,593.00,"11,860.00"
2019-06-02,2019060201008468,MERO,52,28,70,593.00,"41,510.00"
2019-06-02,2019060201008451,MLBL,28,17,100,197.00,"19,700.00"
2019-06-02,2019060201008795,MNBBL,11,42,500,375.00,"187,500.00"
2019-06-02,2019060201008794,MNBBL,35,42,100,375.00,"37,500.00"
2019-06-02,2019060201008793,MNBBL,7,42,50,375.00,"18,750.00"
2019-06-02,2019060201008792,MNBBL,51,42,15,375.00,"5,625.00"
2019-06-02,2019060201008723,MNBBL,51,26,35,375.00,"13,125.00"
2019-06-02,2019060201008334,MNBBL,51,57,150,375.00,"56,250.00"
2019-06-02,2019060201008333,MNBBL,34,57,30,375.00,"11,250.00"
2019-06-02,2019060201008332,MNBBL,40,57,150,376.00,"56,400.00"
2019-06-02,2019060201008331,MNBBL,48,57,417,376.00,"156,792.00"
2019-06-02,2019060201008712,MSMBS,11,7,11,482.00,"5,302.00"
2019-06-02,2019060201008392,NABIL,38,45,20,835.00,"16,700.00"
2019-06-02,2019060201008589,NBB,8,13,200,224.00,"44,800.00"
2019-06-02,2019060201008783,NBL,53,33,900,334.00,"300,600.00"
2019-06-02,2019060201008665,NBL,35,33,100,334.00,"33,400.00"
2019-06-02,2019060201008653,NBL,19,33,200,334.00,"66,800.00"
2019-06-02,2019060201008597,NBL,46,33,20,334.00,"6,680.00"
2019-06-02,2019060201008588,NBL,56,33,500,334.00,"167,000.00"
2019-06-02,2019060201008587,NBL,40,33,150,334.00,"50,100.00"
2019-06-02,2019060201008358,NBL,36,8,300,334.00,"100,200.00"
2019-06-02,2019060201008357,NBL,44,8,"1,975",334.00,"659,650.00"
2019-06-02,2019060201008368,NBL,56,57,100,334.00,"33,400.00"
2019-06-02,2019060201008367,NBL,19,57,475,334.00,"158,650.00"
2019-06-02,2019060201008362,NBL,19,8,25,334.00,"8,350.00"
2019-06-02,2019060201008361,NBL,45,8,500,334.00,"167,000.00"
2019-06-02,2019060201008360,NBL,5,8,100,334.00,"33,400.00"
2019-06-02,2019060201008359,NBL,13,8,100,334.00,"33,400.00"
2019-06-02,2019060201008389,NBL,25,44,"1,000",334.00,"334,000.00"
2019-06-02,2019060201008388,NBL,44,44,200,334.00,"66,800.00"
2019-06-02,2019060201008387,NBL,34,44,75,334.00,"25,050.00"
2019-06-02,2019060201008378,NBL,34,7,425,334.00,"141,950.00"
2019-06-02,2019060201008377,NBL,10,7,575,334.00,"192,050.00"
2019-06-02,2019060201008369,NBL,10,57,425,334.00,"141,950.00"
2019-06-02,2019060201008566,NBL,53,33,800,333.00,"266,400.00"
2019-06-02,2019060201008565,NBL,45,33,"1,000",333.00,"333,000.00"
2019-06-02,2019060201008556,NBL,42,50,"1,000",334.00,"334,000.00"
2019-06-02,2019060201008555,NBL,42,44,"6,725",334.00,"2,246,150.00"
2019-06-02,2019060201008495,NBL,25,44,"1,000",334.00,"334,000.00"
2019-06-02,2019060201008390,NBL,28,44,"1,000",334.00,"334,000.00"
2019-06-02,2019060201008656,NCCB,36,34,13,262.00,"3,406.00"
2019-06-02,2019060201008655,NCCB,13,34,200,262.00,"52,400.00"
2019-06-02,2019060201008654,NCCB,29,34,787,262.00,"206,194.00"
2019-06-02,2019060201008475,NCCB,29,7,213,262.00,"55,806.00"
2019-06-02,2019060201008474,NCCB,42,7,500,262.00,"131,000.00"
2019-06-02,2019060201008473,NCCB,49,7,100,262.00,"26,200.00"
2019-06-02,2019060201008408,NCCB,53,8,400,263.00,"105,200.00"
2019-06-02,2019060201008395,NCCB,35,57,700,262.00,"183,400.00"
2019-06-02,2019060201008394,NCCB,32,57,200,262.00,"52,400.00"
2019-06-02,2019060201008393,NCCB,40,57,100,262.00,"26,200.00"
2019-06-02,2019060201008472,NCCB,49,7,100,262.00,"26,200.00"
2019-06-02,2019060201008471,NCCB,26,7,87,262.00,"22,794.00"
2019-06-02,2019060201008465,NCCB,26,8,313,262.00,"82,006.00"
2019-06-02,2019060201008464,NCCB,35,8,300,262.00,"78,600.00"
2019-06-02,2019060201008418,NCCB,52,5,100,263.00,"26,300.00"
2019-06-02,2019060201008409,NCCB,53,5,600,263.00,"157,800.00"
2019-06-02,2019060201008582,NHPC,57,57,"1,000",69.00,"69,000.00"
2019-06-02,2019060201008557,NHPC,42,22,200,70.00,"14,000.00"
2019-06-02,2019060201008482,NIBPO,59,57,50,505.00,"25,250.00"
2019-06-02,2019060201008428,NIBPO,11,57,100,505.00,"50,500.00"
2019-06-02,2019060201008427,NIBPO,36,57,10,505.00,"5,050.00"
2019-06-02,2019060201008426,NIBPO,21,57,100,505.00,"50,500.00"
2019-06-02,2019060201008425,NIBPO,13,57,300,505.00,"151,500.00"
2019-06-02,2019060201008424,NIBPO,17,57,50,506.00,"25,300.00"
2019-06-02,2019060201008423,NIBPO,35,57,30,506.00,"15,180.00"
2019-06-02,2019060201008422,NIBPO,11,57,15,506.00,"7,590.00"
2019-06-02,2019060201008421,NIBPO,1,57,20,506.00,"10,120.00"
2019-06-02,2019060201008529,NICA,43,14,50,478.00,"23,900.00"
2019-06-02,2019060201008419,NICA,43,41,159,478.00,"76,002.00"
2019-06-02,2019060201008391,NICA,43,39,49,478.00,"23,422.00"
2019-06-02,2019060201008799,NIL,11,42,390,510.00,"198,900.00"
2019-06-02,2019060201008798,NIL,6,42,100,511.00,"51,100.00"
2019-06-02,2019060201008373,NIL,11,40,109,510.00,"55,590.00"
2019-06-02,2019060201008372,NIL,13,40,"1,000",510.00,"510,000.00"
2019-06-02,2019060201008767,NLG,49,41,289,802.00,"231,778.00"
2019-06-02,2019060201008769,NLIC,50,7,25,930.00,"23,250.00"
2019-06-02,2019060201008768,NLIC,50,7,10,932.00,"9,320.00"
2019-06-02,2019060201008570,NLIC,35,36,500,935.00,"467,500.00"
2019-06-02,2019060201008548,NSEWA,6,3,10,450.00,"4,500.00"
2019-06-02,2019060201008461,NSEWA,6,22,10,450.00,"4,500.00"
2019-06-02,2019060201008376,OHL,17,57,100,643.00,"64,300.00"
2019-06-02,2019060201008647,OHL,45,57,40,642.00,"25,680.00"
2019-06-02,2019060201008651,OHL,5,57,100,642.00,"64,200.00"
2019-06-02,2019060201008650,OHL,5,57,500,642.00,"321,000.00"
2019-06-02,2019060201008649,OHL,5,57,500,642.00,"321,000.00"
2019-06-02,2019060201008648,OHL,43,57,40,642.00,"25,680.00"
2019-06-02,2019060201008694,PCBL,6,6,893,307.00,"274,151.00"
2019-06-02,2019060201008693,PCBL,55,6,30,307.00,"9,210.00"
2019-06-02,2019060201008754,PFL,19,16,10,138.00,"1,380.00"
2019-06-02,2019060201008774,PIC,3,58,11,"1,170.00","12,870.00"
2019-06-02,2019060201008686,PIC,26,7,20,"1,174.00","23,480.00"
2019-06-02,2019060201008585,PIC,3,52,50,"1,170.00","58,500.00"
2019-06-02,2019060201008547,PIC,35,6,100,"1,170.00","117,000.00"
2019-06-02,2019060201008477,PIC,28,53,100,"1,170.00","117,000.00"
2019-06-02,2019060201008442,PIC,56,28,13,"1,171.00","15,223.00"
2019-06-02,2019060201008415,PIC,56,7,108,"1,170.00","126,360.00"
2019-06-02,2019060201008756,PICL,32,7,100,697.00,"69,700.00"
2019-06-02,2019060201008748,PRVU,44,58,"11,380",276.00,"3,140,880.00"
2019-06-02,2019060201008747,PRVU,44,58,"10,000",276.00,"2,760,000.00"
2019-06-02,2019060201008746,PRVU,38,58,50,276.00,"13,800.00"
2019-06-02,2019060201008745,PRVU,44,58,"10,000",276.00,"2,760,000.00"
2019-06-02,2019060201008744,PRVU,37,58,500,276.00,"138,000.00"
2019-06-02,2019060201008743,PRVU,54,58,"2,000",276.00,"552,000.00"
2019-06-02,2019060201008470,PRVU,52,45,100,278.00,"27,800.00"
2019-06-02,2019060201008613,PRVU,34,36,300,277.00,"83,100.00"
2019-06-02,2019060201008612,PRVU,51,36,"1,000",277.00,"277,000.00"
2019-06-02,2019060201008611,PRVU,40,36,100,277.00,"27,700.00"
2019-06-02,2019060201008610,PRVU,34,36,301,277.00,"83,377.00"
2019-06-02,2019060201008609,PRVU,51,36,600,277.00,"166,200.00"
2019-06-02,2019060201008554,PRVU,28,45,"1,000",278.00,"278,000.00"
2019-06-02,2019060201008619,PRVU,17,45,160,278.00,"44,480.00"
2019-06-02,2019060201008617,PRVU,45,36,499,277.00,"138,223.00"
2019-06-02,2019060201008616,PRVU,59,36,100,277.00,"27,700.00"
2019-06-02,2019060201008615,PRVU,44,36,200,277.00,"55,400.00"
2019-06-02,2019060201008614,PRVU,34,36,300,277.00,"83,100.00"
2019-06-02,2019060201008717,PRVU,51,10,100,277.00,"27,700.00"
2019-06-02,2019060201008716,PRVU,56,10,50,277.00,"13,850.00"
2019-06-02,2019060201008730,PRVU,32,58,500,277.00,"138,500.00"
2019-06-02,2019060201008729,PRVU,51,58,"1,370",277.00,"379,490.00"
2019-06-02,2019060201008721,PRVU,51,10,630,277.00,"174,510.00"
2019-06-02,2019060201008720,PRVU,20,10,20,277.00,"5,540.00"
2019-06-02,2019060201008719,PRVU,45,10,200,277.00,"55,400.00"
2019-06-02,2019060201008718,PRVU,28,10,"1,000",277.00,"277,000.00"
2019-06-02,2019060201008736,PRVU,39,58,50,276.00,"13,800.00"
2019-06-02,2019060201008735,PRVU,43,58,250,276.00,"69,000.00"
2019-06-02,2019060201008734,PRVU,57,58,500,277.00,"138,500.00"
2019-06-02,2019060201008733,PRVU,5,58,"1,000",277.00,"277,000.00"
2019-06-02,2019060201008732,PRVU,39,58,300,277.00,"83,100.00"
2019-06-02,2019060201008731,PRVU,42,58,100,277.00,"27,700.00"
2019-06-02,2019060201008742,PRVU,42,58,100,276.00,"27,600.00"
2019-06-02,2019060201008741,PRVU,28,58,"1,500",276.00,"414,000.00"
2019-06-02,2019060201008740,PRVU,32,58,"3,000",276.00,"828,000.00"
2019-06-02,2019060201008739,PRVU,1,58,400,276.00,"110,400.00"
2019-06-02,2019060201008738,PRVU,28,58,"1,000",276.00,"276,000.00"
2019-06-02,2019060201008737,PRVU,44,58,"1,000",276.00,"276,000.00"
2019-06-02,2019060201008790,RADHI,47,58,11,166.00,"1,826.00"
2019-06-02,2019060201008569,RADHI,47,16,11,166.00,"1,826.00"
2019-06-02,2019060201008776,RBCLPO,42,35,10,"9,771.00","97,710.00"
2019-06-02,2019060201008691,RBCLPO,42,58,100,"9,775.00","977,500.00"
2019-06-02,2019060201008690,RBCLPO,3,58,10,"9,775.00","97,750.00"
2019-06-02,2019060201008689,RBCLPO,53,58,20,"9,780.00","195,600.00"
2019-06-02,2019060201008688,RBCLPO,49,58,10,"9,785.00","97,850.00"
2019-06-02,2019060201008687,RBCLPO,50,58,40,"9,786.00","391,440.00"
2019-06-02,2019060201008583,RBCLPO,50,58,10,"9,786.00","97,860.00"
2019-06-02,2019060201008802,RRHP,46,58,10,105.00,"1,050.00"
2019-06-02,2019060201008726,RRHP,46,38,150,105.00,"15,750.00"
2019-06-02,2019060201008527,RSDC,28,5,50,380.00,"19,000.00"
2019-06-02,2019060201008438,SAEF,34,22,"1,000",10.00,"10,000.00"
2019-06-02,2019060201008766,SANIMA,52,8,220,354.00,"77,880.00"
2019-06-02,2019060201008765,SANIMA,54,8,30,354.00,"10,620.00"
2019-06-02,2019060201008764,SANIMA,56,8,150,354.00,"53,100.00"
2019-06-02,2019060201008456,SANIMA,48,57,200,355.00,"71,000.00"
2019-06-02,2019060201008455,SANIMA,37,57,60,355.00,"21,300.00"
2019-06-02,2019060201008454,SANIMA,6,57,300,355.00,"106,500.00"
2019-06-02,2019060201008453,SANIMA,28,57,100,355.00,"35,500.00"
2019-06-02,2019060201008452,SANIMA,47,57,102,355.00,"36,210.00"
2019-06-02,2019060201008791,SCB,49,7,52,692.00,"35,984.00"
2019-06-02,2019060201008662,SCB,49,13,100,692.00,"69,200.00"
2019-06-02,2019060201008544,SCB,49,57,600,692.00,"415,200.00"
2019-06-02,2019060201008355,SCB,32,3,183,694.00,"127,002.00"
2019-06-02,2019060201008704,SHIVM,53,3,50,665.00,"33,250.00"
2019-06-02,2019060201008703,SHIVM,16,3,200,665.00,"133,000.00"
2019-06-02,2019060201008702,SHIVM,41,3,125,665.00,"83,125.00"
2019-06-02,2019060201008684,SHIVM,7,58,195,665.00,"129,675.00"
2019-06-02,2019060201008683,SHIVM,36,58,200,665.00,"133,000.00"
2019-06-02,2019060201008682,SHIVM,34,58,200,665.00,"133,000.00"
2019-06-02,2019060201008336,SHIVM,10,58,60,673.00,"40,380.00"
2019-06-02,2019060201008335,SHIVM,10,58,50,673.00,"33,650.00"
2019-06-02,2019060201008314,SHIVM,10,38,50,673.00,"33,650.00"
2019-06-02,2019060201008309,SHIVM,10,58,"1,000",673.00,"673,000.00"
2019-06-02,2019060201008342,SHIVM,59,58,350,671.00,"234,850.00"
2019-06-02,2019060201008341,SHIVM,5,58,700,672.00,"470,400.00"
2019-06-02,2019060201008340,SHIVM,45,58,"1,000",672.00,"672,000.00"
2019-06-02,2019060201008339,SHIVM,42,58,500,672.00,"336,000.00"
2019-06-02,2019060201008338,SHIVM,5,58,50,672.00,"33,600.00"
2019-06-02,2019060201008337,SHIVM,34,58,200,672.00,"134,400.00"
2019-06-02,2019060201008348,SHIVM,50,58,300,670.00,"201,000.00"
2019-06-02,2019060201008347,SHIVM,29,58,500,670.00,"335,000.00"
2019-06-02,2019060201008346,SHIVM,36,58,600,670.00,"402,000.00"
2019-06-02,2019060201008345,SHIVM,38,58,140,671.00,"93,940.00"
2019-06-02,2019060201008344,SHIVM,34,58,200,671.00,"134,200.00"
2019-06-02,2019060201008343,SHIVM,48,58,100,671.00,"67,100.00"
2019-06-02,2019060201008379,SHIVM,43,21,50,670.00,"33,500.00"
2019-06-02,2019060201008354,SHIVM,34,58,350,670.00,"234,500.00"
2019-06-02,2019060201008352,SHIVM,48,58,500,670.00,"335,000.00"
2019-06-02,2019060201008351,SHIVM,49,58,200,670.00,"134,000.00"
2019-06-02,2019060201008350,SHIVM,25,58,100,670.00,"67,000.00"
2019-06-02,2019060201008349,SHIVM,16,58,100,670.00,"67,000.00"
2019-06-02,2019060201008417,SHIVM,38,6,50,669.00,"33,450.00"
2019-06-02,2019060201008410,SHIVM,42,21,150,670.00,"100,500.00"
2019-06-02,2019060201008407,SHIVM,38,25,50,669.00,"33,450.00"
2019-06-02,2019060201008406,SHIVM,56,25,50,669.00,"33,450.00"
2019-06-02,2019060201008405,SHIVM,34,25,200,669.00,"133,800.00"
2019-06-02,2019060201008380,SHIVM,58,21,100,670.00,"67,000.00"
2019-06-02,2019060201008659,SHIVM,45,40,50,668.00,"33,400.00"
2019-06-02,2019060201008643,SHIVM,45,22,295,668.00,"197,060.00"
2019-06-02,2019060201008642,SHIVM,6,22,55,668.00,"36,740.00"
2019-06-02,2019060201008607,SHIVM,6,3,145,668.00,"96,860.00"
2019-06-02,2019060201008606,SHIVM,39,3,55,668.00,"36,740.00"
2019-06-02,2019060201008578,SHIVM,38,25,100,669.00,"66,900.00"
2019-06-02,2019060201008675,SHIVM,5,58,700,667.00,"466,900.00"
2019-06-02,2019060201008674,SHIVM,51,58,200,667.00,"133,400.00"
2019-06-02,2019060201008673,SHIVM,48,58,100,667.00,"66,700.00"
2019-06-02,2019060201008672,SHIVM,29,58,340,667.00,"226,780.00"
2019-06-02,2019060201008671,SHIVM,34,58,200,668.00,"133,600.00"
2019-06-02,2019060201008670,SHIVM,45,58,655,668.00,"437,540.00"
2019-06-02,2019060201008681,SHIVM,8,58,100,665.00,"66,500.00"
2019-06-02,2019060201008680,SHIVM,26,58,50,666.00,"33,300.00"
2019-06-02,2019060201008679,SHIVM,45,58,100,666.00,"66,600.00"
2019-06-02,2019060201008678,SHIVM,34,58,200,666.00,"133,200.00"
2019-06-02,2019060201008677,SHIVM,19,58,60,666.00,"39,960.00"
2019-06-02,2019060201008676,SHIVM,5,58,700,667.00,"466,900.00"
2019-06-02,2019060201008371,SHL,13,17,480,239.00,"114,720.00"
2019-06-02,2019060201008491,SHPC,3,49,100,265.00,"26,500.00"
2019-06-02,2019060201008490,SHPC,43,49,266,265.00,"70,490.00"
2019-06-02,2019060201008467,SHPC,42,43,100,266.00,"26,600.00"
2019-06-02,2019060201008658,SHPC,40,26,100,265.00,"26,500.00"
2019-06-02,2019060201008625,SHPC,40,34,150,265.00,"39,750.00"
2019-06-02,2019060201008494,SHPC,40,49,513,265.00,"135,945.00"
2019-06-02,2019060201008493,SHPC,14,49,500,265.00,"132,500.00"
2019-06-02,2019060201008492,SHPC,14,49,500,265.00,"132,500.00"
2019-06-02,2019060201008413,SIC,37,35,85,"1,375.00","116,875.00"
2019-06-02,2019060201008412,SIC,45,35,15,"1,375.00","20,625.00"
2019-06-02,2019060201008528,SIFC,22,17,20,160.00,"3,200.00"
2019-06-02,2019060201008567,SLBSL,44,51,10,591.00,"5,910.00"
2019-06-02,2019060201008313,SLBSL,51,57,20,591.00,"11,820.00"
2019-06-02,2019060201008312,SLBSL,52,57,80,592.00,"47,360.00"
2019-06-02,2019060201008594,SMATA,39,28,10,"1,295.00","12,950.00"
2019-06-02,2019060201008593,SMATA,54,28,20,"1,296.00","25,920.00"
2019-06-02,2019060201008592,SMATA,22,28,10,"1,300.00","13,000.00"
2019-06-02,2019060201008591,SMATA,41,28,10,"1,305.00","13,050.00"
2019-06-02,2019060201008664,SPARS,41,58,10,551.00,"5,510.00"
2019-06-02,2019060201008652,SPARS,7,32,50,551.00,"27,550.00"
2019-06-02,2019060201008524,SPARS,7,1,10,551.00,"5,510.00"
2019-06-02,2019060201008397,SPARS,7,18,10,551.00,"5,510.00"
2019-06-02,2019060201008366,SPARS,7,18,10,551.00,"5,510.00"
2019-06-02,2019060201008575,SRBL,52,22,13,258.00,"3,354.00"
2019-06-02,2019060201008574,SRBL,17,22,37,258.00,"9,546.00"
2019-06-02,2019060201008564,SRBL,17,1,213,258.00,"54,954.00"
2019-06-02,2019060201008563,SRBL,17,1,49,258.00,"12,642.00"
2019-06-02,2019060201008669,TRH,28,25,80,280.00,"22,400.00"
2019-06-02,2019060201008668,TRH,3,25,20,280.00,"5,600.00"
2019-06-02,2019060201008786,UPCL,33,25,"1,000",99.00,"99,000.00"
2019-06-02,2019060201008755,UPCL,33,21,50,98.00,"4,900.00"
2019-06-02,2019060201008645,UPCL,33,51,50,98.00,"4,900.00"
2019-06-02,2019060201008644,UPCL,45,21,50,98.00,"4,900.00"
2019-06-02,2019060201008623,UPCL,45,21,50,98.00,"4,900.00"
2019-06-02,2019060201008596,UPCL,45,21,50,98.00,"4,900.00"
2019-06-02,2019060201008432,UPCL,56,29,50,99.00,"4,950.00"
2019-06-02,2019060201008431,UPCL,56,29,300,99.00,"29,700.00"
2019-06-02,2019060201008430,UPCL,56,36,90,99.00,"8,910.00"
2019-06-02,2019060201008396,UPCL,45,21,50,98.00,"4,900.00"
2019-06-02,2019060201008499,UPCL,33,6,200,99.00,"19,800.00"
2019-06-02,2019060201008498,UPCL,33,51,900,99.00,"89,100.00"
2019-06-02,2019060201008497,UPCL,33,36,100,99.00,"9,900.00"
2019-06-02,2019060201008496,UPCL,33,38,"1,764",99.00,"174,636.00"
2019-06-02,2019060201008476,UPCL,45,21,50,98.00,"4,900.00"
2019-06-02,2019060201008433,UPCL,56,38,60,99.00,"5,940.00"
2019-06-02,2019060201008584,UPCL,45,21,50,98.00,"4,900.00"
2019-06-02,2019060201008568,UPCL,45,21,50,98.00,"4,900.00"
2019-06-02,2019060201008546,UPCL,45,21,100,98.00,"9,800.00"
2019-06-02,2019060201008526,UPCL,45,21,50,98.00,"4,900.00"
2019-06-02,2019060201008501,UPCL,33,49,"1,000",99.00,"99,000.00"
2019-06-02,2019060201008500,UPCL,33,34,500,99.00,"49,500.00"
2019-06-02,2019060201008800,UPPER,36,25,40,288.00,"11,520.00"
2019-06-02,2019060201008797,UPPER,36,59,50,288.00,"14,400.00"
2019-06-02,2019060201008796,UPPER,36,26,20,288.00,"5,760.00"
2019-06-02,2019060201008779,UPPER,48,52,47,287.00,"13,489.00"
2019-06-02,2019060201008778,UPPER,57,52,50,287.00,"14,350.00"
2019-06-02,2019060201008777,UPPER,14,52,103,287.00,"29,561.00"
2019-06-02,2019060201008399,UPPER,42,26,50,288.00,"14,400.00"
2019-06-02,2019060201008370,UPPER,42,26,40,288.00,"11,520.00"
2019-06-02,2019060201008462,UPPER,19,26,50,288.00,"14,400.00"
2019-06-02,2019060201008436,UPPER,19,26,50,288.00,"14,400.00"
2019-06-02,2019060201008429,UPPER,19,26,40,288.00,"11,520.00"
2019-06-02,2019060201008420,UPPER,19,50,140,288.00,"40,320.00"
2019-06-02,2019060201008404,UPPER,42,50,360,288.00,"103,680.00"
2019-06-02,2019060201008522,UPPER,19,41,50,288.00,"14,400.00"
2019-06-02,2019060201008521,UPPER,19,25,97,288.00,"27,936.00"
2019-06-02,2019060201008505,UPPER,19,26,40,288.00,"11,520.00"
2019-06-02,2019060201008605,UPPER,10,48,500,287.00,"143,500.00"
2019-06-02,2019060201008595,UPPER,10,51,50,287.00,"14,350.00"
2019-06-02,2019060201008581,UPPER,10,25,27,287.00,"7,749.00"
2019-06-02,2019060201008580,UPPER,11,25,23,287.00,"6,601.00"
2019-06-02,2019060201008553,UPPER,11,25,40,287.00,"11,480.00"
2019-06-02,2019060201008525,UPPER,19,52,33,288.00,"9,504.00"
2019-06-02,2019060201008699,UPPER,22,41,40,288.00,"11,520.00"
2019-06-02,2019060201008698,UPPER,22,52,167,288.00,"48,096.00"
2019-06-02,2019060201008696,UPPER,49,52,100,288.00,"28,800.00"
2019-06-02,2019060201008646,UPPER,10,25,40,287.00,"11,480.00"
2019-06-02,2019060201008618,UPPER,10,25,50,287.00,"14,350.00"
2019-06-02,2019060201008608,UPPER,10,16,"1,000",287.00,"287,000.00"
2019-06-02,2019060201008711,UPPER,14,25,397,287.00,"113,939.00"
2019-06-02,2019060201008710,UPPER,17,25,370,287.00,"106,190.00"
2019-06-02,2019060201008709,UPPER,10,25,"1,333",287.00,"382,571.00"
2019-06-02,2019060201008708,UPPER,13,25,800,288.00,"230,400.00"
2019-06-02,2019060201008707,UPPER,22,25,100,288.00,"28,800.00"
2019-06-02,2019060201008296,ADBL,59,42,14,420.00,"5,880.00"
2019-06-02,2019060201008008,ADBL,59,4,17,420.00,"7,140.00"
2019-06-02,2019060201007959,ADBL,59,4,850,420.00,"357,000.00"
2019-06-02,2019060201007958,ADBL,28,4,300,420.00,"126,000.00"
2019-06-02,2019060201007957,ADBL,42,4,500,420.00,"210,000.00"
2019-06-02,2019060201007956,ADBL,54,4,300,420.00,"126,000.00"
2019-06-02,2019060201007955,ADBL,53,4,50,420.00,"21,000.00"
2019-06-02,2019060201008256,AHPC,45,48,"4,665",108.00,"503,820.00"
2019-06-02,2019060201008255,AHPC,43,48,335,108.00,"36,180.00"
2019-06-02,2019060201008203,AHPC,1,49,500,109.00,"54,500.00"
2019-06-02,2019060201008202,AHPC,1,49,672,109.00,"73,248.00"
2019-06-02,2019060201008201,AHPC,47,49,"1,000",109.00,"109,000.00"
2019-06-02,2019060201008200,AHPC,39,49,"3,000",109.00,"327,000.00"
2019-06-02,2019060201008199,AHPC,34,49,"1,000",109.00,"109,000.00"
2019-06-02,2019060201008198,AHPC,25,49,500,109.00,"54,500.00"
2019-06-02,2019060201008197,AHPC,1,49,217,109.00,"23,653.00"
2019-06-02,2019060201008052,ALBSL,11,38,10,441.00,"4,410.00"
2019-06-02,2019060201008018,ALBSL,11,38,10,441.00,"4,410.00"
2019-06-02,2019060201007980,ALBSL,11,38,10,441.00,"4,410.00"
2019-06-02,2019060201007873,ALBSL,11,45,10,441.00,"4,410.00"
2019-06-02,2019060201007871,ALBSL,11,38,10,441.00,"4,410.00"
2019-06-02,2019060201008152,AMFI,42,45,10,535.00,"5,350.00"
2019-06-02,2019060201007979,AMFI,42,38,10,535.00,"5,350.00"
2019-06-02,2019060201008046,API,29,6,290,153.00,"44,370.00"
2019-06-02,2019060201008045,API,36,6,10,153.00,"1,530.00"
2019-06-02,2019060201008238,BARUN,34,7,10,96.00,960.00
2019-06-02,2019060201008107,BOKL,17,17,71,273.00,"19,383.00"
2019-06-02,2019060201008043,BPCL,32,38,50,419.00,"20,950.00"
2019-06-02,2019060201008042,BPCL,51,38,150,419.00,"62,850.00"
2019-06-02,2019060201008041,BPCL,48,38,100,419.00,"41,900.00"
2019-06-02,2019060201008187,CBL,37,37,421,147.00,"61,887.00"
2019-06-02,2019060201008186,CBL,36,37,"2,579",147.00,"379,113.00"
2019-06-02,2019060201008137,CBL,36,54,"2,421",147.00,"355,887.00"
2019-06-02,2019060201008136,CBL,48,54,579,147.00,"85,113.00"
2019-06-02,2019060201008030,CBL,48,54,421,147.00,"61,887.00"
2019-06-02,2019060201008029,CBL,29,54,100,147.00,"14,700.00"
2019-06-02,2019060201008028,CBL,26,54,"1,000",147.00,"147,000.00"
2019-06-02,2019060201008027,CBL,36,54,600,147.00,"88,200.00"
2019-06-02,2019060201008026,CBL,41,54,879,147.00,"129,213.00"
2019-06-02,2019060201008000,CCBL,45,42,500,169.00,"84,500.00"
2019-06-02,2019060201007990,CCBL,38,42,500,168.00,"84,000.00"
2019-06-02,2019060201007989,CCBL,57,42,100,168.00,"16,800.00"
2019-06-02,2019060201008139,CFCL,58,59,199,118.00,"23,482.00"
2019-06-02,2019060201008143,CHCL,49,42,182,525.00,"95,550.00"
2019-06-02,2019060201008142,CHCL,41,42,18,528.00,"9,504.00"
2019-06-02,2019060201008287,CHL,39,45,10,99.00,990.00
2019-06-02,2019060201008272,CIT,10,51,52,"2,590.00","134,680.00"
2019-06-02,2019060201008141,CZBIL,6,48,150,227.00,"34,050.00"
2019-06-02,2019060201008194,DBBL,32,34,27,147.00,"3,969.00"
2019-06-02,2019060201008193,DBBL,32,34,30,147.00,"4,410.00"
2019-06-02,2019060201008192,DBBL,38,34,161,147.00,"23,667.00"
2019-06-02,2019060201008191,DBBL,57,34,100,148.00,"14,800.00"
2019-06-02,2019060201008190,DBBL,34,34,182,148.00,"26,936.00"
2019-06-02,2019060201008168,DBBL,59,59,28,149.00,"4,172.00"
2019-06-02,2019060201008120,DDBL,48,48,29,726.00,"21,054.00"
2019-06-02,2019060201008188,EBL,32,16,175,673.00,"117,775.00"
2019-06-02,2019060201008132,FOWAD,39,47,10,"1,470.00","14,700.00"
2019-06-02,2019060201008131,FOWAD,43,47,20,"1,475.00","29,500.00"
2019-06-02,2019060201008130,FOWAD,51,47,34,"1,476.00","50,184.00"
2019-06-02,2019060201008129,FOWAD,8,47,50,"1,477.00","73,850.00"
2019-06-02,2019060201008106,FOWAD,51,47,16,"1,476.00","23,616.00"
2019-06-02,2019060201008105,FOWAD,17,47,25,"1,476.00","36,900.00"
2019-06-02,2019060201008003,FOWAD,50,47,10,"1,485.00","14,850.00"
2019-06-02,2019060201008040,FOWAD,37,47,95,"1,477.00","140,315.00"
2019-06-02,2019060201008039,FOWAD,44,47,100,"1,477.00","147,700.00"
2019-06-02,2019060201008007,FOWAD,50,47,20,"1,478.00","29,560.00"
2019-06-02,2019060201008006,FOWAD,35,47,30,"1,478.00","44,340.00"
2019-06-02,2019060201008005,FOWAD,38,47,13,"1,478.00","19,214.00"
2019-06-02,2019060201008004,FOWAD,47,47,40,"1,480.00","59,200.00"
2019-06-02,2019060201008244,GBBL,4,44,50,229.00,"11,450.00"
2019-06-02,2019060201008066,GBBL,4,44,50,229.00,"11,450.00"
2019-06-02,2019060201008064,GBBL,45,44,10,229.00,"2,290.00"
2019-06-02,2019060201008063,GBBL,19,44,250,229.00,"57,250.00"
2019-06-02,2019060201007977,GBBL,19,58,250,229.00,"57,250.00"
2019-06-02,2019060201007829,GBBL,4,44,50,230.00,"11,500.00"
2019-06-02,2019060201007806,GBBL,4,44,50,230.00,"11,500.00"
2019-06-02,2019060201007805,GBBL,4,44,50,230.00,"11,500.00"
2019-06-02,2019060201007804,GBBL,4,44,50,230.00,"11,500.00"
2019-06-02,2019060201007812,GBBL,4,44,50,230.00,"11,500.00"
2019-06-02,2019060201007811,GBBL,4,44,50,230.00,"11,500.00"
2019-06-02,2019060201007810,GBBL,4,44,50,230.00,"11,500.00"
2019-06-02,2019060201007809,GBBL,4,44,50,230.00,"11,500.00"
2019-06-02,2019060201007808,GBBL,4,44,50,230.00,"11,500.00"
2019-06-02,2019060201007807,GBBL,4,44,50,230.00,"11,500.00"
2019-06-02,2019060201007818,GBBL,4,44,50,230.00,"11,500.00"
2019-06-02,2019060201007817,GBBL,4,44,50,230.00,"11,500.00"
2019-06-02,2019060201007816,GBBL,4,44,50,230.00,"11,500.00"
2019-06-02,2019060201007815,GBBL,4,44,50,230.00,"11,500.00"
2019-06-02,2019060201007814,GBBL,4,44,50,230.00,"11,500.00"
2019-06-02,2019060201007813,GBBL,4,44,50,230.00,"11,500.00"
2019-06-02,2019060201008293,GBLBS,50,38,20,378.00,"7,560.00"
2019-06-02,2019060201008156,GDBL,1,1,"2,300",213.00,"489,900.00"
2019-06-02,2019060201007872,GHL,42,44,30,90.00,"2,700.00"
2019-06-02,2019060201007861,GHL,42,44,20,90.00,"1,800.00"
2019-06-02,2019060201008038,GILB,38,10,10,"1,301.00","13,010.00"
2019-06-02,2019060201008016,GILB,47,10,300,"1,302.00","390,600.00"
2019-06-02,2019060201008015,GILB,21,10,10,"1,304.00","13,040.00"
2019-06-02,2019060201008014,GILB,17,10,10,"1,305.00","13,050.00"
2019-06-02,2019060201008286,GLICL,41,28,58,550.00,"31,900.00"
2019-06-02,2019060201008285,GLICL,52,28,20,552.00,"11,040.00"
2019-06-02,2019060201008284,GLICL,49,28,100,552.00,"55,200.00"
2019-06-02,2019060201008283,GLICL,52,28,22,552.00,"12,144.00"
2019-06-02,2019060201008128,GRDBL,43,6,260,113.00,"29,380.00"
2019-06-02,2019060201008098,GRDBL,39,6,30,113.00,"3,390.00"
2019-06-02,2019060201007971,HDL,32,22,10,"1,724.00","17,240.00"
2019-06-02,2019060201008282,HGI,55,1,48,383.00,"18,384.00"
2019-06-02,2019060201008151,HGI,49,34,100,384.00,"38,400.00"
2019-06-02,2019060201008303,HIDCL,44,42,"2,000",165.00,"330,000.00"
2019-06-02,2019060201008302,HIDCL,16,42,125,165.00,"20,625.00"
2019-06-02,2019060201008301,HIDCL,1,42,500,166.00,"83,000.00"
2019-06-02,2019060201008300,HIDCL,1,42,184,167.00,"30,728.00"
2019-06-02,2019060201008251,HIDCL,1,45,816,167.00,"136,272.00"
2019-06-02,2019060201008093,HPPL,41,58,140,183.00,"25,620.00"
2019-06-02,2019060201008092,HPPL,22,58,300,184.00,"55,200.00"
2019-06-02,2019060201008091,HPPL,1,58,60,184.00,"11,040.00"
2019-06-02,2019060201008258,HURJA,47,39,20,150.00,"3,000.00"
