Date,Transact. No.,Symbol,Buyer,Seller,Quantity,Rate,Amount
2019-07-07,2019070701007693,ADBL,35,35,"2,708",408.00,"1,104,864.00"
2019-07-07,2019070701007692,ADBL,35,35,"3,000",408.00,"1,224,000.00"
2019-07-07,2019070701007691,ADBL,35,41,10,408.00,"4,080.00"
2019-07-07,2019070701007690,ADBL,35,35,398,408.00,"162,384.00"
2019-07-07,2019070701007689,ADBL,35,39,884,407.00,"359,788.00"
2019-07-07,2019070701007669,ADBL,32,39,50,407.00,"20,350.00"
2019-07-07,2019070701007567,ADBL,35,39,30,407.00,"12,210.00"
2019-07-07,2019070701007566,ADBL,51,39,100,407.00,"40,700.00"
2019-07-07,2019070701007565,ADBL,32,39,100,407.00,"40,700.00"
2019-07-07,2019070701007564,ADBL,35,39,156,407.00,"63,492.00"
2019-07-07,2019070701007388,ADBL,35,14,44,407.00,"17,908.00"
2019-07-07,2019070701007387,ADBL,49,14,456,407.00,"185,592.00"
2019-07-07,2019070701007385,AKJCL,7,58,10,71.00,710.00
2019-07-07,2019070701007601,ALBSL,56,17,10,392.00,"3,920.00"
2019-07-07,2019070701007272,ALICL,28,35,100,388.00,"38,800.00"
2019-07-07,2019070701007654,API,25,39,50,143.00,"7,150.00"
2019-07-07,2019070701007597,API,14,56,100,142.00,"14,200.00"
2019-07-07,2019070701007596,API,53,56,500,142.00,"71,000.00"
2019-07-07,2019070701007595,API,44,56,"1,189",142.00,"168,838.00"
2019-07-07,2019070701007483,API,25,39,51,143.00,"7,293.00"
2019-07-07,2019070701007594,BOKL,51,6,300,260.00,"78,000.00"
2019-07-07,2019070701007516,BOKL,26,6,96,260.00,"24,960.00"
2019-07-07,2019070701007515,BOKL,26,57,154,260.00,"40,040.00"
2019-07-07,2019070701007503,BOKL,38,57,50,260.00,"13,000.00"
2019-07-07,2019070701007386,BOKL,35,57,400,260.00,"104,000.00"
2019-07-07,2019070701007592,BPCL,33,59,10,408.00,"4,080.00"
2019-07-07,2019070701007591,BPCL,33,59,20,407.00,"8,140.00"
2019-07-07,2019070701007590,BPCL,33,34,20,405.00,"8,100.00"
2019-07-07,2019070701007437,BPCL,10,17,11,404.00,"4,444.00"
2019-07-07,2019070701007343,BPCL,10,34,13,404.00,"5,252.00"
2019-07-07,2019070701007342,BPCL,7,34,350,404.00,"141,400.00"
2019-07-07,2019070701007341,BPCL,51,34,85,404.00,"34,340.00"
2019-07-07,2019070701007535,CBBL,48,48,50,951.00,"47,550.00"
2019-07-07,2019070701007258,CBBL,34,56,200,951.00,"190,200.00"
2019-07-07,2019070701007257,CBBL,44,56,35,955.00,"33,425.00"
2019-07-07,2019070701007668,CBL,5,49,500,158.00,"79,000.00"
2019-07-07,2019070701007617,CBL,37,49,"3,000",158.00,"474,000.00"
2019-07-07,2019070701007606,CBL,42,49,500,158.00,"79,000.00"
2019-07-07,2019070701007605,CBL,28,14,151,157.00,"23,707.00"
2019-07-07,2019070701007586,CBL,50,49,"1,000",158.00,"158,000.00"
2019-07-07,2019070701007581,CBL,50,49,200,158.00,"31,600.00"
2019-07-07,2019070701007350,CBL,42,37,50,158.00,"7,900.00"
2019-07-07,2019070701007349,CBL,58,37,373,158.00,"58,934.00"
2019-07-07,2019070701007246,CBL,58,4,500,158.00,"79,000.00"
2019-07-07,2019070701007220,CBL,58,33,250,158.00,"39,500.00"
2019-07-07,2019070701007214,CBL,58,41,800,158.00,"126,400.00"
2019-07-07,2019070701007402,CBL,58,49,400,158.00,"63,200.00"
2019-07-07,2019070701007396,CBL,36,49,500,158.00,"79,000.00"
2019-07-07,2019070701007375,CBL,49,49,172,158.00,"27,176.00"
2019-07-07,2019070701007357,CBL,38,49,"1,000",158.00,"158,000.00"
2019-07-07,2019070701007356,CBL,20,49,"2,923",158.00,"461,834.00"
2019-07-07,2019070701007351,CBL,20,37,"2,077",158.00,"328,166.00"
2019-07-07,2019070701007510,CBL,42,49,70,158.00,"11,060.00"
2019-07-07,2019070701007481,CBL,45,49,500,158.00,"79,000.00"
2019-07-07,2019070701007475,CBL,57,49,500,158.00,"79,000.00"
2019-07-07,2019070701007454,CBL,14,49,500,158.00,"79,000.00"
2019-07-07,2019070701007423,CBL,14,49,500,158.00,"79,000.00"
2019-07-07,2019070701007416,CBL,47,49,100,158.00,"15,800.00"
2019-07-07,2019070701007680,CCBL,44,52,"1,000",182.00,"182,000.00"
2019-07-07,2019070701007641,CCBL,42,21,500,181.00,"90,500.00"
2019-07-07,2019070701007628,CCBL,44,52,"1,500",182.00,"273,000.00"
2019-07-07,2019070701007568,CCBL,42,52,200,181.00,"36,200.00"
2019-07-07,2019070701007523,CCBL,38,57,"1,000",181.00,"181,000.00"
2019-07-07,2019070701007477,CCBL,36,52,"1,000",182.00,"182,000.00"
2019-07-07,2019070701007462,CCBL,5,17,58,181.00,"10,498.00"
2019-07-07,2019070701007382,CCBL,5,58,200,181.00,"36,200.00"
2019-07-07,2019070701007279,CCBL,5,46,90,181.00,"16,290.00"
2019-07-07,2019070701007652,CFCL,55,8,332,121.00,"40,172.00"
2019-07-07,2019070701007282,CFCL,28,8,10,121.00,"1,210.00"
2019-07-07,2019070701007647,CIT,18,4,85,"2,425.00","206,125.00"
2019-07-07,2019070701007646,CIT,40,4,50,"2,426.00","121,300.00"
2019-07-07,2019070701007512,CZBIL,1,43,59,223.00,"13,157.00"
2019-07-07,2019070701007511,CZBIL,56,43,331,223.00,"73,813.00"
2019-07-07,2019070701007488,CZBIL,6,26,100,224.00,"22,400.00"
2019-07-07,2019070701007401,CZBIL,56,58,10,223.00,"2,230.00"
2019-07-07,2019070701007363,CZBIL,56,38,659,223.00,"146,957.00"
2019-07-07,2019070701007362,CZBIL,52,38,300,223.00,"66,900.00"
2019-07-07,2019070701007361,CZBIL,6,38,433,223.00,"96,559.00"
2019-07-07,2019070701007290,CZBIL,6,11,567,223.00,"126,441.00"
2019-07-07,2019070701007289,CZBIL,56,11,299,223.00,"66,677.00"
2019-07-07,2019070701007222,CZBIL,56,25,51,223.00,"11,373.00"
2019-07-07,2019070701007610,DBBL,42,34,100,145.00,"14,500.00"
2019-07-07,2019070701007609,DBBL,35,34,15,145.00,"2,175.00"
2019-07-07,2019070701007432,DBBL,57,38,100,146.00,"14,600.00"
2019-07-07,2019070701007364,DBBL,35,5,185,145.00,"26,825.00"
2019-07-07,2019070701007344,DBBL,45,5,50,145.00,"7,250.00"
2019-07-07,2019070701007413,DDBL,43,37,20,710.00,"14,200.00"
2019-07-07,2019070701007269,DDBL,43,49,53,710.00,"37,630.00"
2019-07-07,2019070701007268,DDBL,7,49,22,712.00,"15,664.00"
2019-07-07,2019070701007530,EBL,8,16,34,650.00,"22,100.00"
2019-07-07,2019070701007529,EBL,1,16,100,650.00,"65,000.00"
2019-07-07,2019070701007528,EBL,21,16,16,650.00,"10,400.00"
2019-07-07,2019070701007460,FOWAD,4,25,19,"1,335.00","25,365.00"
2019-07-07,2019070701007602,GBBL,49,35,190,224.00,"42,560.00"
2019-07-07,2019070701007455,GBBL,49,40,100,224.00,"22,400.00"
2019-07-07,2019070701007645,GBLBS,29,13,300,345.00,"103,500.00"
2019-07-07,2019070701007439,GBLBS,29,10,150,345.00,"51,750.00"
2019-07-07,2019070701007438,GBLBS,42,10,200,345.00,"69,000.00"
2019-07-07,2019070701007328,GDBL,36,11,"1,000",212.00,"212,000.00"
2019-07-07,2019070701007327,GDBL,36,11,160,211.00,"33,760.00"
2019-07-07,2019070701007331,GDBL,36,41,155,213.00,"33,015.00"
2019-07-07,2019070701007330,GDBL,36,41,155,213.00,"33,015.00"
2019-07-07,2019070701007329,GDBL,36,42,125,212.00,"26,500.00"
2019-07-07,2019070701007499,GDBL,6,16,180,210.00,"37,800.00"
2019-07-07,2019070701007414,GDBL,36,14,405,213.00,"86,265.00"
2019-07-07,2019070701007613,GHL,32,14,30,83.00,"2,490.00"
2019-07-07,2019070701007579,GHL,32,47,30,82.00,"2,460.00"
2019-07-07,2019070701007608,GIMES1,6,38,"4,000",8.00,"32,000.00"
2019-07-07,2019070701007259,GIMES1,52,38,"2,000",8.00,"16,000.00"
2019-07-07,2019070701007532,GLBSL,21,46,30,392.00,"11,760.00"
2019-07-07,2019070701007444,GLBSL,33,35,90,393.00,"35,370.00"
2019-07-07,2019070701007424,GMFBS,52,13,10,450.00,"4,500.00"
2019-07-07,2019070701007205,GMFBS,52,34,30,450.00,"13,500.00"
2019-07-07,2019070701007204,GRDBL,14,35,100,118.00,"11,800.00"
2019-07-07,2019070701007687,HBL,36,48,"1,000",545.00,"545,000.00"
2019-07-07,2019070701007686,HBL,6,48,10,545.00,"5,450.00"
2019-07-07,2019070701007685,HBL,25,48,200,545.00,"109,000.00"
2019-07-07,2019070701007542,HBL,22,56,225,546.00,"122,850.00"
2019-07-07,2019070701007541,HBL,52,56,100,546.00,"54,600.00"
2019-07-07,2019070701007540,HBL,22,56,200,547.00,"109,400.00"
2019-07-07,2019070701007614,HDL,48,37,200,"1,685.00","337,000.00"
2019-07-07,2019070701007589,HDL,48,58,145,"1,685.00","244,325.00"
2019-07-07,2019070701007588,HDL,6,58,15,"1,690.00","25,350.00"
2019-07-07,2019070701007587,HDL,32,58,40,"1,691.00","67,640.00"
2019-07-07,2019070701007393,HDL,32,38,60,"1,691.00","101,460.00"
2019-07-07,2019070701007355,HDL,32,58,200,"1,694.00","338,800.00"
2019-07-07,2019070701007664,HIDCL,57,56,100,162.00,"16,200.00"
2019-07-07,2019070701007504,HIDCL,36,38,620,161.00,"99,820.00"
2019-07-07,2019070701007436,HIDCL,36,17,13,161.00,"2,093.00"
2019-07-07,2019070701007435,HIDCL,36,34,"2,517",161.00,"405,237.00"
2019-07-07,2019070701007326,HIDCL,36,8,518,160.00,"82,880.00"
2019-07-07,2019070701007697,HPPL,25,13,10,175.00,"1,750.00"
2019-07-07,2019070701007562,HPPL,21,25,20,176.00,"3,520.00"
2019-07-07,2019070701007561,HPPL,21,52,10,176.00,"1,760.00"
2019-07-07,2019070701007560,HPPL,21,52,10,176.00,"1,760.00"
2019-07-07,2019070701007559,HPPL,21,32,10,176.00,"1,760.00"
2019-07-07,2019070701007558,HPPL,21,52,10,176.00,"1,760.00"
2019-07-07,2019070701007557,HPPL,21,52,10,176.00,"1,760.00"
2019-07-07,2019070701007556,HPPL,21,52,20,176.00,"3,520.00"
2019-07-07,2019070701007555,HPPL,21,34,"1,255",176.00,"220,880.00"
2019-07-07,2019070701007453,HURJA,16,43,20,140.00,"2,800.00"
2019-07-07,2019070701007452,HURJA,16,43,20,140.00,"2,800.00"
2019-07-07,2019070701007451,HURJA,16,43,20,140.00,"2,800.00"
2019-07-07,2019070701007450,HURJA,16,43,20,140.00,"2,800.00"
2019-07-07,2019070701007449,HURJA,16,41,20,140.00,"2,800.00"
2019-07-07,2019070701007650,ICFC,45,57,650,160.00,"104,000.00"
2019-07-07,2019070701007379,IGI,8,8,200,369.00,"73,800.00"
2019-07-07,2019070701007378,IGI,21,8,100,369.00,"36,900.00"
2019-07-07,2019070701007447,JBBL,33,44,71,158.00,"11,218.00"
2019-07-07,2019070701007278,JSLBB,6,26,10,"1,059.00","10,590.00"
2019-07-07,2019070701007376,KADBL,28,42,15,201.00,"3,015.00"
2019-07-07,2019070701007666,KBL,28,56,200,220.00,"44,000.00"
2019-07-07,2019070701007660,KBL,43,44,"1,000",221.00,"221,000.00"
2019-07-07,2019070701007625,KBL,32,44,49,221.00,"10,829.00"
2019-07-07,2019070701007518,KBL,32,14,451,221.00,"99,671.00"
2019-07-07,2019070701007517,KBL,6,14,49,221.00,"10,829.00"
2019-07-07,2019070701007468,KBL,6,44,51,221.00,"11,271.00"
2019-07-07,2019070701007248,KBL,38,25,50,221.00,"11,050.00"
2019-07-07,2019070701007247,KBL,38,25,"1,000",221.00,"221,000.00"
2019-07-07,2019070701007431,KBL,48,44,500,221.00,"110,500.00"
2019-07-07,2019070701007418,KBL,32,44,500,221.00,"110,500.00"
2019-07-07,2019070701007417,KBL,38,44,949,221.00,"209,729.00"
2019-07-07,2019070701007358,KBL,11,44,40,222.00,"8,880.00"
2019-07-07,2019070701007333,KBL,32,44,"1,469",222.00,"326,118.00"
2019-07-07,2019070701007332,KBL,32,44,31,222.00,"6,882.00"
2019-07-07,2019070701007675,KRBL,45,4,10,120.00,"1,200.00"
2019-07-07,2019070701007434,KRBL,22,38,484,117.00,"56,628.00"
2019-07-07,2019070701007433,KRBL,22,49,16,117.00,"1,872.00"
2019-07-07,2019070701007370,KRBL,22,39,331,116.00,"38,396.00"
2019-07-07,2019070701007648,KSBBL,29,1,305,161.00,"49,105.00"
2019-07-07,2019070701007611,KSBBL,29,38,400,161.00,"64,400.00"
2019-07-07,2019070701007502,KSBBL,33,34,10,162.00,"1,620.00"
2019-07-07,2019070701007311,KSBBL,29,1,150,161.00,"24,150.00"
2019-07-07,2019070701007310,KSBBL,29,59,537,161.00,"86,457.00"
2019-07-07,2019070701007309,KSBBL,29,43,100,161.00,"16,100.00"
2019-07-07,2019070701007308,KSBBL,29,34,324,161.00,"52,164.00"
2019-07-07,2019070701007616,LBBL,38,13,500,192.00,"96,000.00"
2019-07-07,2019070701007480,LBBL,45,17,94,193.00,"18,142.00"
2019-07-07,2019070701007479,LBBL,45,42,29,192.00,"5,568.00"
2019-07-07,2019070701007478,LBBL,45,28,377,192.00,"72,384.00"
2019-07-07,2019070701007292,LBBL,6,19,600,191.00,"114,600.00"
2019-07-07,2019070701007663,LBL,44,49,11,229.00,"2,519.00"
2019-07-07,2019070701007662,LBL,17,49,89,229.00,"20,381.00"
2019-07-07,2019070701007544,LBL,6,56,100,230.00,"23,000.00"
2019-07-07,2019070701007411,LBL,52,35,100,230.00,"23,000.00"
2019-07-07,2019070701007317,LBL,17,46,11,229.00,"2,519.00"
2019-07-07,2019070701007316,LBL,11,46,"1,400",229.00,"320,600.00"
2019-07-07,2019070701007300,LBL,11,40,500,229.00,"114,500.00"
2019-07-07,2019070701007265,LGIL,25,52,50,442.00,"22,100.00"
2019-07-07,2019070701007264,LGIL,35,52,50,442.00,"22,100.00"
2019-07-07,2019070701007638,LICN,28,48,13,"1,620.00","21,060.00"
2019-07-07,2019070701007598,LVF1,28,13,"1,000",10.20,"10,200.00"
2019-07-07,2019070701007498,MBL,16,49,"1,250",263.00,"328,750.00"
2019-07-07,2019070701007497,MBL,16,49,"1,500",263.00,"394,500.00"
2019-07-07,2019070701007496,MBL,1,49,200,263.00,"52,600.00"
2019-07-07,2019070701007495,MBL,51,49,100,263.00,"26,300.00"
2019-07-07,2019070701007494,MBL,51,49,100,263.00,"26,300.00"
2019-07-07,2019070701007493,MBL,10,49,"2,000",263.00,"526,000.00"
2019-07-07,2019070701007492,MBL,3,49,50,263.00,"13,150.00"
2019-07-07,2019070701007491,MBL,3,49,50,263.00,"13,150.00"
2019-07-07,2019070701007490,MBL,48,49,156,263.00,"41,028.00"
2019-07-07,2019070701007303,MBL,48,34,500,263.00,"131,500.00"
2019-07-07,2019070701007672,MEGA,43,42,100,214.00,"21,400.00"
2019-07-07,2019070701007635,MEGA,28,39,20,215.00,"4,300.00"
2019-07-07,2019070701007634,MEGA,43,39,10,215.00,"2,150.00"
2019-07-07,2019070701007626,MEGA,33,39,100,215.00,"21,500.00"
2019-07-07,2019070701007603,MEGA,43,50,458,214.00,"98,012.00"
2019-07-07,2019070701007599,MEGA,33,50,500,214.00,"107,000.00"
2019-07-07,2019070701007380,MEGA,6,33,50,214.00,"10,700.00"
2019-07-07,2019070701007209,MEGA,57,33,200,214.00,"42,800.00"
2019-07-07,2019070701007208,MEGA,57,33,300,214.00,"64,200.00"
2019-07-07,2019070701007202,MEGA,43,17,19,213.00,"4,047.00"
2019-07-07,2019070701007441,MEGA,41,58,200,214.00,"42,800.00"
2019-07-07,2019070701007440,MEGA,41,29,800,214.00,"171,200.00"
2019-07-07,2019070701007398,MEGA,6,29,250,214.00,"53,500.00"
2019-07-07,2019070701007395,MEGA,36,29,950,214.00,"203,300.00"
2019-07-07,2019070701007394,MEGA,36,33,50,214.00,"10,700.00"
2019-07-07,2019070701007392,MEGA,43,58,"1,000",213.00,"213,000.00"
2019-07-07,2019070701007570,MEGA,43,5,218,214.00,"46,652.00"
2019-07-07,2019070701007500,MEGA,43,17,19,213.00,"4,047.00"
2019-07-07,2019070701007466,MEGA,4,5,395,214.00,"84,530.00"
2019-07-07,2019070701007465,MEGA,4,34,"1,000",214.00,"214,000.00"
2019-07-07,2019070701007464,MEGA,4,41,505,214.00,"108,070.00"
2019-07-07,2019070701007463,MEGA,4,58,300,214.00,"64,200.00"
2019-07-07,2019070701007576,MEGA,43,50,342,214.00,"73,188.00"
2019-07-07,2019070701007575,MEGA,43,50,200,214.00,"42,800.00"
2019-07-07,2019070701007574,MEGA,43,48,240,214.00,"51,360.00"
2019-07-07,2019070701007573,MEGA,43,29,500,214.00,"107,000.00"
2019-07-07,2019070701007572,MEGA,43,17,"2,000",214.00,"428,000.00"
2019-07-07,2019070701007571,MEGA,43,41,500,214.00,"107,000.00"
2019-07-07,2019070701007302,MERO,8,17,268,510.00,"136,680.00"
2019-07-07,2019070701007301,MERO,45,17,100,511.00,"51,100.00"
2019-07-07,2019070701007276,MERO,6,17,100,512.00,"51,200.00"
2019-07-07,2019070701007275,MERO,25,17,39,512.00,"19,968.00"
2019-07-07,2019070701007274,MERO,25,17,52,513.00,"26,676.00"
2019-07-07,2019070701007273,MERO,38,17,100,515.00,"51,500.00"
2019-07-07,2019070701007658,MNBBL,44,14,120,367.00,"44,040.00"
2019-07-07,2019070701007277,MNBBL,38,14,100,367.00,"36,700.00"
2019-07-07,2019070701007629,MPFL,48,58,50,130.00,"6,500.00"
2019-07-07,2019070701007256,MPFL,48,58,100,132.00,"13,200.00"
2019-07-07,2019070701007219,MPFL,48,14,50,134.00,"6,700.00"
2019-07-07,2019070701007695,NABIL,35,50,20,790.00,"15,800.00"
2019-07-07,2019070701007694,NABIL,26,50,275,790.00,"217,250.00"
2019-07-07,2019070701007384,NABIL,26,32,225,790.00,"177,750.00"
2019-07-07,2019070701007383,NABIL,5,32,78,790.00,"61,620.00"
2019-07-07,2019070701007338,NABIL,36,50,20,791.00,"15,820.00"
2019-07-07,2019070701007405,NABILP,28,4,100,772.00,"77,200.00"
2019-07-07,2019070701007325,NABILP,59,4,500,771.00,"385,500.00"
2019-07-07,2019070701007203,NABILP,20,1,42,768.00,"32,256.00"
2019-07-07,2019070701007474,NADEP,28,36,40,412.00,"16,480.00"
2019-07-07,2019070701007473,NADEP,1,36,100,413.00,"41,300.00"
2019-07-07,2019070701007472,NADEP,57,36,60,415.00,"24,900.00"
2019-07-07,2019070701007254,NAGRO,21,18,130,506.00,"65,780.00"
2019-07-07,2019070701007253,NAGRO,41,18,20,507.00,"10,140.00"
2019-07-07,2019070701007360,NBB,36,53,100,222.00,"22,200.00"
2019-07-07,2019070701007359,NBB,52,53,400,223.00,"89,200.00"
2019-07-07,2019070701007286,NBB,52,51,100,223.00,"22,300.00"
2019-07-07,2019070701007698,NBL,33,50,100,339.00,"33,900.00"
2019-07-07,2019070701007688,NBL,5,50,100,339.00,"33,900.00"
2019-07-07,2019070701007604,NBL,43,16,400,338.00,"135,200.00"
2019-07-07,2019070701007569,NBL,43,16,"1,000",338.00,"338,000.00"
2019-07-07,2019070701007563,NBL,44,16,600,339.00,"203,400.00"
2019-07-07,2019070701007531,NBL,43,29,159,338.00,"53,742.00"
2019-07-07,2019070701007313,NBL,43,44,591,338.00,"199,758.00"
2019-07-07,2019070701007297,NBL,5,44,409,338.00,"138,242.00"
2019-07-07,2019070701007296,NBL,5,38,393,338.00,"132,834.00"
2019-07-07,2019070701007295,NBL,5,34,98,338.00,"33,124.00"
2019-07-07,2019070701007288,NBL,17,34,250,338.00,"84,500.00"
2019-07-07,2019070701007210,NBL,17,34,250,338.00,"84,500.00"
2019-07-07,2019070701007526,NBL,43,4,719,338.00,"243,022.00"
2019-07-07,2019070701007525,NBL,17,4,250,338.00,"84,500.00"
2019-07-07,2019070701007524,NBL,17,4,31,338.00,"10,478.00"
2019-07-07,2019070701007519,NBL,17,16,128,338.00,"43,264.00"
2019-07-07,2019070701007412,NBL,17,6,91,338.00,"30,758.00"
2019-07-07,2019070701007314,NBL,43,6,"1,909",338.00,"645,242.00"
2019-07-07,2019070701007679,NCCB,32,55,350,244.00,"85,400.00"
2019-07-07,2019070701007678,NCCB,45,55,100,244.00,"24,400.00"
2019-07-07,2019070701007677,NCCB,45,55,50,244.00,"12,200.00"
2019-07-07,2019070701007667,NCCB,13,33,25,245.00,"6,125.00"
2019-07-07,2019070701007640,NCCB,45,3,50,244.00,"12,200.00"
2019-07-07,2019070701007639,NCCB,8,3,50,244.00,"12,200.00"
2019-07-07,2019070701007340,NCCB,26,45,120,244.00,"29,280.00"
2019-07-07,2019070701007306,NCCB,1,5,480,244.00,"117,120.00"
2019-07-07,2019070701007223,NCCB,36,52,500,243.00,"121,500.00"
2019-07-07,2019070701007580,NCCB,8,55,500,244.00,"122,000.00"
2019-07-07,2019070701007543,NCCB,8,50,300,244.00,"73,200.00"
2019-07-07,2019070701007509,NCCB,19,33,100,245.00,"24,500.00"
2019-07-07,2019070701007505,NCCB,6,33,100,245.00,"24,500.00"
2019-07-07,2019070701007489,NCCB,8,45,150,244.00,"36,600.00"
2019-07-07,2019070701007482,NCCB,36,1,500,243.00,"121,500.00"
2019-07-07,2019070701007644,NIB,26,55,76,518.00,"39,368.00"
2019-07-07,2019070701007584,NIB,26,42,44,518.00,"22,792.00"
2019-07-07,2019070701007425,NIB,16,1,20,518.00,"10,360.00"
2019-07-07,2019070701007287,NIB,41,55,200,519.00,"103,800.00"
2019-07-07,2019070701007244,NIB,29,39,30,518.00,"15,540.00"
2019-07-07,2019070701007243,NIB,51,39,400,518.00,"207,200.00"
2019-07-07,2019070701007236,NIB,42,39,20,518.00,"10,360.00"
2019-07-07,2019070701007235,NIB,21,39,256,518.00,"132,608.00"
2019-07-07,2019070701007234,NIB,6,39,200,519.00,"103,800.00"
2019-07-07,2019070701007233,NIB,34,39,200,519.00,"103,800.00"
2019-07-07,2019070701007232,NIB,28,39,50,519.00,"25,950.00"
2019-07-07,2019070701007242,NIB,35,39,32,518.00,"16,576.00"
2019-07-07,2019070701007241,NIB,35,39,150,518.00,"77,700.00"
2019-07-07,2019070701007240,NIB,35,39,100,518.00,"51,800.00"
2019-07-07,2019070701007239,NIB,43,39,100,518.00,"51,800.00"
2019-07-07,2019070701007238,NIB,41,39,400,518.00,"207,200.00"
2019-07-07,2019070701007237,NIB,16,39,100,518.00,"51,800.00"
2019-07-07,2019070701007627,NIBPO,11,45,34,477.00,"16,218.00"
2019-07-07,2019070701007612,NIBPO,11,4,500,477.00,"238,500.00"
2019-07-07,2019070701007624,NICA,22,34,214,458.00,"98,012.00"
2019-07-07,2019070701007585,NICA,54,39,591,457.00,"270,087.00"
2019-07-07,2019070701007548,NICA,51,39,93,457.00,"42,501.00"
2019-07-07,2019070701007547,NICA,51,34,169,457.00,"77,233.00"
2019-07-07,2019070701007546,NICA,51,19,38,457.00,"17,366.00"
2019-07-07,2019070701007533,NICA,40,5,100,456.00,"45,600.00"
2019-07-07,2019070701007476,NICL,28,43,15,354.00,"5,310.00"
2019-07-07,2019070701007636,NIL,22,49,100,486.00,"48,600.00"
2019-07-07,2019070701007484,NIL,22,43,10,490.00,"4,900.00"
2019-07-07,2019070701007445,NIL,44,45,68,490.00,"33,320.00"
2019-07-07,2019070701007670,NLIC,57,55,17,889.00,"15,113.00"
2019-07-07,2019070701007422,NLIC,40,16,29,888.00,"25,752.00"
2019-07-07,2019070701007421,NLIC,55,16,100,888.00,"88,800.00"
2019-07-07,2019070701007420,NLIC,35,16,33,888.00,"29,304.00"
2019-07-07,2019070701007419,NLIC,49,16,100,889.00,"88,900.00"
2019-07-07,2019070701007550,NLICL,43,43,10,598.00,"5,980.00"
2019-07-07,2019070701007207,NLICL,14,11,50,595.00,"29,750.00"
2019-07-07,2019070701007271,NNLB,6,34,200,392.00,"78,400.00"
2019-07-07,2019070701007426,NSEWA,11,13,10,400.00,"4,000.00"
2019-07-07,2019070701007397,NTC,13,49,20,697.00,"13,940.00"
2019-07-07,2019070701007307,NTC,28,49,10,697.00,"6,970.00"
2019-07-07,2019070701007415,PCBL,6,34,142,275.00,"39,050.00"
2019-07-07,2019070701007369,PCBL,48,34,300,275.00,"82,500.00"
2019-07-07,2019070701007368,PCBL,22,34,50,275.00,"13,750.00"
2019-07-07,2019070701007367,PCBL,43,34,210,275.00,"57,750.00"
2019-07-07,2019070701007366,PCBL,6,34,85,275.00,"23,375.00"
2019-07-07,2019070701007345,PCBL,6,13,88,275.00,"24,200.00"
2019-07-07,2019070701007337,PCBL,6,11,480,275.00,"132,000.00"
2019-07-07,2019070701007224,PCBL,6,17,14,275.00,"3,850.00"
2019-07-07,2019070701007201,PCBL,6,58,333,275.00,"91,575.00"
2019-07-07,2019070701007200,PCBL,41,58,200,275.00,"55,000.00"
2019-07-07,2019070701007199,PCBL,49,58,100,275.00,"27,500.00"
2019-07-07,2019070701007631,PFL,13,25,21,139.00,"2,919.00"
2019-07-07,2019070701007534,PIC,21,38,52,501.00,"26,052.00"
2019-07-07,2019070701007373,PIC,38,38,407,500.00,"203,500.00"
2019-07-07,2019070701007372,PIC,51,38,50,500.00,"25,000.00"
2019-07-07,2019070701007371,PIC,28,38,43,500.00,"21,500.00"
2019-07-07,2019070701007266,PIC,41,38,50,501.00,"25,050.00"
2019-07-07,2019070701007501,PLIC,58,47,100,434.00,"43,400.00"
2019-07-07,2019070701007545,PMHPL,13,17,10,103.00,"1,030.00"
2019-07-07,2019070701007346,PMHPL,13,17,10,103.00,"1,030.00"
2019-07-07,2019070701007459,PPCL,43,43,150,140.00,"21,000.00"
2019-07-07,2019070701007577,PRIN,41,32,450,373.00,"167,850.00"
2019-07-07,2019070701007643,PRVU,8,40,300,266.00,"79,800.00"
2019-07-07,2019070701007642,PRVU,8,46,500,266.00,"133,000.00"
2019-07-07,2019070701007615,PRVU,17,33,250,267.00,"66,750.00"
2019-07-07,2019070701007593,PRVU,38,33,60,267.00,"16,020.00"
2019-07-07,2019070701007578,PRVU,8,40,200,266.00,"53,200.00"
2019-07-07,2019070701007553,PRVU,8,40,213,266.00,"56,658.00"
2019-07-07,2019070701007231,PRVU,49,44,980,266.00,"260,680.00"
2019-07-07,2019070701007230,PRVU,54,44,20,266.00,"5,320.00"
2019-07-07,2019070701007229,PRVU,38,44,500,266.00,"133,000.00"
2019-07-07,2019070701007263,PRVU,41,56,930,266.00,"247,380.00"
2019-07-07,2019070701007262,PRVU,1,56,550,266.00,"146,300.00"
2019-07-07,2019070701007261,PRVU,14,56,500,266.00,"133,000.00"
2019-07-07,2019070701007260,PRVU,49,56,20,266.00,"5,320.00"
2019-07-07,2019070701007255,PRVU,17,51,250,267.00,"66,750.00"
2019-07-07,2019070701007252,PRVU,49,40,500,266.00,"133,000.00"
2019-07-07,2019070701007312,PRVU,17,56,250,267.00,"66,750.00"
2019-07-07,2019070701007299,PRVU,32,56,700,267.00,"186,900.00"
2019-07-07,2019070701007298,PRVU,32,51,300,267.00,"80,100.00"
2019-07-07,2019070701007285,PRVU,10,51,600,267.00,"160,200.00"
2019-07-07,2019070701007391,PRVU,40,1,480,266.00,"127,680.00"
2019-07-07,2019070701007390,PRVU,33,1,50,266.00,"13,300.00"
2019-07-07,2019070701007389,PRVU,41,1,70,266.00,"18,620.00"
2019-07-07,2019070701007409,PRVU,47,11,100,266.00,"26,600.00"
2019-07-07,2019070701007408,PRVU,11,11,200,266.00,"53,200.00"
2019-07-07,2019070701007407,PRVU,1,11,200,266.00,"53,200.00"
2019-07-07,2019070701007406,PRVU,36,11,20,266.00,"5,320.00"
2019-07-07,2019070701007404,PRVU,36,40,180,266.00,"47,880.00"
2019-07-07,2019070701007403,PRVU,40,40,20,266.00,"5,320.00"
2019-07-07,2019070701007513,PRVU,17,33,250,267.00,"66,750.00"
2019-07-07,2019070701007443,PRVU,17,33,200,267.00,"53,400.00"
2019-07-07,2019070701007442,PRVU,17,56,50,267.00,"13,350.00"
2019-07-07,2019070701007410,PRVU,33,11,108,266.00,"28,728.00"
2019-07-07,2019070701007552,PRVU,45,40,287,266.00,"76,342.00"
2019-07-07,2019070701007551,PRVU,14,33,30,267.00,"8,010.00"
2019-07-07,2019070701007549,PRVU,45,53,355,266.00,"94,430.00"
2019-07-07,2019070701007522,PRVU,45,40,358,266.00,"95,228.00"
2019-07-07,2019070701007521,PRVU,56,40,50,266.00,"13,300.00"
2019-07-07,2019070701007520,PRVU,33,40,92,266.00,"24,472.00"
2019-07-07,2019070701007284,RADHI,13,17,11,144.00,"1,584.00"
2019-07-07,2019070701007554,RBCL,32,6,10,"9,670.00","96,700.00"
2019-07-07,2019070701007323,RBCLPO,26,33,20,"8,540.00","170,800.00"
2019-07-07,2019070701007321,RHPC,39,17,18,89.00,"1,602.00"
2019-07-07,2019070701007659,RLFL,34,53,10,126.00,"1,260.00"
2019-07-07,2019070701007674,RMDC,6,52,33,668.00,"22,044.00"
2019-07-07,2019070701007665,RMDC,6,49,10,675.00,"6,750.00"
2019-07-07,2019070701007619,RMDC,41,52,162,669.00,"108,378.00"
2019-07-07,2019070701007618,RMDC,6,52,500,670.00,"335,000.00"
2019-07-07,2019070701007600,RMDC,19,49,10,675.00,"6,750.00"
2019-07-07,2019070701007348,RRHP,37,44,10,113.00,"1,130.00"
2019-07-07,2019070701007324,RRHP,37,14,10,111.00,"1,110.00"
2019-07-07,2019070701007305,RRHP,37,40,10,110.00,"1,100.00"
2019-07-07,2019070701007283,RRHP,37,41,10,108.00,"1,080.00"
2019-07-07,2019070701007684,SADBL,57,57,676,158.00,"106,808.00"
2019-07-07,2019070701007683,SADBL,57,57,50,158.00,"7,900.00"
2019-07-07,2019070701007682,SADBL,52,57,500,158.00,"79,000.00"
2019-07-07,2019070701007681,SADBL,58,57,331,158.00,"52,298.00"
2019-07-07,2019070701007487,SADBL,38,16,263,159.00,"41,817.00"
2019-07-07,2019070701007458,SADBL,38,16,737,159.00,"117,183.00"
2019-07-07,2019070701007281,SADBL,34,25,90,159.00,"14,310.00"
2019-07-07,2019070701007280,SADBL,14,25,10,159.00,"1,590.00"
2019-07-07,2019070701007457,SADBL,59,16,100,159.00,"15,900.00"
2019-07-07,2019070701007456,SADBL,35,16,"2,178",159.00,"346,302.00"
2019-07-07,2019070701007347,SADBL,35,14,500,159.00,"79,500.00"
2019-07-07,2019070701007339,SADBL,35,52,232,159.00,"36,888.00"
2019-07-07,2019070701007319,SADBL,35,49,90,159.00,"14,310.00"
2019-07-07,2019070701007318,SADBL,34,49,410,159.00,"65,190.00"
2019-07-07,2019070701007671,SANIMA,17,14,110,345.00,"37,950.00"
2019-07-07,2019070701007633,SANIMA,17,39,250,345.00,"86,250.00"
2019-07-07,2019070701007251,SANIMA,39,6,310,345.00,"106,950.00"
2019-07-07,2019070701007250,SANIMA,39,36,530,345.00,"182,850.00"
2019-07-07,2019070701007225,SANIMA,17,36,250,345.00,"86,250.00"
2019-07-07,2019070701007469,SBBLJ,34,5,45,197.00,"8,865.00"
2019-07-07,2019070701007630,SBI,17,43,200,466.00,"93,200.00"
2019-07-07,2019070701007582,SBI,17,43,100,466.00,"46,600.00"
2019-07-07,2019070701007539,SBI,17,3,100,466.00,"46,600.00"
2019-07-07,2019070701007538,SBI,17,3,200,466.00,"93,200.00"
2019-07-07,2019070701007537,SBI,17,3,200,466.00,"93,200.00"
2019-07-07,2019070701007536,SBI,17,3,50,466.00,"23,300.00"
2019-07-07,2019070701007514,SBI,17,55,100,466.00,"46,600.00"
2019-07-07,2019070701007486,SBI,17,35,50,466.00,"23,300.00"
2019-07-07,2019070701007228,SBI,17,55,200,466.00,"93,200.00"
2019-07-07,2019070701007227,SBI,17,55,200,466.00,"93,200.00"
2019-07-07,2019070701007657,SBL,36,14,690,320.00,"220,800.00"
2019-07-07,2019070701007656,SBL,35,14,100,320.00,"32,000.00"
2019-07-07,2019070701007655,SBL,32,14,710,320.00,"227,200.00"
2019-07-07,2019070701007527,SBL,6,17,100,321.00,"32,100.00"
2019-07-07,2019070701007336,SBL,32,28,150,320.00,"48,000.00"
2019-07-07,2019070701007335,SBL,32,14,500,320.00,"160,000.00"
2019-07-07,2019070701007334,SBL,32,1,140,320.00,"44,800.00"
2019-07-07,2019070701007322,SBL,36,35,50,319.00,"15,950.00"
2019-07-07,2019070701007245,SBL,36,11,50,319.00,"15,950.00"
2019-07-07,2019070701007673,SHIVM,57,44,10,616.00,"6,160.00"
2019-07-07,2019070701007653,SHIVM,34,44,10,616.00,"6,160.00"
2019-07-07,2019070701007507,SHIVM,50,55,66,613.00,"40,458.00"
2019-07-07,2019070701007506,SHIVM,38,55,25,613.00,"15,325.00"
2019-07-07,2019070701007381,SHIVM,7,40,100,612.00,"61,200.00"
2019-07-07,2019070701007216,SHIVM,7,57,20,612.00,"12,240.00"
2019-07-07,2019070701007215,SHIVM,45,57,30,612.00,"18,360.00"
2019-07-07,2019070701007676,SHL,44,57,100,233.00,"23,300.00"
2019-07-07,2019070701007583,SICL,44,14,10,767.00,"7,670.00"
2019-07-07,2019070701007485,SICL,34,19,30,765.00,"22,950.00"
2019-07-07,2019070701007294,SICL,34,55,20,765.00,"15,300.00"
2019-07-07,2019070701007293,SICL,44,55,40,765.00,"30,600.00"
2019-07-07,2019070701007213,SICL,44,59,50,765.00,"38,250.00"
2019-07-07,2019070701007508,SIFC,13,17,16,160.00,"2,560.00"
2019-07-07,2019070701007471,SIFC,13,17,50,160.00,"8,000.00"
2019-07-07,2019070701007448,SIL,25,57,10,454.00,"4,540.00"
2019-07-07,2019070701007651,SKBBL,22,53,10,955.00,"9,550.00"
2019-07-07,2019070701007212,SKBBL,37,53,100,946.00,"94,600.00"
2019-07-07,2019070701007211,SKBBL,49,53,50,947.00,"47,350.00"
2019-07-07,2019070701007661,SLBBL,17,47,20,462.00,"9,240.00"
2019-07-07,2019070701007623,SLBBL,55,47,50,462.00,"23,100.00"
2019-07-07,2019070701007622,SLBBL,16,47,28,462.00,"12,936.00"
2019-07-07,2019070701007304,SLBBL,38,47,50,467.00,"23,350.00"
2019-07-07,2019070701007206,SLBBL,42,44,47,467.00,"21,949.00"
2019-07-07,2019070701007621,SLBBL,19,47,50,463.00,"23,150.00"
2019-07-07,2019070701007620,SLBBL,51,47,50,464.00,"23,200.00"
2019-07-07,2019070701007315,SMATA,48,6,19,"1,117.00","21,223.00"
2019-07-07,2019070701007446,SMFBS,59,8,10,457.00,"4,570.00"
2019-07-07,2019070701007399,SMFBS,59,8,10,457.00,"4,570.00"
2019-07-07,2019070701007377,SMFBS,59,8,10,457.00,"4,570.00"
2019-07-07,2019070701007352,SMFBS,59,8,10,457.00,"4,570.00"
2019-07-07,2019070701007270,SMFBS,59,40,10,457.00,"4,570.00"
2019-07-07,2019070701007607,SMFDB,17,56,20,530.00,"10,600.00"
2019-07-07,2019070701007320,SPARS,34,40,10,432.00,"4,320.00"
2019-07-07,2019070701007291,SPARS,34,40,10,432.00,"4,320.00"
2019-07-07,2019070701007249,SPARS,43,57,10,432.00,"4,320.00"
2019-07-07,2019070701007226,SPARS,43,40,10,432.00,"4,320.00"
2019-07-07,2019070701007427,SRBL,42,40,100,249.00,"24,900.00"
2019-07-07,2019070701007267,SRBL,21,33,30,250.00,"7,500.00"
2019-07-07,2019070701007221,SRBL,42,49,"1,500",249.00,"373,500.00"
2019-07-07,2019070701007218,SRBL,42,42,36,249.00,"8,964.00"
2019-07-07,2019070701007217,SRBL,28,42,50,249.00,"12,450.00"
2019-07-07,2019070701007461,TRH,39,28,10,315.00,"3,150.00"
2019-07-07,2019070701007430,TRH,39,35,220,314.00,"69,080.00"
2019-07-07,2019070701007429,TRH,39,59,500,314.00,"157,000.00"
2019-07-07,2019070701007428,TRH,39,45,400,314.00,"125,600.00"
2019-07-07,2019070701007632,UPCL,42,1,500,90.00,"45,000.00"
2019-07-07,2019070701007400,UPCL,42,13,70,90.00,"6,300.00"
2019-07-07,2019070701007696,UPPER,50,1,165,266.00,"43,890.00"
2019-07-07,2019070701007649,UPPER,50,17,40,266.00,"10,640.00"
2019-07-07,2019070701007637,UPPER,50,38,40,266.00,"10,640.00"
2019-07-07,2019070701007374,UPPER,41,16,"1,000",267.00,"267,000.00"
2019-07-07,2019070701007365,UPPER,50,17,50,266.00,"13,300.00"
2019-07-07,2019070701007354,UPPER,50,13,40,266.00,"10,640.00"
2019-07-07,2019070701007353,UPPER,50,50,40,266.00,"10,640.00"
2019-07-07,2019070701007470,UPPER,50,38,50,266.00,"13,300.00"
2019-07-07,2019070701007467,UPPER,50,16,328,266.00,"87,248.00"
2019-07-07,2019070701007145,ADBL,49,57,181,407.00,"73,667.00"
2019-07-07,2019070701007015,ADBL,43,35,50,408.00,"20,400.00"
2019-07-07,2019070701006920,ADBL,37,35,20,408.00,"8,160.00"
2019-07-07,2019070701006907,ADBL,49,35,"2,500",408.00,"1,020,000.00"
2019-07-07,2019070701006906,ADBL,37,35,32,408.00,"13,056.00"
2019-07-07,2019070701006858,ADBL,37,35,68,408.00,"27,744.00"
2019-07-07,2019070701006855,ADBL,51,51,2,407.00,814.00
2019-07-07,2019070701006848,ADBL,54,35,932,408.00,"380,256.00"
2019-07-07,2019070701006791,ADBL,51,51,2,407.00,814.00
2019-07-07,2019070701006785,ADBL,54,34,68,408.00,"27,744.00"
2019-07-07,2019070701007172,AHPC,44,37,440,106.00,"46,640.00"
2019-07-07,2019070701006977,AHPC,42,22,114,105.00,"11,970.00"
2019-07-07,2019070701006994,AKPL,1,55,10,182.00,"1,820.00"
2019-07-07,2019070701006704,AKPL,55,6,20,184.00,"3,680.00"
2019-07-07,2019070701006727,ALBSL,57,49,10,397.00,"3,970.00"
2019-07-07,2019070701006915,API,49,39,300,143.00,"42,900.00"
2019-07-07,2019070701006941,BARUN,56,55,10,90.00,900.00
2019-07-07,2019070701006923,BBC,17,35,20,"1,550.00","31,000.00"
2019-07-07,2019070701006875,BBC,17,46,10,"1,550.00","15,500.00"
2019-07-07,2019070701006899,BOKL,35,10,65,259.00,"16,835.00"
2019-07-07,2019070701006847,BOKL,36,17,11,259.00,"2,849.00"
2019-07-07,2019070701006846,BOKL,56,17,100,259.00,"25,900.00"
2019-07-07,2019070701006845,BOKL,45,17,100,259.00,"25,900.00"
2019-07-07,2019070701006796,BOKL,32,32,"1,030",260.00,"267,800.00"
2019-07-07,2019070701006795,BOKL,32,18,400,260.00,"104,000.00"
2019-07-07,2019070701006794,BOKL,32,22,11,260.00,"2,860.00"
2019-07-07,2019070701006793,BOKL,32,8,900,260.00,"234,000.00"
2019-07-07,2019070701007132,BPCL,51,17,11,404.00,"4,444.00"
2019-07-07,2019070701007066,BPCL,7,34,11,405.00,"4,455.00"
2019-07-07,2019070701006908,BPCL,51,34,14,404.00,"5,656.00"
2019-07-07,2019070701006901,BPCL,51,29,33,404.00,"13,332.00"
2019-07-07,2019070701006806,BPCL,17,34,311,406.00,"126,266.00"
2019-07-07,2019070701006805,BPCL,17,35,220,405.00,"89,100.00"
2019-07-07,2019070701006804,BPCL,17,14,100,405.00,"40,500.00"
2019-07-07,2019070701006787,BPCL,7,7,150,404.00,"60,600.00"
2019-07-07,2019070701007179,CBBL,6,6,921,958.00,"882,318.00"
2019-07-07,2019070701007178,CBBL,44,6,75,958.00,"71,850.00"
2019-07-07,2019070701006772,CBBL,48,14,47,957.00,"44,979.00"
2019-07-07,2019070701007164,CBL,58,17,77,158.00,"12,166.00"
2019-07-07,2019070701007163,CBL,35,17,100,158.00,"15,800.00"
2019-07-07,2019070701007162,CBL,6,17,11,158.00,"1,738.00"
2019-07-07,2019070701007019,CBL,6,1,289,158.00,"45,662.00"
2019-07-07,2019070701007011,CBL,28,48,"1,000",157.00,"157,000.00"
2019-07-07,2019070701006989,CBL,39,41,100,158.00,"15,800.00"
2019-07-07,2019070701006734,CBL,51,17,400,158.00,"63,200.00"
2019-07-07,2019070701006733,CBL,32,17,100,158.00,"15,800.00"
2019-07-07,2019070701006730,CBL,32,40,200,158.00,"31,600.00"
2019-07-07,2019070701006708,CBL,32,56,100,158.00,"15,800.00"
2019-07-07,2019070701006872,CBL,42,25,200,158.00,"31,600.00"
2019-07-07,2019070701006871,CBL,39,25,50,158.00,"7,900.00"
2019-07-07,2019070701006870,CBL,14,25,50,158.00,"7,900.00"
2019-07-07,2019070701006802,CBL,14,1,50,158.00,"7,900.00"
2019-07-07,2019070701006770,CBL,14,6,400,158.00,"63,200.00"
2019-07-07,2019070701006769,CBL,51,6,100,158.00,"15,800.00"
2019-07-07,2019070701006988,CBL,39,45,340,158.00,"53,720.00"
2019-07-07,2019070701006975,CBL,34,45,200,158.00,"31,600.00"
2019-07-07,2019070701006952,CBL,48,45,300,158.00,"47,400.00"
2019-07-07,2019070701006951,CBL,55,45,160,158.00,"25,280.00"
2019-07-07,2019070701006902,CBL,38,25,100,158.00,"15,800.00"
2019-07-07,2019070701006873,CBL,25,25,100,158.00,"15,800.00"
2019-07-07,2019070701007168,CCBL,5,17,45,181.00,"8,145.00"
2019-07-07,2019070701007062,CCBL,5,45,506,181.00,"91,586.00"
2019-07-07,2019070701007061,CCBL,25,45,20,181.00,"3,620.00"
2019-07-07,2019070701007060,CCBL,25,45,20,181.00,"3,620.00"
2019-07-07,2019070701007059,CCBL,25,45,20,181.00,"3,620.00"
2019-07-07,2019070701007058,CCBL,21,45,434,181.00,"78,554.00"
2019-07-07,2019070701006765,CCBL,49,17,581,180.00,"104,580.00"
2019-07-07,2019070701006724,CCBL,49,21,12,180.00,"2,160.00"
2019-07-07,2019070701007038,CCBL,21,8,566,181.00,"102,446.00"
2019-07-07,2019070701007037,CCBL,39,8,"1,434",181.00,"259,554.00"
2019-07-07,2019070701006905,CCBL,39,51,263,181.00,"47,603.00"
2019-07-07,2019070701006904,CCBL,39,6,803,181.00,"145,343.00"
2019-07-07,2019070701006863,CCBL,38,6,197,181.00,"35,657.00"
2019-07-07,2019070701006862,CCBL,38,42,802,181.00,"145,162.00"
2019-07-07,2019070701006963,CEFL,6,58,90,104.00,"9,360.00"
2019-07-07,2019070701007002,CFCL,28,8,658,121.00,"79,618.00"
2019-07-07,2019070701007056,CHCL,28,33,285,510.00,"145,350.00"
2019-07-07,2019070701007055,CHCL,47,33,15,510.00,"7,650.00"
2019-07-07,2019070701006897,CHCL,7,55,19,511.00,"9,709.00"
2019-07-07,2019070701006869,CHCL,56,55,300,511.00,"153,300.00"
2019-07-07,2019070701006853,CHCL,50,55,200,511.00,"102,200.00"
2019-07-07,2019070701006852,CHCL,59,55,500,511.00,"255,500.00"
2019-07-07,2019070701006851,CHCL,6,55,239,511.00,"122,129.00"
2019-07-07,2019070701006707,CHCL,6,43,411,511.00,"210,021.00"
2019-07-07,2019070701006898,CHL,39,55,10,87.00,870.00
2019-07-07,2019070701006709,CIT,34,34,60,"2,430.00","145,800.00"
2019-07-07,2019070701007158,CORBL,39,43,60,123.00,"7,380.00"
2019-07-07,2019070701006891,CORBL,44,44,310,122.00,"37,820.00"
2019-07-07,2019070701007107,CZBIL,45,26,364,224.00,"81,536.00"
2019-07-07,2019070701007106,CZBIL,45,17,136,224.00,"30,464.00"
2019-07-07,2019070701007086,CZBIL,56,41,10,223.00,"2,230.00"
2019-07-07,2019070701007081,CZBIL,56,34,10,223.00,"2,230.00"
2019-07-07,2019070701006731,CZBIL,52,25,30,224.00,"6,720.00"
2019-07-07,2019070701007186,DBBL,29,13,401,145.00,"58,145.00"
2019-07-07,2019070701007173,DBBL,42,13,200,145.00,"29,000.00"
2019-07-07,2019070701007169,DBBL,11,13,200,145.00,"29,000.00"
2019-07-07,2019070701007154,DBBL,39,13,99,145.00,"14,355.00"
2019-07-07,2019070701007153,DBBL,39,17,153,145.00,"22,185.00"
2019-07-07,2019070701007088,DBBL,29,17,100,145.00,"14,500.00"
2019-07-07,2019070701006749,DBBL,51,49,"1,500",145.00,"217,500.00"
2019-07-07,2019070701007071,DBBL,45,17,300,145.00,"43,500.00"
2019-07-07,2019070701007070,DBBL,45,38,700,145.00,"101,500.00"
2019-07-07,2019070701006993,DBBL,51,38,300,145.00,"43,500.00"
2019-07-07,2019070701006924,DBBL,51,49,"1,728",145.00,"250,560.00"
2019-07-07,2019070701006918,DBBL,38,49,272,145.00,"39,440.00"
2019-07-07,2019070701006917,DBBL,38,49,28,145.00,"4,060.00"
2019-07-07,2019070701006943,DDBL,54,11,28,713.00,"19,964.00"
2019-07-07,2019070701006887,DHPL,22,55,10,71.00,710.00
2019-07-07,2019070701007098,EBL,21,53,50,650.00,"32,500.00"
2019-07-07,2019070701006836,EBL,21,38,202,650.00,"131,300.00"
2019-07-07,2019070701006835,EBL,35,38,25,651.00,"16,275.00"
2019-07-07,2019070701006834,EBL,45,38,20,651.00,"13,020.00"
2019-07-07,2019070701006833,EBL,36,38,15,652.00,"9,780.00"
2019-07-07,2019070701006775,EBL,36,55,35,652.00,"22,820.00"
2019-07-07,2019070701007048,EIC,39,55,15,372.00,"5,580.00"
2019-07-07,2019070701007047,EIC,39,52,106,372.00,"39,432.00"
2019-07-07,2019070701006986,EIC,40,52,44,372.00,"16,368.00"
2019-07-07,2019070701006985,EIC,40,52,18,371.00,"6,678.00"
2019-07-07,2019070701006984,EIC,40,13,40,370.00,"14,800.00"
2019-07-07,2019070701007170,GBBL,49,55,10,224.00,"2,240.00"
2019-07-07,2019070701007152,GBBL,49,1,200,224.00,"44,800.00"
2019-07-07,2019070701007093,GBBL,46,11,50,224.00,"11,200.00"
2019-07-07,2019070701006874,GBBL,51,51,4,223.00,892.00
2019-07-07,2019070701006792,GBLBS,21,6,100,345.00,"34,500.00"
2019-07-07,2019070701006966,GDBL,6,32,50,210.00,"10,500.00"
2019-07-07,2019070701006867,GDBL,50,48,10,211.00,"2,110.00"
2019-07-07,2019070701006866,GDBL,36,48,89,211.00,"18,779.00"
2019-07-07,2019070701007063,GDBL,40,29,200,211.00,"42,200.00"
2019-07-07,2019070701007136,GDBL,40,11,40,211.00,"8,440.00"
2019-07-07,2019070701007182,GLBSL,33,18,10,393.00,"3,930.00"
2019-07-07,2019070701006922,GLBSL,21,56,10,392.00,"3,920.00"
2019-07-07,2019070701006885,GLBSL,21,35,10,392.00,"3,920.00"
2019-07-07,2019070701006779,GLBSL,17,14,10,392.00,"3,920.00"
2019-07-07,2019070701006864,GLICL,17,52,600,476.00,"285,600.00"
2019-07-07,2019070701007082,GMFBS,39,1,10,455.00,"4,550.00"
2019-07-07,2019070701006931,GMFBS,52,56,10,450.00,"4,500.00"
2019-07-07,2019070701006893,GMFBS,48,35,10,450.00,"4,500.00"
2019-07-07,2019070701006859,GMFBS,48,56,10,450.00,"4,500.00"
2019-07-07,2019070701006784,GMFBS,48,11,10,450.00,"4,500.00"
2019-07-07,2019070701006702,GMFBS,48,41,10,450.00,"4,500.00"
2019-07-07,2019070701007166,GRDBL,14,36,200,118.00,"23,600.00"
2019-07-07,2019070701006800,HGI,19,36,190,355.00,"67,450.00"
2019-07-07,2019070701006799,HGI,29,36,190,355.00,"67,450.00"
2019-07-07,2019070701006798,HGI,14,36,69,356.00,"24,564.00"
2019-07-07,2019070701007108,HIDCL,36,29,99,160.00,"15,840.00"
2019-07-07,2019070701007041,HIDCL,36,34,20,160.00,"3,200.00"
2019-07-07,2019070701007042,HPPL,25,36,10,175.00,"1,750.00"
2019-07-07,2019070701006983,HPPL,52,34,40,176.00,"7,040.00"
2019-07-07,2019070701006982,HPPL,52,32,10,176.00,"1,760.00"
2019-07-07,2019070701007028,HURJA,44,6,20,139.00,"2,780.00"
2019-07-07,2019070701006914,HURJA,44,35,20,139.00,"2,780.00"
2019-07-07,2019070701006990,JBBL,42,41,100,158.00,"15,800.00"
2019-07-07,2019070701006929,JBBL,43,48,120,157.00,"18,840.00"
2019-07-07,2019070701006928,JBBL,28,48,500,157.00,"78,500.00"
2019-07-07,2019070701006927,JBBL,1,48,74,157.00,"11,618.00"
2019-07-07,2019070701006717,JBBL,1,38,426,157.00,"66,882.00"
2019-07-07,2019070701006716,JBBL,57,38,74,157.00,"11,618.00"
2019-07-07,2019070701006925,JFL,58,43,100,176.00,"17,600.00"
2019-07-07,2019070701006935,JOSHI,37,35,20,79.00,"1,580.00"
2019-07-07,2019070701006711,JOSHI,11,49,20,80.00,"1,600.00"
2019-07-07,2019070701007156,KBL,28,35,100,220.00,"22,000.00"
2019-07-07,2019070701007067,KBL,37,25,100,221.00,"22,100.00"
2019-07-07,2019070701006991,KBL,37,49,900,221.00,"198,900.00"
2019-07-07,2019070701006861,KBL,28,17,211,220.00,"46,420.00"
2019-07-07,2019070701006860,KBL,43,49,"3,000",221.00,"663,000.00"
2019-07-07,2019070701006797,KBL,13,49,300,221.00,"66,300.00"
2019-07-07,2019070701006752,KBL,36,49,200,221.00,"44,200.00"
2019-07-07,2019070701006751,KBL,32,49,50,221.00,"11,050.00"
2019-07-07,2019070701006750,KBL,8,49,"1,200",221.00,"265,200.00"
2019-07-07,2019070701006758,KBL,32,49,100,221.00,"22,100.00"
2019-07-07,2019070701006757,KBL,38,49,"1,000",221.00,"221,000.00"
2019-07-07,2019070701006756,KBL,50,49,25,221.00,"5,525.00"
2019-07-07,2019070701006755,KBL,21,49,100,221.00,"22,100.00"
2019-07-07,2019070701006754,KBL,35,49,500,221.00,"110,500.00"
2019-07-07,2019070701006753,KBL,47,49,50,221.00,"11,050.00"
2019-07-07,2019070701006764,KBL,43,49,"2,000",221.00,"442,000.00"
2019-07-07,2019070701006763,KBL,38,49,100,221.00,"22,100.00"
2019-07-07,2019070701006762,KBL,55,49,200,221.00,"44,200.00"
2019-07-07,2019070701006761,KBL,35,49,500,221.00,"110,500.00"
2019-07-07,2019070701006760,KBL,32,49,50,221.00,"11,050.00"
2019-07-07,2019070701006759,KBL,32,49,100,221.00,"22,100.00"
2019-07-07,2019070701006956,KKHC,37,55,10,71.00,710.00
2019-07-07,2019070701007131,KSBBL,26,26,"1,000",160.00,"160,000.00"
2019-07-07,2019070701006888,KSBBL,14,14,"2,010",160.00,"321,600.00"
2019-07-07,2019070701006856,KSBBL,14,14,"2,010",160.00,"321,600.00"
2019-07-07,2019070701006826,KSBBL,14,14,"4,020",160.00,"643,200.00"
2019-07-07,2019070701007097,LBBL,6,55,10,191.00,"1,910.00"
2019-07-07,2019070701007084,LBBL,45,28,100,192.00,"19,200.00"
2019-07-07,2019070701007101,LBL,11,41,100,229.00,"22,900.00"
2019-07-07,2019070701006946,LBL,33,48,300,229.00,"68,700.00"
2019-07-07,2019070701006945,LBL,33,45,200,229.00,"45,800.00"
2019-07-07,2019070701006944,LBL,33,11,300,229.00,"68,700.00"
2019-07-07,2019070701006892,LBL,51,51,7,228.00,"1,596.00"
2019-07-07,2019070701006849,LBL,13,11,500,229.00,"114,500.00"
2019-07-07,2019070701006825,LBL,51,51,7,229.00,"1,603.00"
2019-07-07,2019070701006713,LBL,49,11,238,228.00,"54,264.00"
2019-07-07,2019070701006712,LBL,57,11,467,228.00,"106,476.00"
2019-07-07,2019070701007026,MBL,16,50,250,264.00,"66,000.00"
2019-07-07,2019070701007187,MEGA,43,34,150,213.00,"31,950.00"
2019-07-07,2019070701007185,MEGA,49,33,500,214.00,"107,000.00"
2019-07-07,2019070701007155,MEGA,44,33,200,214.00,"42,800.00"
2019-07-07,2019070701007096,MEGA,43,42,200,213.00,"42,600.00"
2019-07-07,2019070701007095,MEGA,43,39,73,213.00,"15,549.00"
2019-07-07,2019070701007083,MEGA,43,39,"1,400",213.00,"298,200.00"
2019-07-07,2019070701006703,MEGA,41,39,113,213.00,"24,069.00"
2019-07-07,2019070701006701,MEGA,41,29,147,213.00,"31,311.00"
2019-07-07,2019070701006700,MEGA,34,29,200,213.00,"42,600.00"
2019-07-07,2019070701006699,MEGA,43,29,"1,653",213.00,"352,089.00"
2019-07-07,2019070701006809,MEGA,43,38,500,214.00,"107,000.00"
2019-07-07,2019070701006808,MEGA,43,42,"1,729",214.00,"370,006.00"
2019-07-07,2019070701006786,MEGA,6,52,882,213.00,"187,866.00"
2019-07-07,2019070701006768,MEGA,6,13,145,213.00,"30,885.00"
2019-07-07,2019070701006767,MEGA,41,13,140,213.00,"29,820.00"
2019-07-07,2019070701006735,MEGA,41,5,100,213.00,"21,300.00"
2019-07-07,2019070701006815,MEGA,43,16,500,214.00,"107,000.00"
2019-07-07,2019070701006814,MEGA,43,48,500,214.00,"107,000.00"
2019-07-07,2019070701006813,MEGA,43,35,201,214.00,"43,014.00"
2019-07-07,2019070701006812,MEGA,43,51,"1,000",214.00,"214,000.00"
2019-07-07,2019070701006811,MEGA,43,36,50,214.00,"10,700.00"
2019-07-07,2019070701006810,MEGA,43,57,"1,101",214.00,"235,614.00"
2019-07-07,2019070701006821,MEGA,43,41,956,214.00,"204,584.00"
2019-07-07,2019070701006820,MEGA,43,7,292,214.00,"62,488.00"
2019-07-07,2019070701006819,MEGA,43,19,16,214.00,"3,424.00"
2019-07-07,2019070701006818,MEGA,43,59,60,214.00,"12,840.00"
2019-07-07,2019070701006817,MEGA,43,11,"1,000",214.00,"214,000.00"
2019-07-07,2019070701006816,MEGA,43,17,"2,095",214.00,"448,330.00"
2019-07-07,2019070701006980,MEGA,33,41,33,213.00,"7,029.00"
2019-07-07,2019070701006979,MEGA,14,41,67,213.00,"14,271.00"
2019-07-07,2019070701006934,MEGA,14,49,500,213.00,"106,500.00"
2019-07-07,2019070701006911,MEGA,14,17,433,213.00,"92,229.00"
2019-07-07,2019070701006910,MEGA,6,17,123,213.00,"26,199.00"
2019-07-07,2019070701006877,MEGA,6,21,850,213.00,"181,050.00"
2019-07-07,2019070701007020,MEGA,43,42,300,213.00,"63,900.00"
2019-07-07,2019070701007010,MEGA,43,35,90,213.00,"19,170.00"
2019-07-07,2019070701006998,MEGA,43,42,83,213.00,"17,679.00"
2019-07-07,2019070701006997,MEGA,19,42,17,213.00,"3,621.00"
2019-07-07,2019070701006996,MEGA,19,55,483,213.00,"102,879.00"
2019-07-07,2019070701006995,MEGA,33,55,67,213.00,"14,271.00"
2019-07-07,2019070701007077,MEGA,37,39,"2,000",213.00,"426,000.00"
2019-07-07,2019070701007076,MEGA,43,39,"2,000",213.00,"426,000.00"
2019-07-07,2019070701007075,MEGA,36,39,200,213.00,"42,600.00"
2019-07-07,2019070701007074,MEGA,43,39,"1,327",213.00,"282,651.00"
2019-07-07,2019070701007065,MEGA,43,42,200,213.00,"42,600.00"
2019-07-07,2019070701007027,MEGA,39,41,44,214.00,"9,416.00"
2019-07-07,2019070701006976,MFIL,59,8,500,127.00,"63,500.00"
2019-07-07,2019070701007079,MHNL,48,35,30,104.00,"3,120.00"
2019-07-07,2019070701007003,MHNL,48,36,40,104.00,"4,160.00"
2019-07-07,2019070701006967,MLBL,32,22,316,191.00,"60,356.00"
2019-07-07,2019070701007049,MNBBL,11,55,10,366.00,"3,660.00"
2019-07-07,2019070701007148,NABIL,48,50,100,791.00,"79,100.00"
2019-07-07,2019070701007133,NABIL,44,50,65,791.00,"51,415.00"
2019-07-07,2019070701007110,NABIL,44,50,30,791.00,"23,730.00"
2019-07-07,2019070701007109,NABIL,21,50,162,791.00,"128,142.00"
2019-07-07,2019070701007072,NABIL,44,32,25,793.00,"19,825.00"
2019-07-07,2019070701007044,NABIL,21,11,38,791.00,"30,058.00"
2019-07-07,2019070701007043,NABIL,58,11,22,791.00,"17,402.00"
2019-07-07,2019070701006938,NABIL,46,32,160,793.00,"126,880.00"
2019-07-07,2019070701006937,NABIL,46,39,220,793.00,"174,460.00"
2019-07-07,2019070701006936,NABIL,46,22,20,792.00,"15,840.00"
2019-07-07,2019070701006748,NABILP,6,4,"3,000",768.00,"2,304,000.00"
2019-07-07,2019070701007135,NAGRO,41,40,10,507.00,"5,070.00"
2019-07-07,2019070701007089,NAGRO,41,29,10,507.00,"5,070.00"
2019-07-07,2019070701006881,NBB,13,51,500,223.00,"111,500.00"
2019-07-07,2019070701006837,NBB,36,29,21,222.00,"4,662.00"
2019-07-07,2019070701007130,NBL,44,43,500,337.00,"168,500.00"
2019-07-07,2019070701007129,NBL,50,43,300,337.00,"101,100.00"
2019-07-07,2019070701007128,NBL,57,43,200,337.00,"67,400.00"
2019-07-07,2019070701007040,NBL,17,34,250,338.00,"84,500.00"
2019-07-07,2019070701007000,NBL,57,6,100,337.00,"33,700.00"
2019-07-07,2019070701006965,NBL,17,34,250,338.00,"84,500.00"
2019-07-07,2019070701006912,NBL,57,48,"1,000",337.00,"337,000.00"
2019-07-07,2019070701006884,NBL,57,38,100,337.00,"33,700.00"
2019-07-07,2019070701006823,NBL,57,48,100,337.00,"33,700.00"
2019-07-07,2019070701006722,NBL,57,38,500,337.00,"168,500.00"
2019-07-07,2019070701007161,NCCB,55,5,200,244.00,"48,800.00"
2019-07-07,2019070701007115,NCCB,49,5,50,244.00,"12,200.00"
2019-07-07,2019070701007113,NCCB,39,5,100,244.00,"24,400.00"
2019-07-07,2019070701007112,NCCB,6,5,170,244.00,"41,480.00"
2019-07-07,2019070701006974,NCCB,6,49,690,244.00,"168,360.00"
2019-07-07,2019070701006973,NCCB,45,49,500,244.00,"122,000.00"
2019-07-07,2019070701006879,NCCB,6,33,500,245.00,"122,500.00"
2019-07-07,2019070701006878,NCCB,6,33,639,245.00,"156,555.00"
2019-07-07,2019070701006953,NCCB,25,53,101,244.00,"24,644.00"
2019-07-07,2019070701006940,NCCB,25,17,243,244.00,"59,292.00"
2019-07-07,2019070701006933,NCCB,44,33,50,245.00,"12,250.00"
2019-07-07,2019070701006913,NCCB,51,51,7,245.00,"1,715.00"
2019-07-07,2019070701006896,NCCB,57,33,500,245.00,"122,500.00"
2019-07-07,2019070701006880,NCCB,6,51,200,245.00,"49,000.00"
2019-07-07,2019070701006972,NCCB,35,49,300,244.00,"73,200.00"
2019-07-07,2019070701006971,NCCB,52,49,10,244.00,"2,440.00"
2019-07-07,2019070701006962,NCCB,52,33,490,244.00,"119,560.00"
2019-07-07,2019070701006961,NCCB,6,33,960,244.00,"234,240.00"
2019-07-07,2019070701006955,NCCB,6,53,40,244.00,"9,760.00"
2019-07-07,2019070701006954,NCCB,38,53,999,244.00,"243,756.00"
2019-07-07,2019070701007078,NHPC,7,39,"1,280",64.00,"81,920.00"
2019-07-07,2019070701007025,NHPC,58,39,500,64.00,"32,000.00"
2019-07-07,2019070701006950,NHPC,7,39,220,64.00,"14,080.00"
2019-07-07,2019070701006783,NHPC,7,37,380,64.00,"24,320.00"
2019-07-07,2019070701006782,NHPC,33,37,500,64.00,"32,000.00"
2019-07-07,2019070701006781,NHPC,21,37,400,64.00,"25,600.00"
2019-07-07,2019070701006715,NHPC,28,39,"1,000",64.00,"64,000.00"
2019-07-07,2019070701007100,NIB,21,34,10,518.00,"5,180.00"
2019-07-07,2019070701007009,NIB,53,14,"1,000",519.00,"519,000.00"
2019-07-07,2019070701007008,NIB,29,14,200,519.00,"103,800.00"
2019-07-07,2019070701007007,NIB,53,14,61,519.00,"31,659.00"
2019-07-07,2019070701006930,NIB,51,51,7,519.00,"3,633.00"
2019-07-07,2019070701006876,NIB,53,33,190,519.00,"98,610.00"
2019-07-07,2019070701006824,NIB,53,8,44,519.00,"22,836.00"
2019-07-07,2019070701007102,NIBPO,53,4,400,474.00,"189,600.00"
2019-07-07,2019070701006919,NICA,40,40,176,456.00,"80,256.00"
2019-07-07,2019070701006857,NICA,54,29,22,455.00,"10,010.00"
2019-07-07,2019070701006839,NICA,55,40,400,456.00,"182,400.00"
2019-07-07,2019070701006777,NICA,32,36,700,455.00,"318,500.00"
2019-07-07,2019070701006723,NICA,35,36,300,455.00,"136,500.00"
2019-07-07,2019070701006721,NICA,54,14,30,455.00,"13,650.00"
2019-07-07,2019070701006720,NICA,54,57,"1,221",455.00,"555,555.00"
2019-07-07,2019070701007073,NICL,54,55,10,348.00,"3,480.00"
2019-07-07,2019070701007053,NICL,43,34,43,349.00,"15,007.00"
2019-07-07,2019070701006776,NICL,17,38,307,354.00,"108,678.00"
2019-07-07,2019070701006773,NICL,17,13,66,353.00,"23,298.00"
2019-07-07,2019070701007099,NIL,40,45,50,490.00,"24,500.00"
2019-07-07,2019070701006890,NIL,1,45,15,490.00,"7,350.00"
2019-07-07,2019070701006883,NLBBL,11,11,35,485.00,"16,975.00"
2019-07-07,2019070701006882,NLBBL,11,45,14,484.00,"6,776.00"
2019-07-07,2019070701006705,NLBBL,40,45,50,484.00,"24,200.00"
2019-07-07,2019070701006992,NLG,35,25,10,749.00,"7,490.00"
2019-07-07,2019070701006729,NLG,35,59,200,729.00,"145,800.00"
2019-07-07,2019070701006719,NLG,35,25,10,722.00,"7,220.00"
2019-07-07,2019070701006778,NLG,40,25,40,735.00,"29,400.00"
2019-07-07,2019070701006743,NLG,35,47,26,740.00,"19,240.00"
2019-07-07,2019070701006742,NLG,35,58,10,736.00,"7,360.00"
2019-07-07,2019070701007057,NLIC,56,16,37,890.00,"32,930.00"
2019-07-07,2019070701006916,NLIC,44,16,40,890.00,"35,600.00"
2019-07-07,2019070701006838,NLIC,56,16,300,890.00,"267,000.00"
2019-07-07,2019070701006827,NLIC,35,44,17,888.00,"15,096.00"
2019-07-07,2019070701007127,NLICL,14,8,11,595.00,"6,545.00"
2019-07-07,2019070701007126,NLICL,16,8,20,595.00,"11,900.00"
2019-07-07,2019070701007125,NLICL,44,8,250,595.00,"148,750.00"
2019-07-07,2019070701007124,NLICL,35,8,50,596.00,"29,800.00"
2019-07-07,2019070701007123,NLICL,35,8,39,596.00,"23,244.00"
2019-07-07,2019070701007122,NLICL,35,8,30,596.00,"17,880.00"
2019-07-07,2019070701006744,NLICL,40,47,50,599.00,"29,950.00"
2019-07-07,2019070701007121,NLICL,14,8,20,596.00,"11,920.00"
2019-07-07,2019070701007120,NLICL,44,8,100,596.00,"59,600.00"
2019-07-07,2019070701007119,NLICL,43,8,20,597.00,"11,940.00"
2019-07-07,2019070701007118,NLICL,8,8,100,597.00,"59,700.00"
2019-07-07,2019070701007117,NLICL,47,8,360,597.00,"214,920.00"
2019-07-07,2019070701006868,NLICL,29,43,266,598.00,"159,068.00"
2019-07-07,2019070701007051,NTC,13,4,70,695.00,"48,650.00"
2019-07-07,2019070701007050,NTC,53,4,10,695.00,"6,950.00"
2019-07-07,2019070701006981,NUBL,22,11,50,841.00,"42,050.00"
2019-07-07,2019070701007143,OHL,44,25,908,607.00,"551,156.00"
2019-07-07,2019070701007142,OHL,3,25,10,608.00,"6,080.00"
2019-07-07,2019070701007141,OHL,34,25,100,608.00,"60,800.00"
2019-07-07,2019070701006741,OHL,17,41,71,615.00,"43,665.00"
2019-07-07,2019070701006732,OHL,17,28,42,614.00,"25,788.00"
2019-07-07,2019070701007140,OHL,55,25,200,608.00,"121,600.00"
2019-07-07,2019070701007139,OHL,57,25,200,608.00,"121,600.00"
2019-07-07,2019070701007138,OHL,34,25,472,609.00,"287,448.00"
2019-07-07,2019070701007137,OHL,3,25,10,610.00,"6,100.00"
2019-07-07,2019070701007198,PCBL,25,58,50,275.00,"13,750.00"
2019-07-07,2019070701007197,PCBL,47,58,200,275.00,"55,000.00"
2019-07-07,2019070701007196,PCBL,47,58,100,275.00,"27,500.00"
2019-07-07,2019070701007195,PCBL,1,58,200,275.00,"55,000.00"
2019-07-07,2019070701007194,PCBL,22,58,500,275.00,"137,500.00"
2019-07-07,2019070701007193,PCBL,25,58,300,275.00,"82,500.00"
2019-07-07,2019070701006740,PCBL,34,6,914,276.00,"252,264.00"
2019-07-07,2019070701006739,PCBL,34,39,100,276.00,"27,600.00"
2019-07-07,2019070701006738,PCBL,34,14,300,276.00,"82,800.00"
2019-07-07,2019070701006737,PCBL,34,43,380,276.00,"104,880.00"
2019-07-07,2019070701007192,PCBL,58,58,200,275.00,"55,000.00"
2019-07-07,2019070701007191,PCBL,58,58,500,275.00,"137,500.00"
2019-07-07,2019070701007190,PCBL,56,58,10,275.00,"2,750.00"
2019-07-07,2019070701007189,PCBL,21,58,140,275.00,"38,500.00"
2019-07-07,2019070701007151,PCBL,48,34,100,276.00,"27,600.00"
2019-07-07,2019070701007150,PCBL,35,34,200,276.00,"55,200.00"
2019-07-07,2019070701006830,PFL,13,14,79,139.00,"10,981.00"
2019-07-07,2019070701006829,PFL,22,14,500,139.00,"69,500.00"
2019-07-07,2019070701006828,PFL,22,14,921,139.00,"128,019.00"
2019-07-07,2019070701007181,PIC,52,38,100,501.00,"50,100.00"
2019-07-07,2019070701007085,PIC,43,38,50,501.00,"25,050.00"
2019-07-07,2019070701006788,PIC,57,38,100,501.00,"50,100.00"
2019-07-07,2019070701006745,PIC,53,38,50,501.00,"25,050.00"
2019-07-07,2019070701007103,PICL,49,58,200,565.00,"113,000.00"
2019-07-07,2019070701006789,PMHPL,39,55,10,102.00,"1,020.00"
2019-07-07,2019070701007159,PPCL,48,34,20,139.00,"2,780.00"
2019-07-07,2019070701007146,PPCL,48,50,30,139.00,"4,170.00"
2019-07-07,2019070701006728,PPCL,48,49,10,139.00,"1,390.00"
2019-07-07,2019070701006926,PRIN,22,32,550,374.00,"205,700.00"
2019-07-07,2019070701006841,PRIN,22,36,450,374.00,"168,300.00"
2019-07-07,2019070701006840,PRIN,40,36,50,375.00,"18,750.00"
2019-07-07,2019070701007183,PRVU,22,21,150,266.00,"39,900.00"
2019-07-07,2019070701007175,PRVU,10,46,500,267.00,"133,500.00"
2019-07-07,2019070701007174,PRVU,10,33,"1,789",267.00,"477,663.00"
2019-07-07,2019070701006968,PRVU,22,58,500,266.00,"133,000.00"
2019-07-07,2019070701006843,PRVU,22,51,350,266.00,"93,100.00"
2019-07-07,2019070701006842,PRVU,56,51,500,266.00,"133,000.00"
2019-07-07,2019070701007034,PRVU,10,13,108,267.00,"28,836.00"
2019-07-07,2019070701007033,PRVU,10,52,189,267.00,"50,463.00"
2019-07-07,2019070701007032,PRVU,10,28,89,267.00,"23,763.00"
2019-07-07,2019070701007031,PRVU,10,46,339,267.00,"90,513.00"
2019-07-07,2019070701007014,PRVU,17,46,161,267.00,"42,987.00"
2019-07-07,2019070701007013,PRVU,17,28,89,267.00,"23,763.00"
2019-07-07,2019070701007105,PRVU,49,33,"2,000",267.00,"534,000.00"
2019-07-07,2019070701007104,PRVU,49,50,789,267.00,"210,663.00"
2019-07-07,2019070701007054,PRVU,17,50,250,267.00,"66,750.00"
2019-07-07,2019070701007036,PRVU,10,58,300,267.00,"80,100.00"
2019-07-07,2019070701007035,PRVU,10,56,500,267.00,"133,500.00"
2019-07-07,2019070701007134,PRVU,49,33,211,267.00,"56,337.00"
2019-07-07,2019070701007165,RBCL,35,45,15,"9,580.00","143,700.00"
2019-07-07,2019070701007052,RHPC,52,52,100,90.00,"9,000.00"
2019-07-07,2019070701006969,RHPC,39,39,14,89.00,"1,246.00"
2019-07-07,2019070701007091,RMDC,41,17,20,670.00,"13,400.00"
2019-07-07,2019070701007090,RMDC,41,56,55,670.00,"36,850.00"
2019-07-07,2019070701007068,RMDC,6,48,346,668.00,"231,128.00"
2019-07-07,2019070701007016,RRHP,1,55,10,107.00,"1,070.00"
2019-07-07,2019070701006706,RRHP,1,13,10,107.00,"1,070.00"
2019-07-07,2019070701007087,SADBL,14,55,20,159.00,"3,180.00"
2019-07-07,2019070701007022,SADBL,14,28,470,159.00,"74,730.00"
2019-07-07,2019070701007021,SADBL,38,28,530,159.00,"84,270.00"
2019-07-07,2019070701006999,SADBL,38,17,484,159.00,"76,956.00"
2019-07-07,2019070701006850,SADBL,38,17,100,159.00,"15,900.00"
2019-07-07,2019070701007046,SANIMA,17,36,250,345.00,"86,250.00"
2019-07-07,2019070701007017,SANIMA,38,36,20,345.00,"6,900.00"
2019-07-07,2019070701007004,SANIMA,21,36,200,345.00,"69,000.00"
2019-07-07,2019070701007001,SANIMA,17,36,250,345.00,"86,250.00"
2019-07-07,2019070701007023,SBI,32,39,387,466.00,"180,342.00"
2019-07-07,2019070701006710,SBL,39,39,"1,000",320.00,"320,000.00"
2019-07-07,2019070701006949,SCB,22,13,50,661.00,"33,050.00"
2019-07-07,2019070701007012,SDESI,59,11,50,550.00,"27,500.00"
2019-07-07,2019070701006895,SDESI,59,13,23,550.00,"12,650.00"
2019-07-07,2019070701006886,SDESI,59,13,23,550.00,"12,650.00"
2019-07-07,2019070701006865,SDESI,59,13,23,550.00,"12,650.00"
2019-07-07,2019070701006854,SDESI,59,13,23,550.00,"12,650.00"
2019-07-07,2019070701006832,SDESI,59,13,14,550.00,"7,700.00"
2019-07-07,2019070701006831,SDESI,34,13,21,550.00,"11,550.00"
2019-07-07,2019070701006822,SDESI,34,13,23,550.00,"12,650.00"
2019-07-07,2019070701006718,SDESI,34,6,11,550.00,"6,050.00"
2019-07-07,2019070701007176,SHINE,28,17,15,254.00,"3,810.00"
2019-07-07,2019070701007069,SHINE,56,11,50,250.00,"12,500.00"
2019-07-07,2019070701007116,SHIVM,45,5,20,612.00,"12,240.00"
2019-07-07,2019070701006774,SHIVM,45,34,200,612.00,"122,400.00"
2019-07-07,2019070701006736,SHIVM,50,42,20,613.00,"12,260.00"
2019-07-07,2019070701007160,SIC,6,32,200,619.00,"123,800.00"
2019-07-07,2019070701007094,SIC,35,19,35,613.00,"21,455.00"
2019-07-07,2019070701006960,SINDU,34,45,"1,095",140.00,"153,300.00"
2019-07-07,2019070701006807,SLBSL,52,13,10,530.00,"5,300.00"
2019-07-07,2019070701007006,SLICL,22,34,20,457.00,"9,140.00"
2019-07-07,2019070701006900,SLICL,17,25,490,460.00,"225,400.00"
2019-07-07,2019070701007064,SMFBS,59,43,10,457.00,"4,570.00"
2019-07-07,2019070701007039,SMFBS,59,43,10,457.00,"4,570.00"
2019-07-07,2019070701007018,SMFBS,59,43,10,457.00,"4,570.00"
2019-07-07,2019070701006978,SMFBS,59,43,10,457.00,"4,570.00"
2019-07-07,2019070701006964,SMFBS,59,43,10,457.00,"4,570.00"
2019-07-07,2019070701006939,SMFBS,59,43,10,457.00,"4,570.00"
2019-07-07,2019070701007188,SPARS,43,40,10,432.00,"4,320.00"
2019-07-07,2019070701007171,SPARS,43,40,10,432.00,"4,320.00"
2019-07-07,2019070701007149,SPARS,43,18,10,432.00,"4,320.00"
2019-07-07,2019070701006844,SPDL,39,55,10,89.00,890.00
2019-07-07,2019070701007180,SRBL,28,26,150,249.00,"37,350.00"
2019-07-07,2019070701006948,SRBL,28,1,300,249.00,"74,700.00"
2019-07-07,2019070701006947,SRBL,55,1,200,249.00,"49,800.00"
2019-07-07,2019070701006714,SRBL,43,51,15,249.00,"3,735.00"
2019-07-07,2019070701007184,TRH,19,39,500,312.00,"156,000.00"
2019-07-07,2019070701007147,UIC,34,49,20,871.00,"17,420.00"
2019-07-07,2019070701006803,UMHL,43,14,68,109.00,"7,412.00"
2019-07-07,2019070701006766,UMHL,59,6,14,108.00,"1,512.00"
2019-07-07,2019070701007177,UPPER,50,38,40,266.00,"10,640.00"
2019-07-07,2019070701007167,UPPER,48,16,60,267.00,"16,020.00"
2019-07-07,2019070701007157,UPPER,50,42,40,266.00,"10,640.00"
2019-07-07,2019070701007144,UPPER,50,55,10,266.00,"2,660.00"
2019-07-07,2019070701007114,UPPER,50,42,40,266.00,"10,640.00"
2019-07-07,2019070701007111,UPPER,1,16,165,267.00,"44,055.00"
2019-07-07,2019070701006746,UPPER,42,38,40,266.00,"10,640.00"
2019-07-07,2019070701006726,UPPER,42,38,14,266.00,"3,724.00"
2019-07-07,2019070701006725,UPPER,42,38,26,266.00,"6,916.00"
2019-07-07,2019070701006889,UPPER,1,38,40,266.00,"10,640.00"
2019-07-07,2019070701006801,UPPER,1,38,40,266.00,"10,640.00"
2019-07-07,2019070701006790,UPPER,49,49,4,266.00,"1,064.00"
2019-07-07,2019070701006780,UPPER,1,38,40,266.00,"10,640.00"
2019-07-07,2019070701006771,UPPER,45,38,40,266.00,"10,640.00"
2019-07-07,2019070701006747,UPPER,42,49,46,266.00,"12,236.00"
2019-07-07,2019070701006942,UPPER,1,14,40,266.00,"10,640.00"
2019-07-07,2019070701006932,UPPER,1,38,40,266.00,"10,640.00"
2019-07-07,2019070701006921,UPPER,1,14,40,266.00,"10,640.00"
2019-07-07,2019070701006909,UPPER,1,38,40,266.00,"10,640.00"
2019-07-07,2019070701006903,UPPER,1,14,143,266.00,"38,038.00"
2019-07-07,2019070701006894,UPPER,1,33,40,266.00,"10,640.00"
2019-07-07,2019070701007005,UPPER,35,38,40,266.00,"10,640.00"
2019-07-07,2019070701006987,UPPER,35,14,40,266.00,"10,640.00"
2019-07-07,2019070701006970,UPPER,35,14,40,266.00,"10,640.00"
2019-07-07,2019070701006959,UPPER,35,57,50,266.00,"13,300.00"
2019-07-07,2019070701006958,UPPER,35,14,13,266.00,"3,458.00"
2019-07-07,2019070701006957,UPPER,1,14,37,266.00,"9,842.00"
2019-07-07,2019070701007092,UPPER,50,41,10,266.00,"2,660.00"
2019-07-07,2019070701007080,UPPER,41,16,300,267.00,"80,100.00"
2019-07-07,2019070701007045,UPPER,50,38,40,266.00,"10,640.00"
2019-07-07,2019070701007030,UPPER,50,38,20,266.00,"5,320.00"
2019-07-07,2019070701007029,UPPER,35,38,20,266.00,"5,320.00"
2019-07-07,2019070701007024,UPPER,35,4,97,266.00,"25,802.00"
2019-07-07,2019070701006692,ADBL,54,34,900,408.00,"367,200.00"
2019-07-07,2019070701006668,ADBL,54,59,100,408.00,"40,800.00"
2019-07-07,2019070701006654,ADBL,49,13,53,407.00,"21,571.00"
2019-07-07,2019070701006588,ADBL,49,38,100,407.00,"40,700.00"
2019-07-07,2019070701006564,ADBL,49,16,64,407.00,"26,048.00"
2019-07-07,2019070701006550,ADBL,49,52,35,407.00,"14,245.00"
2019-07-07,2019070701006466,ADBL,49,53,500,407.00,"203,500.00"
2019-07-07,2019070701006416,ADBL,49,10,"3,500",408.00,"1,428,000.00"
2019-07-07,2019070701006283,ADBL,40,51,2,407.00,814.00
2019-07-07,2019070701006605,ALBSL,57,1,10,397.00,"3,970.00"
2019-07-07,2019070701006440,ALBSL,57,1,20,397.00,"7,940.00"
2019-07-07,2019070701006281,ALBSL,57,58,10,398.00,"3,980.00"
2019-07-07,2019070701006264,ALBSL,57,58,10,398.00,"3,980.00"
2019-07-07,2019070701006586,ALICL,28,17,86,388.00,"33,368.00"
2019-07-07,2019070701006546,ALICL,28,16,297,388.00,"115,236.00"
2019-07-07,2019070701006545,ALICL,42,16,73,389.00,"28,397.00"
2019-07-07,2019070701006322,API,50,39,10,143.00,"1,430.00"
2019-07-07,2019070701006308,API,44,39,11,142.00,"1,562.00"
2019-07-07,2019070701006288,BFC,34,34,10,105.00,"1,050.00"
2019-07-07,2019070701006237,BFC,34,56,350,103.00,"36,050.00"
2019-07-07,2019070701006213,BFC,59,48,170,101.00,"17,170.00"
2019-07-07,2019070701006394,BOKL,8,17,300,259.00,"77,700.00"
2019-07-07,2019070701006382,BOKL,8,17,500,259.00,"129,500.00"
2019-07-07,2019070701006222,BOKL,1,17,200,259.00,"51,800.00"
2019-07-07,2019070701006597,BPCL,51,19,100,404.00,"40,400.00"
2019-07-07,2019070701006601,CBL,35,39,"1,000",158.00,"158,000.00"
2019-07-07,2019070701006571,CBL,49,43,700,158.00,"110,600.00"
2019-07-07,2019070701006560,CBL,36,37,100,159.00,"15,900.00"
2019-07-07,2019070701006547,CBL,38,1,100,158.00,"15,800.00"
2019-07-07,2019070701006503,CBL,38,56,100,158.00,"15,800.00"
2019-07-07,2019070701006494,CBL,38,14,"1,300",158.00,"205,400.00"
2019-07-07,2019070701006201,CBL,28,59,63,158.00,"9,954.00"
2019-07-07,2019070701006200,CBL,51,59,337,158.00,"53,246.00"
2019-07-07,2019070701006199,CBL,51,58,90,158.00,"14,220.00"
2019-07-07,2019070701006239,CBL,38,28,521,158.00,"82,318.00"
2019-07-07,2019070701006236,CBL,38,13,72,158.00,"11,376.00"
2019-07-07,2019070701006228,CBL,38,19,44,158.00,"6,952.00"
2019-07-07,2019070701006204,CBL,38,26,363,158.00,"57,354.00"
2019-07-07,2019070701006203,CBL,32,26,100,158.00,"15,800.00"
2019-07-07,2019070701006202,CBL,28,26,37,158.00,"5,846.00"
2019-07-07,2019070701006378,CBL,28,17,894,157.00,"140,358.00"
2019-07-07,2019070701006377,CBL,38,17,106,157.00,"16,642.00"
2019-07-07,2019070701006277,CBL,54,45,300,158.00,"47,400.00"
2019-07-07,2019070701006276,CBL,58,45,350,158.00,"55,300.00"
2019-07-07,2019070701006241,CBL,48,28,10,158.00,"1,580.00"
2019-07-07,2019070701006240,CBL,34,28,500,158.00,"79,000.00"
2019-07-07,2019070701006420,CBL,34,49,50,158.00,"7,900.00"
2019-07-07,2019070701006402,CBL,38,49,800,158.00,"126,400.00"
2019-07-07,2019070701006401,CBL,38,41,200,158.00,"31,600.00"
2019-07-07,2019070701006386,CBL,38,49,50,158.00,"7,900.00"
2019-07-07,2019070701006385,CBL,38,26,600,158.00,"94,800.00"
2019-07-07,2019070701006384,CBL,38,45,350,158.00,"55,300.00"
2019-07-07,2019070701006493,CBL,25,14,750,158.00,"118,500.00"
2019-07-07,2019070701006492,CBL,25,33,250,158.00,"39,500.00"
2019-07-07,2019070701006429,CBL,25,35,100,158.00,"15,800.00"
2019-07-07,2019070701006428,CBL,25,45,100,158.00,"15,800.00"
2019-07-07,2019070701006425,CBL,38,45,900,158.00,"142,200.00"
2019-07-07,2019070701006424,CBL,38,49,100,158.00,"15,800.00"
2019-07-07,2019070701006591,CCBL,57,42,198,181.00,"35,838.00"
2019-07-07,2019070701006558,CCBL,52,52,40,182.00,"7,280.00"
2019-07-07,2019070701006476,CCBL,57,28,51,181.00,"9,231.00"
2019-07-07,2019070701006475,CCBL,57,28,51,181.00,"9,231.00"
2019-07-07,2019070701006318,CCBL,11,41,500,181.00,"90,500.00"
2019-07-07,2019070701006266,CCBL,49,13,63,180.00,"11,340.00"
2019-07-07,2019070701006258,CCBL,39,17,2,181.00,362.00
2019-07-07,2019070701006257,CCBL,39,59,411,181.00,"74,391.00"
2019-07-07,2019070701006256,CCBL,39,50,187,181.00,"33,847.00"
2019-07-07,2019070701006208,CCBL,49,58,31,180.00,"5,580.00"
2019-07-07,2019070701006317,CCBL,11,34,"1,415",181.00,"256,115.00"
2019-07-07,2019070701006316,CCBL,11,14,"2,500",181.00,"452,500.00"
2019-07-07,2019070701006315,CCBL,11,1,500,181.00,"90,500.00"
2019-07-07,2019070701006314,CCBL,11,43,"1,000",181.00,"181,000.00"
2019-07-07,2019070701006301,CCBL,49,26,550,180.00,"99,000.00"
2019-07-07,2019070701006296,CCBL,49,39,300,180.00,"54,000.00"
2019-07-07,2019070701006431,CEFL,37,58,10,104.00,"1,040.00"
2019-07-07,2019070701006607,CHCL,6,38,50,511.00,"25,550.00"
2019-07-07,2019070701006453,CHCL,6,21,151,511.00,"77,161.00"
2019-07-07,2019070701006683,CIT,37,10,100,"2,430.00","243,000.00"
2019-07-07,2019070701006619,CIT,18,4,15,"2,425.00","36,375.00"
2019-07-07,2019070701006613,CIT,33,4,200,"2,425.00","485,000.00"
2019-07-07,2019070701006612,CIT,45,4,40,"2,425.00","97,000.00"
2019-07-07,2019070701006611,CIT,40,4,20,"2,426.00","48,520.00"
2019-07-07,2019070701006610,CIT,25,4,25,"2,427.00","60,675.00"
2019-07-07,2019070701006552,CIT,40,1,30,"2,426.00","72,780.00"
2019-07-07,2019070701006356,CIT,26,4,300,"2,426.00","727,800.00"
2019-07-07,2019070701006680,CZBIL,55,25,29,224.00,"6,496.00"
2019-07-07,2019070701006679,CZBIL,55,39,31,224.00,"6,944.00"
2019-07-07,2019070701006644,CZBIL,58,39,72,224.00,"16,128.00"
2019-07-07,2019070701006397,CZBIL,58,41,28,224.00,"6,272.00"
2019-07-07,2019070701006396,CZBIL,43,41,272,224.00,"60,928.00"
2019-07-07,2019070701006309,CZBIL,43,13,10,224.00,"2,240.00"
2019-07-07,2019070701006294,CZBIL,43,13,10,224.00,"2,240.00"
2019-07-07,2019070701006669,DBBL,26,49,100,145.00,"14,500.00"
2019-07-07,2019070701006652,DBBL,17,49,372,145.00,"53,940.00"
2019-07-07,2019070701006595,DBBL,17,59,128,145.00,"18,560.00"
2019-07-07,2019070701006548,DBBL,51,59,72,145.00,"10,440.00"
2019-07-07,2019070701006524,DBBL,51,22,28,145.00,"4,060.00"
2019-07-07,2019070701006523,DBBL,34,22,580,145.00,"84,100.00"
2019-07-07,2019070701006307,DBBL,34,29,420,145.00,"60,900.00"
2019-07-07,2019070701006306,DBBL,25,29,30,145.00,"4,350.00"
2019-07-07,2019070701006305,DBBL,37,29,50,145.00,"7,250.00"
2019-07-07,2019070701006286,FMDBL,44,6,50,378.00,"18,900.00"
2019-07-07,2019070701006285,FMDBL,44,6,50,380.00,"19,000.00"
2019-07-07,2019070701006227,FMDBL,46,56,100,381.00,"38,100.00"
2019-07-07,2019070701006226,FMDBL,35,56,100,381.00,"38,100.00"
2019-07-07,2019070701006225,FMDBL,39,56,70,383.00,"26,810.00"
2019-07-07,2019070701006209,FOWAD,5,6,25,"1,324.00","33,100.00"
2019-07-07,2019070701006375,GBBL,51,51,4,223.00,892.00
2019-07-07,2019070701006352,GBLBS,21,22,100,345.00,"34,500.00"
2019-07-07,2019070701006570,GDBL,36,29,500,211.00,"105,500.00"
2019-07-07,2019070701006405,GDBL,36,13,115,211.00,"24,265.00"
2019-07-07,2019070701006345,GFCL,28,28,949,132.00,"125,268.00"
2019-07-07,2019070701006697,GHL,58,49,10,81.00,810.00
2019-07-07,2019070701006696,GHL,39,49,20,82.00,"1,640.00"
2019-07-07,2019070701006432,GILB,58,21,22,"1,265.00","27,830.00"
2019-07-07,2019070701006421,GILB,38,41,13,"1,260.00","16,380.00"
2019-07-07,2019070701006625,GLBSL,33,11,10,393.00,"3,930.00"
2019-07-07,2019070701006579,GLBSL,33,11,10,393.00,"3,930.00"
2019-07-07,2019070701006212,GMFBS,48,6,10,450.00,"4,500.00"
2019-07-07,2019070701006657,HGI,14,7,131,356.00,"46,636.00"
2019-07-07,2019070701006656,HGI,55,7,36,356.00,"12,816.00"
2019-07-07,2019070701006689,HIDCL,36,59,"1,000",160.00,"160,000.00"
2019-07-07,2019070701006590,HIDCL,36,47,61,160.00,"9,760.00"
2019-07-07,2019070701006561,HIDCL,36,52,61,160.00,"9,760.00"
2019-07-07,2019070701006487,HIDCL,36,52,61,160.00,"9,760.00"
2019-07-07,2019070701006355,HIDCL,36,52,61,160.00,"9,760.00"
2019-07-07,2019070701006319,HIDCL,36,39,13,160.00,"2,080.00"
2019-07-07,2019070701006284,HIDCL,36,52,61,160.00,"9,760.00"
2019-07-07,2019070701006629,HURJA,44,33,80,139.00,"11,120.00"
2019-07-07,2019070701006628,HURJA,16,33,100,139.00,"13,900.00"
2019-07-07,2019070701006627,HURJA,16,33,10,139.00,"1,390.00"
2019-07-07,2019070701006626,HURJA,16,1,20,139.00,"2,780.00"
2019-07-07,2019070701006329,HURJA,16,32,20,140.00,"2,800.00"
2019-07-07,2019070701006374,IGI,21,25,75,357.00,"26,775.00"
2019-07-07,2019070701006488,IGI,21,38,100,362.00,"36,200.00"
2019-07-07,2019070701006464,JBBL,57,14,346,157.00,"54,322.00"
2019-07-07,2019070701006436,JBBL,56,48,100,158.00,"15,800.00"
2019-07-07,2019070701006244,JFL,1,6,122,174.00,"21,228.00"
2019-07-07,2019070701006572,JSLBB,17,48,20,"1,050.00","21,000.00"
2019-07-07,2019070701006514,KADBL,28,42,15,198.00,"2,970.00"
2019-07-07,2019070701006682,KBL,8,28,800,221.00,"176,800.00"
2019-07-07,2019070701006681,KBL,43,28,200,221.00,"44,200.00"
2019-07-07,2019070701006649,KBL,43,5,200,221.00,"44,200.00"
2019-07-07,2019070701006645,KBL,43,51,100,221.00,"22,100.00"
2019-07-07,2019070701006594,KBL,43,44,500,221.00,"110,500.00"
2019-07-07,2019070701006593,KBL,28,44,"1,000",221.00,"221,000.00"
2019-07-07,2019070701006250,KBL,43,44,"1,949",222.00,"432,678.00"
2019-07-07,2019070701006249,KBL,43,44,851,222.00,"188,922.00"
2019-07-07,2019070701006592,KBL,32,44,"1,500",221.00,"331,500.00"
2019-07-07,2019070701006576,KBL,26,44,20,222.00,"4,440.00"
2019-07-07,2019070701006543,KBL,32,25,500,221.00,"110,500.00"
2019-07-07,2019070701006542,KBL,32,25,500,221.00,"110,500.00"
2019-07-07,2019070701006324,KBL,32,26,600,221.00,"132,600.00"
2019-07-07,2019070701006323,KBL,8,26,400,221.00,"88,400.00"
2019-07-07,2019070701006452,KSBBL,14,59,92,159.00,"14,628.00"
2019-07-07,2019070701006344,KSBBL,14,39,300,159.00,"47,700.00"
2019-07-07,2019070701006343,KSBBL,26,39,700,159.00,"111,300.00"
2019-07-07,2019070701006207,KSBBL,40,59,445,160.00,"71,200.00"
2019-07-07,2019070701006414,LBBL,6,29,80,191.00,"15,280.00"
2019-07-07,2019070701006413,LBBL,43,29,500,191.00,"95,500.00"
2019-07-07,2019070701006412,LBBL,36,29,20,191.00,"3,820.00"
2019-07-07,2019070701006411,LBBL,35,29,500,191.00,"95,500.00"
2019-07-07,2019070701006410,LBBL,40,29,900,191.00,"171,900.00"
2019-07-07,2019070701006331,LBBL,40,47,600,191.00,"114,600.00"
2019-07-07,2019070701006330,LBBL,17,47,200,191.00,"38,200.00"
2019-07-07,2019070701006313,LBBL,26,28,25,192.00,"4,800.00"
2019-07-07,2019070701006312,LBBL,1,28,48,192.00,"9,216.00"
2019-07-07,2019070701006580,LBL,59,11,100,229.00,"22,900.00"
2019-07-07,2019070701006541,LBL,57,5,33,228.00,"7,524.00"
2019-07-07,2019070701006540,LBL,36,5,167,228.00,"38,076.00"
2019-07-07,2019070701006418,LBL,51,51,7,229.00,"1,603.00"
2019-07-07,2019070701006354,LBL,45,11,100,229.00,"22,900.00"
2019-07-07,2019070701006298,LBL,45,11,900,229.00,"206,100.00"
2019-07-07,2019070701006297,LBL,57,11,100,229.00,"22,900.00"
2019-07-07,2019070701006485,MBL,16,11,"1,000",265.00,"265,000.00"
2019-07-07,2019070701006484,MBL,16,50,"1,000",265.00,"265,000.00"
2019-07-07,2019070701006483,MBL,16,39,100,265.00,"26,500.00"
2019-07-07,2019070701006393,MBL,16,53,513,264.00,"135,432.00"
2019-07-07,2019070701006267,MBL,45,53,100,264.00,"26,400.00"
2019-07-07,2019070701006671,MEGA,52,42,30,214.00,"6,420.00"
2019-07-07,2019070701006655,MEGA,43,34,300,213.00,"63,900.00"
2019-07-07,2019070701006631,MEGA,43,40,847,213.00,"180,411.00"
2019-07-07,2019070701006549,MEGA,59,42,700,214.00,"149,800.00"
2019-07-07,2019070701006450,MEGA,6,42,"2,541",214.00,"543,774.00"
2019-07-07,2019070701006449,MEGA,6,13,240,214.00,"51,360.00"
2019-07-07,2019070701006271,MEGA,45,28,100,213.00,"21,300.00"
2019-07-07,2019070701006263,MEGA,59,28,499,213.00,"106,287.00"
2019-07-07,2019070701006262,MEGA,38,28,"1,000",213.00,"213,000.00"
2019-07-07,2019070701006261,MEGA,59,28,100,213.00,"21,300.00"
2019-07-07,2019070701006260,MEGA,59,28,100,213.00,"21,300.00"
2019-07-07,2019070701006259,MEGA,49,28,"1,051",213.00,"223,863.00"
2019-07-07,2019070701006442,MEGA,6,48,100,214.00,"21,400.00"
2019-07-07,2019070701006427,MEGA,51,51,3,213.00,639.00
2019-07-07,2019070701006419,MEGA,43,36,200,213.00,"42,600.00"
2019-07-07,2019070701006274,MEGA,58,28,170,213.00,"36,210.00"
2019-07-07,2019070701006273,MEGA,38,28,260,213.00,"55,380.00"
2019-07-07,2019070701006272,MEGA,25,28,200,213.00,"42,600.00"
2019-07-07,2019070701006448,MEGA,6,45,75,214.00,"16,050.00"
2019-07-07,2019070701006447,MEGA,6,25,394,214.00,"84,316.00"
2019-07-07,2019070701006446,MEGA,6,52,150,214.00,"32,100.00"
2019-07-07,2019070701006445,MEGA,6,33,300,214.00,"64,200.00"
2019-07-07,2019070701006444,MEGA,6,33,"1,000",214.00,"214,000.00"
2019-07-07,2019070701006443,MEGA,6,25,200,214.00,"42,800.00"
2019-07-07,2019070701006516,MERO,25,52,16,513.00,"8,208.00"
2019-07-07,2019070701006303,MERO,25,52,16,513.00,"8,208.00"
2019-07-07,2019070701006556,MNBBL,32,55,128,367.00,"46,976.00"
2019-07-07,2019070701006555,MNBBL,32,50,100,367.00,"36,700.00"
2019-07-07,2019070701006289,MSLB,1,34,15,885.00,"13,275.00"
2019-07-07,2019070701006596,NABIL,58,56,30,791.00,"23,730.00"
2019-07-07,2019070701006539,NABIL,58,35,708,791.00,"560,028.00"
2019-07-07,2019070701006538,NABIL,44,35,30,792.00,"23,760.00"
2019-07-07,2019070701006335,NABIL,58,49,240,791.00,"189,840.00"
2019-07-07,2019070701006334,NABIL,37,49,50,791.00,"39,550.00"
2019-07-07,2019070701006333,NABIL,39,49,10,792.00,"7,920.00"
2019-07-07,2019070701006290,NABIL,45,39,30,793.00,"23,790.00"
2019-07-07,2019070701006667,NABILP,59,4,200,768.00,"153,600.00"
2019-07-07,2019070701006666,NABILP,29,4,100,768.00,"76,800.00"
2019-07-07,2019070701006665,NABILP,28,4,100,768.00,"76,800.00"
2019-07-07,2019070701006664,NABILP,28,4,500,769.00,"384,500.00"
2019-07-07,2019070701006663,NABILP,45,4,200,770.00,"154,000.00"
2019-07-07,2019070701006662,NABILP,26,4,50,770.00,"38,500.00"
2019-07-07,2019070701006661,NABILP,26,4,20,770.00,"15,400.00"
2019-07-07,2019070701006660,NABILP,16,4,25,770.00,"19,250.00"
2019-07-07,2019070701006659,NABILP,11,4,24,770.00,"18,480.00"
2019-07-07,2019070701006623,NADEP,57,14,10,415.00,"4,150.00"
2019-07-07,2019070701006587,NADEP,57,14,10,415.00,"4,150.00"
2019-07-07,2019070701006224,NADEP,6,6,100,415.00,"41,500.00"
2019-07-07,2019070701006451,NADEP,6,11,20,415.00,"8,300.00"
2019-07-07,2019070701006489,NAGRO,41,11,10,507.00,"5,070.00"
2019-07-07,2019070701006243,NAGRO,41,43,10,507.00,"5,070.00"
2019-07-07,2019070701006630,NBB,36,51,264,222.00,"58,608.00"
2019-07-07,2019070701006622,NBB,36,38,100,222.00,"22,200.00"
2019-07-07,2019070701006430,NBB,35,56,680,223.00,"151,640.00"
2019-07-07,2019070701006217,NBB,14,56,995,222.00,"220,890.00"
2019-07-07,2019070701006216,NBB,28,56,500,222.00,"111,000.00"
2019-07-07,2019070701006215,NBB,48,56,150,222.00,"33,300.00"
2019-07-07,2019070701006214,NBB,33,56,355,222.00,"78,810.00"
2019-07-07,2019070701006606,NBL,38,34,50,338.00,"16,900.00"
2019-07-07,2019070701006502,NBL,38,34,50,338.00,"16,900.00"
2019-07-07,2019070701006501,NBL,32,34,750,338.00,"253,500.00"
2019-07-07,2019070701006500,NBL,28,34,500,338.00,"169,000.00"
2019-07-07,2019070701006499,NBL,44,34,800,338.00,"270,400.00"
2019-07-07,2019070701006498,NBL,47,34,260,338.00,"87,880.00"
2019-07-07,2019070701006311,NBL,41,47,398,338.00,"134,524.00"
2019-07-07,2019070701006310,NBL,47,47,902,338.00,"304,876.00"
2019-07-07,2019070701006472,NBL,47,38,272,338.00,"91,936.00"
2019-07-07,2019070701006471,NBL,47,28,18,338.00,"6,084.00"
2019-07-07,2019070701006470,NBL,47,28,280,338.00,"94,640.00"
2019-07-07,2019070701006469,NBL,47,28,300,338.00,"101,400.00"
2019-07-07,2019070701006468,NBL,47,28,300,338.00,"101,400.00"
2019-07-07,2019070701006467,NBL,41,28,102,338.00,"34,476.00"
2019-07-07,2019070701006497,NBL,47,34,750,338.00,"253,500.00"
2019-07-07,2019070701006496,NBL,47,34,280,338.00,"94,640.00"
2019-07-07,2019070701006495,NBL,33,34,462,338.00,"156,156.00"
2019-07-07,2019070701006491,NBL,33,38,100,338.00,"33,800.00"
2019-07-07,2019070701006474,NBL,33,38,438,338.00,"148,044.00"
2019-07-07,2019070701006473,NBL,47,38,290,338.00,"98,020.00"
2019-07-07,2019070701006687,NCCB,25,33,156,244.00,"38,064.00"
2019-07-07,2019070701006686,NCCB,1,33,"1,000",244.00,"244,000.00"
2019-07-07,2019070701006685,NCCB,1,33,344,244.00,"83,936.00"
2019-07-07,2019070701006647,NCCB,1,38,100,244.00,"24,400.00"
2019-07-07,2019070701006632,NCCB,39,33,20,245.00,"4,900.00"
2019-07-07,2019070701006578,NCCB,45,33,55,245.00,"13,475.00"
2019-07-07,2019070701006577,NCCB,45,38,45,245.00,"11,025.00"
2019-07-07,2019070701006518,NCCB,50,38,25,245.00,"6,125.00"
2019-07-07,2019070701006517,NCCB,6,38,30,245.00,"7,350.00"
2019-07-07,2019070701006462,NCCB,51,51,8,245.00,"1,960.00"
2019-07-07,2019070701006358,NCCB,42,40,100,246.00,"24,600.00"
2019-07-07,2019070701006379,NHDL,39,52,10,121.00,"1,210.00"
2019-07-07,2019070701006229,NHDL,39,52,10,121.00,"1,210.00"
2019-07-07,2019070701006325,NHPC,10,6,500,64.00,"32,000.00"
2019-07-07,2019070701006581,NIB,53,16,162,519.00,"84,078.00"
2019-07-07,2019070701006569,NIB,53,52,44,519.00,"22,836.00"
2019-07-07,2019070701006520,NIB,53,52,44,519.00,"22,836.00"
2019-07-07,2019070701006513,NIB,53,19,59,519.00,"30,621.00"
2019-07-07,2019070701006383,NIB,53,52,44,519.00,"22,836.00"
2019-07-07,2019070701006326,NIB,53,39,44,519.00,"22,836.00"
2019-07-07,2019070701006321,NIB,53,52,44,519.00,"22,836.00"
2019-07-07,2019070701006435,NIBPO,11,4,500,476.00,"238,000.00"
2019-07-07,2019070701006690,NICA,36,57,50,455.00,"22,750.00"
2019-07-07,2019070701006639,NICA,46,57,300,455.00,"136,500.00"
2019-07-07,2019070701006585,NICA,45,57,100,455.00,"45,500.00"
2019-07-07,2019070701006537,NICA,48,57,100,455.00,"45,500.00"
2019-07-07,2019070701006536,NICA,57,57,200,455.00,"91,000.00"
2019-07-07,2019070701006535,NICA,48,57,40,455.00,"18,200.00"
2019-07-07,2019070701006248,NICA,45,7,50,456.00,"22,800.00"
2019-07-07,2019070701006218,NICA,45,5,200,456.00,"91,200.00"
2019-07-07,2019070701006528,NICA,39,57,100,455.00,"45,500.00"
2019-07-07,2019070701006527,NICA,41,57,30,455.00,"13,650.00"
2019-07-07,2019070701006526,NICA,53,57,890,455.00,"404,950.00"
2019-07-07,2019070701006342,NICA,53,17,253,455.00,"115,115.00"
2019-07-07,2019070701006341,NICA,45,17,100,456.00,"45,600.00"
2019-07-07,2019070701006340,NICA,45,17,650,456.00,"296,400.00"
2019-07-07,2019070701006534,NICA,57,57,500,455.00,"227,500.00"
2019-07-07,2019070701006533,NICA,11,57,300,455.00,"136,500.00"
2019-07-07,2019070701006532,NICA,11,57,50,455.00,"22,750.00"
2019-07-07,2019070701006531,NICA,43,57,500,455.00,"227,500.00"
2019-07-07,2019070701006530,NICA,45,57,500,455.00,"227,500.00"
2019-07-07,2019070701006529,NICA,52,57,500,455.00,"227,500.00"
2019-07-07,2019070701006675,NICL,43,52,155,349.00,"54,095.00"
2019-07-07,2019070701006674,NICL,51,52,500,350.00,"175,000.00"
2019-07-07,2019070701006673,NICL,51,52,50,350.00,"17,500.00"
2019-07-07,2019070701006672,NICL,43,52,70,350.00,"24,500.00"
2019-07-07,2019070701006670,NICL,17,34,709,352.00,"249,568.00"
2019-07-07,2019070701006618,NIL,44,45,40,490.00,"19,600.00"
2019-07-07,2019070701006617,NIL,49,45,27,490.00,"13,230.00"
2019-07-07,2019070701006381,NIL,42,35,50,493.00,"24,650.00"
2019-07-07,2019070701006336,NIL,41,40,50,492.00,"24,600.00"
2019-07-07,2019070701006287,NIL,49,43,100,490.00,"49,000.00"
2019-07-07,2019070701006275,NIL,49,16,133,490.00,"65,170.00"
2019-07-07,2019070701006574,NLIC,25,52,17,888.00,"15,096.00"
2019-07-07,2019070701006568,NLIC,25,56,20,888.00,"17,760.00"
2019-07-07,2019070701006567,NLIC,48,56,20,888.00,"17,760.00"
2019-07-07,2019070701006566,NLIC,21,56,10,889.00,"8,890.00"
2019-07-07,2019070701006565,NLIC,3,56,10,889.00,"8,890.00"
2019-07-07,2019070701006512,NLIC,42,16,100,890.00,"89,000.00"
2019-07-07,2019070701006505,NLIC,47,16,100,891.00,"89,100.00"
2019-07-07,2019070701006504,NLIC,1,16,13,891.00,"11,583.00"
2019-07-07,2019070701006320,NLIC,1,45,17,891.00,"15,147.00"
2019-07-07,2019070701006304,NLIC,35,45,30,891.00,"26,730.00"
2019-07-07,2019070701006511,NLIC,34,16,50,890.00,"44,500.00"
2019-07-07,2019070701006510,NLIC,49,16,100,890.00,"89,000.00"
2019-07-07,2019070701006509,NLIC,32,16,100,890.00,"89,000.00"
2019-07-07,2019070701006508,NLIC,1,16,18,890.00,"16,020.00"
2019-07-07,2019070701006507,NLIC,19,16,50,890.00,"44,500.00"
2019-07-07,2019070701006506,NLIC,54,16,30,890.00,"26,700.00"
2019-07-07,2019070701006280,NLICL,29,47,200,599.00,"119,800.00"
2019-07-07,2019070701006279,NLICL,29,33,10,599.00,"5,990.00"
2019-07-07,2019070701006278,NLICL,29,20,24,598.00,"14,352.00"
2019-07-07,2019070701006637,NMFBS,33,14,35,"1,455.00","50,925.00"
2019-07-07,2019070701006636,NMFBS,33,34,15,"1,450.00","21,750.00"
2019-07-07,2019070701006603,NMFBS,33,6,17,"1,427.00","24,259.00"
2019-07-07,2019070701006698,PCBL,36,43,100,276.00,"27,600.00"
2019-07-07,2019070701006614,PCBL,45,43,100,276.00,"27,600.00"
2019-07-07,2019070701006551,PCBL,22,43,20,276.00,"5,520.00"
2019-07-07,2019070701006441,PCBL,59,43,100,276.00,"27,600.00"
2019-07-07,2019070701006583,PIC,28,59,15,500.00,"7,500.00"
2019-07-07,2019070701006582,PIC,58,59,40,501.00,"20,040.00"
2019-07-07,2019070701006486,PIC,28,34,61,500.00,"30,500.00"
2019-07-07,2019070701006398,PIC,28,52,11,500.00,"5,500.00"
2019-07-07,2019070701006223,PIC,43,34,39,501.00,"19,539.00"
2019-07-07,2019070701006599,PICL,28,34,50,570.00,"28,500.00"
2019-07-07,2019070701006575,PLIC,58,55,60,434.00,"26,040.00"
2019-07-07,2019070701006465,PLIC,41,58,143,435.00,"62,205.00"
2019-07-07,2019070701006247,PLIC,41,17,207,435.00,"90,045.00"
2019-07-07,2019070701006246,PLIC,35,17,50,435.00,"21,750.00"
2019-07-07,2019070701006245,PLIC,35,17,60,435.00,"26,100.00"
2019-07-07,2019070701006206,PMHPL,39,32,10,102.00,"1,020.00"
2019-07-07,2019070701006392,PPCL,26,43,120,140.00,"16,800.00"
2019-07-07,2019070701006391,PPCL,26,11,30,140.00,"4,200.00"
2019-07-07,2019070701006390,PPCL,26,17,20,140.00,"2,800.00"
2019-07-07,2019070701006389,PPCL,26,11,10,140.00,"1,400.00"
2019-07-07,2019070701006388,PPCL,26,26,10,140.00,"1,400.00"
2019-07-07,2019070701006387,PPCL,26,11,10,140.00,"1,400.00"
2019-07-07,2019070701006361,PPCL,26,11,10,140.00,"1,400.00"
2019-07-07,2019070701006360,PPCL,26,11,10,140.00,"1,400.00"
2019-07-07,2019070701006359,PPCL,26,52,20,140.00,"2,800.00"
2019-07-07,2019070701006255,PPCL,48,34,10,139.00,"1,390.00"
2019-07-07,2019070701006367,PPCL,26,11,10,140.00,"1,400.00"
2019-07-07,2019070701006366,PPCL,26,11,10,140.00,"1,400.00"
2019-07-07,2019070701006365,PPCL,26,19,30,140.00,"4,200.00"
2019-07-07,2019070701006364,PPCL,26,11,10,140.00,"1,400.00"
2019-07-07,2019070701006363,PPCL,26,11,10,140.00,"1,400.00"
2019-07-07,2019070701006362,PPCL,26,11,10,140.00,"1,400.00"
2019-07-07,2019070701006373,PPCL,26,11,10,140.00,"1,400.00"
2019-07-07,2019070701006372,PPCL,26,11,30,140.00,"4,200.00"
2019-07-07,2019070701006371,PPCL,26,11,10,140.00,"1,400.00"
2019-07-07,2019070701006370,PPCL,26,11,10,140.00,"1,400.00"
2019-07-07,2019070701006369,PPCL,26,11,10,140.00,"1,400.00"
2019-07-07,2019070701006368,PPCL,26,11,10,140.00,"1,400.00"
2019-07-07,2019070701006253,PRIN,41,35,708,373.00,"264,084.00"
2019-07-07,2019070701006252,PRIN,33,35,200,373.00,"74,600.00"
2019-07-07,2019070701006251,PRIN,43,35,92,374.00,"34,408.00"
2019-07-07,2019070701006624,PRVU,46,56,500,267.00,"133,500.00"
2019-07-07,2019070701006598,PRVU,43,16,34,266.00,"9,044.00"
2019-07-07,2019070701006395,PRVU,32,49,"1,900",267.00,"507,300.00"
2019-07-07,2019070701006357,PRVU,32,56,100,267.00,"26,700.00"
2019-07-07,2019070701006338,PRVU,48,56,300,267.00,"80,100.00"
2019-07-07,2019070701006337,PRVU,34,56,203,267.00,"54,201.00"
2019-07-07,2019070701006270,PRVU,34,26,97,267.00,"25,899.00"
2019-07-07,2019070701006269,PRVU,52,26,50,267.00,"13,350.00"
2019-07-07,2019070701006268,PRVU,22,26,69,267.00,"18,423.00"
2019-07-07,2019070701006648,RADHI,48,1,11,145.00,"1,595.00"
2019-07-07,2019070701006423,RADHI,6,56,89,146.00,"12,994.00"
2019-07-07,2019070701006422,RADHI,6,32,11,146.00,"1,606.00"
2019-07-07,2019070701006415,RADHI,48,52,11,145.00,"1,595.00"
2019-07-07,2019070701006327,RHPC,39,52,19,89.00,"1,691.00"
2019-07-07,2019070701006242,RHPC,39,52,19,89.00,"1,691.00"
2019-07-07,2019070701006461,RMDC,45,53,100,676.00,"67,600.00"
2019-07-07,2019070701006460,RMDC,45,46,111,676.00,"75,036.00"
2019-07-07,2019070701006459,RMDC,45,44,100,675.00,"67,500.00"
2019-07-07,2019070701006458,RMDC,45,42,47,675.00,"31,725.00"
2019-07-07,2019070701006457,RMDC,45,48,115,675.00,"77,625.00"
2019-07-07,2019070701006456,RMDC,45,25,10,673.00,"6,730.00"
2019-07-07,2019070701006455,RMDC,45,57,17,673.00,"11,441.00"
2019-07-07,2019070701006254,RMDC,28,52,50,666.00,"33,300.00"
2019-07-07,2019070701006238,RMDC,28,10,101,666.00,"67,266.00"
2019-07-07,2019070701006210,RRHP,1,32,10,107.00,"1,070.00"
2019-07-07,2019070701006688,RSDC,11,29,20,346.00,"6,920.00"
2019-07-07,2019070701006302,RSDC,40,34,58,343.00,"19,894.00"
2019-07-07,2019070701006691,SADBL,38,57,20,159.00,"3,180.00"
2019-07-07,2019070701006678,SADBL,38,57,10,159.00,"1,590.00"
2019-07-07,2019070701006677,SADBL,38,28,856,159.00,"136,104.00"
2019-07-07,2019070701006653,SADBL,58,57,20,158.00,"3,160.00"
2019-07-07,2019070701006651,SADBL,41,28,144,159.00,"22,896.00"
2019-07-07,2019070701006650,SADBL,41,29,156,159.00,"24,804.00"
2019-07-07,2019070701006399,SADBL,55,55,6,156.00,936.00
2019-07-07,2019070701006638,SADBL,58,57,20,158.00,"3,160.00"
2019-07-07,2019070701006620,SADBL,58,57,20,158.00,"3,160.00"
2019-07-07,2019070701006604,SADBL,58,57,20,158.00,"3,160.00"
2019-07-07,2019070701006589,SADBL,58,57,20,158.00,"3,160.00"
2019-07-07,2019070701006563,SADBL,58,57,69,158.00,"10,902.00"
2019-07-07,2019070701006562,SADBL,50,57,63,158.00,"9,954.00"
2019-07-07,2019070701006646,SANIMA,34,36,500,345.00,"172,500.00"
2019-07-07,2019070701006559,SANIMA,14,36,555,345.00,"191,475.00"
2019-07-07,2019070701006463,SANIMA,44,36,145,345.00,"50,025.00"
2019-07-07,2019070701006380,SANIMA,41,36,300,345.00,"103,500.00"
2019-07-07,2019070701006235,SANIMA,49,17,500,345.00,"172,500.00"
2019-07-07,2019070701006234,SANIMA,49,6,500,345.00,"172,500.00"
2019-07-07,2019070701006233,SANIMA,49,17,500,345.00,"172,500.00"
2019-07-07,2019070701006232,SANIMA,49,45,500,345.00,"172,500.00"
2019-07-07,2019070701006231,SANIMA,49,39,30,345.00,"10,350.00"
2019-07-07,2019070701006230,SANIMA,49,36,854,345.00,"294,630.00"
2019-07-07,2019070701006676,SBL,36,38,100,319.00,"31,900.00"
2019-07-07,2019070701006573,SBL,22,1,10,320.00,"3,200.00"
2019-07-07,2019070701006554,SBL,36,38,39,319.00,"12,441.00"
2019-07-07,2019070701006553,SBL,53,38,61,319.00,"19,459.00"
2019-07-07,2019070701006481,SBL,53,33,89,319.00,"28,391.00"
2019-07-07,2019070701006480,SBL,35,33,"1,000",319.00,"319,000.00"
2019-07-07,2019070701006479,SBL,32,33,109,319.00,"34,771.00"
2019-07-07,2019070701006478,SBL,44,33,"1,000",319.00,"319,000.00"
2019-07-07,2019070701006477,SBL,10,33,38,319.00,"12,122.00"
2019-07-07,2019070701006221,SBL,32,53,37,320.00,"11,840.00"
2019-07-07,2019070701006220,SBL,32,14,438,320.00,"140,160.00"
2019-07-07,2019070701006219,SBL,32,38,275,320.00,"88,000.00"
2019-07-07,2019070701006609,SCB,44,56,50,660.00,"33,000.00"
2019-07-07,2019070701006608,SCB,44,25,20,660.00,"13,200.00"
2019-07-07,2019070701006600,SCB,11,49,222,661.00,"146,742.00"
2019-07-07,2019070701006584,SCB,44,52,20,660.00,"13,200.00"
2019-07-07,2019070701006348,SCB,36,49,"1,000",661.00,"661,000.00"
2019-07-07,2019070701006347,SCB,50,49,102,662.00,"67,524.00"
2019-07-07,2019070701006346,SCB,56,49,76,663.00,"50,388.00"
2019-07-07,2019070701006295,SCB,56,34,24,663.00,"15,912.00"
2019-07-07,2019070701006521,SCB,44,56,60,660.00,"39,600.00"
2019-07-07,2019070701006490,SCB,45,45,9,661.00,"5,949.00"
2019-07-07,2019070701006350,SCB,45,49,50,661.00,"33,050.00"
2019-07-07,2019070701006349,SCB,10,49,50,661.00,"33,050.00"
2019-07-07,2019070701006439,SHINE,55,55,1,248.00,248.00
2019-07-07,2019070701006643,SHIVM,17,13,500,615.00,"307,500.00"
2019-07-07,2019070701006642,SHIVM,17,6,50,615.00,"30,750.00"
2019-07-07,2019070701006641,SHIVM,17,6,50,615.00,"30,750.00"
2019-07-07,2019070701006640,SHIVM,17,34,500,615.00,"307,500.00"
2019-07-07,2019070701006635,SHIVM,17,22,50,614.00,"30,700.00"
2019-07-07,2019070701006634,SHIVM,17,22,50,614.00,"30,700.00"
2019-07-07,2019070701006633,SHIVM,17,34,200,614.00,"122,800.00"
2019-07-07,2019070701006282,SHIVM,21,21,"2,000",613.00,"1,226,000.00"
2019-07-07,2019070701006695,SHPC,17,34,"1,475",249.00,"367,275.00"
2019-07-07,2019070701006454,SIC,35,51,12,614.00,"7,368.00"
2019-07-07,2019070701006300,SIC,35,6,15,614.00,"9,210.00"
2019-07-07,2019070701006299,SIC,33,6,50,616.00,"30,800.00"
2019-07-07,2019070701006404,SIL,16,1,33,448.00,"14,784.00"
2019-07-07,2019070701006403,SIL,41,1,480,449.00,"215,520.00"
2019-07-07,2019070701006351,SIL,41,21,20,449.00,"8,980.00"
2019-07-07,2019070701006409,SLBSL,34,41,20,536.00,"10,720.00"
2019-07-07,2019070701006408,SLBSL,34,39,10,535.00,"5,350.00"
2019-07-07,2019070701006407,SLBSL,34,42,10,530.00,"5,300.00"
2019-07-07,2019070701006406,SLBSL,34,58,10,527.00,"5,270.00"
2019-07-07,2019070701006332,SLBSL,18,58,10,527.00,"5,270.00"
2019-07-07,2019070701006293,SLBSL,52,55,10,525.00,"5,250.00"
2019-07-07,2019070701006376,SLICL,22,34,76,457.00,"34,732.00"
2019-07-07,2019070701006292,SLICL,22,17,162,457.00,"74,034.00"
2019-07-07,2019070701006291,SLICL,22,17,10,460.00,"4,600.00"
2019-07-07,2019070701006211,SLICL,22,21,10,460.00,"4,600.00"
2019-07-07,2019070701006519,SMFDB,55,55,4,524.00,"2,096.00"
2019-07-07,2019070701006557,SPARS,58,11,10,431.00,"4,310.00"
2019-07-07,2019070701006525,SPARS,58,11,10,431.00,"4,310.00"
2019-07-07,2019070701006515,SPARS,58,11,10,431.00,"4,310.00"
2019-07-07,2019070701006602,SPDL,39,52,15,89.00,"1,335.00"
2019-07-07,2019070701006426,SPDL,39,52,15,89.00,"1,335.00"
2019-07-07,2019070701006616,UIC,17,55,20,875.00,"17,500.00"
2019-07-07,2019070701006615,UIC,17,16,185,874.00,"161,690.00"
2019-07-07,2019070701006544,UIC,47,47,80,867.00,"69,360.00"
2019-07-07,2019070701006417,UIC,47,34,50,867.00,"43,350.00"
2019-07-07,2019070701006482,UMHL,59,22,14,110.00,"1,540.00"
2019-07-07,2019070701006694,UPPER,42,1,74,266.00,"19,684.00"
2019-07-07,2019070701006693,UPPER,13,1,126,266.00,"33,516.00"
2019-07-07,2019070701006684,UPPER,13,44,10,266.00,"2,660.00"
2019-07-07,2019070701006658,UPPER,13,38,40,266.00,"10,640.00"
2019-07-07,2019070701006621,UPPER,13,41,200,266.00,"53,200.00"
2019-07-07,2019070701006522,UPPER,13,5,97,266.00,"25,802.00"
2019-07-07,2019070701006339,UPPER,46,52,40,267.00,"10,680.00"
2019-07-07,2019070701006328,UPPER,46,54,55,267.00,"14,685.00"
2019-07-07,2019070701006265,UPPER,46,52,40,267.00,"10,680.00"
2019-07-07,2019070701006205,UPPER,46,52,50,267.00,"13,350.00"
2019-07-07,2019070701006438,UPPER,22,16,"2,000",267.00,"534,000.00"
2019-07-07,2019070701006437,UPPER,45,16,187,267.00,"49,929.00"
2019-07-07,2019070701006434,UPPER,45,52,13,267.00,"3,471.00"
2019-07-07,2019070701006433,UPPER,46,52,27,267.00,"7,209.00"
2019-07-07,2019070701006400,UPPER,46,1,40,267.00,"10,680.00"
2019-07-07,2019070701006353,VLBS,19,36,10,487.00,"4,870.00"
2019-07-07,2019070701006154,ADBL,49,39,111,407.00,"45,177.00"
2019-07-07,2019070701005818,ADBL,49,46,500,407.00,"203,500.00"
2019-07-07,2019070701006134,AHPC,36,22,500,106.00,"53,000.00"
2019-07-07,2019070701006133,AHPC,38,22,100,106.00,"10,600.00"
2019-07-07,2019070701005989,AKPL,55,58,13,184.00,"2,392.00"
2019-07-07,2019070701005773,ALBSL,57,42,10,398.00,"3,980.00"
2019-07-07,2019070701005741,ALBSL,57,40,10,398.00,"3,980.00"
2019-07-07,2019070701005736,ALBSL,57,42,10,398.00,"3,980.00"
2019-07-07,2019070701005709,ALBSL,57,40,10,398.00,"3,980.00"
2019-07-07,2019070701006193,API,25,39,32,143.00,"4,576.00"
2019-07-07,2019070701005995,API,44,58,"2,000",142.00,"284,000.00"
2019-07-07,2019070701005809,API,53,39,30,143.00,"4,290.00"
2019-07-07,2019070701005808,API,36,39,58,143.00,"8,294.00"
2019-07-07,2019070701005807,API,6,39,288,143.00,"41,184.00"
2019-07-07,2019070701005761,API,6,57,12,143.00,"1,716.00"
2019-07-07,2019070701006116,BOKL,36,4,775,258.00,"199,950.00"
2019-07-07,2019070701006115,BOKL,57,4,10,258.00,"2,580.00"
2019-07-07,2019070701006099,BOKL,42,4,30,259.00,"7,770.00"
2019-07-07,2019070701005888,BOKL,57,38,26,258.00,"6,708.00"
2019-07-07,2019070701005717,BOKL,57,43,64,258.00,"16,512.00"
2019-07-07,2019070701005716,BOKL,49,43,294,258.00,"75,852.00"
2019-07-07,2019070701005708,BOKL,48,4,100,259.00,"25,900.00"
2019-07-07,2019070701006114,BPCL,51,22,55,404.00,"22,220.00"
2019-07-07,2019070701005890,BPCL,51,18,136,404.00,"54,944.00"
2019-07-07,2019070701005853,BPCL,51,16,11,404.00,"4,444.00"
2019-07-07,2019070701006026,CBBL,48,6,500,960.00,"480,000.00"
2019-07-07,2019070701006025,CBBL,48,44,500,960.00,"480,000.00"
2019-07-07,2019070701005729,CBBL,48,28,50,960.00,"48,000.00"
2019-07-07,2019070701005728,CBBL,48,44,500,960.00,"480,000.00"
2019-07-07,2019070701006186,CBL,32,37,100,159.00,"15,900.00"
2019-07-07,2019070701006179,CBL,51,22,"1,000",158.00,"158,000.00"
2019-07-07,2019070701006108,CBL,51,36,140,158.00,"22,120.00"
2019-07-07,2019070701006107,CBL,51,53,10,158.00,"1,580.00"
2019-07-07,2019070701006095,CBL,51,21,423,158.00,"66,834.00"
2019-07-07,2019070701006093,CBL,38,42,164,157.00,"25,748.00"
2019-07-07,2019070701005958,CBL,28,49,500,157.00,"78,500.00"
2019-07-07,2019070701005930,CBL,28,28,919,157.00,"144,283.00"
2019-07-07,2019070701005904,CBL,6,52,269,158.00,"42,502.00"
2019-07-07,2019070701005903,CBL,6,49,231,158.00,"36,498.00"
2019-07-07,2019070701005740,CBL,52,49,500,158.00,"79,000.00"
2019-07-07,2019070701005707,CBL,28,26,23,157.00,"3,611.00"
2019-07-07,2019070701005987,CBL,38,45,230,157.00,"36,110.00"
2019-07-07,2019070701005986,CBL,32,45,300,157.00,"47,100.00"
2019-07-07,2019070701005985,CBL,14,45,"1,470",157.00,"230,790.00"
2019-07-07,2019070701005982,CBL,14,36,530,157.00,"83,210.00"
2019-07-07,2019070701005981,CBL,28,36,"2,558",157.00,"401,606.00"
2019-07-07,2019070701005962,CBL,28,45,"1,000",157.00,"157,000.00"
2019-07-07,2019070701006080,CBL,44,17,"2,000",158.00,"316,000.00"
2019-07-07,2019070701006079,CBL,44,29,"1,231",158.00,"194,498.00"
2019-07-07,2019070701006072,CBL,59,29,200,158.00,"31,600.00"
2019-07-07,2019070701005994,CBL,37,29,69,158.00,"10,902.00"
2019-07-07,2019070701005993,CBL,37,52,31,158.00,"4,898.00"
2019-07-07,2019070701005991,CBL,51,52,200,158.00,"31,600.00"
2019-07-07,2019070701006086,CBL,44,6,400,158.00,"63,200.00"
2019-07-07,2019070701006085,CBL,44,11,"2,000",158.00,"316,000.00"
2019-07-07,2019070701006084,CBL,44,1,300,158.00,"47,400.00"
2019-07-07,2019070701006083,CBL,44,25,"3,000",158.00,"474,000.00"
2019-07-07,2019070701006082,CBL,44,11,392,158.00,"61,936.00"
2019-07-07,2019070701006081,CBL,44,21,"1,000",158.00,"158,000.00"
2019-07-07,2019070701006092,CBL,44,21,577,158.00,"91,166.00"
2019-07-07,2019070701006091,CBL,44,14,500,158.00,"79,000.00"
2019-07-07,2019070701006090,CBL,44,16,500,158.00,"79,000.00"
2019-07-07,2019070701006089,CBL,44,13,"1,000",158.00,"158,000.00"
2019-07-07,2019070701006088,CBL,44,1,100,158.00,"15,800.00"
2019-07-07,2019070701006087,CBL,44,33,"1,000",158.00,"158,000.00"
2019-07-07,2019070701006175,CCBL,49,39,913,180.00,"164,340.00"
2019-07-07,2019070701006165,CCBL,59,50,313,181.00,"56,653.00"
2019-07-07,2019070701006164,CCBL,59,33,187,181.00,"33,847.00"
2019-07-07,2019070701006119,CCBL,38,25,"1,000",181.00,"181,000.00"
2019-07-07,2019070701006118,CCBL,6,33,700,181.00,"126,700.00"
2019-07-07,2019070701006003,CCBL,45,33,30,181.00,"5,430.00"
2019-07-07,2019070701005778,CCBL,44,59,80,180.00,"14,400.00"
2019-07-07,2019070701005715,CCBL,6,26,17,181.00,"3,077.00"
2019-07-07,2019070701005714,CCBL,17,26,102,181.00,"18,462.00"
2019-07-07,2019070701005925,CCBL,49,44,38,180.00,"6,840.00"
2019-07-07,2019070701005909,CCBL,49,38,119,180.00,"21,420.00"
2019-07-07,2019070701005895,CCBL,49,36,30,180.00,"5,400.00"
2019-07-07,2019070701005876,CCBL,49,36,339,180.00,"61,020.00"
2019-07-07,2019070701005875,CCBL,44,36,161,180.00,"28,980.00"
2019-07-07,2019070701005874,CCBL,6,33,83,181.00,"15,023.00"
2019-07-07,2019070701006069,CEFL,57,58,50,102.00,"5,100.00"
2019-07-07,2019070701006176,CFCL,55,14,264,122.00,"32,208.00"
2019-07-07,2019070701006000,CHCL,6,49,84,511.00,"42,924.00"
2019-07-07,2019070701005970,CHCL,49,3,500,512.00,"256,000.00"
2019-07-07,2019070701005969,CHCL,49,7,38,512.00,"19,456.00"
2019-07-07,2019070701005968,CHCL,49,6,482,512.00,"246,784.00"
2019-07-07,2019070701005858,CHCL,6,13,65,511.00,"33,215.00"
2019-07-07,2019070701006121,CHL,26,36,10,88.00,880.00
2019-07-07,2019070701005935,CIT,1,4,100,"2,430.00","243,000.00"
2019-07-07,2019070701006152,CZBIL,43,17,100,224.00,"22,400.00"
2019-07-07,2019070701006036,CZBIL,43,45,501,224.00,"112,224.00"
2019-07-07,2019070701005787,DBBL,37,21,950,145.00,"137,750.00"
2019-07-07,2019070701005786,DBBL,14,21,500,145.00,"72,500.00"
2019-07-07,2019070701005785,DBBL,35,21,350,145.00,"50,750.00"
2019-07-07,2019070701005910,DDBL,54,38,22,713.00,"15,686.00"
2019-07-07,2019070701006103,EIC,1,52,25,371.00,"9,275.00"
2019-07-07,2019070701006102,EIC,1,38,15,371.00,"5,565.00"
2019-07-07,2019070701006101,EIC,1,29,60,370.00,"22,200.00"
2019-07-07,2019070701005944,EIC,22,34,55,366.00,"20,130.00"
2019-07-07,2019070701006110,FOWAD,5,39,13,"1,324.00","17,212.00"
2019-07-07,2019070701005927,GBBL,21,43,"2,000",223.00,"446,000.00"
2019-07-07,2019070701006146,GBLBS,39,52,10,346.00,"3,460.00"
2019-07-07,2019070701005850,GLBSL,33,40,10,393.00,"3,930.00"
2019-07-07,2019070701005831,GLBSL,33,40,10,393.00,"3,930.00"
2019-07-07,2019070701005776,GLBSL,44,40,10,395.00,"3,950.00"
2019-07-07,2019070701006016,GMFBS,25,26,10,450.00,"4,500.00"
2019-07-07,2019070701005834,GMFBS,10,57,220,454.00,"99,880.00"
2019-07-07,2019070701005833,GMFBS,39,57,320,455.00,"145,600.00"
2019-07-07,2019070701005832,GMFBS,17,57,20,456.00,"9,120.00"
2019-07-07,2019070701005802,GMFBS,17,42,10,456.00,"4,560.00"
2019-07-07,2019070701005789,GMFBS,17,42,10,456.00,"4,560.00"
2019-07-07,2019070701005758,GMFBS,17,42,10,456.00,"4,560.00"
2019-07-07,2019070701005912,HBL,22,28,661,547.00,"361,567.00"
2019-07-07,2019070701005911,HBL,48,28,12,547.00,"6,564.00"
2019-07-07,2019070701005984,HDL,21,34,25,"1,698.00","42,450.00"
2019-07-07,2019070701005965,HDL,21,40,75,"1,698.00","127,350.00"
2019-07-07,2019070701005859,HDL,26,40,25,"1,698.00","42,450.00"
2019-07-07,2019070701006148,HIDCL,36,52,61,160.00,"9,760.00"
2019-07-07,2019070701006137,HIDCL,36,36,14,160.00,"2,240.00"
2019-07-07,2019070701006132,HIDCL,36,52,61,160.00,"9,760.00"
2019-07-07,2019070701006105,HIDCL,36,22,17,160.00,"2,720.00"
2019-07-07,2019070701005921,HIDCL,36,48,61,160.00,"9,760.00"
2019-07-07,2019070701005919,HIDCL,36,38,13,160.00,"2,080.00"
