Date,Transact. No.,Symbol,Buyer,Seller,Quantity,Rate,Amount
2019-01-23,2019012301005420,AHPC,35,52,235,104.00,"24,440.00"
2019-01-23,2019012301005382,AKJCL,14,34,50,86.00,"4,300.00"
2019-01-23,2019012301005110,AKJCL,25,37,100,86.00,"8,600.00"
2019-01-23,2019012301005052,AKPL,58,42,10,185.00,"1,850.00"
2019-01-23,2019012301005231,ALICL,45,57,80,617.00,"49,360.00"
2019-01-23,2019012301005230,ALICL,50,57,20,618.00,"12,360.00"
2019-01-23,2019012301005105,ALICL,51,33,500,618.00,"309,000.00"
2019-01-23,2019012301005190,API,25,58,50,148.00,"7,400.00"
2019-01-23,2019012301005067,API,47,42,18,146.00,"2,628.00"
2019-01-23,2019012301005077,BARUN,14,44,555,105.00,"58,275.00"
2019-01-23,2019012301005076,BARUN,6,44,80,105.00,"8,400.00"
2019-01-23,2019012301005075,BARUN,37,44,50,106.00,"5,300.00"
2019-01-23,2019012301005381,BBC,4,58,10,"1,782.00","17,820.00"
2019-01-23,2019012301005338,BBC,40,40,250,"1,750.00","437,500.00"
2019-01-23,2019012301005266,BHBL,4,52,16,144.00,"2,304.00"
2019-01-23,2019012301005265,BHBL,4,26,134,143.00,"19,162.00"
2019-01-23,2019012301005377,BOKL,1,49,480,256.00,"122,880.00"
2019-01-23,2019012301005047,BOKL,54,49,20,256.00,"5,120.00"
2019-01-23,2019012301005046,BOKL,54,42,80,256.00,"20,480.00"
2019-01-23,2019012301005344,BPCL,38,38,10,368.00,"3,680.00"
2019-01-23,2019012301005229,BPCL,38,38,10,368.00,"3,680.00"
2019-01-23,2019012301005491,CBBL,54,37,470,886.00,"416,420.00"
2019-01-23,2019012301005489,CBBL,54,47,20,886.00,"17,720.00"
2019-01-23,2019012301005394,CBBL,54,38,10,886.00,"8,860.00"
2019-01-23,2019012301005388,CBL,43,59,10,162.00,"1,620.00"
2019-01-23,2019012301005327,CBL,58,34,"4,194",160.00,"671,040.00"
2019-01-23,2019012301005326,CBL,58,34,806,160.00,"128,960.00"
2019-01-23,2019012301005054,CBL,58,52,500,160.00,"80,000.00"
2019-01-23,2019012301005522,CCBL,42,6,150,172.00,"25,800.00"
2019-01-23,2019012301005291,CCBL,44,51,100,171.00,"17,100.00"
2019-01-23,2019012301005238,CCBL,44,54,90,171.00,"15,390.00"
2019-01-23,2019012301005235,CCBL,44,40,200,171.00,"34,200.00"
2019-01-23,2019012301005466,CHCL,22,33,10,537.00,"5,370.00"
2019-01-23,2019012301005386,CHCL,10,19,100,535.00,"53,500.00"
2019-01-23,2019012301005224,CHCL,36,1,100,536.00,"53,600.00"
2019-01-23,2019012301005223,CHCL,36,38,300,536.00,"160,800.00"
2019-01-23,2019012301005520,CIT,4,26,10,"2,609.00","26,090.00"
2019-01-23,2019012301005510,CIT,53,4,100,"2,610.00","261,000.00"
2019-01-23,2019012301005509,CIT,53,45,30,"2,610.00","78,300.00"
2019-01-23,2019012301005465,CIT,28,45,170,"2,610.00","443,700.00"
2019-01-23,2019012301005464,CIT,28,5,10,"2,610.00","26,100.00"
2019-01-23,2019012301005463,CIT,28,58,20,"2,609.00","52,180.00"
2019-01-23,2019012301005155,CIT,28,39,10,"2,602.00","26,020.00"
2019-01-23,2019012301005039,CIT,4,4,500,"2,607.00","1,303,500.00"
2019-01-23,2019012301005453,CIT,25,45,100,"2,608.00","260,800.00"
2019-01-23,2019012301005405,CIT,56,45,65,"2,608.00","169,520.00"
2019-01-23,2019012301005404,CIT,56,33,10,"2,608.00","26,080.00"
2019-01-23,2019012301005403,CIT,56,28,25,"2,607.00","65,175.00"
2019-01-23,2019012301005385,CIT,1,45,100,"2,605.00","260,500.00"
2019-01-23,2019012301005384,CIT,1,22,100,"2,605.00","260,500.00"
2019-01-23,2019012301005345,CZBIL,4,10,10,213.00,"2,130.00"
2019-01-23,2019012301005371,DBBL,58,42,56,125.00,"7,000.00"
2019-01-23,2019012301005370,DBBL,51,42,53,125.00,"6,625.00"
2019-01-23,2019012301005343,DBBL,51,32,947,125.00,"118,375.00"
2019-01-23,2019012301005106,DBBL,39,22,57,126.00,"7,182.00"
2019-01-23,2019012301005452,DDBL,44,40,50,579.00,"28,950.00"
2019-01-23,2019012301005301,DDBL,43,32,23,570.00,"13,110.00"
2019-01-23,2019012301005300,DDBL,39,32,10,570.00,"5,700.00"
2019-01-23,2019012301005299,DDBL,50,32,20,571.00,"11,420.00"
2019-01-23,2019012301005298,DDBL,44,32,50,572.00,"28,600.00"
2019-01-23,2019012301005297,DDBL,41,32,27,572.00,"15,444.00"
2019-01-23,2019012301005296,DDBL,25,32,50,573.00,"28,650.00"
2019-01-23,2019012301005295,DDBL,58,32,50,574.00,"28,700.00"
2019-01-23,2019012301005506,EBL,25,58,66,528.00,"34,848.00"
2019-01-23,2019012301005378,EBL,25,42,11,528.00,"5,808.00"
2019-01-23,2019012301005449,EIC,38,48,10,850.00,"8,500.00"
2019-01-23,2019012301005290,EIC,33,48,100,850.00,"85,000.00"
2019-01-23,2019012301005191,FMDBL,57,41,20,389.00,"7,780.00"
2019-01-23,2019012301005183,FMDBL,57,5,25,385.00,"9,625.00"
2019-01-23,2019012301005162,FOWAD,57,13,15,"1,539.00","23,085.00"
2019-01-23,2019012301005216,GBLBS,37,1,29,449.00,"13,021.00"
2019-01-23,2019012301005215,GBLBS,37,22,141,449.00,"63,309.00"
2019-01-23,2019012301005214,GBLBS,37,22,10,448.00,"4,480.00"
2019-01-23,2019012301005357,GDBL,59,43,153,187.00,"28,611.00"
2019-01-23,2019012301005049,GDBL,50,28,187,189.00,"35,343.00"
2019-01-23,2019012301005048,GDBL,50,43,257,189.00,"48,573.00"
2019-01-23,2019012301005209,GDBL,38,50,116,187.00,"21,692.00"
2019-01-23,2019012301005150,GDBL,38,50,17,187.00,"3,179.00"
2019-01-23,2019012301005149,GDBL,13,50,100,187.00,"18,700.00"
2019-01-23,2019012301005131,GDBL,56,49,50,188.00,"9,400.00"
2019-01-23,2019012301005287,GDBL,43,49,50,188.00,"9,400.00"
2019-01-23,2019012301005285,GDBL,50,50,7,187.00,"1,309.00"
2019-01-23,2019012301005250,GDBL,38,50,110,187.00,"20,570.00"
2019-01-23,2019012301005221,GDBL,38,50,117,187.00,"21,879.00"
2019-01-23,2019012301005277,GLICL,41,13,12,725.00,"8,700.00"
2019-01-23,2019012301005114,GLICL,44,50,44,725.00,"31,900.00"
2019-01-23,2019012301005113,GLICL,44,34,100,723.00,"72,300.00"
2019-01-23,2019012301005082,GLICL,34,50,29,715.00,"20,735.00"
2019-01-23,2019012301005514,GUFL,35,13,150,103.00,"15,450.00"
2019-01-23,2019012301005513,GUFL,47,13,500,103.00,"51,500.00"
2019-01-23,2019012301005512,GUFL,43,13,100,104.00,"10,400.00"
2019-01-23,2019012301005170,HBL,4,29,57,451.00,"25,707.00"
2019-01-23,2019012301005169,HBL,16,29,50,451.00,"22,550.00"
2019-01-23,2019012301005368,HGI,34,13,10,405.00,"4,050.00"
2019-01-23,2019012301005367,HGI,34,39,40,404.00,"16,160.00"
2019-01-23,2019012301005180,HIDCL,55,40,100,145.00,"14,500.00"
2019-01-23,2019012301005071,HIDCL,55,42,56,145.00,"8,120.00"
2019-01-23,2019012301005375,HPPL,21,43,10,182.00,"1,820.00"
2019-01-23,2019012301005257,HPPL,38,38,10,185.00,"1,850.00"
2019-01-23,2019012301005171,HPPL,38,38,10,185.00,"1,850.00"
2019-01-23,2019012301005081,HPPL,21,33,10,182.00,"1,820.00"
2019-01-23,2019012301005078,HPPL,21,5,20,182.00,"3,640.00"
2019-01-23,2019012301005062,HPPL,56,56,10,184.00,"1,840.00"
2019-01-23,2019012301005031,HPPL,56,56,10,184.00,"1,840.00"
2019-01-23,2019012301005331,JBBL,26,42,200,141.00,"28,200.00"
2019-01-23,2019012301005083,JBBL,58,29,"1,000",140.00,"140,000.00"
2019-01-23,2019012301005051,JBBL,58,42,31,141.00,"4,371.00"
2019-01-23,2019012301005423,JBNL,32,58,600,168.00,"100,800.00"
2019-01-23,2019012301005263,JBNL,1,57,600,168.00,"100,800.00"
2019-01-23,2019012301005036,JBNL,35,57,100,168.00,"16,800.00"
2019-01-23,2019012301005024,JBNL,13,57,100,168.00,"16,800.00"
2019-01-23,2019012301005468,JEFL,51,28,500,128.00,"64,000.00"
2019-01-23,2019012301005467,JEFL,6,28,100,128.00,"12,800.00"
2019-01-23,2019012301005523,JFL,14,58,77,170.00,"13,090.00"
2019-01-23,2019012301005445,KBBL,22,28,890,212.00,"188,680.00"
2019-01-23,2019012301005499,KBL,42,26,200,250.00,"50,000.00"
2019-01-23,2019012301005422,KKHC,45,56,10,95.00,950.00
2019-01-23,2019012301005339,KMFL,43,38,100,950.00,"95,000.00"
2019-01-23,2019012301005184,KPCL,57,21,210,99.00,"20,790.00"
2019-01-23,2019012301005156,KPCL,57,33,10,99.00,990.00
2019-01-23,2019012301005251,KPCL,57,21,600,100.00,"60,000.00"
2019-01-23,2019012301005320,KSBBL,32,42,36,139.00,"5,004.00"
2019-01-23,2019012301005319,KSBBL,32,32,500,139.00,"69,500.00"
2019-01-23,2019012301005318,KSBBL,32,43,246,139.00,"34,194.00"
2019-01-23,2019012301005459,LBBL,13,29,500,177.00,"88,500.00"
2019-01-23,2019012301005308,LBBL,47,29,480,177.00,"84,960.00"
2019-01-23,2019012301005307,LBBL,47,42,150,177.00,"26,550.00"
2019-01-23,2019012301005306,LBBL,47,48,500,177.00,"88,500.00"
2019-01-23,2019012301005305,LBBL,47,33,250,177.00,"44,250.00"
2019-01-23,2019012301005304,LBBL,47,37,440,177.00,"77,880.00"
2019-01-23,2019012301005303,LBBL,47,34,180,177.00,"31,860.00"
2019-01-23,2019012301005272,LBBL,57,50,"1,000",176.00,"176,000.00"
2019-01-23,2019012301005271,LBBL,35,50,100,176.00,"17,600.00"
2019-01-23,2019012301005397,LBL,1,16,39,220.00,"8,580.00"
2019-01-23,2019012301005396,LBL,35,16,50,220.00,"11,000.00"
2019-01-23,2019012301005395,LBL,50,16,11,220.00,"2,420.00"
2019-01-23,2019012301005505,LGIL,14,58,42,547.00,"22,974.00"
2019-01-23,2019012301005504,LGIL,14,14,50,547.00,"27,350.00"
2019-01-23,2019012301005503,LGIL,14,33,100,546.00,"54,600.00"
2019-01-23,2019012301005502,LGIL,14,53,83,546.00,"45,318.00"
2019-01-23,2019012301005501,LGIL,14,25,225,545.00,"122,625.00"
2019-01-23,2019012301005488,LGIL,11,25,75,545.00,"40,875.00"
2019-01-23,2019012301005234,LICN,59,57,20,"1,775.00","35,500.00"
2019-01-23,2019012301005379,MBL,40,39,500,210.00,"105,000.00"
2019-01-23,2019012301005202,MBL,39,46,100,209.00,"20,900.00"
2019-01-23,2019012301005201,MBL,47,46,300,209.00,"62,700.00"
2019-01-23,2019012301005200,MBL,34,46,455,209.00,"95,095.00"
2019-01-23,2019012301005199,MBL,47,46,"2,000",209.00,"418,000.00"
2019-01-23,2019012301005198,MBL,11,46,30,209.00,"6,270.00"
2019-01-23,2019012301005073,MBL,20,39,10,210.00,"2,100.00"
2019-01-23,2019012301005038,MBL,14,13,70,209.00,"14,630.00"
2019-01-23,2019012301005037,MBL,29,13,500,209.00,"104,500.00"
2019-01-23,2019012301005197,MBL,11,46,500,209.00,"104,500.00"
2019-01-23,2019012301005196,MBL,21,46,200,209.00,"41,800.00"
2019-01-23,2019012301005195,MBL,56,46,70,209.00,"14,630.00"
2019-01-23,2019012301005194,MBL,25,46,"1,000",209.00,"209,000.00"
2019-01-23,2019012301005193,MBL,17,46,"1,000",209.00,"209,000.00"
2019-01-23,2019012301005192,MBL,14,46,430,209.00,"89,870.00"
2019-01-23,2019012301005411,MDB,34,25,200,294.00,"58,800.00"
2019-01-23,2019012301005507,MEGA,48,52,10,167.00,"1,670.00"
2019-01-23,2019012301005487,MEGA,51,50,347,166.00,"57,602.00"
2019-01-23,2019012301005486,MEGA,25,50,300,166.00,"49,800.00"
2019-01-23,2019012301005485,MEGA,14,50,500,166.00,"83,000.00"
2019-01-23,2019012301005484,MEGA,55,50,500,166.00,"83,000.00"
2019-01-23,2019012301005483,MEGA,57,50,490,166.00,"81,340.00"
2019-01-23,2019012301005369,MEGA,57,52,100,167.00,"16,700.00"
2019-01-23,2019012301005218,MEGA,34,52,100,167.00,"16,700.00"
2019-01-23,2019012301005177,MEGA,32,52,200,167.00,"33,400.00"
2019-01-23,2019012301005176,MEGA,48,52,399,167.00,"66,633.00"
2019-01-23,2019012301005129,MEGA,48,52,577,167.00,"96,359.00"
2019-01-23,2019012301005034,MEGA,34,52,303,167.00,"50,601.00"
2019-01-23,2019012301005482,MEGA,52,50,500,166.00,"83,000.00"
2019-01-23,2019012301005481,MEGA,32,50,100,166.00,"16,600.00"
2019-01-23,2019012301005480,MEGA,25,50,"3,000",166.00,"498,000.00"
2019-01-23,2019012301005479,MEGA,7,50,263,166.00,"43,658.00"
2019-01-23,2019012301005418,MEGA,43,52,10,167.00,"1,670.00"
2019-01-23,2019012301005389,MEGA,7,42,44,166.00,"7,304.00"
2019-01-23,2019012301005492,MERO,38,42,10,"1,120.00","11,200.00"
2019-01-23,2019012301005273,MERO,25,42,10,"1,120.00","11,200.00"
2019-01-23,2019012301005362,MLBL,45,40,500,170.00,"85,000.00"
2019-01-23,2019012301005088,MLBL,45,42,50,170.00,"8,500.00"
2019-01-23,2019012301005087,MLBL,38,42,40,171.00,"6,840.00"
2019-01-23,2019012301005346,MMFDB,49,57,10,"1,020.00","10,200.00"
2019-01-23,2019012301005213,MNBBL,26,11,61,348.00,"21,228.00"
2019-01-23,2019012301005212,MNBBL,41,11,30,349.00,"10,470.00"
2019-01-23,2019012301005248,MSMBS,34,37,20,560.00,"11,200.00"
2019-01-23,2019012301005478,NABIL,1,6,290,838.00,"243,020.00"
2019-01-23,2019012301005477,NABIL,22,6,100,838.00,"83,800.00"
2019-01-23,2019012301005476,NABIL,57,6,100,838.00,"83,800.00"
2019-01-23,2019012301005475,NABIL,1,6,30,839.00,"25,170.00"
2019-01-23,2019012301005474,NABIL,4,6,100,839.00,"83,900.00"
2019-01-23,2019012301005473,NABIL,1,6,50,839.00,"41,950.00"
2019-01-23,2019012301005310,NABIL,38,6,30,840.00,"25,200.00"
2019-01-23,2019012301005226,NABILP,39,6,148,724.00,"107,152.00"
2019-01-23,2019012301005225,NABILP,39,35,90,723.00,"65,070.00"
2019-01-23,2019012301005208,NABILP,39,57,101,721.00,"72,821.00"
2019-01-23,2019012301005427,NADEP,16,38,10,788.00,"7,880.00"
2019-01-23,2019012301005490,NBB,14,19,500,187.00,"93,500.00"
2019-01-23,2019012301005354,NBB,14,29,348,187.00,"65,076.00"
2019-01-23,2019012301005353,NBB,59,29,200,187.00,"37,400.00"
2019-01-23,2019012301005352,NBB,16,29,12,187.00,"2,244.00"
2019-01-23,2019012301005233,NBBL,34,51,10,765.00,"7,650.00"
2019-01-23,2019012301005511,NBL,47,45,50,292.00,"14,600.00"
2019-01-23,2019012301005376,NBL,47,1,100,292.00,"29,200.00"
2019-01-23,2019012301005313,NBL,50,50,500,293.00,"146,500.00"
2019-01-23,2019012301005312,NBL,50,46,500,293.00,"146,500.00"
2019-01-23,2019012301005252,NBL,47,6,100,292.00,"29,200.00"
2019-01-23,2019012301005227,NBL,47,48,500,292.00,"146,000.00"
2019-01-23,2019012301005179,NBL,47,54,140,292.00,"40,880.00"
2019-01-23,2019012301005168,NBL,47,54,50,292.00,"14,600.00"
2019-01-23,2019012301005167,NBL,47,45,50,292.00,"14,600.00"
2019-01-23,2019012301005159,NBL,47,45,50,292.00,"14,600.00"
2019-01-23,2019012301005142,NBL,47,45,300,292.00,"87,600.00"
2019-01-23,2019012301005517,NCCB,38,57,189,214.00,"40,446.00"
2019-01-23,2019012301005516,NCCB,47,57,111,214.00,"23,754.00"
2019-01-23,2019012301005410,NCCB,40,7,350,215.00,"75,250.00"
2019-01-23,2019012301005409,NCCB,40,32,150,215.00,"32,250.00"
2019-01-23,2019012301005437,NEF,42,29,"2,414",8.00,"19,312.00"
2019-01-23,2019012301005342,NGPL,55,42,32,128.00,"4,096.00"
2019-01-23,2019012301005311,NGPL,55,42,68,128.00,"8,704.00"
2019-01-23,2019012301005289,NGPL,51,42,50,128.00,"6,400.00"
2019-01-23,2019012301005181,NHDL,38,38,10,131.00,"1,310.00"
2019-01-23,2019012301005042,NHPC,20,45,100,70.00,"7,000.00"
2019-01-23,2019012301005041,NHPC,20,13,500,69.00,"34,500.00"
2019-01-23,2019012301005439,NIB,55,42,20,539.00,"10,780.00"
2019-01-23,2019012301005222,NIB,52,42,20,539.00,"10,780.00"
2019-01-23,2019012301005211,NIB,22,42,18,539.00,"9,702.00"
2019-01-23,2019012301005175,NIB,22,22,82,539.00,"44,198.00"
2019-01-23,2019012301005108,NIB,1,38,15,538.00,"8,070.00"
2019-01-23,2019012301005080,NIB,1,42,20,538.00,"10,760.00"
2019-01-23,2019012301005128,NIBPO,28,13,364,481.00,"175,084.00"
2019-01-23,2019012301005127,NIBPO,42,13,200,482.00,"96,400.00"
2019-01-23,2019012301005126,NIBPO,34,13,100,483.00,"48,300.00"
2019-01-23,2019012301005462,NICA,42,48,150,392.00,"58,800.00"
2019-01-23,2019012301005383,NICA,22,48,345,392.00,"135,240.00"
2019-01-23,2019012301005324,NICA,22,58,155,392.00,"60,760.00"
2019-01-23,2019012301005323,NICA,4,58,130,392.00,"50,960.00"
2019-01-23,2019012301005322,NICA,40,58,230,392.00,"90,160.00"
2019-01-23,2019012301005321,NICA,7,58,35,392.00,"13,720.00"
2019-01-23,2019012301005033,NICA,51,57,80,392.00,"31,360.00"
2019-01-23,2019012301005032,NICA,43,57,20,392.00,"7,840.00"
2019-01-23,2019012301005264,NICA,7,49,25,392.00,"9,800.00"
2019-01-23,2019012301005247,NICA,7,51,40,392.00,"15,680.00"
2019-01-23,2019012301005246,NICA,4,51,40,392.00,"15,680.00"
2019-01-23,2019012301005245,NICA,51,51,20,392.00,"7,840.00"
2019-01-23,2019012301005173,NICA,6,50,36,393.00,"14,148.00"
2019-01-23,2019012301005161,NICA,6,42,14,393.00,"5,502.00"
2019-01-23,2019012301005428,NICL,43,34,10,580.00,"5,800.00"
2019-01-23,2019012301005337,NICL,43,41,180,579.00,"104,220.00"
2019-01-23,2019012301005336,NICL,43,35,100,579.00,"57,900.00"
2019-01-23,2019012301005160,NICL,26,1,50,570.00,"28,500.00"
2019-01-23,2019012301005141,NICL,43,41,200,573.00,"114,600.00"
2019-01-23,2019012301005140,NICL,43,37,"1,000",572.00,"572,000.00"
2019-01-23,2019012301005139,NICL,43,22,223,572.00,"127,556.00"
2019-01-23,2019012301005070,NICL,26,17,859,570.00,"489,630.00"
2019-01-23,2019012301005335,NICL,43,53,340,575.00,"195,500.00"
2019-01-23,2019012301005334,NICL,43,53,100,574.00,"57,400.00"
2019-01-23,2019012301005332,NICL,41,37,600,573.00,"343,800.00"
2019-01-23,2019012301005284,NICL,36,37,400,573.00,"229,200.00"
2019-01-23,2019012301005283,NICL,36,26,100,572.00,"57,200.00"
2019-01-23,2019012301005282,NICL,36,52,100,572.00,"57,200.00"
2019-01-23,2019012301005421,NIL,42,13,101,543.00,"54,843.00"
2019-01-23,2019012301005158,NIL,10,33,212,543.00,"115,116.00"
2019-01-23,2019012301005157,NIL,10,25,100,542.00,"54,200.00"
2019-01-23,2019012301005045,NIL,29,53,140,540.00,"75,600.00"
2019-01-23,2019012301005256,NLBBL,6,45,100,470.00,"47,000.00"
2019-01-23,2019012301005255,NLBBL,53,45,50,470.00,"23,500.00"
2019-01-23,2019012301005254,NLBBL,48,45,50,470.00,"23,500.00"
2019-01-23,2019012301005253,NLBBL,1,45,50,471.00,"23,550.00"
2019-01-23,2019012301005417,NLIC,57,50,108,"1,092.00","117,936.00"
2019-01-23,2019012301005416,NLIC,29,50,25,"1,092.00","27,300.00"
2019-01-23,2019012301005415,NLIC,34,50,34,"1,093.00","37,162.00"
2019-01-23,2019012301005414,NLIC,21,50,50,"1,093.00","54,650.00"
2019-01-23,2019012301005413,NLIC,38,50,83,"1,093.00","90,719.00"
2019-01-23,2019012301005374,NLIC,38,38,17,"1,096.00","18,632.00"
2019-01-23,2019012301005294,NLIC,38,34,200,"1,093.00","218,600.00"
2019-01-23,2019012301005228,NLIC,19,33,200,"1,095.00","219,000.00"
2019-01-23,2019012301005496,NLICL,34,35,50,695.00,"34,750.00"
2019-01-23,2019012301005458,NMB,47,42,13,320.00,"4,160.00"
2019-01-23,2019012301005457,NMB,47,57,51,320.00,"16,320.00"
2019-01-23,2019012301005456,NMB,47,41,100,320.00,"32,000.00"
2019-01-23,2019012301005455,NMB,47,17,655,319.00,"208,945.00"
2019-01-23,2019012301005448,NMB,57,17,40,319.00,"12,760.00"
2019-01-23,2019012301005349,NMB,21,17,30,319.00,"9,570.00"
2019-01-23,2019012301005348,NMB,57,17,30,319.00,"9,570.00"
2019-01-23,2019012301005347,NMB,57,17,183,319.00,"58,377.00"
2019-01-23,2019012301005217,NMB,57,57,50,319.00,"15,950.00"
2019-01-23,2019012301005163,NMB,26,17,400,320.00,"128,000.00"
2019-01-23,2019012301005030,NMBMF,18,10,10,"1,119.00","11,190.00"
2019-01-23,2019012301005237,NSEWA,11,43,10,620.00,"6,200.00"
2019-01-23,2019012301005236,NSEWA,11,14,10,610.00,"6,100.00"
2019-01-23,2019012301005317,NTC,49,7,10,730.00,"7,300.00"
2019-01-23,2019012301005279,NTC,34,54,100,728.00,"72,800.00"
2019-01-23,2019012301005066,NTC,34,33,500,728.00,"364,000.00"
2019-01-23,2019012301005500,NUBL,16,34,10,790.00,"7,900.00"
2019-01-23,2019012301005440,NUBL,16,53,970,782.00,"758,540.00"
2019-01-23,2019012301005072,NUBL,33,34,60,794.00,"47,640.00"
2019-01-23,2019012301005069,NUBL,45,53,30,787.00,"23,610.00"
2019-01-23,2019012301005063,NUBL,33,34,250,794.00,"198,500.00"
2019-01-23,2019012301005442,OHL,56,49,200,445.00,"89,000.00"
2019-01-23,2019012301005441,OHL,56,43,15,445.00,"6,675.00"
2019-01-23,2019012301005406,PCBL,20,43,201,324.00,"65,124.00"
2019-01-23,2019012301005244,PCBL,20,33,607,324.00,"196,668.00"
2019-01-23,2019012301005243,PCBL,4,33,70,324.00,"22,680.00"
2019-01-23,2019012301005154,PCBL,36,25,50,325.00,"16,250.00"
2019-01-23,2019012301005471,PIC,41,58,100,"1,058.00","105,800.00"
2019-01-23,2019012301005210,PIC,38,38,11,"1,057.00","11,627.00"
2019-01-23,2019012301005182,PIC,17,44,200,"1,058.00","211,600.00"
2019-01-23,2019012301005174,PIC,56,41,11,"1,051.00","11,561.00"
2019-01-23,2019012301005148,PIC,56,41,224,"1,051.00","235,424.00"
2019-01-23,2019012301005147,PIC,34,41,39,"1,051.00","40,989.00"
2019-01-23,2019012301005121,PIC,4,41,116,"1,053.00","122,148.00"
2019-01-23,2019012301005120,PIC,38,41,189,"1,054.00","199,206.00"
2019-01-23,2019012301005119,PIC,25,41,50,"1,055.00","52,750.00"
2019-01-23,2019012301005118,PIC,40,41,56,"1,057.00","59,192.00"
2019-01-23,2019012301005117,PIC,50,41,89,"1,057.00","94,073.00"
2019-01-23,2019012301005095,PIC,50,59,11,"1,057.00","11,627.00"
2019-01-23,2019012301005146,PIC,28,41,237,"1,052.00","249,324.00"
2019-01-23,2019012301005145,PIC,25,41,50,"1,053.00","52,650.00"
2019-01-23,2019012301005135,PIC,28,41,13,"1,052.00","13,676.00"
2019-01-23,2019012301005134,PIC,25,41,200,"1,052.00","210,400.00"
2019-01-23,2019012301005133,PIC,33,41,25,"1,053.00","26,325.00"
2019-01-23,2019012301005132,PIC,4,41,262,"1,053.00","275,886.00"
2019-01-23,2019012301005261,PICL,56,19,30,717.00,"21,510.00"
2019-01-23,2019012301005270,PMHPL,57,43,500,104.00,"52,000.00"
2019-01-23,2019012301005269,PMHPL,39,43,150,105.00,"15,750.00"
2019-01-23,2019012301005268,PMHPL,39,43,19,106.00,"2,014.00"
2019-01-23,2019012301005060,PMHPL,39,43,181,106.00,"19,186.00"
2019-01-23,2019012301005059,PMHPL,49,43,500,107.00,"53,500.00"
2019-01-23,2019012301005058,PMHPL,10,43,69,107.00,"7,383.00"
2019-01-23,2019012301005057,PMHPL,36,43,400,108.00,"43,200.00"
2019-01-23,2019012301005056,PMHPL,57,43,300,108.00,"32,400.00"
2019-01-23,2019012301005055,PMHPL,16,43,50,108.00,"5,400.00"
2019-01-23,2019012301005518,PRIN,33,41,100,453.00,"45,300.00"
2019-01-23,2019012301005239,PRIN,45,45,500,452.00,"226,000.00"
2019-01-23,2019012301005399,PRVU,13,59,500,242.00,"121,000.00"
2019-01-23,2019012301005350,PRVU,49,59,100,242.00,"24,200.00"
2019-01-23,2019012301005316,PRVU,49,32,100,242.00,"24,200.00"
2019-01-23,2019012301005115,PRVU,45,47,54,242.00,"13,068.00"
2019-01-23,2019012301005093,PRVU,45,42,46,242.00,"11,132.00"
2019-01-23,2019012301005092,PRVU,53,42,50,242.00,"12,100.00"
2019-01-23,2019012301005091,PRVU,13,42,100,242.00,"24,200.00"
2019-01-23,2019012301005090,PRVU,49,42,10,242.00,"2,420.00"
2019-01-23,2019012301005089,PRVU,58,42,190,242.00,"45,980.00"
2019-01-23,2019012301005143,PRVU,42,57,50,242.00,"12,100.00"
2019-01-23,2019012301005116,PRVU,53,47,46,242.00,"11,132.00"
2019-01-23,2019012301005315,PRVU,42,32,110,242.00,"26,620.00"
2019-01-23,2019012301005262,PRVU,42,54,140,242.00,"33,880.00"
2019-01-23,2019012301005419,PURBL,42,43,10,151.00,"1,510.00"
2019-01-23,2019012301005443,RADHI,41,43,11,165.00,"1,815.00"
2019-01-23,2019012301005206,RADHI,41,6,11,168.00,"1,848.00"
2019-01-23,2019012301005205,RADHI,41,28,100,168.00,"16,800.00"
2019-01-23,2019012301005204,RADHI,41,35,11,168.00,"1,848.00"
2019-01-23,2019012301005203,RADHI,41,43,11,165.00,"1,815.00"
2019-01-23,2019012301005130,RBCLPO,35,33,10,"8,850.00","88,500.00"
2019-01-23,2019012301005460,RSDC,49,17,100,390.00,"39,000.00"
2019-01-23,2019012301005424,SADBL,14,33,310,143.00,"44,330.00"
2019-01-23,2019012301005398,SADBL,34,33,"2,500",143.00,"357,500.00"
2019-01-23,2019012301005450,SBBLJ,38,39,"1,000",204.00,"204,000.00"
2019-01-23,2019012301005387,SBI,56,17,367,399.00,"146,433.00"
2019-01-23,2019012301005286,SBI,29,17,133,398.00,"52,934.00"
2019-01-23,2019012301005267,SBI,29,17,340,398.00,"135,320.00"
2019-01-23,2019012301005153,SBI,47,17,10,398.00,"3,980.00"
2019-01-23,2019012301005152,SBI,51,17,50,398.00,"19,900.00"
2019-01-23,2019012301005151,SBI,43,17,100,398.00,"39,800.00"
2019-01-23,2019012301005380,SBL,57,38,100,292.00,"29,200.00"
2019-01-23,2019012301005219,SBL,53,38,874,292.00,"255,208.00"
2019-01-23,2019012301005207,SBL,54,38,300,292.00,"87,600.00"
2019-01-23,2019012301005189,SBL,57,57,100,291.00,"29,100.00"
2019-01-23,2019012301005112,SBL,57,46,67,291.00,"19,497.00"
2019-01-23,2019012301005111,SBL,57,38,480,291.00,"139,680.00"
2019-01-23,2019012301005309,SCB,38,50,10,570.00,"5,700.00"
2019-01-23,2019012301005292,SCB,38,22,10,569.00,"5,690.00"
2019-01-23,2019012301005288,SCB,29,38,20,568.00,"11,360.00"
2019-01-23,2019012301005220,SCB,34,22,40,569.00,"22,760.00"
2019-01-23,2019012301005122,SCB,41,22,70,569.00,"39,830.00"
2019-01-23,2019012301005061,SCB,41,11,430,568.00,"244,240.00"
2019-01-23,2019012301005026,SCB,32,11,50,568.00,"28,400.00"
2019-01-23,2019012301005519,SDESI,33,38,10,624.00,"6,240.00"
2019-01-23,2019012301005276,SDESI,33,22,70,617.00,"43,190.00"
2019-01-23,2019012301005275,SDESI,33,22,20,618.00,"12,360.00"
2019-01-23,2019012301005186,SEF,38,48,500,9.18,"4,590.00"
2019-01-23,2019012301005185,SEF,38,25,100,9.18,918.00
2019-01-23,2019012301005293,SEOS,26,22,"1,000",9.90,"9,900.00"
2019-01-23,2019012301005325,SHPC,36,10,56,231.00,"12,936.00"
2019-01-23,2019012301005187,SIC,45,40,30,"1,340.00","40,200.00"
2019-01-23,2019012301005330,SICL,22,28,37,926.00,"34,262.00"
2019-01-23,2019012301005329,SICL,14,28,30,927.00,"27,810.00"
2019-01-23,2019012301005328,SICL,41,28,83,930.00,"77,190.00"
2019-01-23,2019012301005361,SIL,6,34,200,648.00,"129,600.00"
2019-01-23,2019012301005164,SIL,44,57,40,644.00,"25,760.00"
2019-01-23,2019012301005043,SKBBL,57,8,14,878.00,"12,292.00"
2019-01-23,2019012301005302,SLICL,25,59,100,560.00,"56,000.00"
2019-01-23,2019012301005278,SLICL,34,49,20,558.00,"11,160.00"
2019-01-23,2019012301005123,SRBL,6,33,797,213.00,"169,761.00"
2019-01-23,2019012301005408,SWBBL,26,48,50,847.00,"42,350.00"
2019-01-23,2019012301005407,SWBBL,56,48,200,848.00,"169,600.00"
2019-01-23,2019012301005426,UIC,19,6,139,808.00,"112,312.00"
2019-01-23,2019012301005425,UIC,19,34,50,808.00,"40,400.00"
2019-01-23,2019012301005360,UIC,41,40,100,806.00,"80,600.00"
2019-01-23,2019012301005359,UIC,41,37,200,805.00,"161,000.00"
2019-01-23,2019012301005358,UIC,41,21,100,805.00,"80,500.00"
2019-01-23,2019012301005521,UPPER,41,21,50,278.00,"13,900.00"
2019-01-23,2019012301005515,UPPER,41,21,40,278.00,"11,120.00"
2019-01-23,2019012301005508,UPPER,41,40,72,278.00,"20,016.00"
2019-01-23,2019012301005494,UPPER,41,21,50,278.00,"13,900.00"
2019-01-23,2019012301005493,UPPER,41,34,50,278.00,"13,900.00"
2019-01-23,2019012301005470,UPPER,41,33,40,278.00,"11,120.00"
2019-01-23,2019012301005035,UPPER,53,1,50,278.00,"13,900.00"
2019-01-23,2019012301005029,UPPER,53,33,30,278.00,"8,340.00"
2019-01-23,2019012301005028,UPPER,6,33,10,279.00,"2,790.00"
2019-01-23,2019012301005027,UPPER,6,56,40,279.00,"11,160.00"
2019-01-23,2019012301005025,UPPER,53,40,50,278.00,"13,900.00"
2019-01-23,2019012301005065,UPPER,53,46,40,278.00,"11,120.00"
2019-01-23,2019012301005064,UPPER,53,1,40,278.00,"11,120.00"
2019-01-23,2019012301005053,UPPER,53,45,40,278.00,"11,120.00"
2019-01-23,2019012301005050,UPPER,53,46,40,278.00,"11,120.00"
2019-01-23,2019012301005044,UPPER,53,1,50,278.00,"13,900.00"
2019-01-23,2019012301005040,UPPER,53,46,40,278.00,"11,120.00"
2019-01-23,2019012301005086,UPPER,14,46,50,278.00,"13,900.00"
2019-01-23,2019012301005085,UPPER,14,45,30,278.00,"8,340.00"
2019-01-23,2019012301005084,UPPER,53,45,10,278.00,"2,780.00"
2019-01-23,2019012301005079,UPPER,53,1,40,278.00,"11,120.00"
2019-01-23,2019012301005074,UPPER,53,46,40,278.00,"11,120.00"
2019-01-23,2019012301005068,UPPER,53,45,40,278.00,"11,120.00"
2019-01-23,2019012301005100,UPPER,39,40,40,279.00,"11,160.00"
2019-01-23,2019012301005099,UPPER,39,34,50,279.00,"13,950.00"
2019-01-23,2019012301005098,UPPER,39,34,50,279.00,"13,950.00"
2019-01-23,2019012301005097,UPPER,39,34,171,279.00,"47,709.00"
2019-01-23,2019012301005096,UPPER,39,56,50,279.00,"13,950.00"
2019-01-23,2019012301005094,UPPER,14,45,50,278.00,"13,900.00"
2019-01-23,2019012301005109,UPPER,14,40,40,278.00,"11,120.00"
2019-01-23,2019012301005107,UPPER,14,46,50,278.00,"13,900.00"
2019-01-23,2019012301005104,UPPER,39,40,49,279.00,"13,671.00"
2019-01-23,2019012301005103,UPPER,39,51,10,279.00,"2,790.00"
2019-01-23,2019012301005102,UPPER,39,56,40,279.00,"11,160.00"
2019-01-23,2019012301005101,UPPER,39,40,40,279.00,"11,160.00"
2019-01-23,2019012301005144,UPPER,22,33,50,278.00,"13,900.00"
2019-01-23,2019012301005138,UPPER,22,26,40,278.00,"11,120.00"
2019-01-23,2019012301005137,UPPER,22,55,40,278.00,"11,120.00"
2019-01-23,2019012301005136,UPPER,22,13,20,278.00,"5,560.00"
2019-01-23,2019012301005125,UPPER,22,55,20,278.00,"5,560.00"
2019-01-23,2019012301005124,UPPER,14,55,30,278.00,"8,340.00"
2019-01-23,2019012301005188,UPPER,32,40,40,277.00,"11,080.00"
2019-01-23,2019012301005172,UPPER,26,34,20,278.00,"5,560.00"
2019-01-23,2019012301005166,UPPER,26,40,20,278.00,"5,560.00"
2019-01-23,2019012301005165,UPPER,22,40,30,278.00,"8,340.00"
2019-01-23,2019012301005249,UPPER,32,18,40,277.00,"11,080.00"
2019-01-23,2019012301005242,UPPER,19,7,30,278.00,"8,340.00"
2019-01-23,2019012301005241,UPPER,19,33,50,278.00,"13,900.00"
2019-01-23,2019012301005240,UPPER,19,34,20,278.00,"5,560.00"
2019-01-23,2019012301005232,UPPER,32,57,50,277.00,"13,850.00"
2019-01-23,2019012301005281,UPPER,59,18,10,277.00,"2,770.00"
2019-01-23,2019012301005280,UPPER,32,18,30,277.00,"8,310.00"
2019-01-23,2019012301005274,UPPER,32,7,40,277.00,"11,080.00"
2019-01-23,2019012301005260,UPPER,19,11,80,278.00,"22,240.00"
2019-01-23,2019012301005259,UPPER,19,34,50,278.00,"13,900.00"
2019-01-23,2019012301005258,UPPER,19,7,20,278.00,"5,560.00"
2019-01-23,2019012301005355,UPPER,55,38,50,277.00,"13,850.00"
2019-01-23,2019012301005351,UPPER,55,39,40,277.00,"11,080.00"
2019-01-23,2019012301005341,UPPER,55,17,38,277.00,"10,526.00"
2019-01-23,2019012301005340,UPPER,59,17,12,277.00,"3,324.00"
2019-01-23,2019012301005333,UPPER,59,21,40,277.00,"11,080.00"
2019-01-23,2019012301005314,UPPER,59,45,35,277.00,"9,695.00"
2019-01-23,2019012301005372,UPPER,49,36,50,279.00,"13,950.00"
2019-01-23,2019012301005366,UPPER,41,6,50,278.00,"13,900.00"
2019-01-23,2019012301005365,UPPER,41,21,50,278.00,"13,900.00"
2019-01-23,2019012301005364,UPPER,41,7,40,278.00,"11,120.00"
2019-01-23,2019012301005363,UPPER,41,7,50,278.00,"13,900.00"
2019-01-23,2019012301005356,UPPER,59,11,91,278.00,"25,298.00"
2019-01-23,2019012301005400,UPPER,41,40,50,278.00,"13,900.00"
2019-01-23,2019012301005393,UPPER,41,49,40,278.00,"11,120.00"
2019-01-23,2019012301005392,UPPER,26,33,10,279.00,"2,790.00"
2019-01-23,2019012301005391,UPPER,26,34,50,279.00,"13,950.00"
2019-01-23,2019012301005390,UPPER,26,36,40,279.00,"11,160.00"
2019-01-23,2019012301005373,UPPER,49,56,50,279.00,"13,950.00"
2019-01-23,2019012301005432,UPPER,28,25,50,279.00,"13,950.00"
2019-01-23,2019012301005431,UPPER,28,33,40,279.00,"11,160.00"
2019-01-23,2019012301005430,UPPER,28,34,50,279.00,"13,950.00"
2019-01-23,2019012301005429,UPPER,28,33,30,279.00,"8,370.00"
2019-01-23,2019012301005412,UPPER,41,21,40,278.00,"11,120.00"
2019-01-23,2019012301005402,UPPER,41,42,40,278.00,"11,120.00"
2019-01-23,2019012301005444,UPPER,41,40,40,278.00,"11,120.00"
2019-01-23,2019012301005438,UPPER,41,21,40,278.00,"11,120.00"
2019-01-23,2019012301005436,UPPER,28,57,180,279.00,"50,220.00"
2019-01-23,2019012301005435,UPPER,28,49,50,279.00,"13,950.00"
2019-01-23,2019012301005434,UPPER,28,25,50,279.00,"13,950.00"
2019-01-23,2019012301005433,UPPER,28,49,50,279.00,"13,950.00"
2019-01-23,2019012301005469,UPPER,41,40,50,278.00,"13,900.00"
2019-01-23,2019012301005461,UPPER,41,21,50,278.00,"13,900.00"
2019-01-23,2019012301005454,UPPER,21,57,150,279.00,"41,850.00"
2019-01-23,2019012301005451,UPPER,18,18,8,274.00,"2,192.00"
2019-01-23,2019012301005447,UPPER,41,34,50,278.00,"13,900.00"
2019-01-23,2019012301005446,UPPER,41,57,10,278.00,"2,780.00"
2019-01-23,2019012301005401,VLBS,46,58,200,699.00,"139,800.00"
2019-01-23,2019012301005498,WOMI,33,1,90,"1,135.00","102,150.00"
2019-01-23,2019012301005497,WOMI,33,1,10,"1,135.00","11,350.00"
2019-01-23,2019012301005178,WOMI,28,57,10,"1,125.00","11,250.00"
2019-01-23,2019012301004907,ADBL,56,49,100,343.00,"34,300.00"
2019-01-23,2019012301004984,AHPC,21,52,500,104.00,"52,000.00"
2019-01-23,2019012301004579,AHPC,55,52,200,104.00,"20,800.00"
2019-01-23,2019012301004793,AKJCL,44,48,20,85.00,"1,700.00"
2019-01-23,2019012301004734,AKJCL,44,48,10,85.00,850.00
2019-01-23,2019012301004702,AKJCL,44,48,20,85.00,"1,700.00"
2019-01-23,2019012301004882,ALICL,48,52,62,620.00,"38,440.00"
2019-01-23,2019012301004685,ALICL,48,47,10,620.00,"6,200.00"
2019-01-23,2019012301004813,AMFI,57,45,10,712.00,"7,120.00"
2019-01-23,2019012301005006,API,6,58,100,148.00,"14,800.00"
2019-01-23,2019012301004564,API,25,58,50,148.00,"7,400.00"
2019-01-23,2019012301004894,BOKL,52,28,500,255.00,"127,500.00"
2019-01-23,2019012301004893,BOKL,6,28,500,255.00,"127,500.00"
2019-01-23,2019012301004892,BOKL,29,28,200,255.00,"51,000.00"
2019-01-23,2019012301004812,BOKL,16,42,100,256.00,"25,600.00"
2019-01-23,2019012301004659,BOKL,38,42,120,256.00,"30,720.00"
2019-01-23,2019012301004626,BOKL,38,49,380,256.00,"97,280.00"
2019-01-23,2019012301004529,BOKL,42,49,20,256.00,"5,120.00"
2019-01-23,2019012301004689,BPCL,22,58,90,365.00,"32,850.00"
2019-01-23,2019012301004623,BPCL,47,28,100,366.00,"36,600.00"
2019-01-23,2019012301004596,BPCL,38,38,10,366.00,"3,660.00"
2019-01-23,2019012301004829,CBBL,42,25,30,890.00,"26,700.00"
2019-01-23,2019012301004757,CBBL,8,19,75,884.00,"66,300.00"
2019-01-23,2019012301004756,CBBL,58,19,450,885.00,"398,250.00"
2019-01-23,2019012301004755,CBBL,33,19,50,886.00,"44,300.00"
2019-01-23,2019012301004754,CBBL,33,19,300,886.00,"265,800.00"
2019-01-23,2019012301004708,CBBL,1,42,100,887.00,"88,700.00"
2019-01-23,2019012301004861,CBL,58,22,16,160.00,"2,560.00"
2019-01-23,2019012301004655,CBL,58,20,"1,584",160.00,"253,440.00"
2019-01-23,2019012301004576,CBL,58,20,756,160.00,"120,960.00"
2019-01-23,2019012301005007,CCBL,44,43,14,171.00,"2,394.00"
2019-01-23,2019012301004952,CCBL,44,36,"2,000",171.00,"342,000.00"
2019-01-23,2019012301004649,CCBL,14,6,80,172.00,"13,760.00"
2019-01-23,2019012301004619,CCBL,7,6,500,172.00,"86,000.00"
2019-01-23,2019012301004875,CHCL,57,38,100,536.00,"53,600.00"
2019-01-23,2019012301004737,CHCL,11,38,100,536.00,"53,600.00"
2019-01-23,2019012301004567,CHCL,10,57,101,535.00,"54,035.00"
2019-01-23,2019012301004566,CHCL,10,40,70,535.00,"37,450.00"
2019-01-23,2019012301004565,CHCL,10,13,500,535.00,"267,500.00"
2019-01-23,2019012301004814,CIT,38,34,10,"2,608.00","26,080.00"
2019-01-23,2019012301004938,CZBIL,4,13,142,214.00,"30,388.00"
2019-01-23,2019012301004937,CZBIL,4,38,"4,000",214.00,"856,000.00"
2019-01-23,2019012301004936,CZBIL,4,49,75,214.00,"16,050.00"
2019-01-23,2019012301004935,CZBIL,4,42,10,214.00,"2,140.00"
2019-01-23,2019012301004934,CZBIL,4,43,228,214.00,"48,792.00"
2019-01-23,2019012301004933,CZBIL,4,38,545,213.00,"116,085.00"
2019-01-23,2019012301004705,CZBIL,4,46,449,213.00,"95,637.00"
2019-01-23,2019012301004642,CZBIL,4,43,"1,000",213.00,"213,000.00"
2019-01-23,2019012301004614,CZBIL,49,44,389,212.00,"82,468.00"
2019-01-23,2019012301004673,DBBL,4,22,160,126.00,"20,160.00"
2019-01-23,2019012301004672,DBBL,56,22,535,126.00,"67,410.00"
2019-01-23,2019012301004903,EBL,57,20,324,530.00,"171,720.00"
2019-01-23,2019012301004867,EBL,57,13,500,532.00,"266,000.00"
2019-01-23,2019012301004866,EBL,57,1,20,532.00,"10,640.00"
2019-01-23,2019012301004723,EBL,57,49,356,530.00,"188,680.00"
2019-01-23,2019012301004640,EBL,11,49,200,530.00,"106,000.00"
2019-01-23,2019012301004638,EBL,28,49,200,530.00,"106,000.00"
2019-01-23,2019012301004726,FMDBL,57,22,175,380.00,"66,500.00"
2019-01-23,2019012301004568,FMDBL,57,21,20,380.00,"7,600.00"
2019-01-23,2019012301004863,GBIME,57,47,60,265.00,"15,900.00"
2019-01-23,2019012301004862,GBIME,57,51,40,265.00,"10,600.00"
2019-01-23,2019012301004669,GBIME,17,42,75,264.00,"19,800.00"
2019-01-23,2019012301004668,GBIME,8,42,125,264.00,"33,000.00"
2019-01-23,2019012301004768,GBLBS,38,38,10,449.00,"4,490.00"
2019-01-23,2019012301004794,GLICL,50,50,20,718.00,"14,360.00"
2019-01-23,2019012301004630,GLICL,34,13,50,716.00,"35,800.00"
2019-01-23,2019012301004527,GUFL,47,58,29,103.00,"2,987.00"
2019-01-23,2019012301005022,HGI,34,57,50,401.00,"20,050.00"
2019-01-23,2019012301005021,HGI,34,13,50,401.00,"20,050.00"
2019-01-23,2019012301005020,HGI,34,8,100,401.00,"40,100.00"
2019-01-23,2019012301004995,HGI,57,26,400,400.00,"160,000.00"
2019-01-23,2019012301004804,HIDCL,16,29,970,144.00,"139,680.00"
2019-01-23,2019012301004803,HIDCL,59,29,453,144.00,"65,232.00"
2019-01-23,2019012301004698,HIDCL,8,29,500,145.00,"72,500.00"
2019-01-23,2019012301004697,HIDCL,56,29,"1,000",145.00,"145,000.00"
2019-01-23,2019012301004696,HIDCL,1,29,500,145.00,"72,500.00"
2019-01-23,2019012301004695,HIDCL,45,29,40,145.00,"5,800.00"
2019-01-23,2019012301004694,HIDCL,42,29,50,145.00,"7,250.00"
2019-01-23,2019012301004693,HIDCL,56,29,100,145.00,"14,500.00"
2019-01-23,2019012301004692,HIDCL,1,29,325,145.00,"47,125.00"
2019-01-23,2019012301004691,HIDCL,4,29,62,147.00,"9,114.00"
2019-01-23,2019012301004622,HPPL,38,38,10,184.00,"1,840.00"
2019-01-23,2019012301004606,ICFC,16,22,100,155.00,"15,500.00"
2019-01-23,2019012301004845,ICFCPO,49,59,"19,290",122.00,"2,353,380.00"
2019-01-23,2019012301004950,JBBL,58,26,500,140.00,"70,000.00"
2019-01-23,2019012301004908,JBBL,58,26,93,140.00,"13,020.00"
2019-01-23,2019012301004905,JBBL,47,42,121,141.00,"17,061.00"
2019-01-23,2019012301004904,JBBL,47,58,79,141.00,"11,139.00"
2019-01-23,2019012301004603,JBBL,58,42,550,140.00,"77,000.00"
2019-01-23,2019012301004967,JBNL,57,57,100,168.00,"16,800.00"
2019-01-23,2019012301004963,JBNL,35,57,100,168.00,"16,800.00"
2019-01-23,2019012301004913,JFL,38,3,"2,000",169.00,"338,000.00"
2019-01-23,2019012301004601,KBL,53,44,28,249.00,"6,972.00"
2019-01-23,2019012301004600,KBL,58,44,280,249.00,"69,720.00"
2019-01-23,2019012301004575,KBL,58,50,120,249.00,"29,880.00"
2019-01-23,2019012301004574,KBL,52,50,80,249.00,"19,920.00"
2019-01-23,2019012301004569,KMCDB,36,50,30,888.00,"26,640.00"
2019-01-23,2019012301004571,KPCL,25,29,10,98.00,980.00
2019-01-23,2019012301004664,KPCL,25,59,10,98.00,980.00
2019-01-23,2019012301004714,KPCL,25,48,10,98.00,980.00
2019-01-23,2019012301004722,KPCL,25,59,10,98.00,980.00
2019-01-23,2019012301004739,KPCL,25,48,10,98.00,980.00
2019-01-23,2019012301004802,KPCL,25,48,10,98.00,980.00
2019-01-23,2019012301004973,LBBL,19,1,100,176.00,"17,600.00"
2019-01-23,2019012301004968,LBBL,52,1,100,176.00,"17,600.00"
2019-01-23,2019012301004943,LBBL,57,1,100,176.00,"17,600.00"
2019-01-23,2019012301004859,LICN,59,28,100,"1,760.00","176,000.00"
2019-01-23,2019012301004856,LICN,4,58,273,"1,775.00","484,575.00"
2019-01-23,2019012301004855,LICN,4,25,100,"1,774.00","177,400.00"
2019-01-23,2019012301004854,LICN,4,16,100,"1,770.00","177,000.00"
2019-01-23,2019012301004853,LICN,4,44,100,"1,765.00","176,500.00"
2019-01-23,2019012301004615,LICN,25,28,67,"1,765.00","118,255.00"
2019-01-23,2019012301004929,LLBS,48,45,361,810.00,"292,410.00"
2019-01-23,2019012301004636,LLBS,48,17,150,810.00,"121,500.00"
2019-01-23,2019012301004604,LLBS,45,32,10,809.00,"8,090.00"
2019-01-23,2019012301004593,LLBS,45,45,300,797.00,"239,100.00"
2019-01-23,2019012301004957,MBL,57,39,100,210.00,"21,000.00"
2019-01-23,2019012301004823,MBL,5,39,250,210.00,"52,500.00"
2019-01-23,2019012301004761,MBL,20,39,500,210.00,"105,000.00"
2019-01-23,2019012301004729,MBL,6,39,100,210.00,"21,000.00"
2019-01-23,2019012301004690,MBL,6,39,"4,900",210.00,"1,029,000.00"
2019-01-23,2019012301004675,MBL,6,39,"5,000",210.00,"1,050,000.00"
2019-01-23,2019012301004663,MBL,14,39,100,210.00,"21,000.00"
2019-01-23,2019012301004620,MBL,20,39,95,210.00,"19,950.00"
2019-01-23,2019012301004553,MBL,42,39,20,210.00,"4,200.00"
2019-01-23,2019012301004981,MEGA,34,50,500,167.00,"83,500.00"
2019-01-23,2019012301004980,MEGA,16,50,200,167.00,"33,400.00"
2019-01-23,2019012301004979,MEGA,47,50,500,167.00,"83,500.00"
2019-01-23,2019012301004978,MEGA,40,50,"1,000",167.00,"167,000.00"
2019-01-23,2019012301004790,MNBBL,59,45,20,350.00,"7,000.00"
2019-01-23,2019012301004789,MNBBL,39,45,100,350.00,"35,000.00"
2019-01-23,2019012301004769,MSLB,47,56,20,"1,340.00","26,800.00"
2019-01-23,2019012301004826,NABIL,13,13,200,840.00,"168,000.00"
2019-01-23,2019012301004746,NABIL,32,6,100,840.00,"84,000.00"
2019-01-23,2019012301004745,NABIL,4,6,100,840.00,"84,000.00"
2019-01-23,2019012301004536,NABIL,21,11,4,841.00,"3,364.00"
2019-01-23,2019012301004949,NABILP,42,57,100,721.00,"72,100.00"
2019-01-23,2019012301004874,NADEP,16,50,100,788.00,"78,800.00"
2019-01-23,2019012301004824,NADEP,16,45,10,788.00,"7,880.00"
2019-01-23,2019012301004818,NADEP,16,45,10,788.00,"7,880.00"
2019-01-23,2019012301004646,NADEP,16,45,10,788.00,"7,880.00"
2019-01-23,2019012301004591,NADEP,16,45,10,788.00,"7,880.00"
2019-01-23,2019012301004820,NBB,16,55,18,187.00,"3,366.00"
2019-01-23,2019012301004634,NBB,19,33,42,186.00,"7,812.00"
2019-01-23,2019012301004633,NBB,33,33,500,186.00,"93,000.00"
2019-01-23,2019012301004632,NBB,6,33,75,186.00,"13,950.00"
2019-01-23,2019012301004631,NBB,39,33,250,187.00,"46,750.00"
2019-01-23,2019012301004779,NBBL,34,22,10,759.00,"7,590.00"
2019-01-23,2019012301004778,NBBL,34,35,50,755.00,"37,750.00"
2019-01-23,2019012301004777,NBBL,34,57,21,750.00,"15,750.00"
2019-01-23,2019012301004873,NBL,45,45,200,292.00,"58,400.00"
2019-01-23,2019012301004735,NBL,47,33,"2,000",292.00,"584,000.00"
2019-01-23,2019012301004658,NBL,47,59,450,292.00,"131,400.00"
2019-01-23,2019012301004647,NBL,47,59,500,292.00,"146,000.00"
2019-01-23,2019012301004635,NBL,16,59,100,292.00,"29,200.00"
2019-01-23,2019012301004954,NCCB,8,32,500,215.00,"107,500.00"
2019-01-23,2019012301004917,NCCB,44,32,300,215.00,"64,500.00"
2019-01-23,2019012301004916,NCCB,11,32,50,215.00,"10,750.00"
2019-01-23,2019012301004836,NCCB,17,7,293,215.00,"62,995.00"
2019-01-23,2019012301004797,NCCB,42,7,70,215.00,"15,050.00"
2019-01-23,2019012301004753,NCCB,8,7,137,215.00,"29,455.00"
2019-01-23,2019012301004752,NCCB,8,7,500,215.00,"107,500.00"
2019-01-23,2019012301004751,NCCB,8,43,105,215.00,"22,575.00"
2019-01-23,2019012301004750,NCCB,8,1,170,215.00,"36,550.00"
2019-01-23,2019012301004749,NCCB,8,32,"1,000",215.00,"215,000.00"
2019-01-23,2019012301004748,NCCB,8,7,500,215.00,"107,500.00"
2019-01-23,2019012301004747,NCCB,8,36,88,215.00,"18,920.00"
2019-01-23,2019012301004985,NGPL,35,35,11,129.00,"1,419.00"
2019-01-23,2019012301004932,NHDL,41,22,10,129.00,"1,290.00"
2019-01-23,2019012301004618,NHDL,41,34,10,129.00,"1,290.00"
2019-01-23,2019012301004948,NHPC,13,51,"2,000",69.00,"138,000.00"
2019-01-23,2019012301004947,NHPC,13,29,"1,000",69.00,"69,000.00"
2019-01-23,2019012301004552,NHPC,20,45,100,70.00,"7,000.00"
2019-01-23,2019012301004535,NHPC,20,56,"1,000",69.00,"69,000.00"
2019-01-23,2019012301004534,NHPC,20,58,"3,400",69.00,"234,600.00"
2019-01-23,2019012301004533,NHPC,20,35,500,69.00,"34,500.00"
2019-01-23,2019012301004532,NHPC,20,39,50,69.00,"3,450.00"
2019-01-23,2019012301005005,NIB,6,22,18,539.00,"9,702.00"
2019-01-23,2019012301005004,NIB,6,37,26,539.00,"14,014.00"
2019-01-23,2019012301005003,NIB,6,1,156,539.00,"84,084.00"
2019-01-23,2019012301005002,NIB,46,1,10,539.00,"5,390.00"
2019-01-23,2019012301004677,NIB,1,42,64,538.00,"34,432.00"
2019-01-23,2019012301004676,NIB,1,42,36,538.00,"19,368.00"
2019-01-23,2019012301004657,NIB,54,1,200,539.00,"107,800.00"
2019-01-23,2019012301004648,NIB,57,1,100,539.00,"53,900.00"
2019-01-23,2019012301004860,NICA,11,58,100,393.00,"39,300.00"
2019-01-23,2019012301004774,NICA,11,45,100,393.00,"39,300.00"
2019-01-23,2019012301004773,NICA,43,45,100,393.00,"39,300.00"
2019-01-23,2019012301004528,NIL,55,1,200,541.00,"108,200.00"
2019-01-23,2019012301005016,NLIC,38,22,17,"1,093.00","18,581.00"
2019-01-23,2019012301005014,NLIC,46,17,10,"1,099.00","10,990.00"
2019-01-23,2019012301004846,NLIC,39,10,3,"1,090.00","3,270.00"
2019-01-23,2019012301004712,NLIC,21,26,50,"1,094.00","54,700.00"
2019-01-23,2019012301004629,NLIC,38,38,17,"1,098.00","18,666.00"
2019-01-23,2019012301004920,NLICL,52,35,50,695.00,"34,750.00"
2019-01-23,2019012301005009,NMB,57,17,12,320.00,"3,840.00"
2019-01-23,2019012301004964,NMB,57,44,267,319.00,"85,173.00"
2019-01-23,2019012301004738,NMB,21,44,100,319.00,"31,900.00"
2019-01-23,2019012301004588,NMB,6,46,261,318.00,"82,998.00"
2019-01-23,2019012301004547,NMB,13,44,60,319.00,"19,140.00"
2019-01-23,2019012301004546,NMB,32,44,100,319.00,"31,900.00"
2019-01-23,2019012301004545,NMB,4,44,190,319.00,"60,610.00"
2019-01-23,2019012301004544,NMB,54,44,283,319.00,"90,277.00"
2019-01-23,2019012301004891,NMBHF1,57,41,"48,663",9.25,"450,132.75"
2019-01-23,2019012301004890,NMBHF1,57,42,"10,000",9.24,"92,400.00"
2019-01-23,2019012301004889,NMBHF1,57,40,"8,000",9.24,"73,920.00"
2019-01-23,2019012301004744,NMBMF,57,14,34,"1,102.00","37,468.00"
2019-01-23,2019012301004743,NMBMF,42,14,50,"1,103.00","55,150.00"
2019-01-23,2019012301004742,NMBMF,5,14,10,"1,103.00","11,030.00"
2019-01-23,2019012301004788,NSEWA,38,55,10,608.00,"6,080.00"
2019-01-23,2019012301004710,NSEWA,55,49,10,614.00,"6,140.00"
2019-01-23,2019012301004678,NSEWA,38,40,10,608.00,"6,080.00"
2019-01-23,2019012301004671,NSEWA,39,50,20,613.00,"12,260.00"
2019-01-23,2019012301004670,NSEWA,39,19,10,611.00,"6,110.00"
2019-01-23,2019012301004654,NSEWA,38,45,10,608.00,"6,080.00"
2019-01-23,2019012301004610,NSEWA,22,14,50,609.00,"30,450.00"
2019-01-23,2019012301004946,NTC,34,57,"1,370",728.00,"997,360.00"
2019-01-23,2019012301004945,NTC,34,57,130,728.00,"94,640.00"
2019-01-23,2019012301004760,NTC,11,7,100,730.00,"73,000.00"
2019-01-23,2019012301004556,NTC,34,59,730,728.00,"531,440.00"
2019-01-23,2019012301004555,NTC,4,59,70,729.00,"51,030.00"
2019-01-23,2019012301004993,NUBL,25,34,62,794.00,"49,228.00"
2019-01-23,2019012301004992,NUBL,25,47,18,794.00,"14,292.00"
2019-01-23,2019012301004991,NUBL,25,1,50,793.00,"39,650.00"
2019-01-23,2019012301004990,NUBL,25,26,100,790.00,"79,000.00"
2019-01-23,2019012301004989,NUBL,25,43,50,790.00,"39,500.00"
2019-01-23,2019012301004988,NUBL,25,19,50,790.00,"39,500.00"
2019-01-23,2019012301004987,NUBL,25,53,70,789.00,"55,230.00"
2019-01-23,2019012301004930,NUBL,45,53,30,787.00,"23,610.00"
2019-01-23,2019012301004840,NUBL,16,34,"1,000",788.00,"788,000.00"
2019-01-23,2019012301004837,NUBL,45,49,20,787.00,"15,740.00"
2019-01-23,2019012301004764,PCBL,26,5,100,324.00,"32,400.00"
2019-01-23,2019012301004763,PCBL,57,5,100,324.00,"32,400.00"
2019-01-23,2019012301004762,PCBL,53,5,390,324.00,"126,360.00"
2019-01-23,2019012301004662,PCBL,53,58,72,324.00,"23,328.00"
2019-01-23,2019012301004563,PCBL,6,25,25,325.00,"8,125.00"
2019-01-23,2019012301004543,PCBL,53,46,83,324.00,"26,892.00"
2019-01-23,2019012301004827,PFL,56,56,2,131.00,262.00
2019-01-23,2019012301004822,PFL,56,56,2,131.00,262.00
2019-01-23,2019012301004819,PFL,56,56,2,131.00,262.00
2019-01-23,2019012301004806,PFL,56,56,2,131.00,262.00
2019-01-23,2019012301004798,PFL,56,56,2,131.00,262.00
2019-01-23,2019012301004785,PFL,56,56,2,131.00,262.00
2019-01-23,2019012301004994,PIC,38,22,11,"1,054.00","11,594.00"
2019-01-23,2019012301004982,PIC,56,56,1,"1,050.00","1,050.00"
2019-01-23,2019012301004909,PIC,4,22,11,"1,053.00","11,583.00"
2019-01-23,2019012301004707,PIC,8,41,11,"1,056.00","11,616.00"
2019-01-23,2019012301004661,PIC,8,45,11,"1,056.00","11,616.00"
2019-01-23,2019012301004888,PIC,4,45,11,"1,053.00","11,583.00"
2019-01-23,2019012301004811,PIC,8,7,22,"1,056.00","23,232.00"
2019-01-23,2019012301004772,PIC,42,32,60,"1,055.00","63,300.00"
2019-01-23,2019012301004771,PIC,29,32,67,"1,055.00","70,685.00"
2019-01-23,2019012301004741,PIC,8,7,167,"1,056.00","176,352.00"
2019-01-23,2019012301004732,PIC,8,41,11,"1,056.00","11,616.00"
2019-01-23,2019012301004540,PICL,47,20,"1,164",710.00,"826,440.00"
2019-01-23,2019012301005012,PLIC,58,6,180,500.00,"90,000.00"
2019-01-23,2019012301004942,PLIC,43,6,20,500.00,"10,000.00"
2019-01-23,2019012301004941,PLIC,43,47,80,500.00,"40,000.00"
2019-01-23,2019012301004983,PMHPL,16,45,10,108.00,"1,080.00"
2019-01-23,2019012301004901,PMHPL,16,45,10,108.00,"1,080.00"
2019-01-23,2019012301004838,PMHPL,56,56,10,109.00,"1,090.00"
2019-01-23,2019012301004792,PMHPL,56,56,10,109.00,"1,090.00"
2019-01-23,2019012301004770,PMHPL,16,45,10,108.00,"1,080.00"
2019-01-23,2019012301004759,PMHPL,56,56,10,109.00,"1,090.00"
2019-01-23,2019012301004733,PMHPL,16,59,10,108.00,"1,080.00"
2019-01-23,2019012301004731,PMHPL,56,56,10,109.00,"1,090.00"
2019-01-23,2019012301004706,PMHPL,56,56,10,109.00,"1,090.00"
2019-01-23,2019012301004581,PMHPL,16,29,10,108.00,"1,080.00"
2019-01-23,2019012301004831,PRIN,28,20,443,450.00,"199,350.00"
2019-01-23,2019012301004736,PRIN,50,44,200,448.00,"89,600.00"
2019-01-23,2019012301004725,PRIN,33,44,75,449.00,"33,675.00"
2019-01-23,2019012301004724,PRIN,46,44,171,449.00,"76,779.00"
2019-01-23,2019012301004719,PRVU,58,58,200,242.00,"48,400.00"
2019-01-23,2019012301004644,PRVU,6,52,20,243.00,"4,860.00"
2019-01-23,2019012301004524,PRVU,42,52,500,243.00,"121,500.00"
2019-01-23,2019012301004660,RADHI,56,56,11,165.00,"1,815.00"
2019-01-23,2019012301004997,RRHP,56,56,10,101.00,"1,010.00"
2019-01-23,2019012301004951,RRHP,56,56,10,101.00,"1,010.00"
2019-01-23,2019012301004912,RRHP,56,56,10,101.00,"1,010.00"
2019-01-23,2019012301004881,RRHP,56,56,10,101.00,"1,010.00"
2019-01-23,2019012301004857,RRHP,58,49,10,100.00,"1,000.00"
2019-01-23,2019012301004561,SADBL,35,33,100,143.00,"14,300.00"
2019-01-23,2019012301004560,SADBL,4,33,90,143.00,"12,870.00"
2019-01-23,2019012301004686,SAEF,45,57,100,10.00,"1,000.00"
2019-01-23,2019012301004652,SAEF,45,45,100,9.85,985.00
2019-01-23,2019012301004628,SAEF,45,45,300,9.66,"2,898.00"
2019-01-23,2019012301004609,SAEF,45,45,200,9.48,"1,896.00"
2019-01-23,2019012301004594,SAEF,45,57,"1,000",9.30,"9,300.00"
2019-01-23,2019012301004572,SAEF,45,45,200,9.12,"1,824.00"
2019-01-23,2019012301004775,SANIMA,11,45,110,304.00,"33,440.00"
2019-01-23,2019012301004709,SANIMA,11,50,190,304.00,"57,760.00"
2019-01-23,2019012301004621,SANIMA,13,50,50,304.00,"15,200.00"
2019-01-23,2019012301004839,SCB,13,11,20,568.00,"11,360.00"
2019-01-23,2019012301004830,SCB,13,45,10,568.00,"5,680.00"
2019-01-23,2019012301004577,SCB,40,22,300,568.00,"170,400.00"
2019-01-23,2019012301004653,SCB,38,22,20,569.00,"11,380.00"
2019-01-23,2019012301004651,SCB,13,38,20,568.00,"11,360.00"
2019-01-23,2019012301004625,SCB,39,22,53,569.00,"30,157.00"
2019-01-23,2019012301004624,SCB,39,58,47,569.00,"26,743.00"
2019-01-23,2019012301004872,SDESI,33,45,100,620.00,"62,000.00"
2019-01-23,2019012301004900,SHPC,55,41,173,230.00,"39,790.00"
2019-01-23,2019012301004899,SHPC,55,41,200,230.00,"46,000.00"
2019-01-23,2019012301004898,SHPC,40,41,160,230.00,"36,800.00"
2019-01-23,2019012301004897,SHPC,11,41,300,231.00,"69,300.00"
2019-01-23,2019012301004896,SHPC,39,41,300,231.00,"69,300.00"
2019-01-23,2019012301005010,SICL,57,39,50,935.00,"46,750.00"
2019-01-23,2019012301004730,SICL,41,41,100,930.00,"93,000.00"
2019-01-23,2019012301004611,SICL,22,29,61,926.00,"56,486.00"
2019-01-23,2019012301004700,SIL,6,59,200,648.00,"129,600.00"
2019-01-23,2019012301004699,SIL,6,50,586,647.00,"379,142.00"
2019-01-23,2019012301004876,SKBBL,10,52,54,865.00,"46,710.00"
2019-01-23,2019012301004704,SKBBL,17,21,10,861.00,"8,610.00"
2019-01-23,2019012301004925,SLICL,56,41,34,555.00,"18,870.00"
2019-01-23,2019012301004924,SLICL,25,41,50,556.00,"27,800.00"
2019-01-23,2019012301004923,SLICL,56,41,62,556.00,"34,472.00"
2019-01-23,2019012301004922,SLICL,41,41,40,557.00,"22,280.00"
2019-01-23,2019012301004921,SLICL,39,41,14,557.00,"7,798.00"
2019-01-23,2019012301004810,SLICL,42,59,10,560.00,"5,600.00"
2019-01-23,2019012301004787,SLICL,39,14,21,557.00,"11,697.00"
2019-01-23,2019012301004666,SMB,55,45,10,647.00,"6,470.00"
2019-01-23,2019012301004911,SMFDB,53,21,10,714.00,"7,140.00"
2019-01-23,2019012301004718,SWBBL,21,48,50,855.00,"42,750.00"
2019-01-23,2019012301004815,TRH,14,1,500,251.00,"125,500.00"
2019-01-23,2019012301004703,TRH,17,50,270,250.00,"67,500.00"
2019-01-23,2019012301004986,UIC,41,58,100,800.00,"80,000.00"
2019-01-23,2019012301004684,UIC,41,21,200,800.00,"160,000.00"
2019-01-23,2019012301004683,UIC,41,1,100,800.00,"80,000.00"
2019-01-23,2019012301004682,UIC,41,37,50,800.00,"40,000.00"
2019-01-23,2019012301004681,UIC,41,42,20,795.00,"15,900.00"
2019-01-23,2019012301004680,UIC,41,49,50,790.00,"39,500.00"
2019-01-23,2019012301004886,UMHL,1,43,14,122.00,"1,708.00"
2019-01-23,2019012301004885,UMHL,1,43,200,122.00,"24,400.00"
2019-01-23,2019012301004884,UMHL,1,42,14,122.00,"1,708.00"
2019-01-23,2019012301004883,UMHL,1,42,14,122.00,"1,708.00"
2019-01-23,2019012301004667,UMHL,38,38,10,121.00,"1,210.00"
2019-01-23,2019012301005023,UPPER,53,19,40,278.00,"11,120.00"
2019-01-23,2019012301005019,UPPER,53,1,50,278.00,"13,900.00"
2019-01-23,2019012301005018,UPPER,53,19,50,278.00,"13,900.00"
2019-01-23,2019012301005017,UPPER,53,45,"2,610",278.00,"725,580.00"
2019-01-23,2019012301005015,UPPER,53,26,50,278.00,"13,900.00"
2019-01-23,2019012301005013,UPPER,53,33,40,278.00,"11,120.00"
2019-01-23,2019012301004537,UPPER,25,49,10,275.00,"2,750.00"
2019-01-23,2019012301004531,UPPER,25,59,50,275.00,"13,750.00"
2019-01-23,2019012301004530,UPPER,25,18,40,275.00,"11,000.00"
2019-01-23,2019012301004526,UPPER,25,22,40,275.00,"11,000.00"
2019-01-23,2019012301004525,UPPER,25,42,50,275.00,"13,750.00"
2019-01-23,2019012301004549,UPPER,57,40,40,275.00,"11,000.00"
2019-01-23,2019012301004548,UPPER,57,18,50,275.00,"13,750.00"
2019-01-23,2019012301004542,UPPER,57,42,40,275.00,"11,000.00"
2019-01-23,2019012301004541,UPPER,57,29,50,275.00,"13,750.00"
2019-01-23,2019012301004539,UPPER,57,38,50,275.00,"13,750.00"
2019-01-23,2019012301004538,UPPER,57,49,40,275.00,"11,000.00"
2019-01-23,2019012301004562,UPPER,38,4,155,275.00,"42,625.00"
2019-01-23,2019012301004558,UPPER,57,18,50,275.00,"13,750.00"
2019-01-23,2019012301004557,UPPER,57,38,40,275.00,"11,000.00"
2019-01-23,2019012301004554,UPPER,57,42,40,275.00,"11,000.00"
2019-01-23,2019012301004551,UPPER,57,59,50,275.00,"13,750.00"
2019-01-23,2019012301004550,UPPER,57,11,50,275.00,"13,750.00"
2019-01-23,2019012301004582,UPPER,25,57,270,276.00,"74,520.00"
2019-01-23,2019012301004580,UPPER,1,57,100,276.00,"27,600.00"
2019-01-23,2019012301004578,UPPER,38,18,50,275.00,"13,750.00"
2019-01-23,2019012301004573,UPPER,38,52,40,275.00,"11,000.00"
2019-01-23,2019012301004570,UPPER,38,10,"1,000",275.00,"275,000.00"
2019-01-23,2019012301004590,UPPER,38,42,10,275.00,"2,750.00"
2019-01-23,2019012301004589,UPPER,25,42,40,276.00,"11,040.00"
2019-01-23,2019012301004586,UPPER,25,18,40,276.00,"11,040.00"
2019-01-23,2019012301004585,UPPER,25,49,50,276.00,"13,800.00"
2019-01-23,2019012301004584,UPPER,25,40,50,276.00,"13,800.00"
2019-01-23,2019012301004583,UPPER,25,18,50,276.00,"13,800.00"
2019-01-23,2019012301004602,UPPER,38,45,50,275.00,"13,750.00"
2019-01-23,2019012301004599,UPPER,38,11,50,275.00,"13,750.00"
2019-01-23,2019012301004598,UPPER,38,48,40,275.00,"11,000.00"
2019-01-23,2019012301004597,UPPER,25,48,10,277.00,"2,770.00"
2019-01-23,2019012301004595,UPPER,25,18,40,277.00,"11,080.00"
2019-01-23,2019012301004592,UPPER,25,42,50,277.00,"13,850.00"
2019-01-23,2019012301004616,UPPER,38,18,50,275.00,"13,750.00"
2019-01-23,2019012301004613,UPPER,38,11,40,275.00,"11,000.00"
2019-01-23,2019012301004612,UPPER,25,52,20,278.00,"5,560.00"
2019-01-23,2019012301004608,UPPER,25,38,40,278.00,"11,120.00"
2019-01-23,2019012301004607,UPPER,25,59,40,277.00,"11,080.00"
2019-01-23,2019012301004605,UPPER,38,6,40,275.00,"11,000.00"
2019-01-23,2019012301004643,UPPER,38,48,40,275.00,"11,000.00"
2019-01-23,2019012301004641,UPPER,38,11,40,275.00,"11,000.00"
2019-01-23,2019012301004639,UPPER,38,43,40,275.00,"11,000.00"
2019-01-23,2019012301004637,UPPER,38,25,50,275.00,"13,750.00"
2019-01-23,2019012301004627,UPPER,38,11,40,275.00,"11,000.00"
2019-01-23,2019012301004617,UPPER,38,48,50,275.00,"13,750.00"
2019-01-23,2019012301004674,UPPER,38,48,35,275.00,"9,625.00"
2019-01-23,2019012301004665,UPPER,38,11,50,275.00,"13,750.00"
2019-01-23,2019012301004656,UPPER,38,48,50,275.00,"13,750.00"
2019-01-23,2019012301004650,UPPER,38,11,40,275.00,"11,000.00"
2019-01-23,2019012301004645,UPPER,38,14,40,275.00,"11,000.00"
2019-01-23,2019012301004711,UPPER,59,57,50,275.00,"13,750.00"
2019-01-23,2019012301004701,UPPER,59,59,50,275.00,"13,750.00"
2019-01-23,2019012301004688,UPPER,26,8,28,276.00,"7,728.00"
2019-01-23,2019012301004687,UPPER,26,17,72,276.00,"19,872.00"
2019-01-23,2019012301004679,UPPER,59,52,50,275.00,"13,750.00"
2019-01-23,2019012301004721,UPPER,59,4,204,275.00,"56,100.00"
2019-01-23,2019012301004720,UPPER,59,34,50,275.00,"13,750.00"
2019-01-23,2019012301004717,UPPER,42,52,48,276.00,"13,248.00"
2019-01-23,2019012301004716,UPPER,42,8,40,276.00,"11,040.00"
2019-01-23,2019012301004715,UPPER,42,8,12,276.00,"3,312.00"
2019-01-23,2019012301004765,UPPER,50,52,30,276.00,"8,280.00"
2019-01-23,2019012301004758,UPPER,59,5,30,275.00,"8,250.00"
2019-01-23,2019012301004740,UPPER,56,50,500,275.00,"137,500.00"
2019-01-23,2019012301004728,UPPER,59,59,50,275.00,"13,750.00"
2019-01-23,2019012301004727,UPPER,59,34,50,275.00,"13,750.00"
2019-01-23,2019012301004782,UPPER,38,59,50,278.00,"13,900.00"
2019-01-23,2019012301004781,UPPER,38,59,50,278.00,"13,900.00"
2019-01-23,2019012301004780,UPPER,38,41,50,277.00,"13,850.00"
2019-01-23,2019012301004776,UPPER,59,45,40,275.00,"11,000.00"
2019-01-23,2019012301004767,UPPER,50,18,42,276.00,"11,592.00"
2019-01-23,2019012301004766,UPPER,50,57,40,276.00,"11,040.00"
2019-01-23,2019012301004796,UPPER,19,18,40,276.00,"11,040.00"
2019-01-23,2019012301004795,UPPER,38,45,60,279.00,"16,740.00"
2019-01-23,2019012301004791,UPPER,19,40,10,276.00,"2,760.00"
2019-01-23,2019012301004786,UPPER,59,5,30,275.00,"8,250.00"
2019-01-23,2019012301004784,UPPER,59,18,40,275.00,"11,000.00"
2019-01-23,2019012301004783,UPPER,38,41,40,278.00,"11,120.00"
2019-01-23,2019012301004809,UPPER,59,18,15,275.00,"4,125.00"
2019-01-23,2019012301004808,UPPER,19,18,10,276.00,"2,760.00"
2019-01-23,2019012301004807,UPPER,42,18,25,277.00,"6,925.00"
2019-01-23,2019012301004805,UPPER,38,56,20,278.00,"5,560.00"
2019-01-23,2019012301004799,UPPER,19,45,40,276.00,"11,040.00"
2019-01-23,2019012301004832,UPPER,17,36,50,277.00,"13,850.00"
2019-01-23,2019012301004828,UPPER,35,18,40,276.00,"11,040.00"
2019-01-23,2019012301004825,UPPER,35,45,40,276.00,"11,040.00"
2019-01-23,2019012301004821,UPPER,35,18,40,276.00,"11,040.00"
2019-01-23,2019012301004817,UPPER,35,18,50,276.00,"13,800.00"
2019-01-23,2019012301004816,UPPER,35,45,40,276.00,"11,040.00"
2019-01-23,2019012301004843,UPPER,53,18,40,276.00,"11,040.00"
2019-01-23,2019012301004842,UPPER,36,11,10,276.00,"2,760.00"
2019-01-23,2019012301004841,UPPER,35,11,10,276.00,"2,760.00"
2019-01-23,2019012301004835,UPPER,35,39,40,276.00,"11,040.00"
2019-01-23,2019012301004834,UPPER,35,18,40,276.00,"11,040.00"
2019-01-23,2019012301004833,UPPER,17,36,50,277.00,"13,850.00"
2019-01-23,2019012301004851,UPPER,25,42,50,278.00,"13,900.00"
2019-01-23,2019012301004850,UPPER,25,38,40,278.00,"11,120.00"
2019-01-23,2019012301004849,UPPER,25,56,20,278.00,"5,560.00"
2019-01-23,2019012301004848,UPPER,59,37,50,277.00,"13,850.00"
2019-01-23,2019012301004847,UPPER,59,22,50,277.00,"13,850.00"
2019-01-23,2019012301004844,UPPER,59,36,50,277.00,"13,850.00"
2019-01-23,2019012301004869,UPPER,59,8,50,277.00,"13,850.00"
2019-01-23,2019012301004868,UPPER,25,45,40,279.00,"11,160.00"
2019-01-23,2019012301004865,UPPER,59,37,50,277.00,"13,850.00"
2019-01-23,2019012301004864,UPPER,59,18,40,277.00,"11,080.00"
2019-01-23,2019012301004858,UPPER,59,18,50,277.00,"13,850.00"
2019-01-23,2019012301004852,UPPER,25,38,40,278.00,"11,120.00"
2019-01-23,2019012301004887,UPPER,59,38,40,278.00,"11,120.00"
2019-01-23,2019012301004880,UPPER,59,18,40,277.00,"11,080.00"
2019-01-23,2019012301004879,UPPER,59,8,50,277.00,"13,850.00"
2019-01-23,2019012301004877,UPPER,59,37,10,277.00,"2,770.00"
2019-01-23,2019012301004871,UPPER,59,18,40,277.00,"11,080.00"
2019-01-23,2019012301004870,UPPER,59,37,10,277.00,"2,770.00"
2019-01-23,2019012301004915,UPPER,59,45,50,278.00,"13,900.00"
2019-01-23,2019012301004914,UPPER,25,45,100,279.00,"27,900.00"
2019-01-23,2019012301004910,UPPER,59,35,40,278.00,"11,120.00"
2019-01-23,2019012301004906,UPPER,59,8,50,278.00,"13,900.00"
2019-01-23,2019012301004902,UPPER,59,37,50,278.00,"13,900.00"
2019-01-23,2019012301004895,UPPER,59,22,40,278.00,"11,120.00"
2019-01-23,2019012301004931,UPPER,59,53,490,278.00,"136,220.00"
2019-01-23,2019012301004928,UPPER,59,22,50,278.00,"13,900.00"
2019-01-23,2019012301004927,UPPER,59,17,40,278.00,"11,120.00"
2019-01-23,2019012301004926,UPPER,59,38,50,278.00,"13,900.00"
2019-01-23,2019012301004919,UPPER,59,8,50,278.00,"13,900.00"
2019-01-23,2019012301004918,UPPER,59,37,50,278.00,"13,900.00"
2019-01-23,2019012301004958,UPPER,50,59,40,277.00,"11,080.00"
2019-01-23,2019012301004956,UPPER,53,37,30,276.00,"8,280.00"
2019-01-23,2019012301004955,UPPER,25,37,20,277.00,"5,540.00"
2019-01-23,2019012301004944,UPPER,7,53,60,278.00,"16,680.00"
2019-01-23,2019012301004940,UPPER,25,37,30,277.00,"8,310.00"
2019-01-23,2019012301004939,UPPER,59,37,10,277.00,"2,770.00"
2019-01-23,2019012301004966,UPPER,53,1,40,278.00,"11,120.00"
2019-01-23,2019012301004965,UPPER,53,37,50,278.00,"13,900.00"
2019-01-23,2019012301004962,UPPER,53,1,40,278.00,"11,120.00"
2019-01-23,2019012301004961,UPPER,53,42,40,278.00,"11,120.00"
2019-01-23,2019012301004960,UPPER,53,53,"1,220",278.00,"339,160.00"
2019-01-23,2019012301004959,UPPER,50,53,230,278.00,"63,940.00"
2019-01-23,2019012301004996,UPPER,53,1,50,278.00,"13,900.00"
2019-01-23,2019012301004977,UPPER,53,1,50,278.00,"13,900.00"
2019-01-23,2019012301004976,UPPER,25,19,37,279.00,"10,323.00"
2019-01-23,2019012301004975,UPPER,25,17,50,279.00,"13,950.00"
2019-01-23,2019012301004974,UPPER,25,45,13,279.00,"3,627.00"
2019-01-23,2019012301004969,UPPER,53,22,40,278.00,"11,120.00"
2019-01-23,2019012301005011,UPPER,25,29,100,280.00,"28,000.00"
2019-01-23,2019012301005008,UPPER,53,22,50,278.00,"13,900.00"
2019-01-23,2019012301005001,UPPER,1,17,50,279.00,"13,950.00"
2019-01-23,2019012301005000,UPPER,1,43,50,279.00,"13,950.00"
2019-01-23,2019012301004999,UPPER,1,17,50,279.00,"13,950.00"
2019-01-23,2019012301004998,UPPER,1,19,963,279.00,"268,677.00"
2019-01-23,2019012301004587,VLBS,1,35,26,699.00,"18,174.00"
2019-01-23,2019012301004236,ADBL,29,40,23,344.00,"7,912.00"
2019-01-23,2019012301004204,AHPC,38,13,150,103.00,"15,450.00"
2019-01-23,2019012301004469,ALICL,48,34,26,620.00,"16,120.00"
2019-01-23,2019012301004464,AMFI,1,45,10,713.00,"7,130.00"
2019-01-23,2019012301004250,AMFI,38,38,10,714.00,"7,140.00"
2019-01-23,2019012301004506,API,47,25,850,146.00,"124,100.00"
2019-01-23,2019012301004114,API,25,58,50,148.00,"7,400.00"
2019-01-23,2019012301004113,API,25,40,50,147.00,"7,350.00"
2019-01-23,2019012301004057,API,48,58,40,147.00,"5,880.00"
2019-01-23,2019012301004492,BARUN,6,50,10,105.00,"1,050.00"
2019-01-23,2019012301004373,BARUN,6,50,10,105.00,"1,050.00"
2019-01-23,2019012301004184,BBC,28,42,10,"1,748.00","17,480.00"
2019-01-23,2019012301004338,BHBL,4,26,14,143.00,"2,002.00"
2019-01-23,2019012301004337,BHBL,4,39,86,140.00,"12,040.00"
2019-01-23,2019012301004522,BOKL,51,49,100,256.00,"25,600.00"
2019-01-23,2019012301004478,BOKL,11,40,35,256.00,"8,960.00"
2019-01-23,2019012301004477,BOKL,11,49,200,256.00,"51,200.00"
2019-01-23,2019012301004382,BOKL,54,49,300,256.00,"76,800.00"
2019-01-23,2019012301004510,BPCL,11,28,300,366.00,"109,800.00"
2019-01-23,2019012301004308,BPCL,58,28,245,366.00,"89,670.00"
2019-01-23,2019012301004335,CBBL,58,36,50,885.00,"44,250.00"
2019-01-23,2019012301004058,CBBL,58,21,604,888.00,"536,352.00"
2019-01-23,2019012301004508,CBL,58,20,580,160.00,"92,800.00"
2019-01-23,2019012301004507,CBL,58,20,140,161.00,"22,540.00"
2019-01-23,2019012301004488,CBL,58,20,"1,259",161.00,"202,699.00"
2019-01-23,2019012301004458,CBL,58,20,"3,601",161.00,"579,761.00"
2019-01-23,2019012301004296,CBL,58,47,500,162.00,"81,000.00"
2019-01-23,2019012301004295,CBL,58,58,500,162.00,"81,000.00"
2019-01-23,2019012301004059,CBL,34,25,202,161.00,"32,522.00"
2019-01-23,2019012301004103,CBL,58,44,702,161.00,"113,022.00"
2019-01-23,2019012301004099,CBL,58,6,21,160.00,"3,360.00"
2019-01-23,2019012301004094,CBL,58,6,360,160.00,"57,600.00"
2019-01-23,2019012301004087,CBL,58,6,100,160.00,"16,000.00"
2019-01-23,2019012301004074,CBL,34,44,200,161.00,"32,200.00"
2019-01-23,2019012301004060,CBL,34,44,98,161.00,"15,778.00"
2019-01-23,2019012301004294,CBL,58,16,"1,990",162.00,"322,380.00"
2019-01-23,2019012301004293,CBL,58,35,500,162.00,"81,000.00"
2019-01-23,2019012301004150,CBL,58,13,904,161.00,"145,544.00"
2019-01-23,2019012301004139,CBL,53,13,96,161.00,"15,456.00"
2019-01-23,2019012301004138,CBL,53,17,54,161.00,"8,694.00"
2019-01-23,2019012301004104,CBL,58,17,298,161.00,"47,978.00"
2019-01-23,2019012301004411,CCBL,39,6,121,172.00,"20,812.00"
2019-01-23,2019012301004410,CCBL,39,7,879,172.00,"151,188.00"
2019-01-23,2019012301004032,CCBL,44,42,300,171.00,"51,300.00"
2019-01-23,2019012301004298,CIT,4,4,19,"2,612.00","49,628.00"
2019-01-23,2019012301004199,CIT,4,4,71,"2,614.00","185,594.00"
2019-01-23,2019012301004198,CIT,4,50,19,"2,610.00","49,590.00"
2019-01-23,2019012301004371,CZBIL,58,41,500,213.00,"106,500.00"
2019-01-23,2019012301004370,CZBIL,58,51,97,213.00,"20,661.00"
2019-01-23,2019012301004346,CZBIL,13,51,29,213.00,"6,177.00"
2019-01-23,2019012301004345,CZBIL,13,40,435,213.00,"92,655.00"
2019-01-23,2019012301004310,CZBIL,45,40,100,213.00,"21,300.00"
2019-01-23,2019012301004196,CZBIL,52,40,100,213.00,"21,300.00"
2019-01-23,2019012301004174,CZBIL,52,40,100,213.00,"21,300.00"
2019-01-23,2019012301004118,CZBIL,49,5,100,212.00,"21,200.00"
2019-01-23,2019012301004460,DBBL,56,21,190,126.00,"23,940.00"
2019-01-23,2019012301004485,EBL,42,49,20,530.00,"10,600.00"
2019-01-23,2019012301004484,EBL,1,49,204,530.00,"108,120.00"
2019-01-23,2019012301004483,EBL,51,49,20,531.00,"10,620.00"
2019-01-23,2019012301004286,EBL,1,47,796,530.00,"421,880.00"
2019-01-23,2019012301004285,EBL,25,49,136,527.00,"71,672.00"
2019-01-23,2019012301004284,EBL,22,49,327,527.00,"172,329.00"
2019-01-23,2019012301004283,EBL,43,49,50,528.00,"26,400.00"
2019-01-23,2019012301004282,EBL,14,49,52,528.00,"27,456.00"
2019-01-23,2019012301004281,EBL,4,49,40,528.00,"21,120.00"
2019-01-23,2019012301004280,EBL,57,49,100,528.00,"52,800.00"
2019-01-23,2019012301004279,EBL,11,49,25,528.00,"13,200.00"
2019-01-23,2019012301004115,EBL,39,13,50,529.00,"26,450.00"
2019-01-23,2019012301004185,EIC,42,17,10,855.00,"8,550.00"
2019-01-23,2019012301004493,FMDBL,40,6,20,383.00,"7,660.00"
2019-01-23,2019012301004097,GBBL,4,13,29,186.00,"5,394.00"
2019-01-23,2019012301004312,GBLBS,16,45,10,456.00,"4,560.00"
2019-01-23,2019012301004265,GBLBS,46,38,310,448.00,"138,880.00"
2019-01-23,2019012301004264,GBLBS,46,41,550,448.00,"246,400.00"
2019-01-23,2019012301004263,GBLBS,46,49,10,448.00,"4,480.00"
2019-01-23,2019012301004262,GBLBS,46,1,34,448.00,"15,232.00"
2019-01-23,2019012301004261,GBLBS,46,19,100,447.00,"44,700.00"
2019-01-23,2019012301004035,GBLBS,13,38,10,442.00,"4,420.00"
2019-01-23,2019012301004034,GBLBS,13,6,10,441.00,"4,410.00"
2019-01-23,2019012301004260,GBLBS,46,42,10,445.00,"4,450.00"
2019-01-23,2019012301004259,GBLBS,46,4,10,445.00,"4,450.00"
2019-01-23,2019012301004258,GBLBS,46,45,10,445.00,"4,450.00"
2019-01-23,2019012301004038,GBLBS,13,58,500,444.00,"222,000.00"
2019-01-23,2019012301004037,GBLBS,13,55,10,444.00,"4,440.00"
2019-01-23,2019012301004036,GBLBS,13,42,20,444.00,"8,880.00"
2019-01-23,2019012301004237,GDBL,50,56,23,188.00,"4,324.00"
2019-01-23,2019012301004389,GLICL,44,48,654,711.00,"464,994.00"
2019-01-23,2019012301004388,GLICL,50,48,49,715.00,"35,035.00"
2019-01-23,2019012301004231,GLICL,11,22,30,716.00,"21,480.00"
2019-01-23,2019012301004311,GRDBL,43,42,200,107.00,"21,400.00"
2019-01-23,2019012301004384,GUFL,51,58,"1,000",105.00,"105,000.00"
2019-01-23,2019012301004383,GUFL,57,58,400,105.00,"42,000.00"
2019-01-23,2019012301004374,GUFL,57,1,500,105.00,"52,500.00"
2019-01-23,2019012301004353,GUFL,57,52,200,105.00,"21,000.00"
2019-01-23,2019012301004340,GUFL,57,52,200,105.00,"21,000.00"
2019-01-23,2019012301004319,GUFL,57,52,200,105.00,"21,000.00"
2019-01-23,2019012301004463,HATH,4,56,25,127.00,"3,175.00"
2019-01-23,2019012301004439,HATH,4,13,120,125.00,"15,000.00"
2019-01-23,2019012301004406,HATH,4,4,10,123.00,"1,230.00"
2019-01-23,2019012301004190,HIDCL,4,51,100,147.00,"14,700.00"
2019-01-23,2019012301004189,HIDCL,4,52,79,147.00,"11,613.00"
2019-01-23,2019012301004188,HIDCL,4,45,29,146.00,"4,234.00"
2019-01-23,2019012301004509,ICFC,19,22,100,156.00,"15,600.00"
2019-01-23,2019012301004165,IGI,45,35,50,452.00,"22,600.00"
2019-01-23,2019012301004326,JBBL,25,58,200,141.00,"28,200.00"
2019-01-23,2019012301004242,JBBL,58,14,200,140.00,"28,000.00"
2019-01-23,2019012301004136,JBBL,58,47,200,140.00,"28,000.00"
2019-01-23,2019012301004451,JBNL,35,48,158,168.00,"26,544.00"
2019-01-23,2019012301004450,JBNL,35,48,158,168.00,"26,544.00"
2019-01-23,2019012301004449,JBNL,35,48,158,168.00,"26,544.00"
2019-01-23,2019012301004448,JBNL,35,48,158,168.00,"26,544.00"
2019-01-23,2019012301004447,JBNL,35,17,425,168.00,"71,400.00"
2019-01-23,2019012301004177,JBNL,32,17,500,168.00,"84,000.00"
2019-01-23,2019012301004124,JBNL,39,5,100,167.00,"16,700.00"
2019-01-23,2019012301004028,JBNL,22,17,75,168.00,"12,600.00"
2019-01-23,2019012301004027,JBNL,22,17,225,168.00,"37,800.00"
2019-01-23,2019012301004481,JSLBB,26,41,14,"2,672.00","37,408.00"
2019-01-23,2019012301004480,JSLBB,26,10,32,"2,672.00","85,504.00"
2019-01-23,2019012301004367,JSLBB,16,10,30,"2,672.00","80,160.00"
2019-01-23,2019012301004192,KBL,17,26,220,250.00,"55,000.00"
2019-01-23,2019012301004148,KBL,54,26,280,250.00,"70,000.00"
2019-01-23,2019012301004172,KPCL,44,56,10,98.00,980.00
2019-01-23,2019012301004200,KPCL,44,56,10,98.00,980.00
2019-01-23,2019012301004229,KPCL,44,56,10,98.00,980.00
2019-01-23,2019012301004325,KPCL,44,21,10,98.00,980.00
2019-01-23,2019012301004407,KPCL,25,29,10,98.00,980.00
2019-01-23,2019012301004443,KPCL,38,38,10,99.00,990.00
2019-01-23,2019012301004195,KRBL,48,25,562,99.00,"55,638.00"
2019-01-23,2019012301004194,KRBL,17,25,38,99.00,"3,762.00"
2019-01-23,2019012301004305,LBBL,28,1,100,176.00,"17,600.00"
2019-01-23,2019012301004304,LBBL,53,1,100,176.00,"17,600.00"
2019-01-23,2019012301004149,LBBL,39,34,200,177.00,"35,400.00"
2019-01-23,2019012301004275,LBL,50,53,19,220.00,"4,180.00"
2019-01-23,2019012301004274,LBL,1,53,50,220.00,"11,000.00"
2019-01-23,2019012301004273,LBL,17,53,100,220.00,"22,000.00"
2019-01-23,2019012301004272,LBL,7,53,90,220.00,"19,800.00"
2019-01-23,2019012301004271,LBL,19,53,100,221.00,"22,100.00"
2019-01-23,2019012301004055,LBL,6,41,25,222.00,"5,550.00"
2019-01-23,2019012301004054,LBL,4,41,115,222.00,"25,530.00"
2019-01-23,2019012301004053,LBL,34,41,94,222.00,"20,868.00"
2019-01-23,2019012301004270,LBL,56,53,100,221.00,"22,100.00"
2019-01-23,2019012301004269,LBL,53,53,50,222.00,"11,100.00"
2019-01-23,2019012301004161,LBL,4,49,270,222.00,"59,940.00"
2019-01-23,2019012301004160,LBL,40,49,224,222.00,"49,728.00"
2019-01-23,2019012301004093,LBL,13,53,50,223.00,"11,150.00"
2019-01-23,2019012301004056,LBL,40,41,76,222.00,"16,872.00"
2019-01-23,2019012301004254,LGIL,29,53,81,546.00,"44,226.00"
2019-01-23,2019012301004253,LGIL,29,33,21,546.00,"11,466.00"
2019-01-23,2019012301004252,LGIL,29,43,148,545.00,"80,660.00"
2019-01-23,2019012301004029,LICN,59,28,20,"1,765.00","35,300.00"
2019-01-23,2019012301004438,LVF1,45,22,568,10.10,"5,736.80"
2019-01-23,2019012301004437,LVF1,45,33,"4,432",9.81,"43,477.92"
2019-01-23,2019012301004244,LVF1,8,33,"1,000",9.81,"9,810.00"
2019-01-23,2019012301004243,LVF1,11,33,"1,000",9.85,"9,850.00"
2019-01-23,2019012301004489,MBL,43,39,500,210.00,"105,000.00"
2019-01-23,2019012301004434,MBL,49,39,"10,000",210.00,"2,100,000.00"
2019-01-23,2019012301004424,MBL,14,39,500,210.00,"105,000.00"
2019-01-23,2019012301004423,MBL,51,39,200,210.00,"42,000.00"
2019-01-23,2019012301004422,MBL,32,39,200,210.00,"42,000.00"
2019-01-23,2019012301004421,MBL,13,39,35,210.00,"7,350.00"
2019-01-23,2019012301004420,MBL,53,39,50,210.00,"10,500.00"
2019-01-23,2019012301004419,MBL,33,39,200,210.00,"42,000.00"
2019-01-23,2019012301004418,MBL,34,39,200,210.00,"42,000.00"
2019-01-23,2019012301004314,MBL,14,17,300,211.00,"63,300.00"
2019-01-23,2019012301004183,MBL,47,39,"2,000",211.00,"422,000.00"
2019-01-23,2019012301004511,MEGA,48,35,253,167.00,"42,251.00"
2019-01-23,2019012301004307,MEGA,53,35,50,167.00,"8,350.00"
2019-01-23,2019012301004306,MEGA,34,35,197,167.00,"32,899.00"
2019-01-23,2019012301004380,MERO,44,45,20,"1,108.00","22,160.00"
2019-01-23,2019012301004379,MERO,44,45,10,"1,108.00","11,080.00"
2019-01-23,2019012301004378,MERO,39,45,235,"1,108.00","260,380.00"
2019-01-23,2019012301004377,MERO,43,45,10,"1,110.00","11,100.00"
2019-01-23,2019012301004376,MERO,32,45,34,"1,110.00","37,740.00"
2019-01-23,2019012301004096,MLBBL,38,41,29,635.00,"18,415.00"
2019-01-23,2019012301004040,MLBL,32,35,441,172.00,"75,852.00"
2019-01-23,2019012301004039,MLBL,32,55,59,171.00,"10,089.00"
2019-01-23,2019012301004461,MMFDB,35,35,30,"1,000.00","30,000.00"
2019-01-23,2019012301004503,NABIL,6,6,25,840.00,"21,000.00"
2019-01-23,2019012301004502,NABIL,55,6,50,840.00,"42,000.00"
2019-01-23,2019012301004501,NABIL,58,6,25,840.00,"21,000.00"
2019-01-23,2019012301004500,NABIL,52,6,225,840.00,"189,000.00"
2019-01-23,2019012301004499,NABIL,20,6,50,840.00,"42,000.00"
2019-01-23,2019012301004498,NABIL,47,6,15,840.00,"12,600.00"
2019-01-23,2019012301004497,NABIL,32,6,25,840.00,"21,000.00"
2019-01-23,2019012301004496,NABIL,50,6,50,840.00,"42,000.00"
2019-01-23,2019012301004495,NABIL,35,6,10,840.00,"8,400.00"
2019-01-23,2019012301004475,NABIL,22,13,200,841.00,"168,200.00"
2019-01-23,2019012301004474,NABIL,4,13,60,842.00,"50,520.00"
2019-01-23,2019012301004473,NABIL,4,13,20,842.00,"16,840.00"
2019-01-23,2019012301004287,NADEP,16,45,10,788.00,"7,880.00"
2019-01-23,2019012301004234,NADEP,16,45,10,788.00,"7,880.00"
2019-01-23,2019012301004197,NBB,11,33,200,188.00,"37,600.00"
2019-01-23,2019012301004153,NBB,6,5,55,186.00,"10,230.00"
2019-01-23,2019012301004152,NBB,4,5,45,187.00,"8,415.00"
2019-01-23,2019012301004452,NBBL,10,18,117,745.00,"87,165.00"
2019-01-23,2019012301004299,NBBL,21,18,20,736.00,"14,720.00"
2019-01-23,2019012301004518,NBL,1,32,150,292.00,"43,800.00"
2019-01-23,2019012301004428,NBL,1,34,350,292.00,"102,200.00"
2019-01-23,2019012301004427,NBL,47,34,650,292.00,"189,800.00"
2019-01-23,2019012301004321,NBL,47,38,"1,000",292.00,"292,000.00"
2019-01-23,2019012301004191,NBL,47,1,350,292.00,"102,200.00"
2019-01-23,2019012301004098,NBL,34,46,500,292.00,"146,000.00"
2019-01-23,2019012301004471,NCCB,40,36,100,215.00,"21,500.00"
2019-01-23,2019012301004182,NCCB,46,36,400,215.00,"86,000.00"
2019-01-23,2019012301004436,NIB,4,1,50,539.00,"26,950.00"
2019-01-23,2019012301004405,NIB,1,34,300,538.00,"161,400.00"
2019-01-23,2019012301004347,NIB,51,1,20,539.00,"10,780.00"
2019-01-23,2019012301004309,NIB,1,56,37,538.00,"19,906.00"
2019-01-23,2019012301004144,NICA,43,57,980,392.00,"384,160.00"
2019-01-23,2019012301004143,NICA,22,57,49,392.00,"19,208.00"
2019-01-23,2019012301004142,NICA,1,57,106,393.00,"41,658.00"
2019-01-23,2019012301004141,NICA,34,57,65,394.00,"25,610.00"
2019-01-23,2019012301004090,NICL,41,37,"1,000",572.00,"572,000.00"
2019-01-23,2019012301004180,NLG,44,48,107,872.00,"93,304.00"
2019-01-23,2019012301004179,NLG,44,34,43,871.00,"37,453.00"
2019-01-23,2019012301004147,NLG,58,48,10,872.00,"8,720.00"
2019-01-23,2019012301004146,NLG,58,42,315,855.00,"269,325.00"
2019-01-23,2019012301004123,NLG,58,42,10,855.00,"8,550.00"
2019-01-23,2019012301004122,NLG,58,40,60,854.00,"51,240.00"
2019-01-23,2019012301004121,NLG,58,25,180,853.00,"153,540.00"
2019-01-23,2019012301004120,NLG,58,13,50,852.00,"42,600.00"
2019-01-23,2019012301004435,NLICL,34,28,388,690.00,"267,720.00"
2019-01-23,2019012301004266,NLICL,48,28,250,690.00,"172,500.00"
2019-01-23,2019012301004063,NLICL,58,28,80,690.00,"55,200.00"
2019-01-23,2019012301004062,NLICL,58,35,20,688.00,"13,760.00"
2019-01-23,2019012301004107,NMB,42,17,150,320.00,"48,000.00"
2019-01-23,2019012301004106,NMB,42,13,100,320.00,"32,000.00"
2019-01-23,2019012301004105,NMB,42,33,200,320.00,"64,000.00"
2019-01-23,2019012301004453,NNLB,32,55,10,608.00,"6,080.00"
2019-01-23,2019012301004409,NSEWA,38,14,100,609.00,"60,900.00"
2019-01-23,2019012301004332,NSEWA,47,13,10,612.00,"6,120.00"
2019-01-23,2019012301004331,NSEWA,47,45,10,611.00,"6,110.00"
2019-01-23,2019012301004454,NUBL,17,14,75,788.00,"59,100.00"
2019-01-23,2019012301004249,NUBL,16,34,"1,000",787.00,"787,000.00"
2019-01-23,2019012301004166,OHL,55,28,74,441.00,"32,634.00"
2019-01-23,2019012301004145,OHL,55,28,74,441.00,"32,634.00"
2019-01-23,2019012301004523,PICL,47,20,"2,000",710.00,"1,420,000.00"
2019-01-23,2019012301004516,PICL,33,48,20,708.00,"14,160.00"
2019-01-23,2019012301004515,PICL,48,48,50,709.00,"35,450.00"
2019-01-23,2019012301004514,PICL,40,48,50,709.00,"35,450.00"
2019-01-23,2019012301004417,PICL,56,20,11,710.00,"7,810.00"
2019-01-23,2019012301004416,PICL,45,20,500,711.00,"355,500.00"
2019-01-23,2019012301004415,PICL,4,20,75,712.00,"53,400.00"
2019-01-23,2019012301004414,PICL,4,20,30,712.00,"21,360.00"
2019-01-23,2019012301004494,PMHPL,25,21,10,108.00,"1,080.00"
2019-01-23,2019012301004462,PMHPL,25,21,10,108.00,"1,080.00"
2019-01-23,2019012301004425,PMHPL,25,21,10,108.00,"1,080.00"
2019-01-23,2019012301004397,PMHPL,25,29,10,108.00,"1,080.00"
2019-01-23,2019012301004350,PMHPL,25,43,10,108.00,"1,080.00"
2019-01-23,2019012301004341,PMHPL,25,43,10,108.00,"1,080.00"
2019-01-23,2019012301004330,PMHPL,25,43,10,108.00,"1,080.00"
2019-01-23,2019012301004238,PMHPL,25,56,10,108.00,"1,080.00"
2019-01-23,2019012301004202,PMHPL,25,56,10,108.00,"1,080.00"
2019-01-23,2019012301004178,PMHPL,25,56,10,108.00,"1,080.00"
2019-01-23,2019012301004108,PMHPL,10,41,10,108.00,"1,080.00"
2019-01-23,2019012301004026,PMHPL,10,45,10,108.00,"1,080.00"
2019-01-23,2019012301004455,PRIN,49,20,100,450.00,"45,000.00"
2019-01-23,2019012301004394,PRIN,45,20,100,450.00,"45,000.00"
2019-01-23,2019012301004393,PRIN,1,20,200,450.00,"90,000.00"
2019-01-23,2019012301004392,PRIN,21,20,10,452.00,"4,520.00"
2019-01-23,2019012301004391,PRIN,4,20,110,453.00,"49,830.00"
2019-01-23,2019012301004519,PRVU,40,52,30,243.00,"7,290.00"
2019-01-23,2019012301004357,RADHI,41,21,11,164.00,"1,804.00"
2019-01-23,2019012301004233,RADHI,41,42,11,165.00,"1,815.00"
2019-01-23,2019012301004232,RADHI,41,42,11,165.00,"1,815.00"
2019-01-23,2019012301004228,RBCL,35,50,40,"9,400.00","376,000.00"
2019-01-23,2019012301004041,RBCLPO,34,55,37,"8,750.00","323,750.00"
2019-01-23,2019012301004442,RSDC,42,17,20,390.00,"7,800.00"
2019-01-23,2019012301004092,SADBL,4,41,260,143.00,"37,180.00"
2019-01-23,2019012301004091,SADBL,4,41,140,143.00,"20,020.00"
2019-01-23,2019012301004315,SAEF,38,32,"2,000",9.12,"18,240.00"
2019-01-23,2019012301004430,SANIMA,43,50,100,304.00,"30,400.00"
2019-01-23,2019012301004362,SANIMA,43,50,100,304.00,"30,400.00"
2019-01-23,2019012301004355,SANIMA,17,50,50,304.00,"15,200.00"
2019-01-23,2019012301004444,SBL,43,38,100,291.00,"29,100.00"
2019-01-23,2019012301004206,SCB,14,58,30,569.00,"17,070.00"
2019-01-23,2019012301004205,SCB,13,58,50,569.00,"28,450.00"
2019-01-23,2019012301004031,SDESI,33,13,23,624.00,"14,352.00"
2019-01-23,2019012301004219,SEOS,5,33,"29,489",9.75,"287,517.75"
2019-01-23,2019012301004247,SHPC,1,19,419,232.00,"97,208.00"
2019-01-23,2019012301004246,SHPC,1,6,41,231.00,"9,471.00"
2019-01-23,2019012301004171,SHPC,40,13,20,230.00,"4,600.00"
2019-01-23,2019012301004387,SIC,16,40,20,"1,340.00","26,800.00"
2019-01-23,2019012301004487,SICL,41,34,17,920.00,"15,640.00"
2019-01-23,2019012301004256,SLBBL,58,42,30,543.00,"16,290.00"
2019-01-23,2019012301004257,SLBBL,58,1,10,545.00,"5,450.00"
2019-01-23,2019012301004159,SMATA,22,34,18,"1,220.00","21,960.00"
2019-01-23,2019012301004158,SMATA,22,46,50,"1,215.00","60,750.00"
2019-01-23,2019012301004157,SMATA,22,42,18,"1,215.00","21,870.00"
2019-01-23,2019012301004156,SMATA,22,42,18,"1,215.00","21,870.00"
2019-01-23,2019012301004155,SMATA,22,22,18,"1,214.00","21,852.00"
2019-01-23,2019012301004154,SMATA,22,55,18,"1,210.00","21,780.00"
2019-01-23,2019012301004288,SPDL,7,56,10,92.00,920.00
2019-01-23,2019012301004521,TRH,17,22,350,250.00,"87,500.00"
2019-01-23,2019012301004520,TRH,32,22,50,250.00,"12,500.00"
2019-01-23,2019012301004078,UIC,41,40,50,785.00,"39,250.00"
2019-01-23,2019012301004077,UIC,41,13,50,785.00,"39,250.00"
2019-01-23,2019012301004076,UIC,41,13,130,784.00,"101,920.00"
2019-01-23,2019012301004075,UIC,41,34,80,780.00,"62,400.00"
2019-01-23,2019012301004513,UPPER,58,57,630,276.00,"173,880.00"
2019-01-23,2019012301004512,UPPER,58,42,40,276.00,"11,040.00"
2019-01-23,2019012301004505,UPPER,58,46,40,276.00,"11,040.00"
2019-01-23,2019012301004504,UPPER,58,18,40,276.00,"11,040.00"
2019-01-23,2019012301004491,UPPER,58,19,540,276.00,"149,040.00"
2019-01-23,2019012301004490,UPPER,21,19,460,277.00,"127,420.00"
2019-01-23,2019012301004024,UPPER,19,21,30,281.00,"8,430.00"
2019-01-23,2019012301004045,UPPER,25,28,50,283.00,"14,150.00"
2019-01-23,2019012301004044,UPPER,25,28,50,283.00,"14,150.00"
2019-01-23,2019012301004043,UPPER,25,22,180,283.00,"50,940.00"
2019-01-23,2019012301004042,UPPER,19,49,40,281.00,"11,240.00"
2019-01-23,2019012301004033,UPPER,19,45,40,281.00,"11,240.00"
2019-01-23,2019012301004030,UPPER,36,22,200,283.00,"56,600.00"
2019-01-23,2019012301004051,UPPER,25,34,10,284.00,"2,840.00"
2019-01-23,2019012301004050,UPPER,25,44,50,284.00,"14,200.00"
2019-01-23,2019012301004049,UPPER,25,11,40,284.00,"11,360.00"
2019-01-23,2019012301004048,UPPER,25,32,40,283.00,"11,320.00"
2019-01-23,2019012301004047,UPPER,25,28,40,283.00,"11,320.00"
2019-01-23,2019012301004046,UPPER,25,28,40,283.00,"11,320.00"
2019-01-23,2019012301004067,UPPER,25,34,40,284.00,"11,360.00"
2019-01-23,2019012301004066,UPPER,25,35,50,284.00,"14,200.00"
2019-01-23,2019012301004065,UPPER,25,34,30,284.00,"8,520.00"
2019-01-23,2019012301004064,UPPER,6,6,50,282.00,"14,100.00"
2019-01-23,2019012301004061,UPPER,19,21,50,281.00,"14,050.00"
2019-01-23,2019012301004052,UPPER,19,21,50,281.00,"14,050.00"
2019-01-23,2019012301004073,UPPER,6,49,50,282.00,"14,100.00"
2019-01-23,2019012301004072,UPPER,25,58,50,285.00,"14,250.00"
2019-01-23,2019012301004071,UPPER,25,25,40,285.00,"11,400.00"
2019-01-23,2019012301004070,UPPER,25,43,195,285.00,"55,575.00"
2019-01-23,2019012301004069,UPPER,25,35,50,285.00,"14,250.00"
2019-01-23,2019012301004068,UPPER,25,47,40,285.00,"11,400.00"
2019-01-23,2019012301004084,UPPER,6,21,10,282.00,"2,820.00"
2019-01-23,2019012301004083,UPPER,6,8,40,282.00,"11,280.00"
2019-01-23,2019012301004082,UPPER,25,57,10,286.00,"2,860.00"
2019-01-23,2019012301004081,UPPER,25,56,40,285.00,"11,400.00"
2019-01-23,2019012301004080,UPPER,25,14,50,285.00,"14,250.00"
2019-01-23,2019012301004079,UPPER,6,42,40,282.00,"11,280.00"
2019-01-23,2019012301004101,UPPER,6,56,40,282.00,"11,280.00"
2019-01-23,2019012301004100,UPPER,6,10,40,282.00,"11,280.00"
2019-01-23,2019012301004095,UPPER,6,42,40,282.00,"11,280.00"
2019-01-23,2019012301004089,UPPER,6,8,50,282.00,"14,100.00"
2019-01-23,2019012301004088,UPPER,6,1,200,282.00,"56,400.00"
2019-01-23,2019012301004086,UPPER,6,41,50,282.00,"14,100.00"
2019-01-23,2019012301004116,UPPER,6,38,40,282.00,"11,280.00"
2019-01-23,2019012301004112,UPPER,54,1,200,283.00,"56,600.00"
2019-01-23,2019012301004111,UPPER,6,49,40,282.00,"11,280.00"
2019-01-23,2019012301004110,UPPER,6,56,50,282.00,"14,100.00"
2019-01-23,2019012301004109,UPPER,6,29,50,282.00,"14,100.00"
2019-01-23,2019012301004102,UPPER,6,10,40,282.00,"11,280.00"
2019-01-23,2019012301004128,UPPER,26,34,40,284.00,"11,360.00"
2019-01-23,2019012301004127,UPPER,26,45,500,284.00,"142,000.00"
2019-01-23,2019012301004126,UPPER,53,45,40,283.00,"11,320.00"
2019-01-23,2019012301004125,UPPER,53,44,50,283.00,"14,150.00"
2019-01-23,2019012301004119,UPPER,53,10,50,283.00,"14,150.00"
2019-01-23,2019012301004117,UPPER,53,56,200,283.00,"56,600.00"
2019-01-23,2019012301004134,UPPER,26,42,40,284.00,"11,360.00"
2019-01-23,2019012301004133,UPPER,26,48,50,284.00,"14,200.00"
2019-01-23,2019012301004132,UPPER,26,14,40,284.00,"11,360.00"
2019-01-23,2019012301004131,UPPER,26,45,50,284.00,"14,200.00"
2019-01-23,2019012301004130,UPPER,26,48,40,284.00,"11,360.00"
2019-01-23,2019012301004129,UPPER,26,40,165,284.00,"46,860.00"
2019-01-23,2019012301004163,UPPER,53,42,50,283.00,"14,150.00"
2019-01-23,2019012301004162,UPPER,53,44,40,283.00,"11,320.00"
2019-01-23,2019012301004151,UPPER,53,56,40,283.00,"11,320.00"
2019-01-23,2019012301004140,UPPER,53,28,40,283.00,"11,320.00"
2019-01-23,2019012301004137,UPPER,53,21,50,283.00,"14,150.00"
2019-01-23,2019012301004135,UPPER,26,43,50,284.00,"14,200.00"
2019-01-23,2019012301004170,UPPER,28,28,50,284.00,"14,200.00"
2019-01-23,2019012301004169,UPPER,28,43,50,284.00,"14,200.00"
2019-01-23,2019012301004168,UPPER,28,14,50,284.00,"14,200.00"
2019-01-23,2019012301004167,UPPER,28,45,90,284.00,"25,560.00"
2019-01-23,2019012301004164,UPPER,17,45,10,284.00,"2,840.00"
2019-01-23,2019012301004186,UPPER,28,45,40,284.00,"11,360.00"
2019-01-23,2019012301004181,UPPER,28,10,40,284.00,"11,360.00"
2019-01-23,2019012301004176,UPPER,28,57,40,284.00,"11,360.00"
2019-01-23,2019012301004175,UPPER,19,5,500,285.00,"142,500.00"
2019-01-23,2019012301004173,UPPER,28,38,50,284.00,"14,200.00"
2019-01-23,2019012301004207,UPPER,19,6,50,285.00,"14,250.00"
2019-01-23,2019012301004203,UPPER,28,57,490,284.00,"139,160.00"
2019-01-23,2019012301004201,UPPER,28,1,40,284.00,"11,360.00"
2019-01-23,2019012301004193,UPPER,28,59,50,284.00,"14,200.00"
2019-01-23,2019012301004187,UPPER,28,35,50,284.00,"14,200.00"
2019-01-23,2019012301004213,UPPER,19,18,50,285.00,"14,250.00"
2019-01-23,2019012301004212,UPPER,19,16,50,285.00,"14,250.00"
2019-01-23,2019012301004211,UPPER,19,41,40,285.00,"11,400.00"
2019-01-23,2019012301004210,UPPER,19,56,40,285.00,"11,400.00"
2019-01-23,2019012301004209,UPPER,19,41,40,285.00,"11,400.00"
2019-01-23,2019012301004208,UPPER,19,41,40,285.00,"11,400.00"
2019-01-23,2019012301004220,UPPER,19,38,50,285.00,"14,250.00"
2019-01-23,2019012301004218,UPPER,19,46,50,285.00,"14,250.00"
2019-01-23,2019012301004217,UPPER,19,59,50,285.00,"14,250.00"
2019-01-23,2019012301004216,UPPER,19,39,40,285.00,"11,400.00"
2019-01-23,2019012301004215,UPPER,19,41,50,285.00,"14,250.00"
2019-01-23,2019012301004214,UPPER,19,39,60,285.00,"17,100.00"
2019-01-23,2019012301004226,UPPER,19,21,40,285.00,"11,400.00"
2019-01-23,2019012301004225,UPPER,19,52,40,285.00,"11,400.00"
2019-01-23,2019012301004224,UPPER,19,56,40,285.00,"11,400.00"
2019-01-23,2019012301004223,UPPER,19,21,40,285.00,"11,400.00"
2019-01-23,2019012301004222,UPPER,19,45,40,285.00,"11,400.00"
2019-01-23,2019012301004221,UPPER,19,14,50,285.00,"14,250.00"
2019-01-23,2019012301004240,UPPER,45,17,300,284.00,"85,200.00"
2019-01-23,2019012301004239,UPPER,28,17,"1,960",284.00,"556,640.00"
2019-01-23,2019012301004235,UPPER,19,40,40,285.00,"11,400.00"
2019-01-23,2019012301004230,UPPER,19,46,50,285.00,"14,250.00"
2019-01-23,2019012301004227,UPPER,19,26,50,285.00,"14,250.00"
2019-01-23,2019012301004255,UPPER,53,52,40,283.00,"11,320.00"
2019-01-23,2019012301004251,UPPER,53,38,50,283.00,"14,150.00"
2019-01-23,2019012301004248,UPPER,53,44,50,283.00,"14,150.00"
2019-01-23,2019012301004245,UPPER,53,45,500,283.00,"141,500.00"
2019-01-23,2019012301004241,UPPER,26,17,"1,000",284.00,"284,000.00"
2019-01-23,2019012301004278,UPPER,53,10,50,283.00,"14,150.00"
2019-01-23,2019012301004277,UPPER,53,38,50,283.00,"14,150.00"
2019-01-23,2019012301004276,UPPER,53,44,40,283.00,"11,320.00"
2019-01-23,2019012301004268,UPPER,57,17,500,284.00,"142,000.00"
2019-01-23,2019012301004267,UPPER,53,21,40,283.00,"11,320.00"
2019-01-23,2019012301004300,UPPER,6,25,40,282.00,"11,280.00"
2019-01-23,2019012301004297,UPPER,6,35,40,282.00,"11,280.00"
2019-01-23,2019012301004292,UPPER,21,45,200,283.00,"56,600.00"
2019-01-23,2019012301004291,UPPER,21,45,350,283.00,"99,050.00"
2019-01-23,2019012301004290,UPPER,19,45,300,283.00,"84,900.00"
2019-01-23,2019012301004289,UPPER,53,45,"1,620",283.00,"458,460.00"
2019-01-23,2019012301004317,UPPER,6,10,40,282.00,"11,280.00"
2019-01-23,2019012301004316,UPPER,6,45,30,282.00,"8,460.00"
2019-01-23,2019012301004313,UPPER,6,37,50,282.00,"14,100.00"
2019-01-23,2019012301004303,UPPER,6,19,40,282.00,"11,280.00"
2019-01-23,2019012301004302,UPPER,6,10,40,282.00,"11,280.00"
2019-01-23,2019012301004301,UPPER,6,44,40,282.00,"11,280.00"
2019-01-23,2019012301004324,UPPER,6,11,50,282.00,"14,100.00"
2019-01-23,2019012301004323,UPPER,6,48,"1,500",282.00,"423,000.00"
2019-01-23,2019012301004322,UPPER,6,44,40,282.00,"11,280.00"
2019-01-23,2019012301004320,UPPER,6,59,40,282.00,"11,280.00"
2019-01-23,2019012301004318,UPPER,6,55,50,282.00,"14,100.00"
2019-01-23,2019012301004336,UPPER,38,59,50,281.00,"14,050.00"
2019-01-23,2019012301004334,UPPER,38,18,50,281.00,"14,050.00"
2019-01-23,2019012301004333,UPPER,6,52,40,282.00,"11,280.00"
2019-01-23,2019012301004329,UPPER,6,6,30,282.00,"8,460.00"
2019-01-23,2019012301004328,UPPER,6,10,40,282.00,"11,280.00"
2019-01-23,2019012301004327,UPPER,6,37,50,282.00,"14,100.00"
2019-01-23,2019012301004349,UPPER,28,37,40,280.00,"11,200.00"
2019-01-23,2019012301004348,UPPER,28,52,60,280.00,"16,800.00"
2019-01-23,2019012301004344,UPPER,58,21,200,281.00,"56,200.00"
2019-01-23,2019012301004343,UPPER,38,21,560,281.00,"157,360.00"
2019-01-23,2019012301004342,UPPER,38,59,40,281.00,"11,240.00"
2019-01-23,2019012301004339,UPPER,38,22,300,281.00,"84,300.00"
2019-01-23,2019012301004359,UPPER,28,46,50,280.00,"14,000.00"
2019-01-23,2019012301004358,UPPER,28,37,40,280.00,"11,200.00"
2019-01-23,2019012301004356,UPPER,28,14,50,280.00,"14,000.00"
2019-01-23,2019012301004354,UPPER,28,52,60,280.00,"16,800.00"
2019-01-23,2019012301004352,UPPER,43,52,760,281.00,"213,560.00"
2019-01-23,2019012301004351,UPPER,43,21,240,281.00,"67,440.00"
2019-01-23,2019012301004366,UPPER,28,19,40,280.00,"11,200.00"
2019-01-23,2019012301004365,UPPER,28,4,204,280.00,"57,120.00"
2019-01-23,2019012301004364,UPPER,28,38,40,280.00,"11,200.00"
2019-01-23,2019012301004363,UPPER,28,56,40,280.00,"11,200.00"
2019-01-23,2019012301004361,UPPER,28,40,293,280.00,"82,040.00"
2019-01-23,2019012301004360,UPPER,28,19,40,280.00,"11,200.00"
2019-01-23,2019012301004385,UPPER,28,40,40,280.00,"11,200.00"
2019-01-23,2019012301004381,UPPER,28,46,50,280.00,"14,000.00"
2019-01-23,2019012301004375,UPPER,28,4,204,280.00,"57,120.00"
2019-01-23,2019012301004372,UPPER,28,56,50,280.00,"14,000.00"
2019-01-23,2019012301004369,UPPER,28,29,50,280.00,"14,000.00"
2019-01-23,2019012301004368,UPPER,28,40,40,280.00,"11,200.00"
2019-01-23,2019012301004400,UPPER,28,18,40,280.00,"11,200.00"
2019-01-23,2019012301004399,UPPER,28,40,40,280.00,"11,200.00"
2019-01-23,2019012301004398,UPPER,28,42,40,280.00,"11,200.00"
2019-01-23,2019012301004396,UPPER,28,37,40,280.00,"11,200.00"
2019-01-23,2019012301004390,UPPER,28,51,50,280.00,"14,000.00"
2019-01-23,2019012301004386,UPPER,26,52,100,281.00,"28,100.00"
2019-01-23,2019012301004408,UPPER,53,18,40,279.00,"11,160.00"
2019-01-23,2019012301004404,UPPER,6,29,300,280.00,"84,000.00"
2019-01-23,2019012301004403,UPPER,51,29,200,280.00,"56,000.00"
2019-01-23,2019012301004402,UPPER,53,29,"2,000",280.00,"560,000.00"
2019-01-23,2019012301004401,UPPER,28,29,229,280.00,"64,120.00"
2019-01-23,2019012301004433,UPPER,53,18,40,279.00,"11,160.00"
2019-01-23,2019012301004432,UPPER,53,46,50,279.00,"13,950.00"
2019-01-23,2019012301004431,UPPER,53,40,50,279.00,"13,950.00"
2019-01-23,2019012301004429,UPPER,50,29,10,280.00,"2,800.00"
2019-01-23,2019012301004426,UPPER,53,11,50,279.00,"13,950.00"
2019-01-23,2019012301004413,UPPER,53,4,204,279.00,"56,916.00"
2019-01-23,2019012301004456,UPPER,53,42,50,279.00,"13,950.00"
2019-01-23,2019012301004446,UPPER,53,40,40,279.00,"11,160.00"
2019-01-23,2019012301004445,UPPER,53,18,50,279.00,"13,950.00"
2019-01-23,2019012301004441,UPPER,53,45,40,279.00,"11,160.00"
2019-01-23,2019012301004440,UPPER,53,4,204,279.00,"56,916.00"
2019-01-23,2019012301004468,UPPER,53,40,50,279.00,"13,950.00"
2019-01-23,2019012301004467,UPPER,53,47,40,279.00,"11,160.00"
2019-01-23,2019012301004466,UPPER,53,38,50,279.00,"13,950.00"
2019-01-23,2019012301004465,UPPER,53,18,50,279.00,"13,950.00"
2019-01-23,2019012301004459,UPPER,53,48,40,279.00,"11,160.00"
2019-01-23,2019012301004457,UPPER,53,19,40,279.00,"11,160.00"
2019-01-23,2019012301004486,UPPER,21,18,40,277.00,"11,080.00"
2019-01-23,2019012301004482,UPPER,53,45,187,279.00,"52,173.00"
2019-01-23,2019012301004479,UPPER,53,59,40,279.00,"11,160.00"
2019-01-23,2019012301004476,UPPER,53,42,40,279.00,"11,160.00"
2019-01-23,2019012301004472,UPPER,53,4,155,279.00,"43,245.00"
2019-01-23,2019012301004470,UPPER,53,19,40,279.00,"11,160.00"
2019-01-23,2019012301003868,ADBL,42,55,56,343.00,"19,208.00"
2019-01-23,2019012301003867,ADBL,42,1,21,343.00,"7,203.00"
2019-01-23,2019012301003621,AHPC,38,22,252,103.00,"25,956.00"
2019-01-23,2019012301003989,ALICL,51,38,600,623.00,"373,800.00"
2019-01-23,2019012301003968,ALICL,51,37,436,622.00,"271,192.00"
2019-01-23,2019012301003967,ALICL,51,35,20,622.00,"12,440.00"
2019-01-23,2019012301003844,ALICL,57,34,100,620.00,"62,000.00"
2019-01-23,2019012301003843,ALICL,57,43,150,620.00,"93,000.00"
2019-01-23,2019012301003842,ALICL,57,43,50,620.00,"31,000.00"
2019-01-23,2019012301003788,ALICL,45,10,300,619.00,"185,700.00"
2019-01-23,2019012301003787,ALICL,45,56,15,619.00,"9,285.00"
2019-01-23,2019012301003631,AMFI,45,39,390,726.00,"283,140.00"
2019-01-23,2019012301003630,AMFI,45,45,10,725.00,"7,250.00"
2019-01-23,2019012301003629,AMFI,45,29,10,720.00,"7,200.00"
2019-01-23,2019012301003997,API,25,25,50,146.00,"7,300.00"
2019-01-23,2019012301003834,API,28,25,900,144.00,"129,600.00"
2019-01-23,2019012301003833,API,35,25,500,144.00,"72,000.00"
2019-01-23,2019012301003832,API,20,25,500,144.00,"72,000.00"
2019-01-23,2019012301003831,API,49,25,100,145.00,"14,500.00"
2019-01-23,2019012301003682,API,25,32,156,145.00,"22,620.00"
2019-01-23,2019012301003642,API,25,25,400,144.00,"57,600.00"
2019-01-23,2019012301003618,API,42,32,100,145.00,"14,500.00"
2019-01-23,2019012301003581,API,25,25,600,144.00,"86,400.00"
2019-01-23,2019012301003580,API,6,25,500,144.00,"72,000.00"
2019-01-23,2019012301003579,API,48,25,556,144.00,"80,064.00"
2019-01-23,2019012301003578,API,1,25,344,144.00,"49,536.00"
2019-01-23,2019012301003662,BHBL,4,52,300,142.00,"42,600.00"
2019-01-23,2019012301003661,BHBL,4,13,50,142.00,"7,100.00"
2019-01-23,2019012301003756,BOKL,28,14,156,256.00,"39,936.00"
2019-01-23,2019012301003707,BOKL,5,14,25,256.00,"6,400.00"
2019-01-23,2019012301003610,BOKL,56,14,100,256.00,"25,600.00"
2019-01-23,2019012301003583,BOKL,54,14,100,256.00,"25,600.00"
2019-01-23,2019012301003582,BOKL,13,14,19,256.00,"4,864.00"
2019-01-23,2019012301004013,CBL,29,25,150,161.00,"24,150.00"
2019-01-23,2019012301003999,CBL,58,6,100,160.00,"16,000.00"
2019-01-23,2019012301003993,CBL,58,50,177,160.00,"28,320.00"
2019-01-23,2019012301003952,CBL,34,50,"2,000",160.00,"320,000.00"
2019-01-23,2019012301003951,CBL,45,50,50,160.00,"8,000.00"
2019-01-23,2019012301003950,CBL,45,50,50,160.00,"8,000.00"
2019-01-23,2019012301003949,CBL,58,50,"4,723",160.00,"755,680.00"
2019-01-23,2019012301003931,CBL,19,25,50,161.00,"8,050.00"
2019-01-23,2019012301003847,CBL,58,40,137,160.00,"21,920.00"
2019-01-23,2019012301003865,CCBL,44,45,19,171.00,"3,249.00"
2019-01-23,2019012301003627,CCBL,44,22,540,171.00,"92,340.00"
2019-01-23,2019012301003615,CCBL,44,45,23,171.00,"3,933.00"
2019-01-23,2019012301003866,CIT,34,17,40,"2,610.00","104,400.00"
2019-01-23,2019012301003716,CIT,28,42,100,"2,610.00","261,000.00"
2019-01-23,2019012301003715,CIT,28,25,100,"2,610.00","261,000.00"
2019-01-23,2019012301003714,CIT,28,5,10,"2,610.00","26,100.00"
2019-01-23,2019012301003680,CIT,4,22,100,"2,600.00","260,000.00"
2019-01-23,2019012301003679,CIT,4,16,200,"2,600.00","520,000.00"
2019-01-23,2019012301003678,CIT,4,50,50,"2,600.00","130,000.00"
2019-01-23,2019012301003677,CIT,4,58,27,"2,599.00","70,173.00"
2019-01-23,2019012301003617,CIT,10,58,30,"2,599.00","77,970.00"
2019-01-23,2019012301003568,CIT,25,22,50,"2,585.00","129,250.00"
2019-01-23,2019012301003915,CZBIL,53,40,50,213.00,"10,650.00"
2019-01-23,2019012301003689,CZBIL,49,22,100,212.00,"21,200.00"
2019-01-23,2019012301003635,CZBIL,49,13,340,212.00,"72,080.00"
2019-01-23,2019012301003614,CZBIL,49,57,150,212.00,"31,800.00"
2019-01-23,2019012301003637,DBBL,49,21,10,127.00,"1,270.00"
2019-01-23,2019012301003874,DDBL,41,13,50,572.00,"28,600.00"
2019-01-23,2019012301003644,DHPL,44,56,10,100.00,"1,000.00"
2019-01-23,2019012301003636,DHPL,44,25,10,99.00,990.00
2019-01-23,2019012301003577,DHPL,43,43,10,98.00,980.00
2019-01-23,2019012301003576,DHPL,43,41,30,98.00,"2,940.00"
2019-01-23,2019012301003926,EBL,17,55,40,529.00,"21,160.00"
2019-01-23,2019012301003928,FMDBL,19,6,30,380.00,"11,400.00"
2019-01-23,2019012301003922,FMDBL,58,6,200,380.00,"76,000.00"
2019-01-23,2019012301003921,FMDBL,43,6,300,381.00,"114,300.00"
2019-01-23,2019012301003920,FMDBL,41,6,50,381.00,"19,050.00"
2019-01-23,2019012301003957,GBBL,4,13,30,186.00,"5,580.00"
2019-01-23,2019012301003825,GBBL,4,40,50,186.00,"9,300.00"
2019-01-23,2019012301003808,GBBL,4,44,30,186.00,"5,580.00"
2019-01-23,2019012301003775,GBIME,8,22,75,264.00,"19,800.00"
2019-01-23,2019012301003650,GBIME,56,22,200,264.00,"52,800.00"
2019-01-23,2019012301003649,GBIME,11,22,50,264.00,"13,200.00"
2019-01-23,2019012301003648,GBIME,4,22,15,264.00,"3,960.00"
2019-01-23,2019012301003647,GBIME,57,22,88,264.00,"23,232.00"
2019-01-23,2019012301003945,GBLBS,37,6,10,440.00,"4,400.00"
2019-01-23,2019012301003944,GBLBS,37,29,10,440.00,"4,400.00"
2019-01-23,2019012301003817,GBLBS,50,45,10,438.00,"4,380.00"
2019-01-23,2019012301003995,HBL,16,13,50,451.00,"22,550.00"
2019-01-23,2019012301003698,HBL,16,25,304,451.00,"137,104.00"
2019-01-23,2019012301003697,HBL,4,25,60,451.00,"27,060.00"
2019-01-23,2019012301003696,HBL,58,25,10,451.00,"4,510.00"
2019-01-23,2019012301003695,HBL,58,25,10,451.00,"4,510.00"
2019-01-23,2019012301003694,HBL,22,25,20,451.00,"9,020.00"
2019-01-23,2019012301003654,HBL,19,13,100,452.00,"45,200.00"
2019-01-23,2019012301003724,HGI,45,8,100,401.00,"40,100.00"
2019-01-23,2019012301003575,HGI,45,6,266,400.00,"106,400.00"
2019-01-23,2019012301003574,HGI,45,45,84,400.00,"33,600.00"
2019-01-23,2019012301003573,HGI,45,49,50,400.00,"20,000.00"
2019-01-23,2019012301003873,HIDCL,59,45,10,145.00,"1,450.00"
2019-01-23,2019012301003846,HIDCL,59,49,58,145.00,"8,410.00"
2019-01-23,2019012301003822,HIDCL,59,45,10,145.00,"1,450.00"
2019-01-23,2019012301003763,HIDCL,59,45,10,145.00,"1,450.00"
2019-01-23,2019012301003641,HIDCL,4,52,109,147.00,"16,023.00"
2019-01-23,2019012301003640,HIDCL,4,45,26,146.00,"3,796.00"
2019-01-23,2019012301003664,HPPL,22,50,10,187.00,"1,870.00"
2019-01-23,2019012301003663,HPPL,22,42,10,184.00,"1,840.00"
2019-01-23,2019012301003643,HPPL,22,42,10,184.00,"1,840.00"
2019-01-23,2019012301003674,IGI,6,6,"1,500",446.00,"669,000.00"
2019-01-23,2019012301003936,JBBL,58,46,620,140.00,"86,800.00"
2019-01-23,2019012301003870,JBBL,58,26,500,140.00,"70,000.00"
2019-01-23,2019012301003869,JBBL,58,32,279,140.00,"39,060.00"
2019-01-23,2019012301003659,JBBL,58,6,"1,000",139.00,"139,000.00"
2019-01-23,2019012301003731,JBNL,39,39,22,167.00,"3,674.00"
2019-01-23,2019012301003651,KADBL,4,32,70,158.00,"11,060.00"
2019-01-23,2019012301003985,KBL,54,26,500,251.00,"125,500.00"
2019-01-23,2019012301003984,KBL,54,41,70,250.00,"17,500.00"
2019-01-23,2019012301003983,KBL,54,17,50,250.00,"12,500.00"
2019-01-23,2019012301003948,KBL,54,17,200,250.00,"50,000.00"
2019-01-23,2019012301003947,KBL,54,48,500,250.00,"125,000.00"
2019-01-23,2019012301003946,KBL,54,47,200,250.00,"50,000.00"
2019-01-23,2019012301003701,KBL,52,39,11,249.00,"2,739.00"
2019-01-23,2019012301003671,KKHC,38,38,10,94.00,940.00
2019-01-23,2019012301003622,KKHC,38,38,10,95.00,950.00
2019-01-23,2019012301003839,KMCDB,54,22,10,887.00,"8,870.00"
2019-01-23,2019012301003778,KPCL,44,38,10,98.00,980.00
2019-01-23,2019012301003890,KPCL,44,1,10,98.00,980.00
2019-01-23,2019012301003864,KSBBL,20,35,200,138.00,"27,600.00"
2019-01-23,2019012301003606,KSBBL,20,22,94,138.00,"12,972.00"
2019-01-23,2019012301003605,KSBBL,38,22,36,138.00,"4,968.00"
2019-01-23,2019012301003821,LBBL,56,5,120,176.00,"21,120.00"
2019-01-23,2019012301003820,LBBL,20,5,655,176.00,"115,280.00"
2019-01-23,2019012301003738,LBBL,20,53,220,176.00,"38,720.00"
2019-01-23,2019012301003888,LLBS,55,28,50,810.00,"40,500.00"
2019-01-23,2019012301003887,LLBS,55,21,12,805.00,"9,660.00"
2019-01-23,2019012301003886,LLBS,55,13,50,800.00,"40,000.00"
2019-01-23,2019012301003690,MBL,32,32,"10,000",210.00,"2,100,000.00"
2019-01-23,2019012301003638,MBL,32,32,"10,000",210.00,"2,100,000.00"
2019-01-23,2019012301003628,MBL,49,57,100,209.00,"20,900.00"
2019-01-23,2019012301003835,MEGA,34,50,103,167.00,"17,201.00"
2019-01-23,2019012301003753,MEGA,48,3,170,167.00,"28,390.00"
2019-01-23,2019012301003666,MERO,32,45,166,"1,110.00","184,260.00"
2019-01-23,2019012301003665,MERO,45,45,34,"1,111.00","37,774.00"
2019-01-23,2019012301003728,MMFDB,26,50,20,"1,000.00","20,000.00"
