Date,Transact. No.,Symbol,Buyer,Seller,Quantity,Rate,Amount
2020-11-02,2020110204002816,CMF1,43,51,200,9.79,"1,958.00"
2020-11-02,2020110204002564,CMF1,43,17,500,9.62,"4,810.00"
2020-11-02,2020110204002827,GIC,34,14,30,525.00,"15,750.00"
2020-11-02,2020110204002826,GIC,11,14,50,525.00,"26,250.00"
2020-11-02,2020110204002825,GIC,41,14,100,525.00,"52,500.00"
2020-11-02,2020110204002824,GIC,21,14,240,525.00,"126,000.00"
2020-11-02,2020110204002823,GIC,44,14,26,526.00,"13,676.00"
2020-11-02,2020110204002822,GIC,44,38,10,526.00,"5,260.00"
2020-11-02,2020110204002332,GIC,46,21,10,527.00,"5,270.00"
2020-11-02,2020110204002331,GIC,57,17,10,528.00,"5,280.00"
2020-11-02,2020110204002330,GIC,57,38,10,528.00,"5,280.00"
2020-11-02,2020110204002329,GIC,57,52,10,528.00,"5,280.00"
2020-11-02,2020110204002328,GIC,57,51,10,528.00,"5,280.00"
2020-11-02,2020110204002338,GIC,49,42,10,526.00,"5,260.00"
2020-11-02,2020110204002337,GIC,49,42,10,526.00,"5,260.00"
2020-11-02,2020110204002336,GIC,49,21,10,526.00,"5,260.00"
2020-11-02,2020110204002335,GIC,52,21,10,527.00,"5,270.00"
2020-11-02,2020110204002334,GIC,25,39,10,527.00,"5,270.00"
2020-11-02,2020110204002333,GIC,46,21,10,527.00,"5,270.00"
2020-11-02,2020110204002346,GIC,49,33,10,526.00,"5,260.00"
2020-11-02,2020110204002345,GIC,49,39,10,526.00,"5,260.00"
2020-11-02,2020110204002344,GIC,49,52,10,526.00,"5,260.00"
2020-11-02,2020110204002343,GIC,49,45,10,526.00,"5,260.00"
2020-11-02,2020110204002340,GIC,49,21,10,526.00,"5,260.00"
2020-11-02,2020110204002339,GIC,49,39,10,526.00,"5,260.00"
2020-11-02,2020110204002352,GIC,29,52,10,526.00,"5,260.00"
2020-11-02,2020110204002351,GIC,29,11,10,526.00,"5,260.00"
2020-11-02,2020110204002350,GIC,29,58,10,526.00,"5,260.00"
2020-11-02,2020110204002349,GIC,29,52,10,526.00,"5,260.00"
2020-11-02,2020110204002348,GIC,49,21,10,526.00,"5,260.00"
2020-11-02,2020110204002347,GIC,16,45,10,527.00,"5,270.00"
2020-11-02,2020110204002358,GIC,29,21,10,526.00,"5,260.00"
2020-11-02,2020110204002357,GIC,29,25,10,526.00,"5,260.00"
2020-11-02,2020110204002356,GIC,29,41,10,526.00,"5,260.00"
2020-11-02,2020110204002355,GIC,29,21,10,526.00,"5,260.00"
2020-11-02,2020110204002354,GIC,29,22,10,526.00,"5,260.00"
2020-11-02,2020110204002353,GIC,29,6,10,526.00,"5,260.00"
2020-11-02,2020110204002364,GIC,29,34,10,526.00,"5,260.00"
2020-11-02,2020110204002363,GIC,14,55,10,527.00,"5,270.00"
2020-11-02,2020110204002362,GIC,14,58,10,527.00,"5,270.00"
2020-11-02,2020110204002361,GIC,29,52,10,526.00,"5,260.00"
2020-11-02,2020110204002360,GIC,29,21,10,526.00,"5,260.00"
2020-11-02,2020110204002359,GIC,29,29,10,526.00,"5,260.00"
2020-11-02,2020110204002370,GIC,5,49,10,527.00,"5,270.00"
2020-11-02,2020110204002369,GIC,29,3,10,526.00,"5,260.00"
2020-11-02,2020110204002368,GIC,29,39,10,526.00,"5,260.00"
2020-11-02,2020110204002367,GIC,3,42,10,527.00,"5,270.00"
2020-11-02,2020110204002366,GIC,5,53,10,527.00,"5,270.00"
2020-11-02,2020110204002365,GIC,29,52,10,526.00,"5,260.00"
2020-11-02,2020110204002377,GIC,17,39,10,527.00,"5,270.00"
2020-11-02,2020110204002376,GIC,29,29,10,526.00,"5,260.00"
2020-11-02,2020110204002374,GIC,5,58,10,527.00,"5,270.00"
2020-11-02,2020110204002373,GIC,5,58,10,527.00,"5,270.00"
2020-11-02,2020110204002372,GIC,29,39,10,526.00,"5,260.00"
2020-11-02,2020110204002371,GIC,5,11,10,527.00,"5,270.00"
2020-11-02,2020110204002385,GIC,16,45,10,526.00,"5,260.00"
2020-11-02,2020110204002384,GIC,16,41,10,526.00,"5,260.00"
2020-11-02,2020110204002383,GIC,29,58,10,526.00,"5,260.00"
2020-11-02,2020110204002382,GIC,5,41,10,527.00,"5,270.00"
2020-11-02,2020110204002380,GIC,5,42,10,527.00,"5,270.00"
2020-11-02,2020110204002378,GIC,17,44,10,527.00,"5,270.00"
2020-11-02,2020110204002391,GIC,41,40,10,526.00,"5,260.00"
2020-11-02,2020110204002390,GIC,41,42,10,526.00,"5,260.00"
2020-11-02,2020110204002389,GIC,41,41,10,526.00,"5,260.00"
2020-11-02,2020110204002388,GIC,41,58,10,526.00,"5,260.00"
2020-11-02,2020110204002387,GIC,41,56,10,526.00,"5,260.00"
2020-11-02,2020110204002386,GIC,41,42,10,526.00,"5,260.00"
2020-11-02,2020110204002397,GIC,41,59,10,526.00,"5,260.00"
2020-11-02,2020110204002396,GIC,41,28,10,526.00,"5,260.00"
2020-11-02,2020110204002395,GIC,41,40,10,526.00,"5,260.00"
2020-11-02,2020110204002394,GIC,41,59,10,526.00,"5,260.00"
2020-11-02,2020110204002393,GIC,41,40,10,526.00,"5,260.00"
2020-11-02,2020110204002392,GIC,41,59,10,526.00,"5,260.00"
2020-11-02,2020110204002404,GIC,41,39,10,526.00,"5,260.00"
2020-11-02,2020110204002403,GIC,41,38,10,526.00,"5,260.00"
2020-11-02,2020110204002401,GIC,41,45,10,526.00,"5,260.00"
2020-11-02,2020110204002400,GIC,41,46,10,526.00,"5,260.00"
2020-11-02,2020110204002399,GIC,41,59,10,526.00,"5,260.00"
2020-11-02,2020110204002398,GIC,41,58,10,526.00,"5,260.00"
2020-11-02,2020110204002410,GIC,41,52,10,528.00,"5,280.00"
2020-11-02,2020110204002409,GIC,41,56,10,527.00,"5,270.00"
2020-11-02,2020110204002408,GIC,41,14,10,526.00,"5,260.00"
2020-11-02,2020110204002407,GIC,41,49,10,526.00,"5,260.00"
2020-11-02,2020110204002406,GIC,41,58,10,527.00,"5,270.00"
2020-11-02,2020110204002405,GIC,41,19,10,527.00,"5,270.00"
2020-11-02,2020110204002416,GIC,41,41,10,526.00,"5,260.00"
2020-11-02,2020110204002415,GIC,41,39,140,528.00,"73,920.00"
2020-11-02,2020110204002414,GIC,41,10,10,528.00,"5,280.00"
2020-11-02,2020110204002413,GIC,41,8,10,528.00,"5,280.00"
2020-11-02,2020110204002412,GIC,41,52,10,528.00,"5,280.00"
2020-11-02,2020110204002411,GIC,41,10,10,528.00,"5,280.00"
2020-11-02,2020110204002425,GIC,41,58,10,526.00,"5,260.00"
2020-11-02,2020110204002421,GIC,41,41,10,526.00,"5,260.00"
2020-11-02,2020110204002420,GIC,41,58,10,526.00,"5,260.00"
2020-11-02,2020110204002419,GIC,41,42,10,526.00,"5,260.00"
2020-11-02,2020110204002418,GIC,41,42,10,526.00,"5,260.00"
2020-11-02,2020110204002417,GIC,41,33,10,526.00,"5,260.00"
2020-11-02,2020110204002432,GIC,41,13,10,526.00,"5,260.00"
2020-11-02,2020110204002431,GIC,41,58,10,526.00,"5,260.00"
2020-11-02,2020110204002430,GIC,41,41,10,526.00,"5,260.00"
2020-11-02,2020110204002429,GIC,41,50,10,526.00,"5,260.00"
2020-11-02,2020110204002428,GIC,41,56,10,526.00,"5,260.00"
2020-11-02,2020110204002426,GIC,41,41,10,526.00,"5,260.00"
2020-11-02,2020110204002438,GIC,45,41,10,526.00,"5,260.00"
2020-11-02,2020110204002437,GIC,45,38,10,526.00,"5,260.00"
2020-11-02,2020110204002436,GIC,45,34,10,526.00,"5,260.00"
2020-11-02,2020110204002435,GIC,45,28,10,526.00,"5,260.00"
2020-11-02,2020110204002434,GIC,45,38,10,526.00,"5,260.00"
2020-11-02,2020110204002433,GIC,45,41,10,526.00,"5,260.00"
2020-11-02,2020110204002448,GIC,43,38,10,525.00,"5,250.00"
2020-11-02,2020110204002444,GIC,43,41,10,525.00,"5,250.00"
2020-11-02,2020110204002442,GIC,45,34,10,526.00,"5,260.00"
2020-11-02,2020110204002441,GIC,45,58,10,526.00,"5,260.00"
2020-11-02,2020110204002440,GIC,45,41,10,526.00,"5,260.00"
2020-11-02,2020110204002439,GIC,45,33,10,526.00,"5,260.00"
2020-11-02,2020110204002455,GIC,43,4,10,525.00,"5,250.00"
2020-11-02,2020110204002454,GIC,43,10,10,525.00,"5,250.00"
2020-11-02,2020110204002453,GIC,43,56,10,525.00,"5,250.00"
2020-11-02,2020110204002452,GIC,43,34,10,525.00,"5,250.00"
2020-11-02,2020110204002451,GIC,43,10,10,525.00,"5,250.00"
2020-11-02,2020110204002450,GIC,43,41,10,525.00,"5,250.00"
2020-11-02,2020110204002461,GIC,43,6,10,525.00,"5,250.00"
2020-11-02,2020110204002460,GIC,43,46,10,525.00,"5,250.00"
2020-11-02,2020110204002459,GIC,43,10,10,525.00,"5,250.00"
2020-11-02,2020110204002458,GIC,43,52,10,525.00,"5,250.00"
2020-11-02,2020110204002457,GIC,43,38,10,525.00,"5,250.00"
2020-11-02,2020110204002456,GIC,43,34,10,525.00,"5,250.00"
2020-11-02,2020110204002468,GIC,13,58,10,526.00,"5,260.00"
2020-11-02,2020110204002467,GIC,43,16,10,525.00,"5,250.00"
2020-11-02,2020110204002465,GIC,43,38,10,525.00,"5,250.00"
2020-11-02,2020110204002464,GIC,43,16,10,525.00,"5,250.00"
2020-11-02,2020110204002463,GIC,43,44,10,525.00,"5,250.00"
2020-11-02,2020110204002462,GIC,43,58,10,525.00,"5,250.00"
2020-11-02,2020110204002474,GIC,43,41,10,525.00,"5,250.00"
2020-11-02,2020110204002473,GIC,43,16,10,525.00,"5,250.00"
2020-11-02,2020110204002472,GIC,43,38,10,525.00,"5,250.00"
2020-11-02,2020110204002471,GIC,43,16,10,525.00,"5,250.00"
2020-11-02,2020110204002470,GIC,43,44,10,525.00,"5,250.00"
2020-11-02,2020110204002469,GIC,45,55,10,526.00,"5,260.00"
2020-11-02,2020110204002480,GIC,43,16,10,525.00,"5,250.00"
2020-11-02,2020110204002479,GIC,43,20,10,525.00,"5,250.00"
2020-11-02,2020110204002478,GIC,43,40,10,525.00,"5,250.00"
2020-11-02,2020110204002477,GIC,43,38,10,525.00,"5,250.00"
2020-11-02,2020110204002476,GIC,43,55,10,525.00,"5,250.00"
2020-11-02,2020110204002475,GIC,43,16,10,525.00,"5,250.00"
2020-11-02,2020110204002486,GIC,52,44,10,525.00,"5,250.00"
2020-11-02,2020110204002485,GIC,52,16,10,525.00,"5,250.00"
2020-11-02,2020110204002484,GIC,52,16,10,525.00,"5,250.00"
2020-11-02,2020110204002483,GIC,43,44,10,525.00,"5,250.00"
2020-11-02,2020110204002482,GIC,43,36,10,525.00,"5,250.00"
2020-11-02,2020110204002481,GIC,43,16,10,525.00,"5,250.00"
2020-11-02,2020110204002499,GIC,14,34,10,525.00,"5,250.00"
2020-11-02,2020110204002498,GIC,14,50,10,525.00,"5,250.00"
2020-11-02,2020110204002497,GIC,14,44,10,525.00,"5,250.00"
2020-11-02,2020110204002489,GIC,52,46,10,525.00,"5,250.00"
2020-11-02,2020110204002488,GIC,45,21,10,526.00,"5,260.00"
2020-11-02,2020110204002487,GIC,52,16,10,525.00,"5,250.00"
2020-11-02,2020110204002505,GIC,35,32,10,526.00,"5,260.00"
2020-11-02,2020110204002504,GIC,35,58,10,526.00,"5,260.00"
2020-11-02,2020110204002503,GIC,35,13,10,526.00,"5,260.00"
2020-11-02,2020110204002502,GIC,35,40,70,526.00,"36,820.00"
2020-11-02,2020110204002501,GIC,41,40,30,526.00,"15,780.00"
2020-11-02,2020110204002500,GIC,14,57,10,525.00,"5,250.00"
2020-11-02,2020110204002511,GIC,1,22,10,527.00,"5,270.00"
2020-11-02,2020110204002510,GIC,1,58,10,527.00,"5,270.00"
2020-11-02,2020110204002509,GIC,1,21,10,527.00,"5,270.00"
2020-11-02,2020110204002508,GIC,25,25,10,526.00,"5,260.00"
2020-11-02,2020110204002507,GIC,32,58,10,527.00,"5,270.00"
2020-11-02,2020110204002506,GIC,32,46,10,527.00,"5,270.00"
2020-11-02,2020110204002518,GIC,25,34,10,526.00,"5,260.00"
2020-11-02,2020110204002517,GIC,1,16,10,527.00,"5,270.00"
2020-11-02,2020110204002516,GIC,1,57,10,527.00,"5,270.00"
2020-11-02,2020110204002514,GIC,1,45,10,527.00,"5,270.00"
2020-11-02,2020110204002513,GIC,1,45,10,527.00,"5,270.00"
2020-11-02,2020110204002512,GIC,1,45,10,527.00,"5,270.00"
2020-11-02,2020110204002524,GIC,25,21,10,526.00,"5,260.00"
2020-11-02,2020110204002523,GIC,25,34,10,526.00,"5,260.00"
2020-11-02,2020110204002522,GIC,25,38,10,526.00,"5,260.00"
2020-11-02,2020110204002521,GIC,25,34,10,526.00,"5,260.00"
2020-11-02,2020110204002520,GIC,25,10,10,526.00,"5,260.00"
2020-11-02,2020110204002519,GIC,25,16,10,526.00,"5,260.00"
2020-11-02,2020110204002530,GIC,25,26,10,526.00,"5,260.00"
2020-11-02,2020110204002529,GIC,25,10,10,526.00,"5,260.00"
2020-11-02,2020110204002528,GIC,25,34,10,526.00,"5,260.00"
2020-11-02,2020110204002527,GIC,25,34,10,526.00,"5,260.00"
2020-11-02,2020110204002526,GIC,25,58,10,526.00,"5,260.00"
2020-11-02,2020110204002525,GIC,25,16,10,526.00,"5,260.00"
2020-11-02,2020110204002539,GIC,13,51,10,527.00,"5,270.00"
2020-11-02,2020110204002538,GIC,13,32,10,527.00,"5,270.00"
2020-11-02,2020110204002537,GIC,13,56,10,527.00,"5,270.00"
2020-11-02,2020110204002533,GIC,10,22,10,527.00,"5,270.00"
2020-11-02,2020110204002532,GIC,10,28,10,527.00,"5,270.00"
2020-11-02,2020110204002531,GIC,25,34,10,526.00,"5,260.00"
2020-11-02,2020110204002546,GIC,25,57,10,526.00,"5,260.00"
2020-11-02,2020110204002545,GIC,25,47,10,526.00,"5,260.00"
2020-11-02,2020110204002544,GIC,25,4,10,526.00,"5,260.00"
2020-11-02,2020110204002542,GIC,25,26,10,526.00,"5,260.00"
2020-11-02,2020110204002541,GIC,13,34,10,527.00,"5,270.00"
2020-11-02,2020110204002540,GIC,13,25,10,527.00,"5,270.00"
2020-11-02,2020110204002553,GIC,11,48,10,526.00,"5,260.00"
2020-11-02,2020110204002551,GIC,11,45,10,526.00,"5,260.00"
2020-11-02,2020110204002550,GIC,11,19,10,526.00,"5,260.00"
2020-11-02,2020110204002549,GIC,11,48,10,526.00,"5,260.00"
2020-11-02,2020110204002548,GIC,25,22,10,526.00,"5,260.00"
2020-11-02,2020110204002547,GIC,28,34,10,527.00,"5,270.00"
2020-11-02,2020110204002560,GIC,11,22,10,526.00,"5,260.00"
2020-11-02,2020110204002559,GIC,11,4,10,526.00,"5,260.00"
2020-11-02,2020110204002558,GIC,11,43,10,526.00,"5,260.00"
2020-11-02,2020110204002557,GIC,11,53,10,526.00,"5,260.00"
2020-11-02,2020110204002556,GIC,11,28,10,526.00,"5,260.00"
2020-11-02,2020110204002555,GIC,11,47,10,526.00,"5,260.00"
2020-11-02,2020110204002568,GIC,11,22,10,526.00,"5,260.00"
2020-11-02,2020110204002567,GIC,11,46,10,526.00,"5,260.00"
2020-11-02,2020110204002566,GIC,11,57,10,526.00,"5,260.00"
2020-11-02,2020110204002565,GIC,11,38,10,526.00,"5,260.00"
2020-11-02,2020110204002563,GIC,11,45,10,526.00,"5,260.00"
2020-11-02,2020110204002562,GIC,11,45,10,526.00,"5,260.00"
2020-11-02,2020110204002577,GIC,11,11,10,526.00,"5,260.00"
2020-11-02,2020110204002576,GIC,11,48,10,526.00,"5,260.00"
2020-11-02,2020110204002575,GIC,41,51,100,527.00,"52,700.00"
2020-11-02,2020110204002574,GIC,41,28,10,527.00,"5,270.00"
2020-11-02,2020110204002572,GIC,11,35,10,526.00,"5,260.00"
2020-11-02,2020110204002571,GIC,11,45,10,526.00,"5,260.00"
2020-11-02,2020110204002585,GIC,14,11,10,526.00,"5,260.00"
2020-11-02,2020110204002584,GIC,43,50,10,527.00,"5,270.00"
2020-11-02,2020110204002583,GIC,14,56,10,526.00,"5,260.00"
2020-11-02,2020110204002582,GIC,14,56,10,526.00,"5,260.00"
2020-11-02,2020110204002581,GIC,41,41,10,526.00,"5,260.00"
2020-11-02,2020110204002578,GIC,41,35,10,526.00,"5,260.00"
2020-11-02,2020110204002591,GIC,21,28,10,526.00,"5,260.00"
2020-11-02,2020110204002590,GIC,21,33,85,526.00,"44,710.00"
2020-11-02,2020110204002589,GIC,45,33,15,526.00,"7,890.00"
2020-11-02,2020110204002588,GIC,41,33,50,526.00,"26,300.00"
2020-11-02,2020110204002587,GIC,14,33,60,526.00,"31,560.00"
2020-11-02,2020110204002586,GIC,14,56,10,526.00,"5,260.00"
2020-11-02,2020110204002597,GIC,21,51,10,526.00,"5,260.00"
2020-11-02,2020110204002596,GIC,21,28,10,526.00,"5,260.00"
2020-11-02,2020110204002595,GIC,21,16,10,526.00,"5,260.00"
2020-11-02,2020110204002594,GIC,1,56,10,527.00,"5,270.00"
2020-11-02,2020110204002593,GIC,1,58,10,527.00,"5,270.00"
2020-11-02,2020110204002592,GIC,21,28,10,526.00,"5,260.00"
2020-11-02,2020110204002612,GIC,39,21,10,526.00,"5,260.00"
2020-11-02,2020110204002610,GIC,45,38,10,526.00,"5,260.00"
2020-11-02,2020110204002609,GIC,58,21,10,526.00,"5,260.00"
2020-11-02,2020110204002602,GIC,58,46,10,526.00,"5,260.00"
2020-11-02,2020110204002600,GIC,53,46,10,526.00,"5,260.00"
2020-11-02,2020110204002599,GIC,21,51,10,526.00,"5,260.00"
2020-11-02,2020110204002619,GIC,42,54,10,526.00,"5,260.00"
2020-11-02,2020110204002617,GIC,39,58,10,526.00,"5,260.00"
2020-11-02,2020110204002616,GIC,39,21,10,526.00,"5,260.00"
2020-11-02,2020110204002615,GIC,39,39,10,526.00,"5,260.00"
2020-11-02,2020110204002614,GIC,39,3,10,526.00,"5,260.00"
2020-11-02,2020110204002613,GIC,39,45,50,526.00,"26,300.00"
2020-11-02,2020110204002626,GIC,7,4,10,526.00,"5,260.00"
2020-11-02,2020110204002625,GIC,7,35,10,526.00,"5,260.00"
2020-11-02,2020110204002624,GIC,7,39,10,526.00,"5,260.00"
2020-11-02,2020110204002622,GIC,7,46,10,526.00,"5,260.00"
2020-11-02,2020110204002621,GIC,7,45,10,526.00,"5,260.00"
2020-11-02,2020110204002620,GIC,7,39,10,526.00,"5,260.00"
2020-11-02,2020110204002638,GIC,7,39,10,526.00,"5,260.00"
2020-11-02,2020110204002637,GIC,7,53,10,526.00,"5,260.00"
2020-11-02,2020110204002634,GIC,7,38,10,526.00,"5,260.00"
2020-11-02,2020110204002633,GIC,7,41,10,526.00,"5,260.00"
2020-11-02,2020110204002632,GIC,7,39,10,526.00,"5,260.00"
2020-11-02,2020110204002627,GIC,7,3,10,526.00,"5,260.00"
2020-11-02,2020110204002644,GIC,11,45,10,527.00,"5,270.00"
2020-11-02,2020110204002643,GIC,11,38,10,527.00,"5,270.00"
2020-11-02,2020110204002642,GIC,3,29,10,526.00,"5,260.00"
2020-11-02,2020110204002641,GIC,3,21,10,526.00,"5,260.00"
2020-11-02,2020110204002640,GIC,3,32,70,526.00,"36,820.00"
2020-11-02,2020110204002639,GIC,7,32,130,526.00,"68,380.00"
2020-11-02,2020110204002651,GIC,3,29,10,526.00,"5,260.00"
2020-11-02,2020110204002649,GIC,11,11,10,527.00,"5,270.00"
2020-11-02,2020110204002648,GIC,11,55,10,527.00,"5,270.00"
2020-11-02,2020110204002647,GIC,11,14,10,527.00,"5,270.00"
2020-11-02,2020110204002646,GIC,11,42,10,527.00,"5,270.00"
2020-11-02,2020110204002645,GIC,11,37,10,527.00,"5,270.00"
2020-11-02,2020110204002657,GIC,3,1,10,526.00,"5,260.00"
2020-11-02,2020110204002656,GIC,3,29,10,526.00,"5,260.00"
2020-11-02,2020110204002655,GIC,3,29,10,526.00,"5,260.00"
2020-11-02,2020110204002654,GIC,45,39,100,528.00,"52,800.00"
2020-11-02,2020110204002653,GIC,3,21,10,526.00,"5,260.00"
2020-11-02,2020110204002652,GIC,3,29,10,526.00,"5,260.00"
2020-11-02,2020110204002674,GIC,3,29,10,526.00,"5,260.00"
2020-11-02,2020110204002671,GIC,3,29,10,526.00,"5,260.00"
2020-11-02,2020110204002670,GIC,3,28,10,526.00,"5,260.00"
2020-11-02,2020110204002669,GIC,3,35,10,526.00,"5,260.00"
2020-11-02,2020110204002659,GIC,3,29,10,526.00,"5,260.00"
2020-11-02,2020110204002658,GIC,3,21,10,526.00,"5,260.00"
2020-11-02,2020110204002680,GIC,36,42,10,527.00,"5,270.00"
2020-11-02,2020110204002679,GIC,45,42,200,527.00,"105,400.00"
2020-11-02,2020110204002678,GIC,36,29,10,527.00,"5,270.00"
2020-11-02,2020110204002677,GIC,36,44,10,527.00,"5,270.00"
2020-11-02,2020110204002676,GIC,36,1,10,527.00,"5,270.00"
2020-11-02,2020110204002675,GIC,36,29,10,527.00,"5,270.00"
2020-11-02,2020110204002686,GIC,36,29,10,527.00,"5,270.00"
2020-11-02,2020110204002685,GIC,41,39,30,528.00,"15,840.00"
2020-11-02,2020110204002684,GIC,36,51,10,527.00,"5,270.00"
2020-11-02,2020110204002683,GIC,36,29,10,527.00,"5,270.00"
2020-11-02,2020110204002682,GIC,36,47,10,527.00,"5,270.00"
2020-11-02,2020110204002681,GIC,36,35,10,527.00,"5,270.00"
2020-11-02,2020110204002694,GIC,36,50,10,527.00,"5,270.00"
2020-11-02,2020110204002693,GIC,36,38,10,527.00,"5,270.00"
2020-11-02,2020110204002692,GIC,36,11,10,527.00,"5,270.00"
2020-11-02,2020110204002691,GIC,36,38,10,527.00,"5,270.00"
2020-11-02,2020110204002688,GIC,36,35,10,527.00,"5,270.00"
2020-11-02,2020110204002687,GIC,36,14,10,527.00,"5,270.00"
2020-11-02,2020110204002700,GIC,36,28,10,527.00,"5,270.00"
2020-11-02,2020110204002699,GIC,36,38,10,527.00,"5,270.00"
2020-11-02,2020110204002698,GIC,36,34,10,527.00,"5,270.00"
2020-11-02,2020110204002697,GIC,36,46,10,527.00,"5,270.00"
2020-11-02,2020110204002696,GIC,36,41,10,527.00,"5,270.00"
2020-11-02,2020110204002695,GIC,36,34,10,527.00,"5,270.00"
2020-11-02,2020110204002706,GIC,41,39,20,528.00,"10,560.00"
2020-11-02,2020110204002705,GIC,36,54,10,527.00,"5,270.00"
2020-11-02,2020110204002704,GIC,36,41,10,527.00,"5,270.00"
2020-11-02,2020110204002703,GIC,36,38,10,527.00,"5,270.00"
2020-11-02,2020110204002702,GIC,36,41,10,527.00,"5,270.00"
2020-11-02,2020110204002701,GIC,36,38,10,527.00,"5,270.00"
2020-11-02,2020110204002714,GIC,36,3,10,527.00,"5,270.00"
2020-11-02,2020110204002712,GIC,36,57,10,527.00,"5,270.00"
2020-11-02,2020110204002711,GIC,36,21,10,527.00,"5,270.00"
2020-11-02,2020110204002710,GIC,36,3,10,527.00,"5,270.00"
2020-11-02,2020110204002709,GIC,36,16,10,527.00,"5,270.00"
2020-11-02,2020110204002708,GIC,36,21,10,527.00,"5,270.00"
2020-11-02,2020110204002723,GIC,51,39,10,527.00,"5,270.00"
2020-11-02,2020110204002722,GIC,39,39,50,527.00,"26,350.00"
2020-11-02,2020110204002721,GIC,36,39,140,527.00,"73,780.00"
2020-11-02,2020110204002720,GIC,36,21,10,527.00,"5,270.00"
2020-11-02,2020110204002718,GIC,36,25,10,527.00,"5,270.00"
2020-11-02,2020110204002717,GIC,36,44,10,527.00,"5,270.00"
2020-11-02,2020110204002732,GIC,3,55,10,526.00,"5,260.00"
2020-11-02,2020110204002730,GIC,3,49,10,526.00,"5,260.00"
2020-11-02,2020110204002729,GIC,3,59,10,526.00,"5,260.00"
2020-11-02,2020110204002727,GIC,3,4,10,526.00,"5,260.00"
2020-11-02,2020110204002725,GIC,51,42,10,527.00,"5,270.00"
2020-11-02,2020110204002724,GIC,51,28,10,527.00,"5,270.00"
2020-11-02,2020110204002741,GIC,26,32,10,527.00,"5,270.00"
2020-11-02,2020110204002740,GIC,3,57,10,526.00,"5,260.00"
2020-11-02,2020110204002739,GIC,3,38,10,526.00,"5,260.00"
2020-11-02,2020110204002738,GIC,3,22,10,526.00,"5,260.00"
2020-11-02,2020110204002737,GIC,3,58,10,526.00,"5,260.00"
2020-11-02,2020110204002736,GIC,3,6,10,526.00,"5,260.00"
2020-11-02,2020110204002748,GIC,1,39,10,526.00,"5,260.00"
2020-11-02,2020110204002747,GIC,1,41,10,526.00,"5,260.00"
2020-11-02,2020110204002746,GIC,1,57,10,526.00,"5,260.00"
2020-11-02,2020110204002745,GIC,1,39,10,526.00,"5,260.00"
2020-11-02,2020110204002743,GIC,26,39,20,528.00,"10,560.00"
2020-11-02,2020110204002742,GIC,26,36,10,527.00,"5,270.00"
2020-11-02,2020110204002755,GIC,51,14,20,526.00,"10,520.00"
2020-11-02,2020110204002754,GIC,26,14,100,526.00,"52,600.00"
2020-11-02,2020110204002753,GIC,1,14,430,526.00,"226,180.00"
2020-11-02,2020110204002752,GIC,1,39,10,526.00,"5,260.00"
2020-11-02,2020110204002750,GIC,1,42,10,526.00,"5,260.00"
2020-11-02,2020110204002749,GIC,1,26,10,526.00,"5,260.00"
2020-11-02,2020110204002761,GIC,14,14,460,525.00,"241,500.00"
2020-11-02,2020110204002760,GIC,49,14,40,526.00,"21,040.00"
2020-11-02,2020110204002759,GIC,51,14,20,526.00,"10,520.00"
2020-11-02,2020110204002758,GIC,48,14,100,526.00,"52,600.00"
2020-11-02,2020110204002757,GIC,49,14,40,526.00,"21,040.00"
2020-11-02,2020110204002756,GIC,42,14,100,526.00,"52,600.00"
2020-11-02,2020110204002767,GIC,29,14,200,525.00,"105,000.00"
2020-11-02,2020110204002766,GIC,29,14,50,525.00,"26,250.00"
2020-11-02,2020110204002765,GIC,49,14,100,525.00,"52,500.00"
2020-11-02,2020110204002764,GIC,52,14,10,525.00,"5,250.00"
2020-11-02,2020110204002763,GIC,14,14,50,525.00,"26,250.00"
2020-11-02,2020110204002762,GIC,38,14,200,525.00,"105,000.00"
2020-11-02,2020110204002773,GIC,59,14,150,525.00,"78,750.00"
2020-11-02,2020110204002772,GIC,48,14,100,525.00,"52,500.00"
2020-11-02,2020110204002771,GIC,1,14,10,525.00,"5,250.00"
2020-11-02,2020110204002770,GIC,6,14,20,525.00,"10,500.00"
2020-11-02,2020110204002769,GIC,58,14,60,525.00,"31,500.00"
2020-11-02,2020110204002768,GIC,34,14,50,525.00,"26,250.00"
2020-11-02,2020110204002779,GIC,1,14,100,525.00,"52,500.00"
2020-11-02,2020110204002778,GIC,6,14,100,525.00,"52,500.00"
2020-11-02,2020110204002777,GIC,35,14,30,525.00,"15,750.00"
2020-11-02,2020110204002776,GIC,29,14,500,525.00,"262,500.00"
2020-11-02,2020110204002775,GIC,34,14,90,525.00,"47,250.00"
2020-11-02,2020110204002774,GIC,56,14,50,525.00,"26,250.00"
2020-11-02,2020110204002785,GIC,21,14,700,525.00,"367,500.00"
2020-11-02,2020110204002784,GIC,50,14,200,525.00,"105,000.00"
2020-11-02,2020110204002783,GIC,25,14,20,525.00,"10,500.00"
2020-11-02,2020110204002782,GIC,49,14,50,525.00,"26,250.00"
2020-11-02,2020110204002781,GIC,52,14,250,525.00,"131,250.00"
2020-11-02,2020110204002780,GIC,40,14,100,525.00,"52,500.00"
2020-11-02,2020110204002791,GIC,21,39,10,525.00,"5,250.00"
2020-11-02,2020110204002790,GIC,21,39,10,525.00,"5,250.00"
2020-11-02,2020110204002789,GIC,43,49,10,527.00,"5,270.00"
2020-11-02,2020110204002788,GIC,43,58,10,527.00,"5,270.00"
2020-11-02,2020110204002787,GIC,58,17,10,526.00,"5,260.00"
2020-11-02,2020110204002786,GIC,21,39,10,525.00,"5,250.00"
2020-11-02,2020110204002797,GIC,48,6,10,526.00,"5,260.00"
2020-11-02,2020110204002796,GIC,48,58,10,526.00,"5,260.00"
2020-11-02,2020110204002795,GIC,48,50,10,526.00,"5,260.00"
2020-11-02,2020110204002794,GIC,48,58,10,526.00,"5,260.00"
2020-11-02,2020110204002793,GIC,7,58,10,526.00,"5,260.00"
2020-11-02,2020110204002792,GIC,43,42,10,527.00,"5,270.00"
2020-11-02,2020110204002812,GIC,48,58,10,526.00,"5,260.00"
2020-11-02,2020110204002811,GIC,48,46,10,526.00,"5,260.00"
2020-11-02,2020110204002809,GIC,48,21,10,526.00,"5,260.00"
2020-11-02,2020110204002808,GIC,48,6,10,526.00,"5,260.00"
2020-11-02,2020110204002807,GIC,48,39,10,526.00,"5,260.00"
2020-11-02,2020110204002798,GIC,48,39,10,526.00,"5,260.00"
2020-11-02,2020110204002821,GIC,44,42,10,526.00,"5,260.00"
2020-11-02,2020110204002819,GIC,44,46,10,526.00,"5,260.00"
2020-11-02,2020110204002818,GIC,44,48,10,526.00,"5,260.00"
2020-11-02,2020110204002815,GIC,21,17,10,525.00,"5,250.00"
2020-11-02,2020110204002814,GIC,21,26,10,525.00,"5,250.00"
2020-11-02,2020110204002813,GIC,21,39,10,525.00,"5,250.00"
2020-11-02,2020110204002707,GIMES1,34,28,500,9.87,"4,935.00"
2020-11-02,2020110204002543,GIMES1,34,47,"1,000",9.87,"9,870.00"
2020-11-02,2020110204002810,LEMF,6,58,"1,000",9.11,"9,110.00"
2020-11-02,2020110204002728,LUK,34,49,400,9.01,"3,604.00"
2020-11-02,2020110204002573,LUK,48,38,100,9.00,900.00
2020-11-02,2020110204002536,LUK,48,17,"2,000",9.00,"18,000.00"
2020-11-02,2020110204002535,LUK,48,53,300,9.00,"2,700.00"
2020-11-02,2020110204002534,LUK,48,6,500,9.00,"4,500.00"
2020-11-02,2020110204002342,LUK,38,53,200,9.00,"1,800.00"
2020-11-02,2020110204002341,LUK,38,42,100,9.00,900.00
2020-11-02,2020110204002672,NBF2,6,14,100,9.25,925.00
2020-11-02,2020110204002580,NBF2,53,41,100,9.20,920.00
2020-11-02,2020110204002579,NBF2,53,41,100,9.20,920.00
2020-11-02,2020110204002424,NBF2,53,43,100,9.20,920.00
2020-11-02,2020110204002713,NEF,14,46,"1,304",9.10,"11,866.40"
2020-11-02,2020110204002690,NEF,28,58,713,9.12,"6,502.56"
2020-11-02,2020110204002689,NEF,21,58,100,9.14,914.00
2020-11-02,2020110204002443,NEF,28,26,"1,701",9.12,"15,513.12"
2020-11-02,2020110204002805,NIBPO,8,57,495,378.00,"187,110.00"
2020-11-02,2020110204002804,NIBPO,47,57,30,378.00,"11,340.00"
2020-11-02,2020110204002803,NIBPO,55,57,250,378.00,"94,500.00"
2020-11-02,2020110204002802,NIBPO,47,57,100,378.00,"37,800.00"
2020-11-02,2020110204002801,NIBPO,39,57,35,378.00,"13,230.00"
2020-11-02,2020110204002800,NIBPO,11,57,260,379.00,"98,540.00"
2020-11-02,2020110204002799,NIBPO,8,57,30,379.00,"11,370.00"
2020-11-02,2020110204002735,NIBPO,47,6,100,380.00,"38,000.00"
2020-11-02,2020110204002734,NIBPO,47,6,150,380.00,"57,000.00"
2020-11-02,2020110204002733,NIBPO,47,6,17,380.00,"6,460.00"
2020-11-02,2020110204002623,NIBPO,47,7,20,380.00,"7,600.00"
2020-11-02,2020110204002402,NIBPO,1,6,800,382.00,"305,600.00"
2020-11-02,2020110204002603,NICGF,33,8,500,9.88,"4,940.00"
2020-11-02,2020110204002598,NICGF,33,8,500,9.88,"4,940.00"
2020-11-02,2020110204002569,NICGF,33,17,500,9.88,"4,940.00"
2020-11-02,2020110204002423,NICGF,17,22,"10,000",9.89,"98,900.00"
2020-11-02,2020110204002422,NICGF,17,22,"10,000",9.88,"98,800.00"
2020-11-02,2020110204002381,NICGF,34,38,"1,000",9.85,"9,850.00"
2020-11-02,2020110204002447,NMB50,34,38,900,9.46,"8,514.00"
2020-11-02,2020110204002446,NMB50,46,38,"1,600",9.47,"15,152.00"
2020-11-02,2020110204002375,NMB50,46,39,200,9.47,"1,894.00"
2020-11-02,2020110204002650,NMBHF1,14,42,189,9.43,"1,782.27"
2020-11-02,2020110204002445,NMBHF1,14,26,"2,382",9.43,"22,462.26"
2020-11-02,2020110204002731,RBCLPO,19,35,10,"11,600.00","116,000.00"
2020-11-02,2020110204002636,RBCLPO,54,58,10,"11,627.00","116,270.00"
2020-11-02,2020110204002635,RBCLPO,54,45,10,"11,625.00","116,250.00"
2020-11-02,2020110204002631,RBCLPO,54,33,30,"11,600.00","348,000.00"
2020-11-02,2020110204002630,RBCLPO,54,59,10,"11,600.00","116,000.00"
2020-11-02,2020110204002629,RBCLPO,54,43,20,"11,600.00","232,000.00"
2020-11-02,2020110204002495,RBCLPO,35,33,30,"11,450.00","343,500.00"
2020-11-02,2020110204002494,RBCLPO,35,17,50,"11,450.00","572,500.00"
2020-11-02,2020110204002493,RBCLPO,35,26,70,"11,440.00","800,800.00"
2020-11-02,2020110204002492,RBCLPO,35,59,30,"11,400.00","342,000.00"
2020-11-02,2020110204002491,RBCLPO,35,59,10,"11,395.00","113,950.00"
2020-11-02,2020110204002490,RBCLPO,35,1,10,"11,321.00","113,210.00"
2020-11-02,2020110204002628,RBCLPO,54,48,10,"11,600.00","116,000.00"
2020-11-02,2020110204002607,RBCLPO,8,44,20,"11,525.00","230,500.00"
2020-11-02,2020110204002606,RBCLPO,8,59,10,"11,475.00","114,750.00"
2020-11-02,2020110204002605,RBCLPO,8,19,20,"11,475.00","229,500.00"
2020-11-02,2020110204002604,RBCLPO,8,41,20,"11,470.00","229,400.00"
2020-11-02,2020110204002496,RBCLPO,35,33,540,"11,450.00","6,183,000.00"
2020-11-02,2020110204002611,SAEF,59,6,"1,000",9.97,"9,970.00"
2020-11-02,2020110204002552,SAEF,59,42,"2,000",9.97,"19,940.00"
2020-11-02,2020110204002820,SEF,19,33,"1,610",9.55,"15,375.50"
2020-11-02,2020110204002817,SEF,19,33,"2,000",9.54,"19,080.00"
2020-11-02,2020110204002806,SEF,34,36,"1,000",9.53,"9,530.00"
2020-11-02,2020110204002744,SEF,34,42,500,9.53,"4,765.00"
2020-11-02,2020110204002726,SEF,34,42,500,9.53,"4,765.00"
2020-11-02,2020110204002618,SEF,19,33,890,9.55,"8,499.50"
2020-11-02,2020110204002427,SEF,45,44,"1,000",9.55,"9,550.00"
2020-11-02,2020110204002379,SEF,45,45,"1,500",9.55,"14,325.00"
2020-11-02,2020110204002608,SEF,19,33,"9,000",9.55,"85,950.00"
2020-11-02,2020110204002570,SEF,34,17,500,9.53,"4,765.00"
2020-11-02,2020110204002561,SEF,47,52,"20,000",9.54,"190,800.00"
2020-11-02,2020110204002554,SEF,19,42,"1,000",9.55,"9,550.00"
2020-11-02,2020110204002515,SEF,45,54,"2,000",9.55,"19,100.00"
2020-11-02,2020110204002449,SEF,45,50,500,9.55,"4,775.00"
2020-11-02,2020110204002751,STC,1,3,20,"3,725.00","74,500.00"
2020-11-02,2020110204002719,STC,55,3,50,"3,729.00","186,450.00"
2020-11-02,2020110204002716,STC,55,19,50,"3,729.00","186,450.00"
2020-11-02,2020110204002715,STC,55,19,20,"3,735.00","74,700.00"
2020-11-02,2020110204002673,STC,55,58,80,"3,735.00","298,800.00"
2020-11-02,2020110204002668,STC,57,58,30,"3,750.00","112,500.00"
2020-11-02,2020110204002661,STC,22,58,10,"3,760.00","37,600.00"
2020-11-02,2020110204002660,STC,11,58,15,"3,760.00","56,400.00"
2020-11-02,2020110204002601,STC,52,3,20,"3,788.00","75,760.00"
2020-11-02,2020110204002466,STC,10,42,60,"3,800.00","228,000.00"
2020-11-02,2020110204002667,STC,56,58,10,"3,750.00","37,500.00"
2020-11-02,2020110204002666,STC,45,58,100,"3,752.00","375,200.00"
2020-11-02,2020110204002665,STC,1,58,10,"3,752.00","37,520.00"
2020-11-02,2020110204002664,STC,38,58,15,"3,755.00","56,325.00"
2020-11-02,2020110204002663,STC,38,58,10,"3,760.00","37,600.00"
2020-11-02,2020110204002662,STC,13,58,20,"3,760.00","75,200.00"
2020-11-02,2020110204002235,BBC,36,34,10,"2,129.00","21,290.00"
2020-11-02,2020110204002189,BBC,36,14,20,"2,129.00","42,580.00"
2020-11-02,2020110204002066,BBC,3,42,10,"2,129.00","21,290.00"
2020-11-02,2020110204002132,CMF1,43,10,500,9.61,"4,805.00"
2020-11-02,2020110204001904,CMF1,22,58,"6,200",9.80,"60,760.00"
2020-11-02,2020110204002273,GBD80/81,13,34,75,"1,071.00","80,325.00"
2020-11-02,2020110204002327,GIC,57,42,10,528.00,"5,280.00"
2020-11-02,2020110204002326,GIC,46,21,10,527.00,"5,270.00"
2020-11-02,2020110204002325,GIC,46,33,10,527.00,"5,270.00"
2020-11-02,2020110204002324,GIC,46,21,10,527.00,"5,270.00"
2020-11-02,2020110204002323,GIC,46,21,10,527.00,"5,270.00"
2020-11-02,2020110204002322,GIC,46,21,10,527.00,"5,270.00"
2020-11-02,2020110204001829,GIC,39,34,10,525.00,"5,250.00"
2020-11-02,2020110204001828,GIC,39,50,10,525.00,"5,250.00"
2020-11-02,2020110204001835,GIC,14,51,10,525.00,"5,250.00"
2020-11-02,2020110204001834,GIC,22,32,10,526.00,"5,260.00"
2020-11-02,2020110204001833,GIC,14,41,10,525.00,"5,250.00"
2020-11-02,2020110204001832,GIC,14,36,10,525.00,"5,250.00"
2020-11-02,2020110204001831,GIC,14,38,10,525.00,"5,250.00"
2020-11-02,2020110204001830,GIC,14,58,10,525.00,"5,250.00"
2020-11-02,2020110204001841,GIC,14,38,10,525.00,"5,250.00"
2020-11-02,2020110204001840,GIC,14,21,10,525.00,"5,250.00"
2020-11-02,2020110204001839,GIC,14,45,10,525.00,"5,250.00"
2020-11-02,2020110204001838,GIC,14,56,10,525.00,"5,250.00"
2020-11-02,2020110204001837,GIC,14,38,10,525.00,"5,250.00"
2020-11-02,2020110204001836,GIC,14,16,10,525.00,"5,250.00"
2020-11-02,2020110204001848,GIC,35,56,10,525.00,"5,250.00"
2020-11-02,2020110204001847,GIC,6,26,10,525.00,"5,250.00"
2020-11-02,2020110204001846,GIC,14,44,10,525.00,"5,250.00"
2020-11-02,2020110204001844,GIC,14,46,10,525.00,"5,250.00"
2020-11-02,2020110204001843,GIC,14,56,10,525.00,"5,250.00"
2020-11-02,2020110204001842,GIC,14,56,10,525.00,"5,250.00"
2020-11-02,2020110204001854,GIC,16,57,10,525.00,"5,250.00"
2020-11-02,2020110204001853,GIC,16,49,10,525.00,"5,250.00"
2020-11-02,2020110204001852,GIC,35,38,10,525.00,"5,250.00"
2020-11-02,2020110204001851,GIC,35,56,10,525.00,"5,250.00"
2020-11-02,2020110204001850,GIC,35,36,10,525.00,"5,250.00"
2020-11-02,2020110204001849,GIC,35,26,10,525.00,"5,250.00"
2020-11-02,2020110204001860,GIC,45,49,10,525.00,"5,250.00"
2020-11-02,2020110204001859,GIC,45,58,10,525.00,"5,250.00"
2020-11-02,2020110204001858,GIC,58,57,10,525.00,"5,250.00"
2020-11-02,2020110204001857,GIC,16,38,10,525.00,"5,250.00"
2020-11-02,2020110204001856,GIC,16,57,10,525.00,"5,250.00"
2020-11-02,2020110204001855,GIC,16,51,10,525.00,"5,250.00"
2020-11-02,2020110204001867,GIC,56,49,10,525.00,"5,250.00"
2020-11-02,2020110204001866,GIC,41,56,10,525.00,"5,250.00"
2020-11-02,2020110204001864,GIC,41,57,10,525.00,"5,250.00"
2020-11-02,2020110204001863,GIC,41,49,10,525.00,"5,250.00"
2020-11-02,2020110204001862,GIC,41,22,10,525.00,"5,250.00"
2020-11-02,2020110204001861,GIC,41,58,10,525.00,"5,250.00"
2020-11-02,2020110204001873,GIC,56,49,10,525.00,"5,250.00"
2020-11-02,2020110204001872,GIC,56,21,10,525.00,"5,250.00"
2020-11-02,2020110204001871,GIC,56,59,10,525.00,"5,250.00"
2020-11-02,2020110204001870,GIC,56,13,10,525.00,"5,250.00"
2020-11-02,2020110204001869,GIC,56,22,10,525.00,"5,250.00"
2020-11-02,2020110204001868,GIC,56,34,10,525.00,"5,250.00"
2020-11-02,2020110204001879,GIC,57,38,10,524.00,"5,240.00"
2020-11-02,2020110204001878,GIC,57,25,10,524.00,"5,240.00"
2020-11-02,2020110204001877,GIC,57,29,10,524.00,"5,240.00"
2020-11-02,2020110204001876,GIC,56,22,10,525.00,"5,250.00"
2020-11-02,2020110204001875,GIC,56,45,10,525.00,"5,250.00"
2020-11-02,2020110204001874,GIC,56,59,10,525.00,"5,250.00"
2020-11-02,2020110204001885,GIC,52,44,10,525.00,"5,250.00"
2020-11-02,2020110204001884,GIC,52,42,50,525.00,"26,250.00"
2020-11-02,2020110204001883,GIC,52,4,10,525.00,"5,250.00"
2020-11-02,2020110204001882,GIC,52,36,10,525.00,"5,250.00"
2020-11-02,2020110204001881,GIC,51,44,10,525.00,"5,250.00"
2020-11-02,2020110204001880,GIC,57,19,10,524.00,"5,240.00"
2020-11-02,2020110204001893,GIC,57,46,10,524.00,"5,240.00"
2020-11-02,2020110204001892,GIC,57,44,10,524.00,"5,240.00"
2020-11-02,2020110204001891,GIC,57,22,10,524.00,"5,240.00"
2020-11-02,2020110204001890,GIC,57,51,10,524.00,"5,240.00"
2020-11-02,2020110204001889,GIC,57,52,80,524.00,"41,920.00"
2020-11-02,2020110204001888,GIC,52,52,120,525.00,"63,000.00"
2020-11-02,2020110204001905,GIC,57,14,10,524.00,"5,240.00"
2020-11-02,2020110204001902,GIC,57,46,10,524.00,"5,240.00"
2020-11-02,2020110204001901,GIC,35,34,10,525.00,"5,250.00"
2020-11-02,2020110204001900,GIC,35,4,10,525.00,"5,250.00"
2020-11-02,2020110204001899,GIC,35,34,10,525.00,"5,250.00"
2020-11-02,2020110204001896,GIC,57,43,10,524.00,"5,240.00"
2020-11-02,2020110204001913,GIC,57,47,10,524.00,"5,240.00"
2020-11-02,2020110204001910,GIC,57,58,10,524.00,"5,240.00"
2020-11-02,2020110204001909,GIC,57,8,10,524.00,"5,240.00"
2020-11-02,2020110204001908,GIC,57,58,10,524.00,"5,240.00"
2020-11-02,2020110204001907,GIC,45,51,10,525.00,"5,250.00"
2020-11-02,2020110204001906,GIC,57,8,10,524.00,"5,240.00"
2020-11-02,2020110204001919,GIC,44,59,10,524.00,"5,240.00"
2020-11-02,2020110204001918,GIC,44,59,10,524.00,"5,240.00"
2020-11-02,2020110204001917,GIC,44,47,10,524.00,"5,240.00"
2020-11-02,2020110204001916,GIC,44,7,10,524.00,"5,240.00"
2020-11-02,2020110204001915,GIC,44,43,10,524.00,"5,240.00"
2020-11-02,2020110204001914,GIC,57,8,10,524.00,"5,240.00"
2020-11-02,2020110204001926,GIC,41,51,10,524.00,"5,240.00"
2020-11-02,2020110204001924,GIC,44,8,10,524.00,"5,240.00"
2020-11-02,2020110204001923,GIC,44,8,10,524.00,"5,240.00"
2020-11-02,2020110204001922,GIC,44,36,10,524.00,"5,240.00"
2020-11-02,2020110204001921,GIC,44,47,10,524.00,"5,240.00"
2020-11-02,2020110204001920,GIC,44,28,10,524.00,"5,240.00"
2020-11-02,2020110204001934,GIC,57,22,10,524.00,"5,240.00"
2020-11-02,2020110204001933,GIC,57,47,10,524.00,"5,240.00"
2020-11-02,2020110204001932,GIC,57,20,10,524.00,"5,240.00"
2020-11-02,2020110204001931,GIC,22,8,10,525.00,"5,250.00"
2020-11-02,2020110204001930,GIC,57,47,10,524.00,"5,240.00"
2020-11-02,2020110204001927,GIC,57,47,10,524.00,"5,240.00"
2020-11-02,2020110204001942,GIC,3,22,10,524.00,"5,240.00"
2020-11-02,2020110204001941,GIC,57,47,10,524.00,"5,240.00"
2020-11-02,2020110204001940,GIC,57,43,10,524.00,"5,240.00"
2020-11-02,2020110204001939,GIC,57,47,10,524.00,"5,240.00"
2020-11-02,2020110204001938,GIC,57,45,10,524.00,"5,240.00"
2020-11-02,2020110204001935,GIC,57,20,10,524.00,"5,240.00"
2020-11-02,2020110204001948,GIC,16,55,10,525.00,"5,250.00"
2020-11-02,2020110204001947,GIC,16,57,10,525.00,"5,250.00"
2020-11-02,2020110204001946,GIC,16,18,10,525.00,"5,250.00"
2020-11-02,2020110204001945,GIC,16,14,10,525.00,"5,250.00"
2020-11-02,2020110204001944,GIC,3,47,10,524.00,"5,240.00"
2020-11-02,2020110204001943,GIC,3,20,10,524.00,"5,240.00"
2020-11-02,2020110204001955,GIC,3,11,10,524.00,"5,240.00"
2020-11-02,2020110204001954,GIC,3,20,10,524.00,"5,240.00"
2020-11-02,2020110204001953,GIC,3,47,10,524.00,"5,240.00"
2020-11-02,2020110204001951,GIC,3,45,10,524.00,"5,240.00"
2020-11-02,2020110204001950,GIC,16,57,10,525.00,"5,250.00"
2020-11-02,2020110204001949,GIC,16,19,10,525.00,"5,250.00"
2020-11-02,2020110204001966,GIC,5,21,10,524.00,"5,240.00"
2020-11-02,2020110204001965,GIC,5,47,10,524.00,"5,240.00"
2020-11-02,2020110204001964,GIC,45,52,10,524.00,"5,240.00"
2020-11-02,2020110204001963,GIC,3,42,10,524.00,"5,240.00"
2020-11-02,2020110204001961,GIC,3,47,10,524.00,"5,240.00"
2020-11-02,2020110204001960,GIC,3,21,10,524.00,"5,240.00"
2020-11-02,2020110204001974,GIC,5,59,10,524.00,"5,240.00"
2020-11-02,2020110204001973,GIC,5,59,10,524.00,"5,240.00"
2020-11-02,2020110204001970,GIC,5,47,10,524.00,"5,240.00"
2020-11-02,2020110204001969,GIC,5,52,10,524.00,"5,240.00"
2020-11-02,2020110204001968,GIC,5,47,10,524.00,"5,240.00"
2020-11-02,2020110204001967,GIC,5,59,10,524.00,"5,240.00"
2020-11-02,2020110204001980,GIC,41,42,10,524.00,"5,240.00"
2020-11-02,2020110204001979,GIC,13,47,10,524.00,"5,240.00"
2020-11-02,2020110204001978,GIC,13,16,10,524.00,"5,240.00"
2020-11-02,2020110204001977,GIC,13,43,10,524.00,"5,240.00"
2020-11-02,2020110204001976,GIC,5,47,10,524.00,"5,240.00"
2020-11-02,2020110204001975,GIC,5,47,10,524.00,"5,240.00"
2020-11-02,2020110204001986,GIC,38,22,10,525.00,"5,250.00"
2020-11-02,2020110204001985,GIC,38,41,10,525.00,"5,250.00"
2020-11-02,2020110204001984,GIC,38,22,10,525.00,"5,250.00"
2020-11-02,2020110204001983,GIC,38,32,10,525.00,"5,250.00"
2020-11-02,2020110204001982,GIC,41,1,10,524.00,"5,240.00"
2020-11-02,2020110204001981,GIC,41,47,10,524.00,"5,240.00"
2020-11-02,2020110204001992,GIC,38,52,10,526.00,"5,260.00"
2020-11-02,2020110204001991,GIC,38,55,10,526.00,"5,260.00"
2020-11-02,2020110204001990,GIC,38,49,10,526.00,"5,260.00"
2020-11-02,2020110204001989,GIC,38,25,10,526.00,"5,260.00"
2020-11-02,2020110204001988,GIC,38,32,"4,230",526.00,"2,224,980.00"
2020-11-02,2020110204001987,GIC,38,29,10,525.00,"5,250.00"
2020-11-02,2020110204002002,GIC,41,25,10,524.00,"5,240.00"
2020-11-02,2020110204002001,GIC,22,47,10,525.00,"5,250.00"
2020-11-02,2020110204001996,GIC,38,54,10,526.00,"5,260.00"
2020-11-02,2020110204001995,GIC,38,42,10,526.00,"5,260.00"
2020-11-02,2020110204001994,GIC,38,25,10,526.00,"5,260.00"
2020-11-02,2020110204001993,GIC,38,42,10,526.00,"5,260.00"
2020-11-02,2020110204002008,GIC,41,47,10,524.00,"5,240.00"
2020-11-02,2020110204002007,GIC,41,42,10,524.00,"5,240.00"
2020-11-02,2020110204002006,GIC,41,59,10,524.00,"5,240.00"
2020-11-02,2020110204002005,GIC,41,47,10,524.00,"5,240.00"
2020-11-02,2020110204002004,GIC,58,47,10,525.00,"5,250.00"
2020-11-02,2020110204002003,GIC,58,42,10,525.00,"5,250.00"
2020-11-02,2020110204002016,GIC,41,25,10,524.00,"5,240.00"
2020-11-02,2020110204002015,GIC,43,55,10,525.00,"5,250.00"
2020-11-02,2020110204002014,GIC,43,39,10,525.00,"5,250.00"
2020-11-02,2020110204002011,GIC,41,47,10,524.00,"5,240.00"
2020-11-02,2020110204002010,GIC,41,42,10,524.00,"5,240.00"
2020-11-02,2020110204002009,GIC,41,7,10,524.00,"5,240.00"
2020-11-02,2020110204002023,GIC,28,58,10,525.00,"5,250.00"
2020-11-02,2020110204002022,GIC,28,42,10,525.00,"5,250.00"
2020-11-02,2020110204002021,GIC,28,25,10,525.00,"5,250.00"
2020-11-02,2020110204002019,GIC,28,38,10,525.00,"5,250.00"
2020-11-02,2020110204002018,GIC,28,46,10,525.00,"5,250.00"
2020-11-02,2020110204002017,GIC,28,25,10,525.00,"5,250.00"
2020-11-02,2020110204002029,GIC,28,8,10,525.00,"5,250.00"
2020-11-02,2020110204002028,GIC,28,16,10,525.00,"5,250.00"
2020-11-02,2020110204002027,GIC,28,45,10,525.00,"5,250.00"
2020-11-02,2020110204002026,GIC,28,25,10,525.00,"5,250.00"
2020-11-02,2020110204002025,GIC,28,16,10,525.00,"5,250.00"
2020-11-02,2020110204002024,GIC,28,49,10,525.00,"5,250.00"
2020-11-02,2020110204002035,GIC,47,42,10,526.00,"5,260.00"
2020-11-02,2020110204002034,GIC,47,21,10,526.00,"5,260.00"
2020-11-02,2020110204002033,GIC,28,26,10,525.00,"5,250.00"
2020-11-02,2020110204002032,GIC,28,26,10,525.00,"5,250.00"
2020-11-02,2020110204002031,GIC,28,42,10,525.00,"5,250.00"
2020-11-02,2020110204002030,GIC,28,44,10,525.00,"5,250.00"
2020-11-02,2020110204002041,GIC,47,42,10,527.00,"5,270.00"
2020-11-02,2020110204002040,GIC,47,52,10,527.00,"5,270.00"
2020-11-02,2020110204002039,GIC,47,41,10,527.00,"5,270.00"
2020-11-02,2020110204002038,GIC,47,52,10,527.00,"5,270.00"
2020-11-02,2020110204002037,GIC,47,8,10,527.00,"5,270.00"
2020-11-02,2020110204002036,GIC,47,34,10,527.00,"5,270.00"
2020-11-02,2020110204002047,GIC,28,50,10,525.00,"5,250.00"
2020-11-02,2020110204002046,GIC,28,43,10,525.00,"5,250.00"
2020-11-02,2020110204002045,GIC,28,26,10,525.00,"5,250.00"
2020-11-02,2020110204002044,GIC,28,26,10,525.00,"5,250.00"
2020-11-02,2020110204002043,GIC,47,42,10,527.00,"5,270.00"
2020-11-02,2020110204002042,GIC,47,42,10,527.00,"5,270.00"
2020-11-02,2020110204002053,GIC,41,21,10,524.00,"5,240.00"
2020-11-02,2020110204002052,GIC,13,49,10,525.00,"5,250.00"
2020-11-02,2020110204002051,GIC,13,40,10,525.00,"5,250.00"
2020-11-02,2020110204002050,GIC,13,39,10,525.00,"5,250.00"
2020-11-02,2020110204002049,GIC,13,39,10,525.00,"5,250.00"
2020-11-02,2020110204002048,GIC,13,26,10,525.00,"5,250.00"
2020-11-02,2020110204002059,GIC,8,49,10,525.00,"5,250.00"
2020-11-02,2020110204002058,GIC,8,1,10,525.00,"5,250.00"
2020-11-02,2020110204002057,GIC,41,1,10,524.00,"5,240.00"
2020-11-02,2020110204002056,GIC,41,14,10,524.00,"5,240.00"
2020-11-02,2020110204002055,GIC,41,43,10,524.00,"5,240.00"
2020-11-02,2020110204002054,GIC,41,49,10,524.00,"5,240.00"
2020-11-02,2020110204002067,GIC,8,1,10,525.00,"5,250.00"
2020-11-02,2020110204002065,GIC,8,29,10,525.00,"5,250.00"
2020-11-02,2020110204002064,GIC,8,48,10,525.00,"5,250.00"
2020-11-02,2020110204002062,GIC,8,17,10,525.00,"5,250.00"
2020-11-02,2020110204002061,GIC,8,57,10,525.00,"5,250.00"
2020-11-02,2020110204002060,GIC,8,42,10,525.00,"5,250.00"
2020-11-02,2020110204002075,GIC,17,58,10,525.00,"5,250.00"
2020-11-02,2020110204002074,GIC,17,52,10,525.00,"5,250.00"
2020-11-02,2020110204002073,GIC,19,58,10,525.00,"5,250.00"
2020-11-02,2020110204002072,GIC,19,14,10,525.00,"5,250.00"
2020-11-02,2020110204002071,GIC,8,26,10,525.00,"5,250.00"
2020-11-02,2020110204002070,GIC,8,56,10,525.00,"5,250.00"
2020-11-02,2020110204002086,GIC,41,42,10,527.00,"5,270.00"
2020-11-02,2020110204002085,GIC,17,49,10,525.00,"5,250.00"
2020-11-02,2020110204002082,GIC,17,14,10,525.00,"5,250.00"
2020-11-02,2020110204002080,GIC,17,49,10,525.00,"5,250.00"
2020-11-02,2020110204002079,GIC,17,57,10,525.00,"5,250.00"
2020-11-02,2020110204002077,GIC,17,56,10,525.00,"5,250.00"
2020-11-02,2020110204002096,GIC,17,58,10,525.00,"5,250.00"
2020-11-02,2020110204002095,GIC,17,22,10,525.00,"5,250.00"
2020-11-02,2020110204002092,GIC,17,46,10,525.00,"5,250.00"
2020-11-02,2020110204002091,GIC,17,1,10,525.00,"5,250.00"
2020-11-02,2020110204002090,GIC,43,29,10,526.00,"5,260.00"
2020-11-02,2020110204002088,GIC,17,44,10,525.00,"5,250.00"
2020-11-02,2020110204002102,GIC,17,6,10,525.00,"5,250.00"
2020-11-02,2020110204002101,GIC,17,42,10,525.00,"5,250.00"
2020-11-02,2020110204002100,GIC,17,58,10,525.00,"5,250.00"
2020-11-02,2020110204002099,GIC,43,29,10,526.00,"5,260.00"
2020-11-02,2020110204002098,GIC,43,21,10,526.00,"5,260.00"
2020-11-02,2020110204002097,GIC,17,11,10,525.00,"5,250.00"
2020-11-02,2020110204002111,GIC,32,11,10,525.00,"5,250.00"
2020-11-02,2020110204002110,GIC,5,22,10,526.00,"5,260.00"
2020-11-02,2020110204002109,GIC,32,11,10,525.00,"5,250.00"
2020-11-02,2020110204002106,GIC,17,44,10,525.00,"5,250.00"
2020-11-02,2020110204002105,GIC,17,58,10,525.00,"5,250.00"
2020-11-02,2020110204002103,GIC,17,11,10,525.00,"5,250.00"
2020-11-02,2020110204002117,GIC,5,49,10,525.00,"5,250.00"
2020-11-02,2020110204002116,GIC,5,22,10,525.00,"5,250.00"
2020-11-02,2020110204002115,GIC,5,58,10,525.00,"5,250.00"
2020-11-02,2020110204002114,GIC,32,58,10,525.00,"5,250.00"
2020-11-02,2020110204002113,GIC,32,3,10,525.00,"5,250.00"
2020-11-02,2020110204002112,GIC,32,47,10,525.00,"5,250.00"
2020-11-02,2020110204002123,GIC,5,52,10,525.00,"5,250.00"
2020-11-02,2020110204002122,GIC,5,58,10,525.00,"5,250.00"
2020-11-02,2020110204002121,GIC,5,42,10,525.00,"5,250.00"
2020-11-02,2020110204002120,GIC,5,49,10,525.00,"5,250.00"
2020-11-02,2020110204002119,GIC,5,58,10,525.00,"5,250.00"
2020-11-02,2020110204002118,GIC,5,3,10,525.00,"5,250.00"
2020-11-02,2020110204002130,GIC,14,58,10,525.00,"5,250.00"
2020-11-02,2020110204002129,GIC,14,59,10,525.00,"5,250.00"
2020-11-02,2020110204002128,GIC,14,58,10,525.00,"5,250.00"
2020-11-02,2020110204002127,GIC,14,46,10,525.00,"5,250.00"
2020-11-02,2020110204002125,GIC,14,3,10,525.00,"5,250.00"
2020-11-02,2020110204002124,GIC,5,36,10,525.00,"5,250.00"
2020-11-02,2020110204002138,GIC,8,59,10,525.00,"5,250.00"
2020-11-02,2020110204002137,GIC,14,42,10,525.00,"5,250.00"
2020-11-02,2020110204002136,GIC,14,52,10,525.00,"5,250.00"
2020-11-02,2020110204002134,GIC,14,59,10,525.00,"5,250.00"
2020-11-02,2020110204002133,GIC,14,36,10,525.00,"5,250.00"
2020-11-02,2020110204002131,GIC,14,52,10,525.00,"5,250.00"
2020-11-02,2020110204002144,GIC,8,49,10,525.00,"5,250.00"
2020-11-02,2020110204002143,GIC,8,59,10,525.00,"5,250.00"
2020-11-02,2020110204002142,GIC,8,3,10,525.00,"5,250.00"
2020-11-02,2020110204002141,GIC,43,22,10,526.00,"5,260.00"
2020-11-02,2020110204002140,GIC,43,21,10,526.00,"5,260.00"
2020-11-02,2020110204002139,GIC,43,41,10,526.00,"5,260.00"
2020-11-02,2020110204002150,GIC,8,49,10,525.00,"5,250.00"
2020-11-02,2020110204002149,GIC,8,59,10,525.00,"5,250.00"
2020-11-02,2020110204002148,GIC,8,36,10,525.00,"5,250.00"
2020-11-02,2020110204002147,GIC,8,59,10,525.00,"5,250.00"
2020-11-02,2020110204002146,GIC,17,49,10,526.00,"5,260.00"
2020-11-02,2020110204002145,GIC,17,36,10,526.00,"5,260.00"
2020-11-02,2020110204002157,GIC,43,38,10,527.00,"5,270.00"
2020-11-02,2020110204002156,GIC,43,14,10,526.00,"5,260.00"
2020-11-02,2020110204002155,GIC,43,26,10,525.00,"5,250.00"
2020-11-02,2020110204002154,GIC,8,59,10,525.00,"5,250.00"
2020-11-02,2020110204002153,GIC,43,41,10,526.00,"5,260.00"
2020-11-02,2020110204002152,GIC,8,59,10,525.00,"5,250.00"
2020-11-02,2020110204002163,GIC,43,50,10,527.00,"5,270.00"
2020-11-02,2020110204002162,GIC,43,32,10,527.00,"5,270.00"
2020-11-02,2020110204002161,GIC,43,58,10,527.00,"5,270.00"
2020-11-02,2020110204002160,GIC,43,39,178,527.00,"93,806.00"
2020-11-02,2020110204002159,GIC,43,58,10,527.00,"5,270.00"
2020-11-02,2020110204002158,GIC,43,21,10,527.00,"5,270.00"
2020-11-02,2020110204002171,GIC,43,34,10,525.00,"5,250.00"
2020-11-02,2020110204002170,GIC,43,36,10,525.00,"5,250.00"
2020-11-02,2020110204002168,GIC,43,58,10,525.00,"5,250.00"
2020-11-02,2020110204002167,GIC,43,5,10,525.00,"5,250.00"
2020-11-02,2020110204002166,GIC,43,36,10,525.00,"5,250.00"
2020-11-02,2020110204002164,GIC,43,36,10,525.00,"5,250.00"
2020-11-02,2020110204002177,GIC,46,56,10,526.00,"5,260.00"
2020-11-02,2020110204002176,GIC,46,22,10,526.00,"5,260.00"
2020-11-02,2020110204002175,GIC,46,40,10,526.00,"5,260.00"
2020-11-02,2020110204002174,GIC,46,7,10,526.00,"5,260.00"
2020-11-02,2020110204002173,GIC,43,34,10,525.00,"5,250.00"
2020-11-02,2020110204002172,GIC,43,36,10,525.00,"5,250.00"
2020-11-02,2020110204002183,GIC,46,58,10,526.00,"5,260.00"
2020-11-02,2020110204002182,GIC,46,1,10,526.00,"5,260.00"
2020-11-02,2020110204002181,GIC,46,41,10,526.00,"5,260.00"
2020-11-02,2020110204002180,GIC,46,36,10,526.00,"5,260.00"
2020-11-02,2020110204002179,GIC,46,6,10,526.00,"5,260.00"
2020-11-02,2020110204002178,GIC,46,54,10,526.00,"5,260.00"
2020-11-02,2020110204002191,GIC,46,41,10,526.00,"5,260.00"
2020-11-02,2020110204002190,GIC,46,14,10,526.00,"5,260.00"
2020-11-02,2020110204002188,GIC,46,6,10,526.00,"5,260.00"
2020-11-02,2020110204002186,GIC,46,50,10,526.00,"5,260.00"
2020-11-02,2020110204002185,GIC,46,56,10,526.00,"5,260.00"
2020-11-02,2020110204002184,GIC,46,6,10,526.00,"5,260.00"
2020-11-02,2020110204002197,GIC,39,42,10,526.00,"5,260.00"
2020-11-02,2020110204002196,GIC,39,17,10,526.00,"5,260.00"
2020-11-02,2020110204002195,GIC,46,26,10,526.00,"5,260.00"
2020-11-02,2020110204002194,GIC,46,10,10,526.00,"5,260.00"
2020-11-02,2020110204002193,GIC,46,14,10,526.00,"5,260.00"
2020-11-02,2020110204002192,GIC,46,56,10,526.00,"5,260.00"
2020-11-02,2020110204002203,GIC,26,22,10,526.00,"5,260.00"
2020-11-02,2020110204002202,GIC,26,36,10,526.00,"5,260.00"
2020-11-02,2020110204002201,GIC,26,36,10,526.00,"5,260.00"
2020-11-02,2020110204002200,GIC,39,10,10,526.00,"5,260.00"
2020-11-02,2020110204002199,GIC,39,38,10,526.00,"5,260.00"
2020-11-02,2020110204002198,GIC,39,5,10,526.00,"5,260.00"
2020-11-02,2020110204002209,GIC,26,40,10,526.00,"5,260.00"
2020-11-02,2020110204002208,GIC,26,7,10,526.00,"5,260.00"
2020-11-02,2020110204002207,GIC,26,40,10,526.00,"5,260.00"
2020-11-02,2020110204002206,GIC,26,16,10,526.00,"5,260.00"
2020-11-02,2020110204002205,GIC,26,13,10,526.00,"5,260.00"
2020-11-02,2020110204002204,GIC,26,36,10,526.00,"5,260.00"
2020-11-02,2020110204002217,GIC,26,21,10,526.00,"5,260.00"
2020-11-02,2020110204002215,GIC,26,48,10,526.00,"5,260.00"
2020-11-02,2020110204002214,GIC,26,43,10,526.00,"5,260.00"
2020-11-02,2020110204002213,GIC,26,48,10,526.00,"5,260.00"
2020-11-02,2020110204002212,GIC,26,56,10,526.00,"5,260.00"
2020-11-02,2020110204002210,GIC,26,59,10,526.00,"5,260.00"
2020-11-02,2020110204002226,GIC,19,49,10,527.00,"5,270.00"
2020-11-02,2020110204002225,GIC,26,42,10,526.00,"5,260.00"
2020-11-02,2020110204002224,GIC,26,34,10,526.00,"5,260.00"
2020-11-02,2020110204002223,GIC,26,40,10,526.00,"5,260.00"
2020-11-02,2020110204002222,GIC,26,42,10,526.00,"5,260.00"
2020-11-02,2020110204002219,GIC,26,45,10,526.00,"5,260.00"
2020-11-02,2020110204002232,GIC,45,48,10,527.00,"5,270.00"
2020-11-02,2020110204002231,GIC,45,40,10,527.00,"5,270.00"
2020-11-02,2020110204002230,GIC,45,40,10,527.00,"5,270.00"
2020-11-02,2020110204002229,GIC,25,40,10,526.00,"5,260.00"
2020-11-02,2020110204002228,GIC,19,59,10,527.00,"5,270.00"
2020-11-02,2020110204002227,GIC,19,21,10,527.00,"5,270.00"
2020-11-02,2020110204002239,GIC,3,3,10,526.00,"5,260.00"
2020-11-02,2020110204002238,GIC,43,40,10,525.00,"5,250.00"
2020-11-02,2020110204002237,GIC,43,36,10,525.00,"5,250.00"
2020-11-02,2020110204002236,GIC,43,40,10,525.00,"5,250.00"
2020-11-02,2020110204002234,GIC,45,40,10,527.00,"5,270.00"
2020-11-02,2020110204002233,GIC,45,42,10,527.00,"5,270.00"
2020-11-02,2020110204002255,GIC,44,40,10,526.00,"5,260.00"
2020-11-02,2020110204002254,GIC,43,49,10,525.00,"5,250.00"
2020-11-02,2020110204002251,GIC,43,36,10,525.00,"5,250.00"
2020-11-02,2020110204002250,GIC,43,40,10,525.00,"5,250.00"
2020-11-02,2020110204002249,GIC,43,40,10,525.00,"5,250.00"
2020-11-02,2020110204002241,GIC,43,40,10,525.00,"5,250.00"
2020-11-02,2020110204002261,GIC,44,40,10,527.00,"5,270.00"
2020-11-02,2020110204002260,GIC,44,40,10,527.00,"5,270.00"
2020-11-02,2020110204002259,GIC,44,40,10,527.00,"5,270.00"
2020-11-02,2020110204002258,GIC,44,40,10,527.00,"5,270.00"
2020-11-02,2020110204002257,GIC,44,11,10,526.00,"5,260.00"
2020-11-02,2020110204002256,GIC,44,40,10,526.00,"5,260.00"
2020-11-02,2020110204002268,GIC,44,36,10,527.00,"5,270.00"
2020-11-02,2020110204002267,GIC,44,56,10,527.00,"5,270.00"
2020-11-02,2020110204002266,GIC,44,36,10,527.00,"5,270.00"
2020-11-02,2020110204002264,GIC,44,8,10,527.00,"5,270.00"
2020-11-02,2020110204002263,GIC,44,36,10,527.00,"5,270.00"
2020-11-02,2020110204002262,GIC,44,40,10,527.00,"5,270.00"
2020-11-02,2020110204002277,GIC,38,39,10,527.00,"5,270.00"
2020-11-02,2020110204002276,GIC,5,11,10,526.00,"5,260.00"
2020-11-02,2020110204002275,GIC,5,6,10,526.00,"5,260.00"
2020-11-02,2020110204002271,GIC,49,14,10,527.00,"5,270.00"
2020-11-02,2020110204002270,GIC,44,48,10,527.00,"5,270.00"
2020-11-02,2020110204002269,GIC,44,11,10,527.00,"5,270.00"
2020-11-02,2020110204002284,GIC,46,42,10,527.00,"5,270.00"
2020-11-02,2020110204002283,GIC,46,6,10,527.00,"5,270.00"
2020-11-02,2020110204002282,GIC,46,56,10,527.00,"5,270.00"
2020-11-02,2020110204002281,GIC,46,11,10,527.00,"5,270.00"
2020-11-02,2020110204002279,GIC,38,45,130,527.00,"68,510.00"
2020-11-02,2020110204002278,GIC,38,41,10,527.00,"5,270.00"
2020-11-02,2020110204002290,GIC,46,21,10,527.00,"5,270.00"
2020-11-02,2020110204002289,GIC,46,45,20,527.00,"10,540.00"
2020-11-02,2020110204002288,GIC,46,45,10,527.00,"5,270.00"
2020-11-02,2020110204002287,GIC,46,57,10,527.00,"5,270.00"
2020-11-02,2020110204002286,GIC,46,36,10,527.00,"5,270.00"
2020-11-02,2020110204002285,GIC,46,22,10,527.00,"5,270.00"
2020-11-02,2020110204002296,GIC,46,55,10,527.00,"5,270.00"
2020-11-02,2020110204002295,GIC,46,21,10,527.00,"5,270.00"
2020-11-02,2020110204002294,GIC,46,11,10,527.00,"5,270.00"
2020-11-02,2020110204002293,GIC,46,42,10,527.00,"5,270.00"
2020-11-02,2020110204002292,GIC,46,21,10,527.00,"5,270.00"
2020-11-02,2020110204002291,GIC,46,57,10,527.00,"5,270.00"
2020-11-02,2020110204002307,GIC,5,6,10,526.00,"5,260.00"
2020-11-02,2020110204002306,GIC,8,42,10,528.00,"5,280.00"
2020-11-02,2020110204002305,GIC,5,21,10,526.00,"5,260.00"
2020-11-02,2020110204002303,GIC,46,6,10,527.00,"5,270.00"
2020-11-02,2020110204002302,GIC,46,21,10,527.00,"5,270.00"
2020-11-02,2020110204002297,GIC,46,21,10,527.00,"5,270.00"
2020-11-02,2020110204002314,GIC,5,39,10,526.00,"5,260.00"
2020-11-02,2020110204002313,GIC,5,21,10,526.00,"5,260.00"
2020-11-02,2020110204002312,GIC,5,21,10,526.00,"5,260.00"
2020-11-02,2020110204002310,GIC,5,59,10,526.00,"5,260.00"
2020-11-02,2020110204002309,GIC,5,39,10,526.00,"5,260.00"
2020-11-02,2020110204002308,GIC,5,21,10,526.00,"5,260.00"
2020-11-02,2020110204002321,GIC,46,21,10,527.00,"5,270.00"
2020-11-02,2020110204002320,GIC,46,21,10,527.00,"5,270.00"
2020-11-02,2020110204002319,GIC,46,46,10,527.00,"5,270.00"
2020-11-02,2020110204002318,GIC,5,39,10,526.00,"5,260.00"
2020-11-02,2020110204002316,GIC,5,51,10,526.00,"5,260.00"
2020-11-02,2020110204002315,GIC,5,21,10,526.00,"5,260.00"
2020-11-02,2020110204002094,GIMES1,34,49,"1,000",9.87,"9,870.00"
2020-11-02,2020110204002093,GIMES1,6,49,"2,000",9.90,"19,800.00"
2020-11-02,2020110204002089,GIMES1,6,49,"3,000",9.90,"29,700.00"
2020-11-02,2020110204002280,LEMF,34,58,"4,000",9.20,"36,800.00"
2020-11-02,2020110204002274,LUK,48,58,200,8.97,"1,794.00"
2020-11-02,2020110204002221,LUK,48,25,100,8.97,897.00
2020-11-02,2020110204002220,LUK,34,25,900,8.97,"8,073.00"
2020-11-02,2020110204002216,LUK,34,59,100,8.97,897.00
2020-11-02,2020110204002165,NBF2,53,59,600,9.20,"5,520.00"
2020-11-02,2020110204002076,NBF2,53,4,500,9.20,"4,600.00"
2020-11-02,2020110204001911,NBF2,53,29,"2,500",9.20,"23,000.00"
2020-11-02,2020110204001887,NBF2,28,22,600,9.25,"5,550.00"
2020-11-02,2020110204001886,NBF2,25,22,400,9.25,"3,700.00"
2020-11-02,2020110204002272,NEF,28,58,"1,000",9.14,"9,140.00"
2020-11-02,2020110204001959,NEF,14,39,524,9.10,"4,768.40"
2020-11-02,2020110204001958,NEF,34,39,258,9.10,"2,347.80"
2020-11-02,2020110204001957,NEF,34,39,"1,000",9.12,"9,120.00"
2020-11-02,2020110204001956,NEF,34,39,632,9.12,"5,763.84"
2020-11-02,2020110204001937,NEF,34,28,127,9.12,"1,158.24"
2020-11-02,2020110204001936,NEF,34,28,"1,000",9.13,"9,130.00"
2020-11-02,2020110204001912,NEF,34,10,241,9.12,"2,197.92"
2020-11-02,2020110204001895,NIBD2082,26,29,30,"1,064.00","31,920.00"
2020-11-02,2020110204001895,NIBD2082,26,29,30,"1,064.00","31,920.00"
2020-11-02,2020110204002081,NIBLPF,46,57,"1,010",9.31,"9,403.10"
2020-11-02,2020110204002013,NIBLPF,54,22,505,9.35,"4,721.75"
2020-11-02,2020110204002012,NIBLPF,54,21,625,9.35,"5,843.75"
2020-11-02,2020110204001845,NIBLPF,57,43,758,9.30,"7,049.40"
2020-11-02,2020110204002218,NIBPO,49,49,"10,000",382.00,"3,820,000.00"
2020-11-02,2020110204001929,NIBPO,34,6,490,379.00,"185,710.00"
2020-11-02,2020110204001928,NIBPO,8,6,14,379.00,"5,306.00"
2020-11-02,2020110204001898,NIBPO,8,6,"1,986",379.00,"752,694.00"
2020-11-02,2020110204001897,NIBPO,8,6,759,379.00,"287,661.00"
2020-11-02,2020110204002265,NICAD8283,13,57,30,"1,120.00","33,600.00"
2020-11-02,2020110204002253,NICAD8283,13,58,20,"1,115.00","22,300.00"
2020-11-02,2020110204002252,NICAD8283,13,43,50,"1,115.00","55,750.00"
2020-11-02,2020110204002187,NICAD8283,6,42,25,"1,098.00","27,450.00"
2020-11-02,2020110204002304,NICBF,47,45,"5,000",9.21,"46,050.00"
2020-11-02,2020110204001952,NICBF,39,4,"1,000",9.15,"9,150.00"
2020-11-02,2020110204001999,NMB50,46,4,100,9.47,947.00
2020-11-02,2020110204001998,NMB50,46,45,100,9.47,947.00
2020-11-02,2020110204001997,NMB50,46,55,"1,000",9.47,"9,470.00"
2020-11-02,2020110204001894,NMB50,34,4,"1,000",9.46,"9,460.00"
2020-11-02,2020110204002151,NMBHF1,14,5,832,9.43,"7,845.76"
2020-11-02,2020110204002084,NMBHF1,14,57,100,9.43,943.00
2020-11-02,2020110204002078,NMBHF1,14,5,832,9.43,"7,845.76"
2020-11-02,2020110204002000,NMBHF1,14,52,832,9.43,"7,845.76"
2020-11-02,2020110204002247,RBCLPO,33,33,20,"11,400.00","228,000.00"
2020-11-02,2020110204002246,RBCLPO,33,55,10,"11,400.00","114,000.00"
2020-11-02,2020110204002245,RBCLPO,33,48,10,"11,400.00","114,000.00"
2020-11-02,2020110204002244,RBCLPO,33,46,200,"11,399.00","2,279,800.00"
2020-11-02,2020110204002243,RBCLPO,33,22,20,"11,395.00","227,900.00"
2020-11-02,2020110204002242,RBCLPO,33,17,100,"11,390.00","1,139,000.00"
2020-11-02,2020110204002169,RBCLPO,34,26,10,"11,350.00","113,500.00"
2020-11-02,2020110204002135,RBCLPO,34,45,59,"11,350.00","669,650.00"
2020-11-02,2020110204002087,RBCLPO,49,56,10,"11,350.00","113,500.00"
2020-11-02,2020110204002063,RBCLPO,49,45,10,"11,350.00","113,500.00"
2020-11-02,2020110204001865,RBCLPO,40,17,50,"11,350.00","567,500.00"
2020-11-02,2020110204002126,SAEF,17,58,"2,500",9.97,"24,925.00"
2020-11-02,2020110204002083,SAEF,14,33,500,9.96,"4,980.00"
2020-11-02,2020110204002068,SAEF,16,33,"2,000",9.97,"19,940.00"
2020-11-02,2020110204001972,SAEF,34,45,"1,000",9.97,"9,970.00"
2020-11-02,2020110204001971,SAEF,34,45,"1,000",9.97,"9,970.00"
2020-11-02,2020110204001903,SAND2085,26,39,25,"1,051.00","26,275.00"
2020-11-02,2020110204002301,SEF,47,33,"2,500",9.56,"23,900.00"
2020-11-02,2020110204002300,SEF,47,37,"5,000",9.55,"47,750.00"
2020-11-02,2020110204002299,SEF,47,43,"3,000",9.55,"28,650.00"
2020-11-02,2020110204002298,SEF,47,39,"1,000",9.54,"9,540.00"
2020-11-02,2020110204002248,SEF,34,45,800,9.53,"7,624.00"
2020-11-02,2020110204002240,SEF,14,45,"1,700",9.54,"16,218.00"
2020-11-02,2020110204002211,SEF,59,43,"2,000",9.55,"19,100.00"
2020-11-02,2020110204002069,SEF,14,43,300,9.54,"2,862.00"
2020-11-02,2020110204002020,SEF,6,43,300,9.57,"2,871.00"
2020-11-02,2020110204001925,SEF,6,10,500,9.57,"4,785.00"
2020-11-02,2020110204002317,SRBLD83,13,45,25,"1,066.00","26,650.00"
2020-11-02,2020110204001962,SRBLD83,26,29,30,"1,050.00","31,500.00"
2020-11-02,2020110204002311,STC,45,3,10,"3,800.00","38,000.00"
2020-11-02,2020110204002108,STC,59,59,27,"3,810.00","102,870.00"
2020-11-02,2020110204002107,STC,59,32,25,"3,810.00","95,250.00"
2020-11-02,2020110204002104,STC,59,55,48,"3,810.00","182,880.00"
2020-11-02,2020110204001777,BBC,3,22,10,"2,129.00","21,290.00"
2020-11-02,2020110204001773,CBBLPO,17,53,"15,000",570.00,"8,550,000.00"
2020-11-02,2020110204001770,CBBLPO,17,53,"10,000",570.00,"5,700,000.00"
2020-11-02,2020110204001756,CBBLPO,17,53,"18,000",570.00,"10,260,000.00"
2020-11-02,2020110204001739,CBBLPO,17,53,"3,000",578.00,"1,734,000.00"
2020-11-02,2020110204001732,CBBLPO,17,53,"2,000",589.00,"1,178,000.00"
2020-11-02,2020110204001722,CBBLPO,17,53,"2,000",601.00,"1,202,000.00"
2020-11-02,2020110204001602,CMF1,42,22,100,9.65,965.00
2020-11-02,2020110204001601,CMF1,21,22,900,9.65,"8,685.00"
2020-11-02,2020110204001827,GIC,39,20,10,525.00,"5,250.00"
2020-11-02,2020110204001826,GIC,39,45,10,525.00,"5,250.00"
2020-11-02,2020110204001825,GIC,39,45,10,525.00,"5,250.00"
2020-11-02,2020110204001824,GIC,39,38,10,525.00,"5,250.00"
2020-11-02,2020110204001821,GIC,39,56,10,525.00,"5,250.00"
2020-11-02,2020110204001820,GIC,39,16,10,525.00,"5,250.00"
2020-11-02,2020110204001329,GIC,33,38,10,530.00,"5,300.00"
2020-11-02,2020110204001328,GIC,33,21,10,530.00,"5,300.00"
2020-11-02,2020110204001335,GIC,5,17,10,530.00,"5,300.00"
2020-11-02,2020110204001334,GIC,53,17,20,530.00,"10,600.00"
2020-11-02,2020110204001333,GIC,47,17,49,530.00,"25,970.00"
2020-11-02,2020110204001332,GIC,33,17,690,530.00,"365,700.00"
2020-11-02,2020110204001331,GIC,33,11,10,530.00,"5,300.00"
2020-11-02,2020110204001330,GIC,33,58,10,530.00,"5,300.00"
2020-11-02,2020110204001341,GIC,43,21,10,530.00,"5,300.00"
2020-11-02,2020110204001340,GIC,43,51,10,530.00,"5,300.00"
2020-11-02,2020110204001339,GIC,43,17,11,530.00,"5,830.00"
2020-11-02,2020110204001338,GIC,26,17,100,530.00,"53,000.00"
2020-11-02,2020110204001337,GIC,19,17,20,530.00,"10,600.00"
2020-11-02,2020110204001336,GIC,48,17,100,530.00,"53,000.00"
2020-11-02,2020110204001347,GIC,36,17,200,530.00,"106,000.00"
2020-11-02,2020110204001346,GIC,38,17,80,530.00,"42,400.00"
2020-11-02,2020110204001345,GIC,22,17,50,530.00,"26,500.00"
2020-11-02,2020110204001344,GIC,28,17,50,530.00,"26,500.00"
2020-11-02,2020110204001343,GIC,25,17,100,530.00,"53,000.00"
2020-11-02,2020110204001342,GIC,43,17,169,530.00,"89,570.00"
2020-11-02,2020110204001353,GIC,51,38,10,530.00,"5,300.00"
2020-11-02,2020110204001352,GIC,55,17,107,530.00,"56,710.00"
2020-11-02,2020110204001351,GIC,55,38,10,530.00,"5,300.00"
2020-11-02,2020110204001350,GIC,55,17,83,530.00,"43,990.00"
2020-11-02,2020110204001349,GIC,35,17,50,530.00,"26,500.00"
2020-11-02,2020110204001348,GIC,16,17,100,530.00,"53,000.00"
2020-11-02,2020110204001359,GIC,8,58,10,531.00,"5,310.00"
2020-11-02,2020110204001358,GIC,32,39,10,530.00,"5,300.00"
2020-11-02,2020110204001357,GIC,32,21,10,530.00,"5,300.00"
2020-11-02,2020110204001356,GIC,32,45,10,530.00,"5,300.00"
2020-11-02,2020110204001355,GIC,32,41,10,530.00,"5,300.00"
2020-11-02,2020110204001354,GIC,32,21,10,530.00,"5,300.00"
2020-11-02,2020110204001365,GIC,8,28,10,531.00,"5,310.00"
2020-11-02,2020110204001364,GIC,8,32,10,531.00,"5,310.00"
2020-11-02,2020110204001363,GIC,8,53,10,531.00,"5,310.00"
2020-11-02,2020110204001362,GIC,8,52,10,531.00,"5,310.00"
2020-11-02,2020110204001361,GIC,8,52,10,531.00,"5,310.00"
2020-11-02,2020110204001360,GIC,8,34,500,531.00,"265,500.00"
2020-11-02,2020110204001371,GIC,11,11,10,530.00,"5,300.00"
2020-11-02,2020110204001370,GIC,11,47,10,530.00,"5,300.00"
2020-11-02,2020110204001369,GIC,11,17,10,530.00,"5,300.00"
2020-11-02,2020110204001368,GIC,8,50,10,531.00,"5,310.00"
2020-11-02,2020110204001367,GIC,8,41,150,531.00,"79,650.00"
2020-11-02,2020110204001366,GIC,8,38,10,531.00,"5,310.00"
2020-11-02,2020110204001377,GIC,32,3,10,530.00,"5,300.00"
2020-11-02,2020110204001376,GIC,32,59,10,530.00,"5,300.00"
2020-11-02,2020110204001375,GIC,32,21,10,530.00,"5,300.00"
2020-11-02,2020110204001374,GIC,32,21,10,530.00,"5,300.00"
2020-11-02,2020110204001373,GIC,11,48,10,530.00,"5,300.00"
2020-11-02,2020110204001372,GIC,11,19,10,530.00,"5,300.00"
2020-11-02,2020110204001383,GIC,19,50,10,530.00,"5,300.00"
2020-11-02,2020110204001382,GIC,19,16,10,530.00,"5,300.00"
2020-11-02,2020110204001381,GIC,45,17,100,531.00,"53,100.00"
2020-11-02,2020110204001380,GIC,19,21,10,530.00,"5,300.00"
2020-11-02,2020110204001379,GIC,19,6,10,530.00,"5,300.00"
2020-11-02,2020110204001378,GIC,32,21,10,530.00,"5,300.00"
2020-11-02,2020110204001389,GIC,45,21,10,530.00,"5,300.00"
2020-11-02,2020110204001388,GIC,45,52,10,530.00,"5,300.00"
2020-11-02,2020110204001387,GIC,42,58,10,530.00,"5,300.00"
2020-11-02,2020110204001386,GIC,42,21,10,530.00,"5,300.00"
2020-11-02,2020110204001385,GIC,42,39,10,530.00,"5,300.00"
2020-11-02,2020110204001384,GIC,19,36,10,530.00,"5,300.00"
2020-11-02,2020110204001395,GIC,39,21,10,530.00,"5,300.00"
2020-11-02,2020110204001394,GIC,39,37,10,530.00,"5,300.00"
2020-11-02,2020110204001393,GIC,39,58,10,530.00,"5,300.00"
2020-11-02,2020110204001392,GIC,39,52,10,530.00,"5,300.00"
2020-11-02,2020110204001391,GIC,39,19,10,530.00,"5,300.00"
2020-11-02,2020110204001390,GIC,39,50,10,530.00,"5,300.00"
2020-11-02,2020110204001401,GIC,41,21,10,530.00,"5,300.00"
2020-11-02,2020110204001400,GIC,41,38,10,530.00,"5,300.00"
2020-11-02,2020110204001399,GIC,39,3,10,530.00,"5,300.00"
2020-11-02,2020110204001398,GIC,39,1,10,530.00,"5,300.00"
2020-11-02,2020110204001397,GIC,39,50,10,530.00,"5,300.00"
2020-11-02,2020110204001396,GIC,39,57,10,530.00,"5,300.00"
2020-11-02,2020110204001407,GIC,41,19,10,530.00,"5,300.00"
2020-11-02,2020110204001406,GIC,41,21,10,530.00,"5,300.00"
2020-11-02,2020110204001405,GIC,41,37,10,530.00,"5,300.00"
2020-11-02,2020110204001404,GIC,41,47,10,530.00,"5,300.00"
2020-11-02,2020110204001403,GIC,41,38,10,530.00,"5,300.00"
2020-11-02,2020110204001402,GIC,41,38,10,530.00,"5,300.00"
2020-11-02,2020110204001413,GIC,39,21,10,530.00,"5,300.00"
2020-11-02,2020110204001412,GIC,39,3,10,530.00,"5,300.00"
2020-11-02,2020110204001411,GIC,39,16,10,530.00,"5,300.00"
2020-11-02,2020110204001410,GIC,39,21,10,530.00,"5,300.00"
2020-11-02,2020110204001409,GIC,41,51,10,530.00,"5,300.00"
2020-11-02,2020110204001408,GIC,41,41,10,530.00,"5,300.00"
2020-11-02,2020110204001419,GIC,39,3,10,530.00,"5,300.00"
2020-11-02,2020110204001418,GIC,39,21,10,530.00,"5,300.00"
2020-11-02,2020110204001417,GIC,39,41,10,530.00,"5,300.00"
2020-11-02,2020110204001416,GIC,54,17,200,531.00,"106,200.00"
2020-11-02,2020110204001415,GIC,39,21,10,530.00,"5,300.00"
2020-11-02,2020110204001414,GIC,39,14,10,530.00,"5,300.00"
2020-11-02,2020110204001426,GIC,58,56,10,530.00,"5,300.00"
2020-11-02,2020110204001425,GIC,58,29,10,530.00,"5,300.00"
2020-11-02,2020110204001424,GIC,33,17,50,531.00,"26,550.00"
2020-11-02,2020110204001423,GIC,58,16,10,530.00,"5,300.00"
2020-11-02,2020110204001422,GIC,58,56,10,530.00,"5,300.00"
2020-11-02,2020110204001420,GIC,39,35,10,530.00,"5,300.00"
2020-11-02,2020110204001432,GIC,14,8,10,530.00,"5,300.00"
2020-11-02,2020110204001431,GIC,58,42,10,530.00,"5,300.00"
2020-11-02,2020110204001430,GIC,58,11,10,530.00,"5,300.00"
2020-11-02,2020110204001429,GIC,58,29,10,530.00,"5,300.00"
2020-11-02,2020110204001428,GIC,58,4,10,530.00,"5,300.00"
2020-11-02,2020110204001427,GIC,58,29,10,530.00,"5,300.00"
2020-11-02,2020110204001439,GIC,14,51,10,530.00,"5,300.00"
2020-11-02,2020110204001438,GIC,14,8,10,530.00,"5,300.00"
2020-11-02,2020110204001437,GIC,14,34,10,530.00,"5,300.00"
2020-11-02,2020110204001435,GIC,14,8,10,530.00,"5,300.00"
2020-11-02,2020110204001434,GIC,14,3,10,530.00,"5,300.00"
2020-11-02,2020110204001433,GIC,14,44,140,530.00,"74,200.00"
2020-11-02,2020110204001445,GIC,29,13,10,530.00,"5,300.00"
2020-11-02,2020110204001444,GIC,45,17,10,530.00,"5,300.00"
2020-11-02,2020110204001443,GIC,45,38,10,530.00,"5,300.00"
2020-11-02,2020110204001442,GIC,45,26,10,530.00,"5,300.00"
2020-11-02,2020110204001441,GIC,45,8,10,530.00,"5,300.00"
2020-11-02,2020110204001440,GIC,45,45,10,530.00,"5,300.00"
2020-11-02,2020110204001451,GIC,29,46,10,530.00,"5,300.00"
2020-11-02,2020110204001450,GIC,29,20,10,530.00,"5,300.00"
2020-11-02,2020110204001449,GIC,29,56,10,530.00,"5,300.00"
2020-11-02,2020110204001448,GIC,29,20,10,530.00,"5,300.00"
2020-11-02,2020110204001447,GIC,29,34,10,530.00,"5,300.00"
2020-11-02,2020110204001446,GIC,29,8,10,530.00,"5,300.00"
2020-11-02,2020110204001457,GIC,16,13,10,530.00,"5,300.00"
2020-11-02,2020110204001456,GIC,16,56,10,530.00,"5,300.00"
2020-11-02,2020110204001455,GIC,16,32,10,530.00,"5,300.00"
2020-11-02,2020110204001454,GIC,29,49,10,530.00,"5,300.00"
2020-11-02,2020110204001453,GIC,29,28,10,530.00,"5,300.00"
2020-11-02,2020110204001452,GIC,29,8,10,530.00,"5,300.00"
2020-11-02,2020110204001463,GIC,16,34,10,530.00,"5,300.00"
2020-11-02,2020110204001462,GIC,16,6,10,530.00,"5,300.00"
2020-11-02,2020110204001461,GIC,16,20,10,530.00,"5,300.00"
2020-11-02,2020110204001460,GIC,16,46,10,530.00,"5,300.00"
2020-11-02,2020110204001459,GIC,16,56,10,530.00,"5,300.00"
2020-11-02,2020110204001458,GIC,16,8,10,530.00,"5,300.00"
2020-11-02,2020110204001470,GIC,22,8,10,530.00,"5,300.00"
2020-11-02,2020110204001469,GIC,22,46,10,530.00,"5,300.00"
2020-11-02,2020110204001468,GIC,22,46,10,530.00,"5,300.00"
2020-11-02,2020110204001467,GIC,22,5,10,530.00,"5,300.00"
2020-11-02,2020110204001466,GIC,22,20,10,530.00,"5,300.00"
2020-11-02,2020110204001464,GIC,16,58,10,530.00,"5,300.00"
2020-11-02,2020110204001476,GIC,47,26,10,530.00,"5,300.00"
2020-11-02,2020110204001475,GIC,51,8,10,530.00,"5,300.00"
2020-11-02,2020110204001474,GIC,51,1,10,530.00,"5,300.00"
2020-11-02,2020110204001473,GIC,51,20,10,530.00,"5,300.00"
2020-11-02,2020110204001472,GIC,51,8,10,530.00,"5,300.00"
2020-11-02,2020110204001471,GIC,51,42,10,530.00,"5,300.00"
2020-11-02,2020110204001485,GIC,50,8,10,529.00,"5,290.00"
2020-11-02,2020110204001484,GIC,50,8,10,529.00,"5,290.00"
2020-11-02,2020110204001482,GIC,50,20,10,529.00,"5,290.00"
2020-11-02,2020110204001481,GIC,6,57,10,529.00,"5,290.00"
2020-11-02,2020110204001479,GIC,6,22,10,529.00,"5,290.00"
2020-11-02,2020110204001478,GIC,47,8,10,530.00,"5,300.00"
2020-11-02,2020110204001491,GIC,25,57,10,529.00,"5,290.00"
2020-11-02,2020110204001490,GIC,25,55,10,529.00,"5,290.00"
2020-11-02,2020110204001489,GIC,25,14,10,529.00,"5,290.00"
2020-11-02,2020110204001488,GIC,25,20,10,529.00,"5,290.00"
2020-11-02,2020110204001487,GIC,25,8,10,529.00,"5,290.00"
2020-11-02,2020110204001486,GIC,25,53,10,529.00,"5,290.00"
2020-11-02,2020110204001497,GIC,17,34,10,530.00,"5,300.00"
2020-11-02,2020110204001496,GIC,17,57,10,530.00,"5,300.00"
2020-11-02,2020110204001495,GIC,25,11,10,529.00,"5,290.00"
2020-11-02,2020110204001494,GIC,25,4,10,529.00,"5,290.00"
2020-11-02,2020110204001493,GIC,25,8,10,529.00,"5,290.00"
2020-11-02,2020110204001492,GIC,25,14,10,529.00,"5,290.00"
2020-11-02,2020110204001503,GIC,17,4,10,530.00,"5,300.00"
2020-11-02,2020110204001502,GIC,17,57,10,530.00,"5,300.00"
2020-11-02,2020110204001501,GIC,17,38,10,530.00,"5,300.00"
2020-11-02,2020110204001500,GIC,17,43,10,530.00,"5,300.00"
2020-11-02,2020110204001499,GIC,17,42,10,530.00,"5,300.00"
2020-11-02,2020110204001498,GIC,17,52,10,530.00,"5,300.00"
2020-11-02,2020110204001509,GIC,25,20,10,529.00,"5,290.00"
2020-11-02,2020110204001508,GIC,25,21,10,529.00,"5,290.00"
2020-11-02,2020110204001507,GIC,25,42,10,529.00,"5,290.00"
2020-11-02,2020110204001506,GIC,25,14,10,529.00,"5,290.00"
2020-11-02,2020110204001505,GIC,17,32,10,530.00,"5,300.00"
2020-11-02,2020110204001504,GIC,17,40,10,530.00,"5,300.00"
2020-11-02,2020110204001516,GIC,57,39,50,529.00,"26,450.00"
2020-11-02,2020110204001515,GIC,45,39,40,529.00,"21,160.00"
2020-11-02,2020110204001514,GIC,34,39,100,529.00,"52,900.00"
2020-11-02,2020110204001513,GIC,48,39,100,529.00,"52,900.00"
2020-11-02,2020110204001512,GIC,25,39,50,529.00,"26,450.00"
2020-11-02,2020110204001511,GIC,25,20,10,529.00,"5,290.00"
2020-11-02,2020110204001522,GIC,10,39,60,529.00,"31,740.00"
2020-11-02,2020110204001521,GIC,22,39,20,529.00,"10,580.00"
2020-11-02,2020110204001520,GIC,26,39,100,529.00,"52,900.00"
2020-11-02,2020110204001519,GIC,6,39,70,529.00,"37,030.00"
2020-11-02,2020110204001518,GIC,58,39,50,529.00,"26,450.00"
2020-11-02,2020110204001517,GIC,35,39,90,529.00,"47,610.00"
2020-11-02,2020110204001528,GIC,22,39,100,528.00,"52,800.00"
2020-11-02,2020110204001527,GIC,44,39,20,528.00,"10,560.00"
2020-11-02,2020110204001526,GIC,58,39,100,528.00,"52,800.00"
2020-11-02,2020110204001525,GIC,35,39,100,528.00,"52,800.00"
2020-11-02,2020110204001524,GIC,57,39,100,528.00,"52,800.00"
2020-11-02,2020110204001523,GIC,47,39,200,528.00,"105,600.00"
2020-11-02,2020110204001534,GIC,35,39,350,528.00,"184,800.00"
2020-11-02,2020110204001533,GIC,41,39,30,528.00,"15,840.00"
2020-11-02,2020110204001532,GIC,57,39,10,528.00,"5,280.00"
2020-11-02,2020110204001531,GIC,52,39,500,528.00,"264,000.00"
2020-11-02,2020110204001530,GIC,53,39,20,528.00,"10,560.00"
2020-11-02,2020110204001529,GIC,29,39,50,528.00,"26,400.00"
2020-11-02,2020110204001540,GIC,45,39,100,527.00,"52,700.00"
2020-11-02,2020110204001539,GIC,51,39,300,527.00,"158,100.00"
2020-11-02,2020110204001538,GIC,51,39,100,527.00,"52,700.00"
2020-11-02,2020110204001537,GIC,35,39,20,528.00,"10,560.00"
2020-11-02,2020110204001536,GIC,33,39,100,528.00,"52,800.00"
2020-11-02,2020110204001535,GIC,58,39,500,528.00,"264,000.00"
2020-11-02,2020110204001546,GIC,14,39,100,527.00,"52,700.00"
2020-11-02,2020110204001545,GIC,45,39,10,527.00,"5,270.00"
2020-11-02,2020110204001544,GIC,39,39,100,527.00,"52,700.00"
2020-11-02,2020110204001543,GIC,41,39,200,527.00,"105,400.00"
2020-11-02,2020110204001542,GIC,53,39,10,527.00,"5,270.00"
2020-11-02,2020110204001541,GIC,35,39,30,527.00,"15,810.00"
2020-11-02,2020110204001552,GIC,35,39,150,526.00,"78,900.00"
2020-11-02,2020110204001551,GIC,52,39,100,526.00,"52,600.00"
2020-11-02,2020110204001550,GIC,38,39,50,527.00,"26,350.00"
2020-11-02,2020110204001549,GIC,35,39,100,527.00,"52,700.00"
2020-11-02,2020110204001548,GIC,25,39,300,527.00,"158,100.00"
2020-11-02,2020110204001547,GIC,36,39,40,527.00,"21,080.00"
2020-11-02,2020110204001558,GIC,3,39,50,525.00,"26,250.00"
2020-11-02,2020110204001557,GIC,49,39,170,526.00,"89,420.00"
2020-11-02,2020110204001556,GIC,17,39,30,526.00,"15,780.00"
2020-11-02,2020110204001555,GIC,14,39,100,526.00,"52,600.00"
2020-11-02,2020110204001554,GIC,49,39,190,526.00,"99,940.00"
2020-11-02,2020110204001553,GIC,35,39,"1,000",526.00,"526,000.00"
2020-11-02,2020110204001564,GIC,43,39,100,525.00,"52,500.00"
2020-11-02,2020110204001563,GIC,58,39,100,525.00,"52,500.00"
2020-11-02,2020110204001562,GIC,11,39,200,525.00,"105,000.00"
2020-11-02,2020110204001561,GIC,54,39,100,525.00,"52,500.00"
2020-11-02,2020110204001560,GIC,55,39,10,525.00,"5,250.00"
2020-11-02,2020110204001559,GIC,25,39,100,525.00,"52,500.00"
2020-11-02,2020110204001570,GIC,45,39,68,525.00,"35,700.00"
2020-11-02,2020110204001569,GIC,58,39,30,525.00,"15,750.00"
2020-11-02,2020110204001568,GIC,49,39,400,525.00,"210,000.00"
2020-11-02,2020110204001567,GIC,38,39,100,525.00,"52,500.00"
2020-11-02,2020110204001566,GIC,56,39,30,525.00,"15,750.00"
2020-11-02,2020110204001565,GIC,45,39,50,525.00,"26,250.00"
2020-11-02,2020110204001576,GIC,26,39,100,525.00,"52,500.00"
2020-11-02,2020110204001575,GIC,47,39,100,525.00,"52,500.00"
2020-11-02,2020110204001574,GIC,26,39,50,525.00,"26,250.00"
2020-11-02,2020110204001573,GIC,35,39,300,525.00,"157,500.00"
2020-11-02,2020110204001572,GIC,49,39,500,525.00,"262,500.00"
2020-11-02,2020110204001571,GIC,38,39,100,525.00,"52,500.00"
2020-11-02,2020110204001582,GIC,57,39,100,525.00,"52,500.00"
2020-11-02,2020110204001581,GIC,28,39,50,525.00,"26,250.00"
2020-11-02,2020110204001580,GIC,47,39,20,525.00,"10,500.00"
2020-11-02,2020110204001579,GIC,58,39,500,525.00,"262,500.00"
2020-11-02,2020110204001578,GIC,11,39,20,525.00,"10,500.00"
2020-11-02,2020110204001577,GIC,32,39,50,525.00,"26,250.00"
2020-11-02,2020110204001590,GIC,58,20,10,529.00,"5,290.00"
2020-11-02,2020110204001587,GIC,17,35,10,529.00,"5,290.00"
2020-11-02,2020110204001586,GIC,17,19,10,529.00,"5,290.00"
2020-11-02,2020110204001585,GIC,17,45,10,529.00,"5,290.00"
2020-11-02,2020110204001584,GIC,17,39,20,525.00,"10,500.00"
2020-11-02,2020110204001583,GIC,8,39,100,525.00,"52,500.00"
2020-11-02,2020110204001596,GIC,35,48,10,525.00,"5,250.00"
2020-11-02,2020110204001595,GIC,35,20,10,525.00,"5,250.00"
2020-11-02,2020110204001594,GIC,35,11,10,525.00,"5,250.00"
2020-11-02,2020110204001593,GIC,35,38,10,525.00,"5,250.00"
2020-11-02,2020110204001592,GIC,35,20,10,525.00,"5,250.00"
2020-11-02,2020110204001591,GIC,35,38,10,525.00,"5,250.00"
2020-11-02,2020110204001604,GIC,57,16,10,525.00,"5,250.00"
2020-11-02,2020110204001603,GIC,57,16,10,525.00,"5,250.00"
2020-11-02,2020110204001600,GIC,57,35,10,525.00,"5,250.00"
2020-11-02,2020110204001599,GIC,35,4,10,525.00,"5,250.00"
2020-11-02,2020110204001598,GIC,35,16,10,525.00,"5,250.00"
2020-11-02,2020110204001597,GIC,35,20,10,525.00,"5,250.00"
2020-11-02,2020110204001610,GIC,47,47,10,527.00,"5,270.00"
2020-11-02,2020110204001609,GIC,57,16,10,525.00,"5,250.00"
2020-11-02,2020110204001608,GIC,57,8,10,525.00,"5,250.00"
2020-11-02,2020110204001607,GIC,57,20,10,525.00,"5,250.00"
2020-11-02,2020110204001606,GIC,57,20,10,525.00,"5,250.00"
2020-11-02,2020110204001605,GIC,57,19,10,525.00,"5,250.00"
2020-11-02,2020110204001616,GIC,42,54,10,528.00,"5,280.00"
2020-11-02,2020110204001615,GIC,42,14,10,528.00,"5,280.00"
2020-11-02,2020110204001614,GIC,47,16,10,525.00,"5,250.00"
2020-11-02,2020110204001613,GIC,57,45,10,525.00,"5,250.00"
2020-11-02,2020110204001612,GIC,57,20,10,525.00,"5,250.00"
2020-11-02,2020110204001611,GIC,17,41,10,526.00,"5,260.00"
2020-11-02,2020110204001622,GIC,47,6,10,525.00,"5,250.00"
2020-11-02,2020110204001621,GIC,47,32,10,525.00,"5,250.00"
2020-11-02,2020110204001620,GIC,47,16,10,525.00,"5,250.00"
2020-11-02,2020110204001619,GIC,47,16,10,525.00,"5,250.00"
2020-11-02,2020110204001618,GIC,42,26,10,528.00,"5,280.00"
2020-11-02,2020110204001617,GIC,42,41,10,528.00,"5,280.00"
2020-11-02,2020110204001630,GIC,35,46,10,526.00,"5,260.00"
2020-11-02,2020110204001629,GIC,47,16,10,525.00,"5,250.00"
2020-11-02,2020110204001628,GIC,47,38,10,525.00,"5,250.00"
2020-11-02,2020110204001625,GIC,47,16,10,525.00,"5,250.00"
2020-11-02,2020110204001624,GIC,47,26,10,525.00,"5,250.00"
2020-11-02,2020110204001623,GIC,47,16,10,525.00,"5,250.00"
2020-11-02,2020110204001638,GIC,55,45,10,526.00,"5,260.00"
2020-11-02,2020110204001637,GIC,55,38,10,526.00,"5,260.00"
2020-11-02,2020110204001636,GIC,35,38,10,526.00,"5,260.00"
2020-11-02,2020110204001635,GIC,35,38,10,526.00,"5,260.00"
2020-11-02,2020110204001632,GIC,35,16,10,526.00,"5,260.00"
2020-11-02,2020110204001631,GIC,35,16,10,526.00,"5,260.00"
2020-11-02,2020110204001644,GIC,37,50,10,526.00,"5,260.00"
2020-11-02,2020110204001643,GIC,37,20,10,526.00,"5,260.00"
2020-11-02,2020110204001642,GIC,37,38,10,526.00,"5,260.00"
2020-11-02,2020110204001641,GIC,37,38,10,526.00,"5,260.00"
2020-11-02,2020110204001640,GIC,37,38,10,526.00,"5,260.00"
2020-11-02,2020110204001639,GIC,55,38,10,526.00,"5,260.00"
2020-11-02,2020110204001650,GIC,37,20,10,526.00,"5,260.00"
2020-11-02,2020110204001649,GIC,37,38,10,526.00,"5,260.00"
2020-11-02,2020110204001648,GIC,37,38,10,526.00,"5,260.00"
2020-11-02,2020110204001647,GIC,37,38,10,526.00,"5,260.00"
2020-11-02,2020110204001646,GIC,37,45,10,526.00,"5,260.00"
2020-11-02,2020110204001645,GIC,37,38,10,526.00,"5,260.00"
2020-11-02,2020110204001657,GIC,37,19,10,526.00,"5,260.00"
2020-11-02,2020110204001656,GIC,37,38,10,526.00,"5,260.00"
2020-11-02,2020110204001655,GIC,50,53,10,527.00,"5,270.00"
2020-11-02,2020110204001654,GIC,50,52,10,527.00,"5,270.00"
2020-11-02,2020110204001653,GIC,50,3,10,527.00,"5,270.00"
2020-11-02,2020110204001651,GIC,37,38,10,526.00,"5,260.00"
2020-11-02,2020110204001663,GIC,37,38,10,526.00,"5,260.00"
2020-11-02,2020110204001662,GIC,37,16,10,526.00,"5,260.00"
2020-11-02,2020110204001661,GIC,37,20,10,526.00,"5,260.00"
2020-11-02,2020110204001660,GIC,37,17,10,526.00,"5,260.00"
2020-11-02,2020110204001659,GIC,37,38,10,526.00,"5,260.00"
2020-11-02,2020110204001658,GIC,37,20,10,526.00,"5,260.00"
2020-11-02,2020110204001672,GIC,47,16,10,525.00,"5,250.00"
2020-11-02,2020110204001668,GIC,47,6,10,525.00,"5,250.00"
2020-11-02,2020110204001667,GIC,47,20,10,525.00,"5,250.00"
2020-11-02,2020110204001666,GIC,37,32,280,526.00,"147,280.00"
2020-11-02,2020110204001665,GIC,37,17,10,526.00,"5,260.00"
2020-11-02,2020110204001664,GIC,37,19,10,526.00,"5,260.00"
2020-11-02,2020110204001678,GIC,47,38,10,525.00,"5,250.00"
2020-11-02,2020110204001677,GIC,47,34,10,525.00,"5,250.00"
2020-11-02,2020110204001676,GIC,39,32,20,526.00,"10,520.00"
2020-11-02,2020110204001675,GIC,47,19,10,525.00,"5,250.00"
2020-11-02,2020110204001674,GIC,47,20,10,525.00,"5,250.00"
2020-11-02,2020110204001673,GIC,47,38,10,525.00,"5,250.00"
2020-11-02,2020110204001684,GIC,34,38,10,525.00,"5,250.00"
2020-11-02,2020110204001683,GIC,34,54,10,525.00,"5,250.00"
2020-11-02,2020110204001682,GIC,34,26,10,525.00,"5,250.00"
2020-11-02,2020110204001681,GIC,34,17,10,525.00,"5,250.00"
2020-11-02,2020110204001680,GIC,47,38,10,525.00,"5,250.00"
2020-11-02,2020110204001679,GIC,47,41,10,525.00,"5,250.00"
2020-11-02,2020110204001690,GIC,34,38,10,525.00,"5,250.00"
2020-11-02,2020110204001689,GIC,34,17,10,525.00,"5,250.00"
2020-11-02,2020110204001688,GIC,34,38,10,525.00,"5,250.00"
2020-11-02,2020110204001687,GIC,34,38,10,525.00,"5,250.00"
2020-11-02,2020110204001686,GIC,34,32,10,525.00,"5,250.00"
2020-11-02,2020110204001685,GIC,34,20,10,525.00,"5,250.00"
2020-11-02,2020110204001696,GIC,25,3,10,525.00,"5,250.00"
2020-11-02,2020110204001695,GIC,25,38,10,525.00,"5,250.00"
2020-11-02,2020110204001694,GIC,25,47,10,525.00,"5,250.00"
2020-11-02,2020110204001693,GIC,39,20,10,525.00,"5,250.00"
2020-11-02,2020110204001692,GIC,39,56,10,525.00,"5,250.00"
2020-11-02,2020110204001691,GIC,39,49,10,525.00,"5,250.00"
2020-11-02,2020110204001702,GIC,25,38,10,525.00,"5,250.00"
2020-11-02,2020110204001701,GIC,25,56,10,525.00,"5,250.00"
2020-11-02,2020110204001700,GIC,25,56,10,525.00,"5,250.00"
2020-11-02,2020110204001699,GIC,25,20,10,525.00,"5,250.00"
2020-11-02,2020110204001698,GIC,25,38,10,525.00,"5,250.00"
2020-11-02,2020110204001697,GIC,25,56,10,525.00,"5,250.00"
2020-11-02,2020110204001708,GIC,25,38,10,525.00,"5,250.00"
2020-11-02,2020110204001707,GIC,25,20,10,525.00,"5,250.00"
2020-11-02,2020110204001706,GIC,25,56,10,525.00,"5,250.00"
2020-11-02,2020110204001705,GIC,25,34,10,525.00,"5,250.00"
2020-11-02,2020110204001704,GIC,25,17,10,525.00,"5,250.00"
2020-11-02,2020110204001703,GIC,25,47,10,525.00,"5,250.00"
2020-11-02,2020110204001714,GIC,25,7,10,525.00,"5,250.00"
2020-11-02,2020110204001713,GIC,25,34,10,525.00,"5,250.00"
2020-11-02,2020110204001712,GIC,25,47,10,525.00,"5,250.00"
2020-11-02,2020110204001711,GIC,25,56,10,525.00,"5,250.00"
2020-11-02,2020110204001710,GIC,25,47,10,525.00,"5,250.00"
2020-11-02,2020110204001709,GIC,25,56,10,525.00,"5,250.00"
2020-11-02,2020110204001720,GIC,25,45,10,525.00,"5,250.00"
2020-11-02,2020110204001719,GIC,25,47,10,525.00,"5,250.00"
2020-11-02,2020110204001718,GIC,25,32,10,525.00,"5,250.00"
2020-11-02,2020110204001717,GIC,25,47,10,525.00,"5,250.00"
2020-11-02,2020110204001716,GIC,25,4,10,525.00,"5,250.00"
2020-11-02,2020110204001715,GIC,25,47,10,525.00,"5,250.00"
2020-11-02,2020110204001727,GIC,43,1,50,525.00,"26,250.00"
2020-11-02,2020110204001726,GIC,25,32,10,525.00,"5,250.00"
2020-11-02,2020110204001725,GIC,25,7,10,525.00,"5,250.00"
2020-11-02,2020110204001724,GIC,25,43,10,525.00,"5,250.00"
2020-11-02,2020110204001723,GIC,25,42,10,525.00,"5,250.00"
2020-11-02,2020110204001721,GIC,25,41,10,525.00,"5,250.00"
2020-11-02,2020110204001734,GIC,25,4,10,525.00,"5,250.00"
2020-11-02,2020110204001733,GIC,25,22,10,525.00,"5,250.00"
2020-11-02,2020110204001731,GIC,25,22,10,525.00,"5,250.00"
2020-11-02,2020110204001730,GIC,25,52,10,525.00,"5,250.00"
2020-11-02,2020110204001729,GIC,25,22,10,525.00,"5,250.00"
2020-11-02,2020110204001728,GIC,25,1,40,525.00,"21,000.00"
2020-11-02,2020110204001741,GIC,25,52,10,525.00,"5,250.00"
2020-11-02,2020110204001740,GIC,25,21,10,525.00,"5,250.00"
2020-11-02,2020110204001738,GIC,1,32,50,526.00,"26,300.00"
2020-11-02,2020110204001737,GIC,25,22,10,525.00,"5,250.00"
2020-11-02,2020110204001736,GIC,25,16,10,525.00,"5,250.00"
2020-11-02,2020110204001735,GIC,25,22,10,525.00,"5,250.00"
2020-11-02,2020110204001748,GIC,17,45,10,525.00,"5,250.00"
2020-11-02,2020110204001747,GIC,17,16,10,525.00,"5,250.00"
2020-11-02,2020110204001745,GIC,25,22,10,525.00,"5,250.00"
2020-11-02,2020110204001744,GIC,25,52,10,525.00,"5,250.00"
2020-11-02,2020110204001743,GIC,25,22,10,525.00,"5,250.00"
2020-11-02,2020110204001742,GIC,25,41,10,525.00,"5,250.00"
2020-11-02,2020110204001754,GIC,17,22,10,525.00,"5,250.00"
2020-11-02,2020110204001753,GIC,17,4,10,525.00,"5,250.00"
2020-11-02,2020110204001752,GIC,17,56,10,525.00,"5,250.00"
2020-11-02,2020110204001751,GIC,17,52,10,525.00,"5,250.00"
2020-11-02,2020110204001750,GIC,17,22,10,525.00,"5,250.00"
2020-11-02,2020110204001749,GIC,17,28,10,525.00,"5,250.00"
2020-11-02,2020110204001761,GIC,45,16,10,525.00,"5,250.00"
2020-11-02,2020110204001760,GIC,6,16,50,525.00,"26,250.00"
2020-11-02,2020110204001759,GIC,17,16,90,525.00,"47,250.00"
2020-11-02,2020110204001758,GIC,17,4,10,525.00,"5,250.00"
2020-11-02,2020110204001757,GIC,17,20,10,525.00,"5,250.00"
2020-11-02,2020110204001755,GIC,17,38,10,525.00,"5,250.00"
2020-11-02,2020110204001769,GIC,56,57,10,525.00,"5,250.00"
2020-11-02,2020110204001768,GIC,56,49,10,525.00,"5,250.00"
2020-11-02,2020110204001767,GIC,56,20,10,525.00,"5,250.00"
2020-11-02,2020110204001766,GIC,56,4,10,525.00,"5,250.00"
2020-11-02,2020110204001763,GIC,56,16,10,525.00,"5,250.00"
2020-11-02,2020110204001762,GIC,55,16,40,525.00,"21,000.00"
2020-11-02,2020110204001782,GIC,25,38,10,525.00,"5,250.00"
2020-11-02,2020110204001781,GIC,22,32,50,526.00,"26,300.00"
2020-11-02,2020110204001780,GIC,25,42,10,525.00,"5,250.00"
2020-11-02,2020110204001779,GIC,25,20,10,525.00,"5,250.00"
2020-11-02,2020110204001778,GIC,25,41,10,525.00,"5,250.00"
2020-11-02,2020110204001774,GIC,25,21,10,525.00,"5,250.00"
2020-11-02,2020110204001788,GIC,32,21,10,525.00,"5,250.00"
2020-11-02,2020110204001787,GIC,35,17,10,525.00,"5,250.00"
2020-11-02,2020110204001786,GIC,35,22,10,525.00,"5,250.00"
2020-11-02,2020110204001785,GIC,35,20,10,525.00,"5,250.00"
2020-11-02,2020110204001784,GIC,35,38,10,525.00,"5,250.00"
2020-11-02,2020110204001783,GIC,35,38,10,525.00,"5,250.00"
2020-11-02,2020110204001800,GIC,34,32,50,526.00,"26,300.00"
2020-11-02,2020110204001799,GIC,32,38,10,525.00,"5,250.00"
2020-11-02,2020110204001798,GIC,32,3,10,525.00,"5,250.00"
2020-11-02,2020110204001791,GIC,32,45,10,525.00,"5,250.00"
2020-11-02,2020110204001790,GIC,32,38,10,525.00,"5,250.00"
2020-11-02,2020110204001789,GIC,32,38,10,525.00,"5,250.00"
2020-11-02,2020110204001807,GIC,57,35,10,525.00,"5,250.00"
2020-11-02,2020110204001806,GIC,57,56,10,525.00,"5,250.00"
2020-11-02,2020110204001805,GIC,32,26,10,525.00,"5,250.00"
2020-11-02,2020110204001804,GIC,32,47,10,525.00,"5,250.00"
2020-11-02,2020110204001803,GIC,32,20,10,525.00,"5,250.00"
2020-11-02,2020110204001802,GIC,32,38,10,525.00,"5,250.00"
2020-11-02,2020110204001813,GIC,57,20,10,525.00,"5,250.00"
2020-11-02,2020110204001812,GIC,57,56,10,525.00,"5,250.00"
2020-11-02,2020110204001811,GIC,57,39,10,525.00,"5,250.00"
2020-11-02,2020110204001810,GIC,57,10,10,525.00,"5,250.00"
2020-11-02,2020110204001809,GIC,57,58,10,525.00,"5,250.00"
2020-11-02,2020110204001808,GIC,57,58,10,525.00,"5,250.00"
2020-11-02,2020110204001819,GIC,39,47,10,525.00,"5,250.00"
2020-11-02,2020110204001818,GIC,41,32,40,526.00,"21,040.00"
2020-11-02,2020110204001817,GIC,39,56,10,525.00,"5,250.00"
2020-11-02,2020110204001816,GIC,57,41,10,525.00,"5,250.00"
2020-11-02,2020110204001815,GIC,57,16,10,525.00,"5,250.00"
2020-11-02,2020110204001814,GIC,22,32,50,526.00,"26,300.00"
2020-11-02,2020110204001746,NBF2,25,58,400,9.25,"3,700.00"
2020-11-02,2020110204001465,NBF2,25,38,200,9.25,"1,850.00"
2020-11-02,2020110204001634,NEF,34,21,742,9.10,"6,752.20"
2020-11-02,2020110204001633,NEF,58,21,103,9.10,937.30
2020-11-02,2020110204001771,NIBLPF,57,43,758,9.30,"7,049.40"
2020-11-02,2020110204001436,NIBLPF,45,21,"1,900",9.35,"17,765.00"
2020-11-02,2020110204001421,NIBSF1,33,29,"2,600",9.93,"25,818.00"
2020-11-02,2020110204001772,NICGF,34,28,"1,000",9.85,"9,850.00"
2020-11-02,2020110204001652,NICGF,34,22,"1,500",9.85,"14,775.00"
2020-11-02,2020110204001589,RBCLPO,59,59,10,"11,310.00","113,100.00"
2020-11-02,2020110204001776,SAEF,14,22,"1,000",9.96,"9,960.00"
2020-11-02,2020110204001775,SAEF,10,22,"1,000",9.96,"9,960.00"
2020-11-02,2020110204001765,SAEF,10,28,500,9.96,"4,980.00"
2020-11-02,2020110204001764,SAEF,34,28,"1,000",9.98,"9,980.00"
2020-11-02,2020110204001477,SAEF,10,34,500,9.96,"4,980.00"
2020-11-02,2020110204001627,SAND2085,26,4,25,"1,051.00","26,275.00"
2020-11-02,2020110204001626,SAND2085,19,4,25,"1,051.00","26,275.00"
2020-11-02,2020110204001671,SBIBD86,6,11,250,"1,050.00","262,500.00"
2020-11-02,2020110204001670,SBIBD86,6,11,250,"1,050.00","262,500.00"
2020-11-02,2020110204001669,SBIBD86,6,11,450,"1,050.00","472,500.00"
2020-11-02,2020110204001823,SEF,6,52,"3,200",9.57,"30,624.00"
2020-11-02,2020110204001822,SEF,6,22,"1,000",9.55,"9,550.00"
2020-11-02,2020110204001510,SEF,19,49,"1,500",9.54,"14,310.00"
2020-11-02,2020110204001483,SEF,19,55,500,9.54,"4,770.00"
2020-11-02,2020110204001588,SFMF,54,6,200,9.39,"1,878.00"
2020-11-02,2020110204001801,STC,25,3,15,"3,805.00","57,075.00"
2020-11-02,2020110204001797,STC,35,21,20,"3,805.00","76,100.00"
2020-11-02,2020110204001796,STC,28,21,50,"3,810.00","190,500.00"
2020-11-02,2020110204001795,STC,57,21,10,"3,810.00","38,100.00"
2020-11-02,2020110204001794,STC,46,21,10,"3,810.00","38,100.00"
2020-11-02,2020110204001793,STC,57,21,70,"3,811.00","266,770.00"
2020-11-02,2020110204001792,STC,53,21,10,"3,812.00","38,120.00"
2020-11-02,2020110204001480,STC,44,28,20,"3,845.00","76,900.00"
2020-11-02,2020110204001161,BBC,3,28,15,"2,129.00","31,935.00"
2020-11-02,2020110204001287,CMF1,21,58,100,9.65,965.00
2020-11-02,2020110204001327,GIC,33,3,10,530.00,"5,300.00"
2020-11-02,2020110204001326,GIC,33,38,10,530.00,"5,300.00"
2020-11-02,2020110204001325,GIC,33,21,10,530.00,"5,300.00"
2020-11-02,2020110204001324,GIC,33,46,10,530.00,"5,300.00"
2020-11-02,2020110204001323,GIC,33,38,10,530.00,"5,300.00"
2020-11-02,2020110204001322,GIC,33,13,10,530.00,"5,300.00"
2020-11-02,2020110204000828,GIC,55,33,10,530.00,"5,300.00"
2020-11-02,2020110204000836,GIC,35,33,10,530.00,"5,300.00"
2020-11-02,2020110204000835,GIC,35,38,10,530.00,"5,300.00"
2020-11-02,2020110204000832,GIC,35,33,10,530.00,"5,300.00"
2020-11-02,2020110204000831,GIC,35,38,10,530.00,"5,300.00"
2020-11-02,2020110204000830,GIC,35,40,10,530.00,"5,300.00"
2020-11-02,2020110204000829,GIC,35,52,10,530.00,"5,300.00"
2020-11-02,2020110204000843,GIC,35,34,10,530.00,"5,300.00"
2020-11-02,2020110204000842,GIC,35,52,10,530.00,"5,300.00"
2020-11-02,2020110204000841,GIC,35,38,10,530.00,"5,300.00"
2020-11-02,2020110204000839,GIC,6,38,10,530.00,"5,300.00"
2020-11-02,2020110204000838,GIC,6,33,10,530.00,"5,300.00"
2020-11-02,2020110204000837,GIC,35,38,10,530.00,"5,300.00"
2020-11-02,2020110204000849,GIC,35,38,10,530.00,"5,300.00"
2020-11-02,2020110204000848,GIC,35,33,10,530.00,"5,300.00"
2020-11-02,2020110204000847,GIC,53,6,10,531.00,"5,310.00"
2020-11-02,2020110204000846,GIC,53,45,10,531.00,"5,310.00"
2020-11-02,2020110204000845,GIC,53,3,10,531.00,"5,310.00"
2020-11-02,2020110204000844,GIC,35,37,10,530.00,"5,300.00"
2020-11-02,2020110204000855,GIC,39,38,10,531.00,"5,310.00"
2020-11-02,2020110204000854,GIC,10,33,10,531.00,"5,310.00"
2020-11-02,2020110204000853,GIC,10,38,10,531.00,"5,310.00"
2020-11-02,2020110204000852,GIC,10,33,10,531.00,"5,310.00"
2020-11-02,2020110204000851,GIC,35,34,10,530.00,"5,300.00"
2020-11-02,2020110204000850,GIC,19,48,10,531.00,"5,310.00"
2020-11-02,2020110204000861,GIC,8,51,10,531.00,"5,310.00"
2020-11-02,2020110204000860,GIC,8,46,10,531.00,"5,310.00"
2020-11-02,2020110204000859,GIC,8,3,10,531.00,"5,310.00"
2020-11-02,2020110204000858,GIC,8,38,10,531.00,"5,310.00"
2020-11-02,2020110204000857,GIC,34,58,10,531.00,"5,310.00"
2020-11-02,2020110204000856,GIC,39,33,10,531.00,"5,310.00"
2020-11-02,2020110204000870,GIC,7,35,20,532.00,"10,640.00"
2020-11-02,2020110204000869,GIC,1,35,10,532.00,"5,320.00"
2020-11-02,2020110204000865,GIC,8,6,10,531.00,"5,310.00"
2020-11-02,2020110204000864,GIC,8,57,10,531.00,"5,310.00"
2020-11-02,2020110204000863,GIC,8,57,10,531.00,"5,310.00"
2020-11-02,2020110204000862,GIC,8,38,10,531.00,"5,310.00"
2020-11-02,2020110204000876,GIC,8,57,10,531.00,"5,310.00"
2020-11-02,2020110204000875,GIC,8,57,10,531.00,"5,310.00"
2020-11-02,2020110204000874,GIC,42,21,33,532.00,"17,556.00"
2020-11-02,2020110204000873,GIC,42,29,10,532.00,"5,320.00"
2020-11-02,2020110204000872,GIC,42,29,10,532.00,"5,320.00"
2020-11-02,2020110204000871,GIC,42,35,47,532.00,"25,004.00"
2020-11-02,2020110204000884,GIC,8,21,20,531.00,"10,620.00"
2020-11-02,2020110204000883,GIC,8,57,10,531.00,"5,310.00"
2020-11-02,2020110204000880,GIC,8,41,10,531.00,"5,310.00"
2020-11-02,2020110204000879,GIC,8,42,10,531.00,"5,310.00"
2020-11-02,2020110204000878,GIC,8,56,10,531.00,"5,310.00"
2020-11-02,2020110204000877,GIC,8,17,10,531.00,"5,310.00"
2020-11-02,2020110204000890,GIC,37,6,10,531.00,"5,310.00"
2020-11-02,2020110204000889,GIC,37,51,10,531.00,"5,310.00"
2020-11-02,2020110204000888,GIC,58,3,10,531.00,"5,310.00"
2020-11-02,2020110204000887,GIC,8,41,10,531.00,"5,310.00"
2020-11-02,2020110204000886,GIC,8,34,10,531.00,"5,310.00"
2020-11-02,2020110204000885,GIC,8,38,10,531.00,"5,310.00"
2020-11-02,2020110204000897,GIC,37,35,10,531.00,"5,310.00"
2020-11-02,2020110204000896,GIC,37,52,10,531.00,"5,310.00"
2020-11-02,2020110204000895,GIC,37,51,10,531.00,"5,310.00"
2020-11-02,2020110204000894,GIC,37,43,10,531.00,"5,310.00"
2020-11-02,2020110204000893,GIC,26,21,17,532.00,"9,044.00"
2020-11-02,2020110204000892,GIC,37,42,10,531.00,"5,310.00"
2020-11-02,2020110204000903,GIC,37,16,10,531.00,"5,310.00"
2020-11-02,2020110204000902,GIC,37,33,10,531.00,"5,310.00"
2020-11-02,2020110204000901,GIC,37,3,10,531.00,"5,310.00"
2020-11-02,2020110204000900,GIC,37,54,10,531.00,"5,310.00"
2020-11-02,2020110204000899,GIC,37,33,10,531.00,"5,310.00"
2020-11-02,2020110204000898,GIC,37,50,10,531.00,"5,310.00"
2020-11-02,2020110204000909,GIC,37,14,10,531.00,"5,310.00"
2020-11-02,2020110204000908,GIC,37,33,10,531.00,"5,310.00"
2020-11-02,2020110204000907,GIC,37,14,10,531.00,"5,310.00"
2020-11-02,2020110204000906,GIC,37,33,10,531.00,"5,310.00"
2020-11-02,2020110204000905,GIC,37,54,10,531.00,"5,310.00"
2020-11-02,2020110204000904,GIC,37,51,10,531.00,"5,310.00"
2020-11-02,2020110204000915,GIC,37,56,10,531.00,"5,310.00"
2020-11-02,2020110204000914,GIC,37,33,10,531.00,"5,310.00"
2020-11-02,2020110204000913,GIC,37,38,10,531.00,"5,310.00"
2020-11-02,2020110204000912,GIC,37,14,10,531.00,"5,310.00"
2020-11-02,2020110204000911,GIC,37,57,10,531.00,"5,310.00"
2020-11-02,2020110204000910,GIC,37,11,10,531.00,"5,310.00"
2020-11-02,2020110204000921,GIC,37,43,10,531.00,"5,310.00"
2020-11-02,2020110204000920,GIC,37,45,10,531.00,"5,310.00"
2020-11-02,2020110204000919,GIC,37,11,10,531.00,"5,310.00"
2020-11-02,2020110204000918,GIC,37,14,10,531.00,"5,310.00"
2020-11-02,2020110204000917,GIC,37,45,80,531.00,"42,480.00"
2020-11-02,2020110204000916,GIC,37,33,10,531.00,"5,310.00"
2020-11-02,2020110204000928,GIC,37,38,10,531.00,"5,310.00"
2020-11-02,2020110204000927,GIC,37,35,10,531.00,"5,310.00"
2020-11-02,2020110204000926,GIC,37,33,10,531.00,"5,310.00"
2020-11-02,2020110204000925,GIC,37,49,10,531.00,"5,310.00"
2020-11-02,2020110204000923,GIC,37,52,10,531.00,"5,310.00"
2020-11-02,2020110204000922,GIC,37,14,10,531.00,"5,310.00"
2020-11-02,2020110204000934,GIC,37,59,10,531.00,"5,310.00"
2020-11-02,2020110204000933,GIC,37,33,10,531.00,"5,310.00"
2020-11-02,2020110204000932,GIC,37,21,10,531.00,"5,310.00"
2020-11-02,2020110204000931,GIC,37,44,10,531.00,"5,310.00"
2020-11-02,2020110204000930,GIC,37,57,10,531.00,"5,310.00"
2020-11-02,2020110204000929,GIC,37,33,10,531.00,"5,310.00"
2020-11-02,2020110204000940,GIC,16,33,10,531.00,"5,310.00"
2020-11-02,2020110204000939,GIC,16,54,10,531.00,"5,310.00"
2020-11-02,2020110204000938,GIC,16,33,10,531.00,"5,310.00"
2020-11-02,2020110204000937,GIC,16,44,10,531.00,"5,310.00"
2020-11-02,2020110204000936,GIC,32,4,10,531.00,"5,310.00"
2020-11-02,2020110204000935,GIC,32,38,10,531.00,"5,310.00"
2020-11-02,2020110204000946,GIC,16,58,10,531.00,"5,310.00"
2020-11-02,2020110204000945,GIC,16,36,10,531.00,"5,310.00"
2020-11-02,2020110204000944,GIC,16,33,10,531.00,"5,310.00"
2020-11-02,2020110204000943,GIC,16,21,10,531.00,"5,310.00"
2020-11-02,2020110204000942,GIC,16,44,10,531.00,"5,310.00"
2020-11-02,2020110204000941,GIC,16,57,10,531.00,"5,310.00"
2020-11-02,2020110204000952,GIC,59,21,10,531.00,"5,310.00"
2020-11-02,2020110204000951,GIC,51,33,10,531.00,"5,310.00"
2020-11-02,2020110204000950,GIC,51,58,10,531.00,"5,310.00"
2020-11-02,2020110204000949,GIC,51,33,10,531.00,"5,310.00"
2020-11-02,2020110204000948,GIC,51,11,10,531.00,"5,310.00"
2020-11-02,2020110204000947,GIC,34,39,10,531.00,"5,310.00"
2020-11-02,2020110204000959,GIC,59,49,10,531.00,"5,310.00"
2020-11-02,2020110204000958,GIC,59,35,120,531.00,"63,720.00"
2020-11-02,2020110204000957,GIC,59,11,10,531.00,"5,310.00"
2020-11-02,2020110204000956,GIC,59,22,10,531.00,"5,310.00"
2020-11-02,2020110204000955,GIC,59,37,10,531.00,"5,310.00"
2020-11-02,2020110204000953,GIC,59,17,10,531.00,"5,310.00"
2020-11-02,2020110204000966,GIC,50,11,10,531.00,"5,310.00"
2020-11-02,2020110204000965,GIC,50,38,10,531.00,"5,310.00"
2020-11-02,2020110204000964,GIC,50,47,10,531.00,"5,310.00"
2020-11-02,2020110204000962,GIC,50,25,10,531.00,"5,310.00"
2020-11-02,2020110204000961,GIC,59,11,10,531.00,"5,310.00"
2020-11-02,2020110204000960,GIC,59,58,10,531.00,"5,310.00"
2020-11-02,2020110204000973,GIC,49,41,10,531.00,"5,310.00"
2020-11-02,2020110204000972,GIC,49,11,10,531.00,"5,310.00"
2020-11-02,2020110204000971,GIC,49,33,10,531.00,"5,310.00"
2020-11-02,2020110204000970,GIC,49,58,10,531.00,"5,310.00"
2020-11-02,2020110204000968,GIC,49,11,10,531.00,"5,310.00"
2020-11-02,2020110204000967,GIC,50,33,10,531.00,"5,310.00"
2020-11-02,2020110204000979,GIC,45,56,10,531.00,"5,310.00"
2020-11-02,2020110204000978,GIC,43,29,10,532.00,"5,320.00"
2020-11-02,2020110204000977,GIC,45,40,10,531.00,"5,310.00"
2020-11-02,2020110204000976,GIC,45,42,10,531.00,"5,310.00"
2020-11-02,2020110204000975,GIC,45,43,10,531.00,"5,310.00"
2020-11-02,2020110204000974,GIC,49,33,10,531.00,"5,310.00"
2020-11-02,2020110204000986,GIC,39,33,10,531.00,"5,310.00"
2020-11-02,2020110204000985,GIC,39,40,10,531.00,"5,310.00"
2020-11-02,2020110204000984,GIC,35,33,10,530.00,"5,300.00"
2020-11-02,2020110204000982,GIC,35,21,10,530.00,"5,300.00"
2020-11-02,2020110204000981,GIC,48,11,10,531.00,"5,310.00"
2020-11-02,2020110204000980,GIC,45,33,10,531.00,"5,310.00"
2020-11-02,2020110204000992,GIC,39,37,10,531.00,"5,310.00"
2020-11-02,2020110204000991,GIC,39,21,10,531.00,"5,310.00"
2020-11-02,2020110204000990,GIC,39,43,10,531.00,"5,310.00"
2020-11-02,2020110204000989,GIC,39,21,10,531.00,"5,310.00"
2020-11-02,2020110204000988,GIC,39,33,10,531.00,"5,310.00"
2020-11-02,2020110204000987,GIC,39,21,10,531.00,"5,310.00"
2020-11-02,2020110204000998,GIC,33,58,10,531.00,"5,310.00"
2020-11-02,2020110204000997,GIC,33,29,10,531.00,"5,310.00"
2020-11-02,2020110204000996,GIC,33,33,10,531.00,"5,310.00"
2020-11-02,2020110204000995,GIC,33,21,10,531.00,"5,310.00"
2020-11-02,2020110204000994,GIC,39,47,10,531.00,"5,310.00"
2020-11-02,2020110204000993,GIC,39,29,10,531.00,"5,310.00"
2020-11-02,2020110204001004,GIC,33,33,10,531.00,"5,310.00"
2020-11-02,2020110204001003,GIC,33,47,10,531.00,"5,310.00"
2020-11-02,2020110204001002,GIC,33,11,10,531.00,"5,310.00"
2020-11-02,2020110204001001,GIC,33,33,10,531.00,"5,310.00"
2020-11-02,2020110204001000,GIC,33,29,10,531.00,"5,310.00"
2020-11-02,2020110204000999,GIC,33,58,10,531.00,"5,310.00"
2020-11-02,2020110204001012,GIC,52,17,10,530.00,"5,300.00"
2020-11-02,2020110204001011,GIC,52,33,10,530.00,"5,300.00"
2020-11-02,2020110204001010,GIC,35,55,10,530.00,"5,300.00"
2020-11-02,2020110204001009,GIC,22,45,25,531.00,"13,275.00"
2020-11-02,2020110204001008,GIC,33,45,40,531.00,"21,240.00"
