Date,Transact. No.,Symbol,Buyer,Seller,Quantity,Rate,Amount
2019-11-13,2019111301004114,ADBL,48,16,200,416.00,"83,200.00"
2019-11-13,2019111301004092,ADBL,14,34,100,417.00,"41,700.00"
2019-11-13,2019111301003919,ADBL,48,7,240,416.00,"99,840.00"
2019-11-13,2019111301003918,ADBL,14,7,352,416.00,"146,432.00"
2019-11-13,2019111301003852,ADBL,59,34,100,417.00,"41,700.00"
2019-11-13,2019111301003635,ADBL,14,54,90,416.00,"37,440.00"
2019-11-13,2019111301004111,AKBSL,13,34,80,444.00,"35,520.00"
2019-11-13,2019111301003992,AKBSL,11,48,70,449.00,"31,430.00"
2019-11-13,2019111301003991,AKBSL,11,14,10,449.00,"4,490.00"
2019-11-13,2019111301003990,AKBSL,11,54,10,448.00,"4,480.00"
2019-11-13,2019111301003807,AKBSL,42,44,10,445.00,"4,450.00"
2019-11-13,2019111301003806,AKBSL,42,44,10,445.00,"4,450.00"
2019-11-13,2019111301003805,AKBSL,42,44,10,445.00,"4,450.00"
2019-11-13,2019111301003834,AKJCL,29,13,20,57.00,"1,140.00"
2019-11-13,2019111301003833,AKJCL,29,34,10,57.00,570.00
2019-11-13,2019111301003832,AKJCL,29,35,20,57.00,"1,140.00"
2019-11-13,2019111301003831,AKJCL,29,54,20,57.00,"1,140.00"
2019-11-13,2019111301003830,AKJCL,29,54,20,57.00,"1,140.00"
2019-11-13,2019111301003829,AKJCL,29,18,10,57.00,570.00
2019-11-13,2019111301003743,AKJCL,58,44,20,57.00,"1,140.00"
2019-11-13,2019111301003828,AKJCL,29,13,20,57.00,"1,140.00"
2019-11-13,2019111301003827,AKJCL,29,32,20,57.00,"1,140.00"
2019-11-13,2019111301003826,AKJCL,29,43,20,57.00,"1,140.00"
2019-11-13,2019111301003825,AKJCL,29,32,20,57.00,"1,140.00"
2019-11-13,2019111301003824,AKJCL,29,32,20,57.00,"1,140.00"
2019-11-13,2019111301003744,AKJCL,58,43,15,57.00,855.00
2019-11-13,2019111301003844,ALBSL,39,1,80,403.00,"32,240.00"
2019-11-13,2019111301003755,ALBSL,39,58,20,403.00,"8,060.00"
2019-11-13,2019111301003754,ALBSL,40,58,30,403.00,"12,090.00"
2019-11-13,2019111301004022,ALICL,49,34,67,315.00,"21,105.00"
2019-11-13,2019111301004021,ALICL,49,57,300,315.00,"94,500.00"
2019-11-13,2019111301004020,ALICL,49,28,60,314.00,"18,840.00"
2019-11-13,2019111301004019,ALICL,49,57,12,314.00,"3,768.00"
2019-11-13,2019111301004018,ALICL,49,25,500,314.00,"157,000.00"
2019-11-13,2019111301003924,API,25,57,20,106.00,"2,120.00"
2019-11-13,2019111301003904,API,57,58,"1,430",104.00,"148,720.00"
2019-11-13,2019111301003903,API,54,58,100,104.00,"10,400.00"
2019-11-13,2019111301004093,BOKL,46,13,50,222.00,"11,100.00"
2019-11-13,2019111301003865,BOKL,57,49,300,222.00,"66,600.00"
2019-11-13,2019111301004035,BPCL,43,38,11,358.00,"3,938.00"
2019-11-13,2019111301003973,BPCL,29,59,206,355.00,"73,130.00"
2019-11-13,2019111301003972,BPCL,39,59,50,355.00,"17,750.00"
2019-11-13,2019111301003971,BPCL,25,59,134,355.00,"47,570.00"
2019-11-13,2019111301003970,BPCL,48,59,10,356.00,"3,560.00"
2019-11-13,2019111301003969,BPCL,47,59,200,356.00,"71,200.00"
2019-11-13,2019111301003793,BPCL,59,4,150,357.00,"53,550.00"
2019-11-13,2019111301003968,BPCL,59,59,150,356.00,"53,400.00"
2019-11-13,2019111301003967,BPCL,47,59,200,356.00,"71,200.00"
2019-11-13,2019111301003966,BPCL,33,59,300,356.00,"106,800.00"
2019-11-13,2019111301003965,BPCL,59,59,150,357.00,"53,550.00"
2019-11-13,2019111301003795,BPCL,47,4,100,357.00,"35,700.00"
2019-11-13,2019111301003794,BPCL,47,4,50,357.00,"17,850.00"
2019-11-13,2019111301004015,CBL,43,38,10,140.00,"1,400.00"
2019-11-13,2019111301003676,CBL,19,55,200,139.00,"27,800.00"
2019-11-13,2019111301003670,CBL,19,55,85,139.00,"11,815.00"
2019-11-13,2019111301003669,CBL,45,55,200,139.00,"27,800.00"
2019-11-13,2019111301003668,CBL,59,55,715,139.00,"99,385.00"
2019-11-13,2019111301003858,CCBL,13,38,"1,100",155.00,"170,500.00"
2019-11-13,2019111301003638,CCBL,45,49,441,154.00,"67,914.00"
2019-11-13,2019111301003637,CCBL,54,49,93,154.00,"14,322.00"
2019-11-13,2019111301003636,CCBL,53,49,78,154.00,"12,012.00"
2019-11-13,2019111301004088,CHCL,19,52,228,373.00,"85,044.00"
2019-11-13,2019111301004087,CHCL,19,52,300,373.00,"111,900.00"
2019-11-13,2019111301004086,CHCL,19,19,50,373.00,"18,650.00"
2019-11-13,2019111301004085,CHCL,19,52,50,373.00,"18,650.00"
2019-11-13,2019111301004084,CHCL,19,58,255,373.00,"95,115.00"
2019-11-13,2019111301003798,CHCL,35,58,100,373.00,"37,300.00"
2019-11-13,2019111301003748,CHCL,19,32,50,372.00,"18,600.00"
2019-11-13,2019111301004039,CIT,13,13,82,"1,755.00","143,910.00"
2019-11-13,2019111301003962,CIT,52,41,20,"1,755.00","35,100.00"
2019-11-13,2019111301003961,CIT,34,41,20,"1,755.00","35,100.00"
2019-11-13,2019111301003960,CIT,14,41,10,"1,755.00","17,550.00"
2019-11-13,2019111301003693,CIT,50,26,55,"1,755.00","96,525.00"
2019-11-13,2019111301003692,CIT,26,26,10,"1,755.00","17,550.00"
2019-11-13,2019111301003691,CIT,11,26,75,"1,756.00","131,700.00"
2019-11-13,2019111301003679,CIT,11,33,25,"1,756.00","43,900.00"
2019-11-13,2019111301003678,CIT,10,33,25,"1,757.00","43,925.00"
2019-11-13,2019111301003752,CMF1,43,29,"1,000",8.73,"8,730.00"
2019-11-13,2019111301004062,CZBIL,37,7,111,188.00,"20,868.00"
2019-11-13,2019111301004061,CZBIL,43,7,200,188.00,"37,600.00"
2019-11-13,2019111301003674,DBBL,37,49,70,124.00,"8,680.00"
2019-11-13,2019111301003651,DBBL,32,49,"1,000",124.00,"124,000.00"
2019-11-13,2019111301003650,DBBL,43,49,506,124.00,"62,744.00"
2019-11-13,2019111301003649,DBBL,50,58,120,125.00,"15,000.00"
2019-11-13,2019111301003695,DDBL,6,26,100,750.00,"75,000.00"
2019-11-13,2019111301003675,DDBL,6,10,258,750.00,"193,500.00"
2019-11-13,2019111301004000,EBL,4,22,50,551.00,"27,550.00"
2019-11-13,2019111301004122,EIC,16,48,25,222.00,"5,550.00"
2019-11-13,2019111301003738,EIC,11,48,20,222.00,"4,440.00"
2019-11-13,2019111301003910,FMDBL,44,19,500,305.00,"152,500.00"
2019-11-13,2019111301003909,FMDBL,59,19,150,305.00,"45,750.00"
2019-11-13,2019111301003908,FMDBL,59,19,150,305.00,"45,750.00"
2019-11-13,2019111301003911,FOWAD,6,39,38,"1,350.00","51,300.00"
2019-11-13,2019111301003785,FOWAD,6,40,19,"1,350.00","25,650.00"
2019-11-13,2019111301003784,FOWAD,6,40,19,"1,350.00","25,650.00"
2019-11-13,2019111301003783,FOWAD,6,40,50,"1,349.00","67,450.00"
2019-11-13,2019111301004017,GBBL,17,45,150,220.00,"33,000.00"
2019-11-13,2019111301004016,GBBL,17,4,100,220.00,"22,000.00"
2019-11-13,2019111301004011,GBBL,45,4,200,220.00,"44,000.00"
2019-11-13,2019111301003894,GBBL,14,4,200,220.00,"44,000.00"
2019-11-13,2019111301003737,GBBL,40,57,350,218.00,"76,300.00"
2019-11-13,2019111301003736,GBBL,11,57,300,218.00,"65,400.00"
2019-11-13,2019111301003701,GFCL,59,3,76,130.00,"9,880.00"
2019-11-13,2019111301003799,GLICL,25,28,87,358.00,"31,146.00"
2019-11-13,2019111301003945,GUFL,58,49,150,113.00,"16,950.00"
2019-11-13,2019111301004113,HBL,6,48,11,490.00,"5,390.00"
2019-11-13,2019111301004025,HBL,6,25,39,490.00,"19,110.00"
2019-11-13,2019111301004125,HDL,26,22,10,"1,780.00","17,800.00"
2019-11-13,2019111301004090,HDL,58,20,10,"1,795.00","17,950.00"
2019-11-13,2019111301004078,HDL,58,20,15,"1,795.00","26,925.00"
2019-11-13,2019111301004007,HDL,47,32,48,"1,778.00","85,344.00"
2019-11-13,2019111301004006,HDL,47,32,27,"1,778.00","48,006.00"
2019-11-13,2019111301004005,HDL,52,32,55,"1,778.00","97,790.00"
2019-11-13,2019111301003870,HDL,50,41,100,"1,785.00","178,500.00"
2019-11-13,2019111301003869,HDL,25,41,50,"1,785.00","89,250.00"
2019-11-13,2019111301003868,HDL,17,41,20,"1,785.00","35,700.00"
2019-11-13,2019111301003867,HDL,35,41,15,"1,787.00","26,805.00"
2019-11-13,2019111301003718,HDL,17,42,80,"1,785.00","142,800.00"
2019-11-13,2019111301003717,HDL,51,42,20,"1,785.00","35,700.00"
2019-11-13,2019111301004004,HDL,25,32,50,"1,780.00","89,000.00"
2019-11-13,2019111301003875,HDL,52,41,45,"1,778.00","80,010.00"
2019-11-13,2019111301003874,HDL,19,41,100,"1,780.00","178,000.00"
2019-11-13,2019111301003873,HDL,35,41,10,"1,780.00","17,800.00"
2019-11-13,2019111301003872,HDL,16,41,10,"1,780.00","17,800.00"
2019-11-13,2019111301003871,HDL,52,41,50,"1,780.00","89,000.00"
2019-11-13,2019111301004059,HIDCL,39,21,140,131.00,"18,340.00"
2019-11-13,2019111301004058,HIDCL,25,21,130,131.00,"17,030.00"
2019-11-13,2019111301003907,HPPL,40,18,10,135.00,"1,350.00"
2019-11-13,2019111301003977,ICFC,4,10,200,159.00,"31,800.00"
2019-11-13,2019111301003878,ICFC,4,10,100,160.00,"16,000.00"
2019-11-13,2019111301004056,ILBS,39,14,24,470.00,"11,280.00"
2019-11-13,2019111301004055,ILBS,39,45,100,469.00,"46,900.00"
2019-11-13,2019111301004054,ILBS,39,28,76,466.00,"35,416.00"
2019-11-13,2019111301004042,ILBS,57,14,30,465.00,"13,950.00"
2019-11-13,2019111301004041,ILBS,32,14,120,465.00,"55,800.00"
2019-11-13,2019111301003997,ILBS,34,28,300,466.00,"139,800.00"
2019-11-13,2019111301003996,ILBS,42,28,80,466.00,"37,280.00"
2019-11-13,2019111301003995,ILBS,39,28,30,467.00,"14,010.00"
2019-11-13,2019111301003937,ILBS,7,14,10,470.00,"4,700.00"
2019-11-13,2019111301003925,ILBS,7,1,50,470.00,"23,500.00"
2019-11-13,2019111301003855,ILBS,42,29,10,466.00,"4,660.00"
2019-11-13,2019111301003639,ILBS,39,51,50,471.00,"23,550.00"
2019-11-13,2019111301003747,JBBL,37,17,20,154.00,"3,080.00"
2019-11-13,2019111301004105,KBL,8,34,13,180.00,"2,340.00"
2019-11-13,2019111301004104,KBL,8,52,100,179.00,"17,900.00"
2019-11-13,2019111301004103,KBL,8,34,307,179.00,"54,953.00"
2019-11-13,2019111301004053,KBL,48,34,"1,000",179.00,"179,000.00"
2019-11-13,2019111301003647,KSBBL,51,8,397,138.00,"54,786.00"
2019-11-13,2019111301003646,KSBBL,22,8,40,138.00,"5,520.00"
2019-11-13,2019111301003645,KSBBL,48,8,500,138.00,"69,000.00"
2019-11-13,2019111301003644,KSBBL,13,8,100,138.00,"13,800.00"
2019-11-13,2019111301003643,KSBBL,13,8,133,138.00,"18,354.00"
2019-11-13,2019111301003665,LBBL,44,49,50,171.00,"8,550.00"
2019-11-13,2019111301003664,LBBL,43,49,320,171.00,"54,720.00"
2019-11-13,2019111301003663,LBBL,53,49,150,171.00,"25,650.00"
2019-11-13,2019111301003662,LBBL,37,49,200,171.00,"34,200.00"
2019-11-13,2019111301003661,LBBL,46,49,81,171.00,"13,851.00"
2019-11-13,2019111301003660,LBBL,37,49,30,172.00,"5,160.00"
2019-11-13,2019111301003682,LBBL,22,49,725,171.00,"123,975.00"
2019-11-13,2019111301003666,LBBL,42,49,200,171.00,"34,200.00"
2019-11-13,2019111301003773,LBL,46,44,100,218.00,"21,800.00"
2019-11-13,2019111301003740,LBL,55,45,"2,000",218.00,"436,000.00"
2019-11-13,2019111301003716,LICN,29,26,25,982.00,"24,550.00"
2019-11-13,2019111301003700,MBL,49,34,40,225.00,"9,000.00"
2019-11-13,2019111301003797,MEGA,39,13,50,184.00,"9,200.00"
2019-11-13,2019111301003685,MEGA,17,13,500,184.00,"92,000.00"
2019-11-13,2019111301003684,MEGA,28,13,"1,000",184.00,"184,000.00"
2019-11-13,2019111301004089,MERO,3,49,50,420.00,"21,000.00"
2019-11-13,2019111301003887,MERO,3,40,150,420.00,"63,000.00"
2019-11-13,2019111301003876,MERO,46,40,100,421.00,"42,100.00"
2019-11-13,2019111301003854,MERO,43,49,350,423.00,"148,050.00"
2019-11-13,2019111301004010,MLBBL,49,42,32,447.00,"14,304.00"
2019-11-13,2019111301004009,MLBBL,49,45,23,441.00,"10,143.00"
2019-11-13,2019111301004008,MLBBL,49,49,45,440.00,"19,800.00"
2019-11-13,2019111301003863,MLBBL,11,45,20,441.00,"8,820.00"
2019-11-13,2019111301004069,MLBL,37,33,120,184.00,"22,080.00"
2019-11-13,2019111301004030,MNBBL,39,22,182,315.00,"57,330.00"
2019-11-13,2019111301004029,MNBBL,16,22,200,315.00,"63,000.00"
2019-11-13,2019111301004028,MNBBL,16,22,200,315.00,"63,000.00"
2019-11-13,2019111301004027,MNBBL,55,22,500,315.00,"157,500.00"
2019-11-13,2019111301004026,MNBBL,43,22,200,315.00,"63,000.00"
2019-11-13,2019111301003963,MNBBL,16,22,200,316.00,"63,200.00"
2019-11-13,2019111301003954,MNBBL,35,22,20,316.00,"6,320.00"
2019-11-13,2019111301003953,MNBBL,41,22,60,316.00,"18,960.00"
2019-11-13,2019111301003952,MNBBL,43,22,200,316.00,"63,200.00"
2019-11-13,2019111301003951,MNBBL,54,22,238,316.00,"75,208.00"
2019-11-13,2019111301004096,MSLB,50,57,26,880.00,"22,880.00"
2019-11-13,2019111301004095,MSLB,50,45,26,880.00,"22,880.00"
2019-11-13,2019111301004094,MSLB,50,21,10,870.00,"8,700.00"
2019-11-13,2019111301004091,NABIL,16,58,15,750.00,"11,250.00"
2019-11-13,2019111301004001,NABIL,17,58,336,750.00,"252,000.00"
2019-11-13,2019111301003989,NABIL,25,58,300,750.00,"225,000.00"
2019-11-13,2019111301003988,NABIL,35,58,20,750.00,"15,000.00"
2019-11-13,2019111301003987,NABIL,35,58,17,750.00,"12,750.00"
2019-11-13,2019111301003986,NABIL,55,58,50,752.00,"37,600.00"
2019-11-13,2019111301003705,NABIL,52,58,100,751.00,"75,100.00"
2019-11-13,2019111301003704,NABIL,25,58,70,751.00,"52,570.00"
2019-11-13,2019111301003703,NABIL,22,58,20,751.00,"15,020.00"
2019-11-13,2019111301003702,NABIL,32,58,50,751.00,"37,550.00"
2019-11-13,2019111301003767,NABIL,17,58,224,750.00,"168,000.00"
2019-11-13,2019111301003710,NABIL,19,58,200,750.00,"150,000.00"
2019-11-13,2019111301003709,NABIL,42,58,100,750.00,"75,000.00"
2019-11-13,2019111301003708,NABIL,14,58,100,750.00,"75,000.00"
2019-11-13,2019111301003707,NABIL,41,58,136,750.00,"102,000.00"
2019-11-13,2019111301003706,NABIL,39,58,"1,000",751.00,"751,000.00"
2019-11-13,2019111301004079,NADEP,1,17,20,390.00,"7,800.00"
2019-11-13,2019111301003921,NADEP,34,28,81,390.00,"31,590.00"
2019-11-13,2019111301003916,NBB,8,11,24,205.00,"4,920.00"
2019-11-13,2019111301003915,NBB,8,43,276,203.00,"56,028.00"
2019-11-13,2019111301003856,NBB,53,43,224,203.00,"45,472.00"
2019-11-13,2019111301003839,NBB,55,14,300,204.00,"61,200.00"
2019-11-13,2019111301003838,NBB,55,34,958,204.00,"195,432.00"
2019-11-13,2019111301003837,NBB,55,58,176,203.00,"35,728.00"
2019-11-13,2019111301003672,NBB,57,58,74,203.00,"15,022.00"
2019-11-13,2019111301004040,NBL,43,45,10,305.00,"3,050.00"
2019-11-13,2019111301003985,NBL,58,45,300,304.00,"91,200.00"
2019-11-13,2019111301003984,NBL,58,45,"6,000",304.00,"1,824,000.00"
2019-11-13,2019111301003983,NBL,44,45,500,304.00,"152,000.00"
2019-11-13,2019111301003982,NBL,14,45,"1,000",304.00,"304,000.00"
2019-11-13,2019111301003981,NBL,43,45,100,304.00,"30,400.00"
2019-11-13,2019111301003768,NBL,17,59,340,305.00,"103,700.00"
2019-11-13,2019111301003764,NBL,44,59,"1,420",304.00,"431,680.00"
2019-11-13,2019111301003763,NBL,36,59,300,304.00,"91,200.00"
2019-11-13,2019111301003762,NBL,49,59,280,304.00,"85,120.00"
2019-11-13,2019111301003749,NBL,48,59,100,305.00,"30,500.00"
2019-11-13,2019111301003673,NBL,45,59,560,305.00,"170,800.00"
2019-11-13,2019111301003980,NBL,58,45,"2,000",304.00,"608,000.00"
2019-11-13,2019111301003979,NBL,44,45,"1,580",304.00,"480,320.00"
2019-11-13,2019111301003853,NBL,14,48,200,306.00,"61,200.00"
2019-11-13,2019111301003808,NBL,17,5,"1,490",305.00,"454,450.00"
2019-11-13,2019111301003770,NBL,17,57,100,305.00,"30,500.00"
2019-11-13,2019111301003769,NBL,17,35,70,305.00,"21,350.00"
2019-11-13,2019111301003993,NCCB,42,25,10,205.00,"2,050.00"
2019-11-13,2019111301003929,NCCB,13,45,292,204.00,"59,568.00"
2019-11-13,2019111301003810,NCCB,13,57,45,204.00,"9,180.00"
2019-11-13,2019111301003809,NCCB,13,41,100,204.00,"20,400.00"
2019-11-13,2019111301003790,NCCB,17,36,500,204.00,"102,000.00"
2019-11-13,2019111301003789,NCCB,17,25,117,204.00,"23,868.00"
2019-11-13,2019111301003788,NCCB,17,50,"1,382",204.00,"281,928.00"
2019-11-13,2019111301003761,NCCB,13,1,79,203.00,"16,037.00"
2019-11-13,2019111301004043,NEF,17,32,338,7.44,"2,514.72"
2019-11-13,2019111301003896,NEF,17,32,"1,414",7.44,"10,520.16"
2019-11-13,2019111301003895,NEF,11,32,"1,000",7.45,"7,450.00"
2019-11-13,2019111301004121,NIB,14,42,41,439.00,"17,999.00"
2019-11-13,2019111301004117,NIB,44,38,322,438.00,"141,036.00"
2019-11-13,2019111301004116,NIB,16,38,178,438.00,"77,964.00"
2019-11-13,2019111301004076,NIB,16,38,35,438.00,"15,330.00"
2019-11-13,2019111301004075,NIB,38,38,30,438.00,"13,140.00"
2019-11-13,2019111301004074,NIB,46,38,100,438.00,"43,800.00"
2019-11-13,2019111301003698,NIB,16,1,970,438.00,"424,860.00"
2019-11-13,2019111301004073,NIB,45,38,200,438.00,"87,600.00"
2019-11-13,2019111301004072,NIB,16,38,20,438.00,"8,760.00"
2019-11-13,2019111301004071,NIB,41,38,50,439.00,"21,950.00"
2019-11-13,2019111301004070,NIB,19,38,15,439.00,"6,585.00"
2019-11-13,2019111301003944,NIB,57,38,50,439.00,"21,950.00"
2019-11-13,2019111301004119,NIBPO,4,6,200,402.00,"80,400.00"
2019-11-13,2019111301004038,NICA,6,44,"1,000",399.00,"399,000.00"
2019-11-13,2019111301003804,NICA,42,44,380,399.00,"151,620.00"
2019-11-13,2019111301003792,NICA,17,44,10,399.00,"3,990.00"
2019-11-13,2019111301003791,NICA,59,44,621,399.00,"247,779.00"
2019-11-13,2019111301003724,NICA,6,33,756,400.00,"302,400.00"
2019-11-13,2019111301003723,NICA,6,50,400,400.00,"160,000.00"
2019-11-13,2019111301003722,NICA,6,45,55,400.00,"22,000.00"
2019-11-13,2019111301003721,NICA,6,14,37,400.00,"14,800.00"
2019-11-13,2019111301004112,NICL,37,57,100,257.00,"25,700.00"
2019-11-13,2019111301004101,NICL,29,1,290,258.00,"74,820.00"
2019-11-13,2019111301004037,NIL,36,44,20,382.00,"7,640.00"
2019-11-13,2019111301003950,NLBBL,36,25,261,503.00,"131,283.00"
2019-11-13,2019111301003949,NLBBL,57,25,20,503.00,"10,060.00"
2019-11-13,2019111301003948,NLBBL,16,25,200,504.00,"100,800.00"
2019-11-13,2019111301003947,NLBBL,50,25,100,504.00,"50,400.00"
2019-11-13,2019111301003946,NLBBL,50,25,100,506.00,"50,600.00"
2019-11-13,2019111301003694,NLG,6,49,200,530.00,"106,000.00"
2019-11-13,2019111301003772,NLIC,3,57,150,790.00,"118,500.00"
2019-11-13,2019111301003746,NLIC,34,44,88,788.00,"69,344.00"
2019-11-13,2019111301004123,NMB,46,28,50,378.00,"18,900.00"
2019-11-13,2019111301004102,NMB,51,25,50,377.00,"18,850.00"
2019-11-13,2019111301004100,NMB,51,22,10,377.00,"3,770.00"
2019-11-13,2019111301004099,NMB,43,22,154,377.00,"58,058.00"
2019-11-13,2019111301004081,NMB,43,48,500,377.00,"188,500.00"
2019-11-13,2019111301004067,NMB,57,28,100,378.00,"37,800.00"
2019-11-13,2019111301003634,NMB,6,49,810,377.00,"305,370.00"
2019-11-13,2019111301003633,NMB,8,49,497,377.00,"187,369.00"
2019-11-13,2019111301003727,NMB,6,47,721,377.00,"271,817.00"
2019-11-13,2019111301003699,NMB,6,21,189,377.00,"71,253.00"
2019-11-13,2019111301003689,NMB,6,52,200,377.00,"75,400.00"
2019-11-13,2019111301003687,NMB,14,28,20,378.00,"7,560.00"
2019-11-13,2019111301003677,NMB,33,28,40,378.00,"15,120.00"
2019-11-13,2019111301003671,NMB,6,17,80,377.00,"30,160.00"
2019-11-13,2019111301003733,NMB,52,47,"1,300",376.00,"488,800.00"
2019-11-13,2019111301003732,NMB,42,47,100,376.00,"37,600.00"
2019-11-13,2019111301003731,NMB,45,47,50,376.00,"18,800.00"
2019-11-13,2019111301003730,NMB,52,47,"1,300",376.00,"488,800.00"
2019-11-13,2019111301003729,NMB,3,47,50,377.00,"18,850.00"
2019-11-13,2019111301003728,NMB,26,47,53,377.00,"19,981.00"
2019-11-13,2019111301003843,NMB,45,50,100,377.00,"37,700.00"
2019-11-13,2019111301003842,NMB,46,50,375,377.00,"141,375.00"
2019-11-13,2019111301003823,NMB,46,38,25,377.00,"9,425.00"
2019-11-13,2019111301003822,NMB,46,21,100,377.00,"37,700.00"
2019-11-13,2019111301003735,NMB,43,47,450,376.00,"169,200.00"
2019-11-13,2019111301003734,NMB,43,47,100,376.00,"37,600.00"
2019-11-13,2019111301003928,NMB,52,50,100,377.00,"37,700.00"
2019-11-13,2019111301003927,NMB,51,7,16,376.00,"6,016.00"
2019-11-13,2019111301003906,NMB,17,50,200,377.00,"75,400.00"
2019-11-13,2019111301003890,NMB,51,45,450,376.00,"169,200.00"
2019-11-13,2019111301003889,NMB,43,45,550,376.00,"206,800.00"
2019-11-13,2019111301003860,NMB,42,50,26,377.00,"9,802.00"
2019-11-13,2019111301003976,NMB,14,13,455,377.00,"171,535.00"
2019-11-13,2019111301003975,NMB,59,13,50,377.00,"18,850.00"
2019-11-13,2019111301003974,NMB,51,13,255,377.00,"96,135.00"
2019-11-13,2019111301003957,NMB,51,5,37,377.00,"13,949.00"
2019-11-13,2019111301003956,NMB,51,22,43,377.00,"16,211.00"
2019-11-13,2019111301003955,NMB,51,50,199,377.00,"75,023.00"
2019-11-13,2019111301004060,NMB,49,28,60,378.00,"22,680.00"
2019-11-13,2019111301004051,NMB,43,34,346,377.00,"130,442.00"
2019-11-13,2019111301004050,NMB,45,34,250,377.00,"94,250.00"
2019-11-13,2019111301004049,NMB,46,34,50,377.00,"18,850.00"
2019-11-13,2019111301004048,NMB,14,34,545,377.00,"205,465.00"
2019-11-13,2019111301004036,NMB,11,28,100,378.00,"37,800.00"
2019-11-13,2019111301003917,NSEWA,40,45,20,385.00,"7,700.00"
2019-11-13,2019111301003845,NTC,6,42,"1,060",622.00,"659,320.00"
2019-11-13,2019111301003632,NTC,59,32,10,621.00,"6,210.00"
2019-11-13,2019111301003631,NTC,59,44,80,621.00,"49,680.00"
2019-11-13,2019111301004023,NUBL,46,43,10,901.00,"9,010.00"
2019-11-13,2019111301003938,NUBL,40,39,31,892.00,"27,652.00"
2019-11-13,2019111301003719,NUBL,19,39,30,893.00,"26,790.00"
2019-11-13,2019111301004118,PCBL,32,34,300,269.00,"80,700.00"
2019-11-13,2019111301004082,PCBL,8,13,500,268.00,"134,000.00"
2019-11-13,2019111301003877,PCBL,8,13,696,268.00,"186,528.00"
2019-11-13,2019111301003862,PCBL,8,57,204,268.00,"54,672.00"
2019-11-13,2019111301003861,PCBL,17,57,10,268.00,"2,680.00"
2019-11-13,2019111301003642,PCBL,37,13,"1,000",268.00,"268,000.00"
2019-11-13,2019111301003641,PCBL,8,13,500,268.00,"134,000.00"
2019-11-13,2019111301003640,PCBL,8,13,249,268.00,"66,732.00"
2019-11-13,2019111301003630,PCBL,21,34,250,269.00,"67,250.00"
2019-11-13,2019111301003629,PCBL,21,34,250,269.00,"67,250.00"
2019-11-13,2019111301003628,PCBL,21,13,430,269.00,"115,670.00"
2019-11-13,2019111301003926,PFL,16,59,206,135.00,"27,810.00"
2019-11-13,2019111301003771,PFL,57,49,206,136.00,"28,016.00"
2019-11-13,2019111301003681,PIC,48,14,20,355.00,"7,100.00"
2019-11-13,2019111301004034,PLIC,26,44,119,315.00,"37,485.00"
2019-11-13,2019111301004033,PLIC,57,44,70,315.00,"22,050.00"
2019-11-13,2019111301004032,PLIC,20,44,10,315.00,"3,150.00"
2019-11-13,2019111301004031,PLIC,51,44,50,316.00,"15,800.00"
2019-11-13,2019111301003998,PLIC,38,44,100,317.00,"31,700.00"
2019-11-13,2019111301003905,PLIC,34,43,46,316.00,"14,536.00"
2019-11-13,2019111301003801,PLIC,34,28,50,316.00,"15,800.00"
2019-11-13,2019111301003800,PLIC,51,28,120,316.00,"37,920.00"
2019-11-13,2019111301003759,PLIC,51,1,80,316.00,"25,280.00"
2019-11-13,2019111301004124,PMHPL,54,51,10,88.00,880.00
2019-11-13,2019111301003914,PRIN,49,41,250,310.00,"77,500.00"
2019-11-13,2019111301003913,PRIN,45,32,100,311.00,"31,100.00"
2019-11-13,2019111301003912,PRIN,5,32,20,311.00,"6,220.00"
2019-11-13,2019111301003739,PRIN,5,17,40,311.00,"12,440.00"
2019-11-13,2019111301004066,PRVU,17,6,260,225.00,"58,500.00"
2019-11-13,2019111301004065,PRVU,57,6,100,225.00,"22,500.00"
2019-11-13,2019111301004064,PRVU,38,6,300,225.00,"67,500.00"
2019-11-13,2019111301004063,PRVU,16,6,40,225.00,"9,000.00"
2019-11-13,2019111301004024,PRVU,56,52,50,226.00,"11,300.00"
2019-11-13,2019111301003851,PRVU,16,57,260,225.00,"58,500.00"
2019-11-13,2019111301003850,PRVU,14,57,440,225.00,"99,000.00"
2019-11-13,2019111301003841,PRVU,45,52,50,226.00,"11,300.00"
2019-11-13,2019111301003751,PRVU,14,13,560,225.00,"126,000.00"
2019-11-13,2019111301003750,PRVU,57,13,200,225.00,"45,000.00"
2019-11-13,2019111301003659,RHPC,42,45,100,78.00,"7,800.00"
2019-11-13,2019111301004109,RHPL,59,14,110,167.00,"18,370.00"
2019-11-13,2019111301004108,RHPL,43,14,890,167.00,"148,630.00"
2019-11-13,2019111301004013,RHPL,43,34,110,167.00,"18,370.00"
2019-11-13,2019111301004012,RHPL,40,34,390,167.00,"65,130.00"
2019-11-13,2019111301004002,RHPL,40,34,500,167.00,"83,500.00"
2019-11-13,2019111301003939,RHPL,40,49,100,167.00,"16,700.00"
2019-11-13,2019111301003900,RHPL,40,4,10,167.00,"1,670.00"
2019-11-13,2019111301003899,RHPL,40,4,990,167.00,"165,330.00"
2019-11-13,2019111301003898,RHPL,40,29,10,167.00,"1,670.00"
2019-11-13,2019111301003897,RHPL,59,29,30,167.00,"5,010.00"
2019-11-13,2019111301003766,RHPL,59,38,10,167.00,"1,670.00"
2019-11-13,2019111301003683,RHPL,59,39,40,167.00,"6,680.00"
2019-11-13,2019111301003978,RLFL,1,22,12,106.00,"1,272.00"
2019-11-13,2019111301003819,RLFL,1,7,100,106.00,"10,600.00"
2019-11-13,2019111301003893,RSDC,58,38,32,321.00,"10,272.00"
2019-11-13,2019111301003857,RSDC,35,38,20,321.00,"6,420.00"
2019-11-13,2019111301003777,RSDC,25,38,34,321.00,"10,914.00"
2019-11-13,2019111301004110,SABSL,44,33,100,560.00,"56,000.00"
2019-11-13,2019111301004083,SABSL,44,5,100,560.00,"56,000.00"
2019-11-13,2019111301004003,SABSL,44,35,20,560.00,"11,200.00"
2019-11-13,2019111301003943,SABSL,44,41,10,560.00,"5,600.00"
2019-11-13,2019111301003942,SABSL,44,52,10,560.00,"5,600.00"
2019-11-13,2019111301003941,SABSL,44,19,10,560.00,"5,600.00"
2019-11-13,2019111301003715,SABSL,17,48,120,554.00,"66,480.00"
2019-11-13,2019111301003714,SABSL,21,48,180,554.00,"99,720.00"
2019-11-13,2019111301003680,SABSL,21,39,10,554.00,"5,540.00"
2019-11-13,2019111301003648,SABSL,21,4,10,554.00,"5,540.00"
2019-11-13,2019111301003931,SABSL,19,44,100,558.00,"55,800.00"
2019-11-13,2019111301003902,SABSL,5,44,30,558.00,"16,740.00"
2019-11-13,2019111301003901,SABSL,5,58,10,558.00,"5,580.00"
2019-11-13,2019111301003883,SABSL,38,34,50,557.00,"27,850.00"
2019-11-13,2019111301003757,SABSL,45,53,40,552.00,"22,080.00"
2019-11-13,2019111301003756,SABSL,17,53,10,554.00,"5,540.00"
2019-11-13,2019111301003940,SABSL,44,36,20,557.00,"11,140.00"
2019-11-13,2019111301003936,SABSL,19,19,190,560.00,"106,400.00"
2019-11-13,2019111301003935,SABSL,19,41,10,560.00,"5,600.00"
2019-11-13,2019111301003934,SABSL,19,41,10,560.00,"5,600.00"
2019-11-13,2019111301003933,SABSL,19,21,40,559.00,"22,360.00"
2019-11-13,2019111301003932,SABSL,19,41,50,559.00,"27,950.00"
2019-11-13,2019111301003688,SAEF,56,32,"1,000",8.53,"8,530.00"
2019-11-13,2019111301003667,SAEF,56,22,100,8.53,853.00
2019-11-13,2019111301004126,SANIMA,6,50,95,306.00,"29,070.00"
2019-11-13,2019111301004080,SANIMA,47,50,80,307.00,"24,560.00"
2019-11-13,2019111301003920,SBI,20,26,150,399.00,"59,850.00"
2019-11-13,2019111301003847,SBI,28,43,127,400.00,"50,800.00"
2019-11-13,2019111301003836,SBI,28,43,373,400.00,"149,200.00"
2019-11-13,2019111301003835,SBI,25,43,627,400.00,"250,800.00"
2019-11-13,2019111301003760,SBI,25,34,154,400.00,"61,600.00"
2019-11-13,2019111301003697,SBI,25,42,148,400.00,"59,200.00"
2019-11-13,2019111301003814,SBL,14,50,200,288.00,"57,600.00"
2019-11-13,2019111301003813,SBL,33,14,70,287.00,"20,090.00"
2019-11-13,2019111301003812,SBL,33,16,100,287.00,"28,700.00"
2019-11-13,2019111301003758,SCB,19,34,50,548.00,"27,400.00"
2019-11-13,2019111301004107,SDESI,54,33,20,630.00,"12,600.00"
2019-11-13,2019111301004106,SDESI,19,33,20,631.00,"12,620.00"
2019-11-13,2019111301004052,SDESI,46,33,10,640.00,"6,400.00"
2019-11-13,2019111301003696,SEF,3,22,100,8.94,894.00
2019-11-13,2019111301003726,SHINE,14,34,331,254.00,"84,074.00"
2019-11-13,2019111301004127,SHIVM,48,48,10,482.00,"4,820.00"
2019-11-13,2019111301004120,SHIVM,45,48,200,482.00,"96,400.00"
2019-11-13,2019111301004057,SHIVM,34,48,100,482.00,"48,200.00"
2019-11-13,2019111301004044,SHIVM,34,22,100,482.00,"48,200.00"
2019-11-13,2019111301003994,SHIVM,45,21,10,481.00,"4,810.00"
2019-11-13,2019111301003657,SHIVM,45,48,40,482.00,"19,280.00"
2019-11-13,2019111301003656,SHIVM,48,48,485,482.00,"233,770.00"
2019-11-13,2019111301003655,SHIVM,47,48,25,483.00,"12,075.00"
2019-11-13,2019111301003654,SHIVM,47,48,150,483.00,"72,450.00"
2019-11-13,2019111301003653,SHIVM,47,48,200,483.00,"96,600.00"
2019-11-13,2019111301003652,SHIVM,25,48,100,483.00,"48,300.00"
2019-11-13,2019111301003886,SHIVM,45,25,40,481.00,"19,240.00"
2019-11-13,2019111301003885,SHIVM,34,25,50,482.00,"24,100.00"
2019-11-13,2019111301003884,SHIVM,45,25,10,482.00,"4,820.00"
2019-11-13,2019111301003821,SHIVM,45,25,300,482.00,"144,600.00"
2019-11-13,2019111301003811,SHIVM,45,22,100,482.00,"48,200.00"
2019-11-13,2019111301003803,SHIVM,45,37,50,482.00,"24,100.00"
2019-11-13,2019111301004014,SHL,34,14,159,207.00,"32,913.00"
2019-11-13,2019111301003846,SHL,34,17,100,206.00,"20,600.00"
2019-11-13,2019111301004068,SHPC,34,52,10,188.00,"1,880.00"
2019-11-13,2019111301003923,SHPC,57,40,34,186.00,"6,324.00"
2019-11-13,2019111301003720,SIC,44,25,86,455.00,"39,130.00"
2019-11-13,2019111301003864,SICL,14,26,194,743.00,"144,142.00"
2019-11-13,2019111301003787,SICL,14,38,65,743.00,"48,295.00"
2019-11-13,2019111301004115,SJCL,35,14,10,164.00,"1,640.00"
2019-11-13,2019111301003866,SJCL,44,29,20,163.00,"3,260.00"
2019-11-13,2019111301003796,SJCL,44,38,10,163.00,"1,630.00"
2019-11-13,2019111301003690,SJCL,44,39,20,163.00,"3,260.00"
2019-11-13,2019111301003686,SJCL,51,14,50,164.00,"8,200.00"
2019-11-13,2019111301003922,SKBBL,39,42,10,943.00,"9,430.00"
2019-11-13,2019111301003778,SKBBL,22,13,16,940.00,"15,040.00"
2019-11-13,2019111301003713,SKBBL,19,29,10,935.00,"9,350.00"
2019-11-13,2019111301003712,SKBBL,57,29,10,935.00,"9,350.00"
2019-11-13,2019111301003711,SKBBL,45,29,10,935.00,"9,350.00"
2019-11-13,2019111301003780,SLBBL,21,45,20,599.00,"11,980.00"
2019-11-13,2019111301003779,SLBBL,21,29,10,598.00,"5,980.00"
2019-11-13,2019111301003782,SLBBL,21,14,551,600.00,"330,600.00"
2019-11-13,2019111301003781,SLBBL,21,17,74,600.00,"44,400.00"
2019-11-13,2019111301003959,SLICL,29,22,51,257.00,"13,107.00"
2019-11-13,2019111301003958,SLICL,29,48,23,257.00,"5,911.00"
2019-11-13,2019111301003859,SLICL,29,59,76,256.00,"19,456.00"
2019-11-13,2019111301003765,SLICL,25,4,450,255.00,"114,750.00"
2019-11-13,2019111301003745,SLICL,35,1,100,256.00,"25,600.00"
2019-11-13,2019111301003753,SMATA,35,48,10,530.00,"5,300.00"
2019-11-13,2019111301003849,SMB,17,6,30,427.00,"12,810.00"
2019-11-13,2019111301003848,SMB,40,6,50,427.00,"21,350.00"
2019-11-13,2019111301003964,SMFBS,43,58,50,780.00,"39,000.00"
2019-11-13,2019111301003725,SMFDB,6,58,10,529.00,"5,290.00"
2019-11-13,2019111301003930,SPARS,47,29,10,530.00,"5,300.00"
2019-11-13,2019111301003840,SRBL,14,43,500,212.00,"106,000.00"
2019-11-13,2019111301003999,SWBBL,55,42,75,934.00,"70,050.00"
2019-11-13,2019111301003775,SWBBL,41,4,250,935.00,"233,750.00"
2019-11-13,2019111301003774,SWBBL,41,25,50,934.00,"46,700.00"
2019-11-13,2019111301004047,TMDBL,28,59,638,148.00,"94,424.00"
2019-11-13,2019111301004046,UIC,58,51,10,240.00,"2,400.00"
2019-11-13,2019111301004045,UIC,58,22,10,240.00,"2,400.00"
2019-11-13,2019111301004098,UPPER,40,29,15,231.00,"3,465.00"
2019-11-13,2019111301004097,UPPER,40,50,500,231.00,"115,500.00"
2019-11-13,2019111301003892,UPPER,49,49,40,230.00,"9,200.00"
2019-11-13,2019111301003891,UPPER,44,49,10,230.00,"2,300.00"
2019-11-13,2019111301003888,UPPER,42,29,35,231.00,"8,085.00"
2019-11-13,2019111301003882,UPPER,44,49,40,230.00,"9,200.00"
2019-11-13,2019111301003776,UPPER,32,37,40,230.00,"9,200.00"
2019-11-13,2019111301003742,UPPER,32,4,"1,000",230.00,"230,000.00"
2019-11-13,2019111301003741,UPPER,41,4,"1,000",230.00,"230,000.00"
2019-11-13,2019111301003658,UPPER,32,36,200,230.00,"46,000.00"
2019-11-13,2019111301003816,UPPER,42,52,50,231.00,"11,550.00"
2019-11-13,2019111301003815,UPPER,42,36,81,231.00,"18,711.00"
2019-11-13,2019111301003802,UPPER,32,49,50,230.00,"11,500.00"
2019-11-13,2019111301003786,UPPER,32,37,50,230.00,"11,500.00"
2019-11-13,2019111301003881,UPPER,32,49,40,230.00,"9,200.00"
2019-11-13,2019111301003880,UPPER,32,38,40,230.00,"9,200.00"
2019-11-13,2019111301003879,UPPER,32,49,40,230.00,"9,200.00"
2019-11-13,2019111301003820,UPPER,42,3,100,231.00,"23,100.00"
2019-11-13,2019111301003818,UPPER,42,49,40,231.00,"9,240.00"
2019-11-13,2019111301003817,UPPER,42,42,94,231.00,"21,714.00"
2019-11-13,2019111301004077,VLBS,48,34,87,590.00,"51,330.00"
2019-11-13,2019111301003529,ADBL,14,6,763,416.00,"317,408.00"
2019-11-13,2019111301003279,ADBL,14,14,795,416.00,"330,720.00"
2019-11-13,2019111301003261,ADBL,41,14,"1,200",416.00,"499,200.00"
2019-11-13,2019111301003447,AHPC,28,44,605,95.00,"57,475.00"
2019-11-13,2019111301003609,AKBSL,49,29,10,443.00,"4,430.00"
2019-11-13,2019111301003608,AKBSL,10,14,50,449.00,"22,450.00"
2019-11-13,2019111301003607,AKBSL,10,56,100,448.00,"44,800.00"
2019-11-13,2019111301003602,AKBSL,49,43,10,443.00,"4,430.00"
2019-11-13,2019111301003590,AKBSL,49,43,10,443.00,"4,430.00"
2019-11-13,2019111301003589,AKBSL,47,6,10,449.00,"4,490.00"
2019-11-13,2019111301003440,AKBSL,1,38,30,444.00,"13,320.00"
2019-11-13,2019111301003401,AKBSL,21,14,90,445.00,"40,050.00"
2019-11-13,2019111301003246,AKBSL,6,43,50,446.00,"22,300.00"
2019-11-13,2019111301003584,AKBSL,49,43,10,443.00,"4,430.00"
2019-11-13,2019111301003573,AKBSL,49,43,10,443.00,"4,430.00"
2019-11-13,2019111301003567,AKBSL,49,43,10,443.00,"4,430.00"
2019-11-13,2019111301003558,AKBSL,49,43,10,443.00,"4,430.00"
2019-11-13,2019111301003510,AKBSL,49,58,10,443.00,"4,430.00"
2019-11-13,2019111301003461,AKBSL,1,34,50,444.00,"22,200.00"
2019-11-13,2019111301003588,ALBSL,40,1,10,403.00,"4,030.00"
2019-11-13,2019111301003299,ALBSL,58,34,10,402.00,"4,020.00"
2019-11-13,2019111301003479,API,42,58,50,105.00,"5,250.00"
2019-11-13,2019111301003336,API,25,58,20,105.00,"2,100.00"
2019-11-13,2019111301003478,BOKL,26,40,54,221.00,"11,934.00"
2019-11-13,2019111301003477,BOKL,8,40,946,221.00,"209,066.00"
2019-11-13,2019111301003370,BOKL,8,21,400,221.00,"88,400.00"
2019-11-13,2019111301003369,BOKL,8,22,654,221.00,"144,534.00"
2019-11-13,2019111301003368,BOKL,47,22,200,221.00,"44,200.00"
2019-11-13,2019111301003367,BOKL,53,22,120,221.00,"26,520.00"
2019-11-13,2019111301003366,BOKL,11,22,26,221.00,"5,746.00"
2019-11-13,2019111301003228,BOKL,44,49,200,222.00,"44,400.00"
2019-11-13,2019111301003227,BOKL,44,39,100,222.00,"22,200.00"
2019-11-13,2019111301003155,BOKL,11,21,174,221.00,"38,454.00"
2019-11-13,2019111301003154,BOKL,44,21,826,221.00,"182,546.00"
2019-11-13,2019111301003617,BPCL,59,49,77,357.00,"27,489.00"
2019-11-13,2019111301003616,BPCL,47,49,46,358.00,"16,468.00"
2019-11-13,2019111301003615,BPCL,32,49,54,358.00,"19,332.00"
2019-11-13,2019111301003384,CBBL,21,26,90,977.00,"87,930.00"
2019-11-13,2019111301003328,CBBL,25,47,40,973.00,"38,920.00"
2019-11-13,2019111301003327,CBBL,16,51,212,975.00,"206,700.00"
2019-11-13,2019111301003235,CBBL,21,51,150,975.00,"146,250.00"
2019-11-13,2019111301003626,CBL,59,49,285,139.00,"39,615.00"
2019-11-13,2019111301003625,CBL,26,49,50,139.00,"6,950.00"
2019-11-13,2019111301003624,CBL,21,49,200,139.00,"27,800.00"
2019-11-13,2019111301003623,CBL,34,49,258,139.00,"35,862.00"
2019-11-13,2019111301003332,CBL,34,48,18,139.00,"2,502.00"
2019-11-13,2019111301003163,CCBL,43,38,200,155.00,"31,000.00"
2019-11-13,2019111301003612,CHCL,19,13,500,372.00,"186,000.00"
2019-11-13,2019111301003386,CHCL,19,45,150,372.00,"55,800.00"
2019-11-13,2019111301003385,CHCL,40,45,50,372.00,"18,600.00"
2019-11-13,2019111301003233,CHCL,40,52,50,372.00,"18,600.00"
2019-11-13,2019111301003603,CZBIL,36,7,100,189.00,"18,900.00"
2019-11-13,2019111301003237,CZBIL,25,34,10,188.00,"1,880.00"
2019-11-13,2019111301003129,CZBIL,25,16,10,188.00,"1,880.00"
2019-11-13,2019111301003438,DBBL,43,21,300,124.00,"37,200.00"
2019-11-13,2019111301003550,EBL,44,57,100,552.00,"55,200.00"
2019-11-13,2019111301003549,EBL,44,1,400,552.00,"220,800.00"
2019-11-13,2019111301003260,EDBL,52,22,90,259.00,"23,310.00"
2019-11-13,2019111301003259,EDBL,14,22,100,259.00,"25,900.00"
2019-11-13,2019111301003258,EDBL,43,22,50,259.00,"12,950.00"
2019-11-13,2019111301003257,EDBL,40,22,90,259.00,"23,310.00"
2019-11-13,2019111301003256,EDBL,52,22,100,260.00,"26,000.00"
2019-11-13,2019111301003503,EIC,16,48,110,222.00,"24,420.00"
2019-11-13,2019111301003502,EIC,16,29,290,222.00,"64,380.00"
2019-11-13,2019111301003244,EIC,39,29,10,222.00,"2,220.00"
2019-11-13,2019111301003156,EIC,14,11,18,221.00,"3,978.00"
2019-11-13,2019111301003278,FMDBL,25,40,286,304.00,"86,944.00"
2019-11-13,2019111301003277,FMDBL,32,40,20,304.00,"6,080.00"
2019-11-13,2019111301003276,FMDBL,50,40,300,305.00,"91,500.00"
2019-11-13,2019111301003275,FMDBL,59,40,150,305.00,"45,750.00"
2019-11-13,2019111301003274,FMDBL,59,40,74,305.00,"22,570.00"
2019-11-13,2019111301003490,FOWAD,6,34,243,"1,345.00","326,835.00"
2019-11-13,2019111301003435,FOWAD,6,45,60,"1,345.00","80,700.00"
2019-11-13,2019111301003486,GBBL,32,17,90,219.00,"19,710.00"
2019-11-13,2019111301003544,GFCL,59,7,142,129.00,"18,318.00"
2019-11-13,2019111301003543,GFCL,57,7,50,130.00,"6,500.00"
2019-11-13,2019111301003542,GFCL,47,7,100,130.00,"13,000.00"
2019-11-13,2019111301003541,GFCL,16,7,708,130.00,"92,040.00"
2019-11-13,2019111301003512,GLBSL,47,19,20,420.00,"8,400.00"
2019-11-13,2019111301003436,GLBSL,50,19,200,418.00,"83,600.00"
2019-11-13,2019111301003137,GLBSL,32,32,10,414.00,"4,140.00"
2019-11-13,2019111301003611,GLICL,25,25,61,358.00,"21,838.00"
2019-11-13,2019111301003587,GLICL,34,45,15,360.00,"5,400.00"
2019-11-13,2019111301003586,GLICL,34,5,85,360.00,"30,600.00"
2019-11-13,2019111301003524,GLICL,25,16,121,358.00,"43,318.00"
2019-11-13,2019111301003523,GLICL,16,16,40,358.00,"14,320.00"
2019-11-13,2019111301003522,GLICL,36,16,39,358.00,"13,962.00"
2019-11-13,2019111301003475,GMFBS,58,34,10,472.00,"4,720.00"
2019-11-13,2019111301003293,GMFBS,58,32,10,472.00,"4,720.00"
2019-11-13,2019111301003151,GMFBS,32,26,10,473.00,"4,730.00"
2019-11-13,2019111301003400,HBL,22,14,200,489.00,"97,800.00"
2019-11-13,2019111301003128,HBL,29,35,50,485.00,"24,250.00"
2019-11-13,2019111301003575,HDL,52,56,15,"1,790.00","26,850.00"
2019-11-13,2019111301003574,HDL,29,56,40,"1,791.00","71,640.00"
2019-11-13,2019111301003539,HDL,29,33,10,"1,791.00","17,910.00"
2019-11-13,2019111301003538,HDL,58,33,10,"1,791.00","17,910.00"
2019-11-13,2019111301003537,HDL,22,33,100,"1,792.00","179,200.00"
2019-11-13,2019111301003521,HDL,19,33,50,"1,793.00","89,650.00"
2019-11-13,2019111301003498,HDL,42,28,20,"1,799.00","35,980.00"
2019-11-13,2019111301003518,HDL,19,28,50,"1,793.00","89,650.00"
2019-11-13,2019111301003517,HDL,48,28,100,"1,793.00","179,300.00"
2019-11-13,2019111301003516,HDL,50,28,50,"1,795.00","89,750.00"
2019-11-13,2019111301003501,HDL,50,28,100,"1,795.00","179,500.00"
2019-11-13,2019111301003500,HDL,34,28,50,"1,795.00","89,750.00"
2019-11-13,2019111301003499,HDL,58,28,30,"1,796.00","53,880.00"
2019-11-13,2019111301003433,HIDCL,25,14,170,131.00,"22,270.00"
2019-11-13,2019111301003432,HIDCL,45,14,500,131.00,"65,500.00"
2019-11-13,2019111301003431,HIDCL,6,14,230,131.00,"30,130.00"
2019-11-13,2019111301003430,HIDCL,59,14,100,131.00,"13,100.00"
2019-11-13,2019111301003606,HURJA,42,10,10,102.00,"1,020.00"
2019-11-13,2019111301003207,HURJA,37,35,20,100.00,"2,000.00"
2019-11-13,2019111301003172,HURJA,37,32,20,100.00,"2,000.00"
2019-11-13,2019111301003171,HURJA,32,42,20,101.00,"2,020.00"
2019-11-13,2019111301003509,IGI,49,19,260,285.00,"74,100.00"
2019-11-13,2019111301003622,ILBS,39,13,20,470.00,"9,400.00"
2019-11-13,2019111301003621,ILBS,11,13,80,470.00,"37,600.00"
2019-11-13,2019111301003569,ILBS,11,1,10,470.00,"4,700.00"
2019-11-13,2019111301003496,ILBS,39,34,100,469.00,"46,900.00"
2019-11-13,2019111301003495,ILBS,39,16,10,469.00,"4,690.00"
2019-11-13,2019111301003494,ILBS,39,1,10,469.00,"4,690.00"
2019-11-13,2019111301003377,ILBS,42,50,110,466.00,"51,260.00"
2019-11-13,2019111301003132,JBBL,37,6,33,154.00,"5,082.00"
2019-11-13,2019111301003232,JFL,16,42,50,194.00,"9,700.00"
2019-11-13,2019111301003200,JFL,34,7,878,193.00,"169,454.00"
2019-11-13,2019111301003199,JFL,47,7,40,193.00,"7,720.00"
2019-11-13,2019111301003198,JFL,14,7,10,194.00,"1,940.00"
2019-11-13,2019111301003197,JFL,42,7,72,194.00,"13,968.00"
2019-11-13,2019111301003220,JOSHI,25,35,20,55.00,"1,100.00"
2019-11-13,2019111301003187,JOSHI,32,32,20,56.00,"1,120.00"
2019-11-13,2019111301003610,KBL,32,52,100,178.00,"17,800.00"
2019-11-13,2019111301003462,KBL,49,21,47,178.00,"8,366.00"
2019-11-13,2019111301003226,KBL,58,45,10,179.00,"1,790.00"
2019-11-13,2019111301003183,KBL,26,45,449,177.00,"79,473.00"
2019-11-13,2019111301003169,KBL,19,45,"1,000",177.00,"177,000.00"
2019-11-13,2019111301003168,KBL,5,45,240,177.00,"42,480.00"
2019-11-13,2019111301003167,KBL,40,45,500,177.00,"88,500.00"
2019-11-13,2019111301003166,KBL,43,45,200,177.00,"35,400.00"
2019-11-13,2019111301003194,KKHC,32,32,16,53.00,848.00
2019-11-13,2019111301003449,LBBL,37,22,70,172.00,"12,040.00"
2019-11-13,2019111301003448,LBBL,45,22,30,172.00,"5,160.00"
2019-11-13,2019111301003304,LBBL,46,55,250,171.00,"42,750.00"
2019-11-13,2019111301003323,LBL,16,40,"1,000",218.00,"218,000.00"
2019-11-13,2019111301003507,LGIL,44,44,130,316.00,"41,080.00"
2019-11-13,2019111301003506,LGIL,5,44,70,316.00,"22,120.00"
2019-11-13,2019111301003572,LLBS,40,25,100,691.00,"69,100.00"
2019-11-13,2019111301003289,MBL,6,34,210,225.00,"47,250.00"
2019-11-13,2019111301003466,MEGA,14,14,"2,371",184.00,"436,264.00"
2019-11-13,2019111301003333,MEGA,44,51,40,184.00,"7,360.00"
2019-11-13,2019111301003437,MEGA,52,1,78,184.00,"14,352.00"
2019-11-13,2019111301003393,MEGA,57,1,150,184.00,"27,600.00"
2019-11-13,2019111301003392,MEGA,44,1,272,184.00,"50,048.00"
2019-11-13,2019111301003578,MERO,25,19,380,420.00,"159,600.00"
2019-11-13,2019111301003268,MERO,45,19,20,420.00,"8,400.00"
2019-11-13,2019111301003547,MHNL,32,34,30,79.00,"2,370.00"
2019-11-13,2019111301003546,MHNL,32,59,700,79.00,"55,300.00"
2019-11-13,2019111301003249,MHNL,52,35,10,78.00,780.00
2019-11-13,2019111301003205,MHNL,32,32,40,77.00,"3,080.00"
2019-11-13,2019111301003568,MSMBS,39,10,10,465.00,"4,650.00"
2019-11-13,2019111301003557,MSMBS,46,10,101,466.00,"47,066.00"
2019-11-13,2019111301003556,MSMBS,16,10,89,467.00,"41,563.00"
2019-11-13,2019111301003555,MSMBS,39,10,50,468.00,"23,400.00"
2019-11-13,2019111301003554,MSMBS,50,10,11,470.00,"5,170.00"
2019-11-13,2019111301003553,MSMBS,39,10,11,472.00,"5,192.00"
2019-11-13,2019111301003485,NABIL,19,5,30,754.00,"22,620.00"
2019-11-13,2019111301003265,NABIL,21,5,62,754.00,"46,748.00"
2019-11-13,2019111301003264,NABIL,21,6,47,754.00,"35,438.00"
2019-11-13,2019111301003263,NABIL,21,42,21,754.00,"15,834.00"
2019-11-13,2019111301003136,NABIL,41,45,144,750.00,"108,000.00"
2019-11-13,2019111301003135,NABIL,44,45,46,750.00,"34,500.00"
2019-11-13,2019111301003595,NBB,57,49,26,203.00,"5,278.00"
2019-11-13,2019111301003594,NBB,47,49,500,203.00,"101,500.00"
2019-11-13,2019111301003593,NBB,39,49,980,203.00,"198,940.00"
2019-11-13,2019111301003618,NBL,45,14,150,305.00,"45,750.00"
2019-11-13,2019111301003533,NBL,45,16,790,305.00,"240,950.00"
2019-11-13,2019111301003532,NBL,14,16,10,305.00,"3,050.00"
2019-11-13,2019111301003531,NBL,14,14,"2,000",305.00,"610,000.00"
2019-11-13,2019111301003530,NBL,53,16,200,305.00,"61,000.00"
2019-11-13,2019111301003526,NBL,49,48,25,306.00,"7,650.00"
2019-11-13,2019111301003314,NBL,8,22,190,305.00,"57,950.00"
2019-11-13,2019111301003313,NBL,10,22,200,305.00,"61,000.00"
2019-11-13,2019111301003312,NBL,44,22,100,305.00,"30,500.00"
2019-11-13,2019111301003311,NBL,25,22,220,305.00,"67,100.00"
2019-11-13,2019111301003343,NBL,10,45,200,304.00,"60,800.00"
2019-11-13,2019111301003342,NBL,56,45,500,304.00,"152,000.00"
2019-11-13,2019111301003341,NBL,25,45,500,304.00,"152,000.00"
2019-11-13,2019111301003340,NBL,28,45,"1,000",304.00,"304,000.00"
2019-11-13,2019111301003339,NBL,8,45,10,305.00,"3,050.00"
2019-11-13,2019111301003338,NBL,56,45,500,305.00,"152,500.00"
2019-11-13,2019111301003349,NBL,41,45,100,304.00,"30,400.00"
2019-11-13,2019111301003348,NBL,50,45,"1,200",304.00,"364,800.00"
2019-11-13,2019111301003347,NBL,25,45,"1,000",304.00,"304,000.00"
2019-11-13,2019111301003346,NBL,22,45,100,304.00,"30,400.00"
2019-11-13,2019111301003345,NBL,50,45,100,304.00,"30,400.00"
2019-11-13,2019111301003344,NBL,58,45,"2,000",304.00,"608,000.00"
2019-11-13,2019111301003446,NBL,43,41,80,305.00,"24,400.00"
2019-11-13,2019111301003354,NBL,49,45,"3,720",304.00,"1,130,880.00"
2019-11-13,2019111301003353,NBL,34,45,"1,000",304.00,"304,000.00"
2019-11-13,2019111301003352,NBL,59,45,20,304.00,"6,080.00"
2019-11-13,2019111301003351,NBL,25,45,50,304.00,"15,200.00"
2019-11-13,2019111301003350,NBL,52,45,"1,000",304.00,"304,000.00"
2019-11-13,2019111301003619,NCCB,13,55,"1,000",203.00,"203,000.00"
2019-11-13,2019111301003596,NCCB,13,6,100,203.00,"20,300.00"
2019-11-13,2019111301003491,NCCB,13,33,200,203.00,"40,600.00"
2019-11-13,2019111301003429,NCCB,13,36,"1,200",203.00,"243,600.00"
2019-11-13,2019111301003428,NCCB,1,36,300,203.00,"60,900.00"
2019-11-13,2019111301003285,NCCB,48,50,841,204.00,"171,564.00"
2019-11-13,2019111301003148,NCCB,49,45,158,204.00,"32,232.00"
2019-11-13,2019111301003147,NCCB,51,45,135,204.00,"27,540.00"
2019-11-13,2019111301003234,NCCB,44,50,100,204.00,"20,400.00"
2019-11-13,2019111301003212,NCCB,28,50,250,204.00,"51,000.00"
2019-11-13,2019111301003211,NCCB,32,50,53,204.00,"10,812.00"
2019-11-13,2019111301003210,NCCB,34,50,260,204.00,"53,040.00"
2019-11-13,2019111301003209,NCCB,53,50,500,204.00,"102,000.00"
2019-11-13,2019111301003208,NCCB,49,50,92,204.00,"18,768.00"
2019-11-13,2019111301003247,NGPL,16,13,81,99.00,"8,019.00"
2019-11-13,2019111301003597,NIB,16,39,17,438.00,"7,446.00"
2019-11-13,2019111301003592,NIB,16,49,156,438.00,"68,328.00"
2019-11-13,2019111301003585,NIB,39,39,17,437.00,"7,429.00"
2019-11-13,2019111301003583,NIB,44,49,300,438.00,"131,400.00"
2019-11-13,2019111301003582,NIB,7,49,100,438.00,"43,800.00"
2019-11-13,2019111301003581,NIB,51,49,60,438.00,"26,280.00"
2019-11-13,2019111301003409,NIB,16,45,916,439.00,"402,124.00"
2019-11-13,2019111301003319,NIB,56,1,10,440.00,"4,400.00"
2019-11-13,2019111301003298,NIB,13,1,20,440.00,"8,800.00"
2019-11-13,2019111301003415,NIB,16,45,970,439.00,"425,830.00"
2019-11-13,2019111301003414,NIB,3,45,500,439.00,"219,500.00"
2019-11-13,2019111301003413,NIB,55,45,400,439.00,"175,600.00"
2019-11-13,2019111301003412,NIB,44,45,11,439.00,"4,829.00"
2019-11-13,2019111301003411,NIB,17,45,700,439.00,"307,300.00"
2019-11-13,2019111301003410,NIB,44,45,50,439.00,"21,950.00"
2019-11-13,2019111301003421,NIB,45,45,20,438.00,"8,760.00"
2019-11-13,2019111301003420,NIB,26,45,500,438.00,"219,000.00"
2019-11-13,2019111301003419,NIB,44,45,100,438.00,"43,800.00"
2019-11-13,2019111301003418,NIB,54,45,100,438.00,"43,800.00"
2019-11-13,2019111301003417,NIB,47,45,50,438.00,"21,900.00"
2019-11-13,2019111301003416,NIB,51,45,949,438.00,"415,662.00"
2019-11-13,2019111301003580,NIB,51,49,20,438.00,"8,760.00"
2019-11-13,2019111301003579,NIB,55,49,100,438.00,"43,800.00"
2019-11-13,2019111301003425,NIB,16,45,"1,614",438.00,"706,932.00"
2019-11-13,2019111301003424,NIB,44,45,"1,000",438.00,"438,000.00"
2019-11-13,2019111301003423,NIB,44,45,"1,000",438.00,"438,000.00"
2019-11-13,2019111301003422,NIB,50,45,120,438.00,"52,560.00"
2019-11-13,2019111301003395,NIBPO,35,25,47,401.00,"18,847.00"
2019-11-13,2019111301003202,NIBPO,35,4,453,401.00,"181,653.00"
2019-11-13,2019111301003201,NIBPO,32,4,147,401.00,"58,947.00"
2019-11-13,2019111301003162,NIBPO,6,6,200,402.00,"80,400.00"
2019-11-13,2019111301003161,NIBPO,37,6,50,402.00,"20,100.00"
2019-11-13,2019111301003149,NIBPO,8,49,10,403.00,"4,030.00"
2019-11-13,2019111301003614,NICA,59,25,190,399.00,"75,810.00"
2019-11-13,2019111301003613,NICA,59,19,189,399.00,"75,411.00"
2019-11-13,2019111301003566,NICA,29,19,60,399.00,"23,940.00"
2019-11-13,2019111301003565,NICA,42,19,51,399.00,"20,349.00"
2019-11-13,2019111301003301,NICA,42,59,23,399.00,"9,177.00"
2019-11-13,2019111301003439,NICL,25,22,10,262.00,"2,620.00"
2019-11-13,2019111301003305,NICL,25,1,50,257.00,"12,850.00"
2019-11-13,2019111301003159,NICL,45,45,150,253.00,"37,950.00"
2019-11-13,2019111301003153,NICL,56,45,300,254.00,"76,200.00"
2019-11-13,2019111301003152,NICL,14,45,200,254.00,"50,800.00"
2019-11-13,2019111301003193,NICL,34,21,15,252.00,"3,780.00"
2019-11-13,2019111301003176,NICL,34,45,223,252.00,"56,196.00"
2019-11-13,2019111301003175,NICL,32,45,500,252.00,"126,000.00"
2019-11-13,2019111301003174,NICL,52,45,406,252.00,"102,312.00"
2019-11-13,2019111301003173,NICL,56,45,20,252.00,"5,040.00"
2019-11-13,2019111301003160,NICL,52,45,500,253.00,"126,500.00"
2019-11-13,2019111301003571,NIL,14,44,49,382.00,"18,718.00"
2019-11-13,2019111301003570,NIL,14,49,392,380.00,"148,960.00"
2019-11-13,2019111301003497,NIL,36,7,300,380.00,"114,000.00"
2019-11-13,2019111301003356,NIL,50,49,"6,539",374.00,"2,445,586.00"
2019-11-13,2019111301003188,NIL,14,38,500,379.00,"189,500.00"
2019-11-13,2019111301003577,NLIC,13,44,50,788.00,"39,400.00"
2019-11-13,2019111301003441,NLIC,25,44,26,788.00,"20,488.00"
2019-11-13,2019111301003307,NLIC,25,55,14,788.00,"11,032.00"
2019-11-13,2019111301003296,NLIC,29,55,50,788.00,"39,400.00"
2019-11-13,2019111301003295,NLIC,50,55,10,788.00,"7,880.00"
2019-11-13,2019111301003294,NLIC,43,55,76,788.00,"59,888.00"
2019-11-13,2019111301003216,NLIC,44,4,305,789.00,"240,645.00"
2019-11-13,2019111301003444,NLICL,25,43,10,423.00,"4,230.00"
2019-11-13,2019111301003605,NMB,8,42,204,377.00,"76,908.00"
2019-11-13,2019111301003604,NMB,8,34,299,377.00,"112,723.00"
2019-11-13,2019111301003599,NMB,36,34,81,377.00,"30,537.00"
2019-11-13,2019111301003598,NMB,4,34,420,377.00,"158,340.00"
2019-11-13,2019111301003536,NMB,4,45,80,377.00,"30,160.00"
2019-11-13,2019111301003535,NMB,44,45,21,377.00,"7,917.00"
2019-11-13,2019111301003185,NMB,52,59,100,377.00,"37,700.00"
2019-11-13,2019111301003288,NMB,52,40,585,377.00,"220,545.00"
2019-11-13,2019111301003287,NMB,29,40,395,377.00,"148,915.00"
2019-11-13,2019111301003286,NMB,45,40,20,378.00,"7,560.00"
2019-11-13,2019111301003192,NMB,16,4,39,378.00,"14,742.00"
2019-11-13,2019111301003191,NMB,16,52,61,378.00,"23,058.00"
2019-11-13,2019111301003186,NMB,11,59,100,377.00,"37,700.00"
2019-11-13,2019111301003360,NMB,52,19,200,377.00,"75,400.00"
2019-11-13,2019111301003359,NMB,6,19,200,377.00,"75,400.00"
2019-11-13,2019111301003358,NMB,35,19,300,377.00,"113,100.00"
2019-11-13,2019111301003357,NMB,28,19,"1,015",377.00,"382,655.00"
2019-11-13,2019111301003326,NMB,28,33,985,377.00,"371,345.00"
2019-11-13,2019111301003325,NMB,52,33,15,377.00,"5,655.00"
2019-11-13,2019111301003382,NMB,1,57,500,377.00,"188,500.00"
2019-11-13,2019111301003381,NMB,1,48,50,377.00,"18,850.00"
2019-11-13,2019111301003378,NMB,1,4,161,377.00,"60,697.00"
2019-11-13,2019111301003363,NMB,1,19,65,377.00,"24,505.00"
2019-11-13,2019111301003362,NMB,51,19,20,377.00,"7,540.00"
2019-11-13,2019111301003361,NMB,59,19,200,377.00,"75,400.00"
2019-11-13,2019111301003476,NMB,25,56,331,377.00,"124,787.00"
2019-11-13,2019111301003458,NMB,25,14,126,377.00,"47,502.00"
2019-11-13,2019111301003457,NMB,28,14,200,377.00,"75,400.00"
2019-11-13,2019111301003456,NMB,39,14,100,377.00,"37,700.00"
2019-11-13,2019111301003455,NMB,1,14,474,377.00,"178,698.00"
2019-11-13,2019111301003391,NMB,32,28,61,378.00,"23,058.00"
2019-11-13,2019111301003514,NMB,44,57,29,377.00,"10,933.00"
2019-11-13,2019111301003513,NMB,50,57,131,377.00,"49,387.00"
2019-11-13,2019111301003511,NMB,50,39,37,377.00,"13,949.00"
2019-11-13,2019111301003484,NMB,50,42,32,377.00,"12,064.00"
2019-11-13,2019111301003483,NMB,32,42,25,377.00,"9,425.00"
2019-11-13,2019111301003482,NMB,25,42,43,377.00,"16,211.00"
2019-11-13,2019111301003481,NMBHF1,37,39,"3,157",8.30,"26,203.10"
2019-11-13,2019111301003480,NMBHF1,5,39,"1,004",8.39,"8,423.56"
2019-11-13,2019111301003321,NMBHF1,5,54,496,8.39,"4,161.44"
2019-11-13,2019111301003320,NMBHF1,5,22,"1,000",8.38,"8,380.00"
2019-11-13,2019111301003426,NMBMF,39,17,10,488.00,"4,880.00"
2019-11-13,2019111301003402,NMBMF,39,17,10,488.00,"4,880.00"
2019-11-13,2019111301003389,NMBMF,45,52,41,480.00,"19,680.00"
2019-11-13,2019111301003284,NMBMF,58,17,100,488.00,"48,800.00"
2019-11-13,2019111301003283,NMBMF,47,17,11,488.00,"5,368.00"
2019-11-13,2019111301003282,NMBMF,46,17,41,489.00,"20,049.00"
2019-11-13,2019111301003281,NMBMF,14,17,25,490.00,"12,250.00"
2019-11-13,2019111301003214,NMBMF,32,32,1,490.00,490.00
2019-11-13,2019111301003452,NMFBS,33,33,757,"1,715.00","1,298,255.00"
2019-11-13,2019111301003451,NMFBS,52,33,35,"1,716.00","60,060.00"
2019-11-13,2019111301003184,NNLB,6,40,40,471.00,"18,840.00"
2019-11-13,2019111301003601,NSEWA,39,45,10,391.00,"3,910.00"
2019-11-13,2019111301003540,NTC,49,44,10,621.00,"6,210.00"
2019-11-13,2019111301003515,NUBL,1,39,20,897.00,"17,940.00"
2019-11-13,2019111301003534,PCBL,48,13,60,269.00,"16,140.00"
2019-11-13,2019111301003525,PCBL,8,39,77,268.00,"20,636.00"
2019-11-13,2019111301003488,PCBL,42,13,10,269.00,"2,690.00"
2019-11-13,2019111301003450,PCBL,41,13,"1,121",269.00,"301,549.00"
2019-11-13,2019111301003390,PCBL,41,48,10,269.00,"2,690.00"
2019-11-13,2019111301003355,PCBL,41,51,41,269.00,"11,029.00"
2019-11-13,2019111301003130,PCBL,32,7,50,268.00,"13,400.00"
2019-11-13,2019111301003318,PCBL,41,34,100,269.00,"26,900.00"
2019-11-13,2019111301003317,PCBL,41,22,78,269.00,"20,982.00"
2019-11-13,2019111301003316,PCBL,41,13,500,269.00,"134,500.00"
2019-11-13,2019111301003315,PCBL,41,34,150,269.00,"40,350.00"
2019-11-13,2019111301003190,PCBL,35,34,100,269.00,"26,900.00"
2019-11-13,2019111301003131,PCBL,8,7,"1,174",268.00,"314,632.00"
2019-11-13,2019111301003215,PFL,35,34,22,134.00,"2,948.00"
2019-11-13,2019111301003505,PIC,25,39,100,356.00,"35,600.00"
2019-11-13,2019111301003489,PIC,48,44,11,355.00,"3,905.00"
2019-11-13,2019111301003255,PIC,48,14,344,355.00,"122,120.00"
2019-11-13,2019111301003254,PIC,25,14,156,355.00,"55,380.00"
2019-11-13,2019111301003552,PICL,7,22,100,414.00,"41,400.00"
2019-11-13,2019111301003337,PICL,22,16,30,407.00,"12,210.00"
2019-11-13,2019111301003335,PICL,34,16,100,408.00,"40,800.00"
2019-11-13,2019111301003334,PICL,34,16,27,408.00,"11,016.00"
2019-11-13,2019111301003219,PICL,34,45,13,408.00,"5,304.00"
2019-11-13,2019111301003243,PMHPL,32,32,10,89.00,890.00
2019-11-13,2019111301003253,PPCL,45,35,10,93.00,930.00
2019-11-13,2019111301003252,PPCL,32,32,30,94.00,"2,820.00"
2019-11-13,2019111301003138,PPCL,45,16,10,93.00,930.00
2019-11-13,2019111301003443,PRVU,36,13,50,225.00,"11,250.00"
2019-11-13,2019111301003442,PRVU,36,36,369,225.00,"83,025.00"
2019-11-13,2019111301003388,PRVU,38,36,200,225.00,"45,000.00"
2019-11-13,2019111301003387,PRVU,44,36,59,225.00,"13,275.00"
2019-11-13,2019111301003376,PRVU,44,36,641,225.00,"144,225.00"
2019-11-13,2019111301003375,PRVU,20,36,33,225.00,"7,425.00"
2019-11-13,2019111301003224,PRVU,32,47,158,225.00,"35,550.00"
2019-11-13,2019111301003223,PRVU,51,47,192,225.00,"43,200.00"
2019-11-13,2019111301003182,PRVU,51,44,118,225.00,"26,550.00"
2019-11-13,2019111301003374,PRVU,44,36,300,225.00,"67,500.00"
2019-11-13,2019111301003373,PRVU,34,36,26,225.00,"5,850.00"
2019-11-13,2019111301003270,PRVU,34,42,74,225.00,"16,650.00"
2019-11-13,2019111301003269,PRVU,32,42,226,225.00,"50,850.00"
2019-11-13,2019111301003266,PRVU,32,52,16,226.00,"3,616.00"
2019-11-13,2019111301003262,PRVU,32,32,16,225.00,"3,600.00"
2019-11-13,2019111301003463,RBCL,6,19,23,"8,151.00","187,473.00"
2019-11-13,2019111301003238,RBCLPO,59,57,50,"7,275.00","363,750.00"
2019-11-13,2019111301003620,RHPL,59,29,20,167.00,"3,340.00"
2019-11-13,2019111301003427,RHPL,59,49,40,167.00,"6,680.00"
2019-11-13,2019111301003396,RHPL,59,48,40,167.00,"6,680.00"
2019-11-13,2019111301003297,RHPL,59,48,40,167.00,"6,680.00"
2019-11-13,2019111301003290,RHPL,59,13,50,167.00,"8,350.00"
2019-11-13,2019111301003273,RHPL,59,32,40,167.00,"6,680.00"
2019-11-13,2019111301003157,RHPL,21,49,30,167.00,"5,010.00"
2019-11-13,2019111301003272,RHPL,32,1,40,168.00,"6,720.00"
2019-11-13,2019111301003267,RHPL,59,48,40,167.00,"6,680.00"
2019-11-13,2019111301003248,RHPL,59,48,50,167.00,"8,350.00"
2019-11-13,2019111301003231,RHPL,59,48,40,167.00,"6,680.00"
2019-11-13,2019111301003204,RHPL,59,48,50,167.00,"8,350.00"
2019-11-13,2019111301003158,RHPL,59,49,10,167.00,"1,670.00"
2019-11-13,2019111301003380,RMDC,22,42,100,609.00,"60,900.00"
2019-11-13,2019111301003310,RMDC,22,47,36,609.00,"21,924.00"
2019-11-13,2019111301003225,RRHP,47,34,10,99.00,990.00
2019-11-13,2019111301003406,RSDC,25,25,166,321.00,"53,286.00"
2019-11-13,2019111301003405,RSDC,16,25,200,321.00,"64,200.00"
2019-11-13,2019111301003404,RSDC,57,25,100,321.00,"32,100.00"
2019-11-13,2019111301003548,SABSL,5,34,50,557.00,"27,850.00"
2019-11-13,2019111301003520,SABSL,22,34,50,557.00,"27,850.00"
2019-11-13,2019111301003519,SABSL,22,21,10,557.00,"5,570.00"
2019-11-13,2019111301003487,SABSL,22,34,10,551.00,"5,510.00"
2019-11-13,2019111301003434,SABSL,22,22,100,556.00,"55,600.00"
2019-11-13,2019111301003222,SABSL,51,34,14,555.00,"7,770.00"
2019-11-13,2019111301003170,SABSL,51,35,10,555.00,"5,550.00"
2019-11-13,2019111301003371,SANIMA,14,14,"1,954",308.00,"601,832.00"
2019-11-13,2019111301003474,SBI,25,36,71,400.00,"28,400.00"
2019-11-13,2019111301003473,SBI,38,36,20,400.00,"8,000.00"
2019-11-13,2019111301003472,SBI,42,36,10,401.00,"4,010.00"
2019-11-13,2019111301003465,SBI,36,36,20,402.00,"8,040.00"
2019-11-13,2019111301003324,SBI,13,13,5,398.00,"1,990.00"
2019-11-13,2019111301003242,SBI,36,45,100,401.00,"40,100.00"
2019-11-13,2019111301003241,SBI,37,45,50,401.00,"20,050.00"
2019-11-13,2019111301003240,SBI,44,45,300,402.00,"120,600.00"
2019-11-13,2019111301003239,SBI,29,45,50,402.00,"20,100.00"
2019-11-13,2019111301003528,SBL,44,16,250,287.00,"71,750.00"
2019-11-13,2019111301003527,SBL,44,48,50,287.00,"14,350.00"
2019-11-13,2019111301003399,SBL,33,22,"1,506",286.00,"430,716.00"
2019-11-13,2019111301003398,SBL,45,22,80,286.00,"22,880.00"
2019-11-13,2019111301003280,SBL,44,22,214,287.00,"61,418.00"
2019-11-13,2019111301003213,SBL,44,57,86,287.00,"24,682.00"
2019-11-13,2019111301003134,SBL,1,57,114,287.00,"32,718.00"
2019-11-13,2019111301003133,SBL,1,50,86,287.00,"24,682.00"
2019-11-13,2019111301003564,SCB,34,55,63,546.00,"34,398.00"
2019-11-13,2019111301003563,SCB,52,55,402,546.00,"219,492.00"
2019-11-13,2019111301003562,SCB,42,55,376,547.00,"205,672.00"
2019-11-13,2019111301003561,SCB,35,55,18,547.00,"9,846.00"
2019-11-13,2019111301003560,SCB,32,55,170,547.00,"92,990.00"
2019-11-13,2019111301003559,SCB,4,55,50,548.00,"27,400.00"
2019-11-13,2019111301003576,SDESI,36,38,200,635.00,"127,000.00"
2019-11-13,2019111301003545,SDESI,10,38,50,635.00,"31,750.00"
2019-11-13,2019111301003245,SDESI,19,48,15,630.00,"9,450.00"
2019-11-13,2019111301003408,SHINE,14,34,"2,500",254.00,"635,000.00"
2019-11-13,2019111301003397,SHIVM,38,22,50,485.00,"24,250.00"
2019-11-13,2019111301003394,SHIVM,42,22,25,485.00,"12,125.00"
2019-11-13,2019111301003230,SHIVM,47,14,50,484.00,"24,200.00"
2019-11-13,2019111301003229,SHIVM,47,51,110,484.00,"53,240.00"
2019-11-13,2019111301003471,SHPC,18,45,410,185.00,"75,850.00"
2019-11-13,2019111301003470,SHPC,59,45,39,185.00,"7,215.00"
2019-11-13,2019111301003469,SHPC,16,45,306,185.00,"56,610.00"
2019-11-13,2019111301003468,SHPC,25,45,161,185.00,"29,785.00"
2019-11-13,2019111301003467,SHPC,33,45,31,185.00,"5,735.00"
2019-11-13,2019111301003460,SHPC,52,45,200,186.00,"37,200.00"
2019-11-13,2019111301003309,SHPC,17,45,100,186.00,"18,600.00"
2019-11-13,2019111301003308,SHPC,6,45,753,186.00,"140,058.00"
2019-11-13,2019111301003189,SHPC,6,49,39,186.00,"7,254.00"
2019-11-13,2019111301003250,SICL,14,45,10,743.00,"7,430.00"
2019-11-13,2019111301003508,SJCL,44,4,"1,500",163.00,"244,500.00"
2019-11-13,2019111301003493,SJCL,44,44,20,163.00,"3,260.00"
2019-11-13,2019111301003464,SJCL,35,14,50,164.00,"8,200.00"
2019-11-13,2019111301003454,SJCL,52,14,50,164.00,"8,200.00"
2019-11-13,2019111301003453,SJCL,52,14,150,164.00,"24,600.00"
2019-11-13,2019111301003206,SJCL,44,48,20,163.00,"3,260.00"
2019-11-13,2019111301003203,SJCL,44,49,10,163.00,"1,630.00"
2019-11-13,2019111301003292,SJCL,44,32,20,163.00,"3,260.00"
2019-11-13,2019111301003291,SJCL,32,14,20,164.00,"3,280.00"
2019-11-13,2019111301003271,SJCL,44,48,20,163.00,"3,260.00"
2019-11-13,2019111301003251,SJCL,44,48,20,163.00,"3,260.00"
2019-11-13,2019111301003236,SJCL,44,48,20,163.00,"3,260.00"
2019-11-13,2019111301003407,SJCL,44,56,10,163.00,"1,630.00"
2019-11-13,2019111301003403,SJCL,44,48,20,163.00,"3,260.00"
2019-11-13,2019111301003383,SJCL,44,48,20,163.00,"3,260.00"
2019-11-13,2019111301003329,SKBBL,55,45,41,934.00,"38,294.00"
2019-11-13,2019111301003365,SLBBL,22,42,100,596.00,"59,600.00"
2019-11-13,2019111301003364,SLBBL,10,45,100,599.00,"59,900.00"
2019-11-13,2019111301003445,SLBSL,6,55,10,725.00,"7,250.00"
2019-11-13,2019111301003302,SLBSL,22,47,10,725.00,"7,250.00"
2019-11-13,2019111301003379,SLICL,25,51,36,255.00,"9,180.00"
2019-11-13,2019111301003459,SMATA,35,48,40,530.00,"21,200.00"
2019-11-13,2019111301003221,SMATA,54,48,18,530.00,"9,540.00"
2019-11-13,2019111301003600,SMB,52,40,50,427.00,"21,350.00"
2019-11-13,2019111301003591,SMB,40,40,50,428.00,"21,400.00"
2019-11-13,2019111301003627,SPARS,47,7,10,530.00,"5,300.00"
2019-11-13,2019111301003322,SPARS,49,34,10,525.00,"5,250.00"
2019-11-13,2019111301003551,SRBL,14,49,149,212.00,"31,588.00"
2019-11-13,2019111301003218,TMDBL,28,49,12,148.00,"1,776.00"
2019-11-13,2019111301003165,TMDBL,28,40,50,148.00,"7,400.00"
2019-11-13,2019111301003164,TRH,51,4,50,270.00,"13,500.00"
2019-11-13,2019111301003146,TRH,51,4,140,270.00,"37,800.00"
2019-11-13,2019111301003145,TRH,43,4,50,270.00,"13,500.00"
2019-11-13,2019111301003144,TRH,32,4,100,270.00,"27,000.00"
2019-11-13,2019111301003143,TRH,43,4,50,271.00,"13,550.00"
2019-11-13,2019111301003142,TRH,17,4,500,272.00,"136,000.00"
2019-11-13,2019111301003141,TRH,53,4,50,273.00,"13,650.00"
2019-11-13,2019111301003140,TRH,55,4,100,273.00,"27,300.00"
2019-11-13,2019111301003139,TRH,32,4,10,275.00,"2,750.00"
2019-11-13,2019111301003196,UIC,57,22,100,240.00,"24,000.00"
2019-11-13,2019111301003195,UIC,57,22,90,240.00,"21,600.00"
2019-11-13,2019111301003181,UIC,57,21,10,240.00,"2,400.00"
2019-11-13,2019111301003180,UIC,57,21,20,240.00,"4,800.00"
2019-11-13,2019111301003179,UIC,57,21,30,240.00,"7,200.00"
2019-11-13,2019111301003178,UIC,57,21,20,240.00,"4,800.00"
2019-11-13,2019111301003177,UIC,47,21,20,240.00,"4,800.00"
2019-11-13,2019111301003217,UMHL,14,59,11,98.00,"1,078.00"
2019-11-13,2019111301003306,UNHPL,57,35,60,52.00,"3,120.00"
2019-11-13,2019111301003303,UNHPL,32,32,50,53.00,"2,650.00"
2019-11-13,2019111301003504,UPPER,32,39,50,230.00,"11,500.00"
2019-11-13,2019111301003492,UPPER,32,39,40,230.00,"9,200.00"
2019-11-13,2019111301003372,UPPER,32,40,55,230.00,"12,650.00"
2019-11-13,2019111301003331,VLBS,42,45,30,579.00,"17,370.00"
2019-11-13,2019111301003330,VLBS,55,45,20,580.00,"11,600.00"
2019-11-13,2019111301003300,VLBS,42,43,219,585.00,"128,115.00"
2019-11-13,2019111301003150,VLBS,48,20,16,576.00,"9,216.00"
2019-11-13,2019111301003030,ADBL,39,36,"1,200",416.00,"499,200.00"
2019-11-13,2019111301002926,ADBL,52,57,400,416.00,"166,400.00"
2019-11-13,2019111301002907,ADBL,35,57,100,416.00,"41,600.00"
2019-11-13,2019111301002743,ADBL,39,43,647,416.00,"269,152.00"
2019-11-13,2019111301002723,ADBL,28,43,100,416.00,"41,600.00"
2019-11-13,2019111301002712,ADBL,32,32,1,414.00,414.00
2019-11-13,2019111301003009,AHPC,7,17,145,94.00,"13,630.00"
2019-11-13,2019111301003008,AHPC,28,17,"1,000",95.00,"95,000.00"
2019-11-13,2019111301002765,AHPC,28,49,"1,071",95.00,"101,745.00"
2019-11-13,2019111301003045,AKBSL,21,20,10,445.00,"4,450.00"
2019-11-13,2019111301002857,AKBSL,1,21,10,444.00,"4,440.00"
2019-11-13,2019111301002800,AKBSL,41,51,90,450.00,"40,500.00"
2019-11-13,2019111301002799,AKBSL,41,25,10,449.00,"4,490.00"
2019-11-13,2019111301002780,AKBSL,1,25,10,444.00,"4,440.00"
2019-11-13,2019111301002768,AKBSL,36,22,10,449.00,"4,490.00"
2019-11-13,2019111301002645,AKBSL,49,43,10,440.00,"4,400.00"
2019-11-13,2019111301002628,AKBSL,36,16,10,439.00,"4,390.00"
2019-11-13,2019111301002762,AKBSL,36,56,100,449.00,"44,900.00"
2019-11-13,2019111301002761,AKBSL,36,43,50,449.00,"22,450.00"
2019-11-13,2019111301002760,AKBSL,36,20,10,449.00,"4,490.00"
2019-11-13,2019111301002694,AKBSL,16,56,90,448.00,"40,320.00"
2019-11-13,2019111301002693,AKBSL,16,43,10,447.00,"4,470.00"
2019-11-13,2019111301002669,AKBSL,33,43,10,442.00,"4,420.00"
2019-11-13,2019111301002778,ALBSL,22,56,150,408.00,"61,200.00"
2019-11-13,2019111301002719,ALBSL,40,51,50,404.00,"20,200.00"
2019-11-13,2019111301002710,ALBSL,50,52,50,405.00,"20,250.00"
2019-11-13,2019111301003125,ALICL,32,32,12,313.00,"3,756.00"
2019-11-13,2019111301002999,ALICL,49,22,200,312.00,"62,400.00"
2019-11-13,2019111301002980,ALICL,25,36,10,313.00,"3,130.00"
2019-11-13,2019111301002851,ALICL,49,6,200,312.00,"62,400.00"
2019-11-13,2019111301003049,API,25,20,29,103.00,"2,987.00"
2019-11-13,2019111301003035,API,25,58,37,105.00,"3,885.00"
2019-11-13,2019111301002989,API,42,58,300,104.00,"31,200.00"
2019-11-13,2019111301002988,API,45,58,300,104.00,"31,200.00"
2019-11-13,2019111301002987,API,6,58,"1,000",104.00,"104,000.00"
2019-11-13,2019111301002986,API,26,58,"2,000",104.00,"208,000.00"
2019-11-13,2019111301002985,API,19,58,763,105.00,"80,115.00"
2019-11-13,2019111301002876,API,16,57,180,106.00,"19,080.00"
2019-11-13,2019111301002856,API,25,57,20,106.00,"2,120.00"
2019-11-13,2019111301002745,API,19,25,"1,030",105.00,"108,150.00"
2019-11-13,2019111301002724,API,19,49,18,105.00,"1,890.00"
2019-11-13,2019111301002692,BOKL,44,58,423,222.00,"93,906.00"
2019-11-13,2019111301002658,BOKL,44,17,577,222.00,"128,094.00"
2019-11-13,2019111301002855,BPCL,59,40,69,357.00,"24,633.00"
2019-11-13,2019111301002854,BPCL,59,40,41,357.00,"14,637.00"
2019-11-13,2019111301002721,BPCL,59,36,109,357.00,"38,913.00"
2019-11-13,2019111301002720,BPCL,59,36,78,357.00,"27,846.00"
2019-11-13,2019111301002691,BPCL,59,16,22,357.00,"7,854.00"
2019-11-13,2019111301002690,BPCL,59,16,78,357.00,"27,846.00"
2019-11-13,2019111301002636,BPCL,59,38,22,357.00,"7,854.00"
2019-11-13,2019111301003047,CBL,34,45,57,139.00,"7,923.00"
2019-11-13,2019111301002935,CBL,34,39,167,139.00,"23,213.00"
2019-11-13,2019111301002934,CBL,22,39,272,139.00,"37,808.00"
2019-11-13,2019111301002919,CBL,22,28,228,139.00,"31,692.00"
2019-11-13,2019111301002918,CBL,54,28,200,139.00,"27,800.00"
2019-11-13,2019111301002917,CBL,51,28,"1,000",139.00,"139,000.00"
2019-11-13,2019111301002770,CBL,38,45,500,139.00,"69,500.00"
2019-11-13,2019111301002769,CBL,40,45,456,139.00,"63,384.00"
2019-11-13,2019111301002916,CBL,1,28,500,139.00,"69,500.00"
2019-11-13,2019111301002915,CBL,40,28,"1,000",139.00,"139,000.00"
2019-11-13,2019111301002914,CBL,34,28,30,139.00,"4,170.00"
2019-11-13,2019111301002913,CBL,6,28,42,139.00,"5,838.00"
2019-11-13,2019111301002779,CBL,6,22,114,139.00,"15,846.00"
2019-11-13,2019111301002771,CBL,6,45,44,139.00,"6,116.00"
2019-11-13,2019111301003048,CCBL,45,38,700,155.00,"108,500.00"
2019-11-13,2019111301002860,CCBL,53,40,26,154.00,"4,004.00"
2019-11-13,2019111301002736,CCBL,54,49,107,154.00,"16,478.00"
2019-11-13,2019111301002727,CCBL,53,44,56,154.00,"8,624.00"
2019-11-13,2019111301002716,CCBL,53,59,40,154.00,"6,160.00"
2019-11-13,2019111301002715,CCBL,37,59,35,154.00,"5,390.00"
2019-11-13,2019111301002982,CFCL,51,59,25,108.00,"2,700.00"
2019-11-13,2019111301002796,CFCL,51,59,24,108.00,"2,592.00"
2019-11-13,2019111301002747,CFCL,51,49,19,108.00,"2,052.00"
2019-11-13,2019111301002722,CFCL,51,59,24,108.00,"2,592.00"
2019-11-13,2019111301003016,CHCL,19,59,17,370.00,"6,290.00"
2019-11-13,2019111301003015,CHCL,45,59,10,371.00,"3,710.00"
2019-11-13,2019111301002930,CHCL,45,58,35,373.00,"13,055.00"
2019-11-13,2019111301002923,CHCL,45,41,55,372.00,"20,460.00"
2019-11-13,2019111301002922,CHCL,25,41,10,372.00,"3,720.00"
2019-11-13,2019111301002921,CHCL,25,58,10,373.00,"3,730.00"
2019-11-13,2019111301003059,CLBSL,7,20,11,452.00,"4,972.00"
2019-11-13,2019111301002937,CLBSL,38,54,140,460.00,"64,400.00"
2019-11-13,2019111301002936,CLBSL,38,22,30,459.00,"13,770.00"
2019-11-13,2019111301002906,CMF1,57,40,"2,000",8.66,"17,320.00"
2019-11-13,2019111301002883,CMF1,56,40,"4,000",8.72,"34,880.00"
2019-11-13,2019111301002882,CMF1,43,40,"4,000",8.72,"34,880.00"
2019-11-13,2019111301002881,CMF1,47,40,"20,000",8.75,"175,000.00"
2019-11-13,2019111301003058,CZBIL,16,45,300,188.00,"56,400.00"
2019-11-13,2019111301003057,CZBIL,16,45,481,188.00,"90,428.00"
2019-11-13,2019111301002786,CZBIL,16,7,40,189.00,"7,560.00"
2019-11-13,2019111301003023,DBBL,43,59,14,124.00,"1,736.00"
2019-11-13,2019111301002801,DBBL,43,59,14,124.00,"1,736.00"
2019-11-13,2019111301002759,DBBL,43,49,16,124.00,"1,984.00"
2019-11-13,2019111301002698,DDBL,6,28,200,750.00,"150,000.00"
2019-11-13,2019111301002637,DDBL,45,28,500,750.00,"375,000.00"
2019-11-13,2019111301003053,EBL,44,45,478,550.00,"262,900.00"
2019-11-13,2019111301003052,EBL,46,45,20,550.00,"11,000.00"
2019-11-13,2019111301003051,EBL,33,45,250,550.00,"137,500.00"
2019-11-13,2019111301002924,EBL,35,1,100,552.00,"55,200.00"
2019-11-13,2019111301002810,EBL,14,1,200,552.00,"110,400.00"
2019-11-13,2019111301003038,EIC,7,11,293,221.00,"64,753.00"
2019-11-13,2019111301002714,EIC,7,45,100,221.00,"22,100.00"
2019-11-13,2019111301002641,EIC,7,58,18,221.00,"3,978.00"
2019-11-13,2019111301003076,FMDBL,59,45,26,305.00,"7,930.00"
2019-11-13,2019111301003067,FMDBL,37,45,100,305.00,"30,500.00"
2019-11-13,2019111301003066,FMDBL,17,45,100,305.00,"30,500.00"
2019-11-13,2019111301003065,FMDBL,59,45,150,305.00,"45,750.00"
2019-11-13,2019111301003064,FMDBL,39,45,50,305.00,"15,250.00"
2019-11-13,2019111301003063,FMDBL,26,45,200,305.00,"61,000.00"
2019-11-13,2019111301003062,FMDBL,37,45,50,305.00,"15,250.00"
2019-11-13,2019111301003061,FMDBL,44,45,50,305.00,"15,250.00"
2019-11-13,2019111301002929,FOWAD,6,40,19,"1,345.00","25,555.00"
2019-11-13,2019111301002672,GBBL,26,17,50,219.00,"10,950.00"
2019-11-13,2019111301003003,GBLBS,58,38,10,306.00,"3,060.00"
2019-11-13,2019111301002949,GBLBS,58,40,10,306.00,"3,060.00"
2019-11-13,2019111301002787,GMFBS,56,49,10,473.00,"4,730.00"
2019-11-13,2019111301002784,HDL,7,39,50,"1,820.00","91,000.00"
2019-11-13,2019111301002783,HDL,7,38,40,"1,820.00","72,800.00"
2019-11-13,2019111301002782,HDL,7,59,100,"1,815.00","181,500.00"
2019-11-13,2019111301002685,HDL,25,42,200,"1,798.00","359,600.00"
2019-11-13,2019111301002683,HDL,25,42,30,"1,800.00","54,000.00"
2019-11-13,2019111301002682,HDL,50,42,100,"1,800.00","180,000.00"
2019-11-13,2019111301002681,HDL,25,42,30,"1,800.00","54,000.00"
2019-11-13,2019111301002680,HDL,53,42,33,"1,801.00","59,433.00"
2019-11-13,2019111301002679,HDL,6,42,100,"1,803.00","180,300.00"
2019-11-13,2019111301002678,HDL,36,42,100,"1,805.00","180,500.00"
2019-11-13,2019111301002677,HDL,56,42,20,"1,810.00","36,200.00"
2019-11-13,2019111301002676,HDL,57,42,10,"1,810.00","18,100.00"
2019-11-13,2019111301002689,HGI,28,46,47,262.00,"12,314.00"
2019-11-13,2019111301003089,HIDCL,6,40,61,131.00,"7,991.00"
2019-11-13,2019111301003071,HIDCL,6,20,35,131.00,"4,585.00"
2019-11-13,2019111301003029,HIDCL,6,59,31,131.00,"4,061.00"
2019-11-13,2019111301002793,HIDCL,6,49,30,131.00,"3,930.00"
2019-11-13,2019111301002964,HPPL,40,40,10,135.00,"1,350.00"
2019-11-13,2019111301003079,HURJA,37,20,10,100.00,"1,000.00"
2019-11-13,2019111301003078,HURJA,34,20,10,100.00,"1,000.00"
2019-11-13,2019111301003011,HURJA,34,32,20,100.00,"2,000.00"
2019-11-13,2019111301002983,HURJA,34,36,20,100.00,"2,000.00"
2019-11-13,2019111301002717,HURJA,32,46,20,101.00,"2,020.00"
2019-11-13,2019111301002639,HURJA,34,54,20,100.00,"2,000.00"
2019-11-13,2019111301002867,ICFC,49,49,500,163.00,"81,500.00"
2019-11-13,2019111301003073,ILBS,32,38,10,465.00,"4,650.00"
2019-11-13,2019111301002948,ILBS,21,49,10,466.00,"4,660.00"
2019-11-13,2019111301002781,ILBS,45,21,10,468.00,"4,680.00"
2019-11-13,2019111301002763,ILBS,39,26,10,466.00,"4,660.00"
2019-11-13,2019111301002696,ILBS,39,6,10,466.00,"4,660.00"
2019-11-13,2019111301002686,ILBS,39,6,10,466.00,"4,660.00"
2019-11-13,2019111301002990,JBBL,37,59,17,154.00,"2,618.00"
2019-11-13,2019111301002878,JBBL,37,59,13,154.00,"2,002.00"
2019-11-13,2019111301003088,JOSHI,32,20,20,56.00,"1,120.00"
2019-11-13,2019111301002728,JOSHI,45,32,20,56.00,"1,120.00"
2019-11-13,2019111301003113,KBL,34,45,"1,000",177.00,"177,000.00"
2019-11-13,2019111301003112,KBL,46,45,300,177.00,"53,100.00"
2019-11-13,2019111301003111,KBL,46,45,100,177.00,"17,700.00"
2019-11-13,2019111301003110,KBL,48,45,100,177.00,"17,700.00"
2019-11-13,2019111301003109,KBL,48,45,100,177.00,"17,700.00"
2019-11-13,2019111301003108,KBL,22,45,100,177.00,"17,700.00"
2019-11-13,2019111301003101,KBL,8,45,200,178.00,"35,600.00"
2019-11-13,2019111301003100,KBL,26,45,200,178.00,"35,600.00"
2019-11-13,2019111301003099,KBL,10,45,400,178.00,"71,200.00"
2019-11-13,2019111301003098,KBL,6,45,50,178.00,"8,900.00"
2019-11-13,2019111301003097,KBL,39,45,200,178.00,"35,600.00"
2019-11-13,2019111301003096,KBL,52,45,35,178.00,"6,230.00"
2019-11-13,2019111301003107,KBL,49,45,"2,000",177.00,"354,000.00"
2019-11-13,2019111301003106,KBL,8,45,"1,000",177.00,"177,000.00"
2019-11-13,2019111301003105,KBL,43,45,50,177.00,"8,850.00"
2019-11-13,2019111301003104,KBL,45,45,500,177.00,"88,500.00"
2019-11-13,2019111301003103,KBL,40,45,500,177.00,"88,500.00"
2019-11-13,2019111301003102,KBL,14,45,100,178.00,"17,800.00"
2019-11-13,2019111301002996,KKHC,56,59,10,52.00,520.00
2019-11-13,2019111301002652,KSBBL,13,22,867,138.00,"119,646.00"
2019-11-13,2019111301002651,KSBBL,42,22,63,138.00,"8,694.00"
2019-11-13,2019111301002650,KSBBL,45,22,100,138.00,"13,800.00"
2019-11-13,2019111301002649,KSBBL,17,22,209,138.00,"28,842.00"
2019-11-13,2019111301002798,LBBL,7,22,100,172.00,"17,200.00"
2019-11-13,2019111301002812,LICN,25,25,10,982.00,"9,820.00"
2019-11-13,2019111301003117,MEGA,44,50,188,184.00,"34,592.00"
2019-11-13,2019111301003093,MEGA,44,50,500,184.00,"92,000.00"
2019-11-13,2019111301003087,MEGA,44,50,202,184.00,"37,168.00"
2019-11-13,2019111301003086,MEGA,44,29,98,184.00,"18,032.00"
2019-11-13,2019111301002726,MEGA,13,59,19,183.00,"3,477.00"
2019-11-13,2019111301002873,MEGA,28,49,177,183.00,"32,391.00"
2019-11-13,2019111301002872,MEGA,44,49,10,183.00,"1,830.00"
2019-11-13,2019111301002871,MEGA,13,49,"1,813",183.00,"331,779.00"
2019-11-13,2019111301003032,MEGA,44,47,110,184.00,"20,240.00"
2019-11-13,2019111301003031,MEGA,44,51,890,184.00,"163,760.00"
2019-11-13,2019111301002977,MEGA,28,49,135,183.00,"24,705.00"
2019-11-13,2019111301003060,MEGA,44,29,300,184.00,"55,200.00"
2019-11-13,2019111301003050,MEGA,44,29,300,184.00,"55,200.00"
2019-11-13,2019111301003037,MEGA,44,29,460,184.00,"84,640.00"
2019-11-13,2019111301003036,MEGA,44,47,40,184.00,"7,360.00"
2019-11-13,2019111301003034,MEGA,28,59,66,183.00,"12,078.00"
2019-11-13,2019111301003121,MERO,37,38,17,418.00,"7,106.00"
2019-11-13,2019111301003095,MERO,37,59,10,418.00,"4,180.00"
2019-11-13,2019111301003094,MERO,42,59,15,419.00,"6,285.00"
2019-11-13,2019111301002995,MERO,44,49,50,420.00,"21,000.00"
2019-11-13,2019111301002994,MERO,43,49,46,420.00,"19,320.00"
2019-11-13,2019111301002775,MERO,43,19,190,420.00,"79,800.00"
2019-11-13,2019111301002774,MERO,6,19,100,421.00,"42,100.00"
2019-11-13,2019111301002773,MERO,39,19,200,421.00,"84,200.00"
2019-11-13,2019111301002772,MERO,54,19,10,424.00,"4,240.00"
2019-11-13,2019111301002741,MHNL,38,36,130,76.00,"9,880.00"
2019-11-13,2019111301002740,MHNL,40,36,70,76.00,"5,320.00"
2019-11-13,2019111301002734,MHNL,32,32,30,77.00,"2,310.00"
2019-11-13,2019111301003091,MLBL,32,34,470,183.00,"86,010.00"
2019-11-13,2019111301002629,MLBL,22,17,21,184.00,"3,864.00"
2019-11-13,2019111301002737,MLBL,59,34,30,183.00,"5,490.00"
2019-11-13,2019111301002818,MNBBL,26,53,120,317.00,"38,040.00"
2019-11-13,2019111301002817,MNBBL,26,6,51,317.00,"16,167.00"
2019-11-13,2019111301002816,MNBBL,26,58,10,317.00,"3,170.00"
2019-11-13,2019111301003092,MSMBS,16,20,11,471.00,"5,181.00"
2019-11-13,2019111301002960,MSMBS,39,45,11,477.00,"5,247.00"
2019-11-13,2019111301002959,MSMBS,39,48,12,477.00,"5,724.00"
2019-11-13,2019111301002958,MSMBS,39,38,11,476.00,"5,236.00"
2019-11-13,2019111301002957,MSMBS,39,6,11,475.00,"5,225.00"
2019-11-13,2019111301002794,NABIL,44,22,23,750.00,"17,250.00"
2019-11-13,2019111301002648,NABIL,44,58,31,750.00,"23,250.00"
2019-11-13,2019111301003039,NADEP,50,59,10,391.00,"3,910.00"
2019-11-13,2019111301002661,NADEP,34,28,20,389.00,"7,780.00"
2019-11-13,2019111301002659,NADEP,57,28,30,390.00,"11,700.00"
2019-11-13,2019111301002657,NADEP,13,28,200,391.00,"78,200.00"
2019-11-13,2019111301002656,NADEP,43,28,50,392.00,"19,600.00"
2019-11-13,2019111301003027,NBB,39,41,20,203.00,"4,060.00"
2019-11-13,2019111301003026,NBB,34,41,300,203.00,"60,900.00"
2019-11-13,2019111301003025,NBB,43,41,180,203.00,"36,540.00"
2019-11-13,2019111301003070,NBL,25,55,280,305.00,"85,400.00"
2019-11-13,2019111301003069,NBL,59,55,20,305.00,"6,100.00"
2019-11-13,2019111301003068,NBL,44,55,200,305.00,"61,000.00"
2019-11-13,2019111301002968,NBL,44,53,100,305.00,"30,500.00"
2019-11-13,2019111301002967,NBL,52,53,100,305.00,"30,500.00"
2019-11-13,2019111301002984,NCCB,51,49,16,204.00,"3,264.00"
2019-11-13,2019111301002725,NCCB,58,25,40,205.00,"8,200.00"
2019-11-13,2019111301003115,NGPL,16,20,51,99.00,"5,049.00"
2019-11-13,2019111301003002,NGPL,16,59,15,99.00,"1,485.00"
2019-11-13,2019111301002870,NGPL,16,59,15,99.00,"1,485.00"
2019-11-13,2019111301002811,NGPL,16,59,15,99.00,"1,485.00"
2019-11-13,2019111301002730,NGPL,16,59,15,99.00,"1,485.00"
2019-11-13,2019111301003119,NIB,16,45,20,440.00,"8,800.00"
2019-11-13,2019111301003118,NIB,16,49,"1,010",440.00,"444,400.00"
2019-11-13,2019111301003072,NIB,16,40,44,439.00,"19,316.00"
2019-11-13,2019111301003001,NIB,16,49,44,439.00,"19,316.00"
2019-11-13,2019111301002992,NIB,35,49,65,440.00,"28,600.00"
2019-11-13,2019111301002991,NIB,35,45,35,440.00,"15,400.00"
2019-11-13,2019111301002880,NIB,56,45,25,440.00,"11,000.00"
2019-11-13,2019111301002879,NIB,49,45,100,440.00,"44,000.00"
2019-11-13,2019111301002731,NIB,8,35,130,440.00,"57,200.00"
2019-11-13,2019111301002665,NIB,44,35,100,440.00,"44,000.00"
2019-11-13,2019111301002664,NIB,16,35,20,440.00,"8,800.00"
2019-11-13,2019111301002969,NIB,59,45,40,440.00,"17,600.00"
2019-11-13,2019111301002942,NIB,16,47,28,439.00,"12,292.00"
2019-11-13,2019111301002865,NIBPO,44,40,300,402.00,"120,600.00"
2019-11-13,2019111301003022,NICA,45,14,63,400.00,"25,200.00"
2019-11-13,2019111301003021,NICA,45,29,101,400.00,"40,400.00"
2019-11-13,2019111301003020,NICA,45,21,100,400.00,"40,000.00"
2019-11-13,2019111301003019,NICA,45,17,455,400.00,"182,000.00"
2019-11-13,2019111301003018,NICA,45,34,81,400.00,"32,400.00"
2019-11-13,2019111301002981,NICA,42,49,26,399.00,"10,374.00"
2019-11-13,2019111301002828,NICA,44,22,19,399.00,"7,581.00"
2019-11-13,2019111301002822,NICA,36,34,24,400.00,"9,600.00"
2019-11-13,2019111301002797,NICA,40,58,28,399.00,"11,172.00"
2019-11-13,2019111301002961,NICA,42,49,200,399.00,"79,800.00"
2019-11-13,2019111301002912,NICA,52,49,200,399.00,"79,800.00"
2019-11-13,2019111301002911,NICA,40,49,374,399.00,"149,226.00"
2019-11-13,2019111301002910,NICA,42,49,200,399.00,"79,800.00"
2019-11-13,2019111301002885,NICA,40,59,17,399.00,"6,783.00"
2019-11-13,2019111301002829,NICA,40,22,81,399.00,"32,319.00"
2019-11-13,2019111301002933,NICL,13,22,100,257.00,"25,700.00"
2019-11-13,2019111301002920,NICL,52,59,64,257.00,"16,448.00"
2019-11-13,2019111301002997,NIL,14,36,320,380.00,"121,600.00"
2019-11-13,2019111301002862,NLG,26,49,200,531.00,"106,200.00"
2019-11-13,2019111301002861,NLG,39,49,100,532.00,"53,200.00"
2019-11-13,2019111301002733,NLG,51,25,50,533.00,"26,650.00"
2019-11-13,2019111301003124,NLIC,44,49,22,789.00,"17,358.00"
2019-11-13,2019111301002785,NLIC,44,59,22,789.00,"17,358.00"
2019-11-13,2019111301002732,NLIC,44,59,22,789.00,"17,358.00"
2019-11-13,2019111301002688,NLIC,44,59,22,789.00,"17,358.00"
2019-11-13,2019111301003013,NLICL,28,41,100,419.00,"41,900.00"
2019-11-13,2019111301003033,NMB,3,49,50,377.00,"18,850.00"
2019-11-13,2019111301003007,NMB,45,52,507,378.00,"191,646.00"
2019-11-13,2019111301003006,NMB,45,26,493,378.00,"186,354.00"
2019-11-13,2019111301003004,NMB,14,52,150,378.00,"56,700.00"
2019-11-13,2019111301003000,NMB,1,52,100,378.00,"37,800.00"
2019-11-13,2019111301002993,NMB,14,52,182,378.00,"68,796.00"
2019-11-13,2019111301002675,NMB,57,57,872,379.00,"330,488.00"
2019-11-13,2019111301002667,NMB,57,57,"1,000",379.00,"379,000.00"
2019-11-13,2019111301002863,NMB,56,49,40,379.00,"15,160.00"
2019-11-13,2019111301002807,NMB,40,49,372,379.00,"140,988.00"
2019-11-13,2019111301002806,NMB,40,52,128,379.00,"48,512.00"
2019-11-13,2019111301002758,NMB,33,52,372,379.00,"140,988.00"
2019-11-13,2019111301002757,NMB,33,17,128,379.00,"48,512.00"
2019-11-13,2019111301002687,NMB,17,41,80,378.00,"30,240.00"
2019-11-13,2019111301002892,NMB,33,32,100,378.00,"37,800.00"
2019-11-13,2019111301002891,NMB,21,32,"1,000",378.00,"378,000.00"
2019-11-13,2019111301002890,NMB,43,32,500,378.00,"189,000.00"
2019-11-13,2019111301002889,NMB,57,32,100,378.00,"37,800.00"
2019-11-13,2019111301002888,NMB,17,32,759,378.00,"286,902.00"
2019-11-13,2019111301002868,NMB,35,49,100,379.00,"37,900.00"
2019-11-13,2019111301002898,NMB,51,32,100,378.00,"37,800.00"
2019-11-13,2019111301002897,NMB,37,32,500,378.00,"189,000.00"
2019-11-13,2019111301002896,NMB,39,32,200,378.00,"75,600.00"
2019-11-13,2019111301002895,NMB,45,32,150,378.00,"56,700.00"
2019-11-13,2019111301002894,NMB,47,32,32,378.00,"12,096.00"
2019-11-13,2019111301002893,NMB,21,32,120,378.00,"45,360.00"
2019-11-13,2019111301002904,NMB,50,32,78,378.00,"29,484.00"
2019-11-13,2019111301002903,NMB,47,32,200,378.00,"75,600.00"
2019-11-13,2019111301002902,NMB,48,32,31,378.00,"11,718.00"
2019-11-13,2019111301002901,NMB,11,32,100,378.00,"37,800.00"
2019-11-13,2019111301002900,NMB,58,32,30,378.00,"11,340.00"
2019-11-13,2019111301002899,NMB,53,32,"1,000",378.00,"378,000.00"
2019-11-13,2019111301002952,NMB,58,52,200,378.00,"75,600.00"
2019-11-13,2019111301002951,NMB,45,52,122,378.00,"46,116.00"
2019-11-13,2019111301002938,NMB,45,52,200,378.00,"75,600.00"
2019-11-13,2019111301002909,NMB,45,32,178,378.00,"67,284.00"
2019-11-13,2019111301002908,NMB,50,32,122,378.00,"46,116.00"
2019-11-13,2019111301002905,NMB,45,49,250,379.00,"94,750.00"
2019-11-13,2019111301002978,NMB,41,49,100,379.00,"37,900.00"
2019-11-13,2019111301002962,NMB,14,51,100,378.00,"37,800.00"
2019-11-13,2019111301002956,NMB,14,52,718,378.00,"271,404.00"
2019-11-13,2019111301002955,NMB,43,52,700,378.00,"264,600.00"
2019-11-13,2019111301002954,NMB,42,52,100,378.00,"37,800.00"
2019-11-13,2019111301002953,NMB,41,52,160,378.00,"60,480.00"
2019-11-13,2019111301002744,NMBMF,32,32,1,489.00,489.00
2019-11-13,2019111301002965,NMFBS,52,59,15,"1,716.00","25,740.00"
2019-11-13,2019111301002640,NMFBS,45,8,10,"1,730.00","17,300.00"
2019-11-13,2019111301002815,NNLB,42,40,90,474.00,"42,660.00"
2019-11-13,2019111301002814,NNLB,42,37,40,473.00,"18,920.00"
2019-11-13,2019111301002764,NNLB,44,43,40,471.00,"18,840.00"
2019-11-13,2019111301002638,NNLB,44,43,10,471.00,"4,710.00"
2019-11-13,2019111301002671,NSEWA,33,42,10,398.00,"3,980.00"
2019-11-13,2019111301003046,NTC,6,57,170,620.00,"105,400.00"
2019-11-13,2019111301002931,NTC,6,49,900,620.00,"558,000.00"
2019-11-13,2019111301002660,OHL,57,17,20,444.00,"8,880.00"
2019-11-13,2019111301002790,PCBL,25,34,200,268.00,"53,600.00"
2019-11-13,2019111301002789,PCBL,44,34,19,268.00,"5,092.00"
2019-11-13,2019111301002788,PCBL,42,34,180,268.00,"48,240.00"
2019-11-13,2019111301003054,PIC,25,59,20,355.00,"7,100.00"
2019-11-13,2019111301002941,PIC,25,41,24,355.00,"8,520.00"
2019-11-13,2019111301002940,PIC,53,41,10,355.00,"3,550.00"
2019-11-13,2019111301002939,PIC,50,41,18,356.00,"6,408.00"
2019-11-13,2019111301002643,PIC,1,21,20,355.00,"7,100.00"
2019-11-13,2019111301003044,PICL,34,26,60,408.00,"24,480.00"
2019-11-13,2019111301003043,PICL,3,26,50,410.00,"20,500.00"
2019-11-13,2019111301003042,PICL,19,26,20,410.00,"8,200.00"
2019-11-13,2019111301003041,PICL,16,26,20,412.00,"8,240.00"
2019-11-13,2019111301003040,PICL,45,26,30,412.00,"12,360.00"
2019-11-13,2019111301002827,PLIC,32,32,22,317.00,"6,974.00"
2019-11-13,2019111301002853,PMHPL,32,32,10,89.00,890.00
2019-11-13,2019111301003120,PPCL,45,20,30,93.00,"2,790.00"
2019-11-13,2019111301002859,PPCL,32,32,30,94.00,"2,820.00"
2019-11-13,2019111301003123,PRVU,51,11,190,225.00,"42,750.00"
2019-11-13,2019111301003122,PRVU,32,11,10,225.00,"2,250.00"
2019-11-13,2019111301002850,PRVU,32,34,490,225.00,"110,250.00"
2019-11-13,2019111301002849,PRVU,32,34,170,225.00,"38,250.00"
2019-11-13,2019111301002848,PRVU,39,34,400,225.00,"90,000.00"
2019-11-13,2019111301002847,PRVU,59,34,100,225.00,"22,500.00"
2019-11-13,2019111301002834,PRVU,32,34,500,225.00,"112,500.00"
2019-11-13,2019111301002833,PRVU,47,34,40,225.00,"9,000.00"
2019-11-13,2019111301002832,PRVU,39,34,50,225.00,"11,250.00"
2019-11-13,2019111301002831,PRVU,52,34,500,225.00,"112,500.00"
2019-11-13,2019111301002663,PRVU,33,52,70,226.00,"15,820.00"
2019-11-13,2019111301002840,PRVU,5,34,100,225.00,"22,500.00"
2019-11-13,2019111301002839,PRVU,8,34,"2,000",225.00,"450,000.00"
2019-11-13,2019111301002838,PRVU,56,34,200,225.00,"45,000.00"
2019-11-13,2019111301002837,PRVU,56,34,100,225.00,"22,500.00"
2019-11-13,2019111301002836,PRVU,52,34,"1,000",225.00,"225,000.00"
2019-11-13,2019111301002835,PRVU,32,34,"2,000",225.00,"450,000.00"
2019-11-13,2019111301002846,PRVU,6,34,"1,000",225.00,"225,000.00"
2019-11-13,2019111301002845,PRVU,42,34,200,225.00,"45,000.00"
2019-11-13,2019111301002844,PRVU,45,34,300,225.00,"67,500.00"
2019-11-13,2019111301002843,PRVU,45,34,300,225.00,"67,500.00"
2019-11-13,2019111301002842,PRVU,47,34,50,225.00,"11,250.00"
2019-11-13,2019111301002841,PRVU,57,34,500,225.00,"112,500.00"
2019-11-13,2019111301002864,RBCL,50,52,10,"8,200.00","82,000.00"
2019-11-13,2019111301002668,RHPC,57,57,100,77.00,"7,700.00"
2019-11-13,2019111301002633,RHPC,22,44,183,76.00,"13,908.00"
2019-11-13,2019111301002632,RHPC,22,51,19,76.00,"1,444.00"
2019-11-13,2019111301003114,RHPL,59,38,40,167.00,"6,680.00"
2019-11-13,2019111301003010,RHPL,59,38,40,167.00,"6,680.00"
2019-11-13,2019111301002869,RHPL,59,32,40,167.00,"6,680.00"
2019-11-13,2019111301002866,RHPL,32,1,40,168.00,"6,720.00"
2019-11-13,2019111301002823,RHPL,59,51,40,167.00,"6,680.00"
2019-11-13,2019111301002792,RHPL,59,26,50,167.00,"8,350.00"
2019-11-13,2019111301002766,RHPL,59,26,40,167.00,"6,680.00"
2019-11-13,2019111301002749,RHPL,59,26,40,167.00,"6,680.00"
2019-11-13,2019111301002695,RMDC,22,14,100,609.00,"60,900.00"
2019-11-13,2019111301003005,RSDC,32,32,2,321.00,642.00
2019-11-13,2019111301003127,SABSL,51,40,90,555.00,"49,950.00"
2019-11-13,2019111301003126,SABSL,50,40,10,556.00,"5,560.00"
2019-11-13,2019111301002945,SABSL,22,13,40,559.00,"22,360.00"
2019-11-13,2019111301002944,SABSL,22,59,10,559.00,"5,590.00"
2019-11-13,2019111301002943,SABSL,22,50,50,559.00,"27,950.00"
2019-11-13,2019111301002877,SABSL,51,35,10,555.00,"5,550.00"
2019-11-13,2019111301002700,SABSL,51,16,36,553.00,"19,908.00"
2019-11-13,2019111301002699,SABSL,51,17,110,552.00,"60,720.00"
2019-11-13,2019111301002684,SABSL,22,6,10,550.00,"5,500.00"
2019-11-13,2019111301002706,SABSL,51,38,10,555.00,"5,550.00"
2019-11-13,2019111301002705,SABSL,51,5,100,554.00,"55,400.00"
2019-11-13,2019111301002704,SABSL,51,19,10,554.00,"5,540.00"
2019-11-13,2019111301002703,SABSL,51,46,10,554.00,"5,540.00"
2019-11-13,2019111301002702,SABSL,51,58,50,554.00,"27,700.00"
2019-11-13,2019111301002701,SABSL,51,42,50,553.00,"27,650.00"
2019-11-13,2019111301002813,SABSL,51,13,10,555.00,"5,550.00"
2019-11-13,2019111301002805,SABSL,1,13,10,557.00,"5,570.00"
2019-11-13,2019111301002776,SABSL,1,26,10,557.00,"5,570.00"
2019-11-13,2019111301002709,SABSL,51,42,10,555.00,"5,550.00"
2019-11-13,2019111301002708,SABSL,51,48,200,555.00,"111,000.00"
2019-11-13,2019111301002707,SABSL,51,19,280,555.00,"155,400.00"
2019-11-13,2019111301002884,SADBL,8,45,20,139.00,"2,780.00"
2019-11-13,2019111301002718,SADBL,32,21,20,137.00,"2,740.00"
2019-11-13,2019111301002791,SANIMA,29,22,20,305.00,"6,100.00"
2019-11-13,2019111301002662,SANIMA,29,56,100,305.00,"30,500.00"
2019-11-13,2019111301002887,SBI,37,33,50,401.00,"20,050.00"
2019-11-13,2019111301002886,SBI,44,33,100,402.00,"40,200.00"
2019-11-13,2019111301003084,SBL,45,11,20,286.00,"5,720.00"
2019-11-13,2019111301003083,SBL,19,11,100,286.00,"28,600.00"
2019-11-13,2019111301003082,SBL,8,11,80,286.00,"22,880.00"
2019-11-13,2019111301002976,SBL,8,45,120,286.00,"34,320.00"
2019-11-13,2019111301002975,SBL,47,45,100,286.00,"28,600.00"
2019-11-13,2019111301002974,SBL,51,45,50,286.00,"14,300.00"
2019-11-13,2019111301002729,SBL,38,36,200,286.00,"57,200.00"
2019-11-13,2019111301002713,SBL,44,50,50,287.00,"14,350.00"
2019-11-13,2019111301002697,SBL,44,50,50,287.00,"14,350.00"
2019-11-13,2019111301002674,SBL,38,56,120,286.00,"34,320.00"
2019-11-13,2019111301002673,SBL,57,56,30,286.00,"8,580.00"
2019-11-13,2019111301002973,SBL,59,45,150,286.00,"42,900.00"
2019-11-13,2019111301002972,SBL,34,45,200,286.00,"57,200.00"
2019-11-13,2019111301002971,SBL,43,45,200,286.00,"57,200.00"
2019-11-13,2019111301002970,SBL,38,45,180,286.00,"51,480.00"
2019-11-13,2019111301002748,SBL,41,50,25,287.00,"7,175.00"
2019-11-13,2019111301002739,SBL,40,50,50,287.00,"14,350.00"
2019-11-13,2019111301002932,SCB,35,17,100,549.00,"54,900.00"
2019-11-13,2019111301002830,SCB,32,59,20,547.00,"10,940.00"
2019-11-13,2019111301002754,SCB,32,59,10,547.00,"5,470.00"
2019-11-13,2019111301002753,SCB,6,59,10,548.00,"5,480.00"
2019-11-13,2019111301002666,SDESI,46,38,10,639.00,"6,390.00"
2019-11-13,2019111301002825,SHIVM,48,43,15,482.00,"7,230.00"
2019-11-13,2019111301002824,SHIVM,45,43,255,482.00,"122,910.00"
2019-11-13,2019111301002821,SHIVM,45,43,245,482.00,"118,090.00"
2019-11-13,2019111301002820,SHIVM,22,43,55,482.00,"26,510.00"
2019-11-13,2019111301002809,SHIVM,22,43,145,482.00,"69,890.00"
2019-11-13,2019111301002808,SHIVM,7,43,255,482.00,"122,910.00"
2019-11-13,2019111301002711,SHIVM,7,14,45,482.00,"21,690.00"
2019-11-13,2019111301002644,SHIVM,39,43,30,483.00,"14,490.00"
2019-11-13,2019111301002963,SHL,34,48,"1,000",206.00,"206,000.00"
2019-11-13,2019111301003085,SHPC,6,59,32,186.00,"5,952.00"
2019-11-13,2019111301002947,SHPC,6,36,22,186.00,"4,092.00"
2019-11-13,2019111301002946,SHPC,36,36,198,187.00,"37,026.00"
2019-11-13,2019111301002925,SHPC,36,59,22,187.00,"4,114.00"
2019-11-13,2019111301002819,SHPC,6,59,22,186.00,"4,092.00"
2019-11-13,2019111301002746,SHPC,6,59,22,186.00,"4,092.00"
2019-11-13,2019111301003014,SICL,14,39,150,743.00,"111,450.00"
2019-11-13,2019111301003116,SJCL,44,38,20,163.00,"3,260.00"
2019-11-13,2019111301003077,SJCL,44,32,20,163.00,"3,260.00"
2019-11-13,2019111301002631,SJCL,44,32,10,163.00,"1,630.00"
2019-11-13,2019111301002630,SJCL,32,14,10,164.00,"1,640.00"
2019-11-13,2019111301002777,SJCL,44,26,20,163.00,"3,260.00"
2019-11-13,2019111301002767,SJCL,35,14,200,164.00,"32,800.00"
2019-11-13,2019111301002755,SJCL,44,26,20,163.00,"3,260.00"
2019-11-13,2019111301002742,SJCL,44,59,20,163.00,"3,260.00"
2019-11-13,2019111301002738,SJCL,44,59,10,163.00,"1,630.00"
2019-11-13,2019111301002735,SJCL,44,59,20,163.00,"3,260.00"
2019-11-13,2019111301002950,SJCL,35,14,20,164.00,"3,280.00"
2019-11-13,2019111301002826,SJCL,21,14,500,164.00,"82,000.00"
2019-11-13,2019111301002795,SJCL,44,26,20,163.00,"3,260.00"
2019-11-13,2019111301003024,SJCL,44,13,20,163.00,"3,260.00"
2019-11-13,2019111301003017,SJCL,44,38,20,163.00,"3,260.00"
2019-11-13,2019111301002998,SJCL,35,14,20,164.00,"3,280.00"
2019-11-13,2019111301003074,SJCL,32,14,20,164.00,"3,280.00"
2019-11-13,2019111301003090,SKBBL,22,43,468,942.00,"440,856.00"
2019-11-13,2019111301003028,SKBBL,22,14,140,940.00,"131,600.00"
2019-11-13,2019111301003012,SKBBL,22,14,60,940.00,"56,400.00"
2019-11-13,2019111301002928,SLBBL,7,45,100,600.00,"60,000.00"
2019-11-13,2019111301002927,SLBBL,7,28,10,600.00,"6,000.00"
2019-11-13,2019111301002852,SLICL,1,48,73,257.00,"18,761.00"
2019-11-13,2019111301002756,SMATA,22,48,12,533.00,"6,396.00"
2019-11-13,2019111301003075,SMFBS,34,7,10,778.00,"7,780.00"
2019-11-13,2019111301002858,SMFBS,47,59,10,777.00,"7,770.00"
2019-11-13,2019111301003056,SPDL,45,40,63,72.00,"4,536.00"
2019-11-13,2019111301003055,SPDL,42,40,10,73.00,730.00
2019-11-13,2019111301002875,SRBL,44,45,100,213.00,"21,300.00"
2019-11-13,2019111301002874,SRBL,44,44,500,213.00,"106,500.00"
2019-11-13,2019111301002670,SRBL,14,20,116,212.00,"24,592.00"
2019-11-13,2019111301002655,SRBL,14,22,20,212.00,"4,240.00"
2019-11-13,2019111301002654,SRBL,14,11,90,212.00,"19,080.00"
2019-11-13,2019111301002653,SRBL,14,45,393,212.00,"83,316.00"
2019-11-13,2019111301003080,UMHL,14,40,102,98.00,"9,996.00"
2019-11-13,2019111301003081,UNHPL,32,32,50,53.00,"2,650.00"
2019-11-13,2019111301002635,UNHPL,32,32,50,53.00,"2,650.00"
2019-11-13,2019111301002979,UPPER,32,6,50,230.00,"11,500.00"
2019-11-13,2019111301002966,UPPER,32,6,50,230.00,"11,500.00"
2019-11-13,2019111301002804,UPPER,52,36,19,231.00,"4,389.00"
2019-11-13,2019111301002803,UPPER,52,45,25,231.00,"5,775.00"
2019-11-13,2019111301002642,UPPER,32,50,50,231.00,"11,550.00"
2019-11-13,2019111301002634,UPPER,32,17,50,230.00,"11,500.00"
2019-11-13,2019111301002802,UPPER,52,39,106,231.00,"24,486.00"
2019-11-13,2019111301002752,UPPER,44,39,259,231.00,"59,829.00"
2019-11-13,2019111301002751,UPPER,44,50,548,231.00,"126,588.00"
2019-11-13,2019111301002750,UPPER,44,32,193,231.00,"44,583.00"
2019-11-13,2019111301002647,UPPER,32,17,50,230.00,"11,500.00"
2019-11-13,2019111301002646,UPPER,32,32,50,230.00,"11,500.00"
2019-11-13,2019111301002427,ADBL,51,17,20,414.00,"8,280.00"
2019-11-13,2019111301002131,ADBL,26,43,27,415.00,"11,205.00"
2019-11-13,2019111301002242,AHPC,49,49,10,95.00,950.00
2019-11-13,2019111301002625,AKBSL,36,43,10,439.00,"4,390.00"
2019-11-13,2019111301002619,AKBSL,36,56,10,439.00,"4,390.00"
2019-11-13,2019111301002507,AKBSL,34,26,10,435.00,"4,350.00"
2019-11-13,2019111301002506,AKBSL,42,50,10,441.00,"4,410.00"
2019-11-13,2019111301002425,AKBSL,48,48,10,442.00,"4,420.00"
2019-11-13,2019111301002203,AKBSL,40,42,157,449.00,"70,493.00"
2019-11-13,2019111301002130,AKBSL,34,34,300,441.00,"132,300.00"
2019-11-13,2019111301002129,AKBSL,34,18,40,441.00,"17,640.00"
2019-11-13,2019111301002128,AKBSL,34,42,50,440.00,"22,000.00"
2019-11-13,2019111301002202,AKBSL,40,20,10,449.00,"4,490.00"
2019-11-13,2019111301002201,AKBSL,40,41,250,449.00,"112,250.00"
2019-11-13,2019111301002200,AKBSL,40,16,10,448.00,"4,480.00"
2019-11-13,2019111301002199,AKBSL,40,18,100,448.00,"44,800.00"
2019-11-13,2019111301002185,AKBSL,40,51,100,447.00,"44,700.00"
2019-11-13,2019111301002169,AKBSL,43,47,10,446.00,"4,460.00"
2019-11-13,2019111301002480,ALBSL,58,38,300,404.00,"121,200.00"
2019-11-13,2019111301002479,ALBSL,58,14,10,404.00,"4,040.00"
2019-11-13,2019111301002478,ALBSL,58,55,40,403.00,"16,120.00"
2019-11-13,2019111301002477,ALBSL,58,17,10,402.00,"4,020.00"
2019-11-13,2019111301002467,ALBSL,40,45,140,401.00,"56,140.00"
2019-11-13,2019111301002483,ALICL,49,58,202,312.00,"63,024.00"
2019-11-13,2019111301002469,API,19,13,"3,171",105.00,"332,955.00"
2019-11-13,2019111301002432,API,43,57,"1,000",106.00,"106,000.00"
2019-11-13,2019111301002251,API,16,22,20,106.00,"2,120.00"
2019-11-13,2019111301002250,API,16,25,100,106.00,"10,600.00"
2019-11-13,2019111301002249,API,16,25,200,106.00,"21,200.00"
2019-11-13,2019111301002157,API,37,25,100,106.00,"10,600.00"
2019-11-13,2019111301002557,BOKL,44,57,49,221.00,"10,829.00"
2019-11-13,2019111301002449,BOKL,44,17,20,221.00,"4,420.00"
2019-11-13,2019111301002446,BOKL,13,17,290,222.00,"64,380.00"
2019-11-13,2019111301002331,BOKL,44,17,105,221.00,"23,205.00"
2019-11-13,2019111301002330,BOKL,43,17,500,221.00,"110,500.00"
2019-11-13,2019111301002329,BOKL,37,17,185,221.00,"40,885.00"
2019-11-13,2019111301002328,BOKL,32,17,500,221.00,"110,500.00"
2019-11-13,2019111301002310,BOKL,37,58,15,221.00,"3,315.00"
2019-11-13,2019111301002177,BOKL,44,42,300,222.00,"66,600.00"
2019-11-13,2019111301002508,BPCL,59,21,50,357.00,"17,850.00"
2019-11-13,2019111301002132,BPCL,25,18,11,355.00,"3,905.00"
2019-11-13,2019111301002493,CBBL,34,37,25,970.00,"24,250.00"
2019-11-13,2019111301002492,CBBL,34,37,75,970.00,"72,750.00"
2019-11-13,2019111301002491,CBBL,34,37,30,970.00,"29,100.00"
2019-11-13,2019111301002490,CBBL,56,37,52,970.00,"50,440.00"
2019-11-13,2019111301002489,CBBL,37,37,100,970.00,"97,000.00"
2019-11-13,2019111301002475,CBBL,7,37,100,971.00,"97,100.00"
2019-11-13,2019111301002265,CBBL,52,53,32,973.00,"31,136.00"
2019-11-13,2019111301002264,CBBL,1,53,20,974.00,"19,480.00"
2019-11-13,2019111301002474,CBBL,13,37,20,971.00,"19,420.00"
2019-11-13,2019111301002473,CBBL,44,37,50,971.00,"48,550.00"
2019-11-13,2019111301002466,CBBL,53,37,10,972.00,"9,720.00"
2019-11-13,2019111301002445,CBBL,3,37,100,973.00,"97,300.00"
2019-11-13,2019111301002444,CBBL,45,37,20,973.00,"19,460.00"
2019-11-13,2019111301002443,CBBL,52,37,18,973.00,"17,514.00"
2019-11-13,2019111301002397,CBL,40,41,194,139.00,"26,966.00"
2019-11-13,2019111301002325,CBL,40,58,48,139.00,"6,672.00"
2019-11-13,2019111301002278,CBL,40,17,302,139.00,"41,978.00"
2019-11-13,2019111301002277,CBL,41,17,249,139.00,"34,611.00"
2019-11-13,2019111301002428,CCBL,37,42,12,154.00,"1,848.00"
2019-11-13,2019111301002426,CCBL,37,42,45,154.00,"6,930.00"
2019-11-13,2019111301002359,CCBL,37,58,52,154.00,"8,008.00"
2019-11-13,2019111301002311,CCBL,37,49,100,154.00,"15,400.00"
2019-11-13,2019111301002284,CCBL,38,38,50,155.00,"7,750.00"
2019-11-13,2019111301002495,CHCL,8,36,379,370.00,"140,230.00"
2019-11-13,2019111301002494,CHCL,8,57,300,370.00,"111,000.00"
2019-11-13,2019111301002262,CHCL,16,45,300,369.00,"110,700.00"
2019-11-13,2019111301002228,CHCL,6,48,100,369.00,"36,900.00"
2019-11-13,2019111301002505,CIT,36,13,20,"1,760.00","35,200.00"
2019-11-13,2019111301002462,CZBIL,16,17,20,188.00,"3,760.00"
2019-11-13,2019111301002232,CZBIL,16,22,10,188.00,"1,880.00"
2019-11-13,2019111301002180,CZBIL,16,20,52,188.00,"9,776.00"
2019-11-13,2019111301002558,DDBL,6,1,965,750.00,"723,750.00"
2019-11-13,2019111301002260,EBL,21,17,100,551.00,"55,100.00"
2019-11-13,2019111301002259,EBL,35,17,100,551.00,"55,100.00"
2019-11-13,2019111301002160,EBL,35,42,100,551.00,"55,100.00"
2019-11-13,2019111301002515,FOWAD,41,59,50,"1,345.00","67,250.00"
2019-11-13,2019111301002351,FOWAD,52,34,20,"1,355.00","27,100.00"
2019-11-13,2019111301002334,FOWAD,6,22,57,"1,350.00","76,950.00"
2019-11-13,2019111301002346,GBBL,14,14,"1,310",220.00,"288,200.00"
2019-11-13,2019111301002345,GBBL,14,4,500,220.00,"110,000.00"
2019-11-13,2019111301002512,GBLBS,58,21,15,306.00,"4,590.00"
2019-11-13,2019111301002327,GBLBS,58,22,15,306.00,"4,590.00"
2019-11-13,2019111301002307,GBLBS,58,42,450,306.00,"137,700.00"
2019-11-13,2019111301002306,GBLBS,58,42,15,306.00,"4,590.00"
2019-11-13,2019111301002305,GBLBS,57,42,300,307.00,"92,100.00"
2019-11-13,2019111301002304,GBLBS,37,42,50,308.00,"15,400.00"
2019-11-13,2019111301002303,GBLBS,46,42,185,308.00,"56,980.00"
2019-11-13,2019111301002225,GBLBS,46,22,15,308.00,"4,620.00"
2019-11-13,2019111301002435,GLBSL,16,19,200,415.00,"83,000.00"
2019-11-13,2019111301002430,GLBSL,40,18,10,411.00,"4,110.00"
2019-11-13,2019111301002171,GLBSL,1,19,100,410.00,"41,000.00"
2019-11-13,2019111301002248,GLICL,36,36,111,358.00,"39,738.00"
2019-11-13,2019111301002247,GLICL,25,36,40,358.00,"14,320.00"
2019-11-13,2019111301002614,GMFBS,56,26,10,473.00,"4,730.00"
2019-11-13,2019111301002511,GMFBS,56,26,10,475.00,"4,750.00"
2019-11-13,2019111301002373,HBL,17,17,700,480.00,"336,000.00"
2019-11-13,2019111301002472,HDL,57,56,40,"1,810.00","72,400.00"
2019-11-13,2019111301002471,HDL,45,56,100,"1,810.00","181,000.00"
2019-11-13,2019111301002470,HDL,48,56,100,"1,811.00","181,100.00"
2019-11-13,2019111301002288,HDL,45,18,50,"1,811.00","90,550.00"
2019-11-13,2019111301002287,HDL,34,18,50,"1,811.00","90,550.00"
2019-11-13,2019111301002197,HGI,37,21,100,260.00,"26,000.00"
2019-11-13,2019111301002586,HIDCL,6,22,13,131.00,"1,703.00"
2019-11-13,2019111301002336,HIDCL,48,22,63,130.00,"8,190.00"
2019-11-13,2019111301002216,HIDCL,20,22,50,131.00,"6,550.00"
2019-11-13,2019111301002377,HPPL,40,54,10,135.00,"1,350.00"
2019-11-13,2019111301002352,HPPL,40,22,10,135.00,"1,350.00"
2019-11-13,2019111301002320,HPPL,40,22,10,135.00,"1,350.00"
2019-11-13,2019111301002212,HPPL,40,22,10,135.00,"1,350.00"
2019-11-13,2019111301002133,HPPL,40,16,10,135.00,"1,350.00"
2019-11-13,2019111301002496,HURJA,34,33,20,100.00,"2,000.00"
2019-11-13,2019111301002424,HURJA,32,32,20,101.00,"2,020.00"
2019-11-13,2019111301002286,IGI,49,22,52,285.00,"14,820.00"
2019-11-13,2019111301002285,IGI,49,22,38,285.00,"10,830.00"
2019-11-13,2019111301002565,ILBS,32,25,70,465.00,"32,550.00"
2019-11-13,2019111301002564,ILBS,55,25,40,466.00,"18,640.00"
2019-11-13,2019111301002525,ILBS,55,26,10,466.00,"4,660.00"
2019-11-13,2019111301002237,ILBS,34,19,100,469.00,"46,900.00"
2019-11-13,2019111301002236,ILBS,34,13,10,466.00,"4,660.00"
2019-11-13,2019111301002235,ILBS,34,33,10,465.00,"4,650.00"
2019-11-13,2019111301002338,JFL,42,48,328,194.00,"63,632.00"
2019-11-13,2019111301002337,JFL,14,48,300,194.00,"58,200.00"
2019-11-13,2019111301002135,JOSHI,25,37,20,55.00,"1,100.00"
2019-11-13,2019111301002526,KBL,52,57,150,178.00,"26,700.00"
2019-11-13,2019111301002335,KBL,52,58,24,178.00,"4,272.00"
2019-11-13,2019111301002246,KSBBL,17,32,200,138.00,"27,600.00"
2019-11-13,2019111301002227,LBBL,46,42,170,171.00,"29,070.00"
