Date,Transact. No.,Symbol,Buyer,Seller,Quantity,Rate,Amount
2019-02-03,2019020301005751,ADBL,6,43,500,338.00,"169,000.00"
2019-02-03,2019020301005515,ADBL,53,22,50,339.00,"16,950.00"
2019-02-03,2019020301005752,AKJCL,11,43,20,85.00,"1,700.00"
2019-02-03,2019020301005671,AKJCL,11,47,20,85.00,"1,700.00"
2019-02-03,2019020301005590,AKJCL,11,48,10,85.00,850.00
2019-02-03,2019020301005419,AKJCL,11,48,20,85.00,"1,700.00"
2019-02-03,2019020301005774,ALICL,49,34,10,615.00,"6,150.00"
2019-02-03,2019020301005592,ALICL,39,54,148,606.00,"89,688.00"
2019-02-03,2019020301005494,ALICL,43,54,20,609.00,"12,180.00"
2019-02-03,2019020301005533,API,25,35,40,141.00,"5,640.00"
2019-02-03,2019020301005472,API,43,39,18,140.00,"2,520.00"
2019-02-03,2019020301005317,API,42,26,30,142.00,"4,260.00"
2019-02-03,2019020301005314,API,25,49,10,141.00,"1,410.00"
2019-02-03,2019020301005691,BHBL,38,1,10,144.00,"1,440.00"
2019-02-03,2019020301005480,BOKL,1,34,300,249.00,"74,700.00"
2019-02-03,2019020301005353,BOKL,45,45,100,247.00,"24,700.00"
2019-02-03,2019020301005662,BPCL,49,26,25,356.00,"8,900.00"
2019-02-03,2019020301005602,BPCL,47,48,16,356.00,"5,696.00"
2019-02-03,2019020301005376,BPCL,47,39,20,356.00,"7,120.00"
2019-02-03,2019020301005670,CBBL,29,4,103,877.00,"90,331.00"
2019-02-03,2019020301005326,CBBL,1,16,100,879.00,"87,900.00"
2019-02-03,2019020301005479,CBBL,33,58,60,880.00,"52,800.00"
2019-02-03,2019020301005437,CBBL,32,16,83,879.00,"72,957.00"
2019-02-03,2019020301005425,CBBL,54,5,42,878.00,"36,876.00"
2019-02-03,2019020301005424,CBBL,6,5,70,878.00,"61,460.00"
2019-02-03,2019020301005402,CBBL,5,16,120,879.00,"105,480.00"
2019-02-03,2019020301005581,CBBL,54,42,158,878.00,"138,724.00"
2019-02-03,2019020301005572,CBBL,32,4,117,879.00,"102,843.00"
2019-02-03,2019020301005570,CBBL,19,58,50,880.00,"44,000.00"
2019-02-03,2019020301005564,CBBL,6,58,30,880.00,"26,400.00"
2019-02-03,2019020301005628,CBBL,54,4,500,877.00,"438,500.00"
2019-02-03,2019020301005627,CBBL,51,4,200,877.00,"175,400.00"
2019-02-03,2019020301005626,CBBL,47,4,30,877.00,"26,310.00"
2019-02-03,2019020301005620,CBBL,13,4,50,879.00,"43,950.00"
2019-02-03,2019020301005582,CBBL,8,42,30,878.00,"26,340.00"
2019-02-03,2019020301005693,CBL,54,52,150,158.00,"23,700.00"
2019-02-03,2019020301005339,CBL,52,32,188,157.00,"29,516.00"
2019-02-03,2019020301005338,CBL,53,32,50,157.00,"7,850.00"
2019-02-03,2019020301005337,CBL,45,32,881,157.00,"138,317.00"
2019-02-03,2019020301005762,CCBL,25,26,100,166.00,"16,600.00"
2019-02-03,2019020301005744,CCBL,42,42,200,166.00,"33,200.00"
2019-02-03,2019020301005743,CCBL,47,42,210,166.00,"34,860.00"
2019-02-03,2019020301005742,CCBL,8,42,100,166.00,"16,600.00"
2019-02-03,2019020301005741,CCBL,36,42,100,166.00,"16,600.00"
2019-02-03,2019020301005740,CCBL,53,42,409,166.00,"67,894.00"
2019-02-03,2019020301005594,CCBL,29,34,500,167.00,"83,500.00"
2019-02-03,2019020301005593,CCBL,51,34,98,167.00,"16,366.00"
2019-02-03,2019020301005571,CCBL,51,43,198,167.00,"33,066.00"
2019-02-03,2019020301005525,CCBL,51,6,70,167.00,"11,690.00"
2019-02-03,2019020301005427,CCBL,32,43,200,168.00,"33,600.00"
2019-02-03,2019020301005366,CCBL,51,42,100,167.00,"16,700.00"
2019-02-03,2019020301005706,CCBL,50,34,164,167.00,"27,388.00"
2019-02-03,2019020301005660,CCBL,50,41,336,167.00,"56,112.00"
2019-02-03,2019020301005659,CCBL,16,41,54,167.00,"9,018.00"
2019-02-03,2019020301005658,CCBL,17,41,618,167.00,"103,206.00"
2019-02-03,2019020301005596,CCBL,17,34,382,167.00,"63,794.00"
2019-02-03,2019020301005595,CCBL,55,34,20,167.00,"3,340.00"
2019-02-03,2019020301005728,CCBL,53,42,591,166.00,"98,106.00"
2019-02-03,2019020301005727,CCBL,28,42,"1,000",166.00,"166,000.00"
2019-02-03,2019020301005726,CCBL,17,42,170,166.00,"28,220.00"
2019-02-03,2019020301005725,CCBL,56,42,300,166.00,"49,800.00"
2019-02-03,2019020301005724,CCBL,11,42,40,166.00,"6,640.00"
2019-02-03,2019020301005707,CCBL,25,34,50,167.00,"8,350.00"
2019-02-03,2019020301005484,CFCL,1,26,58,109.00,"6,322.00"
2019-02-03,2019020301005718,CHCL,26,28,"1,140",516.00,"588,240.00"
2019-02-03,2019020301005717,CHCL,38,28,100,517.00,"51,700.00"
2019-02-03,2019020301005716,CHCL,1,28,300,517.00,"155,100.00"
2019-02-03,2019020301005715,CHCL,58,28,200,517.00,"103,400.00"
2019-02-03,2019020301005771,CIT,53,40,50,"2,746.00","137,300.00"
2019-02-03,2019020301005747,CIT,53,43,50,"2,746.00","137,300.00"
2019-02-03,2019020301005730,CIT,4,28,100,"2,745.00","274,500.00"
2019-02-03,2019020301005689,CIT,53,57,18,"2,740.00","49,320.00"
2019-02-03,2019020301005688,CIT,19,57,30,"2,740.00","82,200.00"
2019-02-03,2019020301005371,CIT,22,28,40,"2,747.00","109,880.00"
2019-02-03,2019020301005370,CIT,22,45,10,"2,747.00","27,470.00"
2019-02-03,2019020301005350,CIT,4,28,150,"2,742.00","411,300.00"
2019-02-03,2019020301005349,CIT,4,40,80,"2,740.00","219,200.00"
2019-02-03,2019020301005342,CIT,26,26,20,"2,730.00","54,600.00"
2019-02-03,2019020301005341,CIT,20,26,10,"2,730.00","27,300.00"
2019-02-03,2019020301005383,CLBSL,37,39,10,690.00,"6,900.00"
2019-02-03,2019020301005290,CLBSL,37,39,10,690.00,"6,900.00"
2019-02-03,2019020301005764,CZBIL,19,14,56,208.00,"11,648.00"
2019-02-03,2019020301005463,CZBIL,17,14,120,208.00,"24,960.00"
2019-02-03,2019020301005397,CZBIL,17,25,100,208.00,"20,800.00"
2019-02-03,2019020301005335,CZBIL,47,59,"1,323",207.00,"273,861.00"
2019-02-03,2019020301005324,CZBIL,17,59,50,207.00,"10,350.00"
2019-02-03,2019020301005312,CZBIL,36,59,500,207.00,"103,500.00"
2019-02-03,2019020301005695,DBBL,17,11,50,125.00,"6,250.00"
2019-02-03,2019020301005732,DDBL,14,42,10,576.00,"5,760.00"
2019-02-03,2019020301005782,EBL,56,43,10,523.00,"5,230.00"
2019-02-03,2019020301005775,EBL,56,16,192,523.00,"100,416.00"
2019-02-03,2019020301005624,EBL,53,42,83,522.00,"43,326.00"
2019-02-03,2019020301005612,EBL,54,42,17,522.00,"8,874.00"
2019-02-03,2019020301005606,EBL,54,54,83,522.00,"43,326.00"
2019-02-03,2019020301005605,EBL,28,54,47,522.00,"24,534.00"
2019-02-03,2019020301005587,EBL,28,17,53,522.00,"27,666.00"
2019-02-03,2019020301005753,EBL,17,16,10,523.00,"5,230.00"
2019-02-03,2019020301005697,EBL,49,16,50,523.00,"26,150.00"
2019-02-03,2019020301005379,EDBL,56,55,10,280.00,"2,800.00"
2019-02-03,2019020301005378,EDBL,44,55,415,280.00,"116,200.00"
2019-02-03,2019020301005445,FMDBL,41,47,160,374.00,"59,840.00"
2019-02-03,2019020301005406,FMDBL,42,37,50,374.00,"18,700.00"
2019-02-03,2019020301005405,FMDBL,43,37,200,374.00,"74,800.00"
2019-02-03,2019020301005734,FOWAD,46,22,10,"1,599.00","15,990.00"
2019-02-03,2019020301005629,GBBL,43,44,600,184.00,"110,400.00"
2019-02-03,2019020301005395,GBIME,14,29,250,265.00,"66,250.00"
2019-02-03,2019020301005394,GBIME,39,29,141,265.00,"37,365.00"
2019-02-03,2019020301005333,GBIME,39,45,100,265.00,"26,500.00"
2019-02-03,2019020301005304,GBIME,22,22,61,266.00,"16,226.00"
2019-02-03,2019020301005303,GBIME,22,33,39,266.00,"10,374.00"
2019-02-03,2019020301005745,GBLBS,50,42,50,441.00,"22,050.00"
2019-02-03,2019020301005392,GILB,50,39,19,"1,192.00","22,648.00"
2019-02-03,2019020301005442,HBL,41,37,100,443.00,"44,300.00"
2019-02-03,2019020301005375,HBL,41,45,65,443.00,"28,795.00"
2019-02-03,2019020301005374,HBL,1,45,15,443.00,"6,645.00"
2019-02-03,2019020301005373,HBL,1,45,20,444.00,"8,880.00"
2019-02-03,2019020301005646,HIDCL,35,19,30,141.00,"4,230.00"
2019-02-03,2019020301005577,HIDCL,7,19,100,141.00,"14,100.00"
2019-02-03,2019020301005534,HIDCL,53,6,15,140.00,"2,100.00"
2019-02-03,2019020301005390,HIDCL,13,44,283,140.00,"39,620.00"
2019-02-03,2019020301005553,IGI,52,41,30,430.00,"12,900.00"
2019-02-03,2019020301005552,IGI,6,41,400,433.00,"173,200.00"
2019-02-03,2019020301005551,IGI,35,41,300,434.00,"130,200.00"
2019-02-03,2019020301005550,IGI,22,41,280,434.00,"121,520.00"
2019-02-03,2019020301005549,IGI,49,41,17,435.00,"7,395.00"
2019-02-03,2019020301005705,IGI,22,41,10,438.00,"4,380.00"
2019-02-03,2019020301005769,JBNL,45,26,387,163.00,"63,081.00"
2019-02-03,2019020301005768,JBNL,54,26,363,163.00,"59,169.00"
2019-02-03,2019020301005667,JBNL,57,8,767,164.00,"125,788.00"
2019-02-03,2019020301005666,JBNL,57,22,233,164.00,"38,212.00"
2019-02-03,2019020301005560,JBNL,35,8,100,164.00,"16,400.00"
2019-02-03,2019020301005499,JBNL,54,8,33,163.00,"5,379.00"
2019-02-03,2019020301005498,JBNL,47,8,100,163.00,"16,300.00"
2019-02-03,2019020301005497,JBNL,4,8,95,163.00,"15,485.00"
2019-02-03,2019020301005393,JBNL,54,43,104,163.00,"16,952.00"
2019-02-03,2019020301005598,JEFL,4,49,"1,000",132.00,"132,000.00"
2019-02-03,2019020301005528,JEFL,4,32,"1,000",131.00,"131,000.00"
2019-02-03,2019020301005316,JFL,43,43,82,166.00,"13,612.00"
2019-02-03,2019020301005287,JFL,43,43,"1,609",166.00,"267,094.00"
2019-02-03,2019020301005286,JFL,14,43,100,166.00,"16,600.00"
2019-02-03,2019020301005548,KBBL,13,26,68,208.00,"14,144.00"
2019-02-03,2019020301005547,KBBL,13,26,107,209.00,"22,363.00"
2019-02-03,2019020301005781,KBL,13,41,"1,436",245.00,"351,820.00"
2019-02-03,2019020301005559,KBL,43,26,200,245.00,"49,000.00"
2019-02-03,2019020301005558,KBL,43,6,500,243.00,"121,500.00"
2019-02-03,2019020301005737,KMCDB,33,57,10,878.00,"8,780.00"
2019-02-03,2019020301005736,KMCDB,33,33,50,861.00,"43,050.00"
2019-02-03,2019020301005291,KPCL,11,39,10,95.00,950.00
2019-02-03,2019020301005431,KPCL,11,48,10,95.00,950.00
2019-02-03,2019020301005490,KPCL,11,5,10,95.00,950.00
2019-02-03,2019020301005615,KPCL,11,48,10,95.00,950.00
2019-02-03,2019020301005644,KSBBL,29,10,50,136.00,"6,800.00"
2019-02-03,2019020301005643,KSBBL,13,10,500,136.00,"68,000.00"
2019-02-03,2019020301005642,KSBBL,43,10,500,136.00,"68,000.00"
2019-02-03,2019020301005641,KSBBL,19,10,673,136.00,"91,528.00"
2019-02-03,2019020301005302,LBBL,33,45,650,174.00,"113,100.00"
2019-02-03,2019020301005301,LBBL,33,22,100,174.00,"17,400.00"
2019-02-03,2019020301005653,LBL,58,46,65,198.00,"12,870.00"
2019-02-03,2019020301005613,LBL,49,6,357,197.00,"70,329.00"
2019-02-03,2019020301005423,LBL,49,54,100,197.00,"19,700.00"
2019-02-03,2019020301005778,LGIL,43,42,10,529.00,"5,290.00"
2019-02-03,2019020301005543,LICN,59,14,18,"1,702.00","30,636.00"
2019-02-03,2019020301005542,LICN,28,14,110,"1,702.00","187,220.00"
2019-02-03,2019020301005541,LICN,59,14,50,"1,703.00","85,150.00"
2019-02-03,2019020301005540,LICN,45,14,20,"1,703.00","34,060.00"
2019-02-03,2019020301005714,LLBS,47,42,100,793.00,"79,300.00"
2019-02-03,2019020301005597,LLBS,48,42,150,795.00,"119,250.00"
2019-02-03,2019020301005770,MEGA,42,7,10,163.00,"1,630.00"
2019-02-03,2019020301005704,MEGA,54,7,150,163.00,"24,450.00"
2019-02-03,2019020301005586,MEGA,36,1,"1,000",163.00,"163,000.00"
2019-02-03,2019020301005585,MEGA,36,45,263,163.00,"42,869.00"
2019-02-03,2019020301005411,MEGA,49,40,170,162.00,"27,540.00"
2019-02-03,2019020301005410,MEGA,21,40,200,162.00,"32,400.00"
2019-02-03,2019020301005409,MEGA,36,40,130,162.00,"21,060.00"
2019-02-03,2019020301005698,MERO,47,47,16,"1,135.00","18,160.00"
2019-02-03,2019020301005328,MERO,33,56,10,"1,134.00","11,340.00"
2019-02-03,2019020301005493,MERO,1,51,16,"1,133.00","18,128.00"
2019-02-03,2019020301005477,MERO,33,51,10,"1,134.00","11,340.00"
2019-02-03,2019020301005561,MMFDB,49,40,10,"1,018.00","10,180.00"
2019-02-03,2019020301005443,MNBBL,33,17,500,348.00,"174,000.00"
2019-02-03,2019020301005296,MSMBS,17,39,11,544.00,"5,984.00"
2019-02-03,2019020301005784,NABIL,35,3,62,841.00,"52,142.00"
2019-02-03,2019020301005773,NABIL,35,17,138,841.00,"116,058.00"
2019-02-03,2019020301005772,NABIL,46,17,162,841.00,"136,242.00"
2019-02-03,2019020301005687,NABIL,56,17,77,843.00,"64,911.00"
2019-02-03,2019020301005679,NABIL,56,37,10,843.00,"8,430.00"
2019-02-03,2019020301005678,NABIL,56,17,13,842.00,"10,946.00"
2019-02-03,2019020301005760,NABILP,26,39,400,728.00,"291,200.00"
2019-02-03,2019020301005759,NABILP,41,39,100,728.00,"72,800.00"
2019-02-03,2019020301005758,NABILP,17,39,400,728.00,"291,200.00"
2019-02-03,2019020301005757,NABILP,13,39,50,729.00,"36,450.00"
2019-02-03,2019020301005454,NABILP,32,22,100,735.00,"73,500.00"
2019-02-03,2019020301005563,NADEP,49,34,50,786.00,"39,300.00"
2019-02-03,2019020301005562,NADEP,19,34,10,787.00,"7,870.00"
2019-02-03,2019020301005733,NBB,56,43,88,182.00,"16,016.00"
2019-02-03,2019020301005470,NBB,51,43,500,182.00,"91,000.00"
2019-02-03,2019020301005469,NBB,17,43,100,182.00,"18,200.00"
2019-02-03,2019020301005684,NBBL,42,51,41,718.00,"29,438.00"
2019-02-03,2019020301005761,NBL,38,42,60,290.00,"17,400.00"
2019-02-03,2019020301005650,NBL,38,38,250,290.00,"72,500.00"
2019-02-03,2019020301005649,NBL,10,38,750,290.00,"217,500.00"
2019-02-03,2019020301005580,NBL,10,41,250,290.00,"72,500.00"
2019-02-03,2019020301005579,NBL,47,41,300,290.00,"87,000.00"
2019-02-03,2019020301005578,NBL,57,41,50,290.00,"14,500.00"
2019-02-03,2019020301005298,NBL,47,38,300,290.00,"87,000.00"
2019-02-03,2019020301005348,NBL,8,51,722,290.00,"209,380.00"
2019-02-03,2019020301005347,NBL,8,21,50,290.00,"14,500.00"
2019-02-03,2019020301005346,NBL,8,54,50,290.00,"14,500.00"
2019-02-03,2019020301005345,NBL,8,38,"1,000",290.00,"290,000.00"
2019-02-03,2019020301005344,NBL,8,4,"1,000",290.00,"290,000.00"
2019-02-03,2019020301005343,NBL,8,38,309,290.00,"89,610.00"
2019-02-03,2019020301005776,NCCB,25,34,500,212.00,"106,000.00"
2019-02-03,2019020301005677,NCCB,52,39,500,212.00,"106,000.00"
2019-02-03,2019020301005676,NCCB,52,43,599,212.00,"126,988.00"
2019-02-03,2019020301005293,NCCB,47,43,99,212.00,"20,988.00"
2019-02-03,2019020301005292,NCCB,47,42,201,212.00,"42,612.00"
2019-02-03,2019020301005555,NIB,47,45,37,528.00,"19,536.00"
2019-02-03,2019020301005456,NIB,45,49,480,527.00,"252,960.00"
2019-02-03,2019020301005455,NIB,13,49,20,528.00,"10,560.00"
2019-02-03,2019020301005450,NIB,13,57,30,528.00,"15,840.00"
2019-02-03,2019020301005449,NIB,14,57,29,528.00,"15,312.00"
2019-02-03,2019020301005448,NIB,47,57,50,528.00,"26,400.00"
2019-02-03,2019020301005429,NIB,47,33,200,529.00,"105,800.00"
2019-02-03,2019020301005334,NIB,53,55,67,528.00,"35,376.00"
2019-02-03,2019020301005447,NIB,26,57,123,528.00,"64,944.00"
2019-02-03,2019020301005439,NIB,45,28,23,529.00,"12,167.00"
2019-02-03,2019020301005438,NIB,45,33,14,529.00,"7,406.00"
2019-02-03,2019020301005436,NIB,26,43,77,528.00,"40,656.00"
2019-02-03,2019020301005435,NIB,41,43,100,528.00,"52,800.00"
2019-02-03,2019020301005434,NIB,53,43,923,528.00,"487,344.00"
2019-02-03,2019020301005527,NIBPO,53,43,"1,000",478.00,"478,000.00"
2019-02-03,2019020301005514,NIBPO,53,43,141,478.00,"67,398.00"
2019-02-03,2019020301005513,NIBPO,53,43,395,478.00,"188,810.00"
2019-02-03,2019020301005512,NIBPO,34,43,64,479.00,"30,656.00"
2019-02-03,2019020301005511,NIBPO,34,40,176,479.00,"84,304.00"
2019-02-03,2019020301005458,NIBPO,53,26,605,478.00,"289,190.00"
2019-02-03,2019020301005457,NIBPO,49,26,200,479.00,"95,800.00"
2019-02-03,2019020301005756,NICA,34,4,123,390.00,"47,970.00"
2019-02-03,2019020301005755,NICA,11,4,50,390.00,"19,500.00"
2019-02-03,2019020301005754,NICA,45,4,27,390.00,"10,530.00"
2019-02-03,2019020301005636,NICA,45,6,100,390.00,"39,000.00"
2019-02-03,2019020301005600,NICA,17,38,50,391.00,"19,550.00"
2019-02-03,2019020301005519,NICA,45,4,73,390.00,"28,470.00"
2019-02-03,2019020301005518,NICA,22,4,100,390.00,"39,000.00"
2019-02-03,2019020301005517,NICA,48,4,150,390.00,"58,500.00"
2019-02-03,2019020301005516,NICA,47,4,177,390.00,"69,030.00"
2019-02-03,2019020301005500,NICA,47,49,500,390.00,"195,000.00"
2019-02-03,2019020301005367,NICA,47,41,245,390.00,"95,550.00"
2019-02-03,2019020301005766,NICL,52,25,50,564.00,"28,200.00"
2019-02-03,2019020301005763,NICL,37,6,200,563.00,"112,600.00"
2019-02-03,2019020301005723,NICL,13,25,12,564.00,"6,768.00"
2019-02-03,2019020301005719,NICL,47,25,20,564.00,"11,280.00"
2019-02-03,2019020301005665,NICL,28,25,100,564.00,"56,400.00"
2019-02-03,2019020301005382,NICL,38,52,20,566.00,"11,320.00"
2019-02-03,2019020301005368,NICL,13,5,189,565.00,"106,785.00"
2019-02-03,2019020301005521,NICL,11,28,25,565.00,"14,125.00"
2019-02-03,2019020301005523,NICL,13,28,199,563.00,"112,037.00"
2019-02-03,2019020301005522,NICL,58,28,50,564.00,"28,200.00"
2019-02-03,2019020301005610,NICL,35,25,100,564.00,"56,400.00"
2019-02-03,2019020301005699,NIL,56,37,250,530.00,"132,500.00"
2019-02-03,2019020301005668,NIL,21,37,100,531.00,"53,100.00"
2019-02-03,2019020301005440,NIL,56,5,100,530.00,"53,000.00"
2019-02-03,2019020301005315,NLBBL,28,41,100,468.00,"46,800.00"
2019-02-03,2019020301005694,NLIC,47,26,134,"1,088.00","145,792.00"
2019-02-03,2019020301005661,NLIC,47,47,17,"1,088.00","18,496.00"
2019-02-03,2019020301005625,NLIC,47,25,10,"1,088.00","10,880.00"
2019-02-03,2019020301005622,NLIC,59,44,20,"1,089.00","21,780.00"
2019-02-03,2019020301005538,NLIC,47,6,17,"1,088.00","18,496.00"
2019-02-03,2019020301005520,NLIC,25,44,25,"1,089.00","27,225.00"
2019-02-03,2019020301005462,NLIC,51,44,30,"1,089.00","32,670.00"
2019-02-03,2019020301005325,NLIC,47,42,17,"1,088.00","18,496.00"
2019-02-03,2019020301005299,NLIC,1,42,147,"1,084.00","159,348.00"
2019-02-03,2019020301005746,NMB,21,8,600,316.00,"189,600.00"
2019-02-03,2019020301005701,NMB,13,8,200,316.00,"63,200.00"
2019-02-03,2019020301005441,NMB,16,26,575,315.00,"181,125.00"
2019-02-03,2019020301005421,NMB,16,40,90,315.00,"28,350.00"
2019-02-03,2019020301005391,NMB,34,8,300,316.00,"94,800.00"
2019-02-03,2019020301005288,NMB,7,8,100,316.00,"31,600.00"
2019-02-03,2019020301005486,NMFBS,46,45,48,"1,726.00","82,848.00"
2019-02-03,2019020301005446,NMFBS,46,45,50,"1,730.00","86,500.00"
2019-02-03,2019020301005663,NSEWA,11,25,80,625.00,"50,000.00"
2019-02-03,2019020301005444,NSEWA,11,48,10,625.00,"6,250.00"
2019-02-03,2019020301005765,NTC,43,32,10,714.00,"7,140.00"
2019-02-03,2019020301005377,NUBL,42,33,60,770.00,"46,200.00"
2019-02-03,2019020301005530,OHL,35,50,244,435.00,"106,140.00"
2019-02-03,2019020301005583,PCBL,40,33,50,318.00,"15,900.00"
2019-02-03,2019020301005384,PCBL,47,33,850,318.00,"270,300.00"
2019-02-03,2019020301005623,PFL,57,48,12,132.00,"1,584.00"
2019-02-03,2019020301005407,PIC,1,45,120,"1,033.00","123,960.00"
2019-02-03,2019020301005307,PIC,14,14,1,"1,018.00","1,018.00"
2019-02-03,2019020301005300,PIC,1,39,11,"1,033.00","11,363.00"
2019-02-03,2019020301005297,PIC,29,29,11,"1,038.00","11,418.00"
2019-02-03,2019020301005609,PICL,28,52,60,697.00,"41,820.00"
2019-02-03,2019020301005608,PICL,34,52,60,697.00,"41,820.00"
2019-02-03,2019020301005452,PICL,34,40,40,697.00,"27,880.00"
2019-02-03,2019020301005451,PICL,46,40,60,700.00,"42,000.00"
2019-02-03,2019020301005546,PMHPL,10,25,10,109.00,"1,090.00"
2019-02-03,2019020301005539,PMHPL,10,41,10,108.00,"1,080.00"
2019-02-03,2019020301005460,PMHPL,10,48,10,106.00,"1,060.00"
2019-02-03,2019020301005305,PMHPL,10,39,10,106.00,"1,060.00"
2019-02-03,2019020301005750,PRIN,10,37,164,436.00,"71,504.00"
2019-02-03,2019020301005749,PRIN,37,37,86,436.00,"37,496.00"
2019-02-03,2019020301005648,PRIN,41,41,500,437.00,"218,500.00"
2019-02-03,2019020301005647,PRIN,55,41,54,438.00,"23,652.00"
2019-02-03,2019020301005589,PRIN,55,6,146,438.00,"63,948.00"
2019-02-03,2019020301005385,PRIN,47,51,50,439.00,"21,950.00"
2019-02-03,2019020301005783,PRVU,26,49,100,242.00,"24,200.00"
2019-02-03,2019020301005681,PRVU,26,19,130,242.00,"31,460.00"
2019-02-03,2019020301005680,PRVU,38,19,20,242.00,"4,840.00"
2019-02-03,2019020301005576,PRVU,38,6,200,242.00,"48,400.00"
2019-02-03,2019020301005575,PRVU,38,59,280,242.00,"67,760.00"
2019-02-03,2019020301005468,PRVU,41,59,300,242.00,"72,600.00"
2019-02-03,2019020301005388,PRVU,5,59,120,242.00,"29,040.00"
2019-02-03,2019020301005331,PRVU,47,59,300,242.00,"72,600.00"
2019-02-03,2019020301005510,RADHI,22,33,11,162.00,"1,782.00"
2019-02-03,2019020301005509,RADHI,22,25,11,162.00,"1,782.00"
2019-02-03,2019020301005508,RADHI,22,25,11,162.00,"1,782.00"
2019-02-03,2019020301005507,RADHI,22,25,11,162.00,"1,782.00"
2019-02-03,2019020301005506,RADHI,22,25,11,162.00,"1,782.00"
2019-02-03,2019020301005505,RADHI,22,25,11,162.00,"1,782.00"
2019-02-03,2019020301005504,RADHI,22,33,11,162.00,"1,782.00"
2019-02-03,2019020301005503,RADHI,22,25,11,161.00,"1,771.00"
2019-02-03,2019020301005554,RHPC,48,39,1,96.00,96.00
2019-02-03,2019020301005502,RHPC,34,34,2,95.00,190.00
2019-02-03,2019020301005496,RHPC,34,34,2,95.00,190.00
2019-02-03,2019020301005491,RHPC,34,34,2,95.00,190.00
2019-02-03,2019020301005601,RMDC,56,43,338,545.00,"184,210.00"
2019-02-03,2019020301005475,RMDC,56,6,13,545.00,"7,085.00"
2019-02-03,2019020301005320,RMDC,56,32,52,545.00,"28,340.00"
2019-02-03,2019020301005319,RMDC,56,43,300,545.00,"163,500.00"
2019-02-03,2019020301005306,RMDC,45,42,40,544.00,"21,760.00"
2019-02-03,2019020301005638,RSDC,51,6,113,385.00,"43,505.00"
2019-02-03,2019020301005637,RSDC,51,58,57,385.00,"21,945.00"
2019-02-03,2019020301005618,SADBL,6,52,100,139.00,"13,900.00"
2019-02-03,2019020301005729,SANIMA,34,50,400,300.00,"120,000.00"
2019-02-03,2019020301005720,SANIMA,38,39,13,299.00,"3,887.00"
2019-02-03,2019020301005690,SANIMA,34,46,48,300.00,"14,400.00"
2019-02-03,2019020301005574,SANIMA,34,59,"1,000",300.00,"300,000.00"
2019-02-03,2019020301005487,SANIMA,34,40,250,300.00,"75,000.00"
2019-02-03,2019020301005430,SANIMA,45,45,193,300.00,"57,900.00"
2019-02-03,2019020301005311,SANIMA,38,38,983,300.00,"294,900.00"
2019-02-03,2019020301005310,SANIMA,38,59,261,300.00,"78,300.00"
2019-02-03,2019020301005777,SBI,54,42,12,379.00,"4,548.00"
2019-02-03,2019020301005655,SBI,54,40,18,379.00,"6,822.00"
2019-02-03,2019020301005654,SBI,49,40,72,379.00,"27,288.00"
2019-02-03,2019020301005364,SBI,49,45,28,379.00,"10,612.00"
2019-02-03,2019020301005363,SBI,26,45,50,379.00,"18,950.00"
2019-02-03,2019020301005362,SBI,40,45,22,379.00,"8,338.00"
2019-02-03,2019020301005355,SBI,40,56,78,379.00,"29,562.00"
2019-02-03,2019020301005635,SBL,28,40,35,283.00,"9,905.00"
2019-02-03,2019020301005634,SBL,11,40,50,283.00,"14,150.00"
2019-02-03,2019020301005633,SBL,22,40,200,283.00,"56,600.00"
2019-02-03,2019020301005632,SBL,53,40,15,283.00,"4,245.00"
2019-02-03,2019020301005466,SBL,53,5,100,283.00,"28,300.00"
2019-02-03,2019020301005465,SBL,53,26,885,283.00,"250,455.00"
2019-02-03,2019020301005464,SBL,49,26,158,283.00,"44,714.00"
2019-02-03,2019020301005398,SBL,7,46,800,284.00,"227,200.00"
2019-02-03,2019020301005631,SCB,17,52,77,564.00,"43,428.00"
2019-02-03,2019020301005630,SCB,17,52,323,564.00,"182,172.00"
2019-02-03,2019020301005607,SCB,17,13,600,565.00,"339,000.00"
2019-02-03,2019020301005354,SCB,17,22,307,564.00,"173,148.00"
2019-02-03,2019020301005336,SCB,29,29,20,565.00,"11,300.00"
2019-02-03,2019020301005381,SDESI,45,52,12,620.00,"7,440.00"
2019-02-03,2019020301005309,SDESI,35,34,100,625.00,"62,500.00"
2019-02-03,2019020301005329,SHINE,26,26,90,247.00,"22,230.00"
2019-02-03,2019020301005675,SHINE,34,28,"1,000",245.00,"245,000.00"
2019-02-03,2019020301005674,SHINE,38,28,300,246.00,"73,800.00"
2019-02-03,2019020301005673,SHINE,16,28,100,246.00,"24,600.00"
2019-02-03,2019020301005672,SHINE,26,28,70,247.00,"17,290.00"
2019-02-03,2019020301005433,SHL,58,54,100,202.00,"20,200.00"
2019-02-03,2019020301005617,SHPC,17,43,38,227.00,"8,626.00"
2019-02-03,2019020301005616,SHPC,14,43,91,227.00,"20,657.00"
2019-02-03,2019020301005657,SICL,42,45,148,915.00,"135,420.00"
2019-02-03,2019020301005614,SICL,34,58,"2,000",913.00,"1,826,000.00"
2019-02-03,2019020301005604,SICL,45,45,20,915.00,"18,300.00"
2019-02-03,2019020301005588,SICL,34,45,50,915.00,"45,750.00"
2019-02-03,2019020301005537,SICL,34,47,410,913.00,"374,330.00"
2019-02-03,2019020301005359,SICL,34,42,50,913.00,"45,650.00"
2019-02-03,2019020301005532,SICL,53,45,314,915.00,"287,310.00"
2019-02-03,2019020301005531,SICL,53,25,186,915.00,"170,190.00"
2019-02-03,2019020301005481,SICL,34,5,40,913.00,"36,520.00"
2019-02-03,2019020301005389,SICL,38,25,10,915.00,"9,150.00"
2019-02-03,2019020301005785,SIL,22,34,10,635.00,"6,350.00"
2019-02-03,2019020301005352,SIL,6,57,500,630.00,"315,000.00"
2019-02-03,2019020301005351,SIL,6,34,33,630.00,"20,790.00"
2019-02-03,2019020301005712,SKBBL,14,33,500,870.00,"435,000.00"
2019-02-03,2019020301005603,SKBBL,53,59,100,868.00,"86,800.00"
2019-02-03,2019020301005556,SKBBL,53,21,100,868.00,"86,800.00"
2019-02-03,2019020301005567,SLBBL,47,25,100,516.00,"51,600.00"
2019-02-03,2019020301005566,SLBBL,59,25,10,516.00,"5,160.00"
2019-02-03,2019020301005565,SLBBL,40,25,100,517.00,"51,700.00"
2019-02-03,2019020301005478,SLBS,45,45,8,990.00,"7,920.00"
2019-02-03,2019020301005669,SLICL,22,6,378,543.00,"205,254.00"
2019-02-03,2019020301005652,SLICL,38,6,17,542.00,"9,214.00"
2019-02-03,2019020301005651,SLICL,22,6,183,543.00,"99,369.00"
2019-02-03,2019020301005412,SLICL,22,34,200,548.00,"109,600.00"
2019-02-03,2019020301005387,SLICL,38,25,100,543.00,"54,300.00"
2019-02-03,2019020301005386,SLICL,48,25,150,543.00,"81,450.00"
2019-02-03,2019020301005474,SLICL,22,22,500,548.00,"274,000.00"
2019-02-03,2019020301005473,SLICL,22,25,66,548.00,"36,168.00"
2019-02-03,2019020301005656,SMATA,28,42,107,"1,288.00","137,816.00"
2019-02-03,2019020301005645,SMATA,28,46,40,"1,280.00","51,200.00"
2019-02-03,2019020301005569,SMB,49,21,40,730.00,"29,200.00"
2019-02-03,2019020301005599,SMFDB,53,51,141,701.00,"98,841.00"
2019-02-03,2019020301005584,SMFDB,53,55,300,701.00,"210,300.00"
2019-02-03,2019020301005322,SMFDB,53,57,10,701.00,"7,010.00"
2019-02-03,2019020301005321,SMFDB,39,57,10,705.00,"7,050.00"
2019-02-03,2019020301005767,SRBL,51,17,200,211.00,"42,200.00"
2019-02-03,2019020301005686,SRBL,21,17,60,211.00,"12,660.00"
2019-02-03,2019020301005495,SRBL,49,17,10,211.00,"2,110.00"
2019-02-03,2019020301005545,SWBBL,22,40,130,844.00,"109,720.00"
2019-02-03,2019020301005544,SWBBL,4,40,150,845.00,"126,750.00"
2019-02-03,2019020301005432,SWBBL,4,26,300,845.00,"253,500.00"
2019-02-03,2019020301005428,SWBBL,4,40,50,845.00,"42,250.00"
2019-02-03,2019020301005461,UFL,45,45,115,159.00,"18,285.00"
2019-02-03,2019020301005399,UFL,28,4,42,158.00,"6,636.00"
2019-02-03,2019020301005330,UFL,28,44,500,160.00,"80,000.00"
2019-02-03,2019020301005748,UPPER,28,14,40,253.00,"10,120.00"
2019-02-03,2019020301005739,UPPER,28,14,40,253.00,"10,120.00"
2019-02-03,2019020301005735,UPPER,28,43,50,253.00,"12,650.00"
2019-02-03,2019020301005731,UPPER,28,14,40,253.00,"10,120.00"
2019-02-03,2019020301005722,UPPER,45,11,20,254.00,"5,080.00"
2019-02-03,2019020301005721,UPPER,28,14,40,253.00,"10,120.00"
2019-02-03,2019020301005289,UPPER,20,37,40,252.00,"10,080.00"
2019-02-03,2019020301005318,UPPER,20,37,40,252.00,"10,080.00"
2019-02-03,2019020301005313,UPPER,20,40,253,252.00,"63,756.00"
2019-02-03,2019020301005308,UPPER,20,37,40,252.00,"10,080.00"
2019-02-03,2019020301005295,UPPER,20,37,50,252.00,"12,600.00"
2019-02-03,2019020301005294,UPPER,20,21,50,252.00,"12,600.00"
2019-02-03,2019020301005357,UPPER,19,34,50,253.00,"12,650.00"
2019-02-03,2019020301005356,UPPER,19,34,40,253.00,"10,120.00"
2019-02-03,2019020301005340,UPPER,20,42,50,252.00,"12,600.00"
2019-02-03,2019020301005332,UPPER,20,37,40,252.00,"10,080.00"
2019-02-03,2019020301005327,UPPER,20,25,40,252.00,"10,080.00"
2019-02-03,2019020301005323,UPPER,20,21,50,252.00,"12,600.00"
2019-02-03,2019020301005372,UPPER,20,47,40,252.00,"10,080.00"
2019-02-03,2019020301005369,UPPER,20,37,40,252.00,"10,080.00"
2019-02-03,2019020301005365,UPPER,20,14,50,252.00,"12,600.00"
2019-02-03,2019020301005361,UPPER,20,47,40,252.00,"10,080.00"
2019-02-03,2019020301005360,UPPER,20,37,40,252.00,"10,080.00"
2019-02-03,2019020301005358,UPPER,19,34,10,253.00,"2,530.00"
2019-02-03,2019020301005413,UPPER,28,34,30,253.00,"7,590.00"
2019-02-03,2019020301005408,UPPER,20,21,50,252.00,"12,600.00"
2019-02-03,2019020301005404,UPPER,20,49,40,252.00,"10,080.00"
2019-02-03,2019020301005401,UPPER,20,37,50,252.00,"12,600.00"
2019-02-03,2019020301005396,UPPER,20,49,50,252.00,"12,600.00"
2019-02-03,2019020301005380,UPPER,20,8,40,252.00,"10,080.00"
2019-02-03,2019020301005420,UPPER,28,37,40,253.00,"10,120.00"
2019-02-03,2019020301005418,UPPER,28,37,40,253.00,"10,120.00"
2019-02-03,2019020301005417,UPPER,28,32,40,253.00,"10,120.00"
2019-02-03,2019020301005416,UPPER,28,51,50,253.00,"12,650.00"
2019-02-03,2019020301005415,UPPER,28,37,40,253.00,"10,120.00"
2019-02-03,2019020301005414,UPPER,28,44,955,253.00,"241,615.00"
2019-02-03,2019020301005467,UPPER,28,57,40,253.00,"10,120.00"
2019-02-03,2019020301005459,UPPER,28,37,40,253.00,"10,120.00"
2019-02-03,2019020301005453,UPPER,28,21,50,253.00,"12,650.00"
2019-02-03,2019020301005426,UPPER,28,8,40,253.00,"10,120.00"
2019-02-03,2019020301005422,UPPER,28,44,300,253.00,"75,900.00"
2019-02-03,2019020301005488,UPPER,28,57,40,253.00,"10,120.00"
2019-02-03,2019020301005485,UPPER,28,37,50,253.00,"12,650.00"
2019-02-03,2019020301005483,UPPER,28,49,269,253.00,"68,057.00"
2019-02-03,2019020301005482,UPPER,22,11,20,254.00,"5,080.00"
2019-02-03,2019020301005476,UPPER,28,57,50,253.00,"12,650.00"
2019-02-03,2019020301005471,UPPER,28,48,40,253.00,"10,120.00"
2019-02-03,2019020301005529,UPPER,28,26,10,253.00,"2,530.00"
2019-02-03,2019020301005526,UPPER,28,21,50,253.00,"12,650.00"
2019-02-03,2019020301005524,UPPER,28,52,293,253.00,"74,129.00"
2019-02-03,2019020301005501,UPPER,28,37,40,253.00,"10,120.00"
2019-02-03,2019020301005489,UPPER,28,21,50,253.00,"12,650.00"
2019-02-03,2019020301005557,UPPER,28,56,50,253.00,"12,650.00"
2019-02-03,2019020301005591,UPPER,28,21,40,253.00,"10,120.00"
2019-02-03,2019020301005573,UPPER,28,21,40,253.00,"10,120.00"
2019-02-03,2019020301005568,UPPER,28,45,30,253.00,"7,590.00"
2019-02-03,2019020301005640,UPPER,52,11,38,254.00,"9,652.00"
2019-02-03,2019020301005639,UPPER,52,11,12,254.00,"3,048.00"
2019-02-03,2019020301005621,UPPER,28,42,40,253.00,"10,120.00"
2019-02-03,2019020301005619,UPPER,28,21,50,253.00,"12,650.00"
2019-02-03,2019020301005611,UPPER,28,21,40,253.00,"10,120.00"
2019-02-03,2019020301005700,UPPER,28,45,40,253.00,"10,120.00"
2019-02-03,2019020301005696,UPPER,28,45,40,253.00,"10,120.00"
2019-02-03,2019020301005692,UPPER,28,49,40,253.00,"10,120.00"
2019-02-03,2019020301005685,UPPER,28,48,50,253.00,"12,650.00"
2019-02-03,2019020301005683,UPPER,28,14,10,253.00,"2,530.00"
2019-02-03,2019020301005682,UPPER,45,14,40,254.00,"10,160.00"
2019-02-03,2019020301005713,UPPER,28,45,40,253.00,"10,120.00"
2019-02-03,2019020301005711,UPPER,28,14,40,253.00,"10,120.00"
2019-02-03,2019020301005708,UPPER,28,8,50,253.00,"12,650.00"
2019-02-03,2019020301005703,UPPER,28,44,300,253.00,"75,900.00"
2019-02-03,2019020301005702,UPPER,28,14,40,253.00,"10,120.00"
2019-02-03,2019020301005738,WOMI,43,55,50,"1,145.00","57,250.00"
2019-02-03,2019020301005710,WOMI,19,55,12,"1,145.00","13,740.00"
2019-02-03,2019020301005709,WOMI,50,55,50,"1,146.00","57,300.00"
2019-02-03,2019020301005664,WOMI,19,28,100,"1,146.00","114,600.00"
2019-02-03,2019020301005403,WOMI,19,35,20,"1,145.00","22,900.00"
2019-02-03,2019020301005400,WOMI,19,53,23,"1,145.00","26,335.00"
2019-02-03,2019020301005168,AHPC,46,52,160,101.00,"16,160.00"
2019-02-03,2019020301005003,AHPC,34,44,413,100.00,"41,300.00"
2019-02-03,2019020301005002,AHPC,25,44,937,100.00,"93,700.00"
2019-02-03,2019020301004861,AHPC,11,56,100,102.00,"10,200.00"
2019-02-03,2019020301005270,AKJCL,11,39,10,85.00,850.00
2019-02-03,2019020301004951,ALICL,39,29,48,606.00,"29,088.00"
2019-02-03,2019020301004950,ALICL,45,29,20,607.00,"12,140.00"
2019-02-03,2019020301004949,ALICL,54,29,32,609.00,"19,488.00"
2019-02-03,2019020301005244,API,4,52,500,140.00,"70,000.00"
2019-02-03,2019020301005243,API,4,26,790,139.00,"109,810.00"
2019-02-03,2019020301005129,API,29,26,18,139.00,"2,502.00"
2019-02-03,2019020301005107,API,36,29,18,138.00,"2,484.00"
2019-02-03,2019020301005000,API,58,26,50,139.00,"6,950.00"
2019-02-03,2019020301004808,BARUN,7,52,252,101.00,"25,452.00"
2019-02-03,2019020301004807,BARUN,25,52,200,101.00,"20,200.00"
2019-02-03,2019020301004806,BARUN,43,52,80,101.00,"8,080.00"
2019-02-03,2019020301004805,BARUN,45,52,30,102.00,"3,060.00"
2019-02-03,2019020301005217,BOKL,45,38,18,247.00,"4,446.00"
2019-02-03,2019020301005216,BOKL,11,38,50,248.00,"12,400.00"
2019-02-03,2019020301005215,BOKL,42,38,100,248.00,"24,800.00"
2019-02-03,2019020301005214,BOKL,54,38,105,248.00,"26,040.00"
2019-02-03,2019020301005213,BOKL,36,38,38,248.00,"9,424.00"
2019-02-03,2019020301005132,BOKL,43,34,200,249.00,"49,800.00"
2019-02-03,2019020301005275,BPCL,47,39,20,356.00,"7,120.00"
2019-02-03,2019020301004934,CBBL,40,58,50,880.00,"44,000.00"
2019-02-03,2019020301005197,CBL,45,36,119,157.00,"18,683.00"
2019-02-03,2019020301005196,CBL,1,36,856,157.00,"134,392.00"
2019-02-03,2019020301004981,CBL,1,16,12,157.00,"1,884.00"
2019-02-03,2019020301004943,CBL,1,16,132,157.00,"20,724.00"
2019-02-03,2019020301004942,CBL,37,16,"1,000",157.00,"157,000.00"
2019-02-03,2019020301004941,CBL,42,16,"1,461",157.00,"229,377.00"
2019-02-03,2019020301004828,CBL,45,52,250,158.00,"39,500.00"
2019-02-03,2019020301005224,CCBL,51,29,534,167.00,"89,178.00"
2019-02-03,2019020301005223,CCBL,42,29,30,167.00,"5,010.00"
2019-02-03,2019020301005222,CCBL,11,29,153,167.00,"25,551.00"
2019-02-03,2019020301005207,CCBL,5,43,102,168.00,"17,136.00"
2019-02-03,2019020301005206,CCBL,5,25,48,168.00,"8,064.00"
2019-02-03,2019020301005062,CCBL,11,29,51,167.00,"8,517.00"
2019-02-03,2019020301005026,CCBL,45,25,120,168.00,"20,160.00"
2019-02-03,2019020301004986,CFCL,1,16,12,109.00,"1,308.00"
2019-02-03,2019020301004856,CFCL,11,26,100,110.00,"11,000.00"
2019-02-03,2019020301004913,CHCL,11,28,50,518.00,"25,900.00"
2019-02-03,2019020301004912,CHCL,55,28,100,519.00,"51,900.00"
2019-02-03,2019020301004911,CHCL,42,28,100,519.00,"51,900.00"
2019-02-03,2019020301005028,CHL,11,52,100,98.00,"9,800.00"
2019-02-03,2019020301005106,CIT,22,40,42,"2,740.00","115,080.00"
2019-02-03,2019020301004916,CIT,22,37,30,"2,741.00","82,230.00"
2019-02-03,2019020301004907,CIT,4,34,100,"2,740.00","274,000.00"
2019-02-03,2019020301004898,CIT,4,34,98,"2,740.00","268,520.00"
2019-02-03,2019020301004897,CIT,4,1,82,"2,735.00","224,270.00"
2019-02-03,2019020301004896,CIT,4,34,100,"2,735.00","273,500.00"
2019-02-03,2019020301004895,CIT,4,21,150,"2,733.00","409,950.00"
2019-02-03,2019020301004894,CIT,4,11,70,"2,730.00","191,100.00"
2019-02-03,2019020301005201,CZBIL,26,59,100,207.00,"20,700.00"
2019-02-03,2019020301005032,CZBIL,21,59,400,207.00,"82,800.00"
2019-02-03,2019020301005031,CZBIL,40,59,40,207.00,"8,280.00"
2019-02-03,2019020301005030,CZBIL,57,59,489,207.00,"101,223.00"
2019-02-03,2019020301005059,DBBL,43,59,192,124.00,"23,808.00"
2019-02-03,2019020301005058,DBBL,59,59,300,124.00,"37,200.00"
2019-02-03,2019020301005057,DBBL,10,59,650,125.00,"81,250.00"
2019-02-03,2019020301005056,DBBL,44,59,200,125.00,"25,000.00"
2019-02-03,2019020301005055,DBBL,21,59,373,125.00,"46,625.00"
2019-02-03,2019020301005183,DDBL,44,35,135,580.00,"78,300.00"
2019-02-03,2019020301005014,DDBL,41,35,40,580.00,"23,200.00"
2019-02-03,2019020301005013,DDBL,11,35,10,581.00,"5,810.00"
2019-02-03,2019020301005195,EBL,28,51,100,522.00,"52,200.00"
2019-02-03,2019020301004824,EBL,32,10,10,522.00,"5,220.00"
2019-02-03,2019020301004823,EBL,25,16,50,523.00,"26,150.00"
2019-02-03,2019020301005008,EBL,6,14,53,521.00,"27,613.00"
2019-02-03,2019020301005007,EBL,52,14,100,521.00,"52,100.00"
2019-02-03,2019020301005006,EBL,43,14,60,522.00,"31,320.00"
2019-02-03,2019020301004945,EBL,43,14,100,522.00,"52,200.00"
2019-02-03,2019020301004825,EBL,43,10,40,522.00,"20,880.00"
2019-02-03,2019020301004972,FMDBL,39,1,50,377.00,"18,850.00"
2019-02-03,2019020301004970,FOWAD,11,10,11,"1,585.00","17,435.00"
2019-02-03,2019020301004969,FOWAD,47,10,19,"1,586.00","30,134.00"
2019-02-03,2019020301004948,FOWAD,47,57,81,"1,586.00","128,466.00"
2019-02-03,2019020301004947,FOWAD,16,57,410,"1,586.00","650,260.00"
2019-02-03,2019020301005191,GBBL,37,49,60,185.00,"11,100.00"
2019-02-03,2019020301005185,GBBL,37,49,60,185.00,"11,100.00"
2019-02-03,2019020301005158,GBBL,29,49,173,185.00,"32,005.00"
2019-02-03,2019020301005148,GBBL,42,29,80,184.00,"14,720.00"
2019-02-03,2019020301005147,GBBL,19,29,84,184.00,"15,456.00"
2019-02-03,2019020301004786,GBBL,19,38,16,184.00,"2,944.00"
2019-02-03,2019020301004992,GBIME,39,16,259,265.00,"68,635.00"
2019-02-03,2019020301005121,GBLBS,13,21,10,442.00,"4,420.00"
2019-02-03,2019020301004887,GBLBS,4,16,230,444.00,"102,120.00"
2019-02-03,2019020301004886,GBLBS,4,28,100,444.00,"44,400.00"
2019-02-03,2019020301004885,GBLBS,4,42,30,444.00,"13,320.00"
2019-02-03,2019020301004884,GBLBS,4,25,10,444.00,"4,440.00"
2019-02-03,2019020301004883,GBLBS,4,16,100,443.00,"44,300.00"
2019-02-03,2019020301004834,GBLBS,42,55,160,439.00,"70,240.00"
2019-02-03,2019020301004833,GBLBS,5,55,50,440.00,"22,000.00"
2019-02-03,2019020301004832,GBLBS,50,55,50,440.00,"22,000.00"
2019-02-03,2019020301004795,GBLBS,50,38,50,440.00,"22,000.00"
2019-02-03,2019020301004794,GBLBS,5,38,50,440.00,"22,000.00"
2019-02-03,2019020301004882,GBLBS,4,21,100,443.00,"44,300.00"
2019-02-03,2019020301004881,GBLBS,4,43,60,442.00,"26,520.00"
2019-02-03,2019020301004880,GBLBS,4,47,10,441.00,"4,410.00"
2019-02-03,2019020301004837,GBLBS,28,55,22,438.00,"9,636.00"
2019-02-03,2019020301004836,GBLBS,5,55,100,438.00,"43,800.00"
2019-02-03,2019020301004835,GBLBS,5,55,50,439.00,"21,950.00"
2019-02-03,2019020301005263,GLICL,43,5,43,706.00,"30,358.00"
2019-02-03,2019020301005262,GLICL,53,5,27,706.00,"19,062.00"
2019-02-03,2019020301004984,GLICL,53,5,285,706.00,"201,210.00"
2019-02-03,2019020301004810,HBL,1,25,85,443.00,"37,655.00"
2019-02-03,2019020301004809,HBL,57,25,10,443.00,"4,430.00"
2019-02-03,2019020301005020,HGI,29,28,65,391.00,"25,415.00"
2019-02-03,2019020301005019,HGI,42,28,35,391.00,"13,685.00"
2019-02-03,2019020301005010,HGI,32,28,100,392.00,"39,200.00"
2019-02-03,2019020301005192,HIDCL,53,44,100,140.00,"14,000.00"
2019-02-03,2019020301005190,HIDCL,10,48,200,139.00,"27,800.00"
2019-02-03,2019020301005182,HIDCL,29,44,17,140.00,"2,380.00"
2019-02-03,2019020301005169,HIDCL,10,29,17,139.00,"2,363.00"
2019-02-03,2019020301005136,HIDCL,53,44,500,140.00,"70,000.00"
2019-02-03,2019020301005105,HIDCL,5,44,100,140.00,"14,000.00"
2019-02-03,2019020301004812,HIDCL,51,45,200,140.00,"28,000.00"
2019-02-03,2019020301004811,HIDCL,51,44,500,140.00,"70,000.00"
2019-02-03,2019020301004909,ICFC,49,47,139,150.00,"20,850.00"
2019-02-03,2019020301004866,ICFC,49,52,12,150.00,"1,800.00"
2019-02-03,2019020301004858,IGI,49,14,51,435.00,"22,185.00"
2019-02-03,2019020301005189,JBNL,14,8,30,164.00,"4,920.00"
2019-02-03,2019020301004891,JBNL,4,16,205,163.00,"33,415.00"
2019-02-03,2019020301004890,JBNL,26,16,350,163.00,"57,050.00"
2019-02-03,2019020301004889,JBNL,45,16,175,163.00,"28,525.00"
2019-02-03,2019020301004888,JBNL,48,16,67,164.00,"10,988.00"
2019-02-03,2019020301004854,JBNL,48,22,233,164.00,"38,212.00"
2019-02-03,2019020301004797,JBNL,45,28,456,163.00,"74,328.00"
2019-02-03,2019020301005269,JFL,8,43,200,167.00,"33,400.00"
2019-02-03,2019020301005268,JFL,17,43,50,167.00,"8,350.00"
2019-02-03,2019020301004865,KADBL,59,32,500,162.00,"81,000.00"
2019-02-03,2019020301005250,KBL,38,38,911,243.00,"221,373.00"
2019-02-03,2019020301005249,KBL,13,38,498,243.00,"121,014.00"
2019-02-03,2019020301005053,KBL,13,54,12,243.00,"2,916.00"
2019-02-03,2019020301004933,KBL,13,42,200,245.00,"49,000.00"
2019-02-03,2019020301004932,KBL,13,35,250,245.00,"61,250.00"
2019-02-03,2019020301004931,KBL,13,52,661,244.00,"161,284.00"
2019-02-03,2019020301004930,KBL,13,22,41,244.00,"10,004.00"
2019-02-03,2019020301004929,KBL,13,28,426,244.00,"103,944.00"
2019-02-03,2019020301004803,KBL,13,17,60,243.00,"14,580.00"
2019-02-03,2019020301004802,KBL,13,17,473,243.00,"114,939.00"
2019-02-03,2019020301004801,KBL,13,22,178,243.00,"43,254.00"
2019-02-03,2019020301004800,KBL,13,48,209,243.00,"50,787.00"
2019-02-03,2019020301004963,KPCL,11,34,10,95.00,950.00
2019-02-03,2019020301004962,KPCL,11,34,10,95.00,950.00
2019-02-03,2019020301004864,KPCL,47,33,10,94.00,940.00
2019-02-03,2019020301004966,KPCL,11,22,10,95.00,950.00
2019-02-03,2019020301004965,KPCL,11,34,10,95.00,950.00
2019-02-03,2019020301004964,KPCL,11,34,10,95.00,950.00
2019-02-03,2019020301005159,KPCL,11,33,10,95.00,950.00
2019-02-03,2019020301005198,KRBL,29,29,61,98.00,"5,978.00"
2019-02-03,2019020301004798,LBBL,33,50,201,173.00,"34,773.00"
2019-02-03,2019020301005280,LBL,49,38,"1,159",197.00,"228,323.00"
2019-02-03,2019020301005279,LBL,52,38,100,198.00,"19,800.00"
2019-02-03,2019020301005278,LBL,46,38,42,198.00,"8,316.00"
2019-02-03,2019020301005179,LBL,11,34,100,199.00,"19,900.00"
2019-02-03,2019020301005040,LBL,46,16,12,198.00,"2,376.00"
2019-02-03,2019020301004918,LBL,46,13,46,198.00,"9,108.00"
2019-02-03,2019020301004917,LBL,46,17,100,198.00,"19,800.00"
2019-02-03,2019020301005042,LGIL,46,18,115,524.00,"60,260.00"
2019-02-03,2019020301005038,LGIL,22,56,200,525.00,"105,000.00"
2019-02-03,2019020301005021,LGIL,44,44,700,527.00,"368,900.00"
2019-02-03,2019020301005257,LICN,28,28,90,"1,702.00","153,180.00"
2019-02-03,2019020301005256,LICN,59,28,20,"1,706.00","34,120.00"
2019-02-03,2019020301005255,LICN,1,28,90,"1,706.00","153,540.00"
2019-02-03,2019020301005231,MBL,54,51,42,209.00,"8,778.00"
2019-02-03,2019020301005230,MBL,42,51,500,209.00,"104,500.00"
2019-02-03,2019020301005229,MBL,38,51,500,209.00,"104,500.00"
2019-02-03,2019020301005228,MBL,19,51,458,209.00,"95,722.00"
2019-02-03,2019020301004993,MBL,34,35,257,210.00,"53,970.00"
2019-02-03,2019020301004958,MBL,19,59,300,209.00,"62,700.00"
2019-02-03,2019020301004928,MBL,10,35,243,210.00,"51,030.00"
2019-02-03,2019020301004839,MBL,10,57,757,210.00,"158,970.00"
2019-02-03,2019020301004838,MBL,34,57,73,210.00,"15,330.00"
2019-02-03,2019020301005282,MEGA,36,22,120,162.00,"19,440.00"
2019-02-03,2019020301005281,MEGA,1,22,30,162.00,"4,860.00"
2019-02-03,2019020301005271,MEGA,45,45,500,163.00,"81,500.00"
2019-02-03,2019020301005133,MEGA,36,45,200,163.00,"32,600.00"
2019-02-03,2019020301005120,MEGA,1,43,170,162.00,"27,540.00"
2019-02-03,2019020301005119,MEGA,48,43,442,162.00,"71,604.00"
2019-02-03,2019020301004868,MEGA,55,16,200,163.00,"32,600.00"
2019-02-03,2019020301005017,MEGA,43,43,408,162.00,"66,096.00"
2019-02-03,2019020301005016,MEGA,41,43,204,162.00,"33,048.00"
2019-02-03,2019020301004994,MEGA,25,45,150,163.00,"24,450.00"
2019-02-03,2019020301004987,MEGA,26,45,100,163.00,"16,300.00"
2019-02-03,2019020301004974,MEGA,37,34,31,163.00,"5,053.00"
2019-02-03,2019020301004973,MEGA,37,16,66,163.00,"10,758.00"
2019-02-03,2019020301005047,MEGA,48,43,58,162.00,"9,396.00"
2019-02-03,2019020301005046,MEGA,57,43,250,162.00,"40,500.00"
2019-02-03,2019020301005045,MEGA,57,43,100,162.00,"16,200.00"
2019-02-03,2019020301005044,MEGA,55,43,500,162.00,"81,000.00"
2019-02-03,2019020301005043,MEGA,43,43,92,162.00,"14,904.00"
2019-02-03,2019020301005037,MEGA,51,45,10,163.00,"1,630.00"
2019-02-03,2019020301005258,MERO,29,51,16,"1,135.00","18,160.00"
2019-02-03,2019020301005247,MERO,43,29,16,"1,134.00","18,144.00"
2019-02-03,2019020301005134,MERO,54,51,20,"1,135.00","22,700.00"
2019-02-03,2019020301005051,MERO,43,32,12,"1,134.00","13,608.00"
2019-02-03,2019020301004999,MERO,43,58,120,"1,134.00","136,080.00"
2019-02-03,2019020301004818,MERO,29,29,16,"1,138.00","18,208.00"
2019-02-03,2019020301004983,MERO,32,51,50,"1,135.00","56,750.00"
2019-02-03,2019020301004982,MERO,7,51,490,"1,135.00","556,150.00"
2019-02-03,2019020301004893,MERO,40,56,90,"1,139.00","102,510.00"
2019-02-03,2019020301004892,MERO,40,44,10,"1,138.00","11,380.00"
2019-02-03,2019020301004843,MERO,7,44,10,"1,135.00","11,350.00"
2019-02-03,2019020301004996,MNBBL,17,17,30,348.00,"10,440.00"
2019-02-03,2019020301004859,MNBBL,17,45,640,347.00,"222,080.00"
2019-02-03,2019020301005022,MSLB,57,58,15,"1,510.00","22,650.00"
2019-02-03,2019020301005261,NABIL,46,17,88,840.00,"73,920.00"
2019-02-03,2019020301005260,NABIL,22,17,100,840.00,"84,000.00"
2019-02-03,2019020301005259,NABIL,32,17,125,841.00,"105,125.00"
2019-02-03,2019020301005246,NABIL,32,22,30,841.00,"25,230.00"
2019-02-03,2019020301005245,NABIL,32,45,15,841.00,"12,615.00"
2019-02-03,2019020301005193,NABIL,28,45,50,841.00,"42,050.00"
2019-02-03,2019020301005238,NABILP,17,11,100,732.00,"73,200.00"
2019-02-03,2019020301005237,NABILP,17,6,338,732.00,"247,416.00"
2019-02-03,2019020301005236,NABILP,17,6,520,731.00,"380,120.00"
2019-02-03,2019020301005235,NABILP,17,22,73,731.00,"53,363.00"
2019-02-03,2019020301005234,NABILP,17,37,100,730.00,"73,000.00"
2019-02-03,2019020301004997,NABILP,17,28,100,728.00,"72,800.00"
2019-02-03,2019020301005174,NADEP,28,41,10,790.00,"7,900.00"
2019-02-03,2019020301005173,NADEP,28,17,10,790.00,"7,900.00"
2019-02-03,2019020301005172,NADEP,28,26,10,790.00,"7,900.00"
2019-02-03,2019020301005171,NADEP,28,13,10,789.00,"7,890.00"
2019-02-03,2019020301005170,NADEP,28,22,10,789.00,"7,890.00"
2019-02-03,2019020301005221,NBB,41,58,494,182.00,"89,908.00"
2019-02-03,2019020301005004,NBB,34,58,188,182.00,"34,216.00"
2019-02-03,2019020301004985,NBB,10,59,200,181.00,"36,200.00"
2019-02-03,2019020301004977,NBB,10,16,49,181.00,"8,869.00"
2019-02-03,2019020301004976,NBB,25,16,200,181.00,"36,200.00"
2019-02-03,2019020301004975,NBB,41,16,375,181.00,"67,875.00"
2019-02-03,2019020301004946,NBB,54,58,18,182.00,"3,276.00"
2019-02-03,2019020301004849,NBB,54,44,82,182.00,"14,924.00"
2019-02-03,2019020301004848,NBB,42,44,200,182.00,"36,400.00"
2019-02-03,2019020301004847,NBB,48,44,200,182.00,"36,400.00"
2019-02-03,2019020301004846,NBB,42,44,50,182.00,"9,100.00"
2019-02-03,2019020301004845,NBB,40,44,98,182.00,"17,836.00"
2019-02-03,2019020301004957,NBB,41,16,125,181.00,"22,625.00"
2019-02-03,2019020301004956,NBB,43,16,250,181.00,"45,250.00"
2019-02-03,2019020301004955,NBB,42,16,300,181.00,"54,300.00"
2019-02-03,2019020301004954,NBB,42,16,100,181.00,"18,100.00"
2019-02-03,2019020301004953,NBB,45,16,100,181.00,"18,100.00"
2019-02-03,2019020301004952,NBB,17,16,105,181.00,"19,005.00"
2019-02-03,2019020301005101,NBL,35,59,203,289.00,"58,667.00"
2019-02-03,2019020301005100,NBL,49,59,"1,000",289.00,"289,000.00"
2019-02-03,2019020301005099,NBL,6,59,797,289.00,"230,333.00"
2019-02-03,2019020301005054,NBL,6,4,"1,000",289.00,"289,000.00"
2019-02-03,2019020301004879,NBL,52,38,100,290.00,"29,000.00"
2019-02-03,2019020301004816,NBL,52,38,291,290.00,"84,390.00"
2019-02-03,2019020301004815,NBL,52,55,407,290.00,"118,030.00"
2019-02-03,2019020301004796,NBL,45,55,30,290.00,"8,700.00"
2019-02-03,2019020301005277,NCCB,29,29,14,211.00,"2,954.00"
2019-02-03,2019020301005128,NCCB,40,59,500,211.00,"105,500.00"
2019-02-03,2019020301005127,NCCB,21,59,200,211.00,"42,200.00"
2019-02-03,2019020301005126,NCCB,44,59,100,211.00,"21,100.00"
2019-02-03,2019020301005125,NCCB,50,59,200,211.00,"42,200.00"
2019-02-03,2019020301005124,NCCB,44,59,276,211.00,"58,236.00"
2019-02-03,2019020301004906,NCCB,44,29,141,211.00,"29,751.00"
2019-02-03,2019020301005186,NGPL,16,16,142,126.00,"17,892.00"
2019-02-03,2019020301005254,NIB,22,33,200,529.00,"105,800.00"
2019-02-03,2019020301005188,NIB,28,33,50,529.00,"26,450.00"
2019-02-03,2019020301005098,NIB,53,21,10,528.00,"5,280.00"
2019-02-03,2019020301004899,NIB,53,33,350,528.00,"184,800.00"
2019-02-03,2019020301004842,NIB,25,33,50,528.00,"26,400.00"
2019-02-03,2019020301004878,NIBPO,25,8,"1,000",480.00,"480,000.00"
2019-02-03,2019020301005205,NICA,34,22,100,391.00,"39,100.00"
2019-02-03,2019020301005203,NICA,54,54,2,391.00,782.00
2019-02-03,2019020301005143,NICA,47,59,78,390.00,"30,420.00"
2019-02-03,2019020301005142,NICA,58,59,"1,000",390.00,"390,000.00"
2019-02-03,2019020301005141,NICA,58,59,229,390.00,"89,310.00"
2019-02-03,2019020301005140,NICA,43,59,74,391.00,"28,934.00"
2019-02-03,2019020301004959,NICA,35,25,100,391.00,"39,100.00"
2019-02-03,2019020301004940,NICA,52,25,100,391.00,"39,100.00"
2019-02-03,2019020301005208,NICL,13,37,200,565.00,"113,000.00"
2019-02-03,2019020301004939,NICL,19,52,100,565.00,"56,500.00"
2019-02-03,2019020301004938,NICL,52,52,188,565.00,"106,220.00"
2019-02-03,2019020301004919,NICL,52,52,280,565.00,"158,200.00"
2019-02-03,2019020301004877,NICL,52,7,145,565.00,"81,925.00"
2019-02-03,2019020301005144,NLBBL,28,58,100,468.00,"46,800.00"
2019-02-03,2019020301005227,NLIC,50,42,36,"1,084.00","39,024.00"
2019-02-03,2019020301005226,NLIC,42,42,17,"1,086.00","18,462.00"
2019-02-03,2019020301005157,NLIC,50,33,14,"1,084.00","15,176.00"
2019-02-03,2019020301005156,NLIC,10,33,50,"1,084.00","54,200.00"
2019-02-03,2019020301005155,NLIC,44,33,436,"1,084.00","472,624.00"
2019-02-03,2019020301005036,NLIC,44,40,40,"1,084.00","43,360.00"
2019-02-03,2019020301004819,NLIC,44,10,50,"1,084.00","54,200.00"
2019-02-03,2019020301005029,NLIC,44,33,190,"1,084.00","205,960.00"
2019-02-03,2019020301004991,NLIC,34,34,495,"1,086.00","537,570.00"
2019-02-03,2019020301004990,NLIC,34,58,170,"1,085.00","184,450.00"
2019-02-03,2019020301004937,NLIC,1,58,30,"1,085.00","32,550.00"
2019-02-03,2019020301004829,NLIC,29,29,17,"1,088.00","18,496.00"
2019-02-03,2019020301004822,NLIC,44,28,284,"1,084.00","307,856.00"
2019-02-03,2019020301005267,NMB,16,21,86,315.00,"27,090.00"
2019-02-03,2019020301005266,NMB,16,21,50,315.00,"15,750.00"
2019-02-03,2019020301005265,NMB,49,16,50,315.00,"15,750.00"
2019-02-03,2019020301005264,NMB,57,16,191,315.00,"60,165.00"
2019-02-03,2019020301005253,NMB,40,8,300,316.00,"94,800.00"
2019-02-03,2019020301005178,NMB,57,59,"1,309",315.00,"412,335.00"
2019-02-03,2019020301005177,NMB,17,59,150,315.00,"47,250.00"
2019-02-03,2019020301005176,NMB,26,59,120,315.00,"37,800.00"
2019-02-03,2019020301005145,NMB,28,8,200,316.00,"63,200.00"
2019-02-03,2019020301005061,NMB,54,8,100,316.00,"31,600.00"
2019-02-03,2019020301004968,NMB,25,25,100,316.00,"31,600.00"
2019-02-03,2019020301004910,NMB,49,42,63,316.00,"19,908.00"
2019-02-03,2019020301004971,NMBMF,45,4,100,"1,117.00","111,700.00"
2019-02-03,2019020301004876,NMBSF1,39,13,"2,000",10.47,"20,940.00"
2019-02-03,2019020301005276,NMFBS,21,52,50,"1,730.00","86,500.00"
2019-02-03,2019020301005187,NMFBS,33,19,23,"1,747.00","40,181.00"
2019-02-03,2019020301005018,NMFBS,41,41,12,"1,747.00","20,964.00"
2019-02-03,2019020301005232,NSEWA,36,45,50,635.00,"31,750.00"
2019-02-03,2019020301005285,PCBL,42,33,100,318.00,"31,800.00"
2019-02-03,2019020301005202,PCBL,56,33,50,318.00,"15,900.00"
2019-02-03,2019020301005122,PCBL,54,54,2,318.00,636.00
2019-02-03,2019020301005012,PCBL,54,54,2,318.00,636.00
2019-02-03,2019020301004804,PCBL,38,33,864,318.00,"274,752.00"
2019-02-03,2019020301004793,PCBL,45,33,50,318.00,"15,900.00"
2019-02-03,2019020301005180,PFL,57,10,12,132.00,"1,584.00"
2019-02-03,2019020301005005,PFL,57,16,12,132.00,"1,584.00"
2019-02-03,2019020301005108,PIC,45,14,11,"1,034.00","11,374.00"
2019-02-03,2019020301005066,PIC,45,14,11,"1,034.00","11,374.00"
2019-02-03,2019020301005064,PIC,45,14,11,"1,034.00","11,374.00"
2019-02-03,2019020301005052,PIC,45,14,11,"1,034.00","11,374.00"
2019-02-03,2019020301005050,PIC,45,14,11,"1,034.00","11,374.00"
2019-02-03,2019020301004989,PIC,45,33,100,"1,034.00","103,400.00"
2019-02-03,2019020301004935,PIC,45,38,11,"1,034.00","11,374.00"
2019-02-03,2019020301004901,PIC,45,38,11,"1,034.00","11,374.00"
2019-02-03,2019020301004862,PIC,45,38,11,"1,034.00","11,374.00"
2019-02-03,2019020301004852,PIC,45,38,11,"1,034.00","11,374.00"
2019-02-03,2019020301005149,PLIC,57,6,50,479.00,"23,950.00"
2019-02-03,2019020301005181,PMHPL,10,45,10,106.00,"1,060.00"
2019-02-03,2019020301005162,PMHPL,10,33,10,106.00,"1,060.00"
2019-02-03,2019020301004875,PMHPL,10,33,10,106.00,"1,060.00"
2019-02-03,2019020301005131,PRIN,37,57,14,436.00,"6,104.00"
2019-02-03,2019020301005130,PRIN,28,57,486,437.00,"212,382.00"
2019-02-03,2019020301005103,PRIN,28,57,14,437.00,"6,118.00"
2019-02-03,2019020301005102,PRIN,46,57,76,437.00,"33,212.00"
2019-02-03,2019020301004821,PRIN,46,4,124,437.00,"54,188.00"
2019-02-03,2019020301004820,PRIN,32,4,50,437.00,"21,850.00"
2019-02-03,2019020301005252,PRVU,46,35,734,241.00,"176,894.00"
2019-02-03,2019020301005251,PRVU,26,35,266,241.00,"64,106.00"
2019-02-03,2019020301005104,PRVU,26,26,23,241.00,"5,543.00"
2019-02-03,2019020301005015,PRVU,26,16,11,241.00,"2,651.00"
2019-02-03,2019020301004978,PRVU,48,38,906,242.00,"219,252.00"
2019-02-03,2019020301004967,PRVU,48,33,94,242.00,"22,748.00"
2019-02-03,2019020301004936,PRVU,29,33,400,242.00,"96,800.00"
2019-02-03,2019020301005160,RBCLPO,38,38,10,"8,701.00","87,010.00"
2019-02-03,2019020301005048,RLFL,35,16,11,116.00,"1,276.00"
2019-02-03,2019020301005023,RLFL,35,16,12,116.00,"1,392.00"
2019-02-03,2019020301005146,RMDC,56,43,311,541.00,"168,251.00"
2019-02-03,2019020301004905,RMDC,44,43,50,541.00,"27,050.00"
2019-02-03,2019020301004904,RMDC,55,43,100,541.00,"54,100.00"
2019-02-03,2019020301004903,RMDC,19,43,100,542.00,"54,200.00"
2019-02-03,2019020301004902,RMDC,44,43,15,543.00,"8,145.00"
2019-02-03,2019020301005225,RRHP,58,18,10,97.00,970.00
2019-02-03,2019020301005194,RRHP,58,10,10,97.00,970.00
2019-02-03,2019020301005161,RRHP,58,10,10,97.00,970.00
2019-02-03,2019020301005150,RRHP,58,10,10,97.00,970.00
2019-02-03,2019020301005137,RRHP,58,10,10,97.00,970.00
2019-02-03,2019020301004979,RRHP,58,33,10,97.00,970.00
2019-02-03,2019020301005284,SANIMA,34,59,500,300.00,"150,000.00"
2019-02-03,2019020301005283,SANIMA,32,59,200,300.00,"60,000.00"
2019-02-03,2019020301004961,SANIMA,34,58,160,300.00,"48,000.00"
2019-02-03,2019020301004908,SANIMA,25,25,200,300.00,"60,000.00"
2019-02-03,2019020301005151,SBI,55,44,30,380.00,"11,400.00"
2019-02-03,2019020301005041,SBI,11,44,50,380.00,"19,000.00"
2019-02-03,2019020301004944,SBI,43,44,30,380.00,"11,400.00"
2019-02-03,2019020301004814,SBI,17,44,40,380.00,"15,200.00"
2019-02-03,2019020301005175,SBL,57,46,200,284.00,"56,800.00"
2019-02-03,2019020301004998,SBL,49,14,42,283.00,"11,886.00"
2019-02-03,2019020301005239,SCB,17,22,360,564.00,"203,040.00"
2019-02-03,2019020301005209,SCB,28,25,50,566.00,"28,300.00"
2019-02-03,2019020301005135,SCB,17,21,10,564.00,"5,640.00"
2019-02-03,2019020301004851,SCB,29,29,20,565.00,"11,300.00"
2019-02-03,2019020301004830,SCB,1,32,200,564.00,"112,800.00"
2019-02-03,2019020301005123,SHPC,14,52,10,227.00,"2,270.00"
2019-02-03,2019020301004980,SHPC,14,13,22,227.00,"4,994.00"
2019-02-03,2019020301004813,SHPC,47,47,11,228.00,"2,508.00"
2019-02-03,2019020301005218,SIC,16,10,100,"1,306.00","130,600.00"
2019-02-03,2019020301005240,SICL,28,49,100,914.00,"91,400.00"
2019-02-03,2019020301004799,SICL,35,34,150,914.00,"137,100.00"
2019-02-03,2019020301004960,SICL,18,49,100,914.00,"91,400.00"
2019-02-03,2019020301005025,SIL,44,44,800,629.00,"503,200.00"
2019-02-03,2019020301004860,SKBBL,42,16,12,868.00,"10,416.00"
2019-02-03,2019020301005274,SLBBL,47,57,50,517.00,"25,850.00"
2019-02-03,2019020301005154,SLBBL,57,25,40,517.00,"20,680.00"
2019-02-03,2019020301005153,SLBBL,22,25,50,518.00,"25,900.00"
2019-02-03,2019020301005152,SLBBL,32,25,39,518.00,"20,202.00"
2019-02-03,2019020301005139,SLBBL,26,25,50,520.00,"26,000.00"
2019-02-03,2019020301005138,SLBBL,14,25,170,520.00,"88,400.00"
2019-02-03,2019020301005211,SLBS,48,6,89,"1,030.00","91,670.00"
2019-02-03,2019020301005210,SLBS,48,32,18,"1,020.00","18,360.00"
2019-02-03,2019020301004863,SLICL,22,44,87,542.00,"47,154.00"
2019-02-03,2019020301005001,SMATA,58,46,10,"1,280.00","12,800.00"
2019-02-03,2019020301004927,SPDL,11,20,10,94.00,940.00
2019-02-03,2019020301004926,SPDL,11,20,10,94.00,940.00
2019-02-03,2019020301004925,SPDL,11,20,10,94.00,940.00
2019-02-03,2019020301004924,SPDL,11,20,10,94.00,940.00
2019-02-03,2019020301004923,SPDL,11,20,10,94.00,940.00
2019-02-03,2019020301004922,SPDL,11,45,13,94.00,"1,222.00"
2019-02-03,2019020301004921,SPDL,11,45,15,94.00,"1,410.00"
2019-02-03,2019020301004920,SPDL,11,13,15,94.00,"1,410.00"
2019-02-03,2019020301005220,SRBL,21,25,100,210.00,"21,000.00"
2019-02-03,2019020301005035,SRBL,55,29,22,209.00,"4,598.00"
2019-02-03,2019020301005034,SRBL,54,29,500,209.00,"104,500.00"
2019-02-03,2019020301005033,SRBL,34,29,28,210.00,"5,880.00"
2019-02-03,2019020301004873,SRBL,34,29,305,210.00,"64,050.00"
2019-02-03,2019020301004872,SRBL,48,29,200,210.00,"42,000.00"
2019-02-03,2019020301004871,SRBL,17,29,50,210.00,"10,500.00"
2019-02-03,2019020301004870,SRBL,56,29,100,210.00,"21,000.00"
2019-02-03,2019020301004869,SRBL,41,29,445,210.00,"93,450.00"
2019-02-03,2019020301005009,UIC,33,5,200,770.00,"154,000.00"
2019-02-03,2019020301005273,UPPER,20,21,50,252.00,"12,600.00"
2019-02-03,2019020301005272,UPPER,20,21,293,252.00,"73,836.00"
2019-02-03,2019020301005248,UPPER,20,21,40,252.00,"10,080.00"
2019-02-03,2019020301005242,UPPER,37,34,10,253.00,"2,530.00"
2019-02-03,2019020301005241,UPPER,37,34,30,253.00,"7,590.00"
2019-02-03,2019020301004791,UPPER,52,56,40,253.00,"10,120.00"
2019-02-03,2019020301004790,UPPER,52,56,50,253.00,"12,650.00"
2019-02-03,2019020301004789,UPPER,52,17,50,253.00,"12,650.00"
2019-02-03,2019020301004788,UPPER,52,56,40,253.00,"10,120.00"
2019-02-03,2019020301004787,UPPER,52,56,40,253.00,"10,120.00"
2019-02-03,2019020301004840,UPPER,43,56,50,253.00,"12,650.00"
2019-02-03,2019020301004831,UPPER,20,49,50,252.00,"12,600.00"
2019-02-03,2019020301004827,UPPER,20,17,40,252.00,"10,080.00"
2019-02-03,2019020301004826,UPPER,20,49,40,252.00,"10,080.00"
2019-02-03,2019020301004817,UPPER,20,38,40,252.00,"10,080.00"
2019-02-03,2019020301004792,UPPER,52,11,30,254.00,"7,620.00"
2019-02-03,2019020301004857,UPPER,29,29,50,253.00,"12,650.00"
2019-02-03,2019020301004855,UPPER,20,49,40,252.00,"10,080.00"
2019-02-03,2019020301004853,UPPER,20,49,50,252.00,"12,600.00"
2019-02-03,2019020301004850,UPPER,20,28,50,252.00,"12,600.00"
2019-02-03,2019020301004844,UPPER,20,49,40,252.00,"10,080.00"
2019-02-03,2019020301004841,UPPER,43,56,50,253.00,"12,650.00"
2019-02-03,2019020301004874,UPPER,42,59,50,253.00,"12,650.00"
2019-02-03,2019020301004867,UPPER,6,11,10,254.00,"2,540.00"
2019-02-03,2019020301005011,UPPER,20,45,50,252.00,"12,600.00"
2019-02-03,2019020301004995,UPPER,37,34,40,253.00,"10,120.00"
2019-02-03,2019020301004988,UPPER,20,38,40,252.00,"10,080.00"
2019-02-03,2019020301005063,UPPER,29,34,10,253.00,"2,530.00"
2019-02-03,2019020301005060,UPPER,20,44,50,252.00,"12,600.00"
2019-02-03,2019020301005049,UPPER,20,44,50,252.00,"12,600.00"
2019-02-03,2019020301005039,UPPER,20,44,40,252.00,"10,080.00"
2019-02-03,2019020301005027,UPPER,20,44,40,252.00,"10,080.00"
2019-02-03,2019020301005024,UPPER,20,41,219,252.00,"55,188.00"
2019-02-03,2019020301005071,UPPER,40,45,100,252.00,"25,200.00"
2019-02-03,2019020301005070,UPPER,48,45,200,252.00,"50,400.00"
2019-02-03,2019020301005069,UPPER,42,45,200,252.00,"50,400.00"
2019-02-03,2019020301005068,UPPER,48,45,50,252.00,"12,600.00"
2019-02-03,2019020301005067,UPPER,20,45,"3,615",252.00,"910,980.00"
2019-02-03,2019020301005065,UPPER,37,34,40,253.00,"10,120.00"
2019-02-03,2019020301005077,UPPER,29,45,100,252.00,"25,200.00"
2019-02-03,2019020301005076,UPPER,6,45,100,252.00,"25,200.00"
2019-02-03,2019020301005075,UPPER,34,45,100,252.00,"25,200.00"
2019-02-03,2019020301005074,UPPER,35,45,50,252.00,"12,600.00"
2019-02-03,2019020301005073,UPPER,44,45,500,252.00,"126,000.00"
2019-02-03,2019020301005072,UPPER,13,45,300,252.00,"75,600.00"
2019-02-03,2019020301005083,UPPER,43,45,500,252.00,"126,000.00"
2019-02-03,2019020301005082,UPPER,54,45,200,252.00,"50,400.00"
2019-02-03,2019020301005081,UPPER,39,45,500,252.00,"126,000.00"
2019-02-03,2019020301005080,UPPER,6,45,50,252.00,"12,600.00"
2019-02-03,2019020301005079,UPPER,29,45,220,252.00,"55,440.00"
2019-02-03,2019020301005078,UPPER,29,45,100,252.00,"25,200.00"
2019-02-03,2019020301005089,UPPER,51,45,300,251.00,"75,300.00"
2019-02-03,2019020301005088,UPPER,34,45,100,251.00,"25,100.00"
2019-02-03,2019020301005087,UPPER,25,45,200,251.00,"50,200.00"
2019-02-03,2019020301005086,UPPER,42,45,50,251.00,"12,550.00"
2019-02-03,2019020301005085,UPPER,59,45,616,251.00,"154,616.00"
2019-02-03,2019020301005084,UPPER,41,45,500,252.00,"126,000.00"
2019-02-03,2019020301005095,UPPER,50,45,100,251.00,"25,100.00"
2019-02-03,2019020301005094,UPPER,11,45,200,251.00,"50,200.00"
2019-02-03,2019020301005093,UPPER,29,45,100,251.00,"25,100.00"
2019-02-03,2019020301005092,UPPER,43,45,200,251.00,"50,200.00"
2019-02-03,2019020301005091,UPPER,42,45,50,251.00,"12,550.00"
2019-02-03,2019020301005090,UPPER,33,45,200,251.00,"50,200.00"
2019-02-03,2019020301005112,UPPER,49,45,"1,000",251.00,"251,000.00"
2019-02-03,2019020301005111,UPPER,57,45,500,251.00,"125,500.00"
2019-02-03,2019020301005110,UPPER,41,45,"1,000",251.00,"251,000.00"
2019-02-03,2019020301005109,UPPER,51,45,61,251.00,"15,311.00"
2019-02-03,2019020301005097,UPPER,51,45,399,251.00,"100,149.00"
2019-02-03,2019020301005096,UPPER,42,45,100,251.00,"25,100.00"
2019-02-03,2019020301005118,UPPER,52,45,50,251.00,"12,550.00"
2019-02-03,2019020301005117,UPPER,47,45,59,251.00,"14,809.00"
2019-02-03,2019020301005116,UPPER,21,45,200,251.00,"50,200.00"
2019-02-03,2019020301005115,UPPER,36,45,100,251.00,"25,100.00"
2019-02-03,2019020301005114,UPPER,56,45,"1,000",251.00,"251,000.00"
2019-02-03,2019020301005113,UPPER,1,45,500,251.00,"125,500.00"
2019-02-03,2019020301005184,UPPER,20,51,40,252.00,"10,080.00"
2019-02-03,2019020301005167,UPPER,20,19,40,252.00,"10,080.00"
2019-02-03,2019020301005166,UPPER,20,52,50,252.00,"12,600.00"
2019-02-03,2019020301005165,UPPER,20,51,40,251.00,"10,040.00"
2019-02-03,2019020301005164,UPPER,20,37,40,251.00,"10,040.00"
2019-02-03,2019020301005163,UPPER,20,45,601,251.00,"150,851.00"
2019-02-03,2019020301005233,UPPER,20,40,50,252.00,"12,600.00"
2019-02-03,2019020301005219,UPPER,20,40,40,252.00,"10,080.00"
2019-02-03,2019020301005212,UPPER,20,21,40,252.00,"10,080.00"
2019-02-03,2019020301005204,UPPER,20,10,50,252.00,"12,600.00"
2019-02-03,2019020301005200,UPPER,57,34,10,253.00,"2,530.00"
2019-02-03,2019020301005199,UPPER,57,34,50,253.00,"12,650.00"
2019-02-03,2019020301004770,ADBL,45,37,56,339.00,"18,984.00"
2019-02-03,2019020301004693,AHPC,25,49,19,100.00,"1,900.00"
2019-02-03,2019020301004614,AHPC,25,52,500,100.00,"50,000.00"
2019-02-03,2019020301004608,AHPC,48,52,150,101.00,"15,150.00"
2019-02-03,2019020301004399,AHPC,25,22,108,102.00,"11,016.00"
2019-02-03,2019020301004398,AHPC,25,13,75,102.00,"7,650.00"
2019-02-03,2019020301004442,AKJCL,25,34,20,85.00,"1,700.00"
2019-02-03,2019020301004313,AKJCL,25,48,20,84.00,"1,680.00"
2019-02-03,2019020301004464,AKPL,58,47,13,182.00,"2,366.00"
2019-02-03,2019020301004762,ALICL,17,57,50,610.00,"30,500.00"
2019-02-03,2019020301004745,ALICL,54,38,31,609.00,"18,879.00"
2019-02-03,2019020301004409,ALICL,22,57,55,610.00,"33,550.00"
2019-02-03,2019020301004602,API,42,26,200,138.00,"27,600.00"
2019-02-03,2019020301004601,API,45,26,42,138.00,"5,796.00"
2019-02-03,2019020301004600,API,17,26,300,138.00,"41,400.00"
2019-02-03,2019020301004599,API,17,26,600,138.00,"82,800.00"
2019-02-03,2019020301004383,API,55,54,150,139.00,"20,850.00"
2019-02-03,2019020301004382,API,55,13,"1,461",139.00,"203,079.00"
2019-02-03,2019020301004597,BOKL,4,4,"4,529",249.00,"1,127,721.00"
2019-02-03,2019020301004503,BOKL,36,44,10,248.00,"2,480.00"
2019-02-03,2019020301004401,BOKL,47,19,575,249.00,"143,175.00"
2019-02-03,2019020301004454,BPCL,47,47,10,356.00,"3,560.00"
2019-02-03,2019020301004379,BPCL,10,22,20,357.00,"7,140.00"
2019-02-03,2019020301004330,BPCL,47,7,30,356.00,"10,680.00"
2019-02-03,2019020301004781,CBBL,34,58,500,878.00,"439,000.00"
2019-02-03,2019020301004780,CBBL,19,58,200,879.00,"175,800.00"
2019-02-03,2019020301004510,CBBL,11,25,50,882.00,"44,100.00"
2019-02-03,2019020301004478,CBBL,18,58,50,884.00,"44,200.00"
2019-02-03,2019020301004560,CBBL,54,54,250,880.00,"220,000.00"
2019-02-03,2019020301004559,CBBL,8,54,100,880.00,"88,000.00"
2019-02-03,2019020301004558,CBBL,7,54,100,880.00,"88,000.00"
2019-02-03,2019020301004557,CBBL,21,54,100,880.00,"88,000.00"
2019-02-03,2019020301004556,CBBL,45,54,200,881.00,"176,200.00"
2019-02-03,2019020301004555,CBBL,11,54,50,882.00,"44,100.00"
2019-02-03,2019020301004737,CBBL,55,58,100,880.00,"88,000.00"
2019-02-03,2019020301004736,CBBL,1,58,11,880.00,"9,680.00"
2019-02-03,2019020301004669,CBBL,1,35,289,880.00,"254,320.00"
2019-02-03,2019020301004668,CBBL,54,35,161,880.00,"141,680.00"
2019-02-03,2019020301004779,CBL,44,44,1,160.00,160.00
2019-02-03,2019020301004759,CBL,42,38,539,157.00,"84,623.00"
2019-02-03,2019020301004758,CBL,45,38,50,157.00,"7,850.00"
2019-02-03,2019020301004757,CBL,43,38,99,157.00,"15,543.00"
2019-02-03,2019020301004728,CBL,43,55,300,157.00,"47,100.00"
2019-02-03,2019020301004694,CBL,44,47,1,160.00,160.00
2019-02-03,2019020301004499,CBL,43,16,101,157.00,"15,857.00"
2019-02-03,2019020301004498,CBL,42,16,47,157.00,"7,379.00"
2019-02-03,2019020301004450,CBL,42,45,200,157.00,"31,400.00"
2019-02-03,2019020301004443,CBL,42,52,700,157.00,"109,900.00"
2019-02-03,2019020301004325,CBL,42,13,34,157.00,"5,338.00"
2019-02-03,2019020301004743,CCBL,11,10,46,167.00,"7,682.00"
2019-02-03,2019020301004742,CCBL,48,10,"1,000",167.00,"167,000.00"
2019-02-03,2019020301004741,CCBL,26,10,775,167.00,"129,425.00"
2019-02-03,2019020301004740,CCBL,17,10,144,167.00,"24,048.00"
2019-02-03,2019020301004739,CCBL,58,10,"3,035",167.00,"506,845.00"
2019-02-03,2019020301004724,CCBL,58,50,"1,000",167.00,"167,000.00"
2019-02-03,2019020301004692,CCBL,58,44,44,167.00,"7,348.00"
2019-02-03,2019020301004636,CCBL,29,25,32,168.00,"5,376.00"
2019-02-03,2019020301004635,CCBL,29,13,68,168.00,"11,424.00"
2019-02-03,2019020301004584,CCBL,58,52,87,167.00,"14,529.00"
2019-02-03,2019020301004542,CCBL,58,45,400,167.00,"66,800.00"
2019-02-03,2019020301004671,CFCL,1,17,180,109.00,"19,620.00"
2019-02-03,2019020301004520,CFCL,44,17,"1,500",109.00,"163,500.00"
2019-02-03,2019020301004519,CFCL,1,17,500,109.00,"54,500.00"
2019-02-03,2019020301004518,CFCL,22,17,100,109.00,"10,900.00"
2019-02-03,2019020301004440,CHCL,8,59,100,520.00,"52,000.00"
2019-02-03,2019020301004439,CHCL,57,59,200,520.00,"104,000.00"
2019-02-03,2019020301004438,CHCL,1,59,76,520.00,"39,520.00"
2019-02-03,2019020301004287,CHCL,1,42,72,520.00,"37,440.00"
2019-02-03,2019020301004716,CIT,19,11,30,"2,730.00","81,900.00"
2019-02-03,2019020301004715,CIT,19,48,20,"2,730.00","54,600.00"
2019-02-03,2019020301004701,CIT,22,38,28,"2,725.00","76,300.00"
2019-02-03,2019020301004638,CIT,45,38,50,"2,725.00","136,250.00"
2019-02-03,2019020301004569,CIT,35,16,22,"2,719.00","59,818.00"
2019-02-03,2019020301004544,CIT,17,38,10,"2,725.00","27,250.00"
2019-02-03,2019020301004507,CIT,35,34,200,"2,719.00","543,800.00"
2019-02-03,2019020301004506,CIT,50,34,40,"2,720.00","108,800.00"
2019-02-03,2019020301004505,CIT,39,34,10,"2,720.00","27,200.00"
2019-02-03,2019020301004420,CIT,38,44,98,"2,720.00","266,560.00"
2019-02-03,2019020301004405,CIT,11,38,20,"2,725.00","54,500.00"
2019-02-03,2019020301004385,CIT,35,1,100,"2,720.00","272,000.00"
2019-02-03,2019020301004508,CLBSL,13,44,10,690.00,"6,900.00"
2019-02-03,2019020301004340,CORBL,11,33,30,95.00,"2,850.00"
2019-02-03,2019020301004530,CZBIL,57,44,11,207.00,"2,277.00"
2019-02-03,2019020301004593,DBBL,21,43,27,125.00,"3,375.00"
2019-02-03,2019020301004592,DBBL,26,43,50,125.00,"6,250.00"
2019-02-03,2019020301004591,DBBL,28,43,23,125.00,"2,875.00"
2019-02-03,2019020301004509,DBBL,28,16,451,125.00,"56,375.00"
2019-02-03,2019020301004302,DBBL,28,42,26,125.00,"3,250.00"
2019-02-03,2019020301004640,DDBL,41,25,40,580.00,"23,200.00"
2019-02-03,2019020301004777,EBL,1,16,80,523.00,"41,840.00"
2019-02-03,2019020301004776,EBL,1,33,20,523.00,"10,460.00"
2019-02-03,2019020301004462,FMDBL,16,47,40,380.00,"15,200.00"
2019-02-03,2019020301004461,FMDBL,16,34,50,380.00,"19,000.00"
2019-02-03,2019020301004460,FMDBL,16,35,10,380.00,"3,800.00"
2019-02-03,2019020301004328,FMDBL,1,42,126,373.00,"46,998.00"
2019-02-03,2019020301004764,FOWAD,16,38,90,"1,586.00","142,740.00"
2019-02-03,2019020301004785,GBBL,42,38,236,184.00,"43,424.00"
2019-02-03,2019020301004784,GBBL,10,38,"1,000",184.00,"184,000.00"
2019-02-03,2019020301004783,GBBL,36,38,254,184.00,"46,736.00"
2019-02-03,2019020301004684,GBBL,36,22,347,184.00,"63,848.00"
2019-02-03,2019020301004314,GBBL,36,42,186,184.00,"34,224.00"
2019-02-03,2019020301004538,GBIME,55,16,100,265.00,"26,500.00"
2019-02-03,2019020301004537,GBIME,34,16,100,265.00,"26,500.00"
2019-02-03,2019020301004536,GBIME,54,16,300,265.00,"79,500.00"
2019-02-03,2019020301004535,GBIME,13,16,500,265.00,"132,500.00"
2019-02-03,2019020301004534,GBIME,26,16,71,265.00,"18,815.00"
2019-02-03,2019020301004588,GBLBS,1,42,50,440.00,"22,000.00"
2019-02-03,2019020301004587,GBLBS,50,42,80,440.00,"35,200.00"
2019-02-03,2019020301004504,GBLBS,50,32,10,440.00,"4,400.00"
2019-02-03,2019020301004390,GBLBS,50,44,10,440.00,"4,400.00"
2019-02-03,2019020301004700,GDBLPO,35,33,"25,000",120.00,"3,000,000.00"
2019-02-03,2019020301004657,GDBLPO,35,33,"8,397",120.00,"1,007,640.00"
2019-02-03,2019020301004768,GLICL,53,40,89,706.00,"62,834.00"
2019-02-03,2019020301004767,GLICL,39,40,11,707.00,"7,777.00"
2019-02-03,2019020301004353,HBL,52,25,80,443.00,"35,440.00"
2019-02-03,2019020301004562,HGI,42,52,15,391.00,"5,865.00"
2019-02-03,2019020301004561,HGI,34,52,10,391.00,"3,910.00"
2019-02-03,2019020301004550,HGI,58,52,125,392.00,"49,000.00"
2019-02-03,2019020301004686,HIDCL,5,44,"1,000",140.00,"140,000.00"
2019-02-03,2019020301004455,HIDCL,10,44,741,139.00,"102,999.00"
2019-02-03,2019020301004396,HIDCL,42,44,500,140.00,"70,000.00"
2019-02-03,2019020301004377,HIDCL,10,46,261,139.00,"36,279.00"
2019-02-03,2019020301004319,HIDCL,10,42,29,139.00,"4,031.00"
2019-02-03,2019020301004660,HPPL,32,32,10,182.00,"1,820.00"
2019-02-03,2019020301004324,HPPL,21,42,10,181.00,"1,810.00"
2019-02-03,2019020301004543,IGI,49,38,32,435.00,"13,920.00"
2019-02-03,2019020301004695,JBBL,38,42,210,139.00,"29,190.00"
2019-02-03,2019020301004683,JBBL,38,42,290,139.00,"40,310.00"
2019-02-03,2019020301004662,JBBL,38,6,60,138.00,"8,280.00"
2019-02-03,2019020301004540,JBBL,38,6,130,138.00,"17,940.00"
2019-02-03,2019020301004517,JBBL,38,6,155,138.00,"21,390.00"
2019-02-03,2019020301004435,JBBL,10,6,468,138.00,"64,584.00"
2019-02-03,2019020301004434,JBBL,10,58,32,138.00,"4,416.00"
2019-02-03,2019020301004577,JBNL,45,25,369,163.00,"60,147.00"
2019-02-03,2019020301004576,JBNL,56,25,440,163.00,"71,720.00"
2019-02-03,2019020301004441,JBNL,56,13,25,163.00,"4,075.00"
2019-02-03,2019020301004378,JEFL,4,49,712,132.00,"93,984.00"
2019-02-03,2019020301004612,KBBL,13,51,22,209.00,"4,598.00"
2019-02-03,2019020301004546,KBBL,13,16,171,209.00,"35,739.00"
2019-02-03,2019020301004545,KBBL,22,16,36,210.00,"7,560.00"
2019-02-03,2019020301004676,KBL,51,16,441,242.00,"106,722.00"
2019-02-03,2019020301004675,KBL,54,16,"1,500",242.00,"363,000.00"
2019-02-03,2019020301004674,KBL,45,16,20,242.00,"4,840.00"
2019-02-03,2019020301004673,KBL,47,16,200,242.00,"48,400.00"
2019-02-03,2019020301004672,KBL,20,16,78,242.00,"18,876.00"
2019-02-03,2019020301004481,KBL,20,59,122,242.00,"29,524.00"
2019-02-03,2019020301004384,KBL,37,48,40,243.00,"9,720.00"
2019-02-03,2019020301004331,KBL,17,42,31,242.00,"7,502.00"
2019-02-03,2019020301004327,KBL,48,48,751,243.00,"182,493.00"
2019-02-03,2019020301004326,KBL,48,25,249,243.00,"60,507.00"
2019-02-03,2019020301004652,KRBL,29,29,149,98.00,"14,602.00"
2019-02-03,2019020301004457,KSBBL,41,10,"2,300",138.00,"317,400.00"
2019-02-03,2019020301004666,LBL,49,16,"1,124",197.00,"221,428.00"
2019-02-03,2019020301004626,LBL,49,16,"3,000",197.00,"591,000.00"
2019-02-03,2019020301004625,LBL,53,16,50,197.00,"9,850.00"
2019-02-03,2019020301004624,LBL,42,16,20,197.00,"3,940.00"
2019-02-03,2019020301004623,LBL,32,16,400,197.00,"78,800.00"
2019-02-03,2019020301004622,LBL,22,16,500,197.00,"98,500.00"
2019-02-03,2019020301004621,LBL,6,16,20,197.00,"3,940.00"
2019-02-03,2019020301004620,LBL,53,16,500,197.00,"98,500.00"
2019-02-03,2019020301004586,LBL,26,57,100,197.00,"19,700.00"
2019-02-03,2019020301004380,LBL,26,42,46,197.00,"9,062.00"
2019-02-03,2019020301004329,LGIL,48,58,50,525.00,"26,250.00"
2019-02-03,2019020301004311,LGIL,33,45,50,523.00,"26,150.00"
2019-02-03,2019020301004718,MBL,34,38,327,210.00,"68,670.00"
2019-02-03,2019020301004386,MDB,17,38,32,278.00,"8,896.00"
2019-02-03,2019020301004699,MEGA,42,16,300,163.00,"48,900.00"
2019-02-03,2019020301004554,MEGA,41,16,26,162.00,"4,212.00"
2019-02-03,2019020301004387,MEGA,41,13,35,162.00,"5,670.00"
2019-02-03,2019020301004729,MERO,7,46,50,"1,135.00","56,750.00"
2019-02-03,2019020301004688,MERO,43,46,70,"1,135.00","79,450.00"
2019-02-03,2019020301004659,MERO,25,46,200,"1,135.00","227,000.00"
2019-02-03,2019020301004634,MERO,1,26,31,"1,136.00","35,216.00"
2019-02-03,2019020301004633,MERO,1,26,44,"1,136.00","49,984.00"
2019-02-03,2019020301004655,MIDBL,56,52,100,150.00,"15,000.00"
2019-02-03,2019020301004678,MNBBL,26,45,860,346.00,"297,560.00"
2019-02-03,2019020301004677,MNBBL,53,45,100,347.00,"34,700.00"
2019-02-03,2019020301004547,NADEP,22,32,10,783.00,"7,830.00"
2019-02-03,2019020301004343,NADEP,19,7,10,783.00,"7,830.00"
2019-02-03,2019020301004782,NBB,40,17,100,182.00,"18,200.00"
2019-02-03,2019020301004606,NBB,40,45,102,182.00,"18,564.00"
2019-02-03,2019020301004605,NBB,17,45,100,182.00,"18,200.00"
2019-02-03,2019020301004604,NBB,20,45,75,182.00,"13,650.00"
2019-02-03,2019020301004603,NBB,47,45,23,182.00,"4,186.00"
2019-02-03,2019020301004661,NBBL,47,25,15,715.00,"10,725.00"
2019-02-03,2019020301004650,NBBL,8,34,121,710.00,"85,910.00"
2019-02-03,2019020301004619,NBBL,8,34,57,710.00,"40,470.00"
2019-02-03,2019020301004618,NBBL,56,34,60,711.00,"42,660.00"
2019-02-03,2019020301004433,NBBL,56,45,40,711.00,"28,440.00"
2019-02-03,2019020301004687,NBL,47,38,"1,000",290.00,"290,000.00"
2019-02-03,2019020301004477,NBL,47,38,160,290.00,"46,400.00"
2019-02-03,2019020301004468,NBL,47,38,140,290.00,"40,600.00"
2019-02-03,2019020301004467,NBL,47,58,60,290.00,"17,400.00"
2019-02-03,2019020301004419,NCCB,44,52,83,211.00,"17,513.00"
2019-02-03,2019020301004418,NCCB,50,52,200,211.00,"42,200.00"
2019-02-03,2019020301004417,NCCB,26,52,152,211.00,"32,072.00"
2019-02-03,2019020301004391,NCCB,26,42,36,211.00,"7,596.00"
2019-02-03,2019020301004388,NCCB,26,52,18,211.00,"3,798.00"
2019-02-03,2019020301004702,NGPL,37,50,22,125.00,"2,750.00"
2019-02-03,2019020301004698,NGPL,51,50,28,126.00,"3,528.00"
2019-02-03,2019020301004395,NHDL,43,42,10,131.00,"1,310.00"
2019-02-03,2019020301004731,NIB,38,33,300,528.00,"158,400.00"
2019-02-03,2019020301004697,NIB,1,33,200,528.00,"105,600.00"
2019-02-03,2019020301004406,NIB,45,42,37,527.00,"19,499.00"
2019-02-03,2019020301004667,NICA,58,44,29,390.00,"11,310.00"
2019-02-03,2019020301004488,NICA,35,59,500,391.00,"195,500.00"
2019-02-03,2019020301004487,NICA,35,4,800,391.00,"312,800.00"
2019-02-03,2019020301004466,NICA,58,54,100,390.00,"39,000.00"
2019-02-03,2019020301004778,NICL,52,38,100,565.00,"56,500.00"
2019-02-03,2019020301004771,NICL,52,28,200,565.00,"113,000.00"
2019-02-03,2019020301004755,NICL,52,13,87,565.00,"49,155.00"
2019-02-03,2019020301004754,NICL,41,13,"1,000",565.00,"565,000.00"
2019-02-03,2019020301004304,NICL,40,49,60,567.00,"34,020.00"
2019-02-03,2019020301004472,NICL,52,52,50,566.00,"28,300.00"
2019-02-03,2019020301004471,NICL,13,52,170,566.00,"96,220.00"
2019-02-03,2019020301004453,NICL,40,56,340,567.00,"192,780.00"
2019-02-03,2019020301004444,NICL,40,44,100,567.00,"56,700.00"
2019-02-03,2019020301004747,NICL,25,13,65,565.00,"36,725.00"
2019-02-03,2019020301004746,NICL,1,13,50,565.00,"28,250.00"
2019-02-03,2019020301004753,NICL,45,13,100,565.00,"56,500.00"
2019-02-03,2019020301004752,NICL,41,13,100,565.00,"56,500.00"
2019-02-03,2019020301004751,NICL,55,13,15,565.00,"8,475.00"
2019-02-03,2019020301004750,NICL,43,13,20,565.00,"11,300.00"
2019-02-03,2019020301004749,NICL,37,13,100,565.00,"56,500.00"
2019-02-03,2019020301004748,NICL,21,13,500,565.00,"282,500.00"
2019-02-03,2019020301004609,NIL,26,28,50,530.00,"26,500.00"
2019-02-03,2019020301004394,NIL,53,57,100,530.00,"53,000.00"
2019-02-03,2019020301004691,NLBBL,32,38,31,461.00,"14,291.00"
2019-02-03,2019020301004690,NLBBL,55,38,67,462.00,"30,954.00"
2019-02-03,2019020301004647,NLBBL,55,46,33,462.00,"15,246.00"
2019-02-03,2019020301004646,NLBBL,1,46,77,463.00,"35,651.00"
2019-02-03,2019020301004645,NLBBL,29,46,150,464.00,"69,600.00"
2019-02-03,2019020301004644,NLBBL,28,46,250,464.00,"116,000.00"
2019-02-03,2019020301004643,NLBBL,47,46,100,465.00,"46,500.00"
2019-02-03,2019020301004642,NLBBL,43,46,100,465.00,"46,500.00"
2019-02-03,2019020301004641,NLBBL,43,46,90,466.00,"41,940.00"
2019-02-03,2019020301004549,NLBBL,43,44,10,466.00,"4,660.00"
2019-02-03,2019020301004708,NLG,44,1,18,840.00,"15,120.00"
2019-02-03,2019020301004707,NLG,34,1,32,840.00,"26,880.00"
2019-02-03,2019020301004403,NLG,34,35,100,840.00,"84,000.00"
2019-02-03,2019020301004761,NLIC,1,55,69,"1,083.00","74,727.00"
2019-02-03,2019020301004760,NLIC,16,55,18,"1,083.00","19,494.00"
2019-02-03,2019020301004720,NLIC,16,38,17,"1,083.00","18,411.00"
2019-02-03,2019020301004709,NLIC,17,44,17,"1,089.00","18,513.00"
2019-02-03,2019020301004665,NLIC,45,44,10,"1,089.00","10,890.00"
2019-02-03,2019020301004511,NLIC,22,59,10,"1,084.00","10,840.00"
2019-02-03,2019020301004397,NLIC,21,21,3,"1,081.00","3,243.00"
2019-02-03,2019020301004318,NLIC,21,21,1,"1,084.00","1,084.00"
2019-02-03,2019020301004310,NLIC,25,22,17,"1,086.00","18,462.00"
2019-02-03,2019020301004766,NLICL,42,48,175,670.00,"117,250.00"
2019-02-03,2019020301004756,NLICL,45,25,30,672.00,"20,160.00"
2019-02-03,2019020301004607,NLICL,42,13,203,670.00,"136,010.00"
2019-02-03,2019020301004501,NLICL,42,52,122,670.00,"81,740.00"
2019-02-03,2019020301004500,NLICL,58,52,100,670.00,"67,000.00"
2019-02-03,2019020301004426,NLICL,13,52,30,671.00,"20,130.00"
2019-02-03,2019020301004425,NLICL,5,52,22,671.00,"14,762.00"
2019-02-03,2019020301004321,NLICL,5,42,28,671.00,"18,788.00"
2019-02-03,2019020301004320,NLICL,48,42,98,671.00,"65,758.00"
2019-02-03,2019020301004774,NMB,49,19,100,316.00,"31,600.00"
2019-02-03,2019020301004773,NMB,49,8,806,316.00,"254,696.00"
2019-02-03,2019020301004772,NMB,49,8,194,316.00,"61,304.00"
2019-02-03,2019020301004617,NMB,49,57,"2,815",316.00,"889,540.00"
2019-02-03,2019020301004616,NMB,38,57,194,316.00,"61,304.00"
2019-02-03,2019020301004594,NMB,38,17,306,316.00,"96,696.00"
2019-02-03,2019020301004307,NMB,38,14,10,317.00,"3,170.00"
2019-02-03,2019020301004413,NMB,49,42,31,316.00,"9,796.00"
2019-02-03,2019020301004412,NMB,45,42,36,316.00,"11,376.00"
2019-02-03,2019020301004408,NMB,45,28,64,316.00,"20,224.00"
2019-02-03,2019020301004407,NMB,54,28,121,316.00,"38,236.00"
2019-02-03,2019020301004352,NMB,54,42,115,316.00,"36,340.00"
2019-02-03,2019020301004341,NMB,54,52,30,316.00,"9,480.00"
2019-02-03,2019020301004463,NMBHF1,11,54,"3,161",9.20,"29,081.20"
2019-02-03,2019020301004730,NMBMF,45,33,50,"1,117.00","55,850.00"
2019-02-03,2019020301004744,NMFBS,29,29,2,"1,715.00","3,430.00"
2019-02-03,2019020301004529,NSEWA,16,45,50,635.00,"31,750.00"
2019-02-03,2019020301004528,NSEWA,16,41,10,635.00,"6,350.00"
2019-02-03,2019020301004527,NSEWA,16,11,10,635.00,"6,350.00"
2019-02-03,2019020301004526,NSEWA,16,11,10,635.00,"6,350.00"
2019-02-03,2019020301004525,NSEWA,16,7,10,635.00,"6,350.00"
2019-02-03,2019020301004524,NSEWA,16,14,10,630.00,"6,300.00"
2019-02-03,2019020301004381,NSEWA,11,7,10,625.00,"6,250.00"
2019-02-03,2019020301004682,NTC,7,1,300,713.00,"213,900.00"
2019-02-03,2019020301004681,NTC,7,21,30,713.00,"21,390.00"
2019-02-03,2019020301004680,NTC,7,38,160,713.00,"114,080.00"
2019-02-03,2019020301004651,NTC,34,38,20,713.00,"14,260.00"
2019-02-03,2019020301004637,NTC,47,36,200,712.00,"142,400.00"
2019-02-03,2019020301004502,NTC,38,57,330,712.00,"234,960.00"
2019-02-03,2019020301004485,NTC,38,37,200,712.00,"142,400.00"
2019-02-03,2019020301004449,NTC,4,51,700,712.00,"498,400.00"
2019-02-03,2019020301004611,NTC,32,38,20,713.00,"14,260.00"
2019-02-03,2019020301004596,NTC,47,57,170,712.00,"121,040.00"
2019-02-03,2019020301004589,NUBL,21,44,10,767.00,"7,670.00"
2019-02-03,2019020301004630,PCBL,29,33,50,318.00,"15,900.00"
2019-02-03,2019020301004523,PCBL,43,33,599,318.00,"190,482.00"
2019-02-03,2019020301004522,PCBL,34,33,"1,477",318.00,"469,686.00"
2019-02-03,2019020301004465,PCBL,22,41,100,320.00,"32,000.00"
2019-02-03,2019020301004422,PCBL,34,42,23,318.00,"7,314.00"
2019-02-03,2019020301004301,PCBL,34,59,813,319.00,"259,347.00"
2019-02-03,2019020301004722,PIC,1,38,11,"1,033.00","11,363.00"
2019-02-03,2019020301004719,PIC,1,41,11,"1,033.00","11,363.00"
2019-02-03,2019020301004711,PIC,1,41,11,"1,033.00","11,363.00"
2019-02-03,2019020301004568,PIC,36,47,11,"1,039.00","11,429.00"
2019-02-03,2019020301004566,PIC,34,14,10,"1,039.00","10,390.00"
2019-02-03,2019020301004582,PLIC,22,51,106,478.00,"50,668.00"
2019-02-03,2019020301004581,PLIC,33,51,894,478.00,"427,332.00"
2019-02-03,2019020301004580,PLIC,16,51,100,478.00,"47,800.00"
2019-02-03,2019020301004579,PLIC,35,51,100,478.00,"47,800.00"
2019-02-03,2019020301004567,PLIC,33,57,106,478.00,"50,668.00"
2019-02-03,2019020301004533,PLIC,39,57,100,479.00,"47,900.00"
2019-02-03,2019020301004532,PLIC,37,57,151,479.00,"72,329.00"
2019-02-03,2019020301004531,PLIC,29,57,50,479.00,"23,950.00"
2019-02-03,2019020301004392,PLIC,49,34,20,480.00,"9,600.00"
2019-02-03,2019020301004309,PLIC,56,34,50,480.00,"24,000.00"
2019-02-03,2019020301004476,PMHPL,10,48,10,106.00,"1,060.00"
2019-02-03,2019020301004458,PMHPL,10,48,10,106.00,"1,060.00"
2019-02-03,2019020301004452,PMHPL,10,48,10,106.00,"1,060.00"
2019-02-03,2019020301004448,PMHPL,10,48,10,106.00,"1,060.00"
2019-02-03,2019020301004429,PMHPL,10,48,10,106.00,"1,060.00"
2019-02-03,2019020301004414,PMHPL,10,48,10,106.00,"1,060.00"
2019-02-03,2019020301004402,PMHPL,10,48,10,106.00,"1,060.00"
2019-02-03,2019020301004393,PMHPL,10,48,10,106.00,"1,060.00"
2019-02-03,2019020301004345,PRIN,29,52,87,441.00,"38,367.00"
2019-02-03,2019020301004344,PRIN,29,38,34,440.00,"14,960.00"
2019-02-03,2019020301004775,PRVU,45,33,50,242.00,"12,100.00"
2019-02-03,2019020301004763,PRVU,45,33,101,242.00,"24,442.00"
2019-02-03,2019020301004727,PRVU,45,38,99,242.00,"23,958.00"
2019-02-03,2019020301004726,PRVU,45,38,250,242.00,"60,500.00"
2019-02-03,2019020301004725,PRVU,42,38,195,242.00,"47,190.00"
2019-02-03,2019020301004658,PRVU,45,45,100,243.00,"24,300.00"
2019-02-03,2019020301004349,PRVU,14,44,"1,000",242.00,"242,000.00"
2019-02-03,2019020301004348,PRVU,14,44,"1,000",242.00,"242,000.00"
2019-02-03,2019020301004347,PRVU,19,44,500,242.00,"121,000.00"
2019-02-03,2019020301004346,PRVU,49,44,462,242.00,"111,804.00"
2019-02-03,2019020301004595,PRVU,42,41,16,242.00,"3,872.00"
2019-02-03,2019020301004548,PRVU,42,59,36,242.00,"8,712.00"
2019-02-03,2019020301004447,PRVU,42,42,16,242.00,"3,872.00"
2019-02-03,2019020301004404,PRVU,42,33,221,242.00,"53,482.00"
2019-02-03,2019020301004351,PRVU,42,44,16,242.00,"3,872.00"
2019-02-03,2019020301004350,PRVU,8,44,300,242.00,"72,600.00"
2019-02-03,2019020301004664,RBCL,57,57,20,"9,351.00","187,020.00"
2019-02-03,2019020301004322,RBCL,5,36,20,"9,400.00","188,000.00"
2019-02-03,2019020301004354,RHPC,11,13,17,97.00,"1,649.00"
2019-02-03,2019020301004424,RLFL,35,25,201,116.00,"23,316.00"
2019-02-03,2019020301004308,RLFL,35,57,256,116.00,"29,696.00"
2019-02-03,2019020301004574,RMDC,44,16,35,543.00,"19,005.00"
2019-02-03,2019020301004573,RMDC,51,16,10,543.00,"5,430.00"
2019-02-03,2019020301004765,RRHP,54,18,10,98.00,980.00
2019-02-03,2019020301004656,RSDC,1,44,57,381.00,"21,717.00"
2019-02-03,2019020301004437,RSDC,1,25,45,381.00,"17,145.00"
2019-02-03,2019020301004436,RSDC,1,25,20,382.00,"7,640.00"
2019-02-03,2019020301004632,SANIMA,25,50,50,300.00,"15,000.00"
2019-02-03,2019020301004631,SANIMA,25,33,311,300.00,"93,300.00"
2019-02-03,2019020301004565,SANIMA,21,33,100,300.00,"30,000.00"
2019-02-03,2019020301004564,SANIMA,41,33,200,300.00,"60,000.00"
2019-02-03,2019020301004563,SANIMA,42,33,158,300.00,"47,400.00"
2019-02-03,2019020301004497,SANIMA,42,33,342,300.00,"102,600.00"
2019-02-03,2019020301004490,SANIMA,29,33,200,300.00,"60,000.00"
2019-02-03,2019020301004489,SANIMA,16,33,30,300.00,"9,000.00"
2019-02-03,2019020301004480,SANIMA,16,42,150,300.00,"45,000.00"
2019-02-03,2019020301004479,SANIMA,49,42,240,300.00,"72,000.00"
2019-02-03,2019020301004496,SANIMA,45,33,"1,000",300.00,"300,000.00"
2019-02-03,2019020301004495,SANIMA,34,33,20,300.00,"6,000.00"
2019-02-03,2019020301004494,SANIMA,56,33,100,300.00,"30,000.00"
2019-02-03,2019020301004493,SANIMA,25,33,"1,000",300.00,"300,000.00"
2019-02-03,2019020301004492,SANIMA,13,33,"1,000",300.00,"300,000.00"
2019-02-03,2019020301004491,SANIMA,48,33,20,300.00,"6,000.00"
2019-02-03,2019020301004572,SBI,29,56,200,380.00,"76,000.00"
2019-02-03,2019020301004571,SBI,49,56,18,380.00,"6,840.00"
2019-02-03,2019020301004738,SBL,6,39,3,285.00,855.00
2019-02-03,2019020301004735,SBL,32,38,81,282.00,"22,842.00"
2019-02-03,2019020301004734,SBL,34,38,200,283.00,"56,600.00"
2019-02-03,2019020301004733,SBL,17,38,50,283.00,"14,150.00"
2019-02-03,2019020301004732,SBL,47,38,96,283.00,"27,168.00"
2019-02-03,2019020301004653,SBL,47,44,14,283.00,"3,962.00"
2019-02-03,2019020301004484,SBL,47,42,32,283.00,"9,056.00"
2019-02-03,2019020301004305,SBL,6,46,20,285.00,"5,700.00"
2019-02-03,2019020301004670,SCB,35,32,30,564.00,"16,920.00"
2019-02-03,2019020301004570,SCB,7,25,30,565.00,"16,950.00"
2019-02-03,2019020301004713,SHL,58,10,896,202.00,"180,992.00"
2019-02-03,2019020301004712,SHL,58,10,104,203.00,"21,112.00"
2019-02-03,2019020301004583,SHPC,10,16,39,228.00,"8,892.00"
2019-02-03,2019020301004512,SHPC,10,42,33,228.00,"7,524.00"
2019-02-03,2019020301004456,SHPC,10,53,20,228.00,"4,560.00"
2019-02-03,2019020301004290,SIC,1,10,200,"1,305.00","261,000.00"
2019-02-03,2019020301004703,SIL,52,49,30,625.00,"18,750.00"
2019-02-03,2019020301004451,SIL,44,34,60,630.00,"37,800.00"
2019-02-03,2019020301004769,SKBBL,28,7,100,867.00,"86,700.00"
2019-02-03,2019020301004721,SKBBL,28,1,50,867.00,"43,350.00"
2019-02-03,2019020301004590,SKBBL,28,16,32,867.00,"27,744.00"
2019-02-03,2019020301004648,SLBBL,14,49,30,520.00,"15,600.00"
2019-02-03,2019020301004689,SLICL,42,34,65,549.00,"35,685.00"
2019-02-03,2019020301004553,SLICL,22,55,"1,000",542.00,"542,000.00"
2019-02-03,2019020301004432,SLICL,55,34,12,541.00,"6,492.00"
2019-02-03,2019020301004431,SLICL,35,34,10,543.00,"5,430.00"
2019-02-03,2019020301004613,SMATA,58,49,15,"1,234.00","18,510.00"
2019-02-03,2019020301004428,SMATA,42,22,200,"1,258.00","251,600.00"
2019-02-03,2019020301004427,SMATA,28,22,128,"1,260.00","161,280.00"
2019-02-03,2019020301004339,SMATA,28,34,72,"1,260.00","90,720.00"
2019-02-03,2019020301004338,SMATA,45,34,100,"1,265.00","126,500.00"
2019-02-03,2019020301004337,SMATA,1,34,50,"1,266.00","63,300.00"
2019-02-03,2019020301004336,SMATA,22,34,30,"1,270.00","38,100.00"
2019-02-03,2019020301004335,SMATA,42,34,150,"1,270.00","190,500.00"
2019-02-03,2019020301004334,SMATA,41,34,10,"1,270.00","12,700.00"
2019-02-03,2019020301004333,SMATA,41,34,10,"1,270.00","12,700.00"
2019-02-03,2019020301004332,SMATA,57,34,38,"1,272.00","48,336.00"
2019-02-03,2019020301004416,SMFDB,39,45,90,705.00,"63,450.00"
2019-02-03,2019020301004415,SMFDB,42,45,10,705.00,"7,050.00"
2019-02-03,2019020301004315,SMFDB,42,44,10,705.00,"7,050.00"
2019-02-03,2019020301004516,SWBBL,17,52,60,843.00,"50,580.00"
2019-02-03,2019020301004515,SWBBL,46,52,100,843.00,"84,300.00"
2019-02-03,2019020301004514,SWBBL,52,52,20,844.00,"16,880.00"
2019-02-03,2019020301004513,SWBBL,17,52,20,845.00,"16,900.00"
2019-02-03,2019020301004323,UIC,5,44,29,760.00,"22,040.00"
2019-02-03,2019020301004723,UMHL,46,45,390,115.00,"44,850.00"
2019-02-03,2019020301004470,UMHL,47,45,100,115.00,"11,500.00"
2019-02-03,2019020301004469,UMHL,43,45,10,115.00,"1,150.00"
2019-02-03,2019020301004710,UPPER,20,56,40,252.00,"10,080.00"
2019-02-03,2019020301004705,UPPER,20,56,50,252.00,"12,600.00"
2019-02-03,2019020301004704,UPPER,36,44,40,253.00,"10,120.00"
2019-02-03,2019020301004696,UPPER,48,56,43,253.00,"10,879.00"
2019-02-03,2019020301004685,UPPER,48,56,50,253.00,"12,650.00"
2019-02-03,2019020301004679,UPPER,48,56,40,253.00,"10,120.00"
2019-02-03,2019020301004288,UPPER,48,21,72,253.00,"18,216.00"
2019-02-03,2019020301004286,UPPER,48,48,50,253.00,"12,650.00"
2019-02-03,2019020301004295,UPPER,41,22,50,254.00,"12,700.00"
2019-02-03,2019020301004294,UPPER,41,22,10,254.00,"2,540.00"
2019-02-03,2019020301004293,UPPER,41,7,40,254.00,"10,160.00"
2019-02-03,2019020301004292,UPPER,41,7,50,254.00,"12,700.00"
2019-02-03,2019020301004291,UPPER,41,7,50,254.00,"12,700.00"
2019-02-03,2019020301004289,UPPER,48,14,40,253.00,"10,120.00"
2019-02-03,2019020301004303,UPPER,41,44,50,254.00,"12,700.00"
2019-02-03,2019020301004300,UPPER,41,13,40,254.00,"10,160.00"
2019-02-03,2019020301004299,UPPER,41,13,40,254.00,"10,160.00"
2019-02-03,2019020301004298,UPPER,41,33,146,254.00,"37,084.00"
2019-02-03,2019020301004297,UPPER,41,58,40,254.00,"10,160.00"
2019-02-03,2019020301004296,UPPER,41,58,40,254.00,"10,160.00"
2019-02-03,2019020301004355,UPPER,48,26,50,253.00,"12,650.00"
2019-02-03,2019020301004342,UPPER,41,16,34,254.00,"8,636.00"
2019-02-03,2019020301004317,UPPER,41,14,40,254.00,"10,160.00"
2019-02-03,2019020301004316,UPPER,41,11,40,254.00,"10,160.00"
2019-02-03,2019020301004312,UPPER,41,44,40,254.00,"10,160.00"
2019-02-03,2019020301004306,UPPER,41,14,40,254.00,"10,160.00"
2019-02-03,2019020301004361,UPPER,17,6,50,255.00,"12,750.00"
2019-02-03,2019020301004360,UPPER,17,47,50,255.00,"12,750.00"
2019-02-03,2019020301004359,UPPER,17,50,50,255.00,"12,750.00"
2019-02-03,2019020301004358,UPPER,17,26,140,255.00,"35,700.00"
2019-02-03,2019020301004357,UPPER,17,8,50,255.00,"12,750.00"
2019-02-03,2019020301004356,UPPER,17,14,40,254.00,"10,160.00"
2019-02-03,2019020301004367,UPPER,17,57,50,255.00,"12,750.00"
2019-02-03,2019020301004366,UPPER,17,57,40,255.00,"10,200.00"
2019-02-03,2019020301004365,UPPER,17,57,40,255.00,"10,200.00"
2019-02-03,2019020301004364,UPPER,17,40,50,255.00,"12,750.00"
2019-02-03,2019020301004363,UPPER,17,6,40,255.00,"10,200.00"
2019-02-03,2019020301004362,UPPER,17,6,50,255.00,"12,750.00"
2019-02-03,2019020301004373,UPPER,17,11,50,255.00,"12,750.00"
2019-02-03,2019020301004372,UPPER,17,11,40,255.00,"10,200.00"
2019-02-03,2019020301004371,UPPER,17,11,50,255.00,"12,750.00"
2019-02-03,2019020301004370,UPPER,17,43,50,255.00,"12,750.00"
2019-02-03,2019020301004369,UPPER,17,57,40,255.00,"10,200.00"
2019-02-03,2019020301004368,UPPER,17,57,40,255.00,"10,200.00"
2019-02-03,2019020301004410,UPPER,41,47,30,254.00,"7,620.00"
2019-02-03,2019020301004400,UPPER,41,47,30,254.00,"7,620.00"
2019-02-03,2019020301004389,UPPER,41,7,50,254.00,"12,700.00"
2019-02-03,2019020301004376,UPPER,48,21,72,253.00,"18,216.00"
2019-02-03,2019020301004375,UPPER,17,11,30,255.00,"7,650.00"
2019-02-03,2019020301004374,UPPER,17,11,50,255.00,"12,750.00"
2019-02-03,2019020301004446,UPPER,41,33,24,254.00,"6,096.00"
2019-02-03,2019020301004445,UPPER,41,33,16,254.00,"4,064.00"
2019-02-03,2019020301004430,UPPER,41,44,40,254.00,"10,160.00"
2019-02-03,2019020301004423,UPPER,41,21,72,254.00,"18,288.00"
2019-02-03,2019020301004421,UPPER,41,33,40,254.00,"10,160.00"
2019-02-03,2019020301004411,UPPER,41,21,72,254.00,"18,288.00"
2019-02-03,2019020301004483,UPPER,41,56,40,254.00,"10,160.00"
2019-02-03,2019020301004482,UPPER,41,47,50,254.00,"12,700.00"
2019-02-03,2019020301004475,UPPER,41,48,40,254.00,"10,160.00"
2019-02-03,2019020301004474,UPPER,41,44,50,254.00,"12,700.00"
2019-02-03,2019020301004473,UPPER,41,56,50,254.00,"12,700.00"
2019-02-03,2019020301004459,UPPER,41,48,50,254.00,"12,700.00"
2019-02-03,2019020301004551,UPPER,41,42,50,254.00,"12,700.00"
2019-02-03,2019020301004541,UPPER,41,56,50,254.00,"12,700.00"
2019-02-03,2019020301004539,UPPER,41,59,50,254.00,"12,700.00"
2019-02-03,2019020301004521,UPPER,41,56,40,254.00,"10,160.00"
2019-02-03,2019020301004486,UPPER,41,48,40,254.00,"10,160.00"
2019-02-03,2019020301004615,UPPER,41,18,200,254.00,"50,800.00"
2019-02-03,2019020301004610,UPPER,41,56,40,254.00,"10,160.00"
2019-02-03,2019020301004598,UPPER,41,56,50,254.00,"12,700.00"
2019-02-03,2019020301004585,UPPER,41,56,50,254.00,"12,700.00"
2019-02-03,2019020301004575,UPPER,41,56,40,254.00,"10,160.00"
2019-02-03,2019020301004552,UPPER,41,56,40,254.00,"10,160.00"
2019-02-03,2019020301004663,UPPER,48,56,40,253.00,"10,120.00"
2019-02-03,2019020301004654,UPPER,48,56,40,253.00,"10,120.00"
2019-02-03,2019020301004639,UPPER,48,56,40,253.00,"10,120.00"
2019-02-03,2019020301004628,UPPER,41,16,6,254.00,"1,524.00"
2019-02-03,2019020301004627,UPPER,41,42,40,254.00,"10,160.00"
2019-02-03,2019020301004717,VLBS,45,11,24,705.00,"16,920.00"
2019-02-03,2019020301004714,VLBS,45,43,10,705.00,"7,050.00"
2019-02-03,2019020301004706,VLBS,45,28,56,705.00,"39,480.00"
2019-02-03,2019020301004629,VLBS,45,54,10,705.00,"7,050.00"
2019-02-03,2019020301004578,WOMI,16,8,33,"1,150.00","37,950.00"
2019-02-03,2019020301003954,ADBL,6,40,33,338.00,"11,154.00"
2019-02-03,2019020301003953,ADBL,46,40,500,338.00,"169,000.00"
2019-02-03,2019020301003952,ADBL,32,40,10,338.00,"3,380.00"
2019-02-03,2019020301003951,ADBL,14,40,457,338.00,"154,466.00"
2019-02-03,2019020301003942,ADBL,14,26,13,338.00,"4,394.00"
2019-02-03,2019020301004264,AKJCL,25,42,10,84.00,840.00
2019-02-03,2019020301004143,AKJCL,25,37,10,84.00,840.00
2019-02-03,2019020301004029,AKJCL,25,44,10,84.00,840.00
2019-02-03,2019020301004020,AKJCL,25,37,10,84.00,840.00
2019-02-03,2019020301004000,AKJCL,25,37,20,84.00,"1,680.00"
2019-02-03,2019020301003996,AKJCL,25,44,10,84.00,840.00
2019-02-03,2019020301003794,AKJCL,29,39,20,84.00,"1,680.00"
2019-02-03,2019020301003793,AKJCL,29,39,20,84.00,"1,680.00"
2019-02-03,2019020301003792,AKJCL,29,26,10,84.00,840.00
2019-02-03,2019020301004268,AKPL,58,42,10,182.00,"1,820.00"
2019-02-03,2019020301004267,AKPL,58,42,10,184.00,"1,840.00"
2019-02-03,2019020301004107,AKPL,22,41,10,184.00,"1,840.00"
2019-02-03,2019020301003963,ALICL,11,57,10,610.00,"6,100.00"
2019-02-03,2019020301003949,ALICL,54,13,37,609.00,"22,533.00"
2019-02-03,2019020301004162,AMFI,44,41,10,728.00,"7,280.00"
2019-02-03,2019020301004155,AMFI,44,10,10,728.00,"7,280.00"
2019-02-03,2019020301004028,AMFI,38,38,10,729.00,"7,290.00"
2019-02-03,2019020301004273,API,37,42,14,138.00,"1,932.00"
2019-02-03,2019020301004225,API,37,32,18,138.00,"2,484.00"
2019-02-03,2019020301004168,API,34,41,11,137.00,"1,507.00"
2019-02-03,2019020301004099,API,34,16,28,137.00,"3,836.00"
2019-02-03,2019020301003971,API,34,13,18,137.00,"2,466.00"
2019-02-03,2019020301003915,API,34,16,28,137.00,"3,836.00"
2019-02-03,2019020301003871,API,34,26,700,137.00,"95,900.00"
2019-02-03,2019020301003870,API,54,26,100,137.00,"13,700.00"
2019-02-03,2019020301003869,API,13,26,"1,000",137.00,"137,000.00"
2019-02-03,2019020301003868,API,43,26,500,138.00,"69,000.00"
2019-02-03,2019020301003867,API,42,26,200,138.00,"27,600.00"
2019-02-03,2019020301003816,API,7,13,39,139.00,"5,421.00"
2019-02-03,2019020301004274,BARUN,45,13,10,102.00,"1,020.00"
2019-02-03,2019020301004065,BARUN,45,58,10,102.00,"1,020.00"
2019-02-03,2019020301004064,BARUN,45,58,10,102.00,"1,020.00"
2019-02-03,2019020301004169,BNT,33,59,30,"6,303.00","189,090.00"
2019-02-03,2019020301004269,BOKL,36,46,246,248.00,"61,008.00"
2019-02-03,2019020301004263,BOKL,36,25,706,248.00,"175,088.00"
2019-02-03,2019020301004262,BOKL,1,25,100,248.00,"24,800.00"
2019-02-03,2019020301004261,BOKL,50,25,100,248.00,"24,800.00"
2019-02-03,2019020301004260,BOKL,36,25,94,248.00,"23,312.00"
2019-02-03,2019020301004127,BOKL,29,19,25,249.00,"6,225.00"
2019-02-03,2019020301004126,BOKL,56,19,50,249.00,"12,450.00"
2019-02-03,2019020301004081,BOKL,58,19,150,249.00,"37,350.00"
2019-02-03,2019020301004072,BOKL,58,11,50,249.00,"12,450.00"
2019-02-03,2019020301004034,BPCL,57,19,300,357.00,"107,100.00"
2019-02-03,2019020301004080,CBBL,7,54,200,885.00,"177,000.00"
2019-02-03,2019020301004069,CBBL,46,58,300,884.00,"265,200.00"
2019-02-03,2019020301004003,CBBL,29,58,200,884.00,"176,800.00"
2019-02-03,2019020301003955,CBBL,29,35,310,883.00,"273,730.00"
2019-02-03,2019020301003932,CBBL,29,56,190,883.00,"167,770.00"
2019-02-03,2019020301003864,CBBL,51,56,10,883.00,"8,830.00"
2019-02-03,2019020301004253,CBL,42,22,19,157.00,"2,983.00"
2019-02-03,2019020301004188,CBL,51,38,96,157.00,"15,072.00"
2019-02-03,2019020301004187,CBL,39,38,34,157.00,"5,338.00"
2019-02-03,2019020301004103,CBL,39,16,148,157.00,"23,236.00"
2019-02-03,2019020301004083,CBL,39,11,18,157.00,"2,826.00"
2019-02-03,2019020301004082,CBL,34,11,122,157.00,"19,154.00"
2019-02-03,2019020301003808,CBL,53,32,"2,000",158.00,"316,000.00"
2019-02-03,2019020301003950,CBL,34,26,46,157.00,"7,222.00"
2019-02-03,2019020301003813,CBL,42,32,100,158.00,"15,800.00"
2019-02-03,2019020301003812,CBL,51,32,"1,000",158.00,"158,000.00"
2019-02-03,2019020301003811,CBL,1,32,25,158.00,"3,950.00"
2019-02-03,2019020301003810,CBL,6,32,100,158.00,"15,800.00"
2019-02-03,2019020301003809,CBL,42,32,50,158.00,"7,900.00"
2019-02-03,2019020301004280,CCBL,58,42,93,167.00,"15,531.00"
2019-02-03,2019020301004212,CCBL,49,52,17,168.00,"2,856.00"
2019-02-03,2019020301004208,CCBL,58,49,17,167.00,"2,839.00"
2019-02-03,2019020301004156,CCBL,25,52,45,168.00,"7,560.00"
2019-02-03,2019020301003825,CCBL,58,52,106,167.00,"17,702.00"
2019-02-03,2019020301004207,CHCL,1,10,52,520.00,"27,040.00"
2019-02-03,2019020301004206,CHCL,39,10,30,521.00,"15,630.00"
2019-02-03,2019020301004049,CHL,47,34,10,97.00,970.00
2019-02-03,2019020301004185,CIT,50,26,10,"2,718.00","27,180.00"
2019-02-03,2019020301003857,CIT,25,47,19,"2,725.00","51,775.00"
2019-02-03,2019020301003804,CIT,25,28,180,"2,725.00","490,500.00"
2019-02-03,2019020301003803,CIT,7,28,20,"2,726.00","54,520.00"
2019-02-03,2019020301003802,CIT,50,28,50,"2,726.00","136,300.00"
2019-02-03,2019020301004256,CZBIL,48,32,200,207.00,"41,400.00"
2019-02-03,2019020301004092,CZBIL,1,11,145,206.00,"29,870.00"
2019-02-03,2019020301004068,CZBIL,45,45,30,207.00,"6,210.00"
2019-02-03,2019020301004067,CZBIL,45,45,115,207.00,"23,805.00"
2019-02-03,2019020301004066,CZBIL,55,45,15,207.00,"3,105.00"
2019-02-03,2019020301004013,CZBIL,55,33,83,207.00,"17,181.00"
2019-02-03,2019020301003835,CZBIL,55,25,402,207.00,"83,214.00"
2019-02-03,2019020301003834,CZBIL,14,25,13,207.00,"2,691.00"
2019-02-03,2019020301003833,CZBIL,18,25,85,208.00,"17,680.00"
2019-02-03,2019020301003815,CZBIL,18,22,605,208.00,"125,840.00"
2019-02-03,2019020301004167,DBBL,10,58,500,126.00,"63,000.00"
2019-02-03,2019020301004033,DBBL,32,22,21,125.00,"2,625.00"
2019-02-03,2019020301004032,DBBL,32,52,144,125.00,"18,000.00"
2019-02-03,2019020301003930,DBBL,58,16,451,124.00,"55,924.00"
2019-02-03,2019020301004277,EBL,6,19,286,522.00,"149,292.00"
2019-02-03,2019020301004255,EBL,22,19,100,522.00,"52,200.00"
2019-02-03,2019020301003927,EBL,6,32,856,522.00,"446,832.00"
2019-02-03,2019020301003925,EBL,48,32,200,522.00,"104,400.00"
2019-02-03,2019020301003877,EBL,7,32,50,521.00,"26,050.00"
2019-02-03,2019020301003876,EBL,44,32,500,521.00,"260,500.00"
2019-02-03,2019020301003875,EBL,42,32,42,521.00,"21,882.00"
2019-02-03,2019020301003822,EBL,42,25,58,521.00,"30,218.00"
2019-02-03,2019020301003806,EBL,6,25,200,521.00,"104,200.00"
2019-02-03,2019020301003799,FMDBL,1,45,140,373.00,"52,220.00"
2019-02-03,2019020301003798,FMDBL,14,45,150,373.00,"55,950.00"
2019-02-03,2019020301003797,FMDBL,36,45,200,374.00,"74,800.00"
2019-02-03,2019020301003796,FMDBL,55,45,10,377.00,"3,770.00"
2019-02-03,2019020301003843,GBBL,36,52,153,184.00,"28,152.00"
2019-02-03,2019020301003842,GBBL,55,52,347,185.00,"64,195.00"
2019-02-03,2019020301004136,GBIME,56,25,50,268.00,"13,400.00"
2019-02-03,2019020301004134,GBIME,26,16,429,265.00,"113,685.00"
2019-02-03,2019020301004133,GBIME,47,16,330,266.00,"87,780.00"
2019-02-03,2019020301004132,GBIME,51,16,571,266.00,"151,886.00"
2019-02-03,2019020301004010,GBIME,4,4,"11,335",267.00,"3,026,445.00"
2019-02-03,2019020301003964,GBIME,51,26,11,266.00,"2,926.00"
2019-02-03,2019020301003946,GBIME,51,16,218,266.00,"57,988.00"
2019-02-03,2019020301003945,GBIME,34,16,599,266.00,"159,334.00"
2019-02-03,2019020301003972,GBLBS,42,58,30,439.00,"13,170.00"
2019-02-03,2019020301003931,GBLBS,4,4,"8,133",440.00,"3,578,520.00"
2019-02-03,2019020301003841,GBLBS,32,32,10,440.00,"4,400.00"
2019-02-03,2019020301003904,GDBL,55,13,500,183.00,"91,500.00"
2019-02-03,2019020301004122,GLICL,44,44,382,707.00,"270,074.00"
2019-02-03,2019020301003995,GLICL,11,5,30,709.00,"21,270.00"
2019-02-03,2019020301004282,HIDCL,10,13,22,139.00,"3,058.00"
2019-02-03,2019020301004240,HIDCL,10,22,87,139.00,"12,093.00"
2019-02-03,2019020301004223,HIDCL,10,32,112,139.00,"15,568.00"
2019-02-03,2019020301004211,HIDCL,10,46,261,139.00,"36,279.00"
