Date,Transact. No.,Symbol,Buyer,Seller,Quantity,Rate,Amount
2019-02-14,2019021401005741,ADBL,10,28,100,330.00,"33,000.00"
2019-02-14,2019021401005716,ADBL,35,28,300,329.00,"98,700.00"
2019-02-14,2019021401005422,ADBL,36,42,500,329.00,"164,500.00"
2019-02-14,2019021401005421,ADBL,36,17,165,329.00,"54,285.00"
2019-02-14,2019021401005414,ADBL,19,21,100,328.00,"32,800.00"
2019-02-14,2019021401005413,ADBL,42,21,100,328.00,"32,800.00"
2019-02-14,2019021401005452,AHPC,39,21,812,98.00,"79,576.00"
2019-02-14,2019021401005451,AHPC,47,21,150,99.00,"14,850.00"
2019-02-14,2019021401005860,AKJCL,41,34,10,81.00,810.00
2019-02-14,2019021401005847,AKJCL,41,51,20,81.00,"1,620.00"
2019-02-14,2019021401005831,AKJCL,45,51,20,82.00,"1,640.00"
2019-02-14,2019021401005806,AKJCL,45,51,20,82.00,"1,640.00"
2019-02-14,2019021401005788,AKJCL,45,51,10,82.00,820.00
2019-02-14,2019021401005760,AKJCL,45,51,10,82.00,820.00
2019-02-14,2019021401005665,AKJCL,39,51,20,82.00,"1,640.00"
2019-02-14,2019021401005652,AKJCL,39,51,10,82.00,820.00
2019-02-14,2019021401005639,AKJCL,39,51,20,82.00,"1,640.00"
2019-02-14,2019021401005629,AKJCL,39,51,10,82.00,820.00
2019-02-14,2019021401005623,AKJCL,29,51,10,83.00,830.00
2019-02-14,2019021401005567,AKJCL,29,51,10,83.00,830.00
2019-02-14,2019021401005748,AKJCL,45,51,20,82.00,"1,640.00"
2019-02-14,2019021401005724,AKJCL,45,51,10,82.00,820.00
2019-02-14,2019021401005708,AKJCL,21,51,10,82.00,820.00
2019-02-14,2019021401005697,AKJCL,21,51,10,82.00,820.00
2019-02-14,2019021401005683,AKJCL,21,51,20,82.00,"1,640.00"
2019-02-14,2019021401005675,AKJCL,29,51,20,82.00,"1,640.00"
2019-02-14,2019021401005432,AKPL,19,1,322,163.00,"52,486.00"
2019-02-14,2019021401005799,ALICL,49,57,10,580.00,"5,800.00"
2019-02-14,2019021401005565,API,25,25,12,129.00,"1,548.00"
2019-02-14,2019021401005545,API,54,28,89,127.00,"11,303.00"
2019-02-14,2019021401005544,API,58,28,700,127.00,"88,900.00"
2019-02-14,2019021401005465,API,39,21,171,127.00,"21,717.00"
2019-02-14,2019021401005464,API,35,21,200,128.00,"25,600.00"
2019-02-14,2019021401005463,API,21,21,250,128.00,"32,000.00"
2019-02-14,2019021401005462,API,37,21,200,128.00,"25,600.00"
2019-02-14,2019021401005461,API,46,21,420,128.00,"53,760.00"
2019-02-14,2019021401005385,API,3,25,18,129.00,"2,322.00"
2019-02-14,2019021401005543,API,48,28,50,127.00,"6,350.00"
2019-02-14,2019021401005542,API,43,28,20,127.00,"2,540.00"
2019-02-14,2019021401005541,API,53,28,141,127.00,"17,907.00"
2019-02-14,2019021401005468,API,53,21,359,127.00,"45,593.00"
2019-02-14,2019021401005467,API,42,21,200,127.00,"25,400.00"
2019-02-14,2019021401005466,API,6,21,200,127.00,"25,400.00"
2019-02-14,2019021401005780,BHBL,14,4,"1,000",139.00,"139,000.00"
2019-02-14,2019021401005779,BHBL,1,4,100,140.00,"14,000.00"
2019-02-14,2019021401005803,BNT,14,28,10,"6,424.00","64,240.00"
2019-02-14,2019021401005802,BNT,14,28,10,"6,424.00","64,240.00"
2019-02-14,2019021401005801,BNT,14,28,20,"6,500.00","130,000.00"
2019-02-14,2019021401005625,BOKL,6,42,30,234.00,"7,020.00"
2019-02-14,2019021401005502,BOKL,52,21,201,233.00,"46,833.00"
2019-02-14,2019021401005501,BOKL,8,21,500,233.00,"116,500.00"
2019-02-14,2019021401005500,BOKL,43,21,200,233.00,"46,600.00"
2019-02-14,2019021401005499,BOKL,58,21,73,233.00,"17,009.00"
2019-02-14,2019021401005498,BOKL,44,21,"1,000",234.00,"234,000.00"
2019-02-14,2019021401005471,BPCL,17,29,30,348.00,"10,440.00"
2019-02-14,2019021401005533,BPCL,33,17,30,348.00,"10,440.00"
2019-02-14,2019021401005472,BPCL,17,17,170,348.00,"59,160.00"
2019-02-14,2019021401005677,CBBL,47,17,10,864.00,"8,640.00"
2019-02-14,2019021401005678,CBBL,47,33,400,864.00,"345,600.00"
2019-02-14,2019021401005855,CBL,51,6,501,151.00,"75,651.00"
2019-02-14,2019021401005517,CBL,39,21,400,150.00,"60,000.00"
2019-02-14,2019021401005516,CBL,6,21,100,151.00,"15,100.00"
2019-02-14,2019021401005515,CBL,45,21,200,151.00,"30,200.00"
2019-02-14,2019021401005514,CBL,49,21,500,151.00,"75,500.00"
2019-02-14,2019021401005445,CBL,22,6,20,152.00,"3,040.00"
2019-02-14,2019021401005628,CCBL,47,37,200,160.00,"32,000.00"
2019-02-14,2019021401005547,CCBL,7,37,100,160.00,"16,000.00"
2019-02-14,2019021401005523,CCBL,17,21,873,159.00,"138,807.00"
2019-02-14,2019021401005522,CCBL,29,21,527,159.00,"83,793.00"
2019-02-14,2019021401005484,CCBL,22,37,10,160.00,"1,600.00"
2019-02-14,2019021401005450,CCBL,29,3,10,159.00,"1,590.00"
2019-02-14,2019021401005417,CCBL,47,37,200,160.00,"32,000.00"
2019-02-14,2019021401005405,CCBL,19,37,100,160.00,"16,000.00"
2019-02-14,2019021401005387,CFCL,44,42,681,110.00,"74,910.00"
2019-02-14,2019021401005672,CHCL,6,25,291,506.00,"147,246.00"
2019-02-14,2019021401005528,CHCL,16,21,100,505.00,"50,500.00"
2019-02-14,2019021401005834,CIT,14,1,75,"2,550.00","191,250.00"
2019-02-14,2019021401005747,CIT,5,36,28,"2,549.00","71,372.00"
2019-02-14,2019021401005732,CIT,4,36,50,"2,550.00","127,500.00"
2019-02-14,2019021401005719,CIT,35,36,176,"2,551.00","448,976.00"
2019-02-14,2019021401005713,CIT,35,19,74,"2,551.00","188,774.00"
2019-02-14,2019021401005712,CIT,19,19,20,"2,552.00","51,040.00"
2019-02-14,2019021401005510,CIT,4,1,450,"2,550.00","1,147,500.00"
2019-02-14,2019021401005420,CIT,33,40,144,"2,549.00","367,056.00"
2019-02-14,2019021401005399,CZBIL,44,1,40,203.00,"8,120.00"
2019-02-14,2019021401005550,DBBL,14,42,96,123.00,"11,808.00"
2019-02-14,2019021401005479,DBBL,3,42,35,123.00,"4,305.00"
2019-02-14,2019021401005469,DBBL,58,3,35,122.00,"4,270.00"
2019-02-14,2019021401005861,DDBL,44,49,10,585.00,"5,850.00"
2019-02-14,2019021401005820,DDBL,56,28,200,576.00,"115,200.00"
2019-02-14,2019021401005819,DDBL,56,45,32,575.00,"18,400.00"
2019-02-14,2019021401005818,DDBL,56,10,150,570.00,"85,500.00"
2019-02-14,2019021401005384,DDBL,39,18,15,568.00,"8,520.00"
2019-02-14,2019021401005383,DDBL,29,18,85,569.00,"48,365.00"
2019-02-14,2019021401005478,DHPL,29,29,11,94.00,"1,034.00"
2019-02-14,2019021401005561,EBL,6,13,140,505.00,"70,700.00"
2019-02-14,2019021401005560,EBL,49,13,60,505.00,"30,300.00"
2019-02-14,2019021401005540,EBL,49,21,40,505.00,"20,200.00"
2019-02-14,2019021401005539,EBL,19,21,50,505.00,"25,250.00"
2019-02-14,2019021401005396,EBL,17,57,500,506.00,"253,000.00"
2019-02-14,2019021401005538,EBL,19,21,10,505.00,"5,050.00"
2019-02-14,2019021401005536,EBL,19,48,40,505.00,"20,200.00"
2019-02-14,2019021401005535,EBL,55,48,200,505.00,"101,000.00"
2019-02-14,2019021401005534,EBL,40,48,167,505.00,"84,335.00"
2019-02-14,2019021401005419,EBL,40,57,133,505.00,"67,165.00"
2019-02-14,2019021401005418,EBL,41,57,400,505.00,"202,000.00"
2019-02-14,2019021401005662,FOWAD,47,26,5,"1,526.00","7,630.00"
2019-02-14,2019021401005661,FOWAD,47,55,15,"1,526.00","22,890.00"
2019-02-14,2019021401005559,FOWAD,47,19,30,"1,526.00","45,780.00"
2019-02-14,2019021401005576,GBBL,36,28,900,182.00,"163,800.00"
2019-02-14,2019021401005575,GBBL,36,59,300,182.00,"54,600.00"
2019-02-14,2019021401005574,GBBL,36,11,300,182.00,"54,600.00"
2019-02-14,2019021401005573,GBBL,36,32,125,182.00,"22,750.00"
2019-02-14,2019021401005572,GBBL,36,13,71,182.00,"12,922.00"
2019-02-14,2019021401005789,GBIME,11,55,100,259.00,"25,900.00"
2019-02-14,2019021401005654,GBIME,47,58,10,258.00,"2,580.00"
2019-02-14,2019021401005837,GBLBS,13,40,10,428.00,"4,280.00"
2019-02-14,2019021401005812,GBLBS,32,45,10,428.00,"4,280.00"
2019-02-14,2019021401005735,GBLBS,25,42,10,424.00,"4,240.00"
2019-02-14,2019021401005734,GBLBS,46,42,40,424.00,"16,960.00"
2019-02-14,2019021401005733,GDBL,46,52,224,180.00,"40,320.00"
2019-02-14,2019021401005846,GUFL,57,58,20,102.00,"2,040.00"
2019-02-14,2019021401005446,GUFL,43,29,40,103.00,"4,120.00"
2019-02-14,2019021401005380,HDL,33,45,20,"1,325.00","26,500.00"
2019-02-14,2019021401005379,HDL,19,45,30,"1,330.00","39,900.00"
2019-02-14,2019021401005858,HGI,52,54,10,377.00,"3,770.00"
2019-02-14,2019021401005585,HIDCL,21,21,225,132.00,"29,700.00"
2019-02-14,2019021401005584,HIDCL,22,21,"1,000",132.00,"132,000.00"
2019-02-14,2019021401005583,HIDCL,1,21,142,132.00,"18,744.00"
2019-02-14,2019021401005582,HIDCL,28,21,"1,000",132.00,"132,000.00"
2019-02-14,2019021401005581,HIDCL,22,21,20,132.00,"2,640.00"
2019-02-14,2019021401005580,HIDCL,47,21,500,132.00,"66,000.00"
2019-02-14,2019021401005579,HIDCL,32,21,113,133.00,"15,029.00"
2019-02-14,2019021401005519,HIDCL,3,44,52,134.00,"6,968.00"
2019-02-14,2019021401005492,HIDCL,32,3,52,133.00,"6,916.00"
2019-02-14,2019021401005673,HPPL,28,47,10,170.00,"1,700.00"
2019-02-14,2019021401005577,HPPL,3,3,10,172.00,"1,720.00"
2019-02-14,2019021401005388,HPPL,28,14,10,170.00,"1,700.00"
2019-02-14,2019021401005591,ICFC,28,21,51,147.00,"7,497.00"
2019-02-14,2019021401005590,ICFC,1,21,50,147.00,"7,350.00"
2019-02-14,2019021401005589,ICFC,49,21,50,147.00,"7,350.00"
2019-02-14,2019021401005645,JBBL,45,11,87,137.00,"11,919.00"
2019-02-14,2019021401005599,JBNL,5,19,132,164.00,"21,648.00"
2019-02-14,2019021401005597,KBL,38,21,400,231.00,"92,400.00"
2019-02-14,2019021401005596,KBL,56,21,200,231.00,"46,200.00"
2019-02-14,2019021401005595,KBL,29,21,100,231.00,"23,100.00"
2019-02-14,2019021401005457,KBL,22,52,10,232.00,"2,320.00"
2019-02-14,2019021401005609,KKHC,3,3,10,81.00,810.00
2019-02-14,2019021401005804,KMCDB,33,50,10,815.00,"8,150.00"
2019-02-14,2019021401005490,KMCDB,32,18,28,801.00,"22,428.00"
2019-02-14,2019021401005489,KMCDB,54,18,30,805.00,"24,150.00"
2019-02-14,2019021401005453,KNBL,17,21,10,122.00,"1,220.00"
2019-02-14,2019021401005832,KPCL,28,13,10,91.00,910.00
2019-02-14,2019021401005456,KPCL,51,13,10,90.00,900.00
2019-02-14,2019021401005614,KPCL,28,21,500,91.00,"45,500.00"
2019-02-14,2019021401005664,LBBL,46,28,"1,399",171.00,"239,229.00"
2019-02-14,2019021401005558,LBBL,33,28,"3,000",171.00,"513,000.00"
2019-02-14,2019021401005488,LBBL,56,39,17,170.00,"2,890.00"
2019-02-14,2019021401005487,LBBL,45,39,10,170.00,"1,700.00"
2019-02-14,2019021401005473,LBBL,22,28,10,171.00,"1,710.00"
2019-02-14,2019021401005416,LBBL,14,28,110,171.00,"18,810.00"
2019-02-14,2019021401005746,LGIL,5,16,100,507.00,"50,700.00"
2019-02-14,2019021401005745,LGIL,5,39,100,504.00,"50,400.00"
2019-02-14,2019021401005730,LGIL,37,13,69,498.00,"34,362.00"
2019-02-14,2019021401005700,LGIL,25,13,100,498.00,"49,800.00"
2019-02-14,2019021401005699,LGIL,34,13,100,498.00,"49,800.00"
2019-02-14,2019021401005698,LGIL,1,13,30,499.00,"14,970.00"
2019-02-14,2019021401005709,LICN,59,22,100,"1,609.00","160,900.00"
2019-02-14,2019021401005428,LLBS,18,18,60,744.00,"44,640.00"
2019-02-14,2019021401005427,LLBS,7,18,40,750.00,"30,000.00"
2019-02-14,2019021401005486,LVF1,37,13,"5,000",9.30,"46,500.00"
2019-02-14,2019021401005485,LVF1,50,13,800,9.30,"7,440.00"
2019-02-14,2019021401005671,MBL,34,21,65,206.00,"13,390.00"
2019-02-14,2019021401005670,MBL,44,21,100,207.00,"20,700.00"
2019-02-14,2019021401005669,MBL,1,21,80,207.00,"16,560.00"
2019-02-14,2019021401005668,MBL,38,21,206,207.00,"42,642.00"
2019-02-14,2019021401005687,MDB,48,45,200,270.00,"54,000.00"
2019-02-14,2019021401005509,MEGA,41,51,59,161.00,"9,499.00"
2019-02-14,2019021401005562,MERO,26,54,50,600.00,"30,000.00"
2019-02-14,2019021401005751,MLBBL,17,38,50,590.00,"29,500.00"
2019-02-14,2019021401005750,MLBBL,58,38,20,595.00,"11,900.00"
2019-02-14,2019021401005749,MLBBL,43,38,30,596.00,"17,880.00"
2019-02-14,2019021401005424,MLBL,7,21,18,163.00,"2,934.00"
2019-02-14,2019021401005423,MLBL,7,21,182,163.00,"29,666.00"
2019-02-14,2019021401005843,MMFDB,58,28,80,957.00,"76,560.00"
2019-02-14,2019021401005842,MMFDB,5,28,50,957.00,"47,850.00"
2019-02-14,2019021401005841,MMFDB,22,28,20,958.00,"19,160.00"
2019-02-14,2019021401005840,MMFDB,41,28,50,960.00,"48,000.00"
2019-02-14,2019021401005681,MNBBL,54,21,75,333.00,"24,975.00"
2019-02-14,2019021401005680,MNBBL,40,21,50,334.00,"16,700.00"
2019-02-14,2019021401005679,MNBBL,58,21,400,334.00,"133,600.00"
2019-02-14,2019021401005610,MNBBL,14,16,313,335.00,"104,855.00"
2019-02-14,2019021401005518,MNBBL,39,16,100,335.00,"33,500.00"
2019-02-14,2019021401005822,MSLB,55,29,15,"1,375.00","20,625.00"
2019-02-14,2019021401005404,MSMBS,25,52,11,523.00,"5,753.00"
2019-02-14,2019021401005554,NABIL,32,21,30,818.00,"24,540.00"
2019-02-14,2019021401005553,NABIL,55,21,50,818.00,"40,900.00"
2019-02-14,2019021401005552,NABIL,41,21,10,819.00,"8,190.00"
2019-02-14,2019021401005551,NABIL,55,21,10,819.00,"8,190.00"
2019-02-14,2019021401005532,NABIL,32,32,40,820.00,"32,800.00"
2019-02-14,2019021401005425,NABIL,41,32,200,820.00,"164,000.00"
2019-02-14,2019021401005853,NABILP,47,47,70,725.00,"50,750.00"
2019-02-14,2019021401005650,NADEP,44,16,50,748.00,"37,400.00"
2019-02-14,2019021401005870,NBB,11,55,198,181.00,"35,838.00"
2019-02-14,2019021401005621,NBB,11,21,415,181.00,"75,115.00"
2019-02-14,2019021401005620,NBB,41,21,85,181.00,"15,385.00"
2019-02-14,2019021401005854,NBL,33,45,10,286.00,"2,860.00"
2019-02-14,2019021401005695,NBL,42,21,951,284.00,"270,084.00"
2019-02-14,2019021401005694,NBL,38,21,100,284.00,"28,400.00"
2019-02-14,2019021401005693,NBL,17,21,100,284.00,"28,400.00"
2019-02-14,2019021401005692,NBL,11,21,100,284.00,"28,400.00"
2019-02-14,2019021401005691,NBL,41,21,100,284.00,"28,400.00"
2019-02-14,2019021401005454,NBL,6,18,14,285.00,"3,990.00"
2019-02-14,2019021401005392,NBL,6,50,986,285.00,"281,010.00"
2019-02-14,2019021401005391,NBL,48,50,14,285.00,"3,990.00"
2019-02-14,2019021401005690,NBL,58,21,260,284.00,"73,840.00"
2019-02-14,2019021401005689,NBL,40,21,175,285.00,"49,875.00"
2019-02-14,2019021401005688,NBL,35,21,214,285.00,"60,990.00"
2019-02-14,2019021401005663,NBL,5,45,300,286.00,"85,800.00"
2019-02-14,2019021401005458,NBL,47,45,200,286.00,"57,200.00"
2019-02-14,2019021401005455,NBL,35,18,86,285.00,"24,510.00"
2019-02-14,2019021401005833,NCCB,33,48,500,205.00,"102,500.00"
2019-02-14,2019021401005711,NCCB,29,5,796,206.00,"163,976.00"
2019-02-14,2019021401005710,NCCB,29,39,"4,204",206.00,"866,024.00"
2019-02-14,2019021401005642,NCCB,46,57,600,205.00,"123,000.00"
2019-02-14,2019021401005640,NCCB,16,33,100,204.00,"20,400.00"
2019-02-14,2019021401005627,NCCB,16,21,368,204.00,"75,072.00"
2019-02-14,2019021401005626,NCCB,59,21,132,204.00,"26,928.00"
2019-02-14,2019021401005526,NCCB,19,57,400,205.00,"82,000.00"
2019-02-14,2019021401005371,NGPL,48,1,300,120.00,"36,000.00"
2019-02-14,2019021401005791,NIB,41,13,119,512.00,"60,928.00"
2019-02-14,2019021401005624,NIB,6,57,50,514.00,"25,700.00"
2019-02-14,2019021401005430,NIB,41,52,14,512.00,"7,168.00"
2019-02-14,2019021401005429,NIB,5,52,23,513.00,"11,799.00"
2019-02-14,2019021401005714,NICA,16,58,40,384.00,"15,360.00"
2019-02-14,2019021401005658,NICA,16,54,60,384.00,"23,040.00"
2019-02-14,2019021401005631,NICA,43,54,100,384.00,"38,400.00"
2019-02-14,2019021401005630,NICA,43,54,40,384.00,"15,360.00"
2019-02-14,2019021401005569,NICA,43,58,40,384.00,"15,360.00"
2019-02-14,2019021401005555,NICA,43,58,80,384.00,"30,720.00"
2019-02-14,2019021401005491,NICA,25,58,300,384.00,"115,200.00"
2019-02-14,2019021401005862,NICGF,50,48,100,8.70,870.00
2019-02-14,2019021401005830,NICL,44,50,228,362.00,"82,536.00"
2019-02-14,2019021401005829,NICL,41,50,100,362.00,"36,200.00"
2019-02-14,2019021401005828,NICL,42,50,100,362.00,"36,200.00"
2019-02-14,2019021401005827,NICL,7,50,50,362.00,"18,100.00"
2019-02-14,2019021401005826,NICL,50,50,100,363.00,"36,300.00"
2019-02-14,2019021401005825,NICL,53,50,156,363.00,"56,628.00"
2019-02-14,2019021401005647,NICL,42,45,100,365.00,"36,500.00"
2019-02-14,2019021401005622,NICL,25,45,100,365.00,"36,500.00"
2019-02-14,2019021401005824,NICL,25,50,100,364.00,"36,400.00"
2019-02-14,2019021401005718,NICL,25,21,900,364.00,"327,600.00"
2019-02-14,2019021401005717,NICL,1,21,100,365.00,"36,500.00"
2019-02-14,2019021401005703,NICL,1,38,40,365.00,"14,600.00"
2019-02-14,2019021401005702,NICL,1,45,60,365.00,"21,900.00"
2019-02-14,2019021401005866,NIL,35,7,10,518.00,"5,180.00"
2019-02-14,2019021401005537,NIL,35,51,363,509.00,"184,767.00"
2019-02-14,2019021401005762,NLBBL,58,6,10,461.00,"4,610.00"
2019-02-14,2019021401005448,NLBBL,4,17,172,460.00,"79,120.00"
2019-02-14,2019021401005851,NLG,25,53,55,786.00,"43,230.00"
2019-02-14,2019021401005850,NLG,39,53,11,786.00,"8,646.00"
2019-02-14,2019021401005849,NLG,51,53,40,786.00,"31,440.00"
2019-02-14,2019021401005848,NLG,49,53,84,787.00,"66,108.00"
2019-02-14,2019021401005729,NLG,25,53,10,795.00,"7,950.00"
2019-02-14,2019021401005707,NLG,49,21,16,787.00,"12,592.00"
2019-02-14,2019021401005706,NLG,58,21,100,787.00,"78,700.00"
2019-02-14,2019021401005705,NLG,20,21,40,788.00,"31,520.00"
2019-02-14,2019021401005704,NLG,59,21,50,790.00,"39,500.00"
2019-02-14,2019021401005513,NLG,43,53,100,795.00,"79,500.00"
2019-02-14,2019021401005836,NLIC,4,4,983,"1,010.00","992,830.00"
2019-02-14,2019021401005835,NLIC,4,33,17,"1,008.00","17,136.00"
2019-02-14,2019021401005701,NLIC,47,4,300,"1,012.00","303,600.00"
2019-02-14,2019021401005608,NLIC,35,8,100,"1,008.00","100,800.00"
2019-02-14,2019021401005607,NLIC,51,8,83,"1,009.00","83,747.00"
2019-02-14,2019021401005556,NLIC,51,13,17,"1,009.00","17,153.00"
2019-02-14,2019021401005521,NLIC,39,1,50,"1,011.00","50,550.00"
2019-02-14,2019021401005395,NLIC,21,21,3,"1,000.00","3,000.00"
2019-02-14,2019021401005767,NLICL,25,42,20,630.00,"12,600.00"
2019-02-14,2019021401005766,NLICL,25,59,30,630.00,"18,900.00"
2019-02-14,2019021401005765,NLICL,25,25,164,629.00,"103,156.00"
2019-02-14,2019021401005401,NLICL,49,19,25,626.00,"15,650.00"
2019-02-14,2019021401005869,NMB,53,13,100,308.00,"30,800.00"
2019-02-14,2019021401005720,NMB,50,21,75,307.00,"23,025.00"
2019-02-14,2019021401005525,NMB,7,13,76,308.00,"23,408.00"
2019-02-14,2019021401005524,NMB,7,54,24,308.00,"7,392.00"
2019-02-14,2019021401005415,NMB,17,54,10,308.00,"3,080.00"
2019-02-14,2019021401005403,NMB,50,54,22,307.00,"6,754.00"
2019-02-14,2019021401005402,NMB,4,54,"1,978",307.00,"607,246.00"
2019-02-14,2019021401005389,NMB,4,29,11,307.00,"3,377.00"
2019-02-14,2019021401005511,NNLB,45,49,292,490.00,"143,080.00"
2019-02-14,2019021401005838,NSEWA,14,13,10,554.00,"5,540.00"
2019-02-14,2019021401005778,NSEWA,39,45,100,555.00,"55,500.00"
2019-02-14,2019021401005777,NSEWA,39,45,100,556.00,"55,600.00"
2019-02-14,2019021401005776,NSEWA,22,45,70,556.00,"38,920.00"
2019-02-14,2019021401005667,NSEWA,22,42,30,556.00,"16,680.00"
2019-02-14,2019021401005666,NSEWA,1,42,10,563.00,"5,630.00"
2019-02-14,2019021401005857,NTC,42,40,10,695.00,"6,950.00"
2019-02-14,2019021401005481,NTC,29,4,10,694.00,"6,940.00"
2019-02-14,2019021401005480,NTC,29,28,"1,145",694.00,"794,630.00"
2019-02-14,2019021401005784,NUBL,11,44,61,716.00,"43,676.00"
2019-02-14,2019021401005512,PFL,42,18,25,128.00,"3,200.00"
2019-02-14,2019021401005382,PFL,29,29,13,129.00,"1,677.00"
2019-02-14,2019021401005823,PIC,33,56,161,995.00,"160,195.00"
2019-02-14,2019021401005728,PIC,33,40,151,995.00,"150,245.00"
2019-02-14,2019021401005727,PIC,58,40,100,995.00,"99,500.00"
2019-02-14,2019021401005726,PIC,49,40,20,995.00,"19,900.00"
2019-02-14,2019021401005725,PIC,42,40,29,995.00,"28,855.00"
2019-02-14,2019021401005722,PIC,42,48,21,995.00,"20,895.00"
2019-02-14,2019021401005504,PIC,13,28,28,995.00,"27,860.00"
2019-02-14,2019021401005503,PIC,25,28,50,996.00,"49,800.00"
2019-02-14,2019021401005460,PIC,58,56,39,996.00,"38,844.00"
2019-02-14,2019021401005721,PIC,42,48,58,995.00,"57,710.00"
2019-02-14,2019021401005648,PIC,50,48,100,996.00,"99,600.00"
2019-02-14,2019021401005508,PIC,42,28,42,995.00,"41,790.00"
2019-02-14,2019021401005507,PIC,32,28,100,995.00,"99,500.00"
2019-02-14,2019021401005506,PIC,17,28,150,995.00,"149,250.00"
2019-02-14,2019021401005505,PIC,29,28,30,995.00,"29,850.00"
2019-02-14,2019021401005742,PICL,56,58,198,672.00,"133,056.00"
2019-02-14,2019021401005740,PICL,49,13,80,665.00,"53,200.00"
2019-02-14,2019021401005604,PICL,22,58,11,672.00,"7,392.00"
2019-02-14,2019021401005603,PICL,36,58,12,672.00,"8,064.00"
2019-02-14,2019021401005602,PICL,57,58,38,673.00,"25,574.00"
2019-02-14,2019021401005601,PICL,35,58,30,674.00,"20,220.00"
2019-02-14,2019021401005821,PLIC,29,38,681,428.00,"291,468.00"
2019-02-14,2019021401005800,PLIC,42,38,100,431.00,"43,100.00"
2019-02-14,2019021401005794,PLIC,41,38,250,431.00,"107,750.00"
2019-02-14,2019021401005753,PLIC,29,33,950,428.00,"406,600.00"
2019-02-14,2019021401005752,PLIC,14,33,50,428.00,"21,400.00"
2019-02-14,2019021401005674,PLIC,7,38,10,431.00,"4,310.00"
2019-02-14,2019021401005653,PLIC,7,1,10,429.00,"4,290.00"
2019-02-14,2019021401005605,PLIC,57,1,50,429.00,"21,450.00"
2019-02-14,2019021401005839,PMHPL,10,34,10,105.00,"1,050.00"
2019-02-14,2019021401005646,PMHPL,16,16,10,106.00,"1,060.00"
2019-02-14,2019021401005634,PMHPL,10,21,200,105.00,"21,000.00"
2019-02-14,2019021401005633,PMHPL,10,21,300,105.00,"31,500.00"
2019-02-14,2019021401005447,PMHPL,10,42,60,105.00,"6,300.00"
2019-02-14,2019021401005377,PMHPL,10,13,10,105.00,"1,050.00"
2019-02-14,2019021401005696,PRIN,47,44,174,403.00,"70,122.00"
2019-02-14,2019021401005564,PRIN,47,21,38,403.00,"15,314.00"
2019-02-14,2019021401005563,PRIN,21,21,62,404.00,"25,048.00"
2019-02-14,2019021401005378,PRIN,55,34,50,408.00,"20,400.00"
2019-02-14,2019021401005764,PRVU,33,52,200,229.00,"45,800.00"
2019-02-14,2019021401005763,PRVU,39,52,250,229.00,"57,250.00"
2019-02-14,2019021401005649,PRVU,41,29,80,230.00,"18,400.00"
2019-02-14,2019021401005636,PRVU,6,21,500,229.00,"114,500.00"
2019-02-14,2019021401005593,PRVU,42,29,250,230.00,"57,500.00"
2019-02-14,2019021401005588,PRVU,59,38,100,229.00,"22,900.00"
2019-02-14,2019021401005587,PRVU,47,38,100,229.00,"22,900.00"
2019-02-14,2019021401005723,RBCL,58,21,10,"9,010.00","90,100.00"
2019-02-14,2019021401005638,RBCL,33,6,10,"9,080.00","90,800.00"
2019-02-14,2019021401005637,RBCL,34,6,20,"9,081.00","181,620.00"
2019-02-14,2019021401005531,RBCL,5,26,10,"9,085.00","90,850.00"
2019-02-14,2019021401005566,RBCLPO,38,33,10,"8,560.00","85,600.00"
2019-02-14,2019021401005410,RBCLPO,59,59,10,"8,555.00","85,550.00"
2019-02-14,2019021401005409,RBCLPO,53,59,10,"8,556.00","85,560.00"
2019-02-14,2019021401005408,RBCLPO,28,59,20,"8,557.00","171,140.00"
2019-02-14,2019021401005852,RRHP,33,13,10,97.00,970.00
2019-02-14,2019021401005459,RRHP,33,13,10,97.00,970.00
2019-02-14,2019021401005761,SADBL,59,59,100,137.00,"13,700.00"
2019-02-14,2019021401005477,SADBL,50,59,38,137.00,"5,206.00"
2019-02-14,2019021401005476,SADBL,56,59,300,137.00,"41,100.00"
2019-02-14,2019021401005475,SADBL,37,59,110,137.00,"15,070.00"
2019-02-14,2019021401005474,SADBL,45,59,15,138.00,"2,070.00"
2019-02-14,2019021401005795,SANIMA,45,38,176,291.00,"51,216.00"
2019-02-14,2019021401005782,SANIMA,37,38,100,292.00,"29,200.00"
2019-02-14,2019021401005759,SANIMA,34,38,100,292.00,"29,200.00"
2019-02-14,2019021401005644,SANIMA,45,21,288,291.00,"83,808.00"
2019-02-14,2019021401005643,SANIMA,37,21,212,292.00,"61,904.00"
2019-02-14,2019021401005632,SBI,54,58,20,377.00,"7,540.00"
2019-02-14,2019021401005781,SBL,6,32,100,276.00,"27,600.00"
2019-02-14,2019021401005739,SBL,6,21,440,276.00,"121,440.00"
2019-02-14,2019021401005738,SBL,49,21,100,276.00,"27,600.00"
2019-02-14,2019021401005737,SBL,47,21,50,276.00,"13,800.00"
2019-02-14,2019021401005736,SBL,5,21,200,277.00,"55,400.00"
2019-02-14,2019021401005376,SBL,34,1,300,278.00,"83,400.00"
2019-02-14,2019021401005375,SBL,34,32,139,278.00,"38,642.00"
2019-02-14,2019021401005374,SBL,34,55,200,278.00,"55,600.00"
2019-02-14,2019021401005373,SBL,34,38,500,278.00,"139,000.00"
2019-02-14,2019021401005372,SBL,34,28,170,278.00,"47,260.00"
2019-02-14,2019021401005757,SCB,14,21,234,536.00,"125,424.00"
2019-02-14,2019021401005756,SCB,13,21,29,536.00,"15,544.00"
2019-02-14,2019021401005755,SCB,14,21,50,537.00,"26,850.00"
2019-02-14,2019021401005754,SCB,38,21,10,540.00,"5,400.00"
2019-02-14,2019021401005407,SCB,41,6,182,542.00,"98,644.00"
2019-02-14,2019021401005406,SCB,41,10,18,542.00,"9,756.00"
2019-02-14,2019021401005790,SDESI,49,53,100,599.00,"59,900.00"
2019-02-14,2019021401005731,SDESI,49,17,15,599.00,"8,985.00"
2019-02-14,2019021401005867,SHINE,26,51,107,238.00,"25,466.00"
2019-02-14,2019021401005774,SHL,25,21,126,202.00,"25,452.00"
2019-02-14,2019021401005773,SHL,44,21,149,202.00,"30,098.00"
2019-02-14,2019021401005772,SHL,1,21,100,203.00,"20,300.00"
2019-02-14,2019021401005771,SHL,1,21,100,203.00,"20,300.00"
2019-02-14,2019021401005770,SHL,49,21,100,203.00,"20,300.00"
2019-02-14,2019021401005657,SHPC,10,21,100,216.00,"21,600.00"
2019-02-14,2019021401005656,SHPC,40,21,400,216.00,"86,400.00"
2019-02-14,2019021401005783,SIC,45,54,30,"1,279.00","38,370.00"
2019-02-14,2019021401005744,SIC,19,18,80,"1,258.00","100,640.00"
2019-02-14,2019021401005743,SIC,55,18,10,"1,261.00","12,610.00"
2019-02-14,2019021401005598,SIC,55,18,10,"1,275.00","12,750.00"
2019-02-14,2019021401005811,SIL,25,22,10,608.00,"6,080.00"
2019-02-14,2019021401005548,SIL,34,5,175,597.00,"104,475.00"
2019-02-14,2019021401005497,SIL,18,36,100,598.00,"59,800.00"
2019-02-14,2019021401005496,SIL,29,36,89,598.00,"53,222.00"
2019-02-14,2019021401005495,SIL,17,36,200,599.00,"119,800.00"
2019-02-14,2019021401005494,SIL,44,36,50,600.00,"30,000.00"
2019-02-14,2019021401005493,SIL,29,36,100,600.00,"60,000.00"
2019-02-14,2019021401005483,SKBBL,21,4,90,842.00,"75,780.00"
2019-02-14,2019021401005482,SKBBL,58,4,10,845.00,"8,450.00"
2019-02-14,2019021401005617,SLBBL,37,48,38,492.00,"18,696.00"
2019-02-14,2019021401005616,SLBBL,39,48,20,493.00,"9,860.00"
2019-02-14,2019021401005615,SLBBL,44,48,50,494.00,"24,700.00"
2019-02-14,2019021401005619,SLBBL,51,48,32,492.00,"15,744.00"
2019-02-14,2019021401005618,SLBBL,43,48,100,492.00,"49,200.00"
2019-02-14,2019021401005805,SLBBL,51,54,68,492.00,"33,456.00"
2019-02-14,2019021401005758,SLBS,42,25,11,990.00,"10,890.00"
2019-02-14,2019021401005856,SLBSL,47,21,10,790.00,"7,900.00"
2019-02-14,2019021401005684,SLBSL,21,21,580,791.00,"458,780.00"
2019-02-14,2019021401005600,SLBSL,47,36,10,790.00,"7,900.00"
2019-02-14,2019021401005613,SLICL,4,4,"2,980",507.00,"1,510,860.00"
2019-02-14,2019021401005612,SLICL,29,4,10,507.00,"5,070.00"
2019-02-14,2019021401005611,SLICL,29,4,10,508.00,"5,080.00"
2019-02-14,2019021401005557,SLICL,42,5,150,510.00,"76,500.00"
2019-02-14,2019021401005394,SLICL,22,13,245,509.00,"124,705.00"
2019-02-14,2019021401005864,SMATA,28,10,19,"1,329.00","25,251.00"
2019-02-14,2019021401005863,SMATA,28,43,18,"1,315.00","23,670.00"
2019-02-14,2019021401005686,SPDL,45,29,15,89.00,"1,335.00"
2019-02-14,2019021401005685,SPDL,45,39,319,89.00,"28,391.00"
2019-02-14,2019021401005787,SRBL,51,21,553,205.00,"113,365.00"
2019-02-14,2019021401005786,SRBL,54,21,300,205.00,"61,500.00"
2019-02-14,2019021401005785,SRBL,44,21,100,205.00,"20,500.00"
2019-02-14,2019021401005715,SRBL,45,58,20,205.00,"4,100.00"
2019-02-14,2019021401005655,SRBL,19,32,50,206.00,"10,300.00"
2019-02-14,2019021401005793,SWBBL,58,21,24,794.00,"19,056.00"
2019-02-14,2019021401005792,SWBBL,56,21,10,795.00,"7,950.00"
2019-02-14,2019021401005769,SWBBL,56,1,30,795.00,"23,850.00"
2019-02-14,2019021401005768,SWBBL,43,1,40,796.00,"31,840.00"
2019-02-14,2019021401005810,UMHL,13,21,200,110.00,"22,000.00"
2019-02-14,2019021401005809,UMHL,14,21,30,111.00,"3,330.00"
2019-02-14,2019021401005808,UMHL,59,21,104,111.00,"11,544.00"
2019-02-14,2019021401005807,UMHL,18,21,290,112.00,"32,480.00"
2019-02-14,2019021401005398,UMHL,18,29,10,112.00,"1,120.00"
2019-02-14,2019021401005868,UPPER,58,51,40,228.00,"9,120.00"
2019-02-14,2019021401005865,UPPER,58,13,40,225.00,"9,000.00"
2019-02-14,2019021401005845,UPPER,58,39,40,227.00,"9,080.00"
2019-02-14,2019021401005844,UPPER,58,48,100,227.00,"22,700.00"
2019-02-14,2019021401005817,UPPER,58,21,290,225.00,"65,250.00"
2019-02-14,2019021401005411,UPPER,58,39,50,226.00,"11,300.00"
2019-02-14,2019021401005400,UPPER,58,39,50,226.00,"11,300.00"
2019-02-14,2019021401005393,UPPER,58,13,40,226.00,"9,040.00"
2019-02-14,2019021401005386,UPPER,58,39,50,226.00,"11,300.00"
2019-02-14,2019021401005381,UPPER,58,46,50,226.00,"11,300.00"
2019-02-14,2019021401005435,UPPER,29,39,50,227.00,"11,350.00"
2019-02-14,2019021401005434,UPPER,29,1,100,227.00,"22,700.00"
2019-02-14,2019021401005433,UPPER,29,16,210,227.00,"47,670.00"
2019-02-14,2019021401005431,UPPER,58,39,50,226.00,"11,300.00"
2019-02-14,2019021401005426,UPPER,58,21,50,226.00,"11,300.00"
2019-02-14,2019021401005412,UPPER,58,21,50,226.00,"11,300.00"
2019-02-14,2019021401005441,UPPER,29,57,40,227.00,"9,080.00"
2019-02-14,2019021401005440,UPPER,29,57,50,227.00,"11,350.00"
2019-02-14,2019021401005439,UPPER,29,57,40,227.00,"9,080.00"
2019-02-14,2019021401005438,UPPER,29,57,40,227.00,"9,080.00"
2019-02-14,2019021401005437,UPPER,29,57,40,227.00,"9,080.00"
2019-02-14,2019021401005436,UPPER,29,47,50,227.00,"11,350.00"
2019-02-14,2019021401005470,UPPER,58,13,50,226.00,"11,300.00"
2019-02-14,2019021401005449,UPPER,58,21,50,226.00,"11,300.00"
2019-02-14,2019021401005444,UPPER,29,36,40,227.00,"9,080.00"
2019-02-14,2019021401005443,UPPER,29,42,300,227.00,"68,100.00"
2019-02-14,2019021401005442,UPPER,29,57,40,227.00,"9,080.00"
2019-02-14,2019021401005549,UPPER,58,35,50,226.00,"11,300.00"
2019-02-14,2019021401005546,UPPER,58,42,40,226.00,"9,040.00"
2019-02-14,2019021401005530,UPPER,58,6,40,226.00,"9,040.00"
2019-02-14,2019021401005529,UPPER,58,36,50,226.00,"11,300.00"
2019-02-14,2019021401005527,UPPER,58,18,50,226.00,"11,300.00"
2019-02-14,2019021401005520,UPPER,58,42,40,226.00,"9,040.00"
2019-02-14,2019021401005592,UPPER,58,42,40,226.00,"9,040.00"
2019-02-14,2019021401005586,UPPER,49,25,500,227.00,"113,500.00"
2019-02-14,2019021401005578,UPPER,58,36,50,226.00,"11,300.00"
2019-02-14,2019021401005571,UPPER,29,25,207,227.00,"46,989.00"
2019-02-14,2019021401005570,UPPER,29,38,293,227.00,"66,511.00"
2019-02-14,2019021401005568,UPPER,58,42,40,226.00,"9,040.00"
2019-02-14,2019021401005606,UPPER,58,57,140,226.00,"31,640.00"
2019-02-14,2019021401005594,UPPER,29,25,500,227.00,"113,500.00"
2019-02-14,2019021401005659,UPPER,58,6,10,226.00,"2,260.00"
2019-02-14,2019021401005651,UPPER,58,46,50,226.00,"11,300.00"
2019-02-14,2019021401005641,UPPER,56,25,93,227.00,"21,111.00"
2019-02-14,2019021401005635,UPPER,58,51,50,226.00,"11,300.00"
2019-02-14,2019021401005797,UPPER,29,55,50,227.00,"11,350.00"
2019-02-14,2019021401005796,UPPER,29,55,50,227.00,"11,350.00"
2019-02-14,2019021401005775,UPPER,6,39,40,226.00,"9,040.00"
2019-02-14,2019021401005682,UPPER,6,17,50,226.00,"11,300.00"
2019-02-14,2019021401005676,UPPER,3,3,50,227.00,"11,350.00"
2019-02-14,2019021401005660,UPPER,6,6,30,226.00,"6,780.00"
2019-02-14,2019021401005816,UPPER,45,21,50,225.00,"11,250.00"
2019-02-14,2019021401005815,UPPER,56,21,10,226.00,"2,260.00"
2019-02-14,2019021401005814,UPPER,45,21,10,226.00,"2,260.00"
2019-02-14,2019021401005813,UPPER,6,21,180,226.00,"40,680.00"
2019-02-14,2019021401005798,UPPER,29,48,400,227.00,"90,800.00"
2019-02-14,2019021401005859,VLBS,58,37,42,683.00,"28,686.00"
2019-02-14,2019021401005390,VLBS,58,52,12,683.00,"8,196.00"
2019-02-14,2019021401005238,ADBL,57,17,250,329.00,"82,250.00"
2019-02-14,2019021401005161,ADBL,39,17,85,329.00,"27,965.00"
2019-02-14,2019021401005160,ADBL,39,49,70,329.00,"23,030.00"
2019-02-14,2019021401005083,AKJCL,29,29,20,84.00,"1,680.00"
2019-02-14,2019021401005005,AKJCL,41,41,20,85.00,"1,700.00"
2019-02-14,2019021401004905,AKJCL,29,29,10,84.00,840.00
2019-02-14,2019021401005193,AKPL,19,36,100,163.00,"16,300.00"
2019-02-14,2019021401005180,AMFI,29,13,10,692.00,"6,920.00"
2019-02-14,2019021401005351,API,46,3,18,128.00,"2,304.00"
2019-02-14,2019021401005267,API,57,25,185,129.00,"23,865.00"
2019-02-14,2019021401005266,API,57,38,50,129.00,"6,450.00"
2019-02-14,2019021401005265,API,57,28,265,129.00,"34,185.00"
2019-02-14,2019021401005240,API,46,29,17,128.00,"2,176.00"
2019-02-14,2019021401005300,BOKL,44,52,"2,044",235.00,"480,340.00"
2019-02-14,2019021401005293,BOKL,58,32,44,233.00,"10,252.00"
2019-02-14,2019021401005162,BPCL,29,29,30,347.00,"10,410.00"
2019-02-14,2019021401005102,BPCL,38,46,30,345.00,"10,350.00"
2019-02-14,2019021401005012,CBBL,47,37,100,863.00,"86,300.00"
2019-02-14,2019021401005344,CBL,14,6,30,152.00,"4,560.00"
2019-02-14,2019021401005022,CBL,21,6,30,152.00,"4,560.00"
2019-02-14,2019021401004966,CBL,39,58,200,151.00,"30,200.00"
2019-02-14,2019021401004965,CBL,16,58,96,151.00,"14,496.00"
2019-02-14,2019021401004903,CBL,16,25,11,151.00,"1,661.00"
2019-02-14,2019021401005362,CCBL,6,37,337,160.00,"53,920.00"
2019-02-14,2019021401005361,CCBL,6,42,663,160.00,"106,080.00"
2019-02-14,2019021401005070,CCBL,29,57,428,159.00,"68,052.00"
2019-02-14,2019021401005146,CHCL,6,13,100,505.00,"50,500.00"
2019-02-14,2019021401005145,CHCL,6,26,609,505.00,"307,545.00"
2019-02-14,2019021401005060,CHCL,1,26,10,505.00,"5,050.00"
2019-02-14,2019021401005219,CIT,33,42,20,"2,542.00","50,840.00"
2019-02-14,2019021401005140,CIT,38,25,25,"2,540.00","63,500.00"
2019-02-14,2019021401005139,CIT,14,25,10,"2,540.00","25,400.00"
2019-02-14,2019021401005068,CIT,17,25,20,"2,541.00","50,820.00"
2019-02-14,2019021401005067,CIT,50,25,10,"2,541.00","25,410.00"
2019-02-14,2019021401005066,CIT,6,25,30,"2,542.00","76,260.00"
2019-02-14,2019021401005065,CIT,33,25,55,"2,546.00","140,030.00"
2019-02-14,2019021401004995,CIT,33,37,25,"2,546.00","63,650.00"
2019-02-14,2019021401004946,CIT,38,42,80,"2,546.00","203,680.00"
2019-02-14,2019021401004920,CIT,4,42,400,"2,546.00","1,018,400.00"
2019-02-14,2019021401004919,CIT,45,42,10,"2,547.00","25,470.00"
2019-02-14,2019021401004918,CIT,38,42,10,"2,547.00","25,470.00"
2019-02-14,2019021401005348,CZBIL,53,4,44,202.00,"8,888.00"
2019-02-14,2019021401005347,CZBIL,42,4,300,202.00,"60,600.00"
2019-02-14,2019021401005346,CZBIL,22,4,656,202.00,"132,512.00"
2019-02-14,2019021401005332,CZBIL,22,13,10,202.00,"2,020.00"
2019-02-14,2019021401005283,CZBIL,22,29,10,202.00,"2,020.00"
2019-02-14,2019021401005236,CZBIL,22,45,100,202.00,"20,200.00"
2019-02-14,2019021401005225,CZBIL,22,29,129,202.00,"26,058.00"
2019-02-14,2019021401005047,CZBIL,22,13,10,202.00,"2,020.00"
2019-02-14,2019021401004992,CZBIL,22,13,10,202.00,"2,020.00"
2019-02-14,2019021401004871,CZBIL,18,1,80,203.00,"16,240.00"
2019-02-14,2019021401005221,DBBL,58,34,14,122.00,"1,708.00"
2019-02-14,2019021401005207,DBBL,58,29,50,122.00,"6,100.00"
2019-02-14,2019021401005168,DBBL,56,42,100,123.00,"12,300.00"
2019-02-14,2019021401005126,DBBL,56,42,500,123.00,"61,500.00"
2019-02-14,2019021401005125,DBBL,6,6,1,124.00,124.00
2019-02-14,2019021401005042,DBBL,14,37,200,124.00,"24,800.00"
2019-02-14,2019021401004923,DHPL,29,29,11,94.00,"1,034.00"
2019-02-14,2019021401005107,EBL,21,6,20,507.00,"10,140.00"
2019-02-14,2019021401005072,EBL,1,6,50,507.00,"25,350.00"
2019-02-14,2019021401005021,EBL,46,6,35,507.00,"17,745.00"
2019-02-14,2019021401004926,EBL,45,34,30,505.00,"15,150.00"
2019-02-14,2019021401005020,GBBL,56,13,200,182.00,"36,400.00"
2019-02-14,2019021401004955,GBBL,41,13,200,182.00,"36,400.00"
2019-02-14,2019021401005330,GBIME,46,55,24,259.00,"6,216.00"
2019-02-14,2019021401005329,GBIME,42,55,123,259.00,"31,857.00"
2019-02-14,2019021401005129,GBIME,57,38,500,260.00,"130,000.00"
2019-02-14,2019021401005257,GBLBS,46,42,50,424.00,"21,200.00"
2019-02-14,2019021401005199,GBLBS,46,22,10,424.00,"4,240.00"
2019-02-14,2019021401005113,GBLBS,13,13,10,425.00,"4,250.00"
2019-02-14,2019021401005002,GBLBS,13,29,10,425.00,"4,250.00"
2019-02-14,2019021401004951,GBLBS,13,54,10,425.00,"4,250.00"
2019-02-14,2019021401005262,GDBL,38,21,400,179.00,"71,600.00"
2019-02-14,2019021401005137,GDBL,56,52,100,180.00,"18,000.00"
2019-02-14,2019021401004887,GILB,26,26,1,"1,085.00","1,085.00"
2019-02-14,2019021401005333,GLICL,11,52,17,669.00,"11,373.00"
2019-02-14,2019021401005122,GRDBL,38,57,25,102.00,"2,550.00"
2019-02-14,2019021401005121,GRDBL,1,57,25,102.00,"2,550.00"
2019-02-14,2019021401005071,GUFL,28,28,"4,356",102.00,"444,312.00"
2019-02-14,2019021401005003,GUFL,28,28,"2,994",102.00,"305,388.00"
2019-02-14,2019021401005204,HBL,6,41,177,425.00,"75,225.00"
2019-02-14,2019021401005203,HBL,6,58,20,425.00,"8,500.00"
2019-02-14,2019021401005134,HIDCL,49,57,30,133.00,"3,990.00"
2019-02-14,2019021401005105,IGI,28,22,52,398.00,"20,696.00"
2019-02-14,2019021401005104,IGI,42,22,10,399.00,"3,990.00"
2019-02-14,2019021401005103,IGI,43,22,20,406.00,"8,120.00"
2019-02-14,2019021401005029,JBBL,45,34,13,137.00,"1,781.00"
2019-02-14,2019021401005325,JBNL,6,4,100,164.00,"16,400.00"
2019-02-14,2019021401005279,JBNL,47,4,100,164.00,"16,400.00"
2019-02-14,2019021401005273,JBNL,47,22,100,164.00,"16,400.00"
2019-02-14,2019021401004988,JBNL,44,4,"1,362",163.00,"222,006.00"
2019-02-14,2019021401004987,JBNL,43,4,200,164.00,"32,800.00"
2019-02-14,2019021401004986,JBNL,13,4,938,164.00,"153,832.00"
2019-02-14,2019021401004913,JBNL,26,44,25,165.00,"4,125.00"
2019-02-14,2019021401004886,JEFL,49,32,587,130.00,"76,310.00"
2019-02-14,2019021401004885,JEFL,49,58,"1,445",130.00,"187,850.00"
2019-02-14,2019021401004884,JEFL,49,58,785,130.00,"102,050.00"
2019-02-14,2019021401004883,JEFL,49,55,13,129.00,"1,677.00"
2019-02-14,2019021401005285,JSLBB,10,16,14,"2,375.00","33,250.00"
2019-02-14,2019021401005324,KBL,54,52,50,232.00,"11,600.00"
2019-02-14,2019021401005323,KBL,52,52,500,232.00,"116,000.00"
2019-02-14,2019021401005322,KBL,52,52,100,232.00,"23,200.00"
2019-02-14,2019021401005321,KBL,46,52,200,232.00,"46,400.00"
2019-02-14,2019021401005320,KBL,13,52,659,232.00,"152,888.00"
2019-02-14,2019021401005319,KBL,51,52,261,232.00,"60,552.00"
2019-02-14,2019021401005276,KBL,51,32,39,232.00,"9,048.00"
2019-02-14,2019021401005155,KBL,51,57,200,232.00,"46,400.00"
2019-02-14,2019021401005154,KBL,52,57,500,232.00,"116,000.00"
2019-02-14,2019021401005153,KBL,16,57,72,232.00,"16,704.00"
2019-02-14,2019021401005210,KKHC,29,29,10,81.00,810.00
2019-02-14,2019021401004888,KPCL,29,21,10,91.00,910.00
2019-02-14,2019021401004936,KPCL,59,21,10,91.00,910.00
2019-02-14,2019021401004927,KPCL,29,21,10,91.00,910.00
2019-02-14,2019021401004907,KPCL,29,21,10,91.00,910.00
2019-02-14,2019021401004957,KPCL,59,21,10,91.00,910.00
2019-02-14,2019021401004954,KPCL,59,21,10,91.00,910.00
2019-02-14,2019021401004997,KPCL,59,21,10,91.00,910.00
2019-02-14,2019021401004978,KPCL,29,21,10,92.00,920.00
2019-02-14,2019021401005035,KPCL,59,21,10,91.00,910.00
2019-02-14,2019021401005058,KPCL,45,21,10,91.00,910.00
2019-02-14,2019021401005044,KPCL,45,21,10,91.00,910.00
2019-02-14,2019021401005127,KPCL,43,13,10,90.00,900.00
2019-02-14,2019021401005185,KPCL,43,13,10,90.00,900.00
2019-02-14,2019021401005202,KPCL,43,13,10,90.00,900.00
2019-02-14,2019021401005256,KPCL,29,29,10,91.00,910.00
2019-02-14,2019021401005280,KPCL,43,46,10,90.00,900.00
2019-02-14,2019021401005282,KPCL,43,26,10,90.00,900.00
2019-02-14,2019021401005341,KPCL,51,13,10,90.00,900.00
2019-02-14,2019021401005334,KPCL,6,6,10,91.00,910.00
2019-02-14,2019021401005181,KSBBL,39,57,116,133.00,"15,428.00"
2019-02-14,2019021401005169,KSBBL,6,6,1,135.00,135.00
2019-02-14,2019021401005156,KSBBL,45,57,210,134.00,"28,140.00"
2019-02-14,2019021401005246,LBBL,37,28,500,171.00,"85,500.00"
2019-02-14,2019021401005311,LICN,28,4,173,"1,600.00","276,800.00"
2019-02-14,2019021401005310,LICN,17,4,100,"1,601.00","160,100.00"
2019-02-14,2019021401005260,LLBS,45,38,20,750.00,"15,000.00"
2019-02-14,2019021401005259,LLBS,37,38,100,751.00,"75,100.00"
2019-02-14,2019021401005258,LLBS,43,38,100,751.00,"75,100.00"
2019-02-14,2019021401005355,MBL,5,34,10,209.00,"2,090.00"
2019-02-14,2019021401005354,MBL,5,25,100,209.00,"20,900.00"
2019-02-14,2019021401004984,MBL,38,22,294,207.00,"60,858.00"
2019-02-14,2019021401004983,MBL,44,22,100,207.00,"20,700.00"
2019-02-14,2019021401004982,MBL,44,22,100,207.00,"20,700.00"
2019-02-14,2019021401004981,MBL,7,22,100,207.00,"20,700.00"
2019-02-14,2019021401004935,MBL,53,38,200,208.00,"41,600.00"
2019-02-14,2019021401004934,MBL,51,38,500,208.00,"104,000.00"
2019-02-14,2019021401005287,MEGA,41,29,200,162.00,"32,400.00"
2019-02-14,2019021401005286,MEGA,47,29,726,162.00,"117,612.00"
2019-02-14,2019021401005272,MEGA,47,46,50,162.00,"8,100.00"
2019-02-14,2019021401005244,MEGA,47,45,100,162.00,"16,200.00"
2019-02-14,2019021401005201,MEGA,47,57,124,162.00,"20,088.00"
2019-02-14,2019021401005178,MEGA,41,44,150,163.00,"24,450.00"
2019-02-14,2019021401005110,MERO,25,28,50,596.00,"29,800.00"
2019-02-14,2019021401005109,MERO,25,58,15,595.00,"8,925.00"
2019-02-14,2019021401005224,MLBL,46,46,21,164.00,"3,444.00"
2019-02-14,2019021401005223,MLBL,46,47,90,164.00,"14,760.00"
2019-02-14,2019021401005124,MLBL,7,4,35,163.00,"5,705.00"
2019-02-14,2019021401005275,MNBBL,28,40,500,337.00,"168,500.00"
2019-02-14,2019021401005254,MNBBL,1,40,50,337.00,"16,850.00"
2019-02-14,2019021401005358,MSMBS,25,52,11,523.00,"5,753.00"
2019-02-14,2019021401005342,NABIL,39,32,75,820.00,"61,500.00"
2019-02-14,2019021401005013,NABIL,56,17,43,822.00,"35,346.00"
2019-02-14,2019021401005222,NADEP,55,21,10,744.00,"7,440.00"
2019-02-14,2019021401005208,NADEP,55,22,10,744.00,"7,440.00"
2019-02-14,2019021401005206,NADEP,55,21,10,744.00,"7,440.00"
2019-02-14,2019021401005194,NADEP,55,13,10,744.00,"7,440.00"
2019-02-14,2019021401005305,NBB,48,55,97,182.00,"17,654.00"
2019-02-14,2019021401005304,NBB,48,6,280,182.00,"50,960.00"
2019-02-14,2019021401005303,NBB,48,36,123,182.00,"22,386.00"
2019-02-14,2019021401005183,NBB,41,36,100,182.00,"18,200.00"
2019-02-14,2019021401005080,NBB,1,36,50,182.00,"9,100.00"
2019-02-14,2019021401005034,NBB,41,22,300,181.00,"54,300.00"
2019-02-14,2019021401004994,NBB,19,36,100,182.00,"18,200.00"
2019-02-14,2019021401004961,NBB,41,14,200,182.00,"36,400.00"
2019-02-14,2019021401004933,NBBL,49,22,47,668.00,"31,396.00"
2019-02-14,2019021401005284,NBL,48,6,326,285.00,"92,910.00"
2019-02-14,2019021401005028,NBL,48,49,100,285.00,"28,500.00"
2019-02-14,2019021401005027,NBL,48,47,"1,200",285.00,"342,000.00"
2019-02-14,2019021401005026,NBL,48,45,360,285.00,"102,600.00"
2019-02-14,2019021401004944,NBL,48,45,340,285.00,"96,900.00"
2019-02-14,2019021401004943,NBL,48,47,80,285.00,"22,800.00"
2019-02-14,2019021401004942,NBL,48,22,100,285.00,"28,500.00"
2019-02-14,2019021401004941,NBL,48,28,480,285.00,"136,800.00"
2019-02-14,2019021401005120,NCCB,59,8,368,204.00,"75,072.00"
2019-02-14,2019021401005119,NCCB,58,8,"1,000",204.00,"204,000.00"
2019-02-14,2019021401005118,NCCB,17,8,200,204.00,"40,800.00"
2019-02-14,2019021401005117,NCCB,16,8,500,204.00,"102,000.00"
2019-02-14,2019021401005116,NCCB,25,8,100,204.00,"20,400.00"
2019-02-14,2019021401005115,NCCB,37,8,100,204.00,"20,400.00"
2019-02-14,2019021401005114,NCCB,38,8,882,204.00,"179,928.00"
2019-02-14,2019021401005078,NCCB,59,8,500,205.00,"102,500.00"
2019-02-14,2019021401005077,NCCB,28,8,100,205.00,"20,500.00"
2019-02-14,2019021401005076,NCCB,29,8,500,205.00,"102,500.00"
2019-02-14,2019021401005075,NCCB,29,8,200,205.00,"41,000.00"
2019-02-14,2019021401005074,NCCB,44,8,400,205.00,"82,000.00"
2019-02-14,2019021401005302,NEF,40,17,"6,111",7.87,"48,093.57"
2019-02-14,2019021401005301,NEF,45,17,100,7.90,790.00
2019-02-14,2019021401005205,NEF,49,29,290,7.90,"2,291.00"
2019-02-14,2019021401005197,NGPL,51,52,11,118.00,"1,298.00"
2019-02-14,2019021401004876,NGPL,51,34,313,118.00,"36,934.00"
2019-02-14,2019021401005360,NIB,5,29,14,513.00,"7,182.00"
2019-02-14,2019021401005289,NIB,5,46,13,513.00,"6,669.00"
2019-02-14,2019021401005100,NIB,49,57,"5,743",514.00,"2,951,902.00"
2019-02-14,2019021401005099,NIB,49,6,230,514.00,"118,220.00"
2019-02-14,2019021401005098,NIB,49,8,400,513.00,"205,200.00"
2019-02-14,2019021401005097,NIB,49,17,37,513.00,"18,981.00"
2019-02-14,2019021401005096,NIB,49,39,110,513.00,"56,430.00"
2019-02-14,2019021401005095,NIB,49,52,180,513.00,"92,340.00"
2019-02-14,2019021401005093,NIB,55,52,120,513.00,"61,560.00"
2019-02-14,2019021401005025,NIB,41,29,14,512.00,"7,168.00"
2019-02-14,2019021401005368,NICA,57,58,80,384.00,"30,720.00"
2019-02-14,2019021401005367,NICA,57,58,170,384.00,"65,280.00"
2019-02-14,2019021401005209,NICA,43,57,53,383.00,"20,299.00"
2019-02-14,2019021401005094,NICA,57,58,750,384.00,"288,000.00"
2019-02-14,2019021401005092,NICA,43,58,30,383.00,"11,490.00"
2019-02-14,2019021401005091,NICA,25,58,770,383.00,"294,910.00"
2019-02-14,2019021401005087,NICA,25,10,520,383.00,"199,160.00"
2019-02-14,2019021401005086,NICA,8,10,480,383.00,"183,840.00"
2019-02-14,2019021401005043,NICA,43,58,80,384.00,"30,720.00"
2019-02-14,2019021401004980,NICA,43,58,100,384.00,"38,400.00"
2019-02-14,2019021401004874,NICA,36,33,100,385.00,"38,500.00"
2019-02-14,2019021401005059,NICL,42,45,84,364.00,"30,576.00"
2019-02-14,2019021401005010,NICL,42,42,56,364.00,"20,384.00"
2019-02-14,2019021401005009,NICL,45,42,44,364.00,"16,016.00"
2019-02-14,2019021401005359,NIL,58,33,200,507.00,"101,400.00"
2019-02-14,2019021401005253,NIL,19,47,50,504.00,"25,200.00"
2019-02-14,2019021401005191,NIL,19,21,50,504.00,"25,200.00"
2019-02-14,2019021401005331,NLIC,29,29,17,"1,012.00","17,204.00"
2019-02-14,2019021401005281,NLIC,21,21,3,"1,000.00","3,000.00"
2019-02-14,2019021401005252,NLIC,21,21,3,"1,000.00","3,000.00"
2019-02-14,2019021401005172,NLIC,21,21,3,"1,000.00","3,000.00"
2019-02-14,2019021401005136,NLIC,45,4,300,"1,013.00","303,900.00"
2019-02-14,2019021401005132,NLIC,21,21,3,"1,000.00","3,000.00"
2019-02-14,2019021401004940,NLIC,21,21,3,"1,000.00","3,000.00"
2019-02-14,2019021401004902,NLIC,26,26,1,"1,013.00","1,013.00"
2019-02-14,2019021401005030,NLIC,16,16,1,"1,000.00","1,000.00"
2019-02-14,2019021401005004,NLIC,21,21,3,"1,000.00","3,000.00"
2019-02-14,2019021401004999,NLIC,47,4,109,"1,013.00","110,417.00"
2019-02-14,2019021401004998,NLIC,47,4,200,"1,012.00","202,400.00"
2019-02-14,2019021401004979,NLIC,21,21,3,"1,000.00","3,000.00"
2019-02-14,2019021401004956,NLIC,21,21,3,"1,000.00","3,000.00"
2019-02-14,2019021401005294,NLICL,41,25,50,629.00,"31,450.00"
2019-02-14,2019021401004911,NLICL,17,33,300,624.00,"187,200.00"
2019-02-14,2019021401004910,NLICL,1,33,160,625.00,"100,000.00"
2019-02-14,2019021401004909,NLICL,14,33,20,625.00,"12,500.00"
2019-02-14,2019021401004908,NLICL,38,33,20,625.00,"12,500.00"
2019-02-14,2019021401005234,NMB,37,54,500,308.00,"154,000.00"
2019-02-14,2019021401005152,NMB,22,54,100,308.00,"30,800.00"
2019-02-14,2019021401005062,NMB,41,54,100,308.00,"30,800.00"
2019-02-14,2019021401005036,NMB,4,29,11,307.00,"3,377.00"
2019-02-14,2019021401005353,NMFBS,38,13,12,"1,658.00","19,896.00"
2019-02-14,2019021401005352,NMFBS,38,13,22,"1,658.00","36,476.00"
2019-02-14,2019021401005171,NMFBS,54,13,12,"1,658.00","19,896.00"
2019-02-14,2019021401005123,NMFBS,55,29,12,"1,657.00","19,884.00"
2019-02-14,2019021401005337,NNLB,45,10,105,490.00,"51,450.00"
2019-02-14,2019021401005336,NNLB,42,10,20,491.00,"9,820.00"
2019-02-14,2019021401005143,NNLB,55,34,30,495.00,"14,850.00"
2019-02-14,2019021401005366,NSEWA,1,32,10,563.00,"5,630.00"
2019-02-14,2019021401005340,NSEWA,11,45,50,570.00,"28,500.00"
2019-02-14,2019021401005335,PCBL,14,53,100,312.00,"31,200.00"
2019-02-14,2019021401005106,PCBL,49,6,33,311.00,"10,263.00"
2019-02-14,2019021401005011,PCBL,43,53,100,312.00,"31,200.00"
2019-02-14,2019021401005001,PCBL,43,53,20,312.00,"6,240.00"
2019-02-14,2019021401005000,PCBL,43,17,60,312.00,"18,720.00"
2019-02-14,2019021401005296,PFL,42,46,13,128.00,"1,664.00"
2019-02-14,2019021401005255,PFL,26,46,39,128.00,"4,992.00"
2019-02-14,2019021401005052,PFL,26,5,13,128.00,"1,664.00"
2019-02-14,2019021401005365,PIC,58,13,11,996.00,"10,956.00"
2019-02-14,2019021401005308,PIC,13,46,11,995.00,"10,945.00"
2019-02-14,2019021401005298,PIC,59,34,30,996.00,"29,880.00"
2019-02-14,2019021401005290,PIC,59,13,11,996.00,"10,956.00"
2019-02-14,2019021401005198,PIC,6,6,11,998.00,"10,978.00"
2019-02-14,2019021401005184,PIC,13,52,11,995.00,"10,945.00"
2019-02-14,2019021401004881,PIC,33,5,11,996.00,"10,956.00"
2019-02-14,2019021401004880,PIC,52,5,50,997.00,"49,850.00"
2019-02-14,2019021401004879,PIC,34,5,100,997.00,"99,700.00"
2019-02-14,2019021401004878,PIC,33,5,50,"1,000.00","50,000.00"
2019-02-14,2019021401004877,PIC,57,5,14,"1,000.00","14,000.00"
2019-02-14,2019021401005108,PIC,33,22,25,996.00,"24,900.00"
2019-02-14,2019021401005046,PIC,44,22,50,996.00,"49,800.00"
2019-02-14,2019021401005045,PIC,22,22,125,996.00,"124,500.00"
2019-02-14,2019021401005041,PIC,16,16,1,990.00,990.00
2019-02-14,2019021401004882,PIC,22,5,75,996.00,"74,700.00"
2019-02-14,2019021401004985,PLIC,41,40,300,426.00,"127,800.00"
2019-02-14,2019021401004894,PLIC,28,40,500,426.00,"213,000.00"
2019-02-14,2019021401004893,PLIC,47,40,100,426.00,"42,600.00"
2019-02-14,2019021401004892,PLIC,41,40,100,426.00,"42,600.00"
2019-02-14,2019021401004891,PLIC,28,40,200,426.00,"85,200.00"
2019-02-14,2019021401004890,PLIC,22,40,400,427.00,"170,800.00"
2019-02-14,2019021401005327,PMHPL,16,21,10,106.00,"1,060.00"
2019-02-14,2019021401005307,PMHPL,10,21,10,105.00,"1,050.00"
2019-02-14,2019021401005295,PMHPL,10,13,10,105.00,"1,050.00"
2019-02-14,2019021401005274,PMHPL,10,26,10,105.00,"1,050.00"
2019-02-14,2019021401005248,PMHPL,10,32,10,105.00,"1,050.00"
2019-02-14,2019021401005237,PMHPL,6,6,10,106.00,"1,060.00"
2019-02-14,2019021401004945,PMHPL,10,21,10,105.00,"1,050.00"
2019-02-14,2019021401004921,PMHPL,10,21,10,105.00,"1,050.00"
2019-02-14,2019021401004873,PMHPL,10,21,10,105.00,"1,050.00"
2019-02-14,2019021401005133,PMHPL,10,13,10,105.00,"1,050.00"
2019-02-14,2019021401005049,PMHPL,10,21,10,105.00,"1,050.00"
2019-02-14,2019021401005015,PMHPL,10,13,10,105.00,"1,050.00"
2019-02-14,2019021401005006,PMHPL,10,21,10,105.00,"1,050.00"
2019-02-14,2019021401004989,PMHPL,10,21,10,105.00,"1,050.00"
2019-02-14,2019021401004963,PMHPL,10,21,10,105.00,"1,050.00"
2019-02-14,2019021401005148,PRIN,47,29,224,403.00,"90,272.00"
2019-02-14,2019021401005147,PRIN,57,29,290,403.00,"116,870.00"
2019-02-14,2019021401005312,PRVU,58,29,590,229.00,"135,110.00"
2019-02-14,2019021401005299,PRVU,28,5,117,228.00,"26,676.00"
2019-02-14,2019021401005251,PRVU,57,29,250,229.00,"57,250.00"
2019-02-14,2019021401005229,PRVU,39,29,155,229.00,"35,495.00"
2019-02-14,2019021401005177,PRVU,25,29,50,229.00,"11,450.00"
2019-02-14,2019021401005014,PRVU,49,25,70,229.00,"16,030.00"
2019-02-14,2019021401004953,PRVU,28,36,70,228.00,"15,960.00"
2019-02-14,2019021401004950,PRVU,43,25,100,229.00,"22,900.00"
2019-02-14,2019021401005176,PRVU,22,29,100,229.00,"22,900.00"
2019-02-14,2019021401005175,PRVU,38,29,25,229.00,"5,725.00"
2019-02-14,2019021401005174,PRVU,4,29,100,229.00,"22,900.00"
2019-02-14,2019021401005057,PRVU,25,29,10,230.00,"2,300.00"
2019-02-14,2019021401005056,PRVU,25,40,78,229.00,"17,862.00"
2019-02-14,2019021401005370,RADHI,43,21,11,153.00,"1,683.00"
2019-02-14,2019021401005318,RADHI,43,21,11,153.00,"1,683.00"
2019-02-14,2019021401005297,RADHI,43,21,11,153.00,"1,683.00"
2019-02-14,2019021401005270,RADHI,43,21,11,153.00,"1,683.00"
2019-02-14,2019021401005263,RADHI,6,6,11,154.00,"1,694.00"
2019-02-14,2019021401005245,RADHI,50,42,52,153.00,"7,956.00"
2019-02-14,2019021401005228,RADHI,50,21,11,153.00,"1,683.00"
2019-02-14,2019021401005017,RADHI,50,21,11,153.00,"1,683.00"
2019-02-14,2019021401004960,RADHI,50,21,11,153.00,"1,683.00"
2019-02-14,2019021401005040,RBCL,5,6,10,"9,100.00","91,000.00"
2019-02-14,2019021401005039,RBCL,59,6,25,"9,100.00","227,500.00"
2019-02-14,2019021401005038,RBCL,7,6,10,"9,101.00","91,010.00"
2019-02-14,2019021401004904,RBCL,39,6,200,"9,105.00","1,821,000.00"
2019-02-14,2019021401005317,RLFL,44,46,53,114.00,"6,042.00"
2019-02-14,2019021401005316,RLFL,44,46,37,114.00,"4,218.00"
2019-02-14,2019021401004901,RLFL,44,5,29,114.00,"3,306.00"
2019-02-14,2019021401005306,RMDC,58,52,162,528.00,"85,536.00"
2019-02-14,2019021401005326,RRHP,33,46,10,97.00,970.00
2019-02-14,2019021401005135,RRHP,33,13,10,97.00,970.00
2019-02-14,2019021401005069,RRHP,33,13,10,97.00,970.00
2019-02-14,2019021401005019,RRHP,33,13,10,97.00,970.00
2019-02-14,2019021401004993,RRHP,29,43,10,98.00,980.00
2019-02-14,2019021401004897,RRHP,33,21,10,97.00,970.00
2019-02-14,2019021401004922,RSDC,8,25,11,371.00,"4,081.00"
2019-02-14,2019021401005247,SANIMA,34,6,200,293.00,"58,600.00"
2019-02-14,2019021401005232,SANIMA,37,57,288,292.00,"84,096.00"
2019-02-14,2019021401005231,SANIMA,13,57,300,292.00,"87,600.00"
2019-02-14,2019021401005230,SANIMA,28,57,211,292.00,"61,612.00"
2019-02-14,2019021401005051,SANIMA,28,21,289,292.00,"84,388.00"
2019-02-14,2019021401005050,SANIMA,11,21,11,292.00,"3,212.00"
2019-02-14,2019021401005037,SANIMA,11,19,75,292.00,"21,900.00"
2019-02-14,2019021401004939,SANIMA,11,36,14,292.00,"4,088.00"
2019-02-14,2019021401004938,SANIMA,52,36,31,292.00,"9,052.00"
2019-02-14,2019021401004932,SANIMA,36,36,155,293.00,"45,415.00"
2019-02-14,2019021401004931,SANIMA,36,25,25,293.00,"7,325.00"
2019-02-14,2019021401004930,SANIMA,36,6,20,293.00,"5,860.00"
2019-02-14,2019021401005249,SBBLJ,21,5,20,200.00,"4,000.00"
2019-02-14,2019021401005166,SBBLJ,6,5,100,200.00,"20,000.00"
2019-02-14,2019021401005165,SBBLJ,26,5,500,200.00,"100,000.00"
2019-02-14,2019021401005164,SBBLJ,32,5,40,200.00,"8,000.00"
2019-02-14,2019021401005163,SBBLJ,50,5,50,200.00,"10,000.00"
2019-02-14,2019021401005131,SBL,45,53,400,277.00,"110,800.00"
2019-02-14,2019021401005130,SBL,43,53,100,277.00,"27,700.00"
2019-02-14,2019021401005309,SCB,38,41,40,540.00,"21,600.00"
2019-02-14,2019021401004996,SCB,5,10,50,542.00,"27,100.00"
2019-02-14,2019021401004969,SCB,49,17,100,540.00,"54,000.00"
2019-02-14,2019021401004968,SCB,37,17,60,540.00,"32,400.00"
2019-02-14,2019021401004967,SCB,19,17,50,541.00,"27,050.00"
2019-02-14,2019021401004962,SCB,37,4,40,540.00,"21,600.00"
2019-02-14,2019021401004975,SCB,13,17,971,536.00,"520,456.00"
2019-02-14,2019021401004974,SCB,42,17,200,536.00,"107,200.00"
2019-02-14,2019021401004973,SCB,13,17,30,539.00,"16,170.00"
2019-02-14,2019021401004972,SCB,50,17,160,539.00,"86,240.00"
2019-02-14,2019021401004971,SCB,28,17,29,540.00,"15,660.00"
2019-02-14,2019021401004970,SCB,19,17,300,540.00,"162,000.00"
2019-02-14,2019021401005268,SDESI,45,46,14,601.00,"8,414.00"
2019-02-14,2019021401005235,SHPC,45,42,55,217.00,"11,935.00"
2019-02-14,2019021401004964,SIC,36,36,100,"1,280.00","128,000.00"
2019-02-14,2019021401005233,SICL,56,34,66,860.00,"56,760.00"
2019-02-14,2019021401005144,SICL,41,34,75,860.00,"64,500.00"
2019-02-14,2019021401005055,SICL,25,4,157,858.00,"134,706.00"
2019-02-14,2019021401005054,SICL,50,4,20,859.00,"17,180.00"
2019-02-14,2019021401005018,SICL,4,42,50,859.00,"42,950.00"
2019-02-14,2019021401005173,SLBS,39,52,10,982.00,"9,820.00"
2019-02-14,2019021401005048,SLBS,16,16,8,990.00,"7,920.00"
2019-02-14,2019021401004959,SLBS,26,26,1,990.00,990.00
2019-02-14,2019021401004952,SLBS,26,26,1,990.00,990.00
2019-02-14,2019021401004928,SLBS,26,26,1,990.00,990.00
2019-02-14,2019021401005343,SLBSL,47,58,10,790.00,"7,900.00"
2019-02-14,2019021401005064,SLICL,19,13,42,509.00,"21,378.00"
2019-02-14,2019021401005032,SLICL,32,13,10,509.00,"5,090.00"
2019-02-14,2019021401005218,SMB,45,29,10,681.00,"6,810.00"
2019-02-14,2019021401005217,SMB,45,13,10,681.00,"6,810.00"
2019-02-14,2019021401005216,SMB,45,13,10,681.00,"6,810.00"
2019-02-14,2019021401005215,SMB,45,13,10,681.00,"6,810.00"
2019-02-14,2019021401005214,SMB,45,26,10,681.00,"6,810.00"
2019-02-14,2019021401005213,SMB,45,58,10,681.00,"6,810.00"
2019-02-14,2019021401005031,SMB,45,42,10,667.00,"6,670.00"
2019-02-14,2019021401005212,SMB,45,29,10,680.00,"6,800.00"
2019-02-14,2019021401005211,SMB,45,25,10,680.00,"6,800.00"
2019-02-14,2019021401005188,SMB,45,45,10,675.00,"6,750.00"
2019-02-14,2019021401005187,SMB,45,34,10,669.00,"6,690.00"
2019-02-14,2019021401005186,SMB,45,13,10,665.00,"6,650.00"
2019-02-14,2019021401005138,SMB,16,16,10,665.00,"6,650.00"
2019-02-14,2019021401005170,SRBL,42,14,200,206.00,"41,200.00"
2019-02-14,2019021401005278,UIC,7,40,145,760.00,"110,200.00"
2019-02-14,2019021401005195,UIC,21,40,15,760.00,"11,400.00"
2019-02-14,2019021401004899,UIC,45,40,100,760.00,"76,000.00"
2019-02-14,2019021401004898,UIC,58,40,30,760.00,"22,800.00"
2019-02-14,2019021401005024,UMHL,29,29,14,112.00,"1,568.00"
2019-02-14,2019021401004937,UMHL,59,51,10,111.00,"1,110.00"
2019-02-14,2019021401004924,UMHL,59,51,10,111.00,"1,110.00"
2019-02-14,2019021401004917,UMHL,59,34,76,111.00,"8,436.00"
2019-02-14,2019021401004916,UMHL,34,34,50,111.00,"5,550.00"
2019-02-14,2019021401004915,UMHL,34,34,53,111.00,"5,883.00"
2019-02-14,2019021401004914,UMHL,45,34,18,112.00,"2,016.00"
2019-02-14,2019021401004912,UMHL,45,51,10,112.00,"1,120.00"
2019-02-14,2019021401004900,UMHL,45,51,14,112.00,"1,568.00"
2019-02-14,2019021401004889,UMHL,45,51,14,112.00,"1,568.00"
2019-02-14,2019021401004875,UMHL,45,51,14,112.00,"1,568.00"
2019-02-14,2019021401005364,UPPER,58,39,40,226.00,"9,040.00"
2019-02-14,2019021401005363,UPPER,29,39,10,226.00,"2,260.00"
2019-02-14,2019021401005357,UPPER,29,21,40,226.00,"9,040.00"
2019-02-14,2019021401005356,UPPER,32,21,10,226.00,"2,260.00"
2019-02-14,2019021401005350,UPPER,32,46,10,226.00,"2,260.00"
2019-02-14,2019021401005349,UPPER,21,46,30,226.00,"6,780.00"
2019-02-14,2019021401004896,UPPER,49,46,50,226.00,"11,300.00"
2019-02-14,2019021401004895,UPPER,49,17,50,226.00,"11,300.00"
2019-02-14,2019021401004872,UPPER,49,45,40,226.00,"9,040.00"
2019-02-14,2019021401004929,UPPER,49,29,50,226.00,"11,300.00"
2019-02-14,2019021401004925,UPPER,49,21,50,226.00,"11,300.00"
2019-02-14,2019021401004906,UPPER,49,21,40,226.00,"9,040.00"
2019-02-14,2019021401004958,UPPER,49,21,50,226.00,"11,300.00"
2019-02-14,2019021401004949,UPPER,49,47,50,226.00,"11,300.00"
2019-02-14,2019021401004948,UPPER,49,21,50,226.00,"11,300.00"
2019-02-14,2019021401004947,UPPER,49,39,50,226.00,"11,300.00"
2019-02-14,2019021401004991,UPPER,7,21,30,226.00,"6,780.00"
2019-02-14,2019021401004990,UPPER,10,21,20,226.00,"4,520.00"
2019-02-14,2019021401004977,UPPER,10,39,30,226.00,"6,780.00"
2019-02-14,2019021401004976,UPPER,49,39,20,226.00,"4,520.00"
2019-02-14,2019021401005033,UPPER,41,17,50,226.00,"11,300.00"
2019-02-14,2019021401005023,UPPER,41,13,50,226.00,"11,300.00"
2019-02-14,2019021401005016,UPPER,41,39,50,226.00,"11,300.00"
2019-02-14,2019021401005008,UPPER,41,39,30,226.00,"6,780.00"
2019-02-14,2019021401005007,UPPER,7,39,20,226.00,"4,520.00"
2019-02-14,2019021401005073,UPPER,41,39,50,226.00,"11,300.00"
2019-02-14,2019021401005063,UPPER,41,29,40,226.00,"9,040.00"
2019-02-14,2019021401005061,UPPER,41,38,72,226.00,"16,272.00"
2019-02-14,2019021401005053,UPPER,41,39,50,226.00,"11,300.00"
2019-02-14,2019021401005088,UPPER,16,49,10,227.00,"2,270.00"
2019-02-14,2019021401005085,UPPER,7,39,14,226.00,"3,164.00"
2019-02-14,2019021401005084,UPPER,7,39,36,226.00,"8,136.00"
2019-02-14,2019021401005082,UPPER,7,13,14,226.00,"3,164.00"
2019-02-14,2019021401005081,UPPER,41,13,36,226.00,"8,136.00"
2019-02-14,2019021401005079,UPPER,41,38,72,226.00,"16,272.00"
2019-02-14,2019021401005101,UPPER,46,39,50,225.00,"11,250.00"
2019-02-14,2019021401005090,UPPER,7,39,36,226.00,"8,136.00"
2019-02-14,2019021401005089,UPPER,16,39,40,227.00,"9,080.00"
2019-02-14,2019021401005142,UPPER,7,38,72,226.00,"16,272.00"
2019-02-14,2019021401005141,UPPER,7,38,72,226.00,"16,272.00"
2019-02-14,2019021401005128,UPPER,45,39,50,225.00,"11,250.00"
2019-02-14,2019021401005112,UPPER,46,39,14,225.00,"3,150.00"
2019-02-14,2019021401005111,UPPER,46,21,50,225.00,"11,250.00"
2019-02-14,2019021401005167,UPPER,7,39,50,226.00,"11,300.00"
2019-02-14,2019021401005159,UPPER,7,38,72,226.00,"16,272.00"
2019-02-14,2019021401005157,UPPER,7,13,40,226.00,"9,040.00"
2019-02-14,2019021401005151,UPPER,7,39,50,226.00,"11,300.00"
2019-02-14,2019021401005150,UPPER,7,21,50,226.00,"11,300.00"
2019-02-14,2019021401005149,UPPER,7,22,40,226.00,"9,040.00"
2019-02-14,2019021401005192,UPPER,7,38,72,226.00,"16,272.00"
2019-02-14,2019021401005190,UPPER,7,22,50,226.00,"11,300.00"
2019-02-14,2019021401005189,UPPER,7,39,50,226.00,"11,300.00"
2019-02-14,2019021401005182,UPPER,7,42,72,226.00,"16,272.00"
2019-02-14,2019021401005179,UPPER,7,38,72,226.00,"16,272.00"
2019-02-14,2019021401005227,UPPER,38,16,90,227.00,"20,430.00"
2019-02-14,2019021401005226,UPPER,38,39,10,227.00,"2,270.00"
2019-02-14,2019021401005220,UPPER,7,21,50,226.00,"11,300.00"
2019-02-14,2019021401005200,UPPER,7,38,72,226.00,"16,272.00"
2019-02-14,2019021401005196,UPPER,7,39,50,226.00,"11,300.00"
2019-02-14,2019021401005250,UPPER,58,39,50,226.00,"11,300.00"
2019-02-14,2019021401005243,UPPER,58,39,50,226.00,"11,300.00"
2019-02-14,2019021401005242,UPPER,58,21,46,226.00,"10,396.00"
2019-02-14,2019021401005241,UPPER,7,21,26,226.00,"5,876.00"
2019-02-14,2019021401005239,UPPER,7,32,40,226.00,"9,040.00"
2019-02-14,2019021401005277,UPPER,21,39,50,226.00,"11,300.00"
2019-02-14,2019021401005271,UPPER,58,26,50,226.00,"11,300.00"
2019-02-14,2019021401005269,UPPER,58,39,50,226.00,"11,300.00"
2019-02-14,2019021401005264,UPPER,58,21,40,226.00,"9,040.00"
2019-02-14,2019021401005261,UPPER,58,39,50,226.00,"11,300.00"
2019-02-14,2019021401005314,UPPER,21,39,50,226.00,"11,300.00"
2019-02-14,2019021401005313,UPPER,21,13,40,226.00,"9,040.00"
2019-02-14,2019021401005292,UPPER,21,39,50,226.00,"11,300.00"
2019-02-14,2019021401005291,UPPER,21,21,40,226.00,"9,040.00"
2019-02-14,2019021401005288,UPPER,21,22,50,226.00,"11,300.00"
2019-02-14,2019021401005345,UPPER,21,39,50,226.00,"11,300.00"
2019-02-14,2019021401005339,UPPER,21,21,40,226.00,"9,040.00"
2019-02-14,2019021401005328,UPPER,21,39,50,226.00,"11,300.00"
2019-02-14,2019021401005315,UPPER,21,21,50,226.00,"11,300.00"
2019-02-14,2019021401005338,VLBS,58,52,12,683.00,"8,196.00"
2019-02-14,2019021401005369,WOMI,48,1,54,"1,110.00","59,940.00"
2019-02-14,2019021401004746,ADBL,42,25,200,328.00,"65,600.00"
2019-02-14,2019021401004724,ADBL,28,49,30,329.00,"9,870.00"
2019-02-14,2019021401004487,API,46,5,45,128.00,"5,760.00"
2019-02-14,2019021401004486,API,33,5,200,128.00,"25,600.00"
2019-02-14,2019021401004485,API,43,5,255,128.00,"32,640.00"
2019-02-14,2019021401004431,BOKL,43,25,35,235.00,"8,225.00"
2019-02-14,2019021401004519,BPCL,29,29,30,347.00,"10,410.00"
2019-02-14,2019021401004847,CBBL,50,33,200,858.00,"171,600.00"
2019-02-14,2019021401004846,CBBL,38,33,100,859.00,"85,900.00"
2019-02-14,2019021401004845,CBBL,21,33,100,859.00,"85,900.00"
2019-02-14,2019021401004844,CBBL,33,33,100,859.00,"85,900.00"
2019-02-14,2019021401004618,CBL,16,6,893,151.00,"134,843.00"
2019-02-14,2019021401004617,CBL,51,6,200,151.00,"30,200.00"
2019-02-14,2019021401004616,CBL,22,6,907,151.00,"136,957.00"
2019-02-14,2019021401004605,CBL,38,38,1,151.00,151.00
2019-02-14,2019021401004569,CBL,38,38,2,151.00,302.00
2019-02-14,2019021401004568,CCBL,45,48,200,160.00,"32,000.00"
2019-02-14,2019021401004477,CCBL,18,44,414,160.00,"66,240.00"
2019-02-14,2019021401004555,CEFL,59,46,20,98.00,"1,960.00"
2019-02-14,2019021401004714,CHCL,57,57,867,505.00,"437,835.00"
2019-02-14,2019021401004669,CHCL,28,59,100,503.00,"50,300.00"
2019-02-14,2019021401004571,CHCL,16,38,82,505.00,"41,410.00"
2019-02-14,2019021401004570,CHCL,16,54,500,505.00,"252,500.00"
2019-02-14,2019021401004494,CHCL,49,5,500,504.00,"252,000.00"
2019-02-14,2019021401004440,CHLBS,32,29,10,375.00,"3,750.00"
2019-02-14,2019021401004784,CIT,4,37,100,"2,546.00","254,600.00"
2019-02-14,2019021401004757,CIT,58,33,161,"2,549.00","410,389.00"
2019-02-14,2019021401004747,CIT,58,17,80,"2,548.00","203,840.00"
2019-02-14,2019021401004665,CIT,46,17,20,"2,548.00","50,960.00"
2019-02-14,2019021401004625,CIT,20,33,25,"2,549.00","63,725.00"
2019-02-14,2019021401004586,CIT,14,1,10,"2,550.00","25,500.00"
2019-02-14,2019021401004417,CIT,50,1,10,"2,555.00","25,550.00"
2019-02-14,2019021401004579,CIT,32,1,30,"2,552.00","76,560.00"
2019-02-14,2019021401004578,CIT,29,1,20,"2,552.00","51,040.00"
2019-02-14,2019021401004577,CIT,8,1,20,"2,552.00","51,040.00"
2019-02-14,2019021401004443,CIT,8,41,80,"2,552.00","204,160.00"
2019-02-14,2019021401004442,CIT,32,41,20,"2,552.00","51,040.00"
2019-02-14,2019021401004418,CIT,33,1,40,"2,553.00","102,120.00"
2019-02-14,2019021401004585,CIT,39,1,20,"2,550.00","51,000.00"
2019-02-14,2019021401004584,CIT,10,1,200,"2,550.00","510,000.00"
2019-02-14,2019021401004583,CIT,43,1,10,"2,550.00","25,500.00"
2019-02-14,2019021401004582,CIT,28,1,10,"2,550.00","25,500.00"
2019-02-14,2019021401004581,CIT,26,1,20,"2,551.00","51,020.00"
2019-02-14,2019021401004580,CIT,45,1,10,"2,551.00","25,510.00"
2019-02-14,2019021401004462,CLBSL,38,38,10,661.00,"6,610.00"
2019-02-14,2019021401004870,CZBIL,18,48,50,203.00,"10,150.00"
2019-02-14,2019021401004869,CZBIL,18,48,10,203.00,"2,030.00"
2019-02-14,2019021401004514,DBBL,56,5,95,123.00,"11,685.00"
2019-02-14,2019021401004434,DBBL,56,58,200,123.00,"24,600.00"
2019-02-14,2019021401004433,DBBL,56,58,500,123.00,"61,500.00"
2019-02-14,2019021401004432,DBBL,56,58,500,123.00,"61,500.00"
2019-02-14,2019021401004849,DDBL,29,21,15,569.00,"8,535.00"
2019-02-14,2019021401004630,EBL,45,21,20,505.00,"10,100.00"
2019-02-14,2019021401004629,EBL,45,21,50,505.00,"25,250.00"
2019-02-14,2019021401004628,EBL,42,21,100,505.00,"50,500.00"
2019-02-14,2019021401004627,EBL,49,21,10,505.00,"5,050.00"
2019-02-14,2019021401004636,FMDBL,41,13,20,353.00,"7,060.00"
2019-02-14,2019021401004635,FMDBL,32,13,100,354.00,"35,400.00"
2019-02-14,2019021401004634,FMDBL,8,13,30,355.00,"10,650.00"
2019-02-14,2019021401004528,GBBL,28,55,96,181.00,"17,376.00"
2019-02-14,2019021401004527,GBBL,28,55,308,181.00,"55,748.00"
2019-02-14,2019021401004526,GBBL,28,26,562,181.00,"101,722.00"
2019-02-14,2019021401004865,GBIME,1,38,120,260.00,"31,200.00"
2019-02-14,2019021401004548,GBLBS,32,1,10,423.00,"4,230.00"
2019-02-14,2019021401004587,GDBL,45,26,25,180.00,"4,500.00"
2019-02-14,2019021401004772,GLICL,57,57,113,659.00,"74,467.00"
2019-02-14,2019021401004542,GLICL,25,25,58,657.00,"38,106.00"
2019-02-14,2019021401004541,GLICL,58,25,42,657.00,"27,594.00"
2019-02-14,2019021401004482,GRDBL,1,38,10,102.00,"1,020.00"
2019-02-14,2019021401004428,GUFL,43,34,300,102.00,"30,600.00"
2019-02-14,2019021401004559,HBL,4,42,100,425.00,"42,500.00"
2019-02-14,2019021401004558,HBL,4,55,500,425.00,"212,500.00"
2019-02-14,2019021401004557,HBL,4,54,200,425.00,"85,000.00"
2019-02-14,2019021401004556,HBL,4,36,74,423.00,"31,302.00"
2019-02-14,2019021401004809,HGI,4,14,95,384.00,"36,480.00"
2019-02-14,2019021401004808,HGI,4,52,248,383.00,"94,984.00"
2019-02-14,2019021401004802,HGI,4,48,50,381.00,"19,050.00"
2019-02-14,2019021401004801,HGI,4,26,600,380.00,"228,000.00"
2019-02-14,2019021401004800,HGI,4,48,447,380.00,"169,860.00"
2019-02-14,2019021401004799,HGI,4,57,560,378.00,"211,680.00"
2019-02-14,2019021401004467,HGI,11,5,100,375.00,"37,500.00"
2019-02-14,2019021401004459,HGI,34,6,436,377.00,"164,372.00"
2019-02-14,2019021401004435,HGI,34,33,"1,174",377.00,"442,598.00"
2019-02-14,2019021401004859,HIDCL,49,55,170,133.00,"22,610.00"
2019-02-14,2019021401004858,HIDCL,37,55,330,133.00,"43,890.00"
2019-02-14,2019021401004843,HIDCL,37,55,103,133.00,"13,699.00"
2019-02-14,2019021401004842,HIDCL,14,55,397,133.00,"52,801.00"
2019-02-14,2019021401004732,HIDCL,14,1,603,133.00,"80,199.00"
2019-02-14,2019021401004731,HIDCL,28,1,300,133.00,"39,900.00"
2019-02-14,2019021401004730,HIDCL,19,1,731,133.00,"97,223.00"
2019-02-14,2019021401004639,HIDCL,19,21,269,133.00,"35,777.00"
2019-02-14,2019021401004638,HIDCL,21,21,200,133.00,"26,600.00"
2019-02-14,2019021401004637,HIDCL,46,21,31,133.00,"4,123.00"
2019-02-14,2019021401004530,HIDCL,46,5,469,133.00,"62,377.00"
2019-02-14,2019021401004529,HIDCL,19,5,31,133.00,"4,123.00"
2019-02-14,2019021401004567,HPPL,28,39,10,170.00,"1,700.00"
2019-02-14,2019021401004456,HPPL,28,43,20,170.00,"3,400.00"
2019-02-14,2019021401004666,JBBL,58,42,20,139.00,"2,780.00"
2019-02-14,2019021401004536,JBBL,47,38,35,138.00,"4,830.00"
2019-02-14,2019021401004520,JBBL,47,38,30,138.00,"4,140.00"
2019-02-14,2019021401004513,JBBL,47,38,35,138.00,"4,830.00"
2019-02-14,2019021401004512,JBBL,47,51,15,137.00,"2,055.00"
2019-02-14,2019021401004507,JBBL,47,51,50,137.00,"6,850.00"
2019-02-14,2019021401004437,JBBL,47,39,70,136.00,"9,520.00"
2019-02-14,2019021401004429,JBBL,47,39,80,136.00,"10,880.00"
2019-02-14,2019021401004415,JBBL,47,39,75,136.00,"10,200.00"
2019-02-14,2019021401004399,JBBL,47,39,60,136.00,"8,160.00"
2019-02-14,2019021401004398,JBBL,47,29,20,136.00,"2,720.00"
2019-02-14,2019021401004390,JBBL,47,29,80,136.00,"10,880.00"
2019-02-14,2019021401004476,JBBL,47,51,40,137.00,"5,480.00"
2019-02-14,2019021401004475,JBBL,47,39,15,136.00,"2,040.00"
2019-02-14,2019021401004468,JBBL,47,39,65,136.00,"8,840.00"
2019-02-14,2019021401004461,JBBL,47,39,65,136.00,"8,840.00"
2019-02-14,2019021401004453,JBBL,47,39,65,136.00,"8,840.00"
2019-02-14,2019021401004447,JBBL,47,39,65,136.00,"8,840.00"
2019-02-14,2019021401004819,JBNL,46,44,100,165.00,"16,500.00"
2019-02-14,2019021401004754,JEFL,42,1,450,129.00,"58,050.00"
2019-02-14,2019021401004641,JEFL,7,58,110,130.00,"14,300.00"
2019-02-14,2019021401004619,JEFL,7,58,"1,445",130.00,"187,850.00"
2019-02-14,2019021401004607,JEFL,7,58,"1,445",130.00,"187,850.00"
2019-02-14,2019021401004782,KBL,29,25,200,233.00,"46,600.00"
2019-02-14,2019021401004781,KBL,48,25,"1,200",233.00,"279,600.00"
2019-02-14,2019021401004545,KKHC,29,29,10,80.00,800.00
2019-02-14,2019021401004490,KKHC,14,38,10,79.00,790.00
2019-02-14,2019021401004389,KKHC,14,38,10,79.00,790.00
2019-02-14,2019021401004866,KPCL,29,21,10,91.00,910.00
2019-02-14,2019021401004850,KPCL,29,21,10,91.00,910.00
2019-02-14,2019021401004835,KPCL,29,21,10,91.00,910.00
2019-02-14,2019021401004820,KPCL,29,21,10,91.00,910.00
2019-02-14,2019021401004804,KPCL,29,21,10,91.00,910.00
2019-02-14,2019021401004439,KPCL,45,21,10,92.00,920.00
2019-02-14,2019021401004411,KPCL,45,46,10,92.00,920.00
2019-02-14,2019021401004403,KPCL,45,21,10,92.00,920.00
2019-02-14,2019021401004576,KPCL,45,21,10,92.00,920.00
2019-02-14,2019021401004543,KPCL,45,21,10,92.00,920.00
2019-02-14,2019021401004658,KPCL,42,21,10,91.00,910.00
2019-02-14,2019021401004633,KPCL,42,21,10,91.00,910.00
2019-02-14,2019021401004606,KPCL,42,21,10,91.00,910.00
2019-02-14,2019021401004727,KPCL,42,21,10,91.00,910.00
2019-02-14,2019021401004718,KPCL,42,21,10,91.00,910.00
2019-02-14,2019021401004706,KPCL,42,21,10,91.00,910.00
2019-02-14,2019021401004694,KPCL,42,21,10,91.00,910.00
2019-02-14,2019021401004682,KPCL,42,21,10,91.00,910.00
2019-02-14,2019021401004758,KPCL,29,21,10,91.00,910.00
2019-02-14,2019021401004753,KPCL,42,21,10,91.00,910.00
2019-02-14,2019021401004743,KPCL,42,21,10,91.00,910.00
2019-02-14,2019021401004775,KPCL,29,21,10,91.00,910.00
2019-02-14,2019021401004678,LBL,32,26,290,190.00,"55,100.00"
2019-02-14,2019021401004677,LBL,55,26,100,190.00,"19,000.00"
2019-02-14,2019021401004676,LBL,19,26,500,190.00,"95,000.00"
2019-02-14,2019021401004675,LBL,36,26,600,190.00,"114,000.00"
2019-02-14,2019021401004674,LBL,34,26,100,190.00,"19,000.00"
2019-02-14,2019021401004673,LBL,47,26,100,190.00,"19,000.00"
2019-02-14,2019021401004672,LBL,29,26,300,190.00,"57,000.00"
2019-02-14,2019021401004671,LBL,25,26,500,190.00,"95,000.00"
2019-02-14,2019021401004670,LBL,20,26,10,190.00,"1,900.00"
2019-02-14,2019021401004416,LBL,55,5,300,190.00,"57,000.00"
2019-02-14,2019021401004771,LGIL,25,13,30,500.00,"15,000.00"
2019-02-14,2019021401004589,LGIL,50,46,20,500.00,"10,000.00"
2019-02-14,2019021401004517,LICN,28,8,327,"1,600.00","523,200.00"
2019-02-14,2019021401004516,LICN,35,8,23,"1,601.00","36,823.00"
2019-02-14,2019021401004505,LICN,35,8,27,"1,601.00","43,227.00"
2019-02-14,2019021401004504,LICN,25,8,50,"1,602.00","80,100.00"
2019-02-14,2019021401004503,LICN,28,8,47,"1,602.00","75,294.00"
2019-02-14,2019021401004479,LICN,28,8,153,"1,602.00","245,106.00"
2019-02-14,2019021401004478,LICN,59,8,50,"1,605.00","80,250.00"
2019-02-14,2019021401004613,MBL,51,44,500,208.00,"104,000.00"
2019-02-14,2019021401004420,MBL,7,49,300,207.00,"62,100.00"
2019-02-14,2019021401004419,MBL,42,49,200,208.00,"41,600.00"
2019-02-14,2019021401004833,MEGA,49,44,30,163.00,"4,890.00"
2019-02-14,2019021401004575,MEGA,5,44,300,163.00,"48,900.00"
2019-02-14,2019021401004566,MEGA,1,38,568,160.00,"90,880.00"
2019-02-14,2019021401004565,MEGA,56,38,100,160.00,"16,000.00"
2019-02-14,2019021401004564,MEGA,38,38,41,160.00,"6,560.00"
2019-02-14,2019021401004563,MEGA,43,38,30,161.00,"4,830.00"
2019-02-14,2019021401004402,MEGA,43,57,970,161.00,"156,170.00"
2019-02-14,2019021401004401,MEGA,34,57,30,161.00,"4,830.00"
2019-02-14,2019021401004562,MEGA,41,38,"1,016",162.00,"164,592.00"
2019-02-14,2019021401004488,MEGA,41,17,77,162.00,"12,474.00"
2019-02-14,2019021401004474,MEGA,41,17,93,162.00,"15,066.00"
2019-02-14,2019021401004473,MEGA,41,11,500,162.00,"81,000.00"
2019-02-14,2019021401004472,MEGA,41,48,50,162.00,"8,100.00"
2019-02-14,2019021401004471,MEGA,41,48,464,162.00,"75,168.00"
2019-02-14,2019021401004421,MLBL,7,54,43,163.00,"7,009.00"
2019-02-14,2019021401004615,MMFDB,53,48,4,952.00,"3,808.00"
2019-02-14,2019021401004838,NABIL,55,41,100,819.00,"81,900.00"
2019-02-14,2019021401004831,NABIL,55,41,90,819.00,"73,710.00"
2019-02-14,2019021401004830,NABIL,16,41,10,819.00,"8,190.00"
2019-02-14,2019021401004823,NABIL,16,41,40,819.00,"32,760.00"
2019-02-14,2019021401004822,NABIL,19,41,50,819.00,"40,950.00"
2019-02-14,2019021401004821,NABIL,43,41,10,819.00,"8,190.00"
2019-02-14,2019021401004690,NABIL,13,8,186,820.00,"152,520.00"
2019-02-14,2019021401004689,NABIL,1,8,30,822.00,"24,660.00"
2019-02-14,2019021401004448,NABIL,35,22,50,823.00,"41,150.00"
2019-02-14,2019021401004717,NABIL,28,17,16,820.00,"13,120.00"
2019-02-14,2019021401004716,NABIL,45,17,100,820.00,"82,000.00"
2019-02-14,2019021401004715,NABIL,8,17,133,820.00,"109,060.00"
2019-02-14,2019021401004707,NABIL,8,8,33,820.00,"27,060.00"
2019-02-14,2019021401004692,NABIL,8,8,334,820.00,"273,880.00"
2019-02-14,2019021401004691,NABIL,58,8,100,820.00,"82,000.00"
2019-02-14,2019021401004702,NABILP,43,22,200,725.00,"145,000.00"
2019-02-14,2019021401004657,NABILP,43,21,100,725.00,"72,500.00"
2019-02-14,2019021401004861,NADEP,8,40,10,744.00,"7,440.00"
2019-02-14,2019021401004644,NADEP,29,29,10,746.00,"7,460.00"
2019-02-14,2019021401004554,NADEP,8,57,10,744.00,"7,440.00"
2019-02-14,2019021401004539,NADEP,8,57,10,744.00,"7,440.00"
2019-02-14,2019021401004867,NBB,25,36,10,182.00,"1,820.00"
2019-02-14,2019021401004864,NBB,41,16,10,181.00,"1,810.00"
2019-02-14,2019021401004681,NBB,47,55,50,182.00,"9,100.00"
2019-02-14,2019021401004518,NBB,41,17,404,181.00,"73,124.00"
2019-02-14,2019021401004777,NBL,58,36,240,284.00,"68,160.00"
2019-02-14,2019021401004776,NBL,13,36,69,284.00,"19,596.00"
2019-02-14,2019021401004452,NBL,13,19,131,284.00,"37,204.00"
2019-02-14,2019021401004451,NBL,7,19,269,284.00,"76,396.00"
2019-02-14,2019021401004408,NBL,7,8,255,284.00,"72,420.00"
2019-02-14,2019021401004407,NBL,43,8,200,284.00,"56,800.00"
2019-02-14,2019021401004406,NBL,5,8,35,284.00,"9,940.00"
2019-02-14,2019021401004405,NBL,57,8,60,284.00,"17,040.00"
2019-02-14,2019021401004392,NBL,47,28,100,285.00,"28,500.00"
2019-02-14,2019021401004837,NCCB,17,39,25,206.00,"5,150.00"
2019-02-14,2019021401004767,NCCB,44,38,200,205.00,"41,000.00"
2019-02-14,2019021401004766,NCCB,7,38,100,205.00,"20,500.00"
2019-02-14,2019021401004828,NGPL,38,38,11,117.00,"1,287.00"
2019-02-14,2019021401004763,NGPL,52,34,200,118.00,"23,600.00"
2019-02-14,2019021401004762,NGPL,1,34,200,118.00,"23,600.00"
2019-02-14,2019021401004761,NGPL,21,34,100,119.00,"11,900.00"
2019-02-14,2019021401004760,NGPL,46,34,50,119.00,"5,950.00"
2019-02-14,2019021401004759,NGPL,1,34,89,119.00,"10,591.00"
2019-02-14,2019021401004395,NGPL,38,38,11,121.00,"1,331.00"
2019-02-14,2019021401004387,NGPL,57,26,22,120.00,"2,640.00"
2019-02-14,2019021401004659,NGPL,38,38,1,121.00,121.00
2019-02-14,2019021401004643,NGPL,38,38,1,121.00,121.00
2019-02-14,2019021401004755,NGPL,57,34,78,120.00,"9,360.00"
2019-02-14,2019021401004720,NGPL,38,38,1,121.00,121.00
2019-02-14,2019021401004705,NGPL,38,38,1,121.00,121.00
2019-02-14,2019021401004693,NGPL,38,38,1,121.00,121.00
2019-02-14,2019021401004684,NGPL,38,38,1,121.00,121.00
2019-02-14,2019021401004683,NGPL,29,29,11,122.00,"1,342.00"
2019-02-14,2019021401004523,NIB,49,25,39,511.00,"19,929.00"
2019-02-14,2019021401004522,NIB,13,25,50,511.00,"25,550.00"
2019-02-14,2019021401004841,NICA,36,36,100,384.00,"38,400.00"
2019-02-14,2019021401004829,NICA,43,36,100,384.00,"38,400.00"
2019-02-14,2019021401004807,NICA,48,11,100,384.00,"38,400.00"
2019-02-14,2019021401004750,NICA,8,32,20,383.00,"7,660.00"
2019-02-14,2019021401004749,NICA,25,32,10,383.00,"3,830.00"
2019-02-14,2019021401004725,NICA,1,58,64,384.00,"24,576.00"
2019-02-14,2019021401004703,NICL,45,13,56,364.00,"20,384.00"
2019-02-14,2019021401004664,NICL,37,13,20,364.00,"7,280.00"
2019-02-14,2019021401004445,NICL,53,5,18,363.00,"6,534.00"
2019-02-14,2019021401004712,NIL,52,33,35,501.00,"17,535.00"
2019-02-14,2019021401004711,NIL,46,33,200,502.00,"100,400.00"
2019-02-14,2019021401004710,NIL,1,33,215,502.00,"107,930.00"
2019-02-14,2019021401004709,NIL,44,33,50,503.00,"25,150.00"
2019-02-14,2019021401004856,NLIC,45,4,191,"1,013.00","193,483.00"
2019-02-14,2019021401004855,NLIC,45,13,40,"1,012.00","40,480.00"
2019-02-14,2019021401004854,NLIC,45,13,69,"1,012.00","69,828.00"
2019-02-14,2019021401004708,NLIC,29,29,17,"1,007.00","17,119.00"
2019-02-14,2019021401004704,NLIC,51,48,74,"1,005.00","74,370.00"
2019-02-14,2019021401004484,NLIC,25,8,17,"1,010.00","17,170.00"
2019-02-14,2019021401004427,NLIC,6,8,155,"1,005.00","155,775.00"
2019-02-14,2019021401004426,NLIC,56,8,100,"1,005.00","100,500.00"
2019-02-14,2019021401004425,NLIC,6,8,50,"1,005.00","50,250.00"
2019-02-14,2019021401004424,NLIC,25,8,500,"1,005.00","502,500.00"
2019-02-14,2019021401004423,NLIC,17,8,66,"1,005.00","66,330.00"
2019-02-14,2019021401004729,NLICL,38,43,30,625.00,"18,750.00"
2019-02-14,2019021401004728,NLICL,35,43,20,625.00,"12,500.00"
2019-02-14,2019021401004455,NLICL,35,5,100,625.00,"62,500.00"
2019-02-14,2019021401004860,NMB,58,54,100,308.00,"30,800.00"
2019-02-14,2019021401004798,NMB,59,13,100,307.00,"30,700.00"
2019-02-14,2019021401004797,NMB,19,13,200,307.00,"61,400.00"
2019-02-14,2019021401004796,NMB,33,13,100,307.00,"30,700.00"
2019-02-14,2019021401004795,NMB,42,13,50,307.00,"15,350.00"
2019-02-14,2019021401004794,NMB,38,13,100,307.00,"30,700.00"
2019-02-14,2019021401004713,NMB,28,54,25,308.00,"7,700.00"
2019-02-14,2019021401004524,NMB,43,54,141,308.00,"43,428.00"
2019-02-14,2019021401004506,NMB,43,54,109,308.00,"33,572.00"
2019-02-14,2019021401004458,NMB,46,54,200,308.00,"61,600.00"
2019-02-14,2019021401004396,NMB,43,54,350,308.00,"107,800.00"
2019-02-14,2019021401004793,NMB,25,13,100,307.00,"30,700.00"
2019-02-14,2019021401004792,NMB,25,13,100,307.00,"30,700.00"
2019-02-14,2019021401004791,NMB,47,13,30,307.00,"9,210.00"
2019-02-14,2019021401004790,NMB,57,13,100,307.00,"30,700.00"
2019-02-14,2019021401004789,NMB,57,13,500,307.00,"153,500.00"
2019-02-14,2019021401004788,NMB,4,13,"1,763",307.00,"541,241.00"
2019-02-14,2019021401004836,NSEWA,11,52,50,574.00,"28,700.00"
2019-02-14,2019021401004722,NSEWA,49,45,10,565.00,"5,650.00"
2019-02-14,2019021401004701,NSEWA,49,45,40,565.00,"22,600.00"
2019-02-14,2019021401004700,NSEWA,53,45,50,565.00,"28,250.00"
2019-02-14,2019021401004699,NSEWA,48,45,15,565.00,"8,475.00"
2019-02-14,2019021401004698,NSEWA,41,45,100,569.00,"56,900.00"
2019-02-14,2019021401004622,NSEWA,1,45,20,573.00,"11,460.00"
2019-02-14,2019021401004621,NSEWA,11,45,20,576.00,"11,520.00"
2019-02-14,2019021401004436,NSEWA,17,45,60,583.00,"34,980.00"
2019-02-14,2019021401004697,NSEWA,22,45,10,569.00,"5,690.00"
2019-02-14,2019021401004650,NSEWA,17,45,100,570.00,"57,000.00"
2019-02-14,2019021401004649,NSEWA,1,45,20,570.00,"11,400.00"
2019-02-14,2019021401004648,NSEWA,34,45,30,571.00,"17,130.00"
2019-02-14,2019021401004624,NSEWA,22,45,100,572.00,"57,200.00"
2019-02-14,2019021401004623,NSEWA,14,45,20,572.00,"11,440.00"
2019-02-14,2019021401004745,NUBL,19,53,20,720.00,"14,400.00"
2019-02-14,2019021401004685,NUBL,43,55,40,718.00,"28,720.00"
2019-02-14,2019021401004614,NUBL,55,55,200,716.00,"143,200.00"
2019-02-14,2019021401004734,PCBL,45,11,100,311.00,"31,100.00"
2019-02-14,2019021401004733,PCBL,45,6,143,311.00,"44,473.00"
2019-02-14,2019021401004573,PCBL,28,6,20,311.00,"6,220.00"
2019-02-14,2019021401004751,PFL,29,29,13,129.00,"1,677.00"
2019-02-14,2019021401004632,PFL,45,44,63,130.00,"8,190.00"
2019-02-14,2019021401004631,PFL,45,5,24,130.00,"3,120.00"
2019-02-14,2019021401004626,PFL,51,51,4,127.00,508.00
2019-02-14,2019021401004560,PFL,26,51,39,128.00,"4,992.00"
2019-02-14,2019021401004546,PFL,48,51,39,127.00,"4,953.00"
2019-02-14,2019021401004450,PFL,1,51,39,128.00,"4,992.00"
2019-02-14,2019021401004441,PFL,13,51,35,128.00,"4,480.00"
2019-02-14,2019021401004413,PFL,13,51,15,128.00,"1,920.00"
2019-02-14,2019021401004412,PFL,6,51,11,128.00,"1,408.00"
2019-02-14,2019021401004388,PFL,29,29,13,129.00,"1,677.00"
2019-02-14,2019021401004538,PFL,48,51,26,127.00,"3,302.00"
2019-02-14,2019021401004535,PFL,48,51,39,127.00,"4,953.00"
2019-02-14,2019021401004495,PFL,48,51,16,127.00,"2,032.00"
2019-02-14,2019021401004480,PFL,48,51,39,127.00,"4,953.00"
2019-02-14,2019021401004463,PFL,1,51,23,128.00,"2,944.00"
2019-02-14,2019021401004457,PFL,1,51,39,128.00,"4,992.00"
2019-02-14,2019021401004508,PIC,33,26,85,"1,002.00","85,170.00"
2019-02-14,2019021401004489,PIC,57,34,11,"1,000.00","11,000.00"
2019-02-14,2019021401004834,PLIC,7,33,10,434.00,"4,340.00"
2019-02-14,2019021401004375,PLIC,19,38,200,430.00,"86,000.00"
2019-02-14,2019021401004374,PLIC,33,38,200,430.00,"86,000.00"
2019-02-14,2019021401004373,PLIC,58,38,200,431.00,"86,200.00"
2019-02-14,2019021401004372,PLIC,50,38,100,432.00,"43,200.00"
2019-02-14,2019021401004371,PLIC,42,38,100,432.00,"43,200.00"
2019-02-14,2019021401004381,PLIC,28,38,500,429.00,"214,500.00"
2019-02-14,2019021401004380,PLIC,17,38,500,429.00,"214,500.00"
2019-02-14,2019021401004379,PLIC,37,38,50,429.00,"21,450.00"
2019-02-14,2019021401004378,PLIC,45,38,100,429.00,"42,900.00"
2019-02-14,2019021401004377,PLIC,25,38,200,430.00,"86,000.00"
2019-02-14,2019021401004376,PLIC,49,38,100,430.00,"43,000.00"
2019-02-14,2019021401004386,PLIC,7,38,"1,000",428.00,"428,000.00"
2019-02-14,2019021401004385,PLIC,38,38,200,428.00,"85,600.00"
2019-02-14,2019021401004384,PLIC,54,38,200,428.00,"85,600.00"
2019-02-14,2019021401004383,PLIC,25,38,44,428.00,"18,832.00"
2019-02-14,2019021401004382,PLIC,42,38,50,429.00,"21,450.00"
2019-02-14,2019021401004857,PMHPL,10,21,10,105.00,"1,050.00"
2019-02-14,2019021401004839,PMHPL,10,21,10,105.00,"1,050.00"
2019-02-14,2019021401004826,PMHPL,10,21,10,105.00,"1,050.00"
2019-02-14,2019021401004806,PMHPL,10,21,10,105.00,"1,050.00"
2019-02-14,2019021401004783,PMHPL,10,21,10,105.00,"1,050.00"
2019-02-14,2019021401004748,PMHPL,10,21,10,105.00,"1,050.00"
2019-02-14,2019021401004444,PMHPL,10,6,10,105.00,"1,050.00"
2019-02-14,2019021401004430,PMHPL,10,21,10,105.00,"1,050.00"
2019-02-14,2019021401004410,PMHPL,10,6,10,105.00,"1,050.00"
2019-02-14,2019021401004394,PMHPL,10,21,10,105.00,"1,050.00"
2019-02-14,2019021401004391,PMHPL,10,6,10,105.00,"1,050.00"
2019-02-14,2019021401004612,PMHPL,10,21,10,105.00,"1,050.00"
2019-02-14,2019021401004588,PMHPL,10,21,10,105.00,"1,050.00"
2019-02-14,2019021401004561,PMHPL,10,40,10,105.00,"1,050.00"
2019-02-14,2019021401004547,PMHPL,10,21,10,105.00,"1,050.00"
2019-02-14,2019021401004469,PMHPL,10,21,10,105.00,"1,050.00"
2019-02-14,2019021401004454,PMHPL,10,21,10,105.00,"1,050.00"
2019-02-14,2019021401004735,PMHPL,10,21,10,105.00,"1,050.00"
2019-02-14,2019021401004719,PMHPL,10,21,10,105.00,"1,050.00"
2019-02-14,2019021401004696,PMHPL,10,21,10,105.00,"1,050.00"
2019-02-14,2019021401004686,PMHPL,10,21,10,105.00,"1,050.00"
2019-02-14,2019021401004663,PMHPL,10,21,10,105.00,"1,050.00"
2019-02-14,2019021401004642,PMHPL,10,21,10,105.00,"1,050.00"
2019-02-14,2019021401004825,PRVU,28,32,21,228.00,"4,788.00"
2019-02-14,2019021401004824,PRVU,38,32,79,228.00,"18,012.00"
2019-02-14,2019021401004813,PRVU,29,25,200,229.00,"45,800.00"
2019-02-14,2019021401004812,PRVU,28,25,500,229.00,"114,500.00"
2019-02-14,2019021401004811,PRVU,58,25,130,229.00,"29,770.00"
2019-02-14,2019021401004687,PRVU,58,45,100,229.00,"22,900.00"
2019-02-14,2019021401004470,PRVU,42,29,30,230.00,"6,900.00"
2019-02-14,2019021401004422,PRVU,38,41,100,228.00,"22,800.00"
2019-02-14,2019021401004393,PRVU,42,29,20,230.00,"4,600.00"
2019-02-14,2019021401004404,RADHI,54,54,11,154.00,"1,694.00"
2019-02-14,2019021401004592,RBCLPO,54,34,18,"8,600.00","154,800.00"
2019-02-14,2019021401004510,RBCLPO,28,33,10,"8,580.00","85,800.00"
2019-02-14,2019021401004662,RMDC,29,21,40,527.00,"21,080.00"
2019-02-14,2019021401004661,RMDC,55,21,50,528.00,"26,400.00"
2019-02-14,2019021401004660,RMDC,17,21,10,528.00,"5,280.00"
2019-02-14,2019021401004769,RRHP,33,21,10,97.00,970.00
2019-02-14,2019021401004688,RRHP,33,21,10,97.00,970.00
2019-02-14,2019021401004679,RRHP,33,21,10,97.00,970.00
2019-02-14,2019021401004646,RRHP,33,21,10,97.00,970.00
2019-02-14,2019021401004620,RRHP,33,21,10,97.00,970.00
2019-02-14,2019021401004409,RRHP,29,43,10,98.00,980.00
2019-02-14,2019021401004509,RRHP,33,6,10,97.00,970.00
2019-02-14,2019021401004483,RRHP,33,6,10,97.00,970.00
2019-02-14,2019021401004466,RRHP,33,21,10,97.00,970.00
2019-02-14,2019021401004465,RRHP,33,6,10,97.00,970.00
2019-02-14,2019021401004446,RRHP,33,21,10,97.00,970.00
2019-02-14,2019021401004414,RRHP,33,21,10,97.00,970.00
2019-02-14,2019021401004590,RRHP,33,21,10,97.00,970.00
2019-02-14,2019021401004553,RRHP,33,21,10,97.00,970.00
2019-02-14,2019021401004552,RRHP,33,40,10,97.00,970.00
2019-02-14,2019021401004540,RRHP,33,40,10,97.00,970.00
2019-02-14,2019021401004534,RRHP,33,6,10,97.00,970.00
2019-02-14,2019021401004515,RRHP,33,6,10,97.00,970.00
2019-02-14,2019021401004863,RSDC,29,53,235,372.00,"87,420.00"
2019-02-14,2019021401004695,RSDC,38,53,65,372.00,"24,180.00"
2019-02-14,2019021401004656,RSDC,38,59,135,372.00,"50,220.00"
2019-02-14,2019021401004655,RSDC,58,59,15,372.00,"5,580.00"
2019-02-14,2019021401004805,SADBL,58,42,50,139.00,"6,950.00"
2019-02-14,2019021401004853,SANIMA,58,6,150,293.00,"43,950.00"
2019-02-14,2019021401004818,SANIMA,52,51,59,292.00,"17,228.00"
2019-02-14,2019021401004817,SANIMA,10,51,100,292.00,"29,200.00"
2019-02-14,2019021401004816,SANIMA,37,51,50,292.00,"14,600.00"
2019-02-14,2019021401004815,SANIMA,34,51,69,292.00,"20,148.00"
2019-02-14,2019021401004654,SANIMA,45,6,200,293.00,"58,600.00"
2019-02-14,2019021401004645,SANIMA,34,21,500,292.00,"146,000.00"
2019-02-14,2019021401004460,SANIMA,47,6,50,293.00,"14,650.00"
2019-02-14,2019021401004533,SBI,25,32,50,378.00,"18,900.00"
2019-02-14,2019021401004532,SBI,52,32,25,378.00,"9,450.00"
2019-02-14,2019021401004862,SBL,43,42,80,277.00,"22,160.00"
2019-02-14,2019021401004723,SBL,38,42,20,277.00,"5,540.00"
2019-02-14,2019021401004544,SDESI,38,38,11,603.00,"6,633.00"
2019-02-14,2019021401004502,SDESI,7,29,44,598.00,"26,312.00"
2019-02-14,2019021401004501,SDESI,35,29,85,599.00,"50,915.00"
2019-02-14,2019021401004500,SDESI,14,29,11,600.00,"6,600.00"
2019-02-14,2019021401004499,SDESI,14,29,11,600.00,"6,600.00"
2019-02-14,2019021401004498,SDESI,14,29,11,600.00,"6,600.00"
2019-02-14,2019021401004497,SDESI,14,29,11,600.00,"6,600.00"
2019-02-14,2019021401004726,SHINE,1,59,98,238.00,"23,324.00"
2019-02-14,2019021401004653,SHINE,1,3,102,238.00,"24,276.00"
2019-02-14,2019021401004736,SHPC,45,19,25,217.00,"5,425.00"
2019-02-14,2019021401004652,SHPC,45,22,480,217.00,"104,160.00"
2019-02-14,2019021401004668,SIC,50,21,50,"1,256.00","62,800.00"
2019-02-14,2019021401004667,SIC,39,21,50,"1,260.00","63,000.00"
2019-02-14,2019021401004778,SICL,50,32,50,860.00,"43,000.00"
2019-02-14,2019021401004551,SICL,25,33,235,858.00,"201,630.00"
2019-02-14,2019021401004550,SICL,58,33,100,859.00,"85,900.00"
2019-02-14,2019021401004549,SICL,16,33,65,859.00,"55,835.00"
2019-02-14,2019021401004611,SIL,45,10,60,600.00,"36,000.00"
2019-02-14,2019021401004610,SIL,58,10,150,600.00,"90,000.00"
2019-02-14,2019021401004609,SIL,17,10,200,600.00,"120,000.00"
2019-02-14,2019021401004608,SIL,37,10,100,601.00,"60,100.00"
2019-02-14,2019021401004851,SLBSL,47,16,20,790.00,"15,800.00"
2019-02-14,2019021401004773,SLBSL,47,20,10,790.00,"7,900.00"
2019-02-14,2019021401004768,SLBSL,47,20,10,790.00,"7,900.00"
2019-02-14,2019021401004752,SLBSL,47,20,10,790.00,"7,900.00"
2019-02-14,2019021401004740,SLBSL,22,28,10,792.00,"7,920.00"
2019-02-14,2019021401004739,SLBSL,22,19,10,791.00,"7,910.00"
2019-02-14,2019021401004721,SLBSL,47,20,10,790.00,"7,900.00"
2019-02-14,2019021401004521,SLBSL,22,57,10,789.00,"7,890.00"
2019-02-14,2019021401004397,SLICL,45,5,50,510.00,"25,500.00"
2019-02-14,2019021401004827,SPDL,29,29,15,89.00,"1,335.00"
2019-02-14,2019021401004438,SPDL,29,29,15,89.00,"1,335.00"
2019-02-14,2019021401004848,SRBL,25,28,10,207.00,"2,070.00"
2019-02-14,2019021401004868,UMHL,45,51,14,112.00,"1,568.00"
2019-02-14,2019021401004852,UMHL,45,51,14,112.00,"1,568.00"
2019-02-14,2019021401004840,UMHL,45,51,10,112.00,"1,120.00"
2019-02-14,2019021401004832,UMHL,45,51,14,112.00,"1,568.00"
2019-02-14,2019021401004810,UMHL,45,51,14,112.00,"1,568.00"
2019-02-14,2019021401004803,UMHL,45,51,14,112.00,"1,568.00"
2019-02-14,2019021401004464,UMHL,29,29,14,113.00,"1,582.00"
2019-02-14,2019021401004785,UMHL,45,51,14,112.00,"1,568.00"
2019-02-14,2019021401004774,UMHL,45,51,14,112.00,"1,568.00"
2019-02-14,2019021401004770,UMHL,45,51,14,112.00,"1,568.00"
2019-02-14,2019021401004756,UMHL,45,51,14,112.00,"1,568.00"
2019-02-14,2019021401004814,UPPER,46,26,40,225.00,"9,000.00"
2019-02-14,2019021401004491,UPPER,19,46,40,226.00,"9,040.00"
2019-02-14,2019021401004449,UPPER,57,46,50,225.00,"11,250.00"
2019-02-14,2019021401004400,UPPER,57,46,50,225.00,"11,250.00"
2019-02-14,2019021401004531,UPPER,57,42,40,225.00,"9,000.00"
2019-02-14,2019021401004525,UPPER,57,46,50,225.00,"11,250.00"
2019-02-14,2019021401004511,UPPER,53,45,28,226.00,"6,328.00"
2019-02-14,2019021401004496,UPPER,53,46,40,226.00,"9,040.00"
2019-02-14,2019021401004493,UPPER,53,45,32,226.00,"7,232.00"
2019-02-14,2019021401004492,UPPER,19,45,40,226.00,"9,040.00"
2019-02-14,2019021401004591,UPPER,51,39,40,226.00,"9,040.00"
2019-02-14,2019021401004574,UPPER,51,45,22,226.00,"4,972.00"
2019-02-14,2019021401004572,UPPER,57,6,40,225.00,"9,000.00"
2019-02-14,2019021401004537,UPPER,57,59,40,225.00,"9,000.00"
2019-02-14,2019021401004680,UPPER,50,21,50,226.00,"11,300.00"
2019-02-14,2019021401004651,UPPER,50,46,40,226.00,"9,040.00"
2019-02-14,2019021401004640,UPPER,51,29,38,226.00,"8,588.00"
2019-02-14,2019021401004737,UPPER,50,20,10,226.00,"2,260.00"
2019-02-14,2019021401004742,UPPER,57,5,40,225.00,"9,000.00"
2019-02-14,2019021401004741,UPPER,47,46,50,226.00,"11,300.00"
2019-02-14,2019021401004738,UPPER,57,20,30,225.00,"6,750.00"
2019-02-14,2019021401004786,UPPER,46,20,10,225.00,"2,250.00"
2019-02-14,2019021401004780,UPPER,46,21,30,225.00,"6,750.00"
2019-02-14,2019021401004779,UPPER,14,21,20,225.00,"4,500.00"
2019-02-14,2019021401004765,UPPER,14,26,30,225.00,"6,750.00"
2019-02-14,2019021401004764,UPPER,57,26,20,225.00,"4,500.00"
2019-02-14,2019021401004647,VLBS,58,1,28,690.00,"19,320.00"
2019-02-14,2019021401004594,WOMI,32,33,20,"1,108.00","22,160.00"
2019-02-14,2019021401004593,WOMI,26,33,10,"1,109.00","11,090.00"
2019-02-14,2019021401004600,WOMI,38,33,15,"1,105.00","16,575.00"
2019-02-14,2019021401004599,WOMI,22,33,100,"1,105.00","110,500.00"
2019-02-14,2019021401004598,WOMI,50,33,33,"1,105.00","36,465.00"
2019-02-14,2019021401004597,WOMI,13,33,35,"1,105.00","38,675.00"
2019-02-14,2019021401004596,WOMI,43,33,10,"1,108.00","11,080.00"
2019-02-14,2019021401004595,WOMI,43,33,10,"1,108.00","11,080.00"
2019-02-14,2019021401004604,WOMI,10,33,50,"1,103.00","55,150.00"
2019-02-14,2019021401004603,WOMI,34,33,100,"1,103.00","110,300.00"
2019-02-14,2019021401004602,WOMI,13,33,17,"1,103.00","18,751.00"
2019-02-14,2019021401004601,WOMI,28,33,300,"1,104.00","331,200.00"
2019-02-14,2019021401004228,ADBL,35,28,480,329.00,"157,920.00"
2019-02-14,2019021401004187,ADBL,39,28,"2,000",328.00,"656,000.00"
2019-02-14,2019021401004050,ADBL,45,21,58,327.00,"18,966.00"
2019-02-14,2019021401004049,ADBL,11,21,100,327.00,"32,700.00"
2019-02-14,2019021401004048,ADBL,46,21,42,328.00,"13,776.00"
2019-02-14,2019021401004030,ADBL,46,5,60,328.00,"19,680.00"
2019-02-14,2019021401003995,ADBL,49,36,70,328.00,"22,960.00"
2019-02-14,2019021401004027,ADBL,46,36,198,328.00,"64,944.00"
2019-02-14,2019021401004001,ADBL,49,36,200,328.00,"65,600.00"
2019-02-14,2019021401003999,ADBL,59,36,20,328.00,"6,560.00"
2019-02-14,2019021401003998,ADBL,13,36,200,328.00,"65,600.00"
2019-02-14,2019021401003997,ADBL,1,36,32,328.00,"10,496.00"
2019-02-14,2019021401003996,ADBL,46,36,200,328.00,"65,600.00"
2019-02-14,2019021401004230,AKJCL,29,29,10,83.00,830.00
2019-02-14,2019021401004229,AKJCL,29,5,10,83.00,830.00
2019-02-14,2019021401004219,AKJCL,39,44,20,82.00,"1,640.00"
2019-02-14,2019021401004281,AKPL,18,26,10,162.00,"1,620.00"
2019-02-14,2019021401003916,AKPL,18,47,100,162.00,"16,200.00"
2019-02-14,2019021401004221,AMFI,25,45,10,695.00,"6,950.00"
2019-02-14,2019021401004045,API,43,5,10,128.00,"1,280.00"
2019-02-14,2019021401004368,BOKL,43,25,200,235.00,"47,000.00"
2019-02-14,2019021401004359,BOKL,43,25,215,235.00,"50,525.00"
2019-02-14,2019021401004358,BOKL,43,39,185,235.00,"43,475.00"
2019-02-14,2019021401004330,BOKL,43,39,100,235.00,"23,500.00"
2019-02-14,2019021401004295,BOKL,43,39,100,235.00,"23,500.00"
2019-02-14,2019021401004068,BOKL,58,5,83,233.00,"19,339.00"
2019-02-14,2019021401004067,BOKL,11,5,77,233.00,"17,941.00"
2019-02-14,2019021401004066,BOKL,39,5,40,233.00,"9,320.00"
2019-02-14,2019021401004065,BOKL,41,5,100,233.00,"23,300.00"
2019-02-14,2019021401004064,BOKL,22,5,50,233.00,"11,650.00"
2019-02-14,2019021401004063,BOKL,49,5,150,233.00,"34,950.00"
2019-02-14,2019021401004062,BOKL,49,21,200,233.00,"46,600.00"
2019-02-14,2019021401004032,BPCL,29,29,30,347.00,"10,410.00"
2019-02-14,2019021401004254,CBBL,33,58,100,859.00,"85,900.00"
2019-02-14,2019021401004070,CBL,22,21,93,151.00,"14,043.00"
2019-02-14,2019021401004069,CBL,19,21,107,151.00,"16,157.00"
2019-02-14,2019021401004339,CCBL,18,44,500,160.00,"80,000.00"
2019-02-14,2019021401004316,CCBL,45,44,86,160.00,"13,760.00"
2019-02-14,2019021401004113,CCBL,45,19,14,160.00,"2,240.00"
2019-02-14,2019021401004079,CCBL,46,5,50,160.00,"8,000.00"
2019-02-14,2019021401004078,CCBL,47,5,45,160.00,"7,200.00"
2019-02-14,2019021401004091,CFCL,44,5,200,110.00,"22,000.00"
2019-02-14,2019021401004235,CHCL,36,36,57,504.00,"28,728.00"
2019-02-14,2019021401004176,CHCL,26,40,28,502.00,"14,056.00"
2019-02-14,2019021401004175,CHCL,54,40,62,502.00,"31,124.00"
2019-02-14,2019021401004174,CHCL,33,40,10,503.00,"5,030.00"
2019-02-14,2019021401004150,CHCL,33,54,"2,990",503.00,"1,503,970.00"
2019-02-14,2019021401004148,CHCL,49,54,10,503.00,"5,030.00"
2019-02-14,2019021401003894,CHCL,40,17,126,504.00,"63,504.00"
2019-02-14,2019021401004259,CHL,29,29,10,102.00,"1,020.00"
2019-02-14,2019021401004362,CIT,17,26,50,"2,565.00","128,250.00"
2019-02-14,2019021401004324,CIT,32,25,10,"2,560.00","25,600.00"
2019-02-14,2019021401004126,CZBIL,22,19,75,202.00,"15,150.00"
2019-02-14,2019021401004125,CZBIL,47,19,70,202.00,"14,140.00"
2019-02-14,2019021401003981,CZBIL,45,48,300,203.00,"60,900.00"
2019-02-14,2019021401003931,CZBIL,47,47,20,202.00,"4,040.00"
2019-02-14,2019021401004285,DHPL,29,29,11,94.00,"1,034.00"
2019-02-14,2019021401004128,EBL,49,5,80,505.00,"40,400.00"
2019-02-14,2019021401004127,EBL,41,5,100,505.00,"50,500.00"
2019-02-14,2019021401003991,EBL,49,11,44,506.00,"22,264.00"
2019-02-14,2019021401003990,EBL,49,11,10,506.00,"5,060.00"
2019-02-14,2019021401003989,EBL,14,11,50,506.00,"25,300.00"
2019-02-14,2019021401003988,EBL,7,11,150,506.00,"75,900.00"
2019-02-14,2019021401003987,EBL,14,11,608,507.00,"308,256.00"
2019-02-14,2019021401003922,EBL,38,48,150,508.00,"76,200.00"
2019-02-14,2019021401003881,EBL,14,6,392,507.00,"198,744.00"
2019-02-14,2019021401004286,FMDBL,8,47,20,355.00,"7,100.00"
2019-02-14,2019021401003917,FOWAD,26,17,20,"1,527.00","30,540.00"
2019-02-14,2019021401003893,FOWAD,38,17,21,"1,530.00","32,130.00"
2019-02-14,2019021401004092,GBBL,36,26,100,181.00,"18,100.00"
2019-02-14,2019021401004058,GBBL,36,8,123,179.00,"22,017.00"
2019-02-14,2019021401004057,GBBL,1,8,100,179.00,"17,900.00"
2019-02-14,2019021401004056,GBBL,25,8,500,179.00,"89,500.00"
2019-02-14,2019021401004055,GBBL,44,8,100,179.00,"17,900.00"
2019-02-14,2019021401004054,GBBL,16,8,50,179.00,"8,950.00"
2019-02-14,2019021401004053,GBBL,25,8,500,180.00,"90,000.00"
2019-02-14,2019021401004052,GBBL,29,8,100,180.00,"18,000.00"
2019-02-14,2019021401004051,GBBL,57,8,27,180.00,"4,860.00"
2019-02-14,2019021401004022,GBBL,57,33,23,180.00,"4,140.00"
2019-02-14,2019021401004021,GBBL,35,33,34,180.00,"6,120.00"
2019-02-14,2019021401004308,GBIME,47,8,24,258.00,"6,192.00"
2019-02-14,2019021401004307,GBIME,28,8,200,258.00,"51,600.00"
2019-02-14,2019021401004306,GBIME,29,8,100,258.00,"25,800.00"
2019-02-14,2019021401004305,GBIME,49,8,300,259.00,"77,700.00"
2019-02-14,2019021401004304,GBIME,8,8,376,259.00,"97,384.00"
2019-02-14,2019021401004267,GBIME,8,19,110,259.00,"28,490.00"
2019-02-14,2019021401003920,GBIME,32,11,100,259.00,"25,900.00"
2019-02-14,2019021401003919,GBIME,11,11,100,259.00,"25,900.00"
2019-02-14,2019021401003918,GBIME,37,11,90,259.00,"23,310.00"
2019-02-14,2019021401004266,GBIME,8,55,14,259.00,"3,626.00"
2019-02-14,2019021401004181,GBIME,46,55,86,259.00,"22,274.00"
2019-02-14,2019021401004138,GBIME,46,5,14,259.00,"3,626.00"
2019-02-14,2019021401004137,GBIME,43,5,86,259.00,"22,274.00"
2019-02-14,2019021401004073,GBIME,43,21,200,259.00,"51,800.00"
2019-02-14,2019021401003921,GBIME,43,11,14,259.00,"3,626.00"
2019-02-14,2019021401004144,GDBL,41,5,99,180.00,"17,820.00"
2019-02-14,2019021401004143,GDBL,45,5,11,180.00,"1,980.00"
2019-02-14,2019021401004291,GFCL,58,56,250,115.00,"28,750.00"
2019-02-14,2019021401004290,GFCL,59,56,300,115.00,"34,500.00"
2019-02-14,2019021401004289,GFCL,33,56,50,115.00,"5,750.00"
2019-02-14,2019021401003879,GFCL,43,5,44,116.00,"5,104.00"
2019-02-14,2019021401004255,GRDBL,1,38,10,102.00,"1,020.00"
2019-02-14,2019021401004153,GRDBL,1,5,40,102.00,"4,080.00"
2019-02-14,2019021401003929,HDL,19,42,10,"1,325.00","13,250.00"
2019-02-14,2019021401004116,HGI,52,39,40,378.00,"15,120.00"
2019-02-14,2019021401004136,HIDCL,19,19,56,133.00,"7,448.00"
2019-02-14,2019021401004010,HIDCL,19,36,29,133.00,"3,857.00"
2019-02-14,2019021401004107,HPPL,1,38,10,170.00,"1,700.00"
2019-02-14,2019021401003985,HPPL,1,47,80,170.00,"13,600.00"
2019-02-14,2019021401004025,JBBL,45,21,190,135.00,"25,650.00"
2019-02-14,2019021401004276,JSLBB,34,48,50,"2,405.00","120,250.00"
2019-02-14,2019021401004275,JSLBB,34,48,50,"2,410.00","120,500.00"
2019-02-14,2019021401004274,JSLBB,36,48,20,"2,420.00","48,400.00"
2019-02-14,2019021401004173,KBL,48,5,180,233.00,"41,940.00"
2019-02-14,2019021401004152,KBL,48,55,100,233.00,"23,300.00"
2019-02-14,2019021401004080,KBL,48,39,20,233.00,"4,660.00"
2019-02-14,2019021401004076,KBL,48,21,200,233.00,"46,600.00"
2019-02-14,2019021401003895,KBL,48,6,300,233.00,"69,900.00"
2019-02-14,2019021401004323,KKHC,14,38,10,79.00,790.00
2019-02-14,2019021401004321,KKHC,29,29,10,80.00,800.00
2019-02-14,2019021401004298,KKHC,14,38,10,79.00,790.00
2019-02-14,2019021401004284,KKHC,14,38,10,79.00,790.00
2019-02-14,2019021401004261,KKHC,54,38,10,80.00,800.00
2019-02-14,2019021401004220,KKHC,54,17,10,80.00,800.00
2019-02-14,2019021401004213,KKHC,44,38,10,81.00,810.00
2019-02-14,2019021401004356,KPCL,29,21,10,93.00,930.00
2019-02-14,2019021401004156,KPCL,45,29,10,92.00,920.00
2019-02-14,2019021401004204,KPCL,45,21,10,92.00,920.00
2019-02-14,2019021401004188,KPCL,45,21,10,92.00,920.00
2019-02-14,2019021401004269,KPCL,45,21,10,92.00,920.00
2019-02-14,2019021401004257,KPCL,45,21,10,92.00,920.00
2019-02-14,2019021401004232,KPCL,45,21,10,92.00,920.00
2019-02-14,2019021401004218,KPCL,45,21,10,92.00,920.00
2019-02-14,2019021401004325,KPCL,45,21,10,92.00,920.00
2019-02-14,2019021401004302,KPCL,45,21,10,92.00,920.00
2019-02-14,2019021401004287,KPCL,45,21,10,92.00,920.00
2019-02-14,2019021401004014,KRBL,17,36,35,95.00,"3,325.00"
2019-02-14,2019021401004364,LBL,8,17,500,191.00,"95,500.00"
2019-02-14,2019021401004168,LBL,22,17,100,191.00,"19,100.00"
2019-02-14,2019021401004167,LBL,57,17,50,191.00,"9,550.00"
2019-02-14,2019021401004166,LBL,16,17,500,191.00,"95,500.00"
2019-02-14,2019021401004165,LBL,1,17,62,191.00,"11,842.00"
2019-02-14,2019021401004164,LBL,32,17,500,191.00,"95,500.00"
2019-02-14,2019021401004163,LBL,29,17,100,191.00,"19,100.00"
