Date,Transact. No.,Symbol,Buyer,Seller,Quantity,Rate,Amount
2019-12-04,2019120401004719,ADBL,6,45,"1,000",405.00,"405,000.00"
2019-12-04,2019120401004651,ADBL,50,45,200,405.00,"81,000.00"
2019-12-04,2019120401004470,ADBL,19,45,35,405.00,"14,175.00"
2019-12-04,2019120401004904,AKBSL,10,44,10,449.00,"4,490.00"
2019-12-04,2019120401004885,AKBSL,10,50,90,444.00,"39,960.00"
2019-12-04,2019120401004866,AKBSL,10,52,10,444.00,"4,440.00"
2019-12-04,2019120401004690,AKBSL,10,49,10,436.00,"4,360.00"
2019-12-04,2019120401004659,AKBSL,10,40,10,436.00,"4,360.00"
2019-12-04,2019120401004831,AKPL,5,25,20,117.00,"2,340.00"
2019-12-04,2019120401004946,ALBSL,16,55,10,412.00,"4,120.00"
2019-12-04,2019120401004900,ALBSL,58,6,10,409.00,"4,090.00"
2019-12-04,2019120401004863,ALBSL,58,55,195,409.00,"79,755.00"
2019-12-04,2019120401004810,ALBSL,58,48,95,409.00,"38,855.00"
2019-12-04,2019120401004809,ALBSL,22,48,25,410.00,"10,250.00"
2019-12-04,2019120401004461,BBC,39,13,150,"1,390.00","208,500.00"
2019-12-04,2019120401004641,BOKL,6,5,200,215.00,"43,000.00"
2019-12-04,2019120401004726,BPCL,55,59,"1,000",334.00,"334,000.00"
2019-12-04,2019120401004666,BPCL,29,59,500,335.00,"167,500.00"
2019-12-04,2019120401004665,BPCL,1,59,12,335.00,"4,020.00"
2019-12-04,2019120401004631,BPCL,1,8,22,335.00,"7,370.00"
2019-12-04,2019120401004927,CBL,45,32,30,136.00,"4,080.00"
2019-12-04,2019120401004926,CBL,26,32,32,136.00,"4,352.00"
2019-12-04,2019120401004864,CBL,43,32,10,137.00,"1,370.00"
2019-12-04,2019120401004723,CBL,26,32,468,136.00,"63,648.00"
2019-12-04,2019120401004623,CBL,39,34,772,135.00,"104,220.00"
2019-12-04,2019120401004622,CBL,45,34,"2,000",135.00,"270,000.00"
2019-12-04,2019120401004621,CBL,41,34,100,136.00,"13,600.00"
2019-12-04,2019120401004620,CBL,14,34,160,136.00,"21,760.00"
2019-12-04,2019120401004598,CBL,41,32,20,137.00,"2,740.00"
2019-12-04,2019120401004597,CBL,41,49,480,137.00,"65,760.00"
2019-12-04,2019120401004833,CCBL,14,52,87,162.00,"14,094.00"
2019-12-04,2019120401004832,CCBL,42,52,14,162.00,"2,268.00"
2019-12-04,2019120401004556,CHCL,39,7,430,355.00,"152,650.00"
2019-12-04,2019120401004548,CHCL,38,7,100,356.00,"35,600.00"
2019-12-04,2019120401004745,CIT,51,45,50,"1,700.00","85,000.00"
2019-12-04,2019120401004744,CIT,42,45,100,"1,700.00","170,000.00"
2019-12-04,2019120401004743,CIT,54,45,106,"1,700.00","180,200.00"
2019-12-04,2019120401004742,CIT,5,45,20,"1,701.00","34,020.00"
2019-12-04,2019120401004741,CIT,5,45,50,"1,701.00","85,050.00"
2019-12-04,2019120401004576,CIT,5,13,30,"1,702.00","51,060.00"
2019-12-04,2019120401004575,CIT,17,13,100,"1,702.00","170,200.00"
2019-12-04,2019120401004574,CIT,11,13,20,"1,703.00","34,060.00"
2019-12-04,2019120401004646,CLBSL,38,42,50,490.00,"24,500.00"
2019-12-04,2019120401004608,CLBSL,38,47,17,500.00,"8,500.00"
2019-12-04,2019120401004524,CLBSL,38,54,20,500.00,"10,000.00"
2019-12-04,2019120401004515,CLBSL,38,57,100,500.00,"50,000.00"
2019-12-04,2019120401004529,DBBL,5,37,100,122.00,"12,200.00"
2019-12-04,2019120401004950,DDBL,58,4,22,723.00,"15,906.00"
2019-12-04,2019120401004879,DDBL,58,44,78,723.00,"56,394.00"
2019-12-04,2019120401004686,DDBL,58,4,50,723.00,"36,150.00"
2019-12-04,2019120401004549,DDBL,34,28,"1,000",725.00,"725,000.00"
2019-12-04,2019120401004544,DDBL,58,28,200,726.00,"145,200.00"
2019-12-04,2019120401004488,DDBL,58,28,400,726.00,"290,400.00"
2019-12-04,2019120401004487,DDBL,34,28,50,726.00,"36,300.00"
2019-12-04,2019120401004486,DDBL,48,28,50,727.00,"36,350.00"
2019-12-04,2019120401004560,EDBL,42,7,55,279.00,"15,345.00"
2019-12-04,2019120401004533,EIC,28,49,40,215.00,"8,600.00"
2019-12-04,2019120401004499,EIC,34,49,200,215.00,"43,000.00"
2019-12-04,2019120401004498,EIC,25,49,210,216.00,"45,360.00"
2019-12-04,2019120401004497,EIC,39,49,10,217.00,"2,170.00"
2019-12-04,2019120401004496,EIC,41,49,40,217.00,"8,680.00"
2019-12-04,2019120401004862,FMDBL,29,47,200,302.00,"60,400.00"
2019-12-04,2019120401004733,FMDBL,13,35,100,303.00,"30,300.00"
2019-12-04,2019120401004890,GBBL,25,22,500,196.00,"98,000.00"
2019-12-04,2019120401004889,GBBL,25,52,66,196.00,"12,936.00"
2019-12-04,2019120401004579,GBBL,7,52,100,196.00,"19,600.00"
2019-12-04,2019120401004578,GBBL,33,52,500,196.00,"98,000.00"
2019-12-04,2019120401004577,GBBL,14,52,127,196.00,"24,892.00"
2019-12-04,2019120401004712,GGBSL,11,38,10,606.00,"6,060.00"
2019-12-04,2019120401004704,GGBSL,39,19,10,598.00,"5,980.00"
2019-12-04,2019120401004653,GGBSL,39,17,10,598.00,"5,980.00"
2019-12-04,2019120401004642,GGBSL,39,8,10,598.00,"5,980.00"
2019-12-04,2019120401004541,GGBSL,39,19,20,598.00,"11,960.00"
2019-12-04,2019120401004540,GGBSL,54,19,20,600.00,"12,000.00"
2019-12-04,2019120401004511,GGBSL,22,22,20,605.00,"12,100.00"
2019-12-04,2019120401004510,GGBSL,22,22,50,605.00,"30,250.00"
2019-12-04,2019120401004539,GGBSL,58,19,50,600.00,"30,000.00"
2019-12-04,2019120401004538,GGBSL,49,19,10,601.00,"6,010.00"
2019-12-04,2019120401004537,GGBSL,11,19,20,602.00,"12,040.00"
2019-12-04,2019120401004536,GGBSL,13,19,50,603.00,"30,150.00"
2019-12-04,2019120401004535,GGBSL,22,19,30,603.00,"18,090.00"
2019-12-04,2019120401004645,GILB,42,58,150,763.00,"114,450.00"
2019-12-04,2019120401004644,GILB,43,58,300,764.00,"229,200.00"
2019-12-04,2019120401004643,GILB,33,58,50,765.00,"38,250.00"
2019-12-04,2019120401004830,HDL,58,40,20,"1,265.00","25,300.00"
2019-12-04,2019120401004829,HDL,58,33,10,"1,252.00","12,520.00"
2019-12-04,2019120401004794,HDL,47,33,45,"1,252.00","56,340.00"
2019-12-04,2019120401004793,HDL,34,33,100,"1,252.00","125,200.00"
2019-12-04,2019120401004792,HDL,40,33,30,"1,252.00","37,560.00"
2019-12-04,2019120401004791,HDL,11,33,65,"1,253.00","81,445.00"
2019-12-04,2019120401004790,HDL,1,33,50,"1,253.00","62,650.00"
2019-12-04,2019120401004789,HDL,39,33,200,"1,255.00","251,000.00"
2019-12-04,2019120401004534,HDL,36,58,70,"1,260.00","88,200.00"
2019-12-04,2019120401004519,HDL,36,35,30,"1,260.00","37,800.00"
2019-12-04,2019120401004949,HGI,46,4,20,243.00,"4,860.00"
2019-12-04,2019120401004512,HGI,49,4,30,247.00,"7,410.00"
2019-12-04,2019120401004884,HIDCL,5,45,10,135.00,"1,350.00"
2019-12-04,2019120401004860,HIDCL,5,4,79,133.00,"10,507.00"
2019-12-04,2019120401004640,HIDCL,53,34,"1,000",132.00,"132,000.00"
2019-12-04,2019120401004599,HIDCL,40,40,"3,233",133.00,"429,989.00"
2019-12-04,2019120401004550,HIDCL,33,4,33,132.00,"4,356.00"
2019-12-04,2019120401004532,HPPL,53,4,10,133.00,"1,330.00"
2019-12-04,2019120401004581,HURJA,56,32,100,99.00,"9,900.00"
2019-12-04,2019120401004580,HURJA,1,32,50,99.00,"4,950.00"
2019-12-04,2019120401004463,HURJA,1,4,20,99.00,"1,980.00"
2019-12-04,2019120401004664,ICFC,42,43,31,159.00,"4,929.00"
2019-12-04,2019120401004938,IGI,6,39,10,280.00,"2,800.00"
2019-12-04,2019120401004709,IGI,6,43,10,275.00,"2,750.00"
2019-12-04,2019120401004917,ILBS,58,1,30,495.00,"14,850.00"
2019-12-04,2019120401004916,ILBS,29,1,30,495.00,"14,850.00"
2019-12-04,2019120401004915,ILBS,29,1,30,495.00,"14,850.00"
2019-12-04,2019120401004914,ILBS,14,1,30,495.00,"14,850.00"
2019-12-04,2019120401004878,ILBS,45,11,50,496.00,"24,800.00"
2019-12-04,2019120401004877,ILBS,49,11,10,496.00,"4,960.00"
2019-12-04,2019120401004618,ILBS,34,52,100,501.00,"50,100.00"
2019-12-04,2019120401004865,ILBS,57,1,60,497.00,"29,820.00"
2019-12-04,2019120401004814,ILBS,57,34,40,497.00,"19,880.00"
2019-12-04,2019120401004736,ILBS,49,11,400,499.00,"199,600.00"
2019-12-04,2019120401004724,ILBS,49,17,100,499.00,"49,900.00"
2019-12-04,2019120401004710,ILBS,51,19,200,500.00,"100,000.00"
2019-12-04,2019120401004629,ILBS,51,45,200,500.00,"100,000.00"
2019-12-04,2019120401004500,JBBL,58,32,500,161.00,"80,500.00"
2019-12-04,2019120401004561,JOSHI,41,55,20,52.00,"1,040.00"
2019-12-04,2019120401004507,JOSHI,41,55,20,52.00,"1,040.00"
2019-12-04,2019120401004899,JSLBB,38,38,50,"1,266.00","63,300.00"
2019-12-04,2019120401004738,JSLBB,49,46,15,"1,255.00","18,825.00"
2019-12-04,2019120401004677,JSLBB,49,34,710,"1,255.00","891,050.00"
2019-12-04,2019120401004676,JSLBB,57,34,100,"1,256.00","125,600.00"
2019-12-04,2019120401004675,JSLBB,1,34,100,"1,258.00","125,800.00"
2019-12-04,2019120401004674,JSLBB,41,34,40,"1,260.00","50,400.00"
2019-12-04,2019120401004673,JSLBB,35,34,50,"1,264.00","63,200.00"
2019-12-04,2019120401004475,KBL,40,11,10,178.00,"1,780.00"
2019-12-04,2019120401004474,KBL,14,11,159,178.00,"28,302.00"
2019-12-04,2019120401004479,KBL,8,11,501,177.00,"88,677.00"
2019-12-04,2019120401004478,KBL,45,11,100,177.00,"17,700.00"
2019-12-04,2019120401004477,KBL,36,11,374,177.00,"66,198.00"
2019-12-04,2019120401004476,KBL,10,11,100,178.00,"17,800.00"
2019-12-04,2019120401004531,KBL,58,16,10,179.00,"1,790.00"
2019-12-04,2019120401004861,KPCL,22,49,10,78.00,780.00
2019-12-04,2019120401004720,KPCL,22,49,10,78.00,780.00
2019-12-04,2019120401004565,KPCL,22,4,10,78.00,780.00
2019-12-04,2019120401004703,KSBBL,1,19,487,133.00,"64,771.00"
2019-12-04,2019120401004702,KSBBL,17,19,131,133.00,"17,423.00"
2019-12-04,2019120401004701,KSBBL,38,19,382,133.00,"50,806.00"
2019-12-04,2019120401004678,KSBBL,38,19,181,133.00,"24,073.00"
2019-12-04,2019120401004888,LBBL,33,6,10,171.00,"1,710.00"
2019-12-04,2019120401004850,LBBL,33,10,556,170.00,"94,520.00"
2019-12-04,2019120401004849,LBBL,1,10,29,170.00,"4,930.00"
2019-12-04,2019120401004943,LBL,51,34,500,216.00,"108,000.00"
2019-12-04,2019120401004730,LBL,51,4,282,216.00,"60,912.00"
2019-12-04,2019120401004729,LBL,41,4,11,216.00,"2,376.00"
2019-12-04,2019120401004628,LBL,21,57,36,217.00,"7,812.00"
2019-12-04,2019120401004627,LBL,21,45,464,217.00,"100,688.00"
2019-12-04,2019120401004492,LBL,19,11,31,216.00,"6,696.00"
2019-12-04,2019120401004491,LBL,5,11,100,216.00,"21,600.00"
2019-12-04,2019120401004490,LBL,44,11,185,216.00,"39,960.00"
2019-12-04,2019120401004469,LBL,14,45,"1,000",217.00,"217,000.00"
2019-12-04,2019120401004586,LBL,41,34,69,216.00,"14,904.00"
2019-12-04,2019120401004585,LBL,13,34,100,216.00,"21,600.00"
2019-12-04,2019120401004584,LBL,43,34,50,216.00,"10,800.00"
2019-12-04,2019120401004583,LBL,40,34,281,216.00,"60,696.00"
2019-12-04,2019120401004494,LBL,40,11,219,216.00,"47,304.00"
2019-12-04,2019120401004493,LBL,19,11,500,216.00,"108,000.00"
2019-12-04,2019120401004848,LICN,25,6,10,954.00,"9,540.00"
2019-12-04,2019120401004639,LICN,47,59,100,943.00,"94,300.00"
2019-12-04,2019120401004638,LICN,16,59,400,943.00,"377,200.00"
2019-12-04,2019120401004637,LICN,44,59,20,943.00,"18,860.00"
2019-12-04,2019120401004778,MBL,33,55,10,217.00,"2,170.00"
2019-12-04,2019120401004901,MEGA,43,52,10,182.00,"1,820.00"
2019-12-04,2019120401004874,MEGA,49,52,100,181.00,"18,100.00"
2019-12-04,2019120401004912,MERO,29,17,10,425.00,"4,250.00"
2019-12-04,2019120401004727,MLBBL,52,32,10,465.00,"4,650.00"
2019-12-04,2019120401004456,MLBBL,52,32,425,463.00,"196,775.00"
2019-12-04,2019120401004869,MLBL,33,46,10,173.00,"1,730.00"
2019-12-04,2019120401004788,NABIL,29,6,115,725.00,"83,375.00"
2019-12-04,2019120401004787,NABIL,7,6,44,725.00,"31,900.00"
2019-12-04,2019120401004786,NABIL,7,6,44,725.00,"31,900.00"
2019-12-04,2019120401004785,NABIL,49,6,10,725.00,"7,250.00"
2019-12-04,2019120401004784,NABIL,55,6,100,725.00,"72,500.00"
2019-12-04,2019120401004783,NABIL,42,6,50,725.00,"36,250.00"
2019-12-04,2019120401004601,NABIL,49,53,50,725.00,"36,250.00"
2019-12-04,2019120401004600,NABIL,34,53,16,725.00,"11,600.00"
2019-12-04,2019120401004543,NABIL,6,57,155,727.00,"112,685.00"
2019-12-04,2019120401004514,NABIL,25,39,100,726.00,"72,600.00"
2019-12-04,2019120401004466,NABIL,34,6,484,725.00,"350,900.00"
2019-12-04,2019120401004465,NABIL,29,6,40,725.00,"29,000.00"
2019-12-04,2019120401004782,NABIL,57,6,300,725.00,"217,500.00"
2019-12-04,2019120401004781,NABIL,28,6,100,725.00,"72,500.00"
2019-12-04,2019120401004780,NABIL,29,6,500,725.00,"362,500.00"
2019-12-04,2019120401004779,NABIL,29,6,237,725.00,"171,825.00"
2019-12-04,2019120401004603,NABIL,29,53,263,725.00,"190,675.00"
2019-12-04,2019120401004602,NABIL,13,53,100,725.00,"72,500.00"
2019-12-04,2019120401004679,NADEP,36,49,20,396.00,"7,920.00"
2019-12-04,2019120401004564,NBB,41,13,100,201.00,"20,100.00"
2019-12-04,2019120401004563,NBB,41,34,400,201.00,"80,400.00"
2019-12-04,2019120401004939,NBL,33,39,10,313.00,"3,130.00"
2019-12-04,2019120401004909,NBL,49,55,50,312.00,"15,600.00"
2019-12-04,2019120401004908,NBL,16,55,300,312.00,"93,600.00"
2019-12-04,2019120401004907,NBL,8,55,"1,500",312.00,"468,000.00"
2019-12-04,2019120401004906,NBL,25,55,50,312.00,"15,600.00"
2019-12-04,2019120401004905,NBL,37,55,100,312.00,"31,200.00"
2019-12-04,2019120401004706,NBL,14,39,50,313.00,"15,650.00"
2019-12-04,2019120401004670,NBL,17,39,161,313.00,"50,393.00"
2019-12-04,2019120401004572,NBL,17,58,339,313.00,"106,107.00"
2019-12-04,2019120401004571,NBL,29,58,300,313.00,"93,900.00"
2019-12-04,2019120401004570,NBL,6,58,653,313.00,"204,389.00"
2019-12-04,2019120401004513,NBL,49,4,300,314.00,"94,200.00"
2019-12-04,2019120401004728,NCCB,45,49,196,198.00,"38,808.00"
2019-12-04,2019120401004611,NEF,7,4,"1,127",7.35,"8,283.45"
2019-12-04,2019120401004827,NIB,42,16,52,412.00,"21,424.00"
2019-12-04,2019120401004826,NIB,51,16,100,412.00,"41,200.00"
2019-12-04,2019120401004825,NIB,34,16,13,412.00,"5,356.00"
2019-12-04,2019120401004824,NIB,51,16,500,412.00,"206,000.00"
2019-12-04,2019120401004823,NIB,25,16,11,412.00,"4,532.00"
2019-12-04,2019120401004801,NIB,41,16,30,413.00,"12,390.00"
2019-12-04,2019120401004619,NIB,37,55,116,414.00,"48,024.00"
2019-12-04,2019120401004517,NIB,41,36,20,413.00,"8,260.00"
2019-12-04,2019120401004944,NICA,51,38,27,403.00,"10,881.00"
2019-12-04,2019120401004913,NICA,34,38,100,403.00,"40,300.00"
2019-12-04,2019120401004898,NICA,38,4,34,403.00,"13,702.00"
2019-12-04,2019120401004846,NICA,58,4,30,403.00,"12,090.00"
2019-12-04,2019120401004845,NICA,28,4,"1,000",403.00,"403,000.00"
2019-12-04,2019120401004844,NICA,3,4,100,403.00,"40,300.00"
2019-12-04,2019120401004589,NICA,21,26,500,404.00,"202,000.00"
2019-12-04,2019120401004588,NICA,51,26,100,404.00,"40,400.00"
2019-12-04,2019120401004587,NICA,25,26,50,404.00,"20,200.00"
2019-12-04,2019120401004837,NICA,45,4,336,403.00,"135,408.00"
2019-12-04,2019120401004764,NICA,34,49,"2,000",404.00,"808,000.00"
2019-12-04,2019120401004647,NICA,21,4,200,405.00,"81,000.00"
2019-12-04,2019120401004592,NICA,45,26,164,403.00,"66,092.00"
2019-12-04,2019120401004591,NICA,26,26,136,403.00,"54,808.00"
2019-12-04,2019120401004590,NICA,45,26,50,404.00,"20,200.00"
2019-12-04,2019120401004843,NICA,52,4,500,403.00,"201,500.00"
2019-12-04,2019120401004842,NICA,10,4,900,403.00,"362,700.00"
2019-12-04,2019120401004841,NICA,51,4,500,403.00,"201,500.00"
2019-12-04,2019120401004840,NICA,34,4,100,403.00,"40,300.00"
2019-12-04,2019120401004839,NICA,55,4,"1,000",403.00,"403,000.00"
2019-12-04,2019120401004838,NICA,16,4,500,403.00,"201,500.00"
2019-12-04,2019120401004951,NLIC,44,17,300,868.00,"260,400.00"
2019-12-04,2019120401004891,NLIC,26,45,100,870.00,"87,000.00"
2019-12-04,2019120401004868,NLIC,56,44,178,865.00,"153,970.00"
2019-12-04,2019120401004859,NLIC,40,44,66,865.00,"57,090.00"
2019-12-04,2019120401004847,NLIC,46,14,80,864.00,"69,120.00"
2019-12-04,2019120401004802,NLIC,34,44,13,865.00,"11,245.00"
2019-12-04,2019120401004467,NLIC,55,21,85,873.00,"74,205.00"
2019-12-04,2019120401004453,NLIC,55,7,40,873.00,"34,920.00"
2019-12-04,2019120401004609,NLIC,36,22,100,874.00,"87,400.00"
2019-12-04,2019120401004528,NLIC,43,44,457,870.00,"397,590.00"
2019-12-04,2019120401004527,NLIC,14,44,200,871.00,"174,200.00"
2019-12-04,2019120401004526,NLIC,4,44,200,872.00,"174,400.00"
2019-12-04,2019120401004525,NLIC,17,44,110,873.00,"96,030.00"
2019-12-04,2019120401004468,NLIC,17,21,40,873.00,"34,920.00"
2019-12-04,2019120401004682,NLIC,29,44,300,866.00,"259,800.00"
2019-12-04,2019120401004681,NLIC,40,44,300,867.00,"260,100.00"
2019-12-04,2019120401004680,NLIC,38,44,100,867.00,"86,700.00"
2019-12-04,2019120401004626,NLIC,25,44,200,870.00,"174,000.00"
2019-12-04,2019120401004625,NLIC,43,44,43,870.00,"37,410.00"
2019-12-04,2019120401004624,NLIC,28,44,500,871.00,"435,500.00"
2019-12-04,2019120401004768,NLIC,34,1,100,865.00,"86,500.00"
2019-12-04,2019120401004765,NLIC,34,59,37,865.00,"32,005.00"
2019-12-04,2019120401004734,NLIC,34,39,20,865.00,"17,300.00"
2019-12-04,2019120401004685,NLIC,34,44,30,865.00,"25,950.00"
2019-12-04,2019120401004684,NLIC,38,44,100,865.00,"86,500.00"
2019-12-04,2019120401004683,NLIC,58,44,70,865.00,"60,550.00"
2019-12-04,2019120401004945,NLICL,36,58,"1,000",429.00,"429,000.00"
2019-12-04,2019120401004920,NLICL,35,59,60,435.00,"26,100.00"
2019-12-04,2019120401004919,NLICL,35,50,100,435.00,"43,500.00"
2019-12-04,2019120401004918,NLICL,35,25,40,435.00,"17,400.00"
2019-12-04,2019120401004947,NMB,49,28,10,387.00,"3,870.00"
2019-12-04,2019120401004821,NMB,26,33,"1,329",385.00,"511,665.00"
2019-12-04,2019120401004820,NMB,52,33,50,385.00,"19,250.00"
2019-12-04,2019120401004819,NMB,38,33,100,385.00,"38,500.00"
2019-12-04,2019120401004818,NMB,11,33,187,385.00,"71,995.00"
2019-12-04,2019120401004817,NMB,34,33,"1,000",386.00,"386,000.00"
2019-12-04,2019120401004509,NMB,50,11,25,386.00,"9,650.00"
2019-12-04,2019120401004508,NMB,17,11,17,386.00,"6,562.00"
2019-12-04,2019120401004713,NMB,17,58,324,386.00,"125,064.00"
2019-12-04,2019120401004672,NMB,17,10,151,386.00,"58,286.00"
2019-12-04,2019120401004596,NMB,17,4,25,386.00,"9,650.00"
2019-12-04,2019120401004595,NMB,11,4,250,386.00,"96,500.00"
2019-12-04,2019120401004594,NMB,40,4,300,386.00,"115,800.00"
2019-12-04,2019120401004593,NMB,50,4,425,386.00,"164,050.00"
2019-12-04,2019120401004816,NMB,17,33,834,386.00,"321,924.00"
2019-12-04,2019120401004803,NMB,17,49,50,386.00,"19,300.00"
2019-12-04,2019120401004717,NMB,17,58,116,386.00,"44,776.00"
2019-12-04,2019120401004716,NMB,6,58,230,386.00,"88,780.00"
2019-12-04,2019120401004715,NMB,32,58,30,386.00,"11,580.00"
2019-12-04,2019120401004714,NMB,21,58,100,386.00,"38,600.00"
2019-12-04,2019120401004807,NMBHF1,47,26,"19,584",8.46,"165,680.64"
2019-12-04,2019120401004649,NMBHF1,47,4,416,8.46,"3,519.36"
2019-12-04,2019120401004853,NMBMF,6,54,50,492.00,"24,600.00"
2019-12-04,2019120401004797,NMBMF,6,29,50,492.00,"24,600.00"
2019-12-04,2019120401004805,NMFBS,33,45,15,"1,260.00","18,900.00"
2019-12-04,2019120401004722,NMFBS,33,36,14,"1,250.00","17,500.00"
2019-12-04,2019120401004721,NMFBS,33,17,10,"1,245.00","12,450.00"
2019-12-04,2019120401004559,NMFBS,25,38,70,"1,244.00","87,080.00"
2019-12-04,2019120401004921,NNLB,48,6,10,471.00,"4,710.00"
2019-12-04,2019120401004937,NTC,43,8,10,637.00,"6,370.00"
2019-12-04,2019120401004903,NTC,59,44,270,626.00,"169,020.00"
2019-12-04,2019120401004902,NTC,19,44,200,627.00,"125,400.00"
2019-12-04,2019120401004858,NTC,59,52,100,626.00,"62,600.00"
2019-12-04,2019120401004689,NTC,59,28,245,626.00,"153,370.00"
2019-12-04,2019120401004688,NTC,49,28,100,627.00,"62,700.00"
2019-12-04,2019120401004708,PCBL,47,6,40,270.00,"10,800.00"
2019-12-04,2019120401004635,PCBL,47,34,443,270.00,"119,610.00"
2019-12-04,2019120401004501,PCBL,29,39,29,269.00,"7,801.00"
2019-12-04,2019120401004813,PFL,14,42,50,141.00,"7,050.00"
2019-12-04,2019120401004812,PFL,57,42,325,141.00,"45,825.00"
2019-12-04,2019120401004636,PFL,57,11,11,141.00,"1,551.00"
2019-12-04,2019120401004569,PIC,49,7,40,355.00,"14,200.00"
2019-12-04,2019120401004481,PIC,33,14,29,355.00,"10,295.00"
2019-12-04,2019120401004775,PICL,53,58,100,360.00,"36,000.00"
2019-12-04,2019120401004774,PICL,58,58,200,361.00,"72,200.00"
2019-12-04,2019120401004828,PLIC,1,13,17,313.00,"5,321.00"
2019-12-04,2019120401004806,PLIC,10,49,172,316.00,"54,352.00"
2019-12-04,2019120401004707,PLIC,10,22,100,315.00,"31,500.00"
2019-12-04,2019120401004555,PLIC,17,58,78,312.00,"24,336.00"
2019-12-04,2019120401004554,PLIC,34,58,175,312.00,"54,600.00"
2019-12-04,2019120401004553,PLIC,50,58,100,313.00,"31,300.00"
2019-12-04,2019120401004552,PLIC,29,58,100,314.00,"31,400.00"
2019-12-04,2019120401004523,PLIC,49,49,500,316.00,"158,000.00"
2019-12-04,2019120401004660,PMHPL,56,4,10,84.00,840.00
2019-12-04,2019120401004652,PMHPL,56,8,10,84.00,840.00
2019-12-04,2019120401004516,PMHPL,56,39,10,84.00,840.00
2019-12-04,2019120401004495,PMHPL,56,39,10,84.00,840.00
2019-12-04,2019120401004489,PMHPL,56,39,10,84.00,840.00
2019-12-04,2019120401004473,PMHPL,56,39,10,84.00,840.00
2019-12-04,2019120401004464,PMHPL,56,39,10,84.00,840.00
2019-12-04,2019120401004462,PMHPL,43,39,10,84.00,840.00
2019-12-04,2019120401004457,PMHPL,43,39,10,84.00,840.00
2019-12-04,2019120401004804,PRVU,45,54,50,227.00,"11,350.00"
2019-12-04,2019120401004573,PRVU,34,25,80,226.00,"18,080.00"
2019-12-04,2019120401004460,PRVU,35,54,500,227.00,"113,500.00"
2019-12-04,2019120401004459,PRVU,35,19,500,227.00,"113,500.00"
2019-12-04,2019120401004663,RBCL,11,40,15,"7,920.00","118,800.00"
2019-12-04,2019120401004897,RHPC,59,40,"3,000",72.00,"216,000.00"
2019-12-04,2019120401004896,RHPC,59,40,"7,000",72.00,"504,000.00"
2019-12-04,2019120401004895,RHPC,14,40,250,72.00,"18,000.00"
2019-12-04,2019120401004894,RHPC,43,40,500,72.00,"36,000.00"
2019-12-04,2019120401004893,RHPC,59,40,700,72.00,"50,400.00"
2019-12-04,2019120401004892,RHPC,25,40,500,72.00,"36,000.00"
2019-12-04,2019120401004613,RHPC,26,42,200,74.00,"14,800.00"
2019-12-04,2019120401004612,RHPC,16,42,73,74.00,"5,402.00"
2019-12-04,2019120401004562,RHPC,16,25,200,74.00,"14,800.00"
2019-12-04,2019120401004750,RHPC,29,40,200,73.00,"14,600.00"
2019-12-04,2019120401004749,RHPC,43,40,200,73.00,"14,600.00"
2019-12-04,2019120401004748,RHPC,32,40,890,73.00,"64,970.00"
2019-12-04,2019120401004747,RHPC,34,40,"1,973",74.00,"146,002.00"
2019-12-04,2019120401004746,RHPC,34,42,27,74.00,"1,998.00"
2019-12-04,2019120401004614,RHPC,37,42,200,74.00,"14,800.00"
2019-12-04,2019120401004756,RHPC,43,40,200,73.00,"14,600.00"
2019-12-04,2019120401004755,RHPC,52,40,500,73.00,"36,500.00"
2019-12-04,2019120401004754,RHPC,43,40,200,73.00,"14,600.00"
2019-12-04,2019120401004753,RHPC,39,40,100,73.00,"7,300.00"
2019-12-04,2019120401004752,RHPC,39,40,500,73.00,"36,500.00"
2019-12-04,2019120401004751,RHPC,25,40,500,73.00,"36,500.00"
2019-12-04,2019120401004762,RHPC,1,40,"1,200",73.00,"87,600.00"
2019-12-04,2019120401004761,RHPC,41,40,773,73.00,"56,429.00"
2019-12-04,2019120401004760,RHPC,41,40,227,73.00,"16,571.00"
2019-12-04,2019120401004759,RHPC,25,40,100,73.00,"7,300.00"
2019-12-04,2019120401004758,RHPC,42,40,200,73.00,"14,600.00"
2019-12-04,2019120401004757,RHPC,59,40,"3,000",73.00,"219,000.00"
2019-12-04,2019120401004873,RHPL,43,59,200,172.00,"34,400.00"
2019-12-04,2019120401004872,RHPL,41,59,60,172.00,"10,320.00"
2019-12-04,2019120401004871,RHPL,58,59,240,172.00,"41,280.00"
2019-12-04,2019120401004694,RHPL,58,6,60,172.00,"10,320.00"
2019-12-04,2019120401004693,RHPL,54,6,40,172.00,"6,880.00"
2019-12-04,2019120401004658,RHPL,54,8,30,172.00,"5,160.00"
2019-12-04,2019120401004711,RMDC,47,14,49,590.00,"28,910.00"
2019-12-04,2019120401004671,RRHP,22,4,10,100.00,"1,000.00"
2019-12-04,2019120401004886,RSDC,38,29,10,291.00,"2,910.00"
2019-12-04,2019120401004739,RSDC,38,36,400,289.00,"115,600.00"
2019-12-04,2019120401004662,RSDC,38,14,200,289.00,"57,800.00"
2019-12-04,2019120401004882,SABSL,46,34,10,510.00,"5,100.00"
2019-12-04,2019120401004880,SABSL,52,34,10,510.00,"5,100.00"
2019-12-04,2019120401004800,SABSL,52,34,300,500.00,"150,000.00"
2019-12-04,2019120401004799,SABSL,52,34,200,503.00,"100,600.00"
2019-12-04,2019120401004798,SABSL,28,34,200,504.00,"100,800.00"
2019-12-04,2019120401004773,SABSL,21,34,100,505.00,"50,500.00"
2019-12-04,2019120401004772,SABSL,57,34,190,505.00,"95,950.00"
2019-12-04,2019120401004771,SABSL,32,34,100,506.00,"50,600.00"
2019-12-04,2019120401004770,SABSL,47,34,10,507.00,"5,070.00"
2019-12-04,2019120401004769,SABSL,45,34,50,508.00,"25,400.00"
2019-12-04,2019120401004502,SABSL,32,45,30,515.00,"15,450.00"
2019-12-04,2019120401004650,SADBL,51,46,320,138.00,"44,160.00"
2019-12-04,2019120401004725,SAPDBL,4,43,500,118.00,"59,000.00"
2019-12-04,2019120401004718,SAPDBL,4,43,489,117.00,"57,213.00"
2019-12-04,2019120401004857,SBL,44,38,148,281.00,"41,588.00"
2019-12-04,2019120401004856,SBL,36,38,50,281.00,"14,050.00"
2019-12-04,2019120401004855,SBL,42,38,102,282.00,"28,764.00"
2019-12-04,2019120401004485,SBL,42,8,98,282.00,"27,636.00"
2019-12-04,2019120401004484,SBL,52,8,619,282.00,"174,558.00"
2019-12-04,2019120401004667,SDESI,29,17,100,529.00,"52,900.00"
2019-12-04,2019120401004910,SEF,3,37,"10,000",8.89,"88,900.00"
2019-12-04,2019120401004737,SHINE,11,57,660,226.00,"149,160.00"
2019-12-04,2019120401004668,SHINE,32,44,500,228.00,"114,000.00"
2019-12-04,2019120401004632,SHINE,32,41,250,227.00,"56,750.00"
2019-12-04,2019120401004558,SHINE,11,11,340,226.00,"76,840.00"
2019-12-04,2019120401004557,SHINE,57,11,130,226.00,"29,380.00"
2019-12-04,2019120401004483,SHINE,57,4,70,226.00,"15,820.00"
2019-12-04,2019120401004482,SHINE,32,4,30,226.00,"6,780.00"
2019-12-04,2019120401004940,SHIVM,25,37,75,384.00,"28,800.00"
2019-12-04,2019120401004936,SHIVM,16,37,100,385.00,"38,500.00"
2019-12-04,2019120401004935,SHIVM,48,37,20,385.00,"7,700.00"
2019-12-04,2019120401004934,SHIVM,45,37,50,385.00,"19,250.00"
2019-12-04,2019120401004933,SHIVM,58,37,100,385.00,"38,500.00"
2019-12-04,2019120401004932,SHIVM,33,37,50,385.00,"19,250.00"
2019-12-04,2019120401004834,SHIVM,36,39,100,386.00,"38,600.00"
2019-12-04,2019120401004811,SHIVM,36,52,100,386.00,"38,600.00"
2019-12-04,2019120401004634,SHIVM,6,13,50,386.00,"19,300.00"
2019-12-04,2019120401004630,SHIVM,6,13,50,386.00,"19,300.00"
2019-12-04,2019120401004605,SHIVM,10,34,40,387.00,"15,480.00"
2019-12-04,2019120401004604,SHIVM,10,35,60,387.00,"23,220.00"
2019-12-04,2019120401004931,SHIVM,43,37,100,385.00,"38,500.00"
2019-12-04,2019120401004930,SHIVM,42,37,230,385.00,"88,550.00"
2019-12-04,2019120401004929,SHIVM,57,37,10,385.00,"3,850.00"
2019-12-04,2019120401004928,SHIVM,53,37,165,386.00,"63,690.00"
2019-12-04,2019120401004836,SHIVM,53,39,35,386.00,"13,510.00"
2019-12-04,2019120401004835,SHIVM,22,39,45,386.00,"17,370.00"
2019-12-04,2019120401004700,SHL,48,46,200,207.00,"41,400.00"
2019-12-04,2019120401004699,SHL,41,46,100,207.00,"20,700.00"
2019-12-04,2019120401004698,SHL,51,46,100,207.00,"20,700.00"
2019-12-04,2019120401004518,SHL,5,45,100,208.00,"20,800.00"
2019-12-04,2019120401004942,SICL,35,47,150,750.00,"112,500.00"
2019-12-04,2019120401004941,SICL,58,47,50,750.00,"37,500.00"
2019-12-04,2019120401004795,SICL,36,56,220,756.00,"166,320.00"
2019-12-04,2019120401004656,SICL,49,44,53,760.00,"40,280.00"
2019-12-04,2019120401004472,SIFC,57,37,556,155.00,"86,180.00"
2019-12-04,2019120401004854,SJCL,40,43,170,158.00,"26,860.00"
2019-12-04,2019120401004815,SJCL,40,49,20,158.00,"3,160.00"
2019-12-04,2019120401004732,SJCL,40,49,20,158.00,"3,160.00"
2019-12-04,2019120401004661,SJCL,40,8,20,158.00,"3,160.00"
2019-12-04,2019120401004452,SJCL,40,40,20,159.00,"3,180.00"
2019-12-04,2019120401004547,SJCL,40,42,750,158.00,"118,500.00"
2019-12-04,2019120401004546,SJCL,51,42,250,158.00,"39,500.00"
2019-12-04,2019120401004545,SJCL,40,35,230,159.00,"36,570.00"
2019-12-04,2019120401004542,SJCL,40,58,20,159.00,"3,180.00"
2019-12-04,2019120401004455,SJCL,40,59,750,159.00,"119,250.00"
2019-12-04,2019120401004454,SJCL,40,59,90,159.00,"14,310.00"
2019-12-04,2019120401004740,SKBBL,44,44,"1,000",923.00,"923,000.00"
2019-12-04,2019120401004948,SLBSL,49,44,10,753.00,"7,530.00"
2019-12-04,2019120401004911,SLBSL,49,44,10,753.00,"7,530.00"
2019-12-04,2019120401004883,SLBSL,49,44,10,753.00,"7,530.00"
2019-12-04,2019120401004870,SLBSL,49,52,100,753.00,"75,300.00"
2019-12-04,2019120401004867,SLBSL,49,44,10,753.00,"7,530.00"
2019-12-04,2019120401004852,SLBSL,49,44,10,753.00,"7,530.00"
2019-12-04,2019120401004503,SLBSL,17,38,230,756.00,"173,880.00"
2019-12-04,2019120401004471,SLBSL,55,16,100,757.00,"75,700.00"
2019-12-04,2019120401004633,SLBSL,40,44,10,753.00,"7,530.00"
2019-12-04,2019120401004616,SLBSL,40,44,10,753.00,"7,530.00"
2019-12-04,2019120401004610,SLBSL,40,44,10,753.00,"7,530.00"
2019-12-04,2019120401004506,SLBSL,40,38,60,753.00,"45,180.00"
2019-12-04,2019120401004505,SLBSL,45,38,10,753.00,"7,530.00"
2019-12-04,2019120401004504,SLBSL,58,38,200,755.00,"151,000.00"
2019-12-04,2019120401004851,SLBSL,17,16,10,757.00,"7,570.00"
2019-12-04,2019120401004808,SLBSL,49,44,10,753.00,"7,530.00"
2019-12-04,2019120401004796,SLBSL,49,44,10,753.00,"7,530.00"
2019-12-04,2019120401004763,SLBSL,17,16,30,757.00,"22,710.00"
2019-12-04,2019120401004735,SLBSL,49,44,10,753.00,"7,530.00"
2019-12-04,2019120401004691,SLBSL,40,44,10,753.00,"7,530.00"
2019-12-04,2019120401004822,SLICL,21,44,300,260.00,"78,000.00"
2019-12-04,2019120401004582,SMATA,32,39,19,500.00,"9,500.00"
2019-12-04,2019120401004887,SMFDB,42,43,30,527.00,"15,810.00"
2019-12-04,2019120401004617,SPARS,50,43,50,535.00,"26,750.00"
2019-12-04,2019120401004777,SRBL,34,17,128,214.00,"27,392.00"
2019-12-04,2019120401004776,SRBL,33,17,64,214.00,"13,696.00"
2019-12-04,2019120401004767,STC,5,22,50,"1,201.00","60,050.00"
2019-12-04,2019120401004766,STC,5,22,50,"1,202.00","60,100.00"
2019-12-04,2019120401004705,STC,13,34,50,"1,205.00","60,250.00"
2019-12-04,2019120401004657,STC,5,22,50,"1,220.00","61,000.00"
2019-12-04,2019120401004648,STC,5,22,50,"1,220.00","61,000.00"
2019-12-04,2019120401004615,STC,5,25,10,"1,211.00","12,110.00"
2019-12-04,2019120401004606,STC,5,14,40,"1,200.00","48,000.00"
2019-12-04,2019120401004551,STC,5,34,100,"1,200.00","120,000.00"
2019-12-04,2019120401004480,STC,1,25,20,"1,198.00","23,960.00"
2019-12-04,2019120401004925,SWBBL,16,8,51,940.00,"47,940.00"
2019-12-04,2019120401004924,SWBBL,57,8,50,940.00,"47,000.00"
2019-12-04,2019120401004923,SWBBL,37,8,174,941.00,"163,734.00"
2019-12-04,2019120401004922,SWBBL,29,8,12,942.00,"11,304.00"
2019-12-04,2019120401004607,TMDBL,57,59,44,144.00,"6,336.00"
2019-12-04,2019120401004530,TMDBL,57,37,56,144.00,"8,064.00"
2019-12-04,2019120401004881,TRH,7,38,10,273.00,"2,730.00"
2019-12-04,2019120401004568,TRH,19,49,100,270.00,"27,000.00"
2019-12-04,2019120401004731,UIC,52,38,310,225.00,"69,750.00"
2019-12-04,2019120401004697,UIC,52,44,190,225.00,"42,750.00"
2019-12-04,2019120401004696,UIC,29,44,500,225.00,"112,500.00"
2019-12-04,2019120401004695,UIC,21,44,300,226.00,"67,800.00"
2019-12-04,2019120401004687,UIC,44,44,10,228.00,"2,280.00"
2019-12-04,2019120401004692,UNHPL,32,4,50,52.00,"2,600.00"
2019-12-04,2019120401004876,UPCL,29,49,10,72.00,720.00
2019-12-04,2019120401004875,UPCL,13,49,40,72.00,"2,880.00"
2019-12-04,2019120401004669,UPPER,16,8,40,232.00,"9,280.00"
2019-12-04,2019120401004655,UPPER,16,16,20,232.00,"4,640.00"
2019-12-04,2019120401004654,UPPER,6,16,10,232.00,"2,320.00"
2019-12-04,2019120401004567,UPPER,6,49,40,232.00,"9,280.00"
2019-12-04,2019120401004566,UPPER,6,48,250,232.00,"58,000.00"
2019-12-04,2019120401004458,UPPER,6,40,40,232.00,"9,280.00"
2019-12-04,2019120401004522,VLBS,34,4,13,624.00,"8,112.00"
2019-12-04,2019120401004521,VLBS,34,58,75,624.00,"46,800.00"
2019-12-04,2019120401004520,VLBS,34,34,100,624.00,"62,400.00"
2019-12-04,2019120401004288,ADBL,17,42,100,404.00,"40,400.00"
2019-12-04,2019120401004247,ADBL,44,45,254,405.00,"102,870.00"
2019-12-04,2019120401004246,ADBL,44,57,746,405.00,"302,130.00"
2019-12-04,2019120401004218,ADBL,52,57,23,405.00,"9,315.00"
2019-12-04,2019120401004158,ADBL,17,11,60,404.00,"24,240.00"
2019-12-04,2019120401004157,ADBL,22,11,45,404.00,"18,180.00"
2019-12-04,2019120401004156,ADBL,22,11,95,404.00,"38,380.00"
2019-12-04,2019120401003996,ADBL,14,57,231,405.00,"93,555.00"
2019-12-04,2019120401003995,ADBL,14,40,769,405.00,"311,445.00"
2019-12-04,2019120401004450,AHPC,51,52,10,96.00,960.00
2019-12-04,2019120401004449,AHPC,51,38,490,95.00,"46,550.00"
2019-12-04,2019120401004133,AHPC,52,38,10,95.00,950.00
2019-12-04,2019120401004132,AHPC,52,40,900,94.00,"84,600.00"
2019-12-04,2019120401004078,AHPC,28,40,50,94.00,"4,700.00"
2019-12-04,2019120401004433,AKBSL,10,38,10,436.00,"4,360.00"
2019-12-04,2019120401004304,AKBSL,10,49,10,436.00,"4,360.00"
2019-12-04,2019120401004141,AKBSL,43,49,10,441.00,"4,410.00"
2019-12-04,2019120401004015,AKBSL,43,10,10,450.00,"4,500.00"
2019-12-04,2019120401004162,AKJCL,57,6,10,56.00,560.00
2019-12-04,2019120401004161,AKJCL,57,55,500,56.00,"28,000.00"
2019-12-04,2019120401004049,AKJCL,17,55,500,56.00,"28,000.00"
2019-12-04,2019120401004035,AKJCL,57,33,10,55.00,550.00
2019-12-04,2019120401004034,AKJCL,57,42,60,55.00,"3,300.00"
2019-12-04,2019120401004123,AKPL,1,4,13,115.00,"1,495.00"
2019-12-04,2019120401004211,ALBSL,22,21,15,410.00,"6,150.00"
2019-12-04,2019120401004178,ALBSL,22,56,120,410.00,"49,200.00"
2019-12-04,2019120401004177,ALBSL,54,56,50,411.00,"20,550.00"
2019-12-04,2019120401004131,ALBSL,22,39,120,410.00,"49,200.00"
2019-12-04,2019120401004130,ALBSL,16,39,130,410.00,"53,300.00"
2019-12-04,2019120401004103,ALBSL,16,28,150,410.00,"61,500.00"
2019-12-04,2019120401004102,ALBSL,54,28,50,411.00,"20,550.00"
2019-12-04,2019120401004016,ALBSL,40,42,45,412.00,"18,540.00"
2019-12-04,2019120401004335,API,25,44,38,103.00,"3,914.00"
2019-12-04,2019120401004322,API,13,25,54,102.00,"5,508.00"
2019-12-04,2019120401004321,API,46,25,446,102.00,"45,492.00"
2019-12-04,2019120401004055,API,46,10,11,102.00,"1,122.00"
2019-12-04,2019120401004418,BARUN,42,54,10,81.00,810.00
2019-12-04,2019120401004042,BARUN,49,19,20,82.00,"1,640.00"
2019-12-04,2019120401004041,BARUN,34,19,10,82.00,820.00
2019-12-04,2019120401004030,BARUN,42,19,140,83.00,"11,620.00"
2019-12-04,2019120401004029,BARUN,53,19,122,83.00,"10,126.00"
2019-12-04,2019120401004300,BFC,28,39,"4,890",85.00,"415,650.00"
2019-12-04,2019120401004299,BFC,26,39,100,85.00,"8,500.00"
2019-12-04,2019120401004298,BFC,8,39,"1,000",85.00,"85,000.00"
2019-12-04,2019120401004297,BFC,26,39,100,85.00,"8,500.00"
2019-12-04,2019120401004296,BFC,40,39,200,85.00,"17,000.00"
2019-12-04,2019120401004437,BOKL,49,5,100,214.00,"21,400.00"
2019-12-04,2019120401004436,BOKL,37,5,"2,000",214.00,"428,000.00"
2019-12-04,2019120401004435,BOKL,14,5,500,215.00,"107,500.00"
2019-12-04,2019120401004060,BOKL,11,22,15,216.00,"3,240.00"
2019-12-04,2019120401003989,BPCL,5,6,50,337.00,"16,850.00"
2019-12-04,2019120401004440,CBL,57,32,433,136.00,"58,888.00"
2019-12-04,2019120401004421,CBL,57,32,567,136.00,"77,112.00"
2019-12-04,2019120401004420,CBL,1,32,433,136.00,"58,888.00"
2019-12-04,2019120401004348,CBL,1,45,67,136.00,"9,112.00"
2019-12-04,2019120401004347,CBL,35,45,100,136.00,"13,600.00"
2019-12-04,2019120401004346,CBL,42,45,49,136.00,"6,664.00"
2019-12-04,2019120401004137,CBL,40,4,827,136.00,"112,472.00"
2019-12-04,2019120401004345,CBL,56,45,200,136.00,"27,200.00"
2019-12-04,2019120401004344,CBL,58,45,309,136.00,"42,024.00"
2019-12-04,2019120401004343,CBL,35,45,100,136.00,"13,600.00"
2019-12-04,2019120401004342,CBL,56,45,200,136.00,"27,200.00"
2019-12-04,2019120401004341,CBL,22,45,200,136.00,"27,200.00"
2019-12-04,2019120401004340,CBL,40,45,375,136.00,"51,000.00"
2019-12-04,2019120401004120,CCBL,49,21,213,161.00,"34,293.00"
2019-12-04,2019120401004046,CCBL,11,59,15,163.00,"2,445.00"
2019-12-04,2019120401004318,CHCL,21,7,20,358.00,"7,160.00"
2019-12-04,2019120401004213,CIT,5,45,63,"1,707.00","107,541.00"
2019-12-04,2019120401004429,CLBSL,49,54,10,492.00,"4,920.00"
2019-12-04,2019120401004428,CLBSL,49,57,100,491.00,"49,100.00"
2019-12-04,2019120401004145,CLBSL,38,57,100,483.00,"48,300.00"
2019-12-04,2019120401004399,CZBIL,51,4,10,182.00,"1,820.00"
2019-12-04,2019120401004339,CZBIL,6,57,949,183.00,"173,667.00"
2019-12-04,2019120401004338,CZBIL,6,39,100,183.00,"18,300.00"
2019-12-04,2019120401004320,DDBL,58,4,100,728.00,"72,800.00"
2019-12-04,2019120401004319,EBL,34,58,500,546.00,"273,000.00"
2019-12-04,2019120401004413,EDBL,57,7,300,280.00,"84,000.00"
2019-12-04,2019120401004412,EDBL,52,7,70,280.00,"19,600.00"
2019-12-04,2019120401004047,EDBL,52,21,20,280.00,"5,600.00"
2019-12-04,2019120401004214,EIC,41,45,300,217.00,"65,100.00"
2019-12-04,2019120401004212,EIC,41,14,110,217.00,"23,870.00"
2019-12-04,2019120401004197,EIC,41,34,50,217.00,"10,850.00"
2019-12-04,2019120401004196,EIC,57,34,200,217.00,"43,400.00"
2019-12-04,2019120401004195,EIC,5,34,200,218.00,"43,600.00"
2019-12-04,2019120401004194,EIC,1,34,50,218.00,"10,900.00"
2019-12-04,2019120401004111,EIC,39,42,25,218.00,"5,450.00"
2019-12-04,2019120401004110,EIC,21,42,20,219.00,"4,380.00"
2019-12-04,2019120401004050,EIC,34,34,100,220.00,"22,000.00"
2019-12-04,2019120401004019,EIC,45,16,500,222.00,"111,000.00"
2019-12-04,2019120401004052,FMDBL,5,36,73,305.00,"22,265.00"
2019-12-04,2019120401004013,FOWAD,29,41,75,"1,345.00","100,875.00"
2019-12-04,2019120401004372,GBBL,14,47,200,196.00,"39,200.00"
2019-12-04,2019120401004448,GBLBS,25,4,10,291.00,"2,910.00"
2019-12-04,2019120401004122,GBLBS,52,36,786,295.00,"231,870.00"
2019-12-04,2019120401004091,GBLBS,59,36,214,295.00,"63,130.00"
2019-12-04,2019120401004031,GBLBS,59,5,271,295.00,"79,945.00"
2019-12-04,2019120401004445,GGBSL,1,38,30,606.00,"18,180.00"
2019-12-04,2019120401004430,GGBSL,22,38,10,607.00,"6,070.00"
2019-12-04,2019120401004155,GGBSL,1,49,10,606.00,"6,060.00"
2019-12-04,2019120401004018,GGBSL,1,49,10,606.00,"6,060.00"
2019-12-04,2019120401003976,GILB,21,16,100,770.00,"77,000.00"
2019-12-04,2019120401004401,GLICL,56,53,98,361.00,"35,378.00"
2019-12-04,2019120401004411,GMFBS,16,40,100,480.00,"48,000.00"
2019-12-04,2019120401004127,GRDBL,13,43,100,102.00,"10,200.00"
2019-12-04,2019120401004406,HDL,47,26,55,"1,250.00","68,750.00"
2019-12-04,2019120401004405,HDL,35,26,275,"1,250.00","343,750.00"
2019-12-04,2019120401004404,HDL,22,26,50,"1,251.00","62,550.00"
2019-12-04,2019120401004403,HDL,42,26,100,"1,252.00","125,200.00"
2019-12-04,2019120401004402,HDL,38,26,20,"1,254.00","25,080.00"
2019-12-04,2019120401004374,HDL,22,35,100,"1,260.00","126,000.00"
2019-12-04,2019120401003977,HDL,28,35,100,"1,277.00","127,700.00"
2019-12-04,2019120401004140,HDL,42,42,20,"1,274.00","25,480.00"
2019-12-04,2019120401004113,HDL,7,58,100,"1,270.00","127,000.00"
2019-12-04,2019120401004099,HDL,53,50,500,"1,271.00","635,500.00"
2019-12-04,2019120401004098,HDL,53,50,70,"1,271.00","88,970.00"
2019-12-04,2019120401004097,HDL,28,50,70,"1,272.00","89,040.00"
2019-12-04,2019120401003978,HDL,28,58,80,"1,278.00","102,240.00"
2019-12-04,2019120401004312,HDL,14,49,50,"1,268.00","63,400.00"
2019-12-04,2019120401004311,HDL,34,49,100,"1,268.00","126,800.00"
2019-12-04,2019120401004272,HDL,45,49,380,"1,272.00","483,360.00"
2019-12-04,2019120401004256,HDL,45,58,20,"1,272.00","25,440.00"
2019-12-04,2019120401004252,HDL,45,58,100,"1,272.00","127,200.00"
2019-12-04,2019120401004219,HDL,52,26,50,"1,269.00","63,450.00"
2019-12-04,2019120401004373,HDL,11,35,500,"1,261.00","630,500.00"
2019-12-04,2019120401004317,HDL,58,49,"1,900","1,266.00","2,405,400.00"
2019-12-04,2019120401004316,HDL,46,49,100,"1,267.00","126,700.00"
2019-12-04,2019120401004315,HDL,34,49,300,"1,267.00","380,100.00"
2019-12-04,2019120401004314,HDL,52,49,100,"1,267.00","126,700.00"
2019-12-04,2019120401004313,HDL,52,49,100,"1,268.00","126,800.00"
2019-12-04,2019120401004389,HGI,49,47,170,247.00,"41,990.00"
2019-12-04,2019120401004388,HGI,46,47,20,247.00,"4,940.00"
2019-12-04,2019120401004159,HGI,13,47,500,252.00,"126,000.00"
2019-12-04,2019120401004005,HIDCL,33,4,35,132.00,"4,620.00"
2019-12-04,2019120401004395,HPPL,53,6,10,133.00,"1,330.00"
2019-12-04,2019120401004227,HPPL,36,56,10,132.00,"1,320.00"
2019-12-04,2019120401004295,IGI,29,45,26,270.00,"7,020.00"
2019-12-04,2019120401004280,IGI,29,14,74,270.00,"19,980.00"
2019-12-04,2019120401004279,IGI,7,14,10,270.00,"2,700.00"
2019-12-04,2019120401004410,ILBS,34,44,300,504.00,"151,200.00"
2019-12-04,2019120401004407,ILBS,38,44,10,504.00,"5,040.00"
2019-12-04,2019120401004017,ILBS,51,34,10,506.00,"5,060.00"
2019-12-04,2019120401004014,ILBS,51,49,10,506.00,"5,060.00"
2019-12-04,2019120401004397,JBBL,58,1,550,160.00,"88,000.00"
2019-12-04,2019120401004076,JBBL,58,10,13,160.00,"2,080.00"
2019-12-04,2019120401004045,JFL,6,17,500,193.00,"96,500.00"
2019-12-04,2019120401004444,JOSHI,36,26,20,53.00,"1,060.00"
2019-12-04,2019120401004064,JSLBB,26,34,150,"1,267.00","190,050.00"
2019-12-04,2019120401004358,KBL,14,39,41,178.00,"7,298.00"
2019-12-04,2019120401004357,KBL,20,39,49,178.00,"8,722.00"
2019-12-04,2019120401004356,KBL,47,39,110,178.00,"19,580.00"
2019-12-04,2019120401004126,KBL,47,21,90,178.00,"16,020.00"
2019-12-04,2019120401004125,KBL,58,21,20,178.00,"3,560.00"
2019-12-04,2019120401004184,KKHC,49,4,10,51.00,510.00
2019-12-04,2019120401003975,KPCL,19,49,10,78.00,780.00
2019-12-04,2019120401004149,KPCL,22,4,10,78.00,780.00
2019-12-04,2019120401004033,KSBBL,47,19,200,134.00,"26,800.00"
2019-12-04,2019120401004400,LBL,44,39,200,216.00,"43,200.00"
2019-12-04,2019120401004105,LBL,42,45,200,217.00,"43,400.00"
2019-12-04,2019120401004054,LBL,44,43,152,216.00,"32,832.00"
2019-12-04,2019120401003971,LGIL,44,58,20,321.00,"6,420.00"
2019-12-04,2019120401004117,MBL,50,34,500,216.00,"108,000.00"
2019-12-04,2019120401003957,MBL,6,34,500,216.00,"108,000.00"
2019-12-04,2019120401003956,MBL,6,57,500,216.00,"108,000.00"
2019-12-04,2019120401004326,MDB,4,44,36,244.00,"8,784.00"
2019-12-04,2019120401004325,MDB,42,44,100,245.00,"24,500.00"
2019-12-04,2019120401004324,MDB,5,44,100,245.00,"24,500.00"
2019-12-04,2019120401004152,MDB,5,1,80,247.00,"19,760.00"
2019-12-04,2019120401004043,MDB,5,21,20,247.00,"4,940.00"
2019-12-04,2019120401004073,MEGA,11,52,15,182.00,"2,730.00"
2019-12-04,2019120401004173,MEGA,49,11,200,181.00,"36,200.00"
2019-12-04,2019120401004240,MEGA,49,11,368,181.00,"66,608.00"
2019-12-04,2019120401004278,MEGA,49,11,60,181.00,"10,860.00"
2019-12-04,2019120401003961,MERO,44,43,50,422.00,"21,100.00"
2019-12-04,2019120401004394,MLBBL,52,5,75,463.00,"34,725.00"
2019-12-04,2019120401004393,MLBBL,42,5,50,465.00,"23,250.00"
2019-12-04,2019120401003958,MLBBL,6,32,50,470.00,"23,500.00"
2019-12-04,2019120401004434,MLBL,47,1,268,172.00,"46,096.00"
2019-12-04,2019120401004020,MLBL,47,46,200,173.00,"34,600.00"
2019-12-04,2019120401004284,MNBBL,35,41,600,311.00,"186,600.00"
2019-12-04,2019120401004283,MNBBL,35,41,600,311.00,"186,600.00"
2019-12-04,2019120401004048,MNBBL,44,53,100,310.00,"31,000.00"
2019-12-04,2019120401004229,NABIL,55,57,20,726.00,"14,520.00"
2019-12-04,2019120401004228,NABIL,29,57,50,726.00,"36,300.00"
2019-12-04,2019120401004147,NABIL,54,39,50,728.00,"36,400.00"
2019-12-04,2019120401004037,NABIL,35,39,130,728.00,"94,640.00"
2019-12-04,2019120401004263,NADEP,36,56,20,396.00,"7,920.00"
2019-12-04,2019120401003973,NBB,4,34,100,201.00,"20,100.00"
2019-12-04,2019120401004307,NCCB,19,49,200,198.00,"39,600.00"
2019-12-04,2019120401004306,NCCB,34,49,18,198.00,"3,564.00"
2019-12-04,2019120401004206,NCCB,34,4,16,198.00,"3,168.00"
2019-12-04,2019120401004188,NCCB,34,11,200,198.00,"39,600.00"
2019-12-04,2019120401004115,NCCB,34,50,766,198.00,"151,668.00"
2019-12-04,2019120401004114,NCCB,58,50,103,198.00,"20,394.00"
2019-12-04,2019120401004207,NEF,19,4,"1,207",7.48,"9,028.36"
2019-12-04,2019120401004028,NGPL,36,4,11,106.00,"1,166.00"
2019-12-04,2019120401003994,NGPL,45,17,10,107.00,"1,070.00"
2019-12-04,2019120401004323,NHDL,42,40,10,110.00,"1,100.00"
2019-12-04,2019120401004036,NHDL,42,4,10,110.00,"1,100.00"
2019-12-04,2019120401004337,NHPC,51,56,"1,000",51.00,"51,000.00"
2019-12-04,2019120401004328,NIB,41,8,150,413.00,"61,950.00"
2019-12-04,2019120401004327,NIB,29,8,61,413.00,"25,193.00"
2019-12-04,2019120401004286,NIB,29,56,50,413.00,"20,650.00"
2019-12-04,2019120401004273,NIB,29,47,500,413.00,"206,500.00"
2019-12-04,2019120401004012,NIB,48,55,115,414.00,"47,610.00"
2019-12-04,2019120401003992,NIB,36,55,50,414.00,"20,700.00"
2019-12-04,2019120401003986,NIB,29,42,100,413.00,"41,300.00"
2019-12-04,2019120401003984,NIB,29,41,250,413.00,"103,250.00"
2019-12-04,2019120401003981,NIB,36,55,50,414.00,"20,700.00"
2019-12-04,2019120401003980,NIB,29,57,39,413.00,"16,107.00"
2019-12-04,2019120401004233,NIBPO,28,28,"1,000",388.00,"388,000.00"
2019-12-04,2019120401004220,NIBPO,28,28,"1,000",388.00,"388,000.00"
2019-12-04,2019120401004198,NIBPO,28,28,"1,000",388.00,"388,000.00"
2019-12-04,2019120401004185,NIBPO,28,28,"1,000",388.00,"388,000.00"
2019-12-04,2019120401004171,NIBPO,28,28,"1,000",388.00,"388,000.00"
2019-12-04,2019120401004385,NICA,25,4,50,404.00,"20,200.00"
2019-12-04,2019120401004384,NICA,38,4,200,404.00,"80,800.00"
2019-12-04,2019120401004383,NICA,34,4,200,404.00,"80,800.00"
2019-12-04,2019120401004382,NICA,3,4,100,404.00,"40,400.00"
2019-12-04,2019120401004381,NICA,26,4,500,404.00,"202,000.00"
2019-12-04,2019120401004380,NICA,29,4,"2,000",404.00,"808,000.00"
2019-12-04,2019120401004067,NICA,52,4,100,405.00,"40,500.00"
2019-12-04,2019120401004066,NICA,32,4,500,405.00,"202,500.00"
2019-12-04,2019120401004379,NICA,10,4,200,404.00,"80,800.00"
2019-12-04,2019120401004378,NICA,10,4,"1,000",404.00,"404,000.00"
2019-12-04,2019120401004377,NICA,53,4,450,404.00,"181,800.00"
2019-12-04,2019120401004164,NICA,41,4,500,405.00,"202,500.00"
2019-12-04,2019120401004094,NICA,34,4,"1,900",405.00,"769,500.00"
2019-12-04,2019120401004068,NICA,51,4,500,405.00,"202,500.00"
2019-12-04,2019120401004451,NICL,25,53,14,256.00,"3,584.00"
2019-12-04,2019120401004205,NICL,34,53,500,251.00,"125,500.00"
2019-12-04,2019120401004193,NICL,29,53,50,255.00,"12,750.00"
2019-12-04,2019120401004192,NICL,29,53,35,256.00,"8,960.00"
2019-12-04,2019120401004074,NICL,56,28,10,258.00,"2,580.00"
2019-12-04,2019120401003988,NICL,29,52,54,256.00,"13,824.00"
2019-12-04,2019120401003987,NICL,29,33,11,255.00,"2,805.00"
2019-12-04,2019120401004362,NLBBL,44,40,50,517.00,"25,850.00"
2019-12-04,2019120401004349,NLBBL,48,5,111,518.00,"57,498.00"
2019-12-04,2019120401004332,NLBBL,48,53,89,518.00,"46,102.00"
2019-12-04,2019120401004441,NLIC,50,22,100,874.00,"87,400.00"
2019-12-04,2019120401004409,NLIC,55,10,75,873.00,"65,475.00"
2019-12-04,2019120401004392,NLIC,13,58,157,875.00,"137,375.00"
2019-12-04,2019120401004367,NLIC,42,58,500,875.00,"437,500.00"
2019-12-04,2019120401004366,NLIC,32,58,200,875.00,"175,000.00"
2019-12-04,2019120401004365,NLIC,4,58,58,875.00,"50,750.00"
2019-12-04,2019120401003990,NLIC,17,6,30,885.00,"26,550.00"
2019-12-04,2019120401004151,NLIC,4,21,100,875.00,"87,500.00"
2019-12-04,2019120401004150,NLIC,4,34,300,875.00,"262,500.00"
2019-12-04,2019120401004143,NLIC,4,6,20,875.00,"17,500.00"
2019-12-04,2019120401004096,NLIC,50,40,10,880.00,"8,800.00"
2019-12-04,2019120401003998,NLIC,53,56,16,880.00,"14,080.00"
2019-12-04,2019120401003997,NLIC,5,56,50,881.00,"44,050.00"
2019-12-04,2019120401004364,NLIC,16,58,100,876.00,"87,600.00"
2019-12-04,2019120401004363,NLIC,20,58,60,876.00,"52,560.00"
2019-12-04,2019120401004251,NLIC,4,58,300,879.00,"263,700.00"
2019-12-04,2019120401004209,NLIC,45,58,125,879.00,"109,875.00"
2019-12-04,2019120401004208,NLIC,45,26,75,878.00,"65,850.00"
2019-12-04,2019120401004183,NLIC,4,49,22,875.00,"19,250.00"
2019-12-04,2019120401004438,NLICL,42,34,400,435.00,"174,000.00"
2019-12-04,2019120401004040,NLICL,54,44,100,435.00,"43,500.00"
2019-12-04,2019120401004039,NLICL,38,44,249,436.00,"108,564.00"
2019-12-04,2019120401004038,NLICL,53,44,100,438.00,"43,800.00"
2019-12-04,2019120401004305,NMB,45,28,120,387.00,"46,440.00"
2019-12-04,2019120401004292,NMB,47,28,288,387.00,"111,456.00"
2019-12-04,2019120401004291,NMB,47,51,123,387.00,"47,601.00"
2019-12-04,2019120401004290,NMB,47,58,89,387.00,"34,443.00"
2019-12-04,2019120401004260,NMB,44,58,111,387.00,"42,957.00"
2019-12-04,2019120401004259,NMB,44,51,300,387.00,"116,100.00"
2019-12-04,2019120401004062,NMB,52,1,100,386.00,"38,600.00"
2019-12-04,2019120401004061,NMB,51,1,588,386.00,"226,968.00"
2019-12-04,2019120401004258,NMB,44,49,100,387.00,"38,700.00"
2019-12-04,2019120401004257,NMB,44,41,489,387.00,"189,243.00"
2019-12-04,2019120401004215,NMB,17,45,300,386.00,"115,800.00"
2019-12-04,2019120401004180,NMB,45,41,30,387.00,"11,610.00"
2019-12-04,2019120401004144,NMB,17,46,28,386.00,"10,808.00"
2019-12-04,2019120401004063,NMB,17,1,55,386.00,"21,230.00"
2019-12-04,2019120401004139,NMFBS,45,38,50,"1,243.00","62,150.00"
2019-12-04,2019120401004027,NMFBS,52,34,15,"1,243.00","18,645.00"
2019-12-04,2019120401004026,NMFBS,52,54,10,"1,239.00","12,390.00"
2019-12-04,2019120401004025,NMFBS,52,6,55,"1,238.00","68,090.00"
2019-12-04,2019120401004024,NMFBS,52,6,15,"1,237.00","18,555.00"
2019-12-04,2019120401004023,NMFBS,52,38,50,"1,236.00","61,800.00"
2019-12-04,2019120401004182,NNLB,29,1,50,480.00,"24,000.00"
2019-12-04,2019120401004181,NNLB,37,1,130,480.00,"62,400.00"
2019-12-04,2019120401004243,NSEWA,19,39,10,394.00,"3,940.00"
2019-12-04,2019120401004361,NTC,49,44,100,629.00,"62,900.00"
2019-12-04,2019120401004121,NUBL,49,59,100,910.00,"91,000.00"
2019-12-04,2019120401004032,NUBL,49,39,90,899.00,"80,910.00"
2019-12-04,2019120401004021,NUBL,48,39,10,899.00,"8,990.00"
2019-12-04,2019120401003993,NUBL,49,58,800,910.00,"728,000.00"
2019-12-04,2019120401003979,NUBL,49,53,63,909.00,"57,267.00"
2019-12-04,2019120401004442,PCBL,39,34,50,270.00,"13,500.00"
2019-12-04,2019120401004310,PCBL,39,34,120,270.00,"32,400.00"
2019-12-04,2019120401004109,PCBL,11,34,250,270.00,"67,500.00"
2019-12-04,2019120401004075,PCBL,48,43,95,269.00,"25,555.00"
2019-12-04,2019120401004222,PFL,57,4,12,141.00,"1,692.00"
2019-12-04,2019120401004051,PFL,57,4,39,141.00,"5,499.00"
2019-12-04,2019120401004431,PIC,33,41,10,355.00,"3,550.00"
2019-12-04,2019120401004415,PIC,42,35,88,356.00,"31,328.00"
2019-12-04,2019120401004265,PIC,42,47,12,356.00,"4,272.00"
2019-12-04,2019120401003983,PIC,42,44,50,361.00,"18,050.00"
2019-12-04,2019120401004331,PLIC,5,57,61,316.00,"19,276.00"
2019-12-04,2019120401004254,PLIC,43,57,89,316.00,"28,124.00"
2019-12-04,2019120401004217,PLIC,43,53,11,316.00,"3,476.00"
2019-12-04,2019120401004216,PLIC,26,53,28,316.00,"8,848.00"
2019-12-04,2019120401004135,PLIC,26,48,22,316.00,"6,952.00"
2019-12-04,2019120401004134,PLIC,1,48,100,317.00,"31,700.00"
2019-12-04,2019120401004398,PMHPL,43,38,10,84.00,840.00
2019-12-04,2019120401004004,PRIN,44,4,50,319.00,"15,950.00"
2019-12-04,2019120401004003,PRIN,44,53,50,319.00,"15,950.00"
2019-12-04,2019120401004239,PRVU,43,11,200,226.00,"45,200.00"
2019-12-04,2019120401004238,PRVU,43,52,200,226.00,"45,200.00"
2019-12-04,2019120401004189,PRVU,38,14,112,226.00,"25,312.00"
2019-12-04,2019120401004179,PRVU,33,14,388,226.00,"87,688.00"
2019-12-04,2019120401004176,PRVU,33,38,112,226.00,"25,312.00"
2019-12-04,2019120401004175,PRVU,51,38,188,226.00,"42,488.00"
2019-12-04,2019120401004119,PRVU,51,38,200,226.00,"45,200.00"
2019-12-04,2019120401004079,PRVU,51,1,332,226.00,"75,032.00"
2019-12-04,2019120401003972,PRVU,4,54,100,227.00,"22,700.00"
2019-12-04,2019120401004333,RADHI,13,40,12,139.00,"1,668.00"
2019-12-04,2019120401004269,RADHI,13,40,12,139.00,"1,668.00"
2019-12-04,2019120401004069,RADHI,13,4,11,139.00,"1,529.00"
2019-12-04,2019120401004426,RBCL,36,40,20,"8,010.00","160,200.00"
2019-12-04,2019120401004425,RBCL,32,40,10,"8,011.00","80,110.00"
2019-12-04,2019120401004424,RBCL,35,40,10,"8,013.00","80,130.00"
2019-12-04,2019120401004169,RHPC,16,10,178,74.00,"13,172.00"
2019-12-04,2019120401004104,RHPC,16,4,20,74.00,"1,480.00"
2019-12-04,2019120401004053,RHPC,16,43,11,74.00,814.00
2019-12-04,2019120401004044,RHPC,16,4,18,74.00,"1,332.00"
2019-12-04,2019120401004446,RHPL,54,40,40,172.00,"6,880.00"
2019-12-04,2019120401004443,RHPL,54,38,40,172.00,"6,880.00"
2019-12-04,2019120401004432,RHPL,54,25,60,172.00,"10,320.00"
2019-12-04,2019120401004427,RHPL,54,39,40,172.00,"6,880.00"
2019-12-04,2019120401004416,RHPL,54,38,40,172.00,"6,880.00"
2019-12-04,2019120401004414,RHPL,54,40,40,172.00,"6,880.00"
2019-12-04,2019120401004080,RHPL,58,44,100,174.00,"17,400.00"
2019-12-04,2019120401004002,RHPL,48,37,940,175.00,"164,500.00"
2019-12-04,2019120401004001,RHPL,48,58,60,175.00,"10,500.00"
2019-12-04,2019120401003985,RHPL,54,44,"1,000",174.00,"174,000.00"
2019-12-04,2019120401004165,RHPL,19,44,300,173.00,"51,900.00"
2019-12-04,2019120401004160,RHPL,19,38,40,173.00,"6,920.00"
2019-12-04,2019120401004136,RHPL,19,38,40,173.00,"6,920.00"
2019-12-04,2019120401004129,RHPL,19,38,40,173.00,"6,920.00"
2019-12-04,2019120401004124,RHPL,19,38,40,173.00,"6,920.00"
2019-12-04,2019120401004116,RHPL,19,38,40,173.00,"6,920.00"
2019-12-04,2019120401004210,RHPL,54,38,40,172.00,"6,880.00"
2019-12-04,2019120401004174,RHPL,1,25,40,173.00,"6,920.00"
2019-12-04,2019120401004170,RHPL,1,49,10,173.00,"1,730.00"
2019-12-04,2019120401004168,RHPL,1,44,200,173.00,"34,600.00"
2019-12-04,2019120401004167,RHPL,29,44,"1,000",173.00,"173,000.00"
2019-12-04,2019120401004166,RHPL,34,44,500,173.00,"86,500.00"
2019-12-04,2019120401004301,RHPL,54,56,40,172.00,"6,880.00"
2019-12-04,2019120401004293,RHPL,54,38,40,172.00,"6,880.00"
2019-12-04,2019120401004274,RHPL,54,40,40,172.00,"6,880.00"
2019-12-04,2019120401004266,RHPL,54,38,40,172.00,"6,880.00"
2019-12-04,2019120401004253,RHPL,54,38,40,172.00,"6,880.00"
2019-12-04,2019120401004234,RHPL,54,38,40,172.00,"6,880.00"
2019-12-04,2019120401004396,RHPL,54,39,50,172.00,"8,600.00"
2019-12-04,2019120401004375,RHPL,54,38,40,172.00,"6,880.00"
2019-12-04,2019120401004370,RHPL,54,38,40,172.00,"6,880.00"
2019-12-04,2019120401004368,RHPL,54,38,40,172.00,"6,880.00"
2019-12-04,2019120401004350,RHPL,54,40,40,172.00,"6,880.00"
2019-12-04,2019120401004302,RHPL,54,38,40,172.00,"6,880.00"
2019-12-04,2019120401004093,RLFL,44,4,158,107.00,"16,906.00"
2019-12-04,2019120401004277,RRHP,22,38,10,100.00,"1,000.00"
2019-12-04,2019120401004231,RRHP,22,4,10,100.00,"1,000.00"
2019-12-04,2019120401004086,RRHP,22,4,10,100.00,"1,000.00"
2019-12-04,2019120401004334,RSDC,38,56,100,289.00,"28,900.00"
2019-12-04,2019120401004303,RSDC,29,58,300,290.00,"87,000.00"
2019-12-04,2019120401004285,SABSL,32,1,10,515.00,"5,150.00"
2019-12-04,2019120401004276,SABSL,14,42,80,517.00,"41,360.00"
2019-12-04,2019120401004275,SABSL,14,55,20,517.00,"10,340.00"
2019-12-04,2019120401004264,SABSL,32,49,10,515.00,"5,150.00"
2019-12-04,2019120401004250,SABSL,32,46,50,515.00,"25,750.00"
2019-12-04,2019120401004249,SABSL,29,46,50,515.00,"25,750.00"
2019-12-04,2019120401004022,SABSL,46,45,10,515.00,"5,150.00"
2019-12-04,2019120401004153,SANIMA,21,48,77,306.00,"23,562.00"
2019-12-04,2019120401004072,SANIMA,21,45,123,306.00,"37,638.00"
2019-12-04,2019120401004084,SBI,42,37,61,348.00,"21,228.00"
2019-12-04,2019120401004083,SBI,38,37,30,348.00,"10,440.00"
2019-12-04,2019120401004082,SBI,21,37,29,348.00,"10,092.00"
2019-12-04,2019120401004237,SBL,44,38,"1,000",283.00,"283,000.00"
2019-12-04,2019120401004236,SBL,44,55,500,283.00,"141,500.00"
2019-12-04,2019120401004235,SBL,44,38,50,283.00,"14,150.00"
2019-12-04,2019120401004146,SBL,52,39,200,282.00,"56,400.00"
2019-12-04,2019120401004100,SBL,52,1,181,282.00,"51,042.00"
2019-12-04,2019120401004230,SCB,46,4,90,526.00,"47,340.00"
2019-12-04,2019120401004095,SCB,45,39,92,526.00,"48,392.00"
2019-12-04,2019120401004059,SDESI,40,4,23,529.00,"12,167.00"
2019-12-04,2019120401004138,SEF,3,1,"3,000",8.75,"26,250.00"
2019-12-04,2019120401004330,SHINE,26,58,"1,000",228.00,"228,000.00"
2019-12-04,2019120401004329,SHINE,26,56,500,228.00,"114,000.00"
2019-12-04,2019120401004225,SHIVM,6,38,100,386.00,"38,600.00"
2019-12-04,2019120401004224,SHIVM,50,38,100,386.00,"38,600.00"
2019-12-04,2019120401004010,SHIVM,57,42,90,385.00,"34,650.00"
2019-12-04,2019120401004009,SHIVM,25,42,50,385.00,"19,250.00"
2019-12-04,2019120401004008,SHIVM,19,42,50,386.00,"19,300.00"
2019-12-04,2019120401004007,SHIVM,8,42,100,386.00,"38,600.00"
2019-12-04,2019120401004006,SHIVM,45,42,10,389.00,"3,890.00"
2019-12-04,2019120401003962,SHIVM,4,17,50,390.00,"19,500.00"
2019-12-04,2019120401004268,SHL,5,13,200,209.00,"41,800.00"
2019-12-04,2019120401004267,SHL,5,6,100,209.00,"20,900.00"
2019-12-04,2019120401004248,SHL,5,45,100,208.00,"20,800.00"
2019-12-04,2019120401004190,SHL,49,43,169,208.00,"35,152.00"
2019-12-04,2019120401004070,SHL,51,37,100,207.00,"20,700.00"
2019-12-04,2019120401004011,SHL,48,43,164,208.00,"34,112.00"
2019-12-04,2019120401004112,SHPC,34,4,39,182.00,"7,098.00"
2019-12-04,2019120401003960,SHPC,13,4,500,183.00,"91,500.00"
2019-12-04,2019120401004359,SICL,49,39,197,760.00,"149,720.00"
2019-12-04,2019120401004255,SICL,16,54,200,763.00,"152,600.00"
2019-12-04,2019120401004118,SICL,50,58,100,770.00,"77,000.00"
2019-12-04,2019120401004090,SICL,49,28,100,770.00,"77,000.00"
2019-12-04,2019120401004000,SICL,41,44,50,785.00,"39,250.00"
2019-12-04,2019120401003999,SICL,41,39,150,784.00,"117,600.00"
2019-12-04,2019120401004309,SIFC,57,47,30,152.00,"4,560.00"
2019-12-04,2019120401004245,SIFC,34,47,200,153.00,"30,600.00"
2019-12-04,2019120401004244,SIFC,39,47,50,153.00,"7,650.00"
2019-12-04,2019120401004387,SIL,25,53,10,378.00,"3,780.00"
2019-12-04,2019120401004386,SIL,25,45,22,373.00,"8,206.00"
2019-12-04,2019120401003970,SIL,49,45,110,373.00,"41,030.00"
2019-12-04,2019120401003969,SIL,49,43,50,373.00,"18,650.00"
2019-12-04,2019120401003968,SIL,49,25,20,373.00,"7,460.00"
2019-12-04,2019120401003967,SIL,49,56,10,372.00,"3,720.00"
2019-12-04,2019120401003966,SIL,49,56,340,370.00,"125,800.00"
2019-12-04,2019120401003965,SIL,49,43,30,369.00,"11,070.00"
2019-12-04,2019120401003964,SIL,49,56,10,369.00,"3,690.00"
2019-12-04,2019120401003963,SIL,49,56,30,368.00,"11,040.00"
2019-12-04,2019120401004081,SINDU,29,34,20,124.00,"2,480.00"
2019-12-04,2019120401004447,SJCL,40,38,10,159.00,"1,590.00"
2019-12-04,2019120401004423,SJCL,40,38,20,159.00,"3,180.00"
2019-12-04,2019120401004422,SJCL,40,40,10,159.00,"1,590.00"
2019-12-04,2019120401004408,SJCL,40,39,20,159.00,"3,180.00"
2019-12-04,2019120401004391,SJCL,40,38,10,159.00,"1,590.00"
2019-12-04,2019120401004390,SJCL,40,38,20,159.00,"3,180.00"
2019-12-04,2019120401003954,SJCL,44,48,20,160.00,"3,200.00"
2019-12-04,2019120401003953,SJCL,44,47,20,160.00,"3,200.00"
2019-12-04,2019120401003952,SJCL,44,43,200,160.00,"32,000.00"
2019-12-04,2019120401004058,SJCL,51,42,100,160.00,"16,000.00"
2019-12-04,2019120401004057,SJCL,51,45,500,160.00,"80,000.00"
2019-12-04,2019120401004056,SJCL,51,48,950,160.00,"152,000.00"
2019-12-04,2019120401003974,SJCL,51,42,220,158.00,"34,760.00"
2019-12-04,2019120401003955,SJCL,44,48,40,160.00,"6,400.00"
2019-12-04,2019120401004201,SJCL,40,38,20,159.00,"3,180.00"
2019-12-04,2019120401004200,SJCL,40,38,20,159.00,"3,180.00"
2019-12-04,2019120401004199,SJCL,40,38,20,159.00,"3,180.00"
2019-12-04,2019120401004191,SJCL,51,38,10,158.00,"1,580.00"
2019-12-04,2019120401004186,SJCL,39,38,10,159.00,"1,590.00"
2019-12-04,2019120401004226,SJCL,40,39,200,159.00,"31,800.00"
2019-12-04,2019120401004223,SJCL,40,25,100,159.00,"15,900.00"
2019-12-04,2019120401004221,SJCL,40,38,20,159.00,"3,180.00"
2019-12-04,2019120401004203,SJCL,40,49,10,159.00,"1,590.00"
2019-12-04,2019120401004202,SJCL,40,35,250,159.00,"39,750.00"
2019-12-04,2019120401004287,SJCL,40,38,20,159.00,"3,180.00"
2019-12-04,2019120401004282,SJCL,40,40,20,159.00,"3,180.00"
2019-12-04,2019120401004271,SJCL,40,38,20,159.00,"3,180.00"
2019-12-04,2019120401004262,SJCL,40,38,20,159.00,"3,180.00"
2019-12-04,2019120401004241,SJCL,40,38,20,159.00,"3,180.00"
2019-12-04,2019120401004360,SJCL,40,40,20,159.00,"3,180.00"
2019-12-04,2019120401004354,SJCL,40,38,20,159.00,"3,180.00"
2019-12-04,2019120401004353,SJCL,56,41,60,160.00,"9,600.00"
2019-12-04,2019120401004352,SJCL,56,13,20,160.00,"3,200.00"
2019-12-04,2019120401004351,SJCL,56,13,20,160.00,"3,200.00"
2019-12-04,2019120401004308,SJCL,40,38,20,159.00,"3,180.00"
2019-12-04,2019120401004107,SLBBL,11,48,300,518.00,"155,400.00"
2019-12-04,2019120401004106,SLBBL,11,58,100,518.00,"51,800.00"
2019-12-04,2019120401004092,SLBBL,11,58,100,518.00,"51,800.00"
2019-12-04,2019120401004108,SLBBL,19,48,490,517.00,"253,330.00"
2019-12-04,2019120401004163,SLBSL,55,52,45,760.00,"34,200.00"
2019-12-04,2019120401004154,SLBSL,58,19,300,760.00,"228,000.00"
2019-12-04,2019120401004148,SLBSL,17,52,10,760.00,"7,600.00"
2019-12-04,2019120401004142,SLBSL,58,44,10,761.00,"7,610.00"
2019-12-04,2019120401004128,SLBSL,58,44,10,761.00,"7,610.00"
2019-12-04,2019120401004101,SLBSL,17,44,10,761.00,"7,610.00"
2019-12-04,2019120401004085,SLBSL,17,44,10,761.00,"7,610.00"
2019-12-04,2019120401004077,SLBSL,21,44,10,765.00,"7,650.00"
2019-12-04,2019120401004369,SMATA,51,22,20,501.00,"10,020.00"
2019-12-04,2019120401004089,SMFDB,41,45,72,529.00,"38,088.00"
2019-12-04,2019120401004088,SMFDB,41,47,10,529.00,"5,290.00"
2019-12-04,2019120401004087,SMFDB,41,43,118,525.00,"61,950.00"
2019-12-04,2019120401004261,SPARS,39,39,10,544.00,"5,440.00"
2019-12-04,2019120401004417,SRBL,33,39,100,214.00,"21,400.00"
2019-12-04,2019120401003991,SRBL,33,34,336,214.00,"71,904.00"
2019-12-04,2019120401003959,SRBL,39,34,164,214.00,"35,096.00"
2019-12-04,2019120401004232,STC,49,42,10,"1,175.00","11,750.00"
2019-12-04,2019120401004294,SWBBL,42,43,59,950.00,"56,050.00"
2019-12-04,2019120401003982,SWBBL,45,43,100,955.00,"95,500.00"
2019-12-04,2019120401004419,TRH,26,14,100,271.00,"27,100.00"
2019-12-04,2019120401004071,UIC,14,38,300,232.00,"69,600.00"
2019-12-04,2019120401004336,UMHL,5,4,14,100.00,"1,400.00"
2019-12-04,2019120401004355,UPCL,13,4,50,72.00,"3,600.00"
2019-12-04,2019120401004270,UPCL,13,4,50,72.00,"3,600.00"
2019-12-04,2019120401004187,UPCL,13,49,50,72.00,"3,600.00"
2019-12-04,2019120401004439,UPPER,6,40,40,232.00,"9,280.00"
2019-12-04,2019120401004376,UPPER,6,40,40,232.00,"9,280.00"
2019-12-04,2019120401004371,UPPER,6,4,40,232.00,"9,280.00"
2019-12-04,2019120401004289,UPPER,6,40,40,232.00,"9,280.00"
2019-12-04,2019120401004281,UPPER,56,43,200,234.00,"46,800.00"
2019-12-04,2019120401004065,UPPER,6,52,50,235.00,"11,750.00"
2019-12-04,2019120401004242,UPPER,6,54,28,235.00,"6,580.00"
2019-12-04,2019120401004172,UPPER,6,44,40,235.00,"9,400.00"
2019-12-04,2019120401004204,VLBS,22,32,56,620.00,"34,720.00"
2019-12-04,2019120401003585,ADBL,49,40,"1,000",405.00,"405,000.00"
2019-12-04,2019120401003507,ADBL,22,17,50,404.00,"20,200.00"
2019-12-04,2019120401003741,AHPC,52,38,310,95.00,"29,450.00"
2019-12-04,2019120401003731,AKPL,5,57,13,117.00,"1,521.00"
2019-12-04,2019120401003694,AKPL,1,4,13,115.00,"1,495.00"
2019-12-04,2019120401003525,AKPL,1,4,13,115.00,"1,495.00"
2019-12-04,2019120401003614,ALBSL,16,46,10,410.00,"4,100.00"
2019-12-04,2019120401003715,ALICL,14,16,300,335.00,"100,500.00"
2019-12-04,2019120401003714,ALICL,14,8,100,333.00,"33,300.00"
2019-12-04,2019120401003708,ALICL,34,33,"1,483",331.00,"490,873.00"
2019-12-04,2019120401003689,ALICL,36,33,"1,017",331.00,"336,627.00"
2019-12-04,2019120401003688,ALICL,36,57,100,331.00,"33,100.00"
2019-12-04,2019120401003687,ALICL,36,33,200,330.00,"66,000.00"
2019-12-04,2019120401003686,ALICL,36,25,10,330.00,"3,300.00"
2019-12-04,2019120401003685,ALICL,36,22,100,330.00,"33,000.00"
2019-12-04,2019120401003684,ALICL,36,43,73,329.00,"24,017.00"
2019-12-04,2019120401003508,ALICL,28,50,100,329.00,"32,900.00"
2019-12-04,2019120401003673,API,46,4,14,102.00,"1,428.00"
2019-12-04,2019120401003667,API,46,4,29,102.00,"2,958.00"
2019-12-04,2019120401003861,BARUN,38,38,260,84.00,"21,840.00"
2019-12-04,2019120401003699,BARUN,42,4,10,83.00,830.00
2019-12-04,2019120401003928,BOKL,17,22,150,216.00,"32,400.00"
2019-12-04,2019120401003927,BOKL,17,26,50,216.00,"10,800.00"
2019-12-04,2019120401003893,BOKL,37,48,51,215.00,"10,965.00"
2019-12-04,2019120401003729,BOKL,37,17,500,215.00,"107,500.00"
2019-12-04,2019120401003683,BOKL,37,39,500,215.00,"107,500.00"
2019-12-04,2019120401003682,BOKL,37,29,"1,000",215.00,"215,000.00"
2019-12-04,2019120401003681,BOKL,37,17,449,215.00,"96,535.00"
2019-12-04,2019120401003680,BOKL,37,21,500,215.00,"107,500.00"
2019-12-04,2019120401003598,BPCL,46,45,400,335.00,"134,000.00"
2019-12-04,2019120401003558,BPCL,53,45,100,335.00,"33,500.00"
2019-12-04,2019120401003706,CBBL,33,28,10,793.00,"7,930.00"
2019-12-04,2019120401003594,CBBL,39,44,40,788.00,"31,520.00"
2019-12-04,2019120401003704,CBL,40,4,547,136.00,"74,392.00"
2019-12-04,2019120401003469,CBL,40,7,133,136.00,"18,088.00"
2019-12-04,2019120401003452,CBL,40,7,118,136.00,"16,048.00"
2019-12-04,2019120401003910,CCBL,5,32,880,162.00,"142,560.00"
2019-12-04,2019120401003879,CCBL,59,32,50,162.00,"8,100.00"
2019-12-04,2019120401003794,CCBL,32,32,500,162.00,"81,000.00"
2019-12-04,2019120401003793,CCBL,16,32,300,162.00,"48,600.00"
2019-12-04,2019120401003477,CCBL,35,32,100,162.00,"16,200.00"
2019-12-04,2019120401003724,CCBL,7,50,"1,072",162.00,"173,664.00"
2019-12-04,2019120401003576,CCBL,50,32,"1,900",162.00,"307,800.00"
2019-12-04,2019120401003894,CHCL,32,32,156,357.00,"55,692.00"
2019-12-04,2019120401003738,CHCL,41,7,50,358.00,"17,900.00"
2019-12-04,2019120401003545,CHCL,39,59,"1,100",357.00,"392,700.00"
2019-12-04,2019120401003892,CIT,41,1,50,"1,708.00","85,400.00"
2019-12-04,2019120401003770,CIT,5,46,20,"1,705.00","34,100.00"
2019-12-04,2019120401003664,CIT,11,48,150,"1,703.00","255,450.00"
2019-12-04,2019120401003663,CIT,5,48,50,"1,703.00","85,150.00"
2019-12-04,2019120401003728,CLBSL,36,4,11,474.00,"5,214.00"
2019-12-04,2019120401003635,CLBSL,49,57,200,482.00,"96,400.00"
2019-12-04,2019120401003634,CLBSL,49,51,16,482.00,"7,712.00"
2019-12-04,2019120401003940,CZBIL,58,34,471,182.00,"85,722.00"
2019-12-04,2019120401003939,CZBIL,7,34,20,182.00,"3,640.00"
2019-12-04,2019120401003768,CZBIL,17,39,"1,000",183.00,"183,000.00"
2019-12-04,2019120401003843,DDBL,46,44,12,741.00,"8,892.00"
2019-12-04,2019120401003740,DDBL,48,4,50,727.00,"36,350.00"
2019-12-04,2019120401003597,DDBL,58,44,10,734.00,"7,340.00"
2019-12-04,2019120401003935,EBL,36,44,13,551.00,"7,163.00"
2019-12-04,2019120401003934,EBL,36,47,13,550.00,"7,150.00"
2019-12-04,2019120401003930,EBL,36,49,66,549.00,"36,234.00"
2019-12-04,2019120401003929,EBL,36,42,30,548.00,"16,440.00"
2019-12-04,2019120401003918,EBL,26,52,89,545.00,"48,505.00"
2019-12-04,2019120401003703,EBL,49,51,200,544.00,"108,800.00"
2019-12-04,2019120401003660,EBL,19,40,34,543.00,"18,462.00"
2019-12-04,2019120401003659,EBL,33,40,332,543.00,"180,276.00"
2019-12-04,2019120401003887,EBL,26,45,50,544.00,"27,200.00"
2019-12-04,2019120401003886,EBL,26,51,300,544.00,"163,200.00"
2019-12-04,2019120401003920,EDBL,47,45,80,282.00,"22,560.00"
2019-12-04,2019120401003806,EIC,45,33,50,219.00,"10,950.00"
2019-12-04,2019120401003805,EIC,45,16,490,219.00,"107,310.00"
2019-12-04,2019120401003801,EIC,5,10,150,218.00,"32,700.00"
2019-12-04,2019120401003777,EIC,5,4,64,216.00,"13,824.00"
2019-12-04,2019120401003716,EIC,39,4,200,216.00,"43,200.00"
2019-12-04,2019120401003559,EIC,20,16,10,219.00,"2,190.00"
2019-12-04,2019120401003526,EIC,20,16,500,215.00,"107,500.00"
2019-12-04,2019120401003501,FMDBL,57,44,100,302.00,"30,200.00"
2019-12-04,2019120401003500,FMDBL,57,35,300,302.00,"90,600.00"
2019-12-04,2019120401003499,FMDBL,57,55,100,302.00,"30,200.00"
2019-12-04,2019120401003931,FOWAD,29,51,234,"1,344.00","314,496.00"
2019-12-04,2019120401003750,FOWAD,1,4,19,"1,335.00","25,365.00"
2019-12-04,2019120401003662,FOWAD,45,51,40,"1,344.00","53,760.00"
2019-12-04,2019120401003521,FOWAD,42,51,20,"1,344.00","26,880.00"
2019-12-04,2019120401003540,GBBL,14,22,580,196.00,"113,680.00"
2019-12-04,2019120401003539,GBBL,14,34,22,196.00,"4,312.00"
2019-12-04,2019120401003538,GBBL,14,16,71,196.00,"13,916.00"
2019-12-04,2019120401003779,GBLBS,59,4,15,295.00,"4,425.00"
2019-12-04,2019120401003744,GBLBS,44,42,100,296.00,"29,600.00"
2019-12-04,2019120401003743,GBLBS,19,42,200,297.00,"59,400.00"
2019-12-04,2019120401003730,GGBSL,17,22,30,615.00,"18,450.00"
2019-12-04,2019120401003841,GILB,21,17,25,768.00,"19,200.00"
2019-12-04,2019120401003840,GILB,21,29,10,768.00,"7,680.00"
2019-12-04,2019120401003839,GILB,21,29,10,768.00,"7,680.00"
2019-12-04,2019120401003838,GILB,21,29,10,768.00,"7,680.00"
2019-12-04,2019120401003837,GILB,21,29,10,768.00,"7,680.00"
2019-12-04,2019120401003836,GILB,21,29,10,768.00,"7,680.00"
2019-12-04,2019120401003835,GILB,21,39,11,765.00,"8,415.00"
2019-12-04,2019120401003612,GILB,22,39,10,765.00,"7,650.00"
2019-12-04,2019120401003611,GILB,22,21,20,765.00,"15,300.00"
2019-12-04,2019120401003590,GILB,51,58,500,764.00,"382,000.00"
2019-12-04,2019120401003533,GILB,34,58,196,763.00,"149,548.00"
2019-12-04,2019120401003902,GLBSL,34,50,20,426.00,"8,520.00"
2019-12-04,2019120401003458,GLBSL,34,41,50,418.00,"20,900.00"
2019-12-04,2019120401003769,GLICL,56,55,100,368.00,"36,800.00"
2019-12-04,2019120401003749,GLICL,56,54,900,365.00,"328,500.00"
2019-12-04,2019120401003560,GLICL,5,54,100,365.00,"36,500.00"
2019-12-04,2019120401003608,GMFIL,35,58,50,112.00,"5,600.00"
2019-12-04,2019120401003476,GMFIL,28,58,"2,000",112.00,"224,000.00"
2019-12-04,2019120401003633,HDL,45,35,50,"1,279.00","63,950.00"
2019-12-04,2019120401003632,HDL,45,58,50,"1,278.00","63,900.00"
2019-12-04,2019120401003587,HDL,38,58,100,"1,278.00","127,800.00"
2019-12-04,2019120401003542,HDL,11,35,20,"1,279.00","25,580.00"
2019-12-04,2019120401003884,HGI,6,49,370,256.00,"94,720.00"
2019-12-04,2019120401003782,HGI,6,51,110,256.00,"28,160.00"
2019-12-04,2019120401003695,HGI,6,49,10,256.00,"2,560.00"
2019-12-04,2019120401003693,HGI,6,51,10,256.00,"2,560.00"
2019-12-04,2019120401003621,HGI,46,49,10,251.00,"2,510.00"
2019-12-04,2019120401003551,HGI,46,49,10,247.00,"2,470.00"
2019-12-04,2019120401003670,HIDCL,5,51,500,134.00,"67,000.00"
2019-12-04,2019120401003669,HIDCL,5,45,950,134.00,"127,300.00"
2019-12-04,2019120401003668,HIDCL,5,29,184,134.00,"24,656.00"
2019-12-04,2019120401003642,HIDCL,5,45,50,134.00,"6,700.00"
2019-12-04,2019120401003620,HIDCL,5,35,32,133.00,"4,256.00"
2019-12-04,2019120401003619,HIDCL,5,25,100,133.00,"13,300.00"
2019-12-04,2019120401003618,HIDCL,5,54,30,133.00,"3,990.00"
2019-12-04,2019120401003617,HIDCL,5,10,22,133.00,"2,926.00"
2019-12-04,2019120401003541,HIDCL,4,4,16,131.00,"2,096.00"
2019-12-04,2019120401003885,HPPL,36,4,10,132.00,"1,320.00"
2019-12-04,2019120401003742,HPPL,36,4,20,132.00,"2,640.00"
2019-12-04,2019120401003725,IGI,6,39,10,270.00,"2,700.00"
2019-12-04,2019120401003726,IGI,6,26,20,270.00,"5,400.00"
2019-12-04,2019120401003933,ILBS,51,42,80,500.00,"40,000.00"
2019-12-04,2019120401003932,ILBS,34,42,20,502.00,"10,040.00"
2019-12-04,2019120401003901,ILBS,39,34,10,510.00,"5,100.00"
2019-12-04,2019120401003900,ILBS,39,39,30,505.00,"15,150.00"
2019-12-04,2019120401003882,ILBS,51,39,170,506.00,"86,020.00"
2019-12-04,2019120401003878,ILBS,51,47,60,506.00,"30,360.00"
2019-12-04,2019120401003759,ILBS,34,36,10,502.00,"5,020.00"
2019-12-04,2019120401003758,ILBS,34,1,400,502.00,"200,800.00"
2019-12-04,2019120401003757,ILBS,34,39,10,502.00,"5,020.00"
2019-12-04,2019120401003756,ILBS,34,42,500,501.00,"250,500.00"
2019-12-04,2019120401003755,ILBS,34,7,50,500.00,"25,000.00"
2019-12-04,2019120401003484,ILBS,49,44,450,496.00,"223,200.00"
2019-12-04,2019120401003848,ILBS,7,22,200,505.00,"101,000.00"
2019-12-04,2019120401003847,ILBS,7,1,100,505.00,"50,500.00"
2019-12-04,2019120401003846,ILBS,7,42,20,505.00,"10,100.00"
2019-12-04,2019120401003845,ILBS,7,39,20,504.00,"10,080.00"
2019-12-04,2019120401003844,ILBS,7,58,100,504.00,"50,400.00"
2019-12-04,2019120401003776,ILBS,34,49,10,502.00,"5,020.00"
2019-12-04,2019120401003877,ILBS,51,52,100,506.00,"50,600.00"
2019-12-04,2019120401003867,ILBS,51,56,30,505.00,"15,150.00"
2019-12-04,2019120401003866,ILBS,51,22,100,505.00,"50,500.00"
2019-12-04,2019120401003865,ILBS,51,41,40,505.00,"20,200.00"
2019-12-04,2019120401003850,ILBS,7,41,50,505.00,"25,250.00"
2019-12-04,2019120401003849,ILBS,7,38,10,505.00,"5,050.00"
2019-12-04,2019120401003737,JBBL,58,14,300,161.00,"48,300.00"
2019-12-04,2019120401003736,JBBL,58,6,200,161.00,"32,200.00"
2019-12-04,2019120401003735,JBBL,58,57,500,161.00,"80,500.00"
2019-12-04,2019120401003734,JBBL,58,43,14,160.00,"2,240.00"
2019-12-04,2019120401003912,JOSHI,41,4,20,52.00,"1,040.00"
2019-12-04,2019120401003899,JSLBB,21,38,150,"1,269.00","190,350.00"
2019-12-04,2019120401003881,JSLBB,33,58,100,"1,269.00","126,900.00"
2019-12-04,2019120401003546,JSLBB,26,34,230,"1,267.00","291,410.00"
2019-12-04,2019120401003543,JSLBB,17,34,50,"1,267.00","63,350.00"
2019-12-04,2019120401003524,JSLBB,10,38,100,"1,265.00","126,500.00"
2019-12-04,2019120401003523,JSLBB,10,58,200,"1,265.00","253,000.00"
2019-12-04,2019120401003522,KBL,44,51,534,179.00,"95,586.00"
2019-12-04,2019120401003610,KPCL,19,49,10,78.00,780.00
2019-12-04,2019120401003919,KRBL,21,4,14,99.00,"1,386.00"
2019-12-04,2019120401003822,KSBBL,17,19,119,134.00,"15,946.00"
2019-12-04,2019120401003821,KSBBL,17,19,281,134.00,"37,654.00"
2019-12-04,2019120401003925,LBBL,44,4,18,169.00,"3,042.00"
2019-12-04,2019120401003717,LBL,4,45,100,217.00,"21,700.00"
2019-12-04,2019120401003547,LBL,44,32,"2,000",216.00,"432,000.00"
2019-12-04,2019120401003489,LBL,44,32,"2,000",216.00,"432,000.00"
2019-12-04,2019120401003871,LGIL,44,58,20,315.00,"6,300.00"
2019-12-04,2019120401003778,LGIL,6,57,40,309.00,"12,360.00"
2019-12-04,2019120401003754,LGIL,6,34,90,307.00,"27,630.00"
2019-12-04,2019120401003599,LGIL,43,34,10,307.00,"3,070.00"
2019-12-04,2019120401003600,LICN,25,28,50,962.00,"48,100.00"
2019-12-04,2019120401003924,MBL,51,34,226,215.00,"48,590.00"
2019-12-04,2019120401003923,MBL,49,34,274,215.00,"58,910.00"
2019-12-04,2019120401003870,MDB,17,43,180,250.00,"45,000.00"
2019-12-04,2019120401003773,MDB,5,43,50,250.00,"12,500.00"
2019-12-04,2019120401003772,MDB,5,58,50,250.00,"12,500.00"
2019-12-04,2019120401003908,MEGA,42,52,21,182.00,"3,822.00"
2019-12-04,2019120401003907,MEGA,42,6,50,182.00,"9,100.00"
2019-12-04,2019120401003906,MEGA,42,41,29,182.00,"5,278.00"
2019-12-04,2019120401003922,MEGA,4,52,100,182.00,"18,200.00"
2019-12-04,2019120401003909,MEGA,44,44,6,179.00,"1,074.00"
2019-12-04,2019120401003913,MERO,44,42,23,420.00,"9,660.00"
2019-12-04,2019120401003480,MHNL,19,45,40,77.00,"3,080.00"
2019-12-04,2019120401003862,MLBBL,42,32,200,470.00,"94,000.00"
2019-12-04,2019120401003784,MLBBL,42,32,310,468.00,"145,080.00"
2019-12-04,2019120401003622,MLBBL,52,32,500,468.00,"234,000.00"
2019-12-04,2019120401003613,MLBBL,52,32,500,468.00,"234,000.00"
2019-12-04,2019120401003733,MLBL,1,18,10,174.00,"1,740.00"
2019-12-04,2019120401003709,MLBL,1,46,264,172.00,"45,408.00"
2019-12-04,2019120401003723,MNBBL,28,26,100,310.00,"31,000.00"
2019-12-04,2019120401003722,MNBBL,28,19,100,310.00,"31,000.00"
2019-12-04,2019120401003721,MNBBL,28,1,100,310.00,"31,000.00"
2019-12-04,2019120401003661,MNBBL,57,47,300,309.00,"92,700.00"
2019-12-04,2019120401003584,MNBBL,44,47,100,309.00,"30,900.00"
2019-12-04,2019120401003739,MSMBS,39,52,10,503.00,"5,030.00"
2019-12-04,2019120401003711,MSMBS,39,52,10,494.00,"4,940.00"
2019-12-04,2019120401003648,MSMBS,40,37,50,485.00,"24,250.00"
2019-12-04,2019120401003647,MSMBS,40,1,113,485.00,"54,805.00"
2019-12-04,2019120401003646,MSMBS,40,52,10,485.00,"4,850.00"
2019-12-04,2019120401003645,MSMBS,40,47,61,484.00,"29,524.00"
2019-12-04,2019120401003628,MSMBS,40,43,78,483.00,"37,674.00"
2019-12-04,2019120401003579,MSMBS,11,43,20,483.00,"9,660.00"
2019-12-04,2019120401003869,NABIL,45,6,300,728.00,"218,400.00"
2019-12-04,2019120401003527,NABIL,37,6,25,728.00,"18,200.00"
2019-12-04,2019120401003498,NABIL,36,6,31,728.00,"22,568.00"
2019-12-04,2019120401003497,NABIL,36,47,24,727.00,"17,448.00"
2019-12-04,2019120401003463,NABIL,29,47,20,727.00,"14,540.00"
2019-12-04,2019120401003603,NBB,5,13,19,201.00,"3,819.00"
2019-12-04,2019120401003602,NBB,5,19,246,201.00,"49,446.00"
2019-12-04,2019120401003601,NBB,5,19,142,201.00,"28,542.00"
2019-12-04,2019120401003917,NBL,11,4,100,314.00,"31,400.00"
2019-12-04,2019120401003815,NBL,51,4,500,314.00,"157,000.00"
2019-12-04,2019120401003791,NBL,17,4,400,314.00,"125,600.00"
2019-12-04,2019120401003790,NBL,17,32,100,314.00,"31,400.00"
2019-12-04,2019120401003643,NBL,34,32,300,314.00,"94,200.00"
2019-12-04,2019120401003580,NBL,6,42,150,313.00,"46,950.00"
2019-12-04,2019120401003495,NBL,6,17,"4,197",313.00,"1,313,661.00"
2019-12-04,2019120401003494,NBL,42,17,300,313.00,"93,900.00"
2019-12-04,2019120401003493,NBL,21,17,100,313.00,"31,300.00"
2019-12-04,2019120401003492,NBL,5,17,200,313.00,"62,600.00"
2019-12-04,2019120401003491,NBL,33,17,"1,000",313.00,"313,000.00"
2019-12-04,2019120401003490,NBL,44,17,"4,203",313.00,"1,315,539.00"
2019-12-04,2019120401003938,NCCB,58,4,210,198.00,"41,580.00"
2019-12-04,2019120401003552,NCCB,58,4,642,198.00,"127,116.00"
2019-12-04,2019120401003503,NCCB,58,17,45,198.00,"8,910.00"
2019-12-04,2019120401003502,NCCB,50,17,72,198.00,"14,256.00"
2019-12-04,2019120401003926,NICA,28,22,750,405.00,"303,750.00"
2019-12-04,2019120401003860,NICA,37,22,200,405.00,"81,000.00"
2019-12-04,2019120401003824,NICA,33,22,50,405.00,"20,250.00"
2019-12-04,2019120401003823,NICA,33,4,"1,950",405.00,"789,750.00"
2019-12-04,2019120401003727,NICA,57,4,50,405.00,"20,250.00"
2019-12-04,2019120401003641,NICA,50,4,600,405.00,"243,000.00"
2019-12-04,2019120401003462,NICA,38,4,120,405.00,"48,600.00"
2019-12-04,2019120401003605,NICA,17,4,400,405.00,"162,000.00"
2019-12-04,2019120401003604,NICA,34,4,"1,000",405.00,"405,000.00"
2019-12-04,2019120401003595,NICA,34,4,950,405.00,"384,750.00"
2019-12-04,2019120401003583,NICA,53,29,550,404.00,"222,200.00"
2019-12-04,2019120401003582,NICA,51,4,"1,000",405.00,"405,000.00"
2019-12-04,2019120401003564,NICA,36,4,50,405.00,"20,250.00"
2019-12-04,2019120401003568,NIL,39,39,36,387.00,"13,932.00"
2019-12-04,2019120401003517,NIL,36,33,500,380.00,"190,000.00"
2019-12-04,2019120401003516,NIL,36,57,100,377.00,"37,700.00"
2019-12-04,2019120401003515,NIL,36,44,100,377.00,"37,700.00"
2019-12-04,2019120401003781,NLBBL,44,22,10,527.00,"5,270.00"
2019-12-04,2019120401003578,NLBBL,44,52,49,521.00,"25,529.00"
2019-12-04,2019120401003577,NLBBL,44,40,50,521.00,"26,050.00"
2019-12-04,2019120401003745,NLG,39,6,10,536.00,"5,360.00"
2019-12-04,2019120401003593,NLG,38,7,25,526.00,"13,150.00"
2019-12-04,2019120401003592,NLG,38,43,25,525.00,"13,125.00"
2019-12-04,2019120401003591,NLG,38,14,30,524.00,"15,720.00"
2019-12-04,2019120401003898,NLIC,38,45,100,890.00,"89,000.00"
2019-12-04,2019120401003863,NLIC,38,43,73,890.00,"64,970.00"
2019-12-04,2019120401003859,NLIC,4,50,25,897.00,"22,425.00"
2019-12-04,2019120401003858,NLIC,4,16,300,897.00,"269,100.00"
2019-12-04,2019120401003857,NLIC,4,25,100,897.00,"89,700.00"
2019-12-04,2019120401003856,NLIC,4,35,100,896.00,"89,600.00"
2019-12-04,2019120401003470,NLIC,58,48,100,889.00,"88,900.00"
2019-12-04,2019120401003457,NLIC,32,33,100,890.00,"89,000.00"
2019-12-04,2019120401003456,NLIC,32,17,300,890.00,"267,000.00"
2019-12-04,2019120401003455,NLIC,32,34,50,890.00,"44,500.00"
2019-12-04,2019120401003454,NLIC,32,10,50,889.00,"44,450.00"
2019-12-04,2019120401003512,NLIC,53,40,100,889.00,"88,900.00"
2019-12-04,2019120401003488,NLIC,11,28,250,890.00,"222,500.00"
2019-12-04,2019120401003487,NLIC,25,28,50,890.00,"44,500.00"
2019-12-04,2019120401003486,NLIC,57,28,96,890.00,"85,440.00"
2019-12-04,2019120401003479,NLIC,57,56,104,890.00,"92,560.00"
2019-12-04,2019120401003478,NLIC,57,17,100,890.00,"89,000.00"
2019-12-04,2019120401003531,NLIC,38,37,40,895.00,"35,800.00"
2019-12-04,2019120401003530,NLIC,38,58,140,895.00,"125,300.00"
2019-12-04,2019120401003529,NLIC,38,16,100,894.00,"89,400.00"
2019-12-04,2019120401003528,NLIC,38,28,24,890.00,"21,360.00"
2019-12-04,2019120401003514,NLIC,53,28,80,890.00,"71,200.00"
2019-12-04,2019120401003513,NLIC,53,55,20,889.00,"17,780.00"
2019-12-04,2019120401003556,NLIC,57,17,250,897.00,"224,250.00"
2019-12-04,2019120401003555,NLIC,17,22,100,890.00,"89,000.00"
2019-12-04,2019120401003550,NLIC,38,6,350,890.00,"311,500.00"
2019-12-04,2019120401003549,NLIC,38,6,100,891.00,"89,100.00"
2019-12-04,2019120401003544,NLIC,38,52,150,890.00,"133,500.00"
2019-12-04,2019120401003532,NLIC,38,56,194,896.00,"173,824.00"
2019-12-04,2019120401003713,NLIC,53,22,100,893.00,"89,300.00"
2019-12-04,2019120401003696,NLIC,33,22,200,893.00,"178,600.00"
2019-12-04,2019120401003636,NLIC,16,49,22,892.00,"19,624.00"
2019-12-04,2019120401003566,NLIC,57,44,200,897.00,"179,400.00"
2019-12-04,2019120401003562,NLIC,57,6,50,897.00,"44,850.00"
2019-12-04,2019120401003557,NLIC,57,3,200,897.00,"179,400.00"
2019-12-04,2019120401003816,NLIC,41,43,500,891.00,"445,500.00"
2019-12-04,2019120401003804,NLIC,41,8,500,891.00,"445,500.00"
2019-12-04,2019120401003792,NLIC,49,53,73,892.00,"65,116.00"
2019-12-04,2019120401003752,NLIC,49,57,21,892.00,"18,732.00"
2019-12-04,2019120401003751,NLIC,16,57,79,892.00,"70,468.00"
2019-12-04,2019120401003732,NLIC,16,35,99,892.00,"88,308.00"
2019-12-04,2019120401003855,NLIC,4,40,66,896.00,"59,136.00"
2019-12-04,2019120401003854,NLIC,4,33,100,895.00,"89,500.00"
2019-12-04,2019120401003853,NLIC,4,45,23,895.00,"20,585.00"
2019-12-04,2019120401003852,NLIC,4,34,86,895.00,"76,970.00"
2019-12-04,2019120401003851,NLIC,4,28,200,895.00,"179,000.00"
2019-12-04,2019120401003833,NLIC,38,53,27,890.00,"24,030.00"
2019-12-04,2019120401003812,NLICL,7,35,197,440.00,"86,680.00"
2019-12-04,2019120401003771,NLICL,7,35,73,440.00,"32,120.00"
2019-12-04,2019120401003700,NLICL,7,44,30,440.00,"13,200.00"
2019-12-04,2019120401003691,NLICL,51,44,970,440.00,"426,800.00"
2019-12-04,2019120401003690,NLICL,51,43,30,438.00,"13,140.00"
2019-12-04,2019120401003658,NLICL,38,17,251,436.00,"109,436.00"
2019-12-04,2019120401003554,NLICL,38,37,120,435.00,"52,200.00"
2019-12-04,2019120401003471,NLICL,19,58,50,435.00,"21,750.00"
2019-12-04,2019120401003657,NLICL,19,17,200,436.00,"87,200.00"
2019-12-04,2019120401003651,NLICL,34,17,200,436.00,"87,200.00"
2019-12-04,2019120401003649,NLICL,38,17,500,436.00,"218,000.00"
2019-12-04,2019120401003644,NLICL,38,17,"1,000",436.00,"436,000.00"
2019-12-04,2019120401003638,NLICL,34,17,500,436.00,"218,000.00"
2019-12-04,2019120401003630,NLICL,34,17,300,436.00,"130,800.00"
2019-12-04,2019120401003897,NMB,17,41,366,387.00,"141,642.00"
2019-12-04,2019120401003896,NMB,17,41,71,387.00,"27,477.00"
2019-12-04,2019120401003895,NMB,17,14,63,387.00,"24,381.00"
2019-12-04,2019120401003676,NMB,51,45,50,386.00,"19,300.00"
2019-12-04,2019120401003640,NMB,38,14,137,387.00,"53,019.00"
2019-12-04,2019120401003639,NMB,38,6,363,387.00,"140,481.00"
2019-12-04,2019120401003519,NMB,42,44,62,386.00,"23,932.00"
2019-12-04,2019120401003506,NMB,38,38,1,386.00,386.00
2019-12-04,2019120401003627,NMB,38,6,137,387.00,"53,019.00"
2019-12-04,2019120401003626,NMB,38,45,63,387.00,"24,381.00"
2019-12-04,2019120401003606,NMB,38,45,250,387.00,"96,750.00"
2019-12-04,2019120401003569,NMB,51,34,362,386.00,"139,732.00"
2019-12-04,2019120401003563,NMB,19,34,100,386.00,"38,600.00"
2019-12-04,2019120401003520,NMB,42,34,38,386.00,"14,668.00"
2019-12-04,2019120401003921,NMBMF,1,49,21,501.00,"10,521.00"
2019-12-04,2019120401003888,NMBMF,56,57,70,500.00,"35,000.00"
2019-12-04,2019120401003876,NMBMF,56,41,100,498.00,"49,800.00"
2019-12-04,2019120401003875,NMBMF,56,39,10,497.00,"4,970.00"
2019-12-04,2019120401003874,NMBMF,56,11,70,496.00,"34,720.00"
2019-12-04,2019120401003873,NMBMF,56,37,54,493.00,"26,622.00"
2019-12-04,2019120401003872,NMBMF,56,6,10,492.00,"4,920.00"
2019-12-04,2019120401003697,NSEWA,47,57,25,400.00,"10,000.00"
2019-12-04,2019120401003889,NUBL,49,44,10,909.00,"9,090.00"
2019-12-04,2019120401003774,NUBL,19,16,200,907.00,"181,400.00"
2019-12-04,2019120401003761,NUBL,49,34,200,905.00,"181,000.00"
2019-12-04,2019120401003760,NUBL,49,53,100,905.00,"90,500.00"
2019-12-04,2019120401003753,NUBL,49,7,24,904.00,"21,696.00"
2019-12-04,2019120401003748,NUBL,49,49,21,903.00,"18,963.00"
2019-12-04,2019120401003762,OHL,19,38,21,413.00,"8,673.00"
2019-12-04,2019120401003883,PCBL,43,43,"1,400",269.00,"376,600.00"
2019-12-04,2019120401003820,PCBL,42,43,500,270.00,"135,000.00"
2019-12-04,2019120401003819,PCBL,22,43,20,270.00,"5,400.00"
2019-12-04,2019120401003818,PCBL,39,43,500,271.00,"135,500.00"
2019-12-04,2019120401003817,PCBL,34,43,133,271.00,"36,043.00"
2019-12-04,2019120401003654,PCBL,34,52,54,271.00,"14,634.00"
2019-12-04,2019120401003653,PCBL,34,50,113,271.00,"30,623.00"
2019-12-04,2019120401003589,PCBL,45,50,67,271.00,"18,157.00"
2019-12-04,2019120401003588,PCBL,45,58,139,271.00,"37,669.00"
2019-12-04,2019120401003712,PFL,57,45,100,141.00,"14,100.00"
2019-12-04,2019120401003652,PFL,57,29,13,141.00,"1,833.00"
2019-12-04,2019120401003666,PIC,7,59,"1,000",361.00,"361,000.00"
2019-12-04,2019120401003665,PIC,7,44,615,360.00,"221,400.00"
2019-12-04,2019120401003586,PIC,6,44,300,360.00,"108,000.00"
2019-12-04,2019120401003509,PIC,20,44,85,360.00,"30,600.00"
2019-12-04,2019120401003905,PICL,6,37,50,370.00,"18,500.00"
2019-12-04,2019120401003607,PICL,6,56,10,368.00,"3,680.00"
2019-12-04,2019120401003803,PLIC,17,33,70,322.00,"22,540.00"
2019-12-04,2019120401003800,PLIC,17,33,230,322.00,"74,060.00"
2019-12-04,2019120401003799,PLIC,17,28,500,322.00,"161,000.00"
2019-12-04,2019120401003798,PLIC,17,6,10,321.00,"3,210.00"
2019-12-04,2019120401003797,PLIC,17,37,270,320.00,"86,400.00"
2019-12-04,2019120401003796,PLIC,17,42,100,320.00,"32,000.00"
2019-12-04,2019120401003795,PLIC,17,37,70,319.00,"22,330.00"
2019-12-04,2019120401003747,PLIC,55,42,100,320.00,"32,000.00"
2019-12-04,2019120401003746,PLIC,55,35,12,319.00,"3,828.00"
2019-12-04,2019120401003485,PMHPL,43,45,10,84.00,840.00
2019-12-04,2019120401003679,PRIN,44,48,20,313.00,"6,260.00"
2019-12-04,2019120401003678,PRIN,44,25,200,310.00,"62,000.00"
2019-12-04,2019120401003677,PRIN,44,5,200,309.00,"61,800.00"
2019-12-04,2019120401003596,PRIN,39,14,200,308.00,"61,600.00"
2019-12-04,2019120401003936,PRVU,51,34,500,226.00,"113,000.00"
2019-12-04,2019120401003891,PRVU,51,32,480,226.00,"108,480.00"
2019-12-04,2019120401003890,PRVU,13,32,320,226.00,"72,320.00"
2019-12-04,2019120401003702,PRVU,51,17,300,226.00,"67,800.00"
2019-12-04,2019120401003701,PRVU,41,17,200,226.00,"45,200.00"
2019-12-04,2019120401003581,PRVU,43,52,500,226.00,"113,000.00"
2019-12-04,2019120401003475,PRVU,43,41,500,226.00,"113,000.00"
2019-12-04,2019120401003518,RHPL,19,17,30,174.00,"5,220.00"
2019-12-04,2019120401003553,RSDC,44,37,100,291.00,"29,100.00"
2019-12-04,2019120401003461,RSDC,57,34,20,292.00,"5,840.00"
2019-12-04,2019120401003460,RSDC,57,37,100,292.00,"29,200.00"
2019-12-04,2019120401003459,RSDC,57,44,200,291.00,"58,200.00"
2019-12-04,2019120401003650,SABSL,57,49,10,505.00,"5,050.00"
2019-12-04,2019120401003483,SABSL,44,10,10,515.00,"5,150.00"
2019-12-04,2019120401003482,SABSL,44,38,10,515.00,"5,150.00"
2019-12-04,2019120401003481,SABSL,44,16,50,515.00,"25,750.00"
2019-12-04,2019120401003802,SADBL,51,45,180,138.00,"24,840.00"
2019-12-04,2019120401003637,SANIMA,28,45,20,306.00,"6,120.00"
2019-12-04,2019120401003548,SAPDBL,57,21,27,116.00,"3,132.00"
2019-12-04,2019120401003504,SBI,21,16,67,348.00,"23,316.00"
2019-12-04,2019120401003775,SDESI,56,22,30,535.00,"16,050.00"
2019-12-04,2019120401003692,SDESI,56,54,23,530.00,"12,190.00"
2019-12-04,2019120401003631,SDESI,38,45,150,528.00,"79,200.00"
2019-12-04,2019120401003629,SDESI,40,45,50,528.00,"26,400.00"
2019-12-04,2019120401003780,SFFIL,43,55,37,166.00,"6,142.00"
2019-12-04,2019120401003937,SHINE,57,4,20,229.00,"4,580.00"
2019-12-04,2019120401003808,SHINE,34,4,190,228.00,"43,320.00"
2019-12-04,2019120401003811,SHINE,34,42,"1,000",228.00,"228,000.00"
2019-12-04,2019120401003810,SHINE,34,21,52,228.00,"11,856.00"
2019-12-04,2019120401003809,SHINE,34,41,518,228.00,"118,104.00"
2019-12-04,2019120401003565,SHIVM,21,47,50,390.00,"19,500.00"
2019-12-04,2019120401003561,SHIVM,21,17,100,390.00,"39,000.00"
2019-12-04,2019120401003474,SHIVM,6,37,600,390.00,"234,000.00"
2019-12-04,2019120401003473,SHIVM,6,38,200,390.00,"78,000.00"
2019-12-04,2019120401003472,SHIVM,6,35,200,390.00,"78,000.00"
2019-12-04,2019120401003903,SHL,51,52,300,207.00,"62,100.00"
2019-12-04,2019120401003785,SHL,13,47,100,208.00,"20,800.00"
2019-12-04,2019120401003834,SIC,34,37,13,438.00,"5,694.00"
2019-12-04,2019120401003710,SIC,34,37,10,430.00,"4,300.00"
2019-12-04,2019120401003941,SICL,19,25,50,785.00,"39,250.00"
2019-12-04,2019120401003698,SICL,17,43,50,788.00,"39,400.00"
2019-12-04,2019120401003616,SICL,17,35,50,788.00,"39,400.00"
2019-12-04,2019120401003615,SICL,17,43,20,786.00,"15,720.00"
2019-12-04,2019120401003505,SICL,5,34,50,789.00,"39,450.00"
2019-12-04,2019120401003880,SIL,26,38,45,366.00,"16,470.00"
2019-12-04,2019120401003674,SIL,45,38,10,366.00,"3,660.00"
2019-12-04,2019120401003951,SJCL,44,34,200,160.00,"32,000.00"
2019-12-04,2019120401003950,SJCL,44,36,20,160.00,"3,200.00"
2019-12-04,2019120401003949,SJCL,44,46,20,160.00,"3,200.00"
2019-12-04,2019120401003948,SJCL,44,39,100,160.00,"16,000.00"
2019-12-04,2019120401003947,SJCL,44,21,100,160.00,"16,000.00"
2019-12-04,2019120401003946,SJCL,44,39,70,160.00,"11,200.00"
2019-12-04,2019120401003864,SJCL,51,17,20,158.00,"3,160.00"
2019-12-04,2019120401003945,SJCL,44,32,300,159.00,"47,700.00"
2019-12-04,2019120401003944,SJCL,44,40,20,159.00,"3,180.00"
2019-12-04,2019120401003943,SJCL,44,59,"1,000",159.00,"159,000.00"
2019-12-04,2019120401003942,SJCL,44,39,890,159.00,"141,510.00"
2019-12-04,2019120401003625,SLBBL,11,42,20,523.00,"10,460.00"
2019-12-04,2019120401003624,SLBBL,11,54,150,522.00,"78,300.00"
2019-12-04,2019120401003705,SLBSL,55,54,125,765.00,"95,625.00"
2019-12-04,2019120401003675,SLBSL,36,54,25,765.00,"19,125.00"
2019-12-04,2019120401003656,SLBSL,55,18,40,764.00,"30,560.00"
2019-12-04,2019120401003655,SLBSL,55,44,10,763.00,"7,630.00"
2019-12-04,2019120401003466,SLBSL,28,52,10,763.00,"7,630.00"
2019-12-04,2019120401003465,SLBSL,28,44,10,763.00,"7,630.00"
2019-12-04,2019120401003464,SLBSL,28,44,10,763.00,"7,630.00"
2019-12-04,2019120401003537,SLBSL,42,44,10,763.00,"7,630.00"
2019-12-04,2019120401003536,SLBSL,42,44,10,763.00,"7,630.00"
2019-12-04,2019120401003535,SLBSL,42,44,10,763.00,"7,630.00"
2019-12-04,2019120401003534,SLBSL,42,44,10,763.00,"7,630.00"
2019-12-04,2019120401003468,SLBSL,28,18,60,764.00,"45,840.00"
2019-12-04,2019120401003467,SLBSL,28,44,10,763.00,"7,630.00"
2019-12-04,2019120401003814,SLICL,25,54,"1,029",265.00,"272,685.00"
2019-12-04,2019120401003813,SLICL,25,44,"1,000",265.00,"265,000.00"
2019-12-04,2019120401003789,SLICL,25,57,500,264.00,"132,000.00"
2019-12-04,2019120401003788,SLICL,25,42,190,263.00,"49,970.00"
2019-12-04,2019120401003787,SLICL,25,19,100,263.00,"26,300.00"
2019-12-04,2019120401003786,SLICL,25,19,200,262.00,"52,400.00"
2019-12-04,2019120401003916,SMB,17,52,50,465.00,"23,250.00"
2019-12-04,2019120401003511,SPARS,26,39,30,555.00,"16,650.00"
2019-12-04,2019120401003510,SPARS,26,36,20,554.00,"11,080.00"
2019-12-04,2019120401003783,SRBL,39,17,336,214.00,"71,904.00"
2019-12-04,2019120401003707,SRBL,51,17,164,214.00,"35,096.00"
2019-12-04,2019120401003623,SRBL,51,37,200,214.00,"42,800.00"
2019-12-04,2019120401003868,STC,19,14,50,"1,173.00","58,650.00"
2019-12-04,2019120401003767,SWBBL,37,52,25,948.00,"23,700.00"
2019-12-04,2019120401003766,SWBBL,37,14,52,948.00,"49,296.00"
2019-12-04,2019120401003765,SWBBL,37,58,14,948.00,"13,272.00"
2019-12-04,2019120401003764,SWBBL,37,43,100,947.00,"94,700.00"
2019-12-04,2019120401003763,SWBBL,37,39,35,947.00,"33,145.00"
2019-12-04,2019120401003609,SWBBL,48,43,100,946.00,"94,600.00"
2019-12-04,2019120401003842,TMDBL,35,59,70,143.00,"10,010.00"
2019-12-04,2019120401003911,TRH,32,32,30,273.00,"8,190.00"
2019-12-04,2019120401003807,TRH,19,56,50,273.00,"13,650.00"
2019-12-04,2019120401003567,TRH,7,4,20,275.00,"5,500.00"
2019-12-04,2019120401003720,UIC,48,17,30,229.00,"6,870.00"
2019-12-04,2019120401003719,UIC,48,51,100,228.00,"22,800.00"
2019-12-04,2019120401003718,UIC,48,57,100,227.00,"22,700.00"
2019-12-04,2019120401003453,UIC,5,38,185,225.00,"41,625.00"
2019-12-04,2019120401003672,UPCL,13,49,10,72.00,720.00
2019-12-04,2019120401003671,UPCL,17,49,40,73.00,"2,920.00"
2019-12-04,2019120401003496,UPCL,17,45,60,73.00,"4,380.00"
2019-12-04,2019120401003915,UPPER,6,41,382,235.00,"89,770.00"
2019-12-04,2019120401003914,UPPER,45,41,118,235.00,"27,730.00"
2019-12-04,2019120401003904,UPPER,45,20,52,235.00,"12,220.00"
2019-12-04,2019120401003832,UPPER,45,37,100,235.00,"23,500.00"
2019-12-04,2019120401003831,UPPER,45,34,30,235.00,"7,050.00"
2019-12-04,2019120401003830,UPPER,45,47,50,235.00,"11,750.00"
2019-12-04,2019120401003829,UPPER,45,19,200,235.00,"47,000.00"
2019-12-04,2019120401003828,UPPER,45,41,150,234.00,"35,100.00"
2019-12-04,2019120401003827,UPPER,45,58,40,234.00,"9,360.00"
2019-12-04,2019120401003826,UPPER,45,52,220,234.00,"51,480.00"
2019-12-04,2019120401003825,UPPER,45,17,40,234.00,"9,360.00"
2019-12-04,2019120401003575,VLBS,22,4,13,620.00,"8,060.00"
2019-12-04,2019120401003574,VLBS,22,45,31,620.00,"19,220.00"
2019-12-04,2019120401003573,VLBS,22,58,200,619.00,"123,800.00"
2019-12-04,2019120401003572,VLBS,22,47,50,618.00,"30,900.00"
2019-12-04,2019120401003571,VLBS,22,52,100,616.00,"61,600.00"
2019-12-04,2019120401003570,VLBS,22,34,50,615.00,"30,750.00"
2019-12-04,2019120401003416,ADBL,22,42,30,404.00,"12,120.00"
2019-12-04,2019120401003408,ADBL,35,42,30,404.00,"12,120.00"
2019-12-04,2019120401003289,ADBL,35,54,70,404.00,"28,280.00"
2019-12-04,2019120401003260,ADBL,32,22,65,403.00,"26,195.00"
2019-12-04,2019120401003447,AHPC,45,52,75,94.00,"7,050.00"
2019-12-04,2019120401003396,AHPC,7,38,190,95.00,"18,050.00"
2019-12-04,2019120401003078,AHPC,45,4,25,94.00,"2,350.00"
2019-12-04,2019120401003209,AKPL,1,6,13,115.00,"1,495.00"
2019-12-04,2019120401003208,AKPL,1,38,150,115.00,"17,250.00"
2019-12-04,2019120401003052,ALBSL,16,35,10,410.00,"4,100.00"
2019-12-04,2019120401002979,ALBSL,16,14,200,415.00,"83,000.00"
2019-12-04,2019120401002978,ALBSL,16,41,50,415.00,"20,750.00"
2019-12-04,2019120401003231,ALICL,21,48,100,327.00,"32,700.00"
2019-12-04,2019120401003188,ALICL,50,28,54,325.00,"17,550.00"
2019-12-04,2019120401003179,ALICL,17,28,446,325.00,"144,950.00"
2019-12-04,2019120401003178,ALICL,17,8,54,325.00,"17,550.00"
2019-12-04,2019120401003197,API,25,44,12,103.00,"1,236.00"
2019-12-04,2019120401003196,API,25,6,28,102.00,"2,856.00"
2019-12-04,2019120401003086,BARUN,34,4,10,83.00,830.00
2019-12-04,2019120401003387,BPCL,7,6,10,334.00,"3,340.00"
2019-12-04,2019120401003066,BPCL,36,22,11,334.00,"3,674.00"
2019-12-04,2019120401003065,BPCL,36,35,66,334.00,"22,044.00"
2019-12-04,2019120401003429,CBBL,33,44,10,788.00,"7,880.00"
2019-12-04,2019120401003285,CBBL,33,13,50,780.00,"39,000.00"
2019-12-04,2019120401003266,CBBL,44,42,500,773.00,"386,500.00"
2019-12-04,2019120401003265,CBBL,44,42,100,773.00,"77,300.00"
2019-12-04,2019120401003264,CBBL,44,29,400,773.00,"309,200.00"
2019-12-04,2019120401003263,CBBL,44,54,360,773.00,"278,280.00"
2019-12-04,2019120401003006,CBBL,38,54,80,771.00,"61,680.00"
2019-12-04,2019120401003451,CBL,44,7,60,136.00,"8,160.00"
2019-12-04,2019120401003239,CBL,44,4,660,136.00,"89,760.00"
2019-12-04,2019120401002987,CBL,20,49,20,137.00,"2,740.00"
2019-12-04,2019120401003334,CCBL,16,32,480,162.00,"77,760.00"
2019-12-04,2019120401003235,CCBL,16,32,120,162.00,"19,440.00"
2019-12-04,2019120401003085,CCBL,16,32,20,162.00,"3,240.00"
2019-12-04,2019120401003015,CCBL,49,48,12,161.00,"1,932.00"
2019-12-04,2019120401003182,CHCL,21,59,300,355.00,"106,500.00"
2019-12-04,2019120401003181,CHCL,52,59,445,355.00,"157,975.00"
2019-12-04,2019120401003180,CHCL,41,59,46,356.00,"16,376.00"
2019-12-04,2019120401003251,CIT,35,45,25,"1,709.00","42,725.00"
2019-12-04,2019120401002981,CIT,11,47,40,"1,703.00","68,120.00"
2019-12-04,2019120401003013,CLBSL,49,54,20,473.00,"9,460.00"
2019-12-04,2019120401003012,CLBSL,49,37,12,472.00,"5,664.00"
2019-12-04,2019120401003011,CLBSL,49,37,50,472.00,"23,600.00"
2019-12-04,2019120401003337,DBBL,36,32,500,122.00,"61,000.00"
2019-12-04,2019120401003336,DBBL,36,16,500,122.00,"61,000.00"
2019-12-04,2019120401003267,DDBL,58,56,10,734.00,"7,340.00"
2019-12-04,2019120401003250,DDBL,50,32,200,730.00,"146,000.00"
2019-12-04,2019120401003249,DDBL,50,28,500,729.00,"364,500.00"
2019-12-04,2019120401003248,DDBL,50,4,367,728.00,"267,176.00"
2019-12-04,2019120401003190,DDBL,34,4,133,728.00,"96,824.00"
2019-12-04,2019120401003189,DDBL,34,4,67,727.00,"48,709.00"
2019-12-04,2019120401003165,DDBL,58,4,133,727.00,"96,691.00"
2019-12-04,2019120401003164,DDBL,58,4,400,726.00,"290,400.00"
2019-12-04,2019120401003163,DDBL,58,28,467,725.00,"338,575.00"
2019-12-04,2019120401003259,EBL,36,8,835,544.00,"454,240.00"
2019-12-04,2019120401003206,EBL,44,4,81,542.00,"43,902.00"
2019-12-04,2019120401003211,EIC,34,1,400,215.00,"86,000.00"
2019-12-04,2019120401003122,EIC,50,1,200,215.00,"43,000.00"
2019-12-04,2019120401003062,EIC,55,26,40,212.00,"8,480.00"
2019-12-04,2019120401003061,EIC,55,48,233,212.00,"49,396.00"
2019-12-04,2019120401003051,EIC,5,48,200,212.00,"42,400.00"
2019-12-04,2019120401003029,EIC,18,11,750,211.00,"158,250.00"
2019-12-04,2019120401003438,FMDBL,26,47,120,301.00,"36,120.00"
2019-12-04,2019120401003210,FMDBL,25,32,62,300.00,"18,600.00"
2019-12-04,2019120401003158,FMDBL,51,32,100,300.00,"30,000.00"
2019-12-04,2019120401003100,FMDBL,51,41,100,300.00,"30,000.00"
2019-12-04,2019120401003099,FMDBL,42,41,100,300.00,"30,000.00"
2019-12-04,2019120401003223,GBBL,6,16,112,195.00,"21,840.00"
2019-12-04,2019120401003222,GBBL,38,16,288,195.00,"56,160.00"
2019-12-04,2019120401003213,GBBL,38,16,212,195.00,"41,340.00"
2019-12-04,2019120401003003,GBBL,32,16,87,196.00,"17,052.00"
2019-12-04,2019120401002993,GBLBS,14,22,20,301.00,"6,020.00"
2019-12-04,2019120401003137,GGBSL,1,22,20,626.00,"12,520.00"
2019-12-04,2019120401003136,GGBSL,1,34,50,624.00,"31,200.00"
2019-12-04,2019120401003135,GGBSL,1,57,20,617.00,"12,340.00"
2019-12-04,2019120401003084,GGBSL,11,57,10,617.00,"6,170.00"
2019-12-04,2019120401003070,GGBSL,11,39,10,615.00,"6,150.00"
2019-12-04,2019120401003177,GILB,44,34,16,756.00,"12,096.00"
2019-12-04,2019120401003193,GLBSL,34,22,30,410.00,"12,300.00"
2019-12-04,2019120401003192,GLBSL,34,33,10,410.00,"4,100.00"
2019-12-04,2019120401003191,GLBSL,34,58,654,410.00,"268,140.00"
2019-12-04,2019120401003035,GLBSL,38,11,10,406.00,"4,060.00"
2019-12-04,2019120401002988,GLBSL,58,42,100,405.00,"40,500.00"
2019-12-04,2019120401003184,GLBSL,34,58,694,410.00,"284,540.00"
2019-12-04,2019120401003183,GLBSL,34,21,100,409.00,"40,900.00"
2019-12-04,2019120401003156,GLBSL,34,21,100,409.00,"40,900.00"
2019-12-04,2019120401003138,GLBSL,34,42,50,408.00,"20,400.00"
2019-12-04,2019120401003103,GLBSL,34,42,50,408.00,"20,400.00"
2019-12-04,2019120401003036,GLBSL,38,38,50,408.00,"20,400.00"
2019-12-04,2019120401003446,GLICL,34,25,61,365.00,"22,265.00"
2019-12-04,2019120401003101,GLICL,5,22,190,362.00,"68,780.00"
2019-12-04,2019120401003095,GLICL,5,48,86,361.00,"31,046.00"
2019-12-04,2019120401003064,GMFIL,29,58,"1,950",112.00,"218,400.00"
2019-12-04,2019120401003232,HBL,11,28,26,494.00,"12,844.00"
2019-12-04,2019120401003442,HDL,55,35,100,"1,278.00","127,800.00"
2019-12-04,2019120401003441,HDL,55,58,90,"1,278.00","115,020.00"
2019-12-04,2019120401003440,HDL,55,41,40,"1,278.00","51,120.00"
2019-12-04,2019120401003401,HDL,14,58,10,"1,278.00","12,780.00"
2019-12-04,2019120401003400,HDL,14,58,10,"1,277.00","12,770.00"
2019-12-04,2019120401003386,HDL,14,58,30,"1,276.00","38,280.00"
2019-12-04,2019120401003380,HDL,46,58,20,"1,276.00","25,520.00"
2019-12-04,2019120401003294,HDL,14,58,70,"1,277.00","89,390.00"
2019-12-04,2019120401003229,HDL,11,47,50,"1,270.00","63,500.00"
2019-12-04,2019120401003212,HGI,46,4,194,243.00,"47,142.00"
2019-12-04,2019120401003268,HIDCL,4,4,316,131.00,"41,396.00"
2019-12-04,2019120401003102,HIDCL,4,4,30,131.00,"3,930.00"
2019-12-04,2019120401003252,HPPL,36,4,20,132.00,"2,640.00"
2019-12-04,2019120401003379,HURJA,49,35,20,100.00,"2,000.00"
2019-12-04,2019120401003230,IGI,34,4,124,266.00,"32,984.00"
2019-12-04,2019120401003221,IGI,34,49,150,265.00,"39,750.00"
2019-12-04,2019120401003411,ILBS,38,7,500,498.00,"249,000.00"
2019-12-04,2019120401003326,ILBS,58,44,50,499.00,"24,950.00"
2019-12-04,2019120401003238,ILBS,58,7,50,500.00,"25,000.00"
2019-12-04,2019120401003005,ILBS,57,58,100,500.00,"50,000.00"
2019-12-04,2019120401002995,ILBS,34,42,200,500.00,"100,000.00"
2019-12-04,2019120401002990,ILBS,34,42,250,500.00,"125,000.00"
2019-12-04,2019120401002964,ILBS,37,42,10,500.00,"5,000.00"
2019-12-04,2019120401003394,JSLBB,10,57,64,"1,265.00","80,960.00"
2019-12-04,2019120401003187,JSLBB,45,58,50,"1,260.00","63,000.00"
2019-12-04,2019120401003186,JSLBB,45,58,60,"1,260.00","75,600.00"
2019-12-04,2019120401003185,JSLBB,16,58,64,"1,261.00","80,704.00"
2019-12-04,2019120401002963,JSLBB,26,34,200,"1,260.00","252,000.00"
2019-12-04,2019120401002962,JSLBB,13,34,20,"1,260.00","25,200.00"
2019-12-04,2019120401003437,KADBL,42,16,113,169.00,"19,097.00"
