Date,Transact. No.,Symbol,Buyer,Seller,Quantity,Rate,Amount
2019-10-23,2019102301003092,ADBL,52,57,90,413.00,"37,170.00"
2019-10-23,2019102301003084,ADBL,52,37,100,413.00,"41,300.00"
2019-10-23,2019102301003068,ADBL,52,54,381,413.00,"157,353.00"
2019-10-23,2019102301003054,ADBL,52,25,100,413.00,"41,300.00"
2019-10-23,2019102301002785,ADBL,52,6,50,413.00,"20,650.00"
2019-10-23,2019102301003050,AHPC,25,48,10,96.00,960.00
2019-10-23,2019102301003072,AKJCL,25,36,20,53.00,"1,060.00"
2019-10-23,2019102301002664,AKJCL,25,6,20,53.00,"1,060.00"
2019-10-23,2019102301002876,AKPL,25,52,20,138.00,"2,760.00"
2019-10-23,2019102301002743,AKPL,45,47,100,137.00,"13,700.00"
2019-10-23,2019102301002742,AKPL,45,6,30,136.00,"4,080.00"
2019-10-23,2019102301002741,AKPL,45,6,30,136.00,"4,080.00"
2019-10-23,2019102301002713,AKPL,47,6,59,135.00,"7,965.00"
2019-10-23,2019102301003132,ALBSL,32,11,10,373.00,"3,730.00"
2019-10-23,2019102301002833,ALBSL,36,34,10,378.00,"3,780.00"
2019-10-23,2019102301002832,ALBSL,36,6,10,378.00,"3,780.00"
2019-10-23,2019102301003136,ALICL,28,56,10,321.00,"3,210.00"
2019-10-23,2019102301003135,ALICL,28,35,120,320.00,"38,400.00"
2019-10-23,2019102301003134,ALICL,28,34,50,320.00,"16,000.00"
2019-10-23,2019102301003133,ALICL,28,53,29,319.00,"9,251.00"
2019-10-23,2019102301002848,API,42,22,50,112.00,"5,600.00"
2019-10-23,2019102301002797,API,25,22,50,112.00,"5,600.00"
2019-10-23,2019102301002789,API,25,26,400,111.00,"44,400.00"
2019-10-23,2019102301003114,BFC,57,52,23,91.00,"2,093.00"
2019-10-23,2019102301003071,BOKL,42,22,10,229.00,"2,290.00"
2019-10-23,2019102301003070,BOKL,42,50,100,228.00,"22,800.00"
2019-10-23,2019102301003069,BOKL,42,48,523,228.00,"119,244.00"
2019-10-23,2019102301003018,BOKL,44,5,240,225.00,"54,000.00"
2019-10-23,2019102301003017,BOKL,44,5,200,225.00,"45,000.00"
2019-10-23,2019102301003016,BOKL,50,5,200,225.00,"45,000.00"
2019-10-23,2019102301003009,BOKL,59,5,13,227.00,"2,951.00"
2019-10-23,2019102301003008,BOKL,56,5,150,227.00,"34,050.00"
2019-10-23,2019102301003007,BOKL,14,5,212,227.00,"48,124.00"
2019-10-23,2019102301002706,BOKL,14,6,38,227.00,"8,626.00"
2019-10-23,2019102301003015,BOKL,39,5,200,226.00,"45,200.00"
2019-10-23,2019102301003014,BOKL,56,5,"1,000",226.00,"226,000.00"
2019-10-23,2019102301003013,BOKL,51,5,85,226.00,"19,210.00"
2019-10-23,2019102301003012,BOKL,50,5,100,227.00,"22,700.00"
2019-10-23,2019102301003011,BOKL,6,5,500,227.00,"113,500.00"
2019-10-23,2019102301003010,BOKL,51,5,100,227.00,"22,700.00"
2019-10-23,2019102301003131,BPCL,33,26,10,367.00,"3,670.00"
2019-10-23,2019102301003130,BPCL,33,45,100,366.00,"36,600.00"
2019-10-23,2019102301003090,BPCL,5,36,22,362.00,"7,964.00"
2019-10-23,2019102301003048,CBL,17,42,350,144.00,"50,400.00"
2019-10-23,2019102301002923,CBL,16,52,"1,164",143.00,"166,452.00"
2019-10-23,2019102301002898,CBL,16,52,550,143.00,"78,650.00"
2019-10-23,2019102301003110,CCBL,25,45,10,155.00,"1,550.00"
2019-10-23,2019102301002752,CCBL,38,37,"2,076",154.00,"319,704.00"
2019-10-23,2019102301002751,CCBL,48,37,125,154.00,"19,250.00"
2019-10-23,2019102301002750,CCBL,14,37,373,154.00,"57,442.00"
2019-10-23,2019102301002749,CCBL,18,37,"1,000",154.00,"154,000.00"
2019-10-23,2019102301002748,CCBL,50,37,426,154.00,"65,604.00"
2019-10-23,2019102301002891,CHCL,28,19,388,423.00,"164,124.00"
2019-10-23,2019102301002976,CIT,21,58,90,"1,800.00","162,000.00"
2019-10-23,2019102301002942,CIT,21,52,10,"1,800.00","18,000.00"
2019-10-23,2019102301003098,CZBIL,13,36,10,196.00,"1,960.00"
2019-10-23,2019102301003042,CZBIL,55,44,100,197.00,"19,700.00"
2019-10-23,2019102301003041,CZBIL,55,46,100,197.00,"19,700.00"
2019-10-23,2019102301002718,CZBIL,6,46,100,197.00,"19,700.00"
2019-10-23,2019102301002717,CZBIL,6,56,100,197.00,"19,700.00"
2019-10-23,2019102301002921,DDBL,49,39,280,730.00,"204,400.00"
2019-10-23,2019102301002658,DDBL,49,32,250,730.00,"182,500.00"
2019-10-23,2019102301002702,DHPL,34,6,11,53.00,583.00
2019-10-23,2019102301003099,EBL,50,39,200,550.00,"110,000.00"
2019-10-23,2019102301003113,EIC,41,22,50,225.00,"11,250.00"
2019-10-23,2019102301003065,EIC,52,51,16,227.00,"3,632.00"
2019-10-23,2019102301003021,EIC,17,51,100,227.00,"22,700.00"
2019-10-23,2019102301003020,EIC,17,49,100,227.00,"22,700.00"
2019-10-23,2019102301002795,EIC,29,49,100,227.00,"22,700.00"
2019-10-23,2019102301002786,EIC,37,49,200,227.00,"45,400.00"
2019-10-23,2019102301002680,FOWAD,42,47,30,"1,292.00","38,760.00"
2019-10-23,2019102301002679,FOWAD,52,47,10,"1,294.00","12,940.00"
2019-10-23,2019102301002656,FOWAD,36,33,49,"1,294.00","63,406.00"
2019-10-23,2019102301002920,GBBL,57,39,200,216.00,"43,200.00"
2019-10-23,2019102301002919,GBBL,57,39,300,216.00,"64,800.00"
2019-10-23,2019102301003116,GLBSL,41,36,10,411.00,"4,110.00"
2019-10-23,2019102301002839,GLBSL,41,44,10,417.00,"4,170.00"
2019-10-23,2019102301003033,GLICL,41,36,99,353.00,"34,947.00"
2019-10-23,2019102301003032,GLICL,50,36,500,353.00,"176,500.00"
2019-10-23,2019102301002851,GLICL,42,36,50,359.00,"17,950.00"
2019-10-23,2019102301002999,GMFBS,43,33,40,453.00,"18,120.00"
2019-10-23,2019102301002951,HDL,58,39,175,"1,451.00","253,925.00"
2019-10-23,2019102301002950,HDL,19,39,50,"1,455.00","72,750.00"
2019-10-23,2019102301002711,HDL,39,21,500,"1,450.00","725,000.00"
2019-10-23,2019102301002710,HDL,35,21,10,"1,450.00","14,500.00"
2019-10-23,2019102301002975,HIDCL,49,25,100,138.00,"13,800.00"
2019-10-23,2019102301002974,HIDCL,49,14,220,138.00,"30,360.00"
2019-10-23,2019102301002697,HPPL,45,21,10,146.00,"1,460.00"
2019-10-23,2019102301002696,HPPL,45,21,10,146.00,"1,460.00"
2019-10-23,2019102301002695,HPPL,45,21,20,146.00,"2,920.00"
2019-10-23,2019102301002677,HURJA,37,58,20,102.00,"2,040.00"
2019-10-23,2019102301003047,ILBS,36,11,10,415.00,"4,150.00"
2019-10-23,2019102301003034,ILBS,36,11,10,415.00,"4,150.00"
2019-10-23,2019102301003000,ILBS,55,11,10,416.00,"4,160.00"
2019-10-23,2019102301002993,ILBS,55,11,10,416.00,"4,160.00"
2019-10-23,2019102301002972,ILBS,55,11,10,416.00,"4,160.00"
2019-10-23,2019102301002691,ILBS,55,6,10,414.00,"4,140.00"
2019-10-23,2019102301003141,JBBL,38,18,142,160.00,"22,720.00"
2019-10-23,2019102301002811,JBBL,29,18,100,160.00,"16,000.00"
2019-10-23,2019102301002701,JBBL,38,29,208,159.00,"33,072.00"
2019-10-23,2019102301002989,JFL,3,32,127,193.00,"24,511.00"
2019-10-23,2019102301002970,JFL,34,32,73,193.00,"14,089.00"
2019-10-23,2019102301002969,JFL,34,40,27,193.00,"5,211.00"
2019-10-23,2019102301002764,JFL,17,40,200,193.00,"38,600.00"
2019-10-23,2019102301003063,KBL,55,42,200,185.00,"37,000.00"
2019-10-23,2019102301002810,KBL,25,53,225,184.00,"41,400.00"
2019-10-23,2019102301002809,KBL,19,53,213,184.00,"39,192.00"
2019-10-23,2019102301002753,KBL,19,8,200,184.00,"36,800.00"
2019-10-23,2019102301002916,LBBL,6,6,215,172.00,"36,980.00"
2019-10-23,2019102301002915,LBBL,41,6,500,172.00,"86,000.00"
2019-10-23,2019102301002914,LBBL,6,6,500,172.00,"86,000.00"
2019-10-23,2019102301002913,LBBL,17,6,50,172.00,"8,600.00"
2019-10-23,2019102301002912,LBBL,42,6,220,172.00,"37,840.00"
2019-10-23,2019102301002911,LBBL,57,6,84,172.00,"14,448.00"
2019-10-23,2019102301002888,LBBL,35,8,100,173.00,"17,300.00"
2019-10-23,2019102301003091,LBL,49,4,"1,000",217.00,"217,000.00"
2019-10-23,2019102301002991,LBL,46,19,40,216.00,"8,640.00"
2019-10-23,2019102301002990,LBL,45,19,460,216.00,"99,360.00"
2019-10-23,2019102301002889,LGIL,36,43,100,311.00,"31,100.00"
2019-10-23,2019102301002681,LICN,6,59,100,980.00,"98,000.00"
2019-10-23,2019102301003149,LLBS,18,41,10,668.00,"6,680.00"
2019-10-23,2019102301003053,LLBS,6,33,67,660.00,"44,220.00"
2019-10-23,2019102301003052,LLBS,10,33,17,660.00,"11,220.00"
2019-10-23,2019102301003051,LLBS,29,33,16,660.00,"10,560.00"
2019-10-23,2019102301002983,LLBS,18,41,10,668.00,"6,680.00"
2019-10-23,2019102301003031,MBL,38,33,110,226.00,"24,860.00"
2019-10-23,2019102301003030,MBL,38,17,250,226.00,"56,500.00"
2019-10-23,2019102301002897,MBL,55,17,200,226.00,"45,200.00"
2019-10-23,2019102301002688,MDB,33,28,400,247.00,"98,800.00"
2019-10-23,2019102301002687,MDB,45,28,26,247.00,"6,422.00"
2019-10-23,2019102301003111,MEGA,21,33,500,198.00,"99,000.00"
2019-10-23,2019102301002761,MEGA,1,19,118,197.00,"23,246.00"
2019-10-23,2019102301002747,MEGA,52,58,520,198.00,"102,960.00"
2019-10-23,2019102301002703,MEGA,6,58,50,198.00,"9,900.00"
2019-10-23,2019102301002777,MEGA,52,52,104,198.00,"20,592.00"
2019-10-23,2019102301002776,MEGA,52,52,104,198.00,"20,592.00"
2019-10-23,2019102301002775,MEGA,52,52,104,198.00,"20,592.00"
2019-10-23,2019102301002774,MEGA,52,58,430,198.00,"85,140.00"
2019-10-23,2019102301002762,MEGA,11,19,177,197.00,"34,869.00"
2019-10-23,2019102301002807,MEGA,52,39,50,198.00,"9,900.00"
2019-10-23,2019102301002796,MEGA,52,52,104,198.00,"20,592.00"
2019-10-23,2019102301002787,MEGA,52,52,104,198.00,"20,592.00"
2019-10-23,2019102301002820,MEGA,11,39,250,197.00,"49,250.00"
2019-10-23,2019102301002924,MEGA,55,50,200,199.00,"39,800.00"
2019-10-23,2019102301002966,MERO,5,49,100,559.00,"55,900.00"
2019-10-23,2019102301002858,MHNL,59,28,40,79.00,"3,160.00"
2019-10-23,2019102301002857,MHNL,59,28,40,79.00,"3,160.00"
2019-10-23,2019102301002856,MHNL,59,28,40,79.00,"3,160.00"
2019-10-23,2019102301002934,MLBL,45,1,36,213.00,"7,668.00"
2019-10-23,2019102301002933,MLBL,17,1,61,213.00,"12,993.00"
2019-10-23,2019102301003027,MNBBL,55,6,200,311.00,"62,200.00"
2019-10-23,2019102301002932,MNBBL,49,41,80,310.00,"24,800.00"
2019-10-23,2019102301003093,NABIL,25,57,62,762.00,"47,244.00"
2019-10-23,2019102301003046,NABIL,29,57,30,762.00,"22,860.00"
2019-10-23,2019102301002968,NABIL,11,57,10,762.00,"7,620.00"
2019-10-23,2019102301002901,NABIL,49,57,10,762.00,"7,620.00"
2019-10-23,2019102301002788,NABIL,37,6,20,761.00,"15,220.00"
2019-10-23,2019102301002729,NABIL,45,6,50,761.00,"38,050.00"
2019-10-23,2019102301002668,NABIL,17,6,90,761.00,"68,490.00"
2019-10-23,2019102301003122,NADEP,36,28,50,401.00,"20,050.00"
2019-10-23,2019102301003140,NBB,56,45,100,211.00,"21,100.00"
2019-10-23,2019102301003023,NBB,32,17,19,212.00,"4,028.00"
2019-10-23,2019102301002944,NBB,32,6,"1,781",211.00,"375,791.00"
2019-10-23,2019102301002816,NBB,52,48,490,211.00,"103,390.00"
2019-10-23,2019102301002815,NBB,7,48,100,211.00,"21,100.00"
2019-10-23,2019102301002814,NBB,56,48,300,211.00,"63,300.00"
2019-10-23,2019102301002813,NBB,35,48,100,211.00,"21,100.00"
2019-10-23,2019102301002812,NBB,41,48,10,211.00,"2,110.00"
2019-10-23,2019102301003003,NBL,58,22,"1,400",318.00,"445,200.00"
2019-10-23,2019102301002978,NBL,58,43,595,318.00,"189,210.00"
2019-10-23,2019102301002977,NBL,33,43,105,318.00,"33,390.00"
2019-10-23,2019102301002965,NBL,33,47,295,318.00,"93,810.00"
2019-10-23,2019102301002905,NBL,33,48,600,318.00,"190,800.00"
2019-10-23,2019102301002904,NBL,17,48,700,318.00,"222,600.00"
2019-10-23,2019102301002724,NBL,1,10,200,319.00,"63,800.00"
2019-10-23,2019102301002657,NBL,17,47,200,318.00,"63,600.00"
2019-10-23,2019102301002879,NCCB,58,47,"1,300",201.00,"261,300.00"
2019-10-23,2019102301002825,NCCB,58,52,"1,972",200.00,"394,400.00"
2019-10-23,2019102301002824,NCCB,13,52,28,200.00,"5,600.00"
2019-10-23,2019102301002715,NCCB,58,10,"1,158",201.00,"232,758.00"
2019-10-23,2019102301002714,NCCB,58,25,952,201.00,"191,352.00"
2019-10-23,2019102301002675,NCCB,13,57,22,200.00,"4,400.00"
2019-10-23,2019102301002674,NCCB,57,57,300,200.00,"60,000.00"
2019-10-23,2019102301002673,NCCB,49,57,178,200.00,"35,600.00"
2019-10-23,2019102301002730,NGPL,1,19,22,98.00,"2,156.00"
2019-10-23,2019102301003006,NHPC,47,56,100,54.00,"5,400.00"
2019-10-23,2019102301003005,NHPC,47,39,900,54.00,"48,600.00"
2019-10-23,2019102301002995,NHPC,56,56,10,55.00,550.00
2019-10-23,2019102301002737,NHPC,32,39,100,56.00,"5,600.00"
2019-10-23,2019102301002736,NHPC,32,7,"2,000",55.00,"110,000.00"
2019-10-23,2019102301002735,NHPC,32,14,400,55.00,"22,000.00"
2019-10-23,2019102301003045,NIB,44,39,100,442.00,"44,200.00"
2019-10-23,2019102301003044,NIB,34,39,50,442.00,"22,100.00"
2019-10-23,2019102301003043,NIB,44,39,806,442.00,"356,252.00"
2019-10-23,2019102301002997,NIB,14,39,715,443.00,"316,745.00"
2019-10-23,2019102301002823,NIB,33,39,175,443.00,"77,525.00"
2019-10-23,2019102301002822,NIB,11,39,10,443.00,"4,430.00"
2019-10-23,2019102301002821,NIB,26,39,100,443.00,"44,300.00"
2019-10-23,2019102301002794,NIBPO,6,49,345,408.00,"140,760.00"
2019-10-23,2019102301002793,NIBPO,6,49,455,408.00,"185,640.00"
2019-10-23,2019102301002671,NIBPO,42,49,200,408.00,"81,600.00"
2019-10-23,2019102301002986,NIBSF1,19,25,"3,500",8.94,"31,290.00"
2019-10-23,2019102301002666,NIBSF1,19,26,"1,000",8.77,"8,770.00"
2019-10-23,2019102301003083,NICA,45,22,50,398.00,"19,900.00"
2019-10-23,2019102301003004,NICA,45,16,100,398.00,"39,800.00"
2019-10-23,2019102301002941,NICA,45,22,74,399.00,"29,526.00"
2019-10-23,2019102301002940,NICA,45,50,100,399.00,"39,900.00"
2019-10-23,2019102301002939,NICA,45,25,100,399.00,"39,900.00"
2019-10-23,2019102301002938,NICA,45,44,100,399.00,"39,900.00"
2019-10-23,2019102301002874,NICA,45,17,10,398.00,"3,980.00"
2019-10-23,2019102301002792,NICA,28,22,65,399.00,"25,935.00"
2019-10-23,2019102301002763,NICA,28,55,500,399.00,"199,500.00"
2019-10-23,2019102301002705,NICA,28,55,435,399.00,"173,565.00"
2019-10-23,2019102301002686,NICA,38,55,500,399.00,"199,500.00"
2019-10-23,2019102301003019,NICL,25,11,10,267.00,"2,670.00"
2019-10-23,2019102301002959,NLBBL,11,1,25,505.00,"12,625.00"
2019-10-23,2019102301003129,NLIC,19,28,150,796.00,"119,400.00"
2019-10-23,2019102301003026,NLIC,54,35,39,793.00,"30,927.00"
2019-10-23,2019102301003025,NLIC,42,35,11,795.00,"8,745.00"
2019-10-23,2019102301002998,NLIC,16,54,157,797.00,"125,129.00"
2019-10-23,2019102301002958,NLIC,42,57,15,795.00,"11,925.00"
2019-10-23,2019102301002935,NLIC,42,53,200,795.00,"159,000.00"
2019-10-23,2019102301002853,NLIC,42,44,149,795.00,"118,455.00"
2019-10-23,2019102301002838,NLIC,42,53,125,795.00,"99,375.00"
2019-10-23,2019102301002757,NLIC,4,19,150,798.00,"119,700.00"
2019-10-23,2019102301002725,NLIC,19,19,30,798.00,"23,940.00"
2019-10-23,2019102301003117,NLICL,25,59,10,455.00,"4,550.00"
2019-10-23,2019102301003089,NLICL,6,8,26,450.00,"11,700.00"
2019-10-23,2019102301002957,NLICL,1,35,50,450.00,"22,500.00"
2019-10-23,2019102301002956,NLICL,41,35,25,451.00,"11,275.00"
2019-10-23,2019102301002955,NLICL,29,35,293,452.00,"132,436.00"
2019-10-23,2019102301002892,NLICL,29,37,207,452.00,"93,564.00"
2019-10-23,2019102301002868,NLICL,4,37,608,453.00,"275,424.00"
2019-10-23,2019102301003153,NMBMF,7,13,100,"1,105.00","110,500.00"
2019-10-23,2019102301003138,NMBMF,7,13,20,"1,105.00","22,100.00"
2019-10-23,2019102301003137,NMBMF,7,34,10,"1,104.00","11,040.00"
2019-10-23,2019102301003115,NMBMF,50,13,10,"1,105.00","11,050.00"
2019-10-23,2019102301002967,NMBMF,7,19,27,"1,100.00","29,700.00"
2019-10-23,2019102301002962,NMBMF,59,19,13,"1,100.00","14,300.00"
2019-10-23,2019102301002698,NMBMF,28,18,50,"1,100.00","55,000.00"
2019-10-23,2019102301002685,NMBMF,32,13,86,"1,098.00","94,428.00"
2019-10-23,2019102301002684,NMBMF,21,13,20,"1,098.00","21,960.00"
2019-10-23,2019102301002683,NMBMF,54,13,41,"1,098.00","45,018.00"
2019-10-23,2019102301002667,NMBMF,41,17,213,"1,099.00","234,087.00"
2019-10-23,2019102301002771,NMBMF,11,58,10,"1,100.00","11,000.00"
2019-10-23,2019102301002758,NMBMF,58,49,10,"1,099.00","10,990.00"
2019-10-23,2019102301002727,NMBMF,17,58,50,"1,100.00","55,000.00"
2019-10-23,2019102301002719,NMBMF,28,58,23,"1,100.00","25,300.00"
2019-10-23,2019102301002700,NMBMF,28,43,200,"1,100.00","220,000.00"
2019-10-23,2019102301002699,NMBMF,28,19,50,"1,100.00","55,000.00"
2019-10-23,2019102301002890,NMBMF,38,38,1,"1,100.00","1,100.00"
2019-10-23,2019102301002875,NMBMF,38,38,1,"1,100.00","1,100.00"
2019-10-23,2019102301002799,NMBMF,57,19,33,"1,100.00","36,300.00"
2019-10-23,2019102301002798,NMBMF,57,36,67,"1,100.00","73,700.00"
2019-10-23,2019102301002780,NMBMF,49,36,83,"1,100.00","91,300.00"
2019-10-23,2019102301002779,NMBMF,49,58,17,"1,100.00","18,700.00"
2019-10-23,2019102301002961,NMBMF,59,19,17,"1,100.00","18,700.00"
2019-10-23,2019102301002954,NMBMF,38,38,1,"1,100.00","1,100.00"
2019-10-23,2019102301002945,NMBMF,38,38,1,"1,100.00","1,100.00"
2019-10-23,2019102301002917,NMBMF,38,38,1,"1,100.00","1,100.00"
2019-10-23,2019102301002902,NMBMF,38,38,1,"1,100.00","1,100.00"
2019-10-23,2019102301002899,NMBMF,38,38,1,"1,100.00","1,100.00"
2019-10-23,2019102301003148,NMFBS,33,53,100,"1,720.00","172,000.00"
2019-10-23,2019102301003147,NMFBS,33,52,30,"1,705.00","51,150.00"
2019-10-23,2019102301003128,NSEWA,14,51,40,388.00,"15,520.00"
2019-10-23,2019102301003127,NSEWA,14,45,30,385.00,"11,550.00"
2019-10-23,2019102301003049,NSEWA,42,54,10,382.00,"3,820.00"
2019-10-23,2019102301002692,NTC,21,59,500,620.00,"310,000.00"
2019-10-23,2019102301002803,OHL,34,34,10,465.00,"4,650.00"
2019-10-23,2019102301002802,OHL,34,36,15,457.00,"6,855.00"
2019-10-23,2019102301002801,OHL,34,39,40,457.00,"18,280.00"
2019-10-23,2019102301003139,PCBL,35,53,78,265.00,"20,670.00"
2019-10-23,2019102301003118,PCBL,51,53,500,265.00,"132,500.00"
2019-10-23,2019102301003073,PCBL,57,53,50,265.00,"13,250.00"
2019-10-23,2019102301003040,PCBL,13,53,"1,000",265.00,"265,000.00"
2019-10-23,2019102301003039,PCBL,14,53,150,265.00,"39,750.00"
2019-10-23,2019102301003038,PCBL,55,53,32,265.00,"8,480.00"
2019-10-23,2019102301002860,PCBL,45,53,220,266.00,"58,520.00"
2019-10-23,2019102301002859,PCBL,45,53,780,266.00,"207,480.00"
2019-10-23,2019102301002845,PCBL,11,53,100,266.00,"26,600.00"
2019-10-23,2019102301002759,PCBL,52,53,50,266.00,"13,300.00"
2019-10-23,2019102301003037,PCBL,33,53,400,265.00,"106,000.00"
2019-10-23,2019102301003036,PCBL,42,53,200,265.00,"53,000.00"
2019-10-23,2019102301003035,PCBL,26,53,90,265.00,"23,850.00"
2019-10-23,2019102301002996,PCBL,35,53,200,266.00,"53,200.00"
2019-10-23,2019102301002973,PCBL,16,16,8,266.00,"2,128.00"
2019-10-23,2019102301002963,PCBL,16,16,2,266.00,532.00
2019-10-23,2019102301002831,PFL,17,52,89,134.00,"11,926.00"
2019-10-23,2019102301002655,PIC,6,41,184,365.00,"67,160.00"
2019-10-23,2019102301002878,PLIC,29,45,10,320.00,"3,200.00"
2019-10-23,2019102301002877,PLIC,29,47,90,320.00,"28,800.00"
2019-10-23,2019102301002948,PPCL,42,3,110,92.00,"10,120.00"
2019-10-23,2019102301002947,PPCL,34,3,70,92.00,"6,440.00"
2019-10-23,2019102301002946,PPCL,17,3,60,93.00,"5,580.00"
2019-10-23,2019102301003059,PRIN,16,35,433,307.00,"132,931.00"
2019-10-23,2019102301003058,PRIN,1,35,77,308.00,"23,716.00"
2019-10-23,2019102301003057,PRIN,6,35,160,309.00,"49,440.00"
2019-10-23,2019102301003056,PRIN,37,35,420,310.00,"130,200.00"
2019-10-23,2019102301003055,PRIN,13,35,20,311.00,"6,220.00"
2019-10-23,2019102301002847,PRIN,37,47,170,315.00,"53,550.00"
2019-10-23,2019102301002836,PRIN,37,25,200,313.00,"62,600.00"
2019-10-23,2019102301002835,PRIN,37,47,130,312.00,"40,560.00"
2019-10-23,2019102301002670,PROFL,25,55,90,96.00,"8,640.00"
2019-10-23,2019102301003146,PRVU,6,35,397,263.00,"104,411.00"
2019-10-23,2019102301003119,PRVU,34,34,446,264.00,"117,744.00"
2019-10-23,2019102301003109,PRVU,42,34,100,264.00,"26,400.00"
2019-10-23,2019102301003108,PRVU,57,34,30,264.00,"7,920.00"
2019-10-23,2019102301003107,PRVU,39,34,142,264.00,"37,488.00"
2019-10-23,2019102301003106,PRVU,33,34,"2,000",264.00,"528,000.00"
2019-10-23,2019102301002721,PRVU,1,34,100,264.00,"26,400.00"
2019-10-23,2019102301002720,PRVU,42,34,400,264.00,"105,600.00"
2019-10-23,2019102301002693,PRVU,58,34,800,265.00,"212,000.00"
2019-10-23,2019102301002772,PRVU,11,34,500,264.00,"132,000.00"
2019-10-23,2019102301002734,PRVU,34,34,450,264.00,"118,800.00"
2019-10-23,2019102301002728,PRVU,34,34,500,264.00,"132,000.00"
2019-10-23,2019102301002726,PRVU,14,34,300,264.00,"79,200.00"
2019-10-23,2019102301002723,PRVU,7,34,100,264.00,"26,400.00"
2019-10-23,2019102301002722,PRVU,26,34,150,264.00,"39,600.00"
2019-10-23,2019102301002862,PRVU,57,34,20,264.00,"5,280.00"
2019-10-23,2019102301002855,PRVU,37,34,962,264.00,"253,968.00"
2019-10-23,2019102301002804,PRVU,29,34,500,264.00,"132,000.00"
2019-10-23,2019102301003105,PRVU,22,34,"1,000",264.00,"264,000.00"
2019-10-23,2019102301003104,PRVU,25,34,300,264.00,"79,200.00"
2019-10-23,2019102301003103,PRVU,32,34,500,264.00,"132,000.00"
2019-10-23,2019102301003102,PRVU,19,34,482,264.00,"127,248.00"
2019-10-23,2019102301002994,PRVU,38,34,50,265.00,"13,250.00"
2019-10-23,2019102301002869,PRVU,19,34,18,264.00,"4,752.00"
2019-10-23,2019102301002900,RHPC,3,36,415,79.00,"32,785.00"
2019-10-23,2019102301002808,RHPC,58,36,388,79.00,"30,652.00"
2019-10-23,2019102301003151,RHPL,25,36,40,174.00,"6,960.00"
2019-10-23,2019102301003150,RHPL,19,49,55,175.00,"9,625.00"
2019-10-23,2019102301003096,RHPL,57,49,20,175.00,"3,500.00"
2019-10-23,2019102301003024,RHPL,45,34,200,175.00,"35,000.00"
2019-10-23,2019102301002952,RHPL,45,16,40,175.00,"7,000.00"
2019-10-23,2019102301002929,RHPL,25,47,40,174.00,"6,960.00"
2019-10-23,2019102301002672,RHPL,32,11,40,175.00,"7,000.00"
2019-10-23,2019102301002669,RHPL,32,11,40,175.00,"7,000.00"
2019-10-23,2019102301002665,RHPL,32,11,40,175.00,"7,000.00"
2019-10-23,2019102301002661,RHPL,32,11,40,175.00,"7,000.00"
2019-10-23,2019102301002654,RHPL,32,11,40,175.00,"7,000.00"
2019-10-23,2019102301002707,RHPL,32,11,20,175.00,"3,500.00"
2019-10-23,2019102301002704,RHPL,32,11,40,175.00,"7,000.00"
2019-10-23,2019102301002694,RHPL,32,11,40,175.00,"7,000.00"
2019-10-23,2019102301002689,RHPL,32,11,40,175.00,"7,000.00"
2019-10-23,2019102301002682,RHPL,32,11,40,175.00,"7,000.00"
2019-10-23,2019102301002678,RHPL,32,11,40,175.00,"7,000.00"
2019-10-23,2019102301002756,RHPL,42,6,240,175.00,"42,000.00"
2019-10-23,2019102301002755,RHPL,19,6,280,175.00,"49,000.00"
2019-10-23,2019102301002754,RHPL,25,6,"1,000",175.00,"175,000.00"
2019-10-23,2019102301002716,RHPL,19,16,200,175.00,"35,000.00"
2019-10-23,2019102301002712,RHPL,26,26,10,176.00,"1,760.00"
2019-10-23,2019102301002708,RHPL,19,11,20,175.00,"3,500.00"
2019-10-23,2019102301002928,RHPL,34,47,40,174.00,"6,960.00"
2019-10-23,2019102301002903,RHPL,34,34,10,176.00,"1,760.00"
2019-10-23,2019102301002896,RHPL,34,16,40,175.00,"7,000.00"
2019-10-23,2019102301002895,RHPL,34,16,40,175.00,"7,000.00"
2019-10-23,2019102301002837,RHPL,34,34,200,174.00,"34,800.00"
2019-10-23,2019102301002830,RHPL,34,54,10,174.00,"1,740.00"
2019-10-23,2019102301002908,RMDC,44,17,10,610.00,"6,100.00"
2019-10-23,2019102301002852,RMDC,14,28,152,600.00,"91,200.00"
2019-10-23,2019102301002849,RMDC,47,28,100,600.00,"60,000.00"
2019-10-23,2019102301002773,RMDC,28,28,100,600.00,"60,000.00"
2019-10-23,2019102301002768,RMDC,34,28,100,600.00,"60,000.00"
2019-10-23,2019102301002767,RMDC,22,28,50,600.00,"30,000.00"
2019-10-23,2019102301002766,RMDC,45,28,53,600.00,"31,800.00"
2019-10-23,2019102301002765,RMDC,35,28,30,601.00,"18,030.00"
2019-10-23,2019102301002992,RSDC,33,37,10,330.00,"3,300.00"
2019-10-23,2019102301002971,RSDC,33,47,50,326.00,"16,300.00"
2019-10-23,2019102301002937,RSDC,33,7,110,325.00,"35,750.00"
2019-10-23,2019102301002936,RSDC,33,53,43,325.00,"13,975.00"
2019-10-23,2019102301002739,RSDC,1,49,63,322.00,"20,286.00"
2019-10-23,2019102301003145,SABSL,57,37,370,447.00,"165,390.00"
2019-10-23,2019102301003144,SABSL,10,37,100,447.00,"44,700.00"
2019-10-23,2019102301003143,SABSL,25,37,10,448.00,"4,480.00"
2019-10-23,2019102301003142,SABSL,42,37,20,449.00,"8,980.00"
2019-10-23,2019102301003074,SABSL,25,11,10,448.00,"4,480.00"
2019-10-23,2019102301002918,SANIMA,19,58,200,312.00,"62,400.00"
2019-10-23,2019102301002842,SAPDBL,45,44,38,123.00,"4,674.00"
2019-10-23,2019102301002841,SAPDBL,45,43,31,122.00,"3,782.00"
2019-10-23,2019102301002840,SAPDBL,45,43,31,122.00,"3,782.00"
2019-10-23,2019102301002880,SBI,36,57,100,404.00,"40,400.00"
2019-10-23,2019102301002873,SBI,36,50,80,404.00,"32,320.00"
2019-10-23,2019102301002872,SBI,11,50,20,404.00,"8,080.00"
2019-10-23,2019102301003121,SBL,11,26,122,294.00,"35,868.00"
2019-10-23,2019102301003120,SBL,11,28,500,294.00,"147,000.00"
2019-10-23,2019102301003064,SBL,11,33,100,293.00,"29,300.00"
2019-10-23,2019102301003029,SBL,57,26,50,294.00,"14,700.00"
2019-10-23,2019102301002931,SBL,11,36,108,293.00,"31,644.00"
2019-10-23,2019102301002930,SBL,11,34,170,293.00,"49,810.00"
2019-10-23,2019102301002806,SBL,6,22,20,293.00,"5,860.00"
2019-10-23,2019102301002733,SBL,53,22,80,293.00,"23,440.00"
2019-10-23,2019102301002732,SBL,53,45,20,293.00,"5,860.00"
2019-10-23,2019102301002731,SBL,53,52,500,293.00,"146,500.00"
2019-10-23,2019102301002927,SBL,53,13,30,292.00,"8,760.00"
2019-10-23,2019102301002926,SBL,4,13,100,292.00,"29,200.00"
2019-10-23,2019102301002925,SBL,21,13,70,292.00,"20,440.00"
2019-10-23,2019102301002910,SBL,29,34,30,293.00,"8,790.00"
2019-10-23,2019102301002909,SBL,29,57,70,293.00,"20,510.00"
2019-10-23,2019102301002846,SBL,6,57,180,293.00,"52,740.00"
2019-10-23,2019102301003095,SCB,39,47,10,567.00,"5,670.00"
2019-10-23,2019102301003094,SCB,39,11,202,566.00,"114,332.00"
2019-10-23,2019102301003082,SCB,39,11,532,566.00,"301,112.00"
2019-10-23,2019102301003081,SCB,39,18,406,565.00,"229,390.00"
2019-10-23,2019102301003080,SCB,39,7,300,564.00,"169,200.00"
2019-10-23,2019102301002987,SCB,1,38,200,560.00,"112,000.00"
2019-10-23,2019102301002907,SCB,49,35,10,555.00,"5,550.00"
2019-10-23,2019102301002906,SCB,19,35,200,556.00,"111,200.00"
2019-10-23,2019102301002690,SCB,49,39,200,555.00,"111,000.00"
2019-10-23,2019102301002663,SCB,17,35,17,554.00,"9,418.00"
2019-10-23,2019102301003079,SCB,39,22,100,563.00,"56,300.00"
2019-10-23,2019102301003078,SCB,39,47,500,563.00,"281,500.00"
2019-10-23,2019102301003077,SCB,39,45,50,562.00,"28,100.00"
2019-10-23,2019102301003076,SCB,39,33,20,562.00,"11,240.00"
2019-10-23,2019102301003075,SCB,39,44,92,561.00,"51,612.00"
2019-10-23,2019102301002988,SCB,1,38,100,560.00,"56,000.00"
2019-10-23,2019102301002662,SDESI,36,33,60,615.00,"36,900.00"
2019-10-23,2019102301003152,SHIVM,48,45,10,489.00,"4,890.00"
2019-10-23,2019102301003126,SHIVM,58,58,150,485.00,"72,750.00"
2019-10-23,2019102301003125,SHIVM,48,58,100,485.00,"48,500.00"
2019-10-23,2019102301003124,SHIVM,49,58,110,485.00,"53,350.00"
2019-10-23,2019102301003123,SHIVM,54,58,140,485.00,"67,900.00"
2019-10-23,2019102301003101,SHIVM,54,37,60,485.00,"29,100.00"
2019-10-23,2019102301002854,SHIVM,45,57,100,487.00,"48,700.00"
2019-10-23,2019102301002791,SHIVM,34,28,500,489.00,"244,500.00"
2019-10-23,2019102301002790,SHIVM,34,45,200,488.00,"97,600.00"
2019-10-23,2019102301002985,SHIVM,34,37,260,486.00,"126,360.00"
2019-10-23,2019102301002984,SHIVM,36,37,100,487.00,"48,700.00"
2019-10-23,2019102301003022,SHL,42,58,"1,000",207.00,"207,000.00"
2019-10-23,2019102301002784,SHL,42,56,100,207.00,"20,700.00"
2019-10-23,2019102301002783,SHL,25,56,100,207.00,"20,700.00"
2019-10-23,2019102301002782,SHL,56,56,"1,000",207.00,"207,000.00"
2019-10-23,2019102301002781,SHL,6,56,"1,000",207.00,"207,000.00"
2019-10-23,2019102301002709,SHL,14,21,200,208.00,"41,600.00"
2019-10-23,2019102301003062,SIC,44,25,162,467.00,"75,654.00"
2019-10-23,2019102301003061,SIC,13,25,100,468.00,"46,800.00"
2019-10-23,2019102301003060,SIC,6,25,238,470.00,"111,860.00"
2019-10-23,2019102301002894,SIC,6,6,262,470.00,"123,140.00"
2019-10-23,2019102301002893,SIC,25,6,110,470.00,"51,700.00"
2019-10-23,2019102301002769,SICL,58,37,101,735.00,"74,235.00"
2019-10-23,2019102301002871,SIL,25,22,10,388.00,"3,880.00"
2019-10-23,2019102301002870,SIL,25,33,30,382.00,"11,460.00"
2019-10-23,2019102301003100,SJCL,34,26,20,176.00,"3,520.00"
2019-10-23,2019102301003088,SJCL,52,16,20,175.00,"3,500.00"
2019-10-23,2019102301003087,SJCL,52,16,20,175.00,"3,500.00"
2019-10-23,2019102301003086,SJCL,52,16,20,175.00,"3,500.00"
2019-10-23,2019102301002960,SJCL,25,11,10,174.00,"1,740.00"
2019-10-23,2019102301002760,SJCL,34,11,20,174.00,"3,480.00"
2019-10-23,2019102301002740,SJCL,32,35,500,175.00,"87,500.00"
2019-10-23,2019102301002770,SJCL,34,11,20,174.00,"3,480.00"
2019-10-23,2019102301002817,SJCL,1,11,20,174.00,"3,480.00"
2019-10-23,2019102301002805,SJCL,1,11,20,174.00,"3,480.00"
2019-10-23,2019102301002778,SJCL,34,11,20,174.00,"3,480.00"
2019-10-23,2019102301002844,SJCL,25,54,10,174.00,"1,740.00"
2019-10-23,2019102301002843,SJCL,25,11,20,174.00,"3,480.00"
2019-10-23,2019102301002834,SJCL,25,11,20,174.00,"3,480.00"
2019-10-23,2019102301002819,SJCL,25,34,40,174.00,"6,960.00"
2019-10-23,2019102301002818,SJCL,1,34,160,174.00,"27,840.00"
2019-10-23,2019102301002953,SJCL,25,11,20,174.00,"3,480.00"
2019-10-23,2019102301002943,SJCL,25,11,20,174.00,"3,480.00"
2019-10-23,2019102301002922,SJCL,25,11,20,174.00,"3,480.00"
2019-10-23,2019102301002861,SJCL,25,11,20,174.00,"3,480.00"
2019-10-23,2019102301002850,SJCL,25,11,20,174.00,"3,480.00"
2019-10-23,2019102301003067,SKBBL,22,7,27,925.00,"24,975.00"
2019-10-23,2019102301002982,SKBBL,6,57,463,920.00,"425,960.00"
2019-10-23,2019102301002981,SKBBL,39,57,27,921.00,"24,867.00"
2019-10-23,2019102301002980,SKBBL,22,57,10,921.00,"9,210.00"
2019-10-23,2019102301002979,SLBBL,29,59,70,541.00,"37,870.00"
2019-10-23,2019102301002887,SLBBL,34,37,180,540.00,"97,200.00"
2019-10-23,2019102301002964,SMATA,29,5,50,520.00,"26,000.00"
2019-10-23,2019102301003028,TMDBL,52,59,30,149.00,"4,470.00"
2019-10-23,2019102301002746,TMDBL,34,21,300,147.00,"44,100.00"
2019-10-23,2019102301002745,TMDBL,40,21,500,147.00,"73,500.00"
2019-10-23,2019102301002744,TMDBL,56,21,500,148.00,"74,000.00"
2019-10-23,2019102301002738,TMDBL,39,59,"1,033",149.00,"153,917.00"
2019-10-23,2019102301003112,TRH,32,33,10,280.00,"2,800.00"
2019-10-23,2019102301002886,TRH,10,36,645,275.00,"177,375.00"
2019-10-23,2019102301002885,TRH,32,36,500,275.00,"137,500.00"
2019-10-23,2019102301002884,TRH,43,36,50,275.00,"13,750.00"
2019-10-23,2019102301002883,TRH,43,36,50,276.00,"13,800.00"
2019-10-23,2019102301002882,TRH,13,36,20,278.00,"5,560.00"
2019-10-23,2019102301002881,TRH,55,36,50,278.00,"13,900.00"
2019-10-23,2019102301002660,TRH,58,36,200,280.00,"56,000.00"
2019-10-23,2019102301002659,TRH,57,36,370,281.00,"103,970.00"
2019-10-23,2019102301003002,UIC,34,57,100,252.00,"25,200.00"
2019-10-23,2019102301003001,UIC,53,57,30,252.00,"7,560.00"
2019-10-23,2019102301002676,UPCL,25,28,50,78.00,"3,900.00"
2019-10-23,2019102301003097,UPPER,6,33,140,239.00,"33,460.00"
2019-10-23,2019102301003085,UPPER,33,25,60,238.00,"14,280.00"
2019-10-23,2019102301003066,UPPER,33,3,50,238.00,"11,900.00"
2019-10-23,2019102301002949,UPPER,33,47,50,238.00,"11,900.00"
2019-10-23,2019102301002829,UPPER,33,55,340,238.00,"80,920.00"
2019-10-23,2019102301002828,UPPER,44,55,100,238.00,"23,800.00"
2019-10-23,2019102301002827,UPPER,14,55,500,238.00,"119,000.00"
2019-10-23,2019102301002826,UPPER,45,55,60,238.00,"14,280.00"
2019-10-23,2019102301002800,UPPER,50,33,240,239.00,"57,360.00"
2019-10-23,2019102301002863,VLBS,45,58,50,568.00,"28,400.00"
2019-10-23,2019102301002867,VLBS,45,37,50,572.00,"28,600.00"
2019-10-23,2019102301002866,VLBS,45,39,98,571.00,"55,958.00"
2019-10-23,2019102301002865,VLBS,45,17,20,570.00,"11,400.00"
2019-10-23,2019102301002864,VLBS,45,41,50,569.00,"28,450.00"
2019-10-23,2019102301002444,ADBL,38,57,100,414.00,"41,400.00"
2019-10-23,2019102301002406,ADBL,52,19,118,413.00,"48,734.00"
2019-10-23,2019102301002405,ADBL,6,19,14,413.00,"5,782.00"
2019-10-23,2019102301002401,ADBL,6,28,92,413.00,"37,996.00"
2019-10-23,2019102301002264,ADBL,6,22,111,413.00,"45,843.00"
2019-10-23,2019102301002263,ADBL,6,7,83,413.00,"34,279.00"
2019-10-23,2019102301002259,ADBL,19,57,33,412.00,"13,596.00"
2019-10-23,2019102301002258,ADBL,52,57,23,412.00,"9,476.00"
2019-10-23,2019102301002233,ADBL,52,45,177,412.00,"72,924.00"
2019-10-23,2019102301002232,ADBL,35,45,10,412.00,"4,120.00"
2019-10-23,2019102301002639,AKBSL,38,38,10,411.00,"4,110.00"
2019-10-23,2019102301002616,AKBSL,38,38,10,411.00,"4,110.00"
2019-10-23,2019102301002609,AKBSL,38,38,10,411.00,"4,110.00"
2019-10-23,2019102301002568,AKPL,25,47,10,137.00,"1,370.00"
2019-10-23,2019102301002648,ALBSL,7,7,505,375.00,"189,375.00"
2019-10-23,2019102301002586,ALBSL,37,6,40,378.00,"15,120.00"
2019-10-23,2019102301002567,ALBSL,42,6,50,378.00,"18,900.00"
2019-10-23,2019102301002399,ALBSL,25,6,485,377.00,"182,845.00"
2019-10-23,2019102301002183,ALBSL,26,7,100,374.00,"37,400.00"
2019-10-23,2019102301002182,ALBSL,36,7,200,374.00,"74,800.00"
2019-10-23,2019102301002487,ALICL,57,25,199,322.00,"64,078.00"
2019-10-23,2019102301002199,ALICL,33,33,13,318.00,"4,134.00"
2019-10-23,2019102301002646,API,54,26,50,111.00,"5,550.00"
2019-10-23,2019102301002645,API,25,26,50,111.00,"5,550.00"
2019-10-23,2019102301002430,API,25,25,50,113.00,"5,650.00"
2019-10-23,2019102301002355,API,25,34,200,112.00,"22,400.00"
2019-10-23,2019102301002177,API,25,47,29,113.00,"3,277.00"
2019-10-23,2019102301002333,BFC,57,26,92,91.00,"8,372.00"
2019-10-23,2019102301002229,BOKL,42,48,100,228.00,"22,800.00"
2019-10-23,2019102301002187,BOKL,14,45,250,227.00,"56,750.00"
2019-10-23,2019102301002186,BOKL,42,45,200,227.00,"45,400.00"
2019-10-23,2019102301002185,BOKL,49,45,50,227.00,"11,350.00"
2019-10-23,2019102301002184,BOKL,49,45,50,227.00,"11,350.00"
2019-10-23,2019102301002164,BOKL,4,48,100,228.00,"22,800.00"
2019-10-23,2019102301002392,BPCL,33,26,10,367.00,"3,670.00"
2019-10-23,2019102301002276,BPCL,14,54,22,364.00,"8,008.00"
2019-10-23,2019102301002272,BPCL,6,6,1,361.00,361.00
2019-10-23,2019102301002244,BPCL,6,6,11,361.00,"3,971.00"
2019-10-23,2019102301002589,CBBL,21,45,33,970.00,"32,010.00"
2019-10-23,2019102301002588,CBBL,21,32,50,970.00,"48,500.00"
2019-10-23,2019102301002621,CBL,16,55,"1,000",144.00,"144,000.00"
2019-10-23,2019102301002620,CBL,16,42,200,144.00,"28,800.00"
2019-10-23,2019102301002619,CBL,16,54,208,144.00,"29,952.00"
2019-10-23,2019102301002618,CBL,16,34,"1,500",144.00,"216,000.00"
2019-10-23,2019102301002596,CBL,56,34,500,144.00,"72,000.00"
2019-10-23,2019102301002601,CCBL,13,45,500,155.00,"77,500.00"
2019-10-23,2019102301002600,CCBL,49,45,351,155.00,"54,405.00"
2019-10-23,2019102301002554,CCBL,49,45,105,155.00,"16,275.00"
2019-10-23,2019102301002547,CCBL,18,35,230,156.00,"35,880.00"
2019-10-23,2019102301002518,CCBL,50,45,"1,000",156.00,"156,000.00"
2019-10-23,2019102301002378,CCBL,49,38,14,155.00,"2,170.00"
2019-10-23,2019102301002377,CCBL,49,45,"1,500",155.00,"232,500.00"
2019-10-23,2019102301002376,CCBL,49,41,30,155.00,"4,650.00"
2019-10-23,2019102301002284,CFCL,59,28,10,111.00,"1,110.00"
2019-10-23,2019102301002173,CIT,54,58,133,"1,800.00","239,400.00"
2019-10-23,2019102301002167,CIT,52,7,10,"1,805.00","18,050.00"
2019-10-23,2019102301002431,CZBIL,13,29,118,196.00,"23,128.00"
2019-10-23,2019102301002302,DBBL,55,40,695,126.00,"87,570.00"
2019-10-23,2019102301002468,DDBL,48,39,20,732.00,"14,640.00"
2019-10-23,2019102301002390,DDBL,49,35,206,730.00,"150,380.00"
2019-10-23,2019102301002320,DDBL,49,58,37,730.00,"27,010.00"
2019-10-23,2019102301002192,DDBL,49,58,463,730.00,"337,990.00"
2019-10-23,2019102301002191,DDBL,6,58,200,731.00,"146,200.00"
2019-10-23,2019102301002652,DHPL,7,6,10,54.00,540.00
2019-10-23,2019102301002565,EBL,54,39,100,550.00,"55,000.00"
2019-10-23,2019102301002564,EBL,22,39,10,550.00,"5,500.00"
2019-10-23,2019102301002385,EBL,26,39,10,550.00,"5,500.00"
2019-10-23,2019102301002296,EBL,49,39,100,550.00,"55,000.00"
2019-10-23,2019102301002204,EBL,25,45,506,549.00,"277,794.00"
2019-10-23,2019102301002158,EBL,8,45,100,547.00,"54,700.00"
2019-10-23,2019102301002157,EBL,49,45,50,547.00,"27,350.00"
2019-10-23,2019102301002156,EBL,19,45,100,547.00,"54,700.00"
2019-10-23,2019102301002155,EBL,6,45,40,547.00,"21,880.00"
2019-10-23,2019102301002154,EBL,54,45,50,547.00,"27,350.00"
2019-10-23,2019102301002561,EIC,52,51,12,226.00,"2,712.00"
2019-10-23,2019102301002509,EIC,42,51,30,226.00,"6,780.00"
2019-10-23,2019102301002366,EIC,13,51,98,226.00,"22,148.00"
2019-10-23,2019102301002285,FMDBL,6,6,7,311.00,"2,177.00"
2019-10-23,2019102301002340,FOWAD,45,6,50,"1,295.00","64,750.00"
2019-10-23,2019102301002339,FOWAD,45,33,40,"1,295.00","51,800.00"
2019-10-23,2019102301002262,FOWAD,36,44,10,"1,294.00","12,940.00"
2019-10-23,2019102301002261,FOWAD,36,54,19,"1,294.00","24,586.00"
2019-10-23,2019102301002260,FOWAD,16,8,49,"1,293.00","63,357.00"
2019-10-23,2019102301002617,GBBL,34,57,10,220.00,"2,200.00"
2019-10-23,2019102301002607,GBBL,34,53,77,216.00,"16,632.00"
2019-10-23,2019102301002606,GBBL,34,1,140,216.00,"30,240.00"
2019-10-23,2019102301002189,HDL,53,10,50,"1,464.00","73,200.00"
2019-10-23,2019102301002181,HDL,39,55,100,"1,460.00","146,000.00"
2019-10-23,2019102301002435,HPPL,45,47,20,144.00,"2,880.00"
2019-10-23,2019102301002434,HPPL,45,8,10,142.00,"1,420.00"
2019-10-23,2019102301002342,IGI,42,28,122,285.00,"34,770.00"
2019-10-23,2019102301002341,IGI,42,33,90,285.00,"25,650.00"
2019-10-23,2019102301002315,ILBS,39,13,60,413.00,"24,780.00"
2019-10-23,2019102301002314,ILBS,25,13,50,413.00,"20,650.00"
2019-10-23,2019102301002581,JBBL,47,34,175,157.00,"27,475.00"
2019-10-23,2019102301002580,JBBL,47,28,10,157.00,"1,570.00"
2019-10-23,2019102301002545,JFL,21,32,100,192.00,"19,200.00"
2019-10-23,2019102301002544,JFL,57,32,100,192.00,"19,200.00"
2019-10-23,2019102301002543,JFL,19,32,"1,000",192.00,"192,000.00"
2019-10-23,2019102301002542,JFL,17,32,500,192.00,"96,000.00"
2019-10-23,2019102301002541,JFL,6,32,50,192.00,"9,600.00"
2019-10-23,2019102301002540,JFL,59,32,100,192.00,"19,200.00"
2019-10-23,2019102301002539,JFL,6,32,500,193.00,"96,500.00"
2019-10-23,2019102301002538,JFL,32,32,500,193.00,"96,500.00"
2019-10-23,2019102301002537,JFL,42,32,20,193.00,"3,860.00"
2019-10-23,2019102301002514,JFL,25,28,100,194.00,"19,400.00"
2019-10-23,2019102301002379,JFL,25,28,100,194.00,"19,400.00"
2019-10-23,2019102301002635,KBL,19,19,87,184.00,"16,008.00"
2019-10-23,2019102301002365,KSBBL,33,21,375,144.00,"54,000.00"
2019-10-23,2019102301002364,KSBBL,33,47,"1,300",144.00,"187,200.00"
2019-10-23,2019102301002363,KSBBL,33,7,700,144.00,"100,800.00"
2019-10-23,2019102301002203,LBBL,1,6,400,173.00,"69,200.00"
2019-10-23,2019102301002448,LBL,54,14,300,217.00,"65,100.00"
2019-10-23,2019102301002256,LBLPO,25,1,"2,561",112.00,"286,832.00"
2019-10-23,2019102301002433,LICN,39,59,500,980.00,"490,000.00"
2019-10-23,2019102301002432,LICN,25,59,10,981.00,"9,810.00"
2019-10-23,2019102301002292,LICN,39,38,13,990.00,"12,870.00"
2019-10-23,2019102301002291,LICN,39,10,200,989.00,"197,800.00"
2019-10-23,2019102301002290,LICN,39,57,592,988.00,"584,896.00"
2019-10-23,2019102301002293,LVF1,49,32,"2,500",8.61,"21,525.00"
2019-10-23,2019102301002360,MBL,33,13,69,225.00,"15,525.00"
2019-10-23,2019102301002359,MBL,37,13,348,225.00,"78,300.00"
2019-10-23,2019102301002283,MBL,49,17,550,226.00,"124,300.00"
2019-10-23,2019102301002282,MBL,49,57,450,226.00,"101,700.00"
2019-10-23,2019102301002271,MDB,45,28,374,247.00,"92,378.00"
2019-10-23,2019102301002270,MDB,33,28,55,247.00,"13,585.00"
2019-10-23,2019102301002269,MDB,17,28,231,248.00,"57,288.00"
2019-10-23,2019102301002268,MDB,6,28,300,248.00,"74,400.00"
2019-10-23,2019102301002267,MDB,45,28,40,249.00,"9,960.00"
2019-10-23,2019102301002559,MEGA,1,22,100,197.00,"19,700.00"
2019-10-23,2019102301002317,MEGA,4,39,90,198.00,"17,820.00"
2019-10-23,2019102301002257,MEGA,41,50,20,199.00,"3,980.00"
2019-10-23,2019102301002230,MEGA,4,26,10,198.00,"1,980.00"
2019-10-23,2019102301002243,MERO,39,34,85,557.00,"47,345.00"
2019-10-23,2019102301002242,MERO,54,34,15,557.00,"8,355.00"
2019-10-23,2019102301002562,MERO,57,48,20,558.00,"11,160.00"
2019-10-23,2019102301002324,MFIL,42,6,90,127.00,"11,430.00"
2019-10-23,2019102301002163,MLBBL,32,32,15,435.00,"6,525.00"
2019-10-23,2019102301002304,MLBL,38,18,500,213.00,"106,500.00"
2019-10-23,2019102301002548,MLBL,17,18,79,213.00,"16,827.00"
2019-10-23,2019102301002502,MLBL,35,17,450,212.00,"95,400.00"
2019-10-23,2019102301002501,MLBL,34,17,100,212.00,"21,200.00"
2019-10-23,2019102301002500,MLBL,28,17,205,212.00,"43,460.00"
2019-10-23,2019102301002425,MLBL,28,4,25,212.00,"5,300.00"
2019-10-23,2019102301002608,MNBBL,49,57,108,310.00,"33,480.00"
2019-10-23,2019102301002266,MPFL,45,37,33,102.00,"3,366.00"
2019-10-23,2019102301002584,MSMBS,1,48,11,457.00,"5,027.00"
2019-10-23,2019102301002400,NABIL,55,13,300,761.00,"228,300.00"
2019-10-23,2019102301002398,NABIL,6,10,10,760.00,"7,600.00"
2019-10-23,2019102301002397,NABIL,6,10,10,760.00,"7,600.00"
2019-10-23,2019102301002381,NABIL,33,13,50,761.00,"38,050.00"
2019-10-23,2019102301002372,NABIL,57,13,50,761.00,"38,050.00"
2019-10-23,2019102301002403,NADEP,25,42,40,397.00,"15,880.00"
2019-10-23,2019102301002402,NADEP,25,28,100,397.00,"39,700.00"
2019-10-23,2019102301002536,NBB,22,6,20,212.00,"4,240.00"
2019-10-23,2019102301002248,NBB,56,6,199,212.00,"42,188.00"
2019-10-23,2019102301002247,NBB,56,11,101,212.00,"21,412.00"
2019-10-23,2019102301002566,NBL,17,7,100,318.00,"31,800.00"
2019-10-23,2019102301002344,NBL,17,10,10,319.00,"3,190.00"
2019-10-23,2019102301002343,NBL,17,44,990,319.00,"315,810.00"
2019-10-23,2019102301002329,NBL,17,44,"1,000",319.00,"319,000.00"
2019-10-23,2019102301002325,NBL,38,44,10,319.00,"3,190.00"
2019-10-23,2019102301002300,NBL,38,6,"1,000",318.00,"318,000.00"
2019-10-23,2019102301002172,NBL,17,25,200,317.00,"63,400.00"
2019-10-23,2019102301002299,NBL,38,6,"1,000",318.00,"318,000.00"
2019-10-23,2019102301002298,NBL,38,10,"1,000",318.00,"318,000.00"
2019-10-23,2019102301002297,NBL,38,43,340,318.00,"108,120.00"
2019-10-23,2019102301002265,NBL,58,43,100,317.00,"31,700.00"
2019-10-23,2019102301002246,NBL,17,43,400,317.00,"126,800.00"
2019-10-23,2019102301002245,NBL,17,6,200,317.00,"63,400.00"
2019-10-23,2019102301002549,NCCB,25,25,328,201.00,"65,928.00"
2019-10-23,2019102301002535,NCCB,25,34,172,201.00,"34,572.00"
2019-10-23,2019102301002338,NCCB,40,55,486,201.00,"97,686.00"
2019-10-23,2019102301002337,NCCB,40,25,"1,000",201.00,"201,000.00"
2019-10-23,2019102301002336,NCCB,40,28,"1,000",201.00,"201,000.00"
2019-10-23,2019102301002335,NCCB,40,32,"1,000",201.00,"201,000.00"
2019-10-23,2019102301002334,NCCB,40,40,150,201.00,"30,150.00"
2019-10-23,2019102301002556,NEF,19,25,100,8.14,814.00
2019-10-23,2019102301002546,NEF,46,19,"4,000",8.01,"32,040.00"
2019-10-23,2019102301002498,NEF,46,17,"9,273",8.09,"75,018.57"
2019-10-23,2019102301002318,NHDL,36,19,10,96.00,960.00
2019-10-23,2019102301002441,NHPC,32,14,50,55.00,"2,750.00"
2019-10-23,2019102301002196,NHPC,32,19,"1,000",54.00,"54,000.00"
2019-10-23,2019102301002195,NHPC,32,16,"1,000",54.00,"54,000.00"
2019-10-23,2019102301002194,NHPC,32,56,500,54.00,"27,000.00"
2019-10-23,2019102301002193,NHPC,32,47,775,54.00,"41,850.00"
2019-10-23,2019102301002528,NIB,54,52,100,444.00,"44,400.00"
2019-10-23,2019102301002513,NIB,32,6,16,444.00,"7,104.00"
2019-10-23,2019102301002442,NIB,44,56,100,442.00,"44,200.00"
2019-10-23,2019102301002374,NIB,44,6,94,442.00,"41,548.00"
2019-10-23,2019102301002373,NIB,44,17,"1,000",442.00,"442,000.00"
2019-10-23,2019102301002370,NIB,54,25,251,441.00,"110,691.00"
2019-10-23,2019102301002369,NIB,13,25,100,441.00,"44,100.00"
2019-10-23,2019102301002368,NIB,6,25,10,441.00,"4,410.00"
2019-10-23,2019102301002367,NIB,26,25,139,441.00,"61,299.00"
2019-10-23,2019102301002301,NIB,6,6,1,442.00,442.00
2019-10-23,2019102301002200,NIB,6,6,1,442.00,442.00
2019-10-23,2019102301002440,NIBPO,8,4,700,406.00,"284,200.00"
2019-10-23,2019102301002212,NIBPO,13,49,150,408.00,"61,200.00"
2019-10-23,2019102301002651,NICA,38,45,200,399.00,"79,800.00"
2019-10-23,2019102301002644,NICA,28,57,30,399.00,"11,970.00"
2019-10-23,2019102301002572,NICA,45,57,20,399.00,"7,980.00"
2019-10-23,2019102301002521,NICA,46,55,16,400.00,"6,400.00"
2019-10-23,2019102301002520,NICA,46,14,100,399.00,"39,900.00"
2019-10-23,2019102301002516,NICA,45,53,400,398.00,"159,200.00"
2019-10-23,2019102301002160,NICA,28,32,100,397.00,"39,700.00"
2019-10-23,2019102301002159,NICA,28,55,286,397.00,"113,542.00"
2019-10-23,2019102301002255,NICA,17,8,850,398.00,"338,300.00"
2019-10-23,2019102301002254,NICA,17,33,50,398.00,"19,900.00"
2019-10-23,2019102301002253,NICA,17,25,100,397.00,"39,700.00"
2019-10-23,2019102301002168,NICA,28,26,75,397.00,"29,775.00"
2019-10-23,2019102301002162,NICA,28,8,30,397.00,"11,910.00"
2019-10-23,2019102301002161,NICA,28,4,500,397.00,"198,500.00"
2019-10-23,2019102301002309,NICA,28,52,100,400.00,"40,000.00"
2019-10-23,2019102301002308,NICA,28,29,20,400.00,"8,000.00"
2019-10-23,2019102301002307,NICA,28,49,180,400.00,"72,000.00"
2019-10-23,2019102301002306,NICA,28,28,240,399.00,"95,760.00"
2019-10-23,2019102301002305,NICA,28,49,10,399.00,"3,990.00"
2019-10-23,2019102301002295,NICA,45,8,150,398.00,"59,700.00"
2019-10-23,2019102301002346,NICA,28,22,500,400.00,"200,000.00"
2019-10-23,2019102301002331,NICA,28,41,100,400.00,"40,000.00"
2019-10-23,2019102301002330,NICA,17,41,50,400.00,"20,000.00"
2019-10-23,2019102301002312,NICA,17,8,950,400.00,"380,000.00"
2019-10-23,2019102301002311,NICA,28,8,50,400.00,"20,000.00"
2019-10-23,2019102301002310,NICA,28,53,400,400.00,"160,000.00"
2019-10-23,2019102301002457,NICA,34,46,100,399.00,"39,900.00"
2019-10-23,2019102301002450,NICA,45,4,100,398.00,"39,800.00"
2019-10-23,2019102301002419,NICA,45,35,150,399.00,"59,850.00"
2019-10-23,2019102301002418,NICA,45,22,250,399.00,"99,750.00"
2019-10-23,2019102301002349,NICA,28,55,400,400.00,"160,000.00"
2019-10-23,2019102301002347,NICA,32,47,500,401.00,"200,500.00"
2019-10-23,2019102301002508,NICL,17,25,55,265.00,"14,575.00"
2019-10-23,2019102301002507,NICL,13,25,20,265.00,"5,300.00"
2019-10-23,2019102301002506,NICL,25,25,80,265.00,"21,200.00"
2019-10-23,2019102301002523,NIL,44,55,10,372.00,"3,720.00"
2019-10-23,2019102301002445,NIL,51,52,10,365.00,"3,650.00"
2019-10-23,2019102301002467,NLG,29,39,329,555.00,"182,595.00"
2019-10-23,2019102301002466,NLG,29,39,100,555.00,"55,500.00"
2019-10-23,2019102301002465,NLG,19,39,40,555.00,"22,200.00"
2019-10-23,2019102301002464,NLG,14,39,11,556.00,"6,116.00"
2019-10-23,2019102301002463,NLG,5,39,10,560.00,"5,600.00"
2019-10-23,2019102301002462,NLG,29,39,10,561.00,"5,610.00"
2019-10-23,2019102301002473,NLIC,28,28,300,799.00,"239,700.00"
2019-10-23,2019102301002472,NLIC,28,39,100,798.00,"79,800.00"
2019-10-23,2019102301002471,NLIC,28,25,50,798.00,"39,900.00"
2019-10-23,2019102301002470,NLIC,28,20,50,798.00,"39,900.00"
2019-10-23,2019102301002426,NLIC,8,4,10,791.00,"7,910.00"
2019-10-23,2019102301002350,NLIC,42,20,250,795.00,"198,750.00"
2019-10-23,2019102301002326,NLIC,42,39,50,795.00,"39,750.00"
2019-10-23,2019102301002505,NLICL,19,35,25,453.00,"11,325.00"
2019-10-23,2019102301002504,NLICL,37,35,600,453.00,"271,800.00"
2019-10-23,2019102301002503,NLICL,29,35,20,454.00,"9,080.00"
2019-10-23,2019102301002493,NLICL,38,37,100,454.00,"45,400.00"
2019-10-23,2019102301002384,NMBHF1,7,43,"1,000",8.68,"8,680.00"
2019-10-23,2019102301002383,NMBHF1,7,43,"1,000",8.69,"8,690.00"
2019-10-23,2019102301002641,NMBMF,50,17,24,"1,099.00","26,376.00"
2019-10-23,2019102301002605,NMBMF,57,17,50,"1,100.00","55,000.00"
2019-10-23,2019102301002604,NMBMF,38,17,100,"1,100.00","110,000.00"
2019-10-23,2019102301002603,NMBMF,56,17,20,"1,100.00","22,000.00"
2019-10-23,2019102301002602,NMBMF,53,17,82,"1,100.00","90,200.00"
2019-10-23,2019102301002593,NMBMF,55,19,10,"1,103.00","11,030.00"
2019-10-23,2019102301002201,NMBMF,51,45,20,"1,100.00","22,000.00"
2019-10-23,2019102301002190,NMBMF,57,51,41,"1,099.00","45,059.00"
2019-10-23,2019102301002188,NMBMF,57,22,100,"1,099.00","109,900.00"
2019-10-23,2019102301002169,NMBMF,20,45,20,"1,100.00","22,000.00"
2019-10-23,2019102301002241,NMBMF,28,21,41,"1,100.00","45,100.00"
2019-10-23,2019102301002240,NMBMF,28,29,87,"1,100.00","95,700.00"
2019-10-23,2019102301002239,NMBMF,28,39,50,"1,100.00","55,000.00"
2019-10-23,2019102301002238,NMBMF,28,8,41,"1,100.00","45,100.00"
2019-10-23,2019102301002231,NMBMF,39,45,35,"1,100.00","38,500.00"
2019-10-23,2019102301002210,NMBMF,39,45,11,"1,100.00","12,100.00"
2019-10-23,2019102301002382,NMBMF,50,43,13,"1,100.00","14,300.00"
2019-10-23,2019102301002380,NMBMF,34,43,13,"1,100.00","14,300.00"
2019-10-23,2019102301002362,NMBMF,29,25,41,"1,100.00","45,100.00"
2019-10-23,2019102301002352,NMBMF,32,56,47,"1,098.00","51,606.00"
2019-10-23,2019102301002328,NMBMF,57,56,59,"1,099.00","64,841.00"
2019-10-23,2019102301002327,NMBMF,57,56,20,"1,100.00","22,000.00"
2019-10-23,2019102301002447,NMBMF,6,19,30,"1,100.00","33,000.00"
2019-10-23,2019102301002443,NMBMF,50,35,130,"1,099.00","142,870.00"
2019-10-23,2019102301002427,NMBMF,50,50,33,"1,099.00","36,267.00"
2019-10-23,2019102301002424,NMBMF,55,35,120,"1,100.00","132,000.00"
2019-10-23,2019102301002416,NMBMF,48,35,97,"1,100.00","106,700.00"
2019-10-23,2019102301002415,NMBMF,21,35,10,"1,100.00","11,000.00"
2019-10-23,2019102301002592,NMBMF,55,19,40,"1,102.00","44,080.00"
2019-10-23,2019102301002583,NMBMF,45,19,10,"1,102.00","11,020.00"
2019-10-23,2019102301002511,NMBMF,53,48,18,"1,100.00","19,800.00"
2019-10-23,2019102301002510,NMBMF,21,48,10,"1,100.00","11,000.00"
2019-10-23,2019102301002495,NMBMF,28,45,10,"1,103.00","11,030.00"
2019-10-23,2019102301002494,NMBMF,28,5,98,"1,103.00","108,094.00"
2019-10-23,2019102301002555,NMFBS,34,48,18,"1,702.00","30,636.00"
2019-10-23,2019102301002557,NUBL,6,50,115,871.00,"100,165.00"
2019-10-23,2019102301002519,NUBL,6,41,50,871.00,"43,550.00"
2019-10-23,2019102301002354,OHL,34,39,10,457.00,"4,570.00"
2019-10-23,2019102301002571,PCBL,22,53,10,266.00,"2,660.00"
2019-10-23,2019102301002480,PCBL,48,53,50,266.00,"13,300.00"
2019-10-23,2019102301002446,PCBL,26,53,10,266.00,"2,660.00"
2019-10-23,2019102301002353,PCBL,26,26,245,266.00,"65,170.00"
2019-10-23,2019102301002332,PCBL,45,26,10,266.00,"2,660.00"
2019-10-23,2019102301002165,PCBL,26,53,74,266.00,"19,684.00"
2019-10-23,2019102301002515,PLIC,52,47,10,320.00,"3,200.00"
2019-10-23,2019102301002386,PROFL,55,32,200,96.00,"19,200.00"
2019-10-23,2019102301002634,PRVU,41,34,288,265.00,"76,320.00"
2019-10-23,2019102301002633,PRVU,41,56,12,265.00,"3,180.00"
2019-10-23,2019102301002632,PRVU,34,34,80,264.00,"21,120.00"
2019-10-23,2019102301002631,PRVU,39,34,40,264.00,"10,560.00"
2019-10-23,2019102301002630,PRVU,51,34,500,264.00,"132,000.00"
2019-10-23,2019102301002629,PRVU,41,34,10,264.00,"2,640.00"
2019-10-23,2019102301002213,PRVU,6,34,930,265.00,"246,450.00"
2019-10-23,2019102301002202,PRVU,6,55,70,265.00,"18,550.00"
2019-10-23,2019102301002176,PRVU,53,34,"3,000",265.00,"795,000.00"
2019-10-23,2019102301002175,PRVU,38,34,"2,000",265.00,"530,000.00"
2019-10-23,2019102301002174,PRVU,53,34,300,265.00,"79,500.00"
2019-10-23,2019102301002219,PRVU,14,34,500,264.00,"132,000.00"
2019-10-23,2019102301002218,PRVU,50,34,"2,000",264.00,"528,000.00"
2019-10-23,2019102301002217,PRVU,32,34,500,264.00,"132,000.00"
2019-10-23,2019102301002216,PRVU,53,34,500,264.00,"132,000.00"
2019-10-23,2019102301002215,PRVU,34,34,50,265.00,"13,250.00"
2019-10-23,2019102301002214,PRVU,45,34,500,265.00,"132,500.00"
2019-10-23,2019102301002225,PRVU,55,34,"2,000",264.00,"528,000.00"
2019-10-23,2019102301002224,PRVU,22,34,"1,000",264.00,"264,000.00"
2019-10-23,2019102301002223,PRVU,46,34,100,264.00,"26,400.00"
2019-10-23,2019102301002222,PRVU,28,34,500,264.00,"132,000.00"
2019-10-23,2019102301002221,PRVU,32,34,"1,700",264.00,"448,800.00"
2019-10-23,2019102301002220,PRVU,32,34,300,264.00,"79,200.00"
2019-10-23,2019102301002345,PRVU,57,34,500,265.00,"132,500.00"
2019-10-23,2019102301002316,PRVU,6,6,4,265.00,"1,060.00"
2019-10-23,2019102301002234,PRVU,43,34,300,264.00,"79,200.00"
2019-10-23,2019102301002228,PRVU,38,34,"2,000",264.00,"528,000.00"
2019-10-23,2019102301002227,PRVU,50,34,500,264.00,"132,000.00"
2019-10-23,2019102301002226,PRVU,32,34,50,264.00,"13,200.00"
2019-10-23,2019102301002393,PRVU,54,22,300,265.00,"79,500.00"
2019-10-23,2019102301002388,PRVU,38,22,30,265.00,"7,950.00"
2019-10-23,2019102301002387,PRVU,38,34,570,265.00,"151,050.00"
2019-10-23,2019102301002375,PRVU,45,34,300,265.00,"79,500.00"
2019-10-23,2019102301002361,PRVU,1,34,200,265.00,"53,000.00"
2019-10-23,2019102301002439,PRVU,38,22,160,265.00,"42,400.00"
2019-10-23,2019102301002417,PRVU,38,22,"1,000",265.00,"265,000.00"
2019-10-23,2019102301002408,PRVU,38,49,30,264.00,"7,920.00"
2019-10-23,2019102301002396,PRVU,38,53,400,264.00,"105,600.00"
2019-10-23,2019102301002395,PRVU,48,53,100,264.00,"26,400.00"
2019-10-23,2019102301002394,PRVU,34,53,500,264.00,"132,000.00"
2019-10-23,2019102301002560,PRVU,42,56,40,265.00,"10,600.00"
2019-10-23,2019102301002558,PRVU,4,56,100,265.00,"26,500.00"
2019-10-23,2019102301002527,PRVU,38,56,148,265.00,"39,220.00"
2019-10-23,2019102301002526,PRVU,38,22,352,265.00,"93,280.00"
2019-10-23,2019102301002481,PRVU,22,22,500,265.00,"132,500.00"
2019-10-23,2019102301002479,PRVU,38,22,575,265.00,"152,375.00"
2019-10-23,2019102301002622,PRVU,38,34,"1,570",264.00,"414,480.00"
2019-10-23,2019102301002599,PRVU,7,56,400,265.00,"106,000.00"
2019-10-23,2019102301002594,PRVU,42,56,100,265.00,"26,500.00"
2019-10-23,2019102301002579,PRVU,44,56,50,265.00,"13,250.00"
2019-10-23,2019102301002578,PRVU,49,56,100,265.00,"26,500.00"
2019-10-23,2019102301002570,PRVU,45,56,50,265.00,"13,250.00"
2019-10-23,2019102301002628,PRVU,39,34,"5,000",264.00,"1,320,000.00"
2019-10-23,2019102301002627,PRVU,44,34,"1,000",264.00,"264,000.00"
2019-10-23,2019102301002626,PRVU,55,34,"1,000",264.00,"264,000.00"
2019-10-23,2019102301002625,PRVU,54,34,300,264.00,"79,200.00"
2019-10-23,2019102301002624,PRVU,17,34,500,264.00,"132,000.00"
2019-10-23,2019102301002623,PRVU,42,34,"1,000",264.00,"264,000.00"
2019-10-23,2019102301002577,RADHI,22,14,24,137.00,"3,288.00"
2019-10-23,2019102301002569,RADHI,14,19,11,136.00,"1,496.00"
2019-10-23,2019102301002461,RHPC,58,57,12,79.00,948.00
2019-10-23,2019102301002459,RHPC,1,36,200,80.00,"16,000.00"
2019-10-23,2019102301002649,RHPL,32,11,40,175.00,"7,000.00"
2019-10-23,2019102301002642,RHPL,32,11,40,175.00,"7,000.00"
2019-10-23,2019102301002582,RHPL,25,19,30,177.00,"5,310.00"
2019-10-23,2019102301002576,RHPL,25,56,30,177.00,"5,310.00"
2019-10-23,2019102301002575,RHPL,25,56,30,177.00,"5,310.00"
2019-10-23,2019102301002574,RHPL,25,26,50,177.00,"8,850.00"
2019-10-23,2019102301002205,RHPL,49,40,200,177.00,"35,400.00"
2019-10-23,2019102301002170,RHPL,49,34,200,177.00,"35,400.00"
2019-10-23,2019102301002286,RHPL,14,14,60,176.00,"10,560.00"
2019-10-23,2019102301002274,RHPL,14,58,140,176.00,"24,640.00"
2019-10-23,2019102301002273,RHPL,14,58,60,176.00,"10,560.00"
2019-10-23,2019102301002237,RHPL,21,57,500,177.00,"88,500.00"
2019-10-23,2019102301002236,RHPL,19,57,130,177.00,"23,010.00"
2019-10-23,2019102301002235,RHPL,49,57,100,177.00,"17,700.00"
2019-10-23,2019102301002573,RHPL,25,54,40,176.00,"7,040.00"
2019-10-23,2019102301002391,RHPL,34,44,740,176.00,"130,240.00"
2019-10-23,2019102301002319,RHPL,21,44,260,176.00,"45,760.00"
2019-10-23,2019102301002289,RHPL,21,14,40,176.00,"7,040.00"
2019-10-23,2019102301002288,RHPL,19,14,500,176.00,"88,000.00"
2019-10-23,2019102301002287,RHPL,1,14,500,176.00,"88,000.00"
2019-10-23,2019102301002404,RMDC,44,21,10,610.00,"6,100.00"
2019-10-23,2019102301002281,RMDC,45,28,147,600.00,"88,200.00"
2019-10-23,2019102301002280,RMDC,6,28,500,600.00,"300,000.00"
2019-10-23,2019102301002279,RMDC,10,28,353,601.00,"212,153.00"
2019-10-23,2019102301002171,RMDC,6,6,1,602.00,602.00
2019-10-23,2019102301002512,SABSL,22,37,255,446.00,"113,730.00"
2019-10-23,2019102301002497,SABSL,29,37,85,446.00,"37,910.00"
2019-10-23,2019102301002496,SABSL,57,37,50,446.00,"22,300.00"
2019-10-23,2019102301002492,SABSL,57,37,"1,000",448.00,"448,000.00"
2019-10-23,2019102301002491,SABSL,52,37,20,448.00,"8,960.00"
2019-10-23,2019102301002490,SABSL,42,37,100,448.00,"44,800.00"
2019-10-23,2019102301002489,SABSL,36,37,90,449.00,"40,410.00"
2019-10-23,2019102301002488,SABSL,17,37,10,449.00,"4,490.00"
2019-10-23,2019102301002486,SABSL,40,37,50,450.00,"22,500.00"
2019-10-23,2019102301002485,SABSL,48,37,100,450.00,"45,000.00"
2019-10-23,2019102301002484,SABSL,28,37,200,450.00,"90,000.00"
2019-10-23,2019102301002483,SABSL,6,37,40,450.00,"18,000.00"
2019-10-23,2019102301002638,SANIMA,38,47,250,312.00,"78,000.00"
2019-10-23,2019102301002637,SANIMA,38,36,150,312.00,"46,800.00"
2019-10-23,2019102301002636,SANIMA,38,8,200,312.00,"62,400.00"
2019-10-23,2019102301002525,SANIMA,14,28,32,311.00,"9,952.00"
2019-10-23,2019102301002524,SANIMA,38,28,421,311.00,"130,931.00"
2019-10-23,2019102301002478,SBI,6,57,150,402.00,"60,300.00"
2019-10-23,2019102301002477,SBI,47,57,50,402.00,"20,100.00"
2019-10-23,2019102301002458,SBI,44,19,21,403.00,"8,463.00"
2019-10-23,2019102301002451,SBI,47,56,100,402.00,"40,200.00"
2019-10-23,2019102301002423,SBI,19,19,100,403.00,"40,300.00"
2019-10-23,2019102301002422,SBI,14,19,112,403.00,"45,136.00"
2019-10-23,2019102301002421,SBI,42,19,50,404.00,"20,200.00"
2019-10-23,2019102301002420,SBI,43,19,50,404.00,"20,200.00"
2019-10-23,2019102301002595,SBL,42,52,100,293.00,"29,300.00"
2019-10-23,2019102301002499,SBL,21,32,50,292.00,"14,600.00"
2019-10-23,2019102301002591,SCB,47,35,190,555.00,"105,450.00"
2019-10-23,2019102301002590,SCB,22,35,10,562.00,"5,620.00"
2019-10-23,2019102301002456,SCB,47,35,10,555.00,"5,550.00"
2019-10-23,2019102301002455,SCB,57,35,10,557.00,"5,570.00"
2019-10-23,2019102301002454,SCB,14,35,150,557.00,"83,550.00"
2019-10-23,2019102301002453,SCB,33,35,150,558.00,"83,700.00"
2019-10-23,2019102301002278,SCB,39,45,20,560.00,"11,200.00"
2019-10-23,2019102301002277,SCB,39,19,300,560.00,"168,000.00"
2019-10-23,2019102301002452,SCB,44,35,30,558.00,"16,740.00"
2019-10-23,2019102301002358,SCB,39,13,20,562.00,"11,240.00"
2019-10-23,2019102301002357,SCB,39,48,100,562.00,"56,200.00"
2019-10-23,2019102301002356,SCB,39,47,200,561.00,"112,200.00"
2019-10-23,2019102301002303,SFFIL,29,57,19,195.00,"3,705.00"
2019-10-23,2019102301002647,SHIVM,16,10,400,488.00,"195,200.00"
2019-10-23,2019102301002551,SHIVM,16,37,100,488.00,"48,800.00"
2019-10-23,2019102301002550,SHIVM,29,37,50,488.00,"24,400.00"
2019-10-23,2019102301002351,SHIVM,34,14,350,492.00,"172,200.00"
2019-10-23,2019102301002322,SHIVM,34,28,475,491.00,"233,225.00"
2019-10-23,2019102301002321,SHIVM,34,10,50,491.00,"24,550.00"
2019-10-23,2019102301002197,SHIVM,45,45,50,488.00,"24,400.00"
2019-10-23,2019102301002166,SHIVM,34,56,40,486.00,"19,440.00"
2019-10-23,2019102301002313,SHIVM,4,28,25,491.00,"12,275.00"
2019-10-23,2019102301002209,SHIVM,59,22,20,490.00,"9,800.00"
2019-10-23,2019102301002208,SHIVM,34,22,80,490.00,"39,200.00"
2019-10-23,2019102301002207,SHIVM,34,32,20,490.00,"9,800.00"
2019-10-23,2019102301002206,SHIVM,45,32,180,490.00,"88,200.00"
2019-10-23,2019102301002198,SHIVM,45,56,70,489.00,"34,230.00"
2019-10-23,2019102301002650,SHL,42,58,"1,000",208.00,"208,000.00"
2019-10-23,2019102301002563,SHL,39,58,100,209.00,"20,900.00"
2019-10-23,2019102301002428,SHPC,56,1,10,194.00,"1,940.00"
2019-10-23,2019102301002414,SHPC,57,37,490,193.00,"94,570.00"
2019-10-23,2019102301002413,SHPC,57,33,165,193.00,"31,845.00"
2019-10-23,2019102301002407,SHPC,56,37,10,193.00,"1,930.00"
2019-10-23,2019102301002643,SIC,6,41,206,470.00,"96,820.00"
2019-10-23,2019102301002460,SIC,45,59,40,475.00,"19,000.00"
2019-10-23,2019102301002615,SICL,28,37,100,735.00,"73,500.00"
2019-10-23,2019102301002614,SICL,58,37,500,735.00,"367,500.00"
2019-10-23,2019102301002613,SICL,28,37,100,736.00,"73,600.00"
2019-10-23,2019102301002612,SICL,38,37,25,737.00,"18,425.00"
2019-10-23,2019102301002611,SICL,18,37,50,737.00,"36,850.00"
2019-10-23,2019102301002610,SICL,7,37,200,738.00,"147,600.00"
2019-10-23,2019102301002294,SICL,29,56,42,740.00,"31,080.00"
2019-10-23,2019102301002252,SICL,58,56,58,740.00,"42,920.00"
2019-10-23,2019102301002251,SICL,58,43,88,740.00,"65,120.00"
2019-10-23,2019102301002250,SICL,58,43,400,738.00,"295,200.00"
2019-10-23,2019102301002249,SICL,58,48,42,737.00,"30,954.00"
2019-10-23,2019102301002482,SIFC,52,29,24,156.00,"3,744.00"
2019-10-23,2019102301002469,SIL,25,33,10,382.00,"3,820.00"
2019-10-23,2019102301002429,SJCL,25,35,500,175.00,"87,500.00"
2019-10-23,2019102301002412,SJCL,21,35,50,175.00,"8,750.00"
2019-10-23,2019102301002411,SJCL,56,35,480,175.00,"84,000.00"
2019-10-23,2019102301002410,SJCL,25,35,100,176.00,"17,600.00"
2019-10-23,2019102301002409,SJCL,21,35,180,176.00,"31,680.00"
2019-10-23,2019102301002275,SJCL,21,26,20,176.00,"3,520.00"
2019-10-23,2019102301002553,SKBBL,22,22,23,921.00,"21,183.00"
2019-10-23,2019102301002552,SKBBL,39,22,27,921.00,"24,867.00"
2019-10-23,2019102301002587,SLBBL,34,7,200,540.00,"108,000.00"
2019-10-23,2019102301002476,SLBBL,34,59,19,540.00,"10,260.00"
2019-10-23,2019102301002389,SLBBL,29,59,50,540.00,"27,000.00"
2019-10-23,2019102301002371,SLBBL,42,59,35,540.00,"18,900.00"
2019-10-23,2019102301002534,SLICL,41,17,500,269.00,"134,500.00"
2019-10-23,2019102301002533,SLICL,41,56,200,267.00,"53,400.00"
2019-10-23,2019102301002532,SLICL,41,4,200,266.00,"53,200.00"
2019-10-23,2019102301002531,SLICL,41,45,50,266.00,"13,300.00"
2019-10-23,2019102301002530,SLICL,41,41,108,266.00,"28,728.00"
2019-10-23,2019102301002529,SLICL,41,10,50,265.00,"13,250.00"
2019-10-23,2019102301002597,SMB,47,19,10,402.00,"4,020.00"
2019-10-23,2019102301002449,SPDL,45,25,10,76.00,760.00
2019-10-23,2019102301002653,SRBL,52,57,10,213.00,"2,130.00"
2019-10-23,2019102301002598,SRBL,14,19,15,212.00,"3,180.00"
2019-10-23,2019102301002522,SWBBL,34,45,241,911.00,"219,551.00"
2019-10-23,2019102301002517,SWBBL,34,45,500,911.00,"455,500.00"
2019-10-23,2019102301002640,UPCL,25,54,100,78.00,"7,800.00"
2019-10-23,2019102301002585,UPCL,7,34,50,77.00,"3,850.00"
2019-10-23,2019102301002348,UPCL,7,19,50,77.00,"3,850.00"
2019-10-23,2019102301002475,UPPER,50,32,60,239.00,"14,340.00"
2019-10-23,2019102301002474,UPPER,56,32,200,239.00,"47,800.00"
2019-10-23,2019102301002438,UPPER,45,22,134,240.00,"32,160.00"
2019-10-23,2019102301002437,UPPER,45,59,86,240.00,"20,640.00"
2019-10-23,2019102301002211,UPPER,56,25,320,240.00,"76,800.00"
2019-10-23,2019102301002180,UPPER,21,13,300,240.00,"72,000.00"
2019-10-23,2019102301002179,UPPER,21,32,50,240.00,"12,000.00"
2019-10-23,2019102301002178,UPPER,21,32,50,240.00,"12,000.00"
2019-10-23,2019102301002436,UPPER,45,25,280,240.00,"67,200.00"
2019-10-23,2019102301002323,UPPER,56,25,200,240.00,"48,000.00"
2019-10-23,2019102301001911,ADBL,35,16,90,412.00,"37,080.00"
2019-10-23,2019102301001910,ADBL,56,16,37,412.00,"15,244.00"
2019-10-23,2019102301001809,AKBSL,53,29,10,407.00,"4,070.00"
2019-10-23,2019102301002038,AKPL,14,6,30,135.00,"4,050.00"
2019-10-23,2019102301002037,AKPL,14,49,50,135.00,"6,750.00"
2019-10-23,2019102301002031,AKPL,14,19,13,134.00,"1,742.00"
2019-10-23,2019102301002030,AKPL,14,54,13,134.00,"1,742.00"
2019-10-23,2019102301001898,ALBSL,51,7,100,373.00,"37,300.00"
2019-10-23,2019102301001897,ALBSL,25,7,500,373.00,"186,500.00"
2019-10-23,2019102301001896,ALBSL,17,7,40,373.00,"14,920.00"
2019-10-23,2019102301001895,ALBSL,42,7,30,373.00,"11,190.00"
2019-10-23,2019102301001894,ALBSL,55,7,90,373.00,"33,570.00"
2019-10-23,2019102301001893,ALBSL,42,7,30,374.00,"11,220.00"
2019-10-23,2019102301001892,ALBSL,17,7,50,374.00,"18,700.00"
2019-10-23,2019102301002138,API,16,25,100,112.00,"11,200.00"
2019-10-23,2019102301002137,API,16,45,300,112.00,"33,600.00"
2019-10-23,2019102301002136,API,16,41,850,112.00,"95,200.00"
2019-10-23,2019102301002105,API,25,41,150,112.00,"16,800.00"
2019-10-23,2019102301002065,API,25,1,450,111.00,"49,950.00"
2019-10-23,2019102301002028,API,59,1,500,111.00,"55,500.00"
2019-10-23,2019102301001731,API,34,35,400,111.00,"44,400.00"
2019-10-23,2019102301001730,API,34,51,450,111.00,"49,950.00"
2019-10-23,2019102301002019,API,16,1,550,111.00,"61,050.00"
2019-10-23,2019102301002018,API,16,41,450,111.00,"49,950.00"
2019-10-23,2019102301001962,API,14,41,200,111.00,"22,200.00"
2019-10-23,2019102301001942,API,14,41,200,111.00,"22,200.00"
2019-10-23,2019102301001746,API,58,13,200,110.00,"22,000.00"
2019-10-23,2019102301001732,API,34,41,150,111.00,"16,650.00"
2019-10-23,2019102301001997,BOKL,49,48,102,228.00,"23,256.00"
2019-10-23,2019102301001939,BOKL,19,48,100,228.00,"22,800.00"
2019-10-23,2019102301001886,BOKL,45,48,100,228.00,"22,800.00"
2019-10-23,2019102301001861,BOKL,6,48,100,228.00,"22,800.00"
2019-10-23,2019102301002044,CBBL,22,41,200,968.00,"193,600.00"
2019-10-23,2019102301002043,CBBL,34,41,40,968.00,"38,720.00"
2019-10-23,2019102301002042,CBBL,8,41,60,968.00,"58,080.00"
2019-10-23,2019102301002029,CBL,49,54,"1,147",142.00,"162,874.00"
2019-10-23,2019102301001737,CBL,49,38,"1,314",142.00,"186,588.00"
2019-10-23,2019102301001736,CBL,37,38,26,142.00,"3,692.00"
2019-10-23,2019102301001655,CBL,59,16,349,143.00,"49,907.00"
2019-10-23,2019102301002147,CCBL,50,25,74,154.00,"11,396.00"
2019-10-23,2019102301002146,CCBL,45,25,126,154.00,"19,404.00"
2019-10-23,2019102301002040,CCBL,45,54,874,154.00,"134,596.00"
2019-10-23,2019102301002039,CCBL,52,54,302,154.00,"46,508.00"
2019-10-23,2019102301001880,CEFL,7,4,300,110.00,"33,000.00"
2019-10-23,2019102301002112,CFCL,32,40,95,109.00,"10,355.00"
2019-10-23,2019102301002080,CHCL,55,42,150,423.00,"63,450.00"
2019-10-23,2019102301001689,CHCL,45,56,10,423.00,"4,230.00"
2019-10-23,2019102301002104,CIT,54,54,30,"1,800.00","54,000.00"
2019-10-23,2019102301002103,CIT,54,22,10,"1,800.00","18,000.00"
2019-10-23,2019102301002102,CIT,54,56,25,"1,800.00","45,000.00"
2019-10-23,2019102301002101,CIT,54,56,96,"1,800.00","172,800.00"
2019-10-23,2019102301001807,CLBSL,7,56,70,460.00,"32,200.00"
2019-10-23,2019102301001725,CLBSL,4,56,110,460.00,"50,600.00"
2019-10-23,2019102301002115,CZBIL,37,25,93,196.00,"18,228.00"
2019-10-23,2019102301002114,CZBIL,51,25,71,196.00,"13,916.00"
2019-10-23,2019102301002109,CZBIL,55,49,700,197.00,"137,900.00"
2019-10-23,2019102301002108,CZBIL,55,37,306,197.00,"60,282.00"
2019-10-23,2019102301002107,CZBIL,55,51,300,197.00,"59,100.00"
2019-10-23,2019102301002106,CZBIL,55,22,260,197.00,"51,220.00"
2019-10-23,2019102301001951,CZBIL,51,25,29,196.00,"5,684.00"
2019-10-23,2019102301001950,CZBIL,29,25,21,196.00,"4,116.00"
2019-10-23,2019102301001949,CZBIL,38,25,200,196.00,"39,200.00"
2019-10-23,2019102301001948,CZBIL,45,25,50,196.00,"9,800.00"
2019-10-23,2019102301001844,CZBIL,41,22,10,197.00,"1,970.00"
2019-10-23,2019102301001738,CZBIL,38,22,200,197.00,"39,400.00"
2019-10-23,2019102301002036,DBBL,22,40,12,126.00,"1,512.00"
2019-10-23,2019102301002035,DBBL,6,40,890,126.00,"112,140.00"
2019-10-23,2019102301001975,DBBL,6,7,110,126.00,"13,860.00"
2019-10-23,2019102301001700,DBBL,42,48,90,126.00,"11,340.00"
2019-10-23,2019102301001667,DDBL,49,14,500,730.00,"365,000.00"
2019-10-23,2019102301001666,DDBL,49,41,37,730.00,"27,010.00"
2019-10-23,2019102301002153,EBL,33,45,367,547.00,"200,749.00"
2019-10-23,2019102301002152,EBL,22,45,17,548.00,"9,316.00"
2019-10-23,2019102301002151,EBL,19,45,50,548.00,"27,400.00"
2019-10-23,2019102301002150,EBL,49,45,100,548.00,"54,800.00"
2019-10-23,2019102301001868,EBL,32,45,20,549.00,"10,980.00"
2019-10-23,2019102301001849,EBL,32,14,80,549.00,"43,920.00"
2019-10-23,2019102301001998,EIC,14,51,200,225.00,"45,000.00"
2019-10-23,2019102301001972,EIC,32,51,100,225.00,"22,500.00"
2019-10-23,2019102301001971,EIC,17,51,300,225.00,"67,500.00"
2019-10-23,2019102301001970,EIC,42,51,100,225.00,"22,500.00"
2019-10-23,2019102301001969,EIC,25,51,50,226.00,"11,300.00"
2019-10-23,2019102301001968,EIC,44,51,100,226.00,"22,600.00"
2019-10-23,2019102301001967,EIC,1,51,10,226.00,"2,260.00"
2019-10-23,2019102301001826,EIC,1,35,190,226.00,"42,940.00"
2019-10-23,2019102301001825,EIC,11,35,10,226.00,"2,260.00"
2019-10-23,2019102301001845,FMDBL,25,47,38,310.00,"11,780.00"
2019-10-23,2019102301002053,GBBL,4,1,10,216.00,"2,160.00"
2019-10-23,2019102301002098,GBLBS,44,35,10,316.00,"3,160.00"
2019-10-23,2019102301002097,GBLBS,44,33,70,314.00,"21,980.00"
2019-10-23,2019102301002096,GBLBS,44,22,15,313.00,"4,695.00"
2019-10-23,2019102301001986,GBLBS,18,1,30,312.00,"9,360.00"
2019-10-23,2019102301001985,GBLBS,18,49,40,312.00,"12,480.00"
2019-10-23,2019102301001663,GIMES1,58,38,"5,000",6.90,"34,500.00"
2019-10-23,2019102301001662,GIMES1,21,38,"3,000",7.00,"21,000.00"
2019-10-23,2019102301002133,GLBSL,36,7,200,415.00,"83,000.00"
2019-10-23,2019102301001806,GLBSL,36,47,10,410.00,"4,100.00"
2019-10-23,2019102301001803,GLBSL,36,47,10,410.00,"4,100.00"
2019-10-23,2019102301001789,GLBSL,50,7,100,412.00,"41,200.00"
2019-10-23,2019102301001788,GLBSL,48,47,10,413.00,"4,130.00"
2019-10-23,2019102301001782,GLBSL,48,47,10,413.00,"4,130.00"
2019-10-23,2019102301001776,GLBSL,48,47,10,413.00,"4,130.00"
2019-10-23,2019102301001772,GLBSL,48,47,10,413.00,"4,130.00"
2019-10-23,2019102301001759,GLBSL,48,47,10,413.00,"4,130.00"
2019-10-23,2019102301001747,GLBSL,48,47,10,413.00,"4,130.00"
2019-10-23,2019102301001744,GLBSL,48,47,10,413.00,"4,130.00"
2019-10-23,2019102301002131,GLICL,39,50,10,366.00,"3,660.00"
2019-10-23,2019102301002130,GLICL,39,48,200,361.00,"72,200.00"
2019-10-23,2019102301002119,HBL,6,44,30,505.00,"15,150.00"
2019-10-23,2019102301002118,HBL,6,25,100,504.00,"50,400.00"
2019-10-23,2019102301001957,HBL,26,44,500,505.00,"252,500.00"
2019-10-23,2019102301002132,HDL,39,42,130,"1,450.00","188,500.00"
2019-10-23,2019102301002068,HGI,16,51,335,275.00,"92,125.00"
2019-10-23,2019102301002056,HGI,16,37,100,275.00,"27,500.00"
2019-10-23,2019102301002055,HGI,16,49,65,275.00,"17,875.00"
2019-10-23,2019102301001901,HGI,41,49,745,275.00,"204,875.00"
2019-10-23,2019102301001900,HGI,41,36,40,275.00,"11,000.00"
2019-10-23,2019102301001899,HGI,41,46,15,275.00,"4,125.00"
2019-10-23,2019102301002124,HIDCL,41,14,180,138.00,"24,840.00"
2019-10-23,2019102301002123,HIDCL,41,22,20,137.00,"2,740.00"
2019-10-23,2019102301002122,HIDCL,14,22,10,137.00,"1,370.00"
2019-10-23,2019102301001665,HPPL,45,22,870,142.00,"123,540.00"
2019-10-23,2019102301002089,ICFC,22,8,100,160.00,"16,000.00"
2019-10-23,2019102301002116,ILBS,34,39,10,413.00,"4,130.00"
2019-10-23,2019102301001867,ILBS,6,52,10,415.00,"4,150.00"
2019-10-23,2019102301001978,JBBL,41,28,10,157.00,"1,570.00"
2019-10-23,2019102301002129,JFL,41,28,75,194.00,"14,550.00"
2019-10-23,2019102301001983,JFL,6,28,500,194.00,"97,000.00"
2019-10-23,2019102301001982,JFL,16,28,100,194.00,"19,400.00"
2019-10-23,2019102301001981,JFL,45,28,25,194.00,"4,850.00"
2019-10-23,2019102301002090,KBL,16,58,410,184.00,"75,440.00"
2019-10-23,2019102301002076,KBL,43,58,590,184.00,"108,560.00"
2019-10-23,2019102301002075,KBL,43,26,410,184.00,"75,440.00"
2019-10-23,2019102301001914,KBL,43,38,"1,000",184.00,"184,000.00"
2019-10-23,2019102301001684,KBL,38,38,"1,000",184.00,"184,000.00"
2019-10-23,2019102301001704,KSBBL,29,29,85,143.00,"12,155.00"
2019-10-23,2019102301002145,LBBL,1,59,100,173.00,"17,300.00"
2019-10-23,2019102301002144,LBBL,7,59,42,173.00,"7,266.00"
2019-10-23,2019102301002128,LBL,54,42,200,217.00,"43,400.00"
2019-10-23,2019102301002127,LBL,54,42,200,217.00,"43,400.00"
2019-10-23,2019102301002084,LBL,43,52,50,217.00,"10,850.00"
2019-10-23,2019102301001860,LGIL,43,32,50,311.00,"15,550.00"
2019-10-23,2019102301001677,LICN,26,25,10,988.00,"9,880.00"
2019-10-23,2019102301001973,LLBS,18,19,18,665.00,"11,970.00"
2019-10-23,2019102301001954,LLBS,18,53,43,664.00,"28,552.00"
2019-10-23,2019102301001953,LLBS,18,32,50,664.00,"33,200.00"
2019-10-23,2019102301002113,MBL,37,26,152,225.00,"34,200.00"
2019-10-23,2019102301001733,MBL,48,48,30,225.00,"6,750.00"
2019-10-23,2019102301001917,MDB,6,47,276,251.00,"69,276.00"
2019-10-23,2019102301001916,MDB,6,47,347,251.00,"87,097.00"
2019-10-23,2019102301001915,MDB,6,17,16,251.00,"4,016.00"
2019-10-23,2019102301002111,MEGA,1,49,94,197.00,"18,518.00"
2019-10-23,2019102301002110,MEGA,41,49,10,198.00,"1,980.00"
2019-10-23,2019102301002013,MEGA,21,50,13,199.00,"2,587.00"
2019-10-23,2019102301001885,MEGA,26,32,232,198.00,"45,936.00"
2019-10-23,2019102301001923,MEGA,26,32,451,198.00,"89,298.00"
2019-10-23,2019102301001922,MEGA,47,32,200,198.00,"39,600.00"
2019-10-23,2019102301001921,MEGA,26,32,"1,048",198.00,"207,504.00"
2019-10-23,2019102301001996,MEGA,57,6,500,198.00,"99,000.00"
2019-10-23,2019102301001995,MEGA,26,6,549,198.00,"108,702.00"
2019-10-23,2019102301002083,MERO,47,48,16,557.00,"8,912.00"
2019-10-23,2019102301002082,MERO,22,48,17,557.00,"9,469.00"
2019-10-23,2019102301002007,MERO,21,44,10,557.00,"5,570.00"
2019-10-23,2019102301001850,MERO,39,26,105,556.00,"58,380.00"
2019-10-23,2019102301002093,MLBL,38,18,475,213.00,"101,175.00"
2019-10-23,2019102301001992,MLBL,41,18,25,213.00,"5,325.00"
2019-10-23,2019102301001754,MPFL,49,37,16,100.00,"1,600.00"
2019-10-23,2019102301002071,MSLB,40,45,15,891.00,"13,365.00"
2019-10-23,2019102301001751,MSLB,40,10,20,877.00,"17,540.00"
2019-10-23,2019102301001750,MSLB,40,28,48,873.00,"41,904.00"
2019-10-23,2019102301001749,MSLB,40,49,86,871.00,"74,906.00"
2019-10-23,2019102301001734,MSLB,6,11,95,870.00,"82,650.00"
2019-10-23,2019102301002048,MSMBS,40,53,11,461.00,"5,071.00"
2019-10-23,2019102301001882,NABIL,28,40,500,761.00,"380,500.00"
2019-10-23,2019102301001873,NBB,56,56,57,211.00,"12,027.00"
2019-10-23,2019102301001771,NBB,13,56,20,211.00,"4,220.00"
2019-10-23,2019102301001753,NBB,28,56,223,211.00,"47,053.00"
2019-10-23,2019102301001752,NBB,28,49,150,211.00,"31,650.00"
2019-10-23,2019102301002148,NBL,17,25,200,317.00,"63,400.00"
2019-10-23,2019102301001999,NBL,59,43,60,318.00,"19,080.00"
2019-10-23,2019102301001960,NBL,36,43,300,317.00,"95,100.00"
2019-10-23,2019102301001959,NBL,36,22,100,317.00,"31,700.00"
2019-10-23,2019102301001761,NBL,41,7,50,317.00,"15,850.00"
2019-10-23,2019102301001760,NBL,41,43,100,317.00,"31,700.00"
2019-10-23,2019102301001712,NCCB,49,32,"2,000",200.00,"400,000.00"
2019-10-23,2019102301001711,NCCB,49,10,487,200.00,"97,400.00"
2019-10-23,2019102301001710,NCCB,49,32,"2,000",200.00,"400,000.00"
2019-10-23,2019102301001709,NCCB,49,49,150,200.00,"30,000.00"
2019-10-23,2019102301001708,NCCB,49,34,168,200.00,"33,600.00"
2019-10-23,2019102301001707,NCCB,49,51,17,200.00,"3,400.00"
2019-10-23,2019102301001658,NCCB,45,51,214,200.00,"42,800.00"
2019-10-23,2019102301001657,NCCB,45,45,11,200.00,"2,200.00"
2019-10-23,2019102301001656,NCCB,45,49,275,200.00,"55,000.00"
2019-10-23,2019102301001888,NEF,19,17,100,8.09,809.00
2019-10-23,2019102301001784,NEF,26,19,"2,000",7.94,"15,880.00"
2019-10-23,2019102301001829,NGPL,1,54,11,99.00,"1,089.00"
2019-10-23,2019102301002081,NHPC,56,22,100,54.00,"5,400.00"
2019-10-23,2019102301001984,NIB,26,14,92,441.00,"40,572.00"
2019-10-23,2019102301001758,NIBPO,28,50,800,406.00,"324,800.00"
2019-10-23,2019102301001757,NIBPO,17,50,600,406.00,"243,600.00"
2019-10-23,2019102301001756,NIBPO,28,50,500,406.00,"203,000.00"
2019-10-23,2019102301002121,NICA,28,55,714,397.00,"283,458.00"
2019-10-23,2019102301002120,NICA,28,8,286,397.00,"113,542.00"
2019-10-23,2019102301002092,NICA,28,8,714,397.00,"283,458.00"
2019-10-23,2019102301002091,NICA,28,21,86,397.00,"34,142.00"
2019-10-23,2019102301002009,NICA,46,21,14,397.00,"5,558.00"
2019-10-23,2019102301001925,NICA,7,59,150,396.00,"59,400.00"
2019-10-23,2019102301001688,NICA,28,28,734,394.00,"289,196.00"
2019-10-23,2019102301001687,NICA,28,26,266,394.00,"104,804.00"
2019-10-23,2019102301001812,NICA,34,13,200,394.00,"78,800.00"
2019-10-23,2019102301001742,NICA,38,8,650,395.00,"256,750.00"
2019-10-23,2019102301001741,NICA,38,28,184,395.00,"72,680.00"
2019-10-23,2019102301001740,NICA,38,8,66,394.00,"26,004.00"
2019-10-23,2019102301001728,NICA,7,8,934,394.00,"367,996.00"
2019-10-23,2019102301001727,NICA,7,28,266,394.00,"104,804.00"
2019-10-23,2019102301001856,NICA,26,55,500,395.00,"197,500.00"
2019-10-23,2019102301001855,NICA,26,57,200,395.00,"79,000.00"
2019-10-23,2019102301001854,NICA,26,52,100,395.00,"39,500.00"
2019-10-23,2019102301001853,NICA,26,52,500,395.00,"197,500.00"
2019-10-23,2019102301001852,NICA,26,8,350,395.00,"138,250.00"
2019-10-23,2019102301001813,NICA,45,13,200,394.00,"78,800.00"
2019-10-23,2019102301001924,NICA,7,8,750,396.00,"297,000.00"
2019-10-23,2019102301001891,NICA,10,8,250,396.00,"99,000.00"
2019-10-23,2019102301001875,NICA,45,11,526,395.00,"207,770.00"
2019-10-23,2019102301001859,NICA,26,11,214,395.00,"84,530.00"
2019-10-23,2019102301001858,NICA,26,41,100,395.00,"39,500.00"
2019-10-23,2019102301001857,NICA,26,53,36,395.00,"14,220.00"
2019-10-23,2019102301001846,NICL,25,49,20,265.00,"5,300.00"
2019-10-23,2019102301001777,NIL,6,39,10,358.00,"3,580.00"
2019-10-23,2019102301001848,NLBBL,6,1,100,500.00,"50,000.00"
2019-10-23,2019102301001847,NLBBL,6,33,12,500.00,"6,000.00"
2019-10-23,2019102301001881,NLG,1,39,50,564.00,"28,200.00"
2019-10-23,2019102301001872,NLG,1,6,50,564.00,"28,200.00"
2019-10-23,2019102301002046,NLIC,34,49,10,800.00,"8,000.00"
2019-10-23,2019102301002045,NLIC,34,26,20,798.00,"15,960.00"
2019-10-23,2019102301002017,NLIC,28,44,100,790.00,"79,000.00"
2019-10-23,2019102301002016,NLIC,28,11,250,790.00,"197,500.00"
2019-10-23,2019102301002015,NLIC,28,54,20,790.00,"15,800.00"
2019-10-23,2019102301001980,NLIC,4,4,20,785.00,"15,700.00"
2019-10-23,2019102301001721,NLIC,4,38,100,788.00,"78,800.00"
2019-10-23,2019102301001720,NLIC,4,45,50,788.00,"39,400.00"
2019-10-23,2019102301001713,NLIC,4,55,605,787.00,"476,135.00"
2019-10-23,2019102301001683,NLIC,29,41,100,784.00,"78,400.00"
2019-10-23,2019102301001947,NLIC,53,41,200,789.00,"157,800.00"
2019-10-23,2019102301001946,NLIC,53,21,10,789.00,"7,890.00"
2019-10-23,2019102301001945,NLIC,53,58,10,789.00,"7,890.00"
2019-10-23,2019102301001944,NLIC,53,54,20,789.00,"15,780.00"
2019-10-23,2019102301001778,NLIC,4,13,650,788.00,"512,200.00"
2019-10-23,2019102301001722,NLIC,4,16,100,788.00,"78,800.00"
2019-10-23,2019102301002087,NLICL,28,35,838,456.00,"382,128.00"
2019-10-23,2019102301002079,NLICL,4,28,700,455.00,"318,500.00"
2019-10-23,2019102301002078,NLICL,4,25,75,455.00,"34,125.00"
2019-10-23,2019102301002077,NLICL,4,28,528,454.00,"239,712.00"
2019-10-23,2019102301002034,NLICL,54,28,272,450.00,"122,400.00"
2019-10-23,2019102301002074,NMBMF,54,17,41,"1,098.00","45,018.00"
2019-10-23,2019102301002073,NMBMF,54,1,18,"1,098.00","19,764.00"
2019-10-23,2019102301002072,NMBMF,22,1,10,"1,098.00","10,980.00"
2019-10-23,2019102301002061,NMBMF,16,11,24,"1,097.00","26,328.00"
2019-10-23,2019102301001979,NMBMF,28,49,35,"1,097.00","38,395.00"
2019-10-23,2019102301001934,NMBMF,28,38,230,"1,097.00","252,310.00"
2019-10-23,2019102301001743,NMBMF,51,44,10,"1,095.00","10,950.00"
2019-10-23,2019102301001927,NMBMF,26,41,28,"1,095.00","30,660.00"
2019-10-23,2019102301001918,NMBMF,26,43,72,"1,095.00","78,840.00"
2019-10-23,2019102301001822,NMBMF,37,43,28,"1,095.00","30,660.00"
2019-10-23,2019102301001821,NMBMF,37,44,41,"1,095.00","44,895.00"
2019-10-23,2019102301001820,NMBMF,37,44,31,"1,095.00","33,945.00"
2019-10-23,2019102301001810,NMBMF,50,50,50,"1,094.00","54,700.00"
2019-10-23,2019102301001933,NMBMF,28,38,41,"1,097.00","44,977.00"
2019-10-23,2019102301001932,NMBMF,28,38,41,"1,097.00","44,977.00"
2019-10-23,2019102301001931,NMBMF,28,38,41,"1,097.00","44,977.00"
2019-10-23,2019102301001930,NMBMF,28,38,41,"1,097.00","44,977.00"
2019-10-23,2019102301001929,NMBMF,28,35,49,"1,096.00","53,704.00"
2019-10-23,2019102301001928,NMBMF,28,41,22,"1,095.00","24,090.00"
2019-10-23,2019102301001907,NSEWA,42,10,10,381.00,"3,810.00"
2019-10-23,2019102301002064,NTC,59,41,10,626.00,"6,260.00"
2019-10-23,2019102301002060,NTC,13,59,500,619.00,"309,500.00"
2019-10-23,2019102301002059,NTC,55,59,10,620.00,"6,200.00"
2019-10-23,2019102301002058,NTC,48,59,20,620.00,"12,400.00"
2019-10-23,2019102301002057,NTC,56,59,50,625.00,"31,250.00"
2019-10-23,2019102301002149,NUBL,40,41,50,875.00,"43,750.00"
2019-10-23,2019102301001909,OHL,34,57,300,445.00,"133,500.00"
2019-10-23,2019102301001937,OHL,49,39,500,449.00,"224,500.00"
2019-10-23,2019102301001936,OHL,49,41,100,448.00,"44,800.00"
2019-10-23,2019102301001805,PCBL,13,53,454,266.00,"120,764.00"
2019-10-23,2019102301001796,PCBL,13,53,445,266.00,"118,370.00"
2019-10-23,2019102301001786,PCBL,38,53,55,266.00,"14,630.00"
2019-10-23,2019102301001745,PCBL,13,53,972,266.00,"258,552.00"
2019-10-23,2019102301001723,PCBL,13,53,28,266.00,"7,448.00"
2019-10-23,2019102301002005,PIC,6,6,500,370.00,"185,000.00"
2019-10-23,2019102301002004,PIC,6,51,35,369.00,"12,915.00"
2019-10-23,2019102301002003,PIC,6,54,20,368.00,"7,360.00"
2019-10-23,2019102301001775,PIC,42,35,100,365.00,"36,500.00"
2019-10-23,2019102301002117,PPCL,17,22,10,93.00,930.00
2019-10-23,2019102301002126,PRIN,37,49,80,310.00,"24,800.00"
2019-10-23,2019102301002125,PRIN,13,49,20,311.00,"6,220.00"
2019-10-23,2019102301002135,PRVU,57,4,100,266.00,"26,600.00"
2019-10-23,2019102301002088,PRVU,53,34,200,265.00,"53,000.00"
2019-10-23,2019102301002086,PRVU,32,34,100,265.00,"26,500.00"
2019-10-23,2019102301002085,PRVU,50,34,500,265.00,"132,500.00"
2019-10-23,2019102301002070,PRVU,45,34,50,265.00,"13,250.00"
2019-10-23,2019102301002069,PRVU,47,34,500,265.00,"132,500.00"
2019-10-23,2019102301001694,PRVU,26,45,129,264.00,"34,056.00"
2019-10-23,2019102301001693,PRVU,26,45,380,264.00,"100,320.00"
2019-10-23,2019102301001692,PRVU,26,56,64,264.00,"16,896.00"
2019-10-23,2019102301001691,PRVU,26,34,427,264.00,"112,728.00"
2019-10-23,2019102301001876,PRVU,38,22,50,265.00,"13,250.00"
2019-10-23,2019102301001871,PRVU,26,14,"1,000",265.00,"265,000.00"
2019-10-23,2019102301001729,PRVU,53,45,500,264.00,"132,000.00"
2019-10-23,2019102301001715,PRVU,19,45,100,264.00,"26,400.00"
2019-10-23,2019102301001705,PRVU,38,45,"1,000",264.00,"264,000.00"
2019-10-23,2019102301001697,PRVU,6,21,30,263.00,"7,890.00"
2019-10-23,2019102301001903,PRVU,55,34,"1,000",265.00,"265,000.00"
2019-10-23,2019102301001887,PRVU,38,4,250,266.00,"66,500.00"
2019-10-23,2019102301001879,PRVU,38,4,120,266.00,"31,920.00"
2019-10-23,2019102301001878,PRVU,38,49,30,266.00,"7,980.00"
2019-10-23,2019102301001877,PRVU,38,42,"1,300",266.00,"345,800.00"
2019-10-23,2019102301002062,PRVU,54,34,650,265.00,"172,250.00"
2019-10-23,2019102301002047,PRVU,42,4,68,266.00,"18,088.00"
2019-10-23,2019102301001989,PRVU,32,34,"1,900",265.00,"503,500.00"
2019-10-23,2019102301001935,PRVU,8,34,100,265.00,"26,500.00"
2019-10-23,2019102301002025,RHPL,54,8,40,178.00,"7,120.00"
2019-10-23,2019102301002024,RHPL,54,8,40,178.00,"7,120.00"
2019-10-23,2019102301002023,RHPL,54,57,20,177.00,"3,540.00"
2019-10-23,2019102301001987,RHPL,14,51,20,176.00,"3,520.00"
2019-10-23,2019102301001966,RHPL,14,57,500,177.00,"88,500.00"
2019-10-23,2019102301001965,RHPL,25,57,500,177.00,"88,500.00"
2019-10-23,2019102301001671,RHPL,54,20,40,179.00,"7,160.00"
2019-10-23,2019102301001670,RHPL,54,50,500,179.00,"89,500.00"
2019-10-23,2019102301001669,RHPL,54,59,300,179.00,"53,700.00"
2019-10-23,2019102301001668,RHPL,54,43,40,177.00,"7,080.00"
2019-10-23,2019102301001681,RHPL,14,21,20,176.00,"3,520.00"
2019-10-23,2019102301001680,RHPL,14,21,20,176.00,"3,520.00"
2019-10-23,2019102301001675,RHPL,54,39,20,179.00,"3,580.00"
2019-10-23,2019102301001674,RHPL,54,34,100,179.00,"17,900.00"
2019-10-23,2019102301001673,RHPL,54,47,100,179.00,"17,900.00"
2019-10-23,2019102301001672,RHPL,54,40,100,179.00,"17,900.00"
2019-10-23,2019102301001716,RHPL,25,1,100,180.00,"18,000.00"
2019-10-23,2019102301001714,RHPL,25,8,100,179.00,"17,900.00"
2019-10-23,2019102301001706,RHPL,14,51,20,177.00,"3,540.00"
2019-10-23,2019102301001696,RHPL,54,41,200,179.00,"35,800.00"
2019-10-23,2019102301001695,RHPL,54,39,10,179.00,"1,790.00"
2019-10-23,2019102301001685,RHPL,8,51,20,178.00,"3,560.00"
2019-10-23,2019102301001774,RHPL,14,51,10,178.00,"1,780.00"
2019-10-23,2019102301001773,RHPL,14,59,50,178.00,"8,900.00"
2019-10-23,2019102301001748,RHPL,14,21,40,178.00,"7,120.00"
2019-10-23,2019102301001719,RHPL,25,25,500,180.00,"90,000.00"
2019-10-23,2019102301001718,RHPL,25,33,500,180.00,"90,000.00"
2019-10-23,2019102301001717,RHPL,25,47,40,180.00,"7,200.00"
2019-10-23,2019102301001808,RHPL,14,21,40,177.00,"7,080.00"
2019-10-23,2019102301001800,RHPL,14,21,40,177.00,"7,080.00"
2019-10-23,2019102301001799,RHPL,14,51,20,179.00,"3,580.00"
2019-10-23,2019102301001798,RHPL,14,51,20,178.00,"3,560.00"
2019-10-23,2019102301001797,RHPL,14,51,10,178.00,"1,780.00"
2019-10-23,2019102301001781,RHPL,14,21,40,177.00,"7,080.00"
2019-10-23,2019102301001865,RHPL,14,51,20,177.00,"3,540.00"
2019-10-23,2019102301001864,RHPL,18,8,40,178.00,"7,120.00"
2019-10-23,2019102301001863,RHPL,18,8,40,178.00,"7,120.00"
2019-10-23,2019102301001862,RHPL,18,42,50,178.00,"8,900.00"
2019-10-23,2019102301001842,RHPL,14,51,20,177.00,"3,540.00"
2019-10-23,2019102301001823,RHPL,14,21,40,177.00,"7,080.00"
2019-10-23,2019102301001913,RHPL,14,51,10,177.00,"1,770.00"
2019-10-23,2019102301001904,RHPL,14,38,30,177.00,"5,310.00"
2019-10-23,2019102301001902,RHPL,14,51,20,177.00,"3,540.00"
2019-10-23,2019102301001889,RHPL,14,51,20,177.00,"3,540.00"
2019-10-23,2019102301001883,RHPL,14,51,20,177.00,"3,540.00"
2019-10-23,2019102301001870,RHPL,14,51,20,177.00,"3,540.00"
2019-10-23,2019102301001964,RHPL,28,57,500,177.00,"88,500.00"
2019-10-23,2019102301001963,RHPL,14,57,80,177.00,"14,160.00"
2019-10-23,2019102301001961,RHPL,14,51,20,177.00,"3,540.00"
2019-10-23,2019102301001952,RHPL,14,51,20,177.00,"3,540.00"
2019-10-23,2019102301001938,RHPL,14,51,20,177.00,"3,540.00"
2019-10-23,2019102301001919,RHPL,14,51,20,177.00,"3,540.00"
2019-10-23,2019102301001827,RRHP,47,21,10,100.00,"1,000.00"
2019-10-23,2019102301001682,RRHP,47,21,10,100.00,"1,000.00"
2019-10-23,2019102301002012,RSDC,53,7,55,320.00,"17,600.00"
2019-10-23,2019102301002011,RSDC,53,45,63,320.00,"20,160.00"
2019-10-23,2019102301001941,RSDC,1,22,50,319.00,"15,950.00"
2019-10-23,2019102301001940,RSDC,1,32,17,319.00,"5,423.00"
2019-10-23,2019102301001819,SABSL,5,47,10,459.00,"4,590.00"
2019-10-23,2019102301001817,SABSL,5,39,10,458.00,"4,580.00"
2019-10-23,2019102301001815,SABSL,5,42,10,452.00,"4,520.00"
2019-10-23,2019102301001802,SANIMA,32,25,100,312.00,"31,200.00"
2019-10-23,2019102301001801,SANIMA,32,8,"1,000",312.00,"312,000.00"
2019-10-23,2019102301001828,SAPDBL,32,32,49,121.00,"5,929.00"
2019-10-23,2019102301001699,SAPDBL,55,48,90,121.00,"10,890.00"
2019-10-23,2019102301001698,SAPDBL,55,6,360,121.00,"43,560.00"
2019-10-23,2019102301001679,SAPDBL,59,48,112,121.00,"13,552.00"
2019-10-23,2019102301001678,SAPDBL,59,45,90,121.00,"10,890.00"
2019-10-23,2019102301002066,SBI,14,39,798,403.00,"321,594.00"
2019-10-23,2019102301001790,SBI,17,39,50,404.00,"20,200.00"
2019-10-23,2019102301002141,SBL,53,57,70,292.00,"20,440.00"
2019-10-23,2019102301002140,SBL,53,34,180,292.00,"52,560.00"
2019-10-23,2019102301002139,SBL,53,45,150,292.00,"43,800.00"
2019-10-23,2019102301002027,SBL,42,13,400,291.00,"116,400.00"
2019-10-23,2019102301001905,SBL,26,57,"1,050",290.00,"304,500.00"
2019-10-23,2019102301001866,SBL,26,38,128,290.00,"37,120.00"
2019-10-23,2019102301002134,SCB,49,35,100,559.00,"55,900.00"
2019-10-23,2019102301002100,SCB,22,19,100,560.00,"56,000.00"
2019-10-23,2019102301002099,SCB,22,47,100,560.00,"56,000.00"
2019-10-23,2019102301002095,SCB,39,34,10,560.00,"5,600.00"
2019-10-23,2019102301002094,SCB,39,47,200,559.00,"111,800.00"
2019-10-23,2019102301002063,SCB,54,47,100,559.00,"55,900.00"
2019-10-23,2019102301001795,SCB,49,13,100,556.00,"55,600.00"
2019-10-23,2019102301002052,SCB,48,42,210,558.00,"117,180.00"
2019-10-23,2019102301002051,SCB,48,45,20,558.00,"11,160.00"
2019-10-23,2019102301002050,SCB,48,22,100,557.00,"55,700.00"
2019-10-23,2019102301002049,SCB,48,56,50,557.00,"27,850.00"
2019-10-23,2019102301002006,SCB,17,13,110,556.00,"61,160.00"
2019-10-23,2019102301001869,SCB,25,13,30,556.00,"16,680.00"
2019-10-23,2019102301001994,SHINE,47,41,30,254.00,"7,620.00"
2019-10-23,2019102301002143,SHIVM,52,56,10,486.00,"4,860.00"
2019-10-23,2019102301002142,SHIVM,46,56,100,486.00,"48,600.00"
2019-10-23,2019102301002054,SHIVM,45,57,300,488.00,"146,400.00"
2019-10-23,2019102301002020,SHL,22,58,"1,000",208.00,"208,000.00"
2019-10-23,2019102301001993,SHL,32,58,200,209.00,"41,800.00"
2019-10-23,2019102301001814,SHL,16,58,300,209.00,"62,700.00"
2019-10-23,2019102301001839,SHPC,40,38,"1,000",192.00,"192,000.00"
2019-10-23,2019102301001838,SHPC,40,49,40,192.00,"7,680.00"
2019-10-23,2019102301001780,SHPC,56,38,600,190.00,"114,000.00"
2019-10-23,2019102301001779,SHPC,57,38,300,190.00,"57,000.00"
2019-10-23,2019102301002002,SICL,29,41,168,735.00,"123,480.00"
2019-10-23,2019102301002001,SICL,22,41,10,735.00,"7,350.00"
2019-10-23,2019102301002000,SICL,57,41,22,735.00,"16,170.00"
2019-10-23,2019102301001739,SIFC,42,17,10,155.00,"1,550.00"
2019-10-23,2019102301002026,SJCL,25,45,20,178.00,"3,560.00"
2019-10-23,2019102301002014,SJCL,25,10,20,178.00,"3,560.00"
2019-10-23,2019102301002008,SJCL,25,8,100,178.00,"17,800.00"
2019-10-23,2019102301001664,SJCL,48,21,20,174.00,"3,480.00"
2019-10-23,2019102301001783,SJCL,48,21,20,174.00,"3,480.00"
2019-10-23,2019102301001755,SJCL,48,21,20,174.00,"3,480.00"
2019-10-23,2019102301001703,SJCL,45,43,20,176.00,"3,520.00"
2019-10-23,2019102301001702,SJCL,45,25,20,176.00,"3,520.00"
2019-10-23,2019102301001701,SJCL,45,51,10,175.00,"1,750.00"
2019-10-23,2019102301001686,SJCL,48,21,20,174.00,"3,480.00"
2019-10-23,2019102301001811,SJCL,34,21,20,174.00,"3,480.00"
2019-10-23,2019102301001804,SJCL,34,21,20,174.00,"3,480.00"
2019-10-23,2019102301001794,SJCL,45,51,10,176.00,"1,760.00"
2019-10-23,2019102301001793,SJCL,45,51,10,176.00,"1,760.00"
2019-10-23,2019102301001792,SJCL,45,51,10,175.00,"1,750.00"
2019-10-23,2019102301001791,SJCL,45,51,10,175.00,"1,750.00"
2019-10-23,2019102301001835,SJCL,18,59,10,177.00,"1,770.00"
2019-10-23,2019102301001834,SJCL,18,25,20,177.00,"3,540.00"
2019-10-23,2019102301001833,SJCL,18,25,20,177.00,"3,540.00"
2019-10-23,2019102301001832,SJCL,18,44,10,177.00,"1,770.00"
2019-10-23,2019102301001831,SJCL,18,43,20,177.00,"3,540.00"
2019-10-23,2019102301001830,SJCL,18,51,10,176.00,"1,760.00"
2019-10-23,2019102301001890,SJCL,34,51,10,174.00,"1,740.00"
2019-10-23,2019102301001884,SJCL,34,51,10,174.00,"1,740.00"
2019-10-23,2019102301001874,SJCL,34,51,10,174.00,"1,740.00"
2019-10-23,2019102301001837,SJCL,34,21,20,174.00,"3,480.00"
2019-10-23,2019102301001836,SJCL,18,55,10,177.00,"1,770.00"
2019-10-23,2019102301001912,SJCL,34,51,10,174.00,"1,740.00"
2019-10-23,2019102301001908,SJCL,34,38,10,174.00,"1,740.00"
2019-10-23,2019102301001906,SJCL,34,51,10,174.00,"1,740.00"
2019-10-23,2019102301001974,SJCL,56,51,10,175.00,"1,750.00"
2019-10-23,2019102301001958,SJCL,44,51,10,176.00,"1,760.00"
2019-10-23,2019102301001956,SJCL,44,48,20,176.00,"3,520.00"
2019-10-23,2019102301001955,SJCL,7,51,10,175.00,"1,750.00"
2019-10-23,2019102301001943,SJCL,34,51,10,174.00,"1,740.00"
2019-10-23,2019102301001926,SJCL,34,51,10,174.00,"1,740.00"
2019-10-23,2019102301001990,SJCL,56,51,10,175.00,"1,750.00"
2019-10-23,2019102301001988,SJCL,45,51,540,177.00,"95,580.00"
2019-10-23,2019102301001977,SJCL,35,51,10,177.00,"1,770.00"
2019-10-23,2019102301001976,SJCL,35,25,20,176.00,"3,520.00"
2019-10-23,2019102301001724,SKBBL,6,5,40,923.00,"36,920.00"
2019-10-23,2019102301001661,SKBBL,6,13,72,923.00,"66,456.00"
2019-10-23,2019102301001660,SKBBL,7,13,20,923.00,"18,460.00"
2019-10-23,2019102301001659,SKBBL,45,13,20,923.00,"18,460.00"
2019-10-23,2019102301002067,SLBBL,6,56,179,540.00,"96,660.00"
2019-10-23,2019102301002041,SLBBL,13,49,86,539.00,"46,354.00"
2019-10-23,2019102301001851,SLBBL,1,54,34,538.00,"18,292.00"
2019-10-23,2019102301001840,SLBBL,1,54,50,538.00,"26,900.00"
2019-10-23,2019102301001824,SLBBL,1,54,50,538.00,"26,900.00"
2019-10-23,2019102301001818,SLBBL,1,54,50,538.00,"26,900.00"
2019-10-23,2019102301001843,SLICL,42,4,200,266.00,"53,200.00"
2019-10-23,2019102301001735,SLICL,29,4,500,265.00,"132,500.00"
2019-10-23,2019102301001726,SPDL,45,25,15,75.00,"1,125.00"
2019-10-23,2019102301001920,SRBL,6,35,280,213.00,"59,640.00"
2019-10-23,2019102301002032,TRH,55,45,90,280.00,"25,200.00"
2019-10-23,2019102301001654,TRH,55,45,10,283.00,"2,830.00"
2019-10-23,2019102301002033,UFL,32,28,"1,000",179.00,"179,000.00"
2019-10-23,2019102301001991,UIC,42,57,50,255.00,"12,750.00"
2019-10-23,2019102301002022,UPPER,18,42,200,240.00,"48,000.00"
2019-10-23,2019102301002021,UPPER,18,22,495,240.00,"118,800.00"
2019-10-23,2019102301002010,UPPER,50,33,200,239.00,"47,800.00"
2019-10-23,2019102301001765,UPPER,29,47,200,240.00,"48,000.00"
2019-10-23,2019102301001764,UPPER,29,33,"1,000",239.00,"239,000.00"
2019-10-23,2019102301001763,UPPER,29,22,500,239.00,"119,500.00"
2019-10-23,2019102301001762,UPPER,56,21,50,238.00,"11,900.00"
2019-10-23,2019102301001690,UPPER,41,21,50,237.00,"11,850.00"
2019-10-23,2019102301001676,UPPER,41,21,50,237.00,"11,850.00"
2019-10-23,2019102301001785,UPPER,50,43,200,241.00,"48,200.00"
2019-10-23,2019102301001770,UPPER,29,57,50,240.00,"12,000.00"
2019-10-23,2019102301001769,UPPER,29,22,500,240.00,"120,000.00"
2019-10-23,2019102301001768,UPPER,29,47,"1,000",240.00,"240,000.00"
2019-10-23,2019102301001767,UPPER,29,53,40,240.00,"9,600.00"
2019-10-23,2019102301001766,UPPER,29,57,300,240.00,"72,000.00"
2019-10-23,2019102301001841,UPPER,56,21,40,238.00,"9,520.00"
2019-10-23,2019102301001816,UPPER,56,21,50,238.00,"11,900.00"
2019-10-23,2019102301001787,UPPER,56,21,40,238.00,"9,520.00"
2019-10-23,2019102301001632,ADBL,56,38,13,412.00,"5,356.00"
2019-10-23,2019102301001631,ADBL,22,38,42,412.00,"17,304.00"
2019-10-23,2019102301001423,ADBL,22,45,58,412.00,"23,896.00"
2019-10-23,2019102301001269,ADBL,49,28,58,411.00,"23,838.00"
2019-10-23,2019102301001268,ADBL,45,28,48,412.00,"19,776.00"
2019-10-23,2019102301001617,AKBSL,48,28,10,409.00,"4,090.00"
2019-10-23,2019102301001616,AKBSL,48,28,10,408.00,"4,080.00"
2019-10-23,2019102301001596,AKBSL,53,57,10,407.00,"4,070.00"
2019-10-23,2019102301001312,AKBSL,53,28,10,407.00,"4,070.00"
2019-10-23,2019102301001177,AKJCL,56,47,10,54.00,540.00
2019-10-23,2019102301001176,AKJCL,56,47,20,54.00,"1,080.00"
2019-10-23,2019102301001175,AKJCL,56,47,20,54.00,"1,080.00"
2019-10-23,2019102301001174,AKJCL,56,47,10,54.00,540.00
2019-10-23,2019102301001173,AKJCL,56,47,10,54.00,540.00
2019-10-23,2019102301001172,AKJCL,56,47,20,54.00,"1,080.00"
2019-10-23,2019102301001159,AKJCL,56,47,20,54.00,"1,080.00"
2019-10-23,2019102301001158,AKJCL,56,47,20,54.00,"1,080.00"
2019-10-23,2019102301001157,AKJCL,56,47,20,54.00,"1,080.00"
2019-10-23,2019102301001156,AKJCL,56,47,20,54.00,"1,080.00"
2019-10-23,2019102301001155,AKJCL,56,47,10,54.00,540.00
2019-10-23,2019102301001154,AKJCL,56,47,20,54.00,"1,080.00"
2019-10-23,2019102301001165,AKJCL,56,47,10,54.00,540.00
2019-10-23,2019102301001164,AKJCL,56,47,10,54.00,540.00
2019-10-23,2019102301001163,AKJCL,56,47,20,54.00,"1,080.00"
2019-10-23,2019102301001162,AKJCL,56,47,20,54.00,"1,080.00"
2019-10-23,2019102301001161,AKJCL,56,47,10,54.00,540.00
2019-10-23,2019102301001160,AKJCL,56,47,20,54.00,"1,080.00"
2019-10-23,2019102301001171,AKJCL,56,47,10,54.00,540.00
2019-10-23,2019102301001170,AKJCL,56,47,10,54.00,540.00
2019-10-23,2019102301001169,AKJCL,56,47,20,54.00,"1,080.00"
2019-10-23,2019102301001168,AKJCL,56,47,10,54.00,540.00
2019-10-23,2019102301001167,AKJCL,56,47,10,54.00,540.00
2019-10-23,2019102301001166,AKJCL,56,47,10,54.00,540.00
2019-10-23,2019102301001585,AKPL,35,21,13,133.00,"1,729.00"
2019-10-23,2019102301001254,AKPL,17,17,10,133.00,"1,330.00"
2019-10-23,2019102301001624,ALBSL,14,7,100,374.00,"37,400.00"
2019-10-23,2019102301001179,ALBSL,55,38,10,373.00,"3,730.00"
2019-10-23,2019102301001466,API,58,48,29,110.00,"3,190.00"
2019-10-23,2019102301001384,API,58,51,750,110.00,"82,500.00"
2019-10-23,2019102301001383,API,25,51,250,110.00,"27,500.00"
2019-10-23,2019102301001301,API,25,51,50,111.00,"5,550.00"
2019-10-23,2019102301001296,API,25,22,750,110.00,"82,500.00"
2019-10-23,2019102301001237,API,25,22,50,110.00,"5,500.00"
2019-10-23,2019102301001351,BARUN,17,56,100,89.00,"8,900.00"
2019-10-23,2019102301001328,BFC,57,56,150,91.00,"13,650.00"
2019-10-23,2019102301001294,BFC,19,33,10,92.00,920.00
2019-10-23,2019102301001291,BFC,57,19,510,91.00,"46,410.00"
2019-10-23,2019102301001249,BOKL,59,48,15,228.00,"3,420.00"
2019-10-23,2019102301001219,BOKL,59,57,185,228.00,"42,180.00"
2019-10-23,2019102301001218,BOKL,45,57,415,228.00,"94,620.00"
2019-10-23,2019102301001574,BPCL,13,28,33,358.00,"11,814.00"
2019-10-23,2019102301001521,CBBL,22,58,80,969.00,"77,520.00"
2019-10-23,2019102301001520,CBBL,22,13,100,969.00,"96,900.00"
2019-10-23,2019102301001606,CBL,49,16,102,143.00,"14,586.00"
2019-10-23,2019102301001523,CBL,49,14,35,143.00,"5,005.00"
2019-10-23,2019102301001612,CCBL,52,53,93,154.00,"14,322.00"
2019-10-23,2019102301001611,CCBL,52,56,73,154.00,"11,242.00"
2019-10-23,2019102301001610,CCBL,52,38,32,154.00,"4,928.00"
2019-10-23,2019102301001371,CCBL,57,38,"1,638",153.00,"250,614.00"
2019-10-23,2019102301001198,CCBL,38,38,75,154.00,"11,550.00"
2019-10-23,2019102301001570,CHCL,55,57,240,415.00,"99,600.00"
2019-10-23,2019102301001545,CHCL,36,57,339,413.00,"140,007.00"
2019-10-23,2019102301001478,CHCL,45,40,31,411.00,"12,741.00"
2019-10-23,2019102301001474,CHCL,55,22,60,412.00,"24,720.00"
2019-10-23,2019102301001473,CHCL,55,49,60,412.00,"24,720.00"
2019-10-23,2019102301001594,CLBSL,45,56,10,460.00,"4,600.00"
2019-10-23,2019102301001339,DDBL,6,42,109,730.00,"79,570.00"
2019-10-23,2019102301001633,EBL,43,14,20,549.00,"10,980.00"
2019-10-23,2019102301001310,EBL,33,28,133,547.00,"72,751.00"
2019-10-23,2019102301001398,FOWAD,44,44,8,"1,267.00","10,136.00"
2019-10-23,2019102301001193,GBBL,34,48,488,215.00,"104,920.00"
2019-10-23,2019102301001293,GLBSL,48,16,10,413.00,"4,130.00"
2019-10-23,2019102301001260,GLBSL,48,28,10,413.00,"4,130.00"
2019-10-23,2019102301001242,GLICL,25,49,50,359.00,"17,950.00"
2019-10-23,2019102301001326,GMFBS,6,33,50,455.00,"22,750.00"
2019-10-23,2019102301001325,GMFBS,6,33,10,455.00,"4,550.00"
2019-10-23,2019102301001324,GMFBS,6,6,10,454.00,"4,540.00"
2019-10-23,2019102301001323,GMFBS,6,54,10,453.00,"4,530.00"
2019-10-23,2019102301001415,HBL,6,28,170,500.00,"85,000.00"
2019-10-23,2019102301001422,HDL,48,25,20,"1,436.00","28,720.00"
2019-10-23,2019102301001421,HDL,16,25,20,"1,440.00","28,800.00"
2019-10-23,2019102301001357,HIDCL,17,17,17,135.00,"2,295.00"
2019-10-23,2019102301001335,HIDCL,17,17,17,135.00,"2,295.00"
2019-10-23,2019102301001309,HIDCL,14,28,16,134.00,"2,144.00"
2019-10-23,2019102301001307,HIDCL,17,17,17,135.00,"2,295.00"
2019-10-23,2019102301001261,HIDCL,17,17,17,135.00,"2,295.00"
2019-10-23,2019102301001649,HPPL,45,22,480,142.00,"68,160.00"
2019-10-23,2019102301001648,HPPL,45,42,20,141.00,"2,820.00"
2019-10-23,2019102301001482,HPPL,18,56,20,140.00,"2,800.00"
2019-10-23,2019102301001481,HPPL,18,48,20,139.00,"2,780.00"
2019-10-23,2019102301001566,ILBS,6,28,10,415.00,"4,150.00"
2019-10-23,2019102301001560,ILBS,6,28,10,415.00,"4,150.00"
2019-10-23,2019102301001526,ILBS,6,28,10,415.00,"4,150.00"
2019-10-23,2019102301001519,ILBS,11,44,10,418.00,"4,180.00"
2019-10-23,2019102301001518,ILBS,11,44,10,418.00,"4,180.00"
2019-10-23,2019102301001578,JBBL,38,47,444,156.00,"69,264.00"
2019-10-23,2019102301001577,JBBL,1,47,75,156.00,"11,700.00"
2019-10-23,2019102301001576,JBBL,6,47,10,156.00,"1,560.00"
2019-10-23,2019102301001200,JBBL,49,28,180,157.00,"28,260.00"
2019-10-23,2019102301001468,JFL,6,40,300,195.00,"58,500.00"
2019-10-23,2019102301001373,KBL,29,49,300,184.00,"55,200.00"
2019-10-23,2019102301001372,KBL,38,49,20,184.00,"3,680.00"
2019-10-23,2019102301001263,KBL,38,38,11,184.00,"2,024.00"
2019-10-23,2019102301001240,KBL,38,19,94,184.00,"17,296.00"
2019-10-23,2019102301001239,KBL,39,19,206,184.00,"37,904.00"
2019-10-23,2019102301001447,LBL,43,29,33,215.00,"7,095.00"
2019-10-23,2019102301001300,LGIL,28,28,77,308.00,"23,716.00"
2019-10-23,2019102301001299,LGIL,25,28,35,308.00,"10,780.00"
2019-10-23,2019102301001379,LLBS,57,32,20,660.00,"13,200.00"
2019-10-23,2019102301001378,LLBS,57,6,24,660.00,"15,840.00"
2019-10-23,2019102301001462,MBL,26,48,50,225.00,"11,250.00"
2019-10-23,2019102301001252,MBL,6,57,400,225.00,"90,000.00"
2019-10-23,2019102301001243,MBL,55,57,400,225.00,"90,000.00"
2019-10-23,2019102301001420,MDB,21,53,20,248.00,"4,960.00"
2019-10-23,2019102301001646,MEGA,26,53,104,198.00,"20,592.00"
2019-10-23,2019102301001645,MEGA,26,34,116,198.00,"22,968.00"
2019-10-23,2019102301001184,MEGA,45,41,20,197.00,"3,940.00"
2019-10-23,2019102301001183,MEGA,49,41,180,197.00,"35,460.00"
2019-10-23,2019102301001236,MEGA,49,33,800,198.00,"158,400.00"
2019-10-23,2019102301001346,MEGA,38,25,100,198.00,"19,800.00"
2019-10-23,2019102301001345,MEGA,38,6,45,198.00,"8,910.00"
2019-10-23,2019102301001344,MEGA,38,6,34,198.00,"6,732.00"
2019-10-23,2019102301001343,MEGA,38,49,250,198.00,"49,500.00"
2019-10-23,2019102301001342,MEGA,38,33,402,198.00,"79,596.00"
