Date,Transact. No.,Symbol,Buyer,Seller,Quantity,Rate,Amount
2020-07-29,2020072901024098,ADBL,58,42,15,422.00,"6,330.00"
2020-07-29,2020072901024058,ADBL,47,42,30,422.00,"12,660.00"
2020-07-29,2020072901023902,ADBL,25,42,55,422.00,"23,210.00"
2020-07-29,2020072901023901,ADBL,25,49,45,422.00,"18,990.00"
2020-07-29,2020072901023890,ADBL,14,49,200,422.00,"84,400.00"
2020-07-29,2020072901023887,ADBL,47,49,10,422.00,"4,220.00"
2020-07-29,2020072901023865,ADBL,1,49,50,422.00,"21,100.00"
2020-07-29,2020072901023745,ADBL,47,49,10,422.00,"4,220.00"
2020-07-29,2020072901024136,AHPC,33,55,10,94.00,940.00
2020-07-29,2020072901023855,AHPC,51,8,682,93.00,"63,426.00"
2020-07-29,2020072901024198,ALBSL,25,26,160,704.00,"112,640.00"
2020-07-29,2020072901024197,ALBSL,38,26,10,704.00,"7,040.00"
2020-07-29,2020072901024196,ALBSL,52,26,30,704.00,"21,120.00"
2020-07-29,2020072901024075,ALBSL,5,13,100,705.00,"70,500.00"
2020-07-29,2020072901024017,ALICL,45,57,65,645.00,"41,925.00"
2020-07-29,2020072901024016,ALICL,57,57,85,645.00,"54,825.00"
2020-07-29,2020072901023949,ALICL,57,33,415,645.00,"267,675.00"
2020-07-29,2020072901023948,ALICL,53,33,15,645.00,"9,675.00"
2020-07-29,2020072901023947,ALICL,25,33,370,645.00,"238,650.00"
2020-07-29,2020072901023946,ALICL,55,33,100,646.00,"64,600.00"
2020-07-29,2020072901023945,ALICL,16,33,50,646.00,"32,300.00"
2020-07-29,2020072901023944,ALICL,32,33,50,646.00,"32,300.00"
2020-07-29,2020072901023883,API,58,56,500,108.00,"54,000.00"
2020-07-29,2020072901023816,API,13,56,500,107.00,"53,500.00"
2020-07-29,2020072901024103,BNT,45,17,10,"6,500.00","65,000.00"
2020-07-29,2020072901023830,BOKL,45,40,50,236.00,"11,800.00"
2020-07-29,2020072901023782,BOKL,34,35,100,234.00,"23,400.00"
2020-07-29,2020072901024163,BPCL,51,25,150,356.00,"53,400.00"
2020-07-29,2020072901024134,BPCL,34,6,10,358.00,"3,580.00"
2020-07-29,2020072901024139,CBBL,45,44,100,"1,082.00","108,200.00"
2020-07-29,2020072901024116,CBBL,46,22,10,"1,083.00","10,830.00"
2020-07-29,2020072901024097,CBBL,34,22,10,"1,083.00","10,830.00"
2020-07-29,2020072901023797,CBBL,14,51,50,"1,080.00","54,000.00"
2020-07-29,2020072901024055,CBL,29,41,154,146.00,"22,484.00"
2020-07-29,2020072901023800,CHCL,34,34,100,400.00,"40,000.00"
2020-07-29,2020072901023892,CHL,1,14,"4,900",85.00,"416,500.00"
2020-07-29,2020072901023796,CHL,55,14,100,85.00,"8,500.00"
2020-07-29,2020072901023977,CIT,1,22,115,"2,550.00","293,250.00"
2020-07-29,2020072901023976,CIT,1,22,125,"2,550.00","318,750.00"
2020-07-29,2020072901024160,CLBSL,16,45,100,701.00,"70,100.00"
2020-07-29,2020072901024159,CLBSL,49,45,50,702.00,"35,100.00"
2020-07-29,2020072901023744,DDBL,50,57,300,864.00,"259,200.00"
2020-07-29,2020072901024183,DHPL,41,6,50,54.00,"2,700.00"
2020-07-29,2020072901023980,DHPL,42,51,100,53.00,"5,300.00"
2020-07-29,2020072901023979,DHPL,28,51,100,53.00,"5,300.00"
2020-07-29,2020072901023978,DHPL,21,51,"1,300",53.00,"68,900.00"
2020-07-29,2020072901024056,EBL,41,13,75,748.00,"56,100.00"
2020-07-29,2020072901023839,EBL,59,34,12,749.00,"8,988.00"
2020-07-29,2020072901023792,EBL,57,34,50,749.00,"37,450.00"
2020-07-29,2020072901024218,EIC,43,7,50,402.00,"20,100.00"
2020-07-29,2020072901024217,EIC,7,7,750,402.00,"301,500.00"
2020-07-29,2020072901024216,EIC,25,7,50,403.00,"20,150.00"
2020-07-29,2020072901023889,EIC,33,7,10,406.00,"4,060.00"
2020-07-29,2020072901023907,FMDBL,58,59,25,535.00,"13,375.00"
2020-07-29,2020072901024138,GBBL,19,26,10,242.00,"2,420.00"
2020-07-29,2020072901024137,GBBL,19,1,490,242.00,"118,580.00"
2020-07-29,2020072901024111,GBBL,34,1,10,242.00,"2,420.00"
2020-07-29,2020072901023961,GBIME,41,28,200,259.00,"51,800.00"
2020-07-29,2020072901023862,GBIME,49,28,177,259.00,"45,843.00"
2020-07-29,2020072901023861,GBIME,1,28,"1,000",259.00,"259,000.00"
2020-07-29,2020072901023822,GBIME,49,59,10,259.00,"2,590.00"
2020-07-29,2020072901023821,GBIME,49,46,63,259.00,"16,317.00"
2020-07-29,2020072901024195,GLBSL,43,21,107,936.00,"100,152.00"
2020-07-29,2020072901024194,GLBSL,43,57,30,932.00,"27,960.00"
2020-07-29,2020072901024193,GLBSL,43,16,10,932.00,"9,320.00"
2020-07-29,2020072901024192,GLBSL,43,43,40,931.00,"37,240.00"
2020-07-29,2020072901024191,GLBSL,43,52,10,900.00,"9,000.00"
2020-07-29,2020072901023934,GLBSL,43,43,40,918.00,"36,720.00"
2020-07-29,2020072901023726,GLBSL,43,44,50,856.00,"42,800.00"
2020-07-29,2020072901023725,GLBSL,43,13,67,850.00,"56,950.00"
2020-07-29,2020072901023787,GLBSL,43,51,10,882.00,"8,820.00"
2020-07-29,2020072901023786,GLBSL,43,21,10,875.00,"8,750.00"
2020-07-29,2020072901023785,GLBSL,43,48,200,875.00,"175,000.00"
2020-07-29,2020072901023784,GLBSL,43,39,10,870.00,"8,700.00"
2020-07-29,2020072901023728,GLBSL,43,29,52,866.00,"45,032.00"
2020-07-29,2020072901023727,GLBSL,43,38,10,865.00,"8,650.00"
2020-07-29,2020072901023924,GLBSL,43,6,40,904.00,"36,160.00"
2020-07-29,2020072901023812,GLBSL,43,17,140,900.00,"126,000.00"
2020-07-29,2020072901023811,GLBSL,43,37,100,893.00,"89,300.00"
2020-07-29,2020072901023790,GLBSL,43,32,10,883.00,"8,830.00"
2020-07-29,2020072901023789,GLBSL,43,58,70,882.00,"61,740.00"
2020-07-29,2020072901023788,GLBSL,43,46,64,882.00,"56,448.00"
2020-07-29,2020072901023864,GLICL,32,14,170,472.00,"80,240.00"
2020-07-29,2020072901023969,GMFBS,32,10,50,790.00,"39,500.00"
2020-07-29,2020072901024158,GMFIL,13,6,10,124.00,"1,240.00"
2020-07-29,2020072901023905,GMFIL,13,6,10,126.00,"1,260.00"
2020-07-29,2020072901023729,GMFIL,13,34,10,128.00,"1,280.00"
2020-07-29,2020072901024121,GRDBL,44,4,22,113.00,"2,486.00"
2020-07-29,2020072901024215,HDL,55,58,135,"1,683.00","227,205.00"
2020-07-29,2020072901024214,HDL,55,57,65,"1,682.00","109,330.00"
2020-07-29,2020072901024212,HDL,50,32,10,"1,680.00","16,800.00"
2020-07-29,2020072901024153,HDL,50,53,50,"1,680.00","84,000.00"
2020-07-29,2020072901024152,HDL,55,53,50,"1,680.00","84,000.00"
2020-07-29,2020072901023987,HDL,55,53,80,"1,680.00","134,400.00"
2020-07-29,2020072901023831,HDL,43,53,100,"1,680.00","168,000.00"
2020-07-29,2020072901023919,HDL,57,33,60,"1,677.00","100,620.00"
2020-07-29,2020072901023918,HDL,47,33,10,"1,678.00","16,780.00"
2020-07-29,2020072901023917,HDL,34,33,50,"1,679.00","83,950.00"
2020-07-29,2020072901023888,HDL,34,53,100,"1,679.00","167,900.00"
2020-07-29,2020072901023846,HDL,49,53,50,"1,680.00","84,000.00"
2020-07-29,2020072901023832,HDL,41,53,10,"1,680.00","16,800.00"
2020-07-29,2020072901023974,HDL,45,53,50,"1,680.00","84,000.00"
2020-07-29,2020072901023962,HDL,45,34,100,"1,676.00","167,600.00"
2020-07-29,2020072901023923,HDL,45,33,170,"1,676.00","284,920.00"
2020-07-29,2020072901023922,HDL,53,33,10,"1,676.00","16,760.00"
2020-07-29,2020072901023921,HDL,50,33,100,"1,677.00","167,700.00"
2020-07-29,2020072901023920,HDL,44,33,100,"1,677.00","167,700.00"
2020-07-29,2020072901024151,HGI,34,49,600,409.00,"245,400.00"
2020-07-29,2020072901024110,HGI,53,22,20,408.00,"8,160.00"
2020-07-29,2020072901024087,HGI,35,22,100,407.00,"40,700.00"
2020-07-29,2020072901024086,HGI,6,22,50,407.00,"20,350.00"
2020-07-29,2020072901024085,HGI,7,22,100,407.00,"40,700.00"
2020-07-29,2020072901023999,HGI,58,22,60,408.00,"24,480.00"
2020-07-29,2020072901023904,HGI,55,22,20,408.00,"8,160.00"
2020-07-29,2020072901023903,HGI,32,22,150,408.00,"61,200.00"
2020-07-29,2020072901023858,HGI,32,49,850,408.00,"346,800.00"
2020-07-29,2020072901023857,HGI,40,49,100,408.00,"40,800.00"
2020-07-29,2020072901023856,HGI,42,49,50,408.00,"20,400.00"
2020-07-29,2020072901024127,HURJA,58,44,20,93.00,"1,860.00"
2020-07-29,2020072901023818,IGI,8,42,150,444.00,"66,600.00"
2020-07-29,2020072901023817,IGI,13,42,30,444.00,"13,320.00"
2020-07-29,2020072901024132,ILBS,6,38,50,740.00,"37,000.00"
2020-07-29,2020072901023997,ILBS,55,11,70,740.00,"51,800.00"
2020-07-29,2020072901024210,JBBL,6,28,130,180.00,"23,400.00"
2020-07-29,2020072901024209,JBBL,6,38,200,180.00,"36,000.00"
2020-07-29,2020072901024208,JBBL,6,58,170,180.00,"30,600.00"
2020-07-29,2020072901024130,JBBL,58,58,50,180.00,"9,000.00"
2020-07-29,2020072901023747,JBBL,26,49,100,179.00,"17,900.00"
2020-07-29,2020072901023870,JSLBB,19,41,15,"1,485.00","22,275.00"
2020-07-29,2020072901024106,KBL,58,42,61,198.00,"12,078.00"
2020-07-29,2020072901024105,KBL,59,42,50,198.00,"9,900.00"
2020-07-29,2020072901023913,KBL,49,58,199,199.00,"39,601.00"
2020-07-29,2020072901023912,KBL,6,58,200,199.00,"39,800.00"
2020-07-29,2020072901023911,KBL,8,58,116,199.00,"23,084.00"
2020-07-29,2020072901023843,KBL,8,32,100,199.00,"19,900.00"
2020-07-29,2020072901024093,KMCDB,1,7,545,804.00,"438,180.00"
2020-07-29,2020072901024092,KMCDB,1,40,55,800.00,"44,000.00"
2020-07-29,2020072901024189,KPCL,25,13,10,107.00,"1,070.00"
2020-07-29,2020072901024188,KPCL,25,40,10,107.00,"1,070.00"
2020-07-29,2020072901024175,LBBL,44,38,10,195.00,"1,950.00"
2020-07-29,2020072901024174,LBBL,44,28,105,194.00,"20,370.00"
2020-07-29,2020072901024173,LBBL,44,19,40,194.00,"7,760.00"
2020-07-29,2020072901023875,LBBL,4,8,71,192.00,"13,632.00"
2020-07-29,2020072901023874,LBBL,51,8,400,192.00,"76,800.00"
2020-07-29,2020072901023873,LBBL,49,8,"1,000",192.00,"192,000.00"
2020-07-29,2020072901023872,LBBL,42,8,29,192.00,"5,568.00"
2020-07-29,2020072901024091,LBL,52,56,80,232.00,"18,560.00"
2020-07-29,2020072901023936,LBL,10,50,500,234.00,"117,000.00"
2020-07-29,2020072901023935,LBL,10,50,95,234.00,"22,230.00"
2020-07-29,2020072901024128,LGIL,14,58,500,464.00,"232,000.00"
2020-07-29,2020072901024082,LGIL,32,58,496,463.00,"229,648.00"
2020-07-29,2020072901024081,LGIL,32,40,120,463.00,"55,560.00"
2020-07-29,2020072901024080,LGIL,32,11,100,462.00,"46,200.00"
2020-07-29,2020072901024079,LGIL,32,58,84,460.00,"38,640.00"
2020-07-29,2020072901024157,LICN,54,55,100,"1,445.00","144,500.00"
2020-07-29,2020072901024047,LICN,44,26,50,"1,440.00","72,000.00"
2020-07-29,2020072901023993,LICN,44,22,100,"1,440.00","144,000.00"
2020-07-29,2020072901023992,LICN,1,22,50,"1,441.00","72,050.00"
2020-07-29,2020072901023991,LICN,16,22,50,"1,441.00","72,050.00"
2020-07-29,2020072901023886,LICN,26,26,10,"1,445.00","14,450.00"
2020-07-29,2020072901023878,LICN,25,26,16,"1,445.00","23,120.00"
2020-07-29,2020072901024090,LLBS,40,45,44,"1,125.00","49,500.00"
2020-07-29,2020072901024089,LLBS,10,45,26,"1,125.00","29,250.00"
2020-07-29,2020072901024088,LLBS,26,45,30,"1,126.00","33,780.00"
2020-07-29,2020072901023996,LLBS,45,47,50,"1,130.00","56,500.00"
2020-07-29,2020072901024222,MBL,28,45,100,234.00,"23,400.00"
2020-07-29,2020072901024019,MBL,19,26,500,235.00,"117,500.00"
2020-07-29,2020072901023927,MBL,11,26,100,235.00,"23,500.00"
2020-07-29,2020072901024144,MEGA,34,6,300,228.00,"68,400.00"
2020-07-29,2020072901024143,MEGA,11,6,40,228.00,"9,120.00"
2020-07-29,2020072901024142,MEGA,50,6,50,228.00,"11,400.00"
2020-07-29,2020072901024141,MEGA,57,6,100,228.00,"22,800.00"
2020-07-29,2020072901024140,MEGA,45,6,10,229.00,"2,290.00"
2020-07-29,2020072901023988,MEGA,8,41,50,230.00,"11,500.00"
2020-07-29,2020072901023813,MEGA,58,25,190,229.00,"43,510.00"
2020-07-29,2020072901023791,MEGA,45,25,100,229.00,"22,900.00"
2020-07-29,2020072901023983,MEGA,20,41,146,230.00,"33,580.00"
2020-07-29,2020072901023982,MEGA,20,38,"1,000",230.00,"230,000.00"
2020-07-29,2020072901023981,MEGA,20,14,354,230.00,"81,420.00"
2020-07-29,2020072901023859,MEGA,45,38,90,229.00,"20,610.00"
2020-07-29,2020072901023814,MEGA,58,38,10,229.00,"2,290.00"
2020-07-29,2020072901024199,MERO,38,47,10,649.00,"6,490.00"
2020-07-29,2020072901024112,MERO,42,41,70,646.00,"45,220.00"
2020-07-29,2020072901024023,MERO,46,50,42,648.00,"27,216.00"
2020-07-29,2020072901024084,MFIL,22,33,10,287.00,"2,870.00"
2020-07-29,2020072901024054,MFIL,55,33,10,287.00,"2,870.00"
2020-07-29,2020072901023871,MFIL,38,25,26,285.00,"7,410.00"
2020-07-29,2020072901024190,MMFDB,59,7,100,961.00,"96,100.00"
2020-07-29,2020072901023950,MMFDB,59,17,104,961.00,"99,944.00"
2020-07-29,2020072901023900,MPFL,42,57,200,116.00,"23,200.00"
2020-07-29,2020072901023899,MPFL,42,6,80,116.00,"9,280.00"
2020-07-29,2020072901023898,MPFL,42,26,789,116.00,"91,524.00"
2020-07-29,2020072901023897,MPFL,42,57,200,115.00,"23,000.00"
2020-07-29,2020072901023896,MPFL,42,29,480,114.00,"54,720.00"
2020-07-29,2020072901024074,MSMBS,46,48,30,729.00,"21,870.00"
2020-07-29,2020072901023906,MSMBS,43,41,10,721.00,"7,210.00"
2020-07-29,2020072901024161,NABIL,51,25,11,845.00,"9,295.00"
2020-07-29,2020072901023995,NABIL,28,25,10,845.00,"8,450.00"
2020-07-29,2020072901023994,NABIL,45,25,79,845.00,"66,755.00"
2020-07-29,2020072901024211,NADEP,54,56,20,639.00,"12,780.00"
2020-07-29,2020072901024020,NADEP,49,56,200,639.00,"127,800.00"
2020-07-29,2020072901024015,NADEP,33,56,50,639.00,"31,950.00"
2020-07-29,2020072901024014,NADEP,57,56,100,639.00,"63,900.00"
2020-07-29,2020072901024120,NBL,52,6,34,260.00,"8,840.00"
2020-07-29,2020072901024114,NBL,43,6,616,260.00,"160,160.00"
2020-07-29,2020072901024113,NBL,43,4,584,260.00,"151,840.00"
2020-07-29,2020072901023998,NBL,22,4,200,260.00,"52,000.00"
2020-07-29,2020072901024133,NCCB,37,10,100,197.00,"19,700.00"
2020-07-29,2020072901023940,NCCB,37,38,252,197.00,"49,644.00"
2020-07-29,2020072901024025,NIB,20,42,205,467.00,"95,735.00"
2020-07-29,2020072901023989,NIB,20,54,49,467.00,"22,883.00"
2020-07-29,2020072901023943,NIB,20,25,25,467.00,"11,675.00"
2020-07-29,2020072901023742,NIB,20,38,10,467.00,"4,670.00"
2020-07-29,2020072901023835,NIBPO,46,1,28,391.00,"10,948.00"
2020-07-29,2020072901024149,NICA,52,33,105,570.00,"59,850.00"
2020-07-29,2020072901024148,NICA,55,33,195,570.00,"111,150.00"
2020-07-29,2020072901024115,NICA,34,41,30,571.00,"17,130.00"
2020-07-29,2020072901023781,NICA,55,28,305,570.00,"173,850.00"
2020-07-29,2020072901023780,NICA,11,28,100,570.00,"57,000.00"
2020-07-29,2020072901023779,NICA,45,28,50,570.00,"28,500.00"
2020-07-29,2020072901023754,NICA,45,28,10,571.00,"5,710.00"
2020-07-29,2020072901023753,NICA,14,28,50,571.00,"28,550.00"
2020-07-29,2020072901023752,NICA,6,28,100,571.00,"57,100.00"
2020-07-29,2020072901023751,NICA,34,28,140,571.00,"79,940.00"
2020-07-29,2020072901023750,NICA,32,28,494,571.00,"282,074.00"
2020-07-29,2020072901023760,NICA,45,28,200,570.00,"114,000.00"
2020-07-29,2020072901023759,NICA,57,28,50,570.00,"28,500.00"
2020-07-29,2020072901023758,NICA,44,28,750,570.00,"427,500.00"
2020-07-29,2020072901023757,NICA,45,28,300,571.00,"171,300.00"
2020-07-29,2020072901023756,NICA,34,28,500,571.00,"285,500.00"
2020-07-29,2020072901023755,NICA,22,28,300,571.00,"171,300.00"
2020-07-29,2020072901023766,NICA,54,28,600,570.00,"342,000.00"
2020-07-29,2020072901023765,NICA,17,28,100,570.00,"57,000.00"
2020-07-29,2020072901023764,NICA,19,28,50,570.00,"28,500.00"
2020-07-29,2020072901023763,NICA,33,28,500,570.00,"285,000.00"
2020-07-29,2020072901023762,NICA,40,28,100,570.00,"57,000.00"
2020-07-29,2020072901023761,NICA,44,28,50,570.00,"28,500.00"
2020-07-29,2020072901023772,NICA,44,28,500,570.00,"285,000.00"
2020-07-29,2020072901023771,NICA,1,28,100,570.00,"57,000.00"
2020-07-29,2020072901023770,NICA,56,28,500,570.00,"285,000.00"
2020-07-29,2020072901023769,NICA,26,28,50,570.00,"28,500.00"
2020-07-29,2020072901023768,NICA,8,28,200,570.00,"114,000.00"
2020-07-29,2020072901023767,NICA,44,28,"4,435",570.00,"2,527,950.00"
2020-07-29,2020072901023778,NICA,25,28,"1,000",570.00,"570,000.00"
2020-07-29,2020072901023777,NICA,34,28,50,570.00,"28,500.00"
2020-07-29,2020072901023776,NICA,28,28,100,570.00,"57,000.00"
2020-07-29,2020072901023775,NICA,11,28,250,570.00,"142,500.00"
2020-07-29,2020072901023774,NICA,32,28,16,570.00,"9,120.00"
2020-07-29,2020072901023773,NICA,32,28,50,570.00,"28,500.00"
2020-07-29,2020072901023820,NICAD8283,43,50,13,"1,036.00","13,468.00"
2020-07-29,2020072901024220,NICLBSL,51,6,10,812.00,"8,120.00"
2020-07-29,2020072901024207,NICLBSL,17,48,20,814.00,"16,280.00"
2020-07-29,2020072901024206,NICLBSL,17,48,10,814.00,"8,140.00"
2020-07-29,2020072901024203,NICLBSL,51,28,10,812.00,"8,120.00"
2020-07-29,2020072901024147,NICLBSL,51,6,10,812.00,"8,120.00"
2020-07-29,2020072901024123,NICLBSL,51,8,10,812.00,"8,120.00"
2020-07-29,2020072901023836,NICLBSL,44,34,10,812.00,"8,120.00"
2020-07-29,2020072901023829,NICLBSL,6,59,10,812.00,"8,120.00"
2020-07-29,2020072901023828,NICLBSL,41,38,10,811.00,"8,110.00"
2020-07-29,2020072901023743,NICLBSL,6,48,10,814.00,"8,140.00"
2020-07-29,2020072901023937,NICLBSL,47,34,10,812.00,"8,120.00"
2020-07-29,2020072901023931,NICLBSL,47,56,10,812.00,"8,120.00"
2020-07-29,2020072901023930,NICLBSL,47,11,10,812.00,"8,120.00"
2020-07-29,2020072901023926,NICLBSL,47,28,10,812.00,"8,120.00"
2020-07-29,2020072901023860,NICLBSL,41,55,60,811.00,"48,660.00"
2020-07-29,2020072901023837,NICLBSL,44,48,10,814.00,"8,140.00"
2020-07-29,2020072901023957,NICLBSL,29,47,20,811.00,"16,220.00"
2020-07-29,2020072901023956,NICLBSL,47,47,200,811.00,"162,200.00"
2020-07-29,2020072901023955,NICLBSL,41,47,30,811.00,"24,330.00"
2020-07-29,2020072901023954,NICLBSL,47,47,30,812.00,"24,360.00"
2020-07-29,2020072901023953,NICLBSL,16,47,100,812.00,"81,200.00"
2020-07-29,2020072901023939,NICLBSL,47,6,10,812.00,"8,120.00"
2020-07-29,2020072901024012,NICLBSL,38,25,10,810.00,"8,100.00"
2020-07-29,2020072901024009,NICLBSL,26,6,10,810.00,"8,100.00"
2020-07-29,2020072901023990,NICLBSL,26,34,20,810.00,"16,200.00"
2020-07-29,2020072901023960,NICLBSL,26,47,50,810.00,"40,500.00"
2020-07-29,2020072901023959,NICLBSL,35,47,30,810.00,"24,300.00"
2020-07-29,2020072901023958,NICLBSL,57,47,60,810.00,"48,600.00"
2020-07-29,2020072901024094,NICLBSL,21,6,10,810.00,"8,100.00"
2020-07-29,2020072901024057,NICLBSL,21,56,20,810.00,"16,200.00"
2020-07-29,2020072901024045,NICLBSL,6,34,10,812.00,"8,120.00"
2020-07-29,2020072901024044,NICLBSL,6,6,10,812.00,"8,120.00"
2020-07-29,2020072901024036,NICLBSL,21,28,10,810.00,"8,100.00"
2020-07-29,2020072901024018,NICLBSL,21,11,10,810.00,"8,100.00"
2020-07-29,2020072901023965,NLBBL,38,17,200,700.00,"140,000.00"
2020-07-29,2020072901023964,NLG,49,56,24,660.00,"15,840.00"
2020-07-29,2020072901023803,NLG,25,56,20,660.00,"13,200.00"
2020-07-29,2020072901024178,NLIC,47,56,20,"1,343.00","26,860.00"
2020-07-29,2020072901024177,NLIC,59,56,50,"1,344.00","67,200.00"
2020-07-29,2020072901024176,NLIC,50,56,128,"1,344.00","172,032.00"
2020-07-29,2020072901024146,NLIC,50,35,150,"1,344.00","201,600.00"
2020-07-29,2020072901024096,NLIC,50,57,100,"1,344.00","134,400.00"
2020-07-29,2020072901024095,NLIC,50,57,22,"1,343.00","29,546.00"
2020-07-29,2020072901023737,NLIC,28,5,500,"1,341.00","670,500.00"
2020-07-29,2020072901023736,NLIC,58,5,50,"1,341.00","67,050.00"
2020-07-29,2020072901023735,NLIC,10,5,30,"1,341.00","40,230.00"
2020-07-29,2020072901023895,NLIC,35,14,500,"1,341.00","670,500.00"
2020-07-29,2020072901023879,NLIC,35,46,110,"1,341.00","147,510.00"
2020-07-29,2020072901023741,NLIC,35,5,190,"1,341.00","254,790.00"
2020-07-29,2020072901023740,NLIC,55,5,100,"1,341.00","134,100.00"
2020-07-29,2020072901023739,NLIC,34,5,100,"1,341.00","134,100.00"
2020-07-29,2020072901023738,NLIC,34,5,30,"1,341.00","40,230.00"
2020-07-29,2020072901024078,NLIC,6,46,45,"1,344.00","60,480.00"
2020-07-29,2020072901024077,NLIC,6,57,100,"1,344.00","134,400.00"
2020-07-29,2020072901024076,NLIC,6,54,255,"1,344.00","342,720.00"
2020-07-29,2020072901024000,NLIC,49,54,25,"1,344.00","33,600.00"
2020-07-29,2020072901023963,NLIC,48,54,20,"1,344.00","26,880.00"
2020-07-29,2020072901023951,NLIC,35,5,22,"1,341.00","29,502.00"
2020-07-29,2020072901024182,NLICL,45,34,50,693.00,"34,650.00"
2020-07-29,2020072901023942,NLICL,14,56,30,692.00,"20,760.00"
2020-07-29,2020072901023793,NLICL,42,43,100,690.00,"69,000.00"
2020-07-29,2020072901024129,NMB,28,33,50,430.00,"21,500.00"
2020-07-29,2020072901024033,NMB,16,49,"1,000",429.00,"429,000.00"
2020-07-29,2020072901024032,NMB,56,49,200,429.00,"85,800.00"
2020-07-29,2020072901024031,NMB,16,49,"1,000",429.00,"429,000.00"
2020-07-29,2020072901024030,NMB,16,49,"1,000",429.00,"429,000.00"
2020-07-29,2020072901024029,NMB,34,49,10,429.00,"4,290.00"
2020-07-29,2020072901023967,NMB,49,40,10,430.00,"4,300.00"
2020-07-29,2020072901023884,NMB,45,40,30,430.00,"12,900.00"
2020-07-29,2020072901024028,NMB,28,49,300,429.00,"128,700.00"
2020-07-29,2020072901024027,NMB,51,49,20,429.00,"8,580.00"
2020-07-29,2020072901024026,NMB,13,49,90,429.00,"38,610.00"
2020-07-29,2020072901024004,NMB,56,33,12,430.00,"5,160.00"
2020-07-29,2020072901024003,NMB,56,40,238,430.00,"102,340.00"
2020-07-29,2020072901023968,NMB,34,40,20,430.00,"8,600.00"
2020-07-29,2020072901023844,NMBMF,8,34,10,750.00,"7,500.00"
2020-07-29,2020072901023852,NMFBS,11,10,10,"1,645.00","16,450.00"
2020-07-29,2020072901024219,NRIC,58,50,20,584.00,"11,680.00"
2020-07-29,2020072901024202,NRIC,50,50,100,584.00,"58,400.00"
2020-07-29,2020072901024201,NRIC,3,50,84,584.00,"49,056.00"
2020-07-29,2020072901024200,NRIC,46,50,270,584.00,"157,680.00"
2020-07-29,2020072901024181,NRIC,29,22,10,585.00,"5,850.00"
2020-07-29,2020072901024180,NRIC,46,45,200,584.00,"116,800.00"
2020-07-29,2020072901023748,NRIC,55,57,115,585.00,"67,275.00"
2020-07-29,2020072901023827,NRIC,50,43,35,585.00,"20,475.00"
2020-07-29,2020072901023826,NRIC,50,56,40,585.00,"23,400.00"
2020-07-29,2020072901023825,NRIC,50,29,50,585.00,"29,250.00"
2020-07-29,2020072901023824,NRIC,50,57,75,585.00,"43,875.00"
2020-07-29,2020072901023815,NRIC,38,57,40,584.00,"23,360.00"
2020-07-29,2020072901023801,NRIC,38,41,50,584.00,"29,200.00"
2020-07-29,2020072901023850,NRIC,55,48,35,584.00,"20,440.00"
2020-07-29,2020072901023849,NRIC,53,48,15,584.00,"8,760.00"
2020-07-29,2020072901023847,NRIC,22,43,10,585.00,"5,850.00"
2020-07-29,2020072901023842,NRIC,53,49,15,584.00,"8,760.00"
2020-07-29,2020072901023841,NRIC,46,49,10,584.00,"5,840.00"
2020-07-29,2020072901023840,NRIC,38,49,75,584.00,"43,800.00"
2020-07-29,2020072901023891,NRIC,58,38,40,584.00,"23,360.00"
2020-07-29,2020072901023882,NRIC,49,43,50,585.00,"29,250.00"
2020-07-29,2020072901023869,NRIC,55,58,95,584.00,"55,480.00"
2020-07-29,2020072901023868,NRIC,41,58,100,584.00,"58,400.00"
2020-07-29,2020072901023867,NRIC,58,58,100,584.00,"58,400.00"
2020-07-29,2020072901023866,NRIC,55,58,465,584.00,"271,560.00"
2020-07-29,2020072901024007,NRIC,29,55,40,585.00,"23,400.00"
2020-07-29,2020072901023986,NRIC,49,16,50,584.00,"29,200.00"
2020-07-29,2020072901023985,NRIC,49,35,50,584.00,"29,200.00"
2020-07-29,2020072901023914,NRIC,49,52,40,584.00,"23,360.00"
2020-07-29,2020072901023894,NRIC,49,19,220,584.00,"128,480.00"
2020-07-29,2020072901023893,NRIC,58,19,10,584.00,"5,840.00"
2020-07-29,2020072901024135,NRIC,46,49,30,584.00,"17,520.00"
2020-07-29,2020072901024118,NRIC,29,22,110,585.00,"64,350.00"
2020-07-29,2020072901024117,NRIC,29,6,90,585.00,"52,650.00"
2020-07-29,2020072901024046,NRIC,49,49,100,584.00,"58,400.00"
2020-07-29,2020072901024010,NRIC,49,22,40,584.00,"23,360.00"
2020-07-29,2020072901024008,NRIC,29,6,10,585.00,"5,850.00"
2020-07-29,2020072901024034,NSEWA,47,28,23,712.00,"16,376.00"
2020-07-29,2020072901023845,NSEWA,22,28,10,721.00,"7,210.00"
2020-07-29,2020072901023910,NTC,45,6,40,657.00,"26,280.00"
2020-07-29,2020072901023909,NTC,16,6,10,657.00,"6,570.00"
2020-07-29,2020072901024073,NUBL,52,5,50,994.00,"49,700.00"
2020-07-29,2020072901024039,NUBL,16,5,50,994.00,"49,700.00"
2020-07-29,2020072901024172,PCBL,44,42,100,279.00,"27,900.00"
2020-07-29,2020072901024083,PCBL,44,1,100,279.00,"27,900.00"
2020-07-29,2020072901023925,PCBL,44,40,53,279.00,"14,787.00"
2020-07-29,2020072901023915,PCBL,44,1,279,279.00,"77,841.00"
2020-07-29,2020072901023794,PCBL,44,38,13,279.00,"3,627.00"
2020-07-29,2020072901024022,PFL,14,13,500,150.00,"75,000.00"
2020-07-29,2020072901024221,PIC,26,41,100,640.00,"64,000.00"
2020-07-29,2020072901024043,PICL,29,22,190,470.00,"89,300.00"
2020-07-29,2020072901024042,PICL,45,22,250,470.00,"117,500.00"
2020-07-29,2020072901024041,PICL,49,22,40,470.00,"18,800.00"
2020-07-29,2020072901024040,PICL,39,22,20,471.00,"9,420.00"
2020-07-29,2020072901023819,PRIN,42,44,200,493.00,"98,600.00"
2020-07-29,2020072901023795,PRIN,21,44,100,493.00,"49,300.00"
2020-07-29,2020072901024186,PRVU,47,5,429,240.00,"102,960.00"
2020-07-29,2020072901023933,PRVU,19,16,370,241.00,"89,170.00"
2020-07-29,2020072901023854,PRVU,47,41,528,240.00,"126,720.00"
2020-07-29,2020072901023853,PRVU,47,59,43,240.00,"10,320.00"
2020-07-29,2020072901023834,PRVU,34,40,233,239.00,"55,687.00"
2020-07-29,2020072901023833,PRVU,46,40,17,240.00,"4,080.00"
2020-07-29,2020072901023805,RADHI,33,17,11,167.00,"1,837.00"
2020-07-29,2020072901024131,RBCL,39,19,10,"9,431.00","94,310.00"
2020-07-29,2020072901023810,RBCL,47,43,50,"9,435.00","471,750.00"
2020-07-29,2020072901023809,RBCL,6,43,10,"9,436.00","94,360.00"
2020-07-29,2020072901023808,RBCL,34,43,10,"9,450.00","94,500.00"
2020-07-29,2020072901023807,RBCL,46,43,20,"9,460.00","189,200.00"
2020-07-29,2020072901023806,RBCL,6,43,10,"9,465.00","94,650.00"
2020-07-29,2020072901024187,RBCLPO,34,3,10,"8,400.00","84,000.00"
2020-07-29,2020072901024185,RMDC,5,58,12,730.00,"8,760.00"
2020-07-29,2020072901024184,RMDC,5,22,28,730.00,"20,440.00"
2020-07-29,2020072901024179,RMDC,25,22,10,730.00,"7,300.00"
2020-07-29,2020072901023952,RMDC,10,41,330,727.00,"239,910.00"
2020-07-29,2020072901023908,RMDC,5,22,30,730.00,"21,900.00"
2020-07-29,2020072901024051,SANIMA,34,49,20,363.00,"7,260.00"
2020-07-29,2020072901024050,SANIMA,45,49,100,363.00,"36,300.00"
2020-07-29,2020072901024049,SANIMA,52,49,30,363.00,"10,890.00"
2020-07-29,2020072901024048,SANIMA,6,49,512,363.00,"185,856.00"
2020-07-29,2020072901023929,SANIMA,51,52,50,364.00,"18,200.00"
2020-07-29,2020072901023928,SANIMA,51,40,340,364.00,"123,760.00"
2020-07-29,2020072901023863,SBI,35,49,750,445.00,"333,750.00"
2020-07-29,2020072901024150,SBL,11,53,540,310.00,"167,400.00"
2020-07-29,2020072901023733,SBL,25,53,35,309.00,"10,815.00"
2020-07-29,2020072901023732,SBL,49,53,40,309.00,"12,360.00"
2020-07-29,2020072901023731,SBL,43,53,25,309.00,"7,725.00"
2020-07-29,2020072901023730,SBL,42,53,100,309.00,"30,900.00"
2020-07-29,2020072901024122,SCB,49,26,30,675.00,"20,250.00"
2020-07-29,2020072901024053,SCB,28,26,10,675.00,"6,750.00"
2020-07-29,2020072901023734,SCB,49,26,100,675.00,"67,500.00"
2020-07-29,2020072901024002,SDESI,45,35,50,871.00,"43,550.00"
2020-07-29,2020072901024001,SDESI,45,54,15,869.00,"13,035.00"
2020-07-29,2020072901023798,SEF,28,6,500,9.60,"4,800.00"
2020-07-29,2020072901023876,SHIVM,34,55,280,595.00,"166,600.00"
2020-07-29,2020072901023802,SHIVM,38,55,10,595.00,"5,950.00"
2020-07-29,2020072901024005,SHIVM,45,45,35,595.00,"20,825.00"
2020-07-29,2020072901023941,SHIVM,38,29,40,595.00,"23,800.00"
2020-07-29,2020072901023885,SHIVM,34,29,10,595.00,"5,950.00"
2020-07-29,2020072901023877,SHIVM,34,38,150,595.00,"89,250.00"
2020-07-29,2020072901024024,SHL,32,51,100,164.00,"16,400.00"
2020-07-29,2020072901023973,SHL,34,5,755,163.00,"123,065.00"
2020-07-29,2020072901023972,SHL,14,5,300,163.00,"48,900.00"
2020-07-29,2020072901023971,SHL,45,5,500,163.00,"81,500.00"
2020-07-29,2020072901023970,SHL,57,5,445,163.00,"72,535.00"
2020-07-29,2020072901024213,SHPC,48,49,10,223.00,"2,230.00"
2020-07-29,2020072901024119,SHPC,48,56,10,222.00,"2,220.00"
2020-07-29,2020072901024035,SIC,14,56,40,756.00,"30,240.00"
2020-07-29,2020072901024126,SICL,35,48,190,"1,215.00","230,850.00"
2020-07-29,2020072901024125,SICL,14,48,100,"1,216.00","121,600.00"
2020-07-29,2020072901024124,SICL,58,48,220,"1,218.00","267,960.00"
2020-07-29,2020072901024052,SICL,8,29,50,"1,219.00","60,950.00"
2020-07-29,2020072901024021,SICL,13,29,30,"1,219.00","36,570.00"
2020-07-29,2020072901023975,SICL,58,43,100,"1,218.00","121,800.00"
2020-07-29,2020072901023932,SICL,58,37,180,"1,218.00","219,240.00"
2020-07-29,2020072901023838,SICL,46,37,100,"1,218.00","121,800.00"
2020-07-29,2020072901023799,SICL,34,58,100,"1,216.00","121,600.00"
2020-07-29,2020072901023984,SJCL,41,44,20,136.00,"2,720.00"
2020-07-29,2020072901024171,SKBBL,47,53,50,"1,250.00","62,500.00"
2020-07-29,2020072901024170,SKBBL,48,53,100,"1,250.00","125,000.00"
2020-07-29,2020072901024169,SKBBL,8,53,100,"1,250.00","125,000.00"
2020-07-29,2020072901024168,SKBBL,1,53,50,"1,250.00","62,500.00"
2020-07-29,2020072901024167,SKBBL,45,53,30,"1,255.00","37,650.00"
2020-07-29,2020072901024166,SKBBL,28,53,50,"1,257.00","62,850.00"
2020-07-29,2020072901024165,SKBBL,5,53,50,"1,260.00","63,000.00"
2020-07-29,2020072901024164,SKBBL,32,53,42,"1,260.00","52,920.00"
2020-07-29,2020072901024162,SKBBL,34,46,10,"1,263.00","12,630.00"
2020-07-29,2020072901024038,SKBBL,32,53,100,"1,260.00","126,000.00"
2020-07-29,2020072901024037,SKBBL,32,53,58,"1,260.00","73,080.00"
2020-07-29,2020072901023938,SKBBL,52,53,42,"1,260.00","52,920.00"
2020-07-29,2020072901024102,SLBBL,22,22,20,853.00,"17,060.00"
2020-07-29,2020072901023881,SLBBL,13,55,10,850.00,"8,500.00"
2020-07-29,2020072901023880,SLBBL,10,55,13,850.00,"11,050.00"
2020-07-29,2020072901023848,SLBBL,5,42,10,850.00,"8,500.00"
2020-07-29,2020072901024101,SLBS,48,50,110,985.00,"108,350.00"
2020-07-29,2020072901024100,SLBS,48,35,40,984.00,"39,360.00"
2020-07-29,2020072901023749,SLBS,59,35,10,984.00,"9,840.00"
2020-07-29,2020072901024013,SLBSL,11,40,20,864.00,"17,280.00"
2020-07-29,2020072901024205,SLICL,45,57,200,446.00,"89,200.00"
2020-07-29,2020072901024204,SLICL,33,57,20,446.00,"8,920.00"
2020-07-29,2020072901023746,SLICL,57,26,41,445.00,"18,245.00"
2020-07-29,2020072901024109,SMB,11,34,10,870.00,"8,700.00"
2020-07-29,2020072901024108,SMB,11,37,10,870.00,"8,700.00"
2020-07-29,2020072901024107,SMB,11,45,10,870.00,"8,700.00"
2020-07-29,2020072901024104,SRBL,34,57,100,243.00,"24,300.00"
2020-07-29,2020072901023916,SRBL,34,26,100,241.00,"24,100.00"
2020-07-29,2020072901024011,UIC,25,6,38,379.00,"14,402.00"
2020-07-29,2020072901023851,UIC,22,6,10,379.00,"3,790.00"
2020-07-29,2020072901023804,UIC,58,26,300,376.00,"112,800.00"
2020-07-29,2020072901024145,UMHL,45,4,50,106.00,"5,300.00"
2020-07-29,2020072901023823,UMHL,36,37,10,104.00,"1,040.00"
2020-07-29,2020072901024224,UNHPL,55,51,500,55.00,"27,500.00"
2020-07-29,2020072901024223,UNHPL,56,51,500,55.00,"27,500.00"
2020-07-29,2020072901024099,UPCL,52,42,50,72.00,"3,600.00"
2020-07-29,2020072901024006,UPCL,11,32,100,71.00,"7,100.00"
2020-07-29,2020072901023966,UPPER,55,42,100,228.00,"22,800.00"
2020-07-29,2020072901023783,UPPER,55,6,"1,000",228.00,"228,000.00"
2020-07-29,2020072901024072,VLBS,17,13,35,925.00,"32,375.00"
2020-07-29,2020072901024071,VLBS,48,13,100,925.00,"92,500.00"
2020-07-29,2020072901024070,VLBS,22,13,30,925.00,"27,750.00"
2020-07-29,2020072901024069,VLBS,57,13,50,926.00,"46,300.00"
2020-07-29,2020072901024068,VLBS,22,13,200,926.00,"185,200.00"
2020-07-29,2020072901024067,VLBS,37,13,20,926.00,"18,520.00"
2020-07-29,2020072901024060,VLBS,46,13,100,929.00,"92,900.00"
2020-07-29,2020072901024059,VLBS,53,13,10,929.00,"9,290.00"
2020-07-29,2020072901024066,VLBS,26,13,100,927.00,"92,700.00"
2020-07-29,2020072901024065,VLBS,34,13,100,927.00,"92,700.00"
2020-07-29,2020072901024064,VLBS,43,13,87,927.00,"80,649.00"
2020-07-29,2020072901024063,VLBS,57,13,100,928.00,"92,800.00"
2020-07-29,2020072901024062,VLBS,51,13,50,928.00,"46,400.00"
2020-07-29,2020072901024061,VLBS,57,13,18,928.00,"16,704.00"
2020-07-29,2020072901024156,WOMI,13,34,100,941.00,"94,100.00"
2020-07-29,2020072901024155,WOMI,59,34,35,945.00,"33,075.00"
2020-07-29,2020072901024154,WOMI,38,34,10,946.00,"9,460.00"
2020-07-29,2020072901023624,ADBL,13,49,30,422.00,"12,660.00"
2020-07-29,2020072901023585,ADBL,51,49,25,422.00,"10,550.00"
2020-07-29,2020072901023377,ADBL,38,49,30,422.00,"12,660.00"
2020-07-29,2020072901023343,ADBL,49,49,500,422.00,"211,000.00"
2020-07-29,2020072901023342,ADBL,43,49,100,422.00,"42,200.00"
2020-07-29,2020072901023400,AHPC,37,55,500,94.00,"47,000.00"
2020-07-29,2020072901023627,AKPL,45,6,15,116.00,"1,740.00"
2020-07-29,2020072901023626,AKPL,45,33,100,116.00,"11,600.00"
2020-07-29,2020072901023625,AKPL,45,40,885,116.00,"102,660.00"
2020-07-29,2020072901023411,ALBSL,52,57,20,704.00,"14,080.00"
2020-07-29,2020072901023410,ALBSL,25,57,20,705.00,"14,100.00"
2020-07-29,2020072901023409,ALBSL,59,57,20,705.00,"14,100.00"
2020-07-29,2020072901023408,ALBSL,16,57,40,707.00,"28,280.00"
2020-07-29,2020072901023300,ALBSL,42,16,10,714.00,"7,140.00"
2020-07-29,2020072901023335,ALICL,25,29,130,645.00,"83,850.00"
2020-07-29,2020072901023334,ALICL,37,29,100,645.00,"64,500.00"
2020-07-29,2020072901023333,ALICL,55,29,50,646.00,"32,300.00"
2020-07-29,2020072901023246,ALICL,55,51,50,646.00,"32,300.00"
2020-07-29,2020072901023707,API,13,38,17,107.00,"1,819.00"
2020-07-29,2020072901023407,BARUN,14,53,10,79.00,790.00
2020-07-29,2020072901023403,BBC,48,6,30,"1,540.00","46,200.00"
2020-07-29,2020072901023481,BFC,22,8,12,101.00,"1,212.00"
2020-07-29,2020072901023442,BFC,38,13,125,103.00,"12,875.00"
2020-07-29,2020072901023441,BFC,38,32,100,103.00,"10,300.00"
2020-07-29,2020072901023376,BOKL,13,44,100,235.00,"23,500.00"
2020-07-29,2020072901023574,BPCL,8,6,520,358.00,"186,160.00"
2020-07-29,2020072901023573,BPCL,8,59,55,357.00,"19,635.00"
2020-07-29,2020072901023553,BPCL,19,25,95,355.00,"33,725.00"
2020-07-29,2020072901023552,BPCL,26,25,14,355.00,"4,970.00"
2020-07-29,2020072901023551,BPCL,45,25,14,355.00,"4,970.00"
2020-07-29,2020072901023550,BPCL,41,25,200,355.00,"71,000.00"
2020-07-29,2020072901023346,BPCL,45,5,150,358.00,"53,700.00"
2020-07-29,2020072901023543,BPCL,25,25,300,357.00,"107,100.00"
2020-07-29,2020072901023542,BPCL,6,25,500,357.00,"178,500.00"
2020-07-29,2020072901023541,BPCL,43,25,47,357.00,"16,779.00"
2020-07-29,2020072901023486,BPCL,38,6,30,358.00,"10,740.00"
2020-07-29,2020072901023485,BPCL,38,5,70,358.00,"25,060.00"
2020-07-29,2020072901023549,BPCL,50,25,"1,000",355.00,"355,000.00"
2020-07-29,2020072901023548,BPCL,19,25,200,355.00,"71,000.00"
2020-07-29,2020072901023547,BPCL,3,25,500,355.00,"177,500.00"
2020-07-29,2020072901023546,BPCL,25,25,100,356.00,"35,600.00"
2020-07-29,2020072901023545,BPCL,22,25,100,357.00,"35,700.00"
2020-07-29,2020072901023544,BPCL,34,25,100,357.00,"35,700.00"
2020-07-29,2020072901023568,CBBL,19,25,19,"1,085.00","20,615.00"
2020-07-29,2020072901023567,CBBL,19,54,41,"1,085.00","44,485.00"
2020-07-29,2020072901023291,CBL,29,10,500,146.00,"73,000.00"
2020-07-29,2020072901023241,CBL,29,45,27,146.00,"3,942.00"
2020-07-29,2020072901023240,CBL,35,45,68,146.00,"9,928.00"
2020-07-29,2020072901023369,CCBL,19,22,20,177.00,"3,540.00"
2020-07-29,2020072901023292,CCBL,19,45,122,177.00,"21,594.00"
2020-07-29,2020072901023388,CIT,50,58,21,"2,548.00","53,508.00"
2020-07-29,2020072901023387,CIT,34,58,18,"2,550.00","45,900.00"
2020-07-29,2020072901023393,CLBSL,38,45,10,715.00,"7,150.00"
2020-07-29,2020072901023344,CLBSL,38,55,30,701.00,"21,030.00"
2020-07-29,2020072901023713,CZBIL,13,41,10,196.00,"1,960.00"
2020-07-29,2020072901023563,CZBIL,18,58,150,197.00,"29,550.00"
2020-07-29,2020072901023523,CZBIL,46,58,33,197.00,"6,501.00"
2020-07-29,2020072901023511,CZBIL,46,50,17,197.00,"3,349.00"
2020-07-29,2020072901023510,CZBIL,1,50,83,197.00,"16,351.00"
2020-07-29,2020072901023507,CZBIL,1,54,889,197.00,"175,133.00"
2020-07-29,2020072901023472,CZBIL,58,38,71,198.00,"14,058.00"
2020-07-29,2020072901023471,CZBIL,58,35,179,198.00,"35,442.00"
2020-07-29,2020072901023456,DDBL,52,57,50,864.00,"43,200.00"
2020-07-29,2020072901023348,DDBL,14,58,195,862.00,"168,090.00"
2020-07-29,2020072901023347,DDBL,26,58,85,863.00,"73,355.00"
2020-07-29,2020072901023293,DDBL,26,22,15,863.00,"12,945.00"
2020-07-29,2020072901023659,EBL,34,34,10,749.00,"7,490.00"
2020-07-29,2020072901023581,EBL,35,35,100,745.00,"74,500.00"
2020-07-29,2020072901023580,EBL,13,35,50,746.00,"37,300.00"
2020-07-29,2020072901023466,EBL,13,58,50,746.00,"37,300.00"
2020-07-29,2020072901023351,EBL,35,57,150,745.00,"111,750.00"
2020-07-29,2020072901023350,EBL,51,57,350,746.00,"261,100.00"
2020-07-29,2020072901023259,EBL,51,25,50,746.00,"37,300.00"
2020-07-29,2020072901023258,EBL,33,25,50,746.00,"37,300.00"
2020-07-29,2020072901023664,FMDBL,19,42,20,537.00,"10,740.00"
2020-07-29,2020072901023398,FMDBL,58,7,284,534.00,"151,656.00"
2020-07-29,2020072901023397,FMDBL,35,7,716,534.00,"382,344.00"
2020-07-29,2020072901023313,FMDBL,35,44,112,534.00,"59,808.00"
2020-07-29,2020072901023312,FMDBL,57,44,88,535.00,"47,080.00"
2020-07-29,2020072901023231,FMDBL,57,47,12,535.00,"6,420.00"
2020-07-29,2020072901023230,FMDBL,22,47,138,535.00,"73,830.00"
2020-07-29,2020072901023229,FMDBL,13,47,50,536.00,"26,800.00"
2020-07-29,2020072901023712,FOWAD,45,11,40,"1,560.00","62,400.00"
2020-07-29,2020072901023711,FOWAD,45,41,40,"1,550.00","62,000.00"
2020-07-29,2020072901023584,FOWAD,45,52,50,"1,545.00","77,250.00"
2020-07-29,2020072901023524,FOWAD,45,34,30,"1,535.00","46,050.00"
2020-07-29,2020072901023467,FOWAD,38,34,19,"1,535.00","29,165.00"
2020-07-29,2020072901023341,FOWAD,14,34,100,"1,535.00","153,500.00"
2020-07-29,2020072901023340,FOWAD,47,34,31,"1,536.00","47,616.00"
2020-07-29,2020072901023299,FOWAD,47,14,19,"1,536.00","29,184.00"
2020-07-29,2020072901023575,GBBL,13,58,225,241.00,"54,225.00"
2020-07-29,2020072901023396,GBIME,50,46,70,259.00,"18,130.00"
2020-07-29,2020072901023663,GBLBS,1,47,740,496.00,"367,040.00"
2020-07-29,2020072901023605,GBLBS,1,47,500,496.00,"248,000.00"
2020-07-29,2020072901023419,GBLBS,26,41,36,495.00,"17,820.00"
2020-07-29,2020072901023418,GBLBS,16,41,14,495.00,"6,930.00"
2020-07-29,2020072901023386,GBLBS,16,58,300,495.00,"148,500.00"
2020-07-29,2020072901023337,GFCL,25,19,40,154.00,"6,160.00"
2020-07-29,2020072901023336,GFCL,25,19,36,154.00,"5,544.00"
2020-07-29,2020072901023657,GILB,13,48,180,"1,213.00","218,340.00"
2020-07-29,2020072901023656,GILB,1,48,20,"1,215.00","24,300.00"
2020-07-29,2020072901023655,GILB,34,48,50,"1,220.00","61,000.00"
2020-07-29,2020072901023502,GILB,45,10,50,"1,220.00","61,000.00"
2020-07-29,2020072901023501,GILB,22,10,10,"1,223.00","12,230.00"
2020-07-29,2020072901023500,GILB,56,10,10,"1,224.00","12,240.00"
2020-07-29,2020072901023640,GLBSL,43,13,40,850.00,"34,000.00"
2020-07-29,2020072901023639,GLBSL,43,56,140,850.00,"119,000.00"
2020-07-29,2020072901023638,GLBSL,43,57,100,850.00,"85,000.00"
2020-07-29,2020072901023637,GLBSL,43,51,15,850.00,"12,750.00"
2020-07-29,2020072901023636,GLBSL,43,43,10,850.00,"8,500.00"
2020-07-29,2020072901023635,GLBSL,43,40,100,850.00,"85,000.00"
2020-07-29,2020072901023634,GLBSL,43,13,10,850.00,"8,500.00"
2020-07-29,2020072901023633,GLBSL,43,16,15,850.00,"12,750.00"
2020-07-29,2020072901023632,GLBSL,43,34,10,850.00,"8,500.00"
2020-07-29,2020072901023631,GLBSL,43,50,10,850.00,"8,500.00"
2020-07-29,2020072901023630,GLBSL,43,6,50,850.00,"42,500.00"
2020-07-29,2020072901023358,GLICL,29,25,242,470.00,"113,740.00"
2020-07-29,2020072901023357,GLICL,1,25,100,470.00,"47,000.00"
2020-07-29,2020072901023356,GLICL,32,25,55,470.00,"25,850.00"
2020-07-29,2020072901023423,GUFL,32,37,10,120.00,"1,200.00"
2020-07-29,2020072901023413,GUFL,56,37,21,120.00,"2,520.00"
2020-07-29,2020072901023660,HDL,48,58,80,"1,680.00","134,400.00"
2020-07-29,2020072901023561,HDL,6,58,40,"1,680.00","67,200.00"
2020-07-29,2020072901023495,HDL,45,57,135,"1,682.00","227,070.00"
2020-07-29,2020072901023494,HDL,45,16,50,"1,681.00","84,050.00"
2020-07-29,2020072901023493,HDL,45,37,100,"1,680.00","168,000.00"
2020-07-29,2020072901023492,HDL,45,48,15,"1,680.00","25,200.00"
2020-07-29,2020072901023489,HDL,47,14,40,"1,678.00","67,120.00"
2020-07-29,2020072901023488,HDL,32,14,50,"1,678.00","83,900.00"
2020-07-29,2020072901023487,HDL,34,14,10,"1,678.00","16,780.00"
2020-07-29,2020072901023379,HDL,34,5,40,"1,678.00","67,120.00"
2020-07-29,2020072901023556,HGI,34,49,180,409.00,"73,620.00"
2020-07-29,2020072901023517,HGI,6,13,100,411.00,"41,100.00"
2020-07-29,2020072901023239,HGI,34,17,20,409.00,"8,180.00"
2020-07-29,2020072901023238,HGI,22,17,500,409.00,"204,500.00"
2020-07-29,2020072901023237,HGI,43,17,50,409.00,"20,450.00"
2020-07-29,2020072901023236,HGI,39,17,50,409.00,"20,450.00"
2020-07-29,2020072901023235,HGI,45,17,25,409.00,"10,225.00"
2020-07-29,2020072901023234,HGI,13,17,200,410.00,"82,000.00"
2020-07-29,2020072901023233,HGI,6,17,200,410.00,"82,000.00"
2020-07-29,2020072901023232,HGI,53,17,75,410.00,"30,750.00"
2020-07-29,2020072901023433,HPPL,59,34,70,137.00,"9,590.00"
2020-07-29,2020072901023264,HPPL,49,40,10,136.00,"1,360.00"
2020-07-29,2020072901023429,ICFC,53,33,300,185.00,"55,500.00"
2020-07-29,2020072901023463,IGI,29,34,425,445.00,"189,125.00"
2020-07-29,2020072901023688,JBBL,49,34,188,178.00,"33,464.00"
2020-07-29,2020072901023681,JBBL,49,48,72,178.00,"12,816.00"
2020-07-29,2020072901023680,JBBL,17,48,20,178.00,"3,560.00"
2020-07-29,2020072901023679,JBBL,17,48,500,178.00,"89,000.00"
2020-07-29,2020072901023678,JBBL,43,48,"1,000",178.00,"178,000.00"
2020-07-29,2020072901023677,JBBL,45,48,80,178.00,"14,240.00"
2020-07-29,2020072901023530,JBBL,58,5,10,178.00,"1,780.00"
2020-07-29,2020072901023529,JBBL,53,5,487,178.00,"86,686.00"
2020-07-29,2020072901023676,JBBL,19,48,300,178.00,"53,400.00"
2020-07-29,2020072901023675,JBBL,37,48,200,178.00,"35,600.00"
2020-07-29,2020072901023674,JBBL,38,48,697,178.00,"124,066.00"
2020-07-29,2020072901023533,JBBL,38,5,303,178.00,"53,934.00"
2020-07-29,2020072901023532,JBBL,54,5,100,178.00,"17,800.00"
2020-07-29,2020072901023531,JBBL,1,5,100,178.00,"17,800.00"
2020-07-29,2020072901023592,JOSHI,46,41,20,66.00,"1,320.00"
2020-07-29,2020072901023384,JSLBB,44,45,28,"1,480.00","41,440.00"
2020-07-29,2020072901023383,JSLBB,56,45,10,"1,480.00","14,800.00"
2020-07-29,2020072901023382,JSLBB,19,45,59,"1,480.00","87,320.00"
2020-07-29,2020072901023381,JSLBB,41,45,30,"1,481.00","44,430.00"
2020-07-29,2020072901023380,JSLBB,14,45,15,"1,481.00","22,215.00"
2020-07-29,2020072901023296,JSLBB,22,26,50,"1,498.00","74,900.00"
2020-07-29,2020072901023695,KBL,33,49,100,200.00,"20,000.00"
2020-07-29,2020072901023689,KBL,58,49,90,200.00,"18,000.00"
2020-07-29,2020072901023445,KBL,8,3,49,199.00,"9,751.00"
2020-07-29,2020072901023427,KMCDB,52,29,90,800.00,"72,000.00"
2020-07-29,2020072901023426,KMCDB,52,54,80,800.00,"64,000.00"
2020-07-29,2020072901023425,KMCDB,52,29,10,800.00,"8,000.00"
2020-07-29,2020072901023424,KMCDB,52,35,10,800.00,"8,000.00"
2020-07-29,2020072901023405,KMCDB,33,34,10,794.00,"7,940.00"
2020-07-29,2020072901023454,KPCL,38,34,10,104.00,"1,040.00"
2020-07-29,2020072901023515,KSBBL,33,45,100,154.00,"15,400.00"
2020-07-29,2020072901023290,LBBL,42,51,32,192.00,"6,144.00"
2020-07-29,2020072901023496,LBL,10,49,100,234.00,"23,400.00"
2020-07-29,2020072901023476,LBL,10,22,34,234.00,"7,956.00"
2020-07-29,2020072901023305,LGIL,40,40,200,459.00,"91,800.00"
2020-07-29,2020072901023248,LICN,25,26,10,"1,445.00","14,450.00"
2020-07-29,2020072901023446,MBL,28,37,10,237.00,"2,370.00"
2020-07-29,2020072901023505,MEGA,45,25,100,229.00,"22,900.00"
2020-07-29,2020072901023477,MEGA,33,25,500,229.00,"114,500.00"
2020-07-29,2020072901023464,MEGA,57,49,100,228.00,"22,800.00"
2020-07-29,2020072901023439,MEGA,45,25,100,229.00,"22,900.00"
2020-07-29,2020072901023298,MEGA,43,25,10,229.00,"2,290.00"
2020-07-29,2020072901023242,MEGA,33,35,130,227.00,"29,510.00"
2020-07-29,2020072901023226,MEGA,33,43,151,227.00,"34,277.00"
2020-07-29,2020072901023225,MEGA,45,43,659,227.00,"149,593.00"
2020-07-29,2020072901023526,MERO,42,52,29,645.00,"18,705.00"
2020-07-29,2020072901023525,MERO,41,52,14,646.00,"9,044.00"
2020-07-29,2020072901023590,MFIL,43,33,10,287.00,"2,870.00"
2020-07-29,2020072901023684,MMFDB,59,53,168,961.00,"161,448.00"
2020-07-29,2020072901023560,MMFDB,59,7,100,961.00,"96,100.00"
2020-07-29,2020072901023443,MNBBL,1,26,84,335.00,"28,140.00"
2020-07-29,2020072901023566,MPFL,42,7,10,114.00,"1,140.00"
2020-07-29,2020072901023565,MPFL,42,29,100,114.00,"11,400.00"
2020-07-29,2020072901023440,MPFL,42,38,19,112.00,"2,128.00"
2020-07-29,2020072901023694,MSMBS,43,41,10,707.00,"7,070.00"
2020-07-29,2020072901023490,MSMBS,46,41,10,694.00,"6,940.00"
2020-07-29,2020072901023593,NABIL,45,17,100,845.00,"84,500.00"
2020-07-29,2020072901023562,NABIL,45,22,21,845.00,"17,745.00"
2020-07-29,2020072901023509,NABIL,7,35,100,842.00,"84,200.00"
2020-07-29,2020072901023394,NABIL,57,42,50,846.00,"42,300.00"
2020-07-29,2020072901023309,NABIL,35,17,100,845.00,"84,500.00"
2020-07-29,2020072901023308,NABIL,35,57,26,845.00,"21,970.00"
2020-07-29,2020072901023307,NABIL,35,4,900,845.00,"760,500.00"
2020-07-29,2020072901023306,NABIL,35,25,100,844.00,"84,400.00"
2020-07-29,2020072901023375,NBB,45,58,948,210.00,"199,080.00"
2020-07-29,2020072901023374,NBB,45,5,276,210.00,"57,960.00"
2020-07-29,2020072901023373,NBB,45,14,200,209.00,"41,800.00"
2020-07-29,2020072901023372,NBB,45,38,76,209.00,"15,884.00"
2020-07-29,2020072901023269,NBB,26,38,250,208.00,"52,000.00"
2020-07-29,2020072901023268,NBB,26,38,200,208.00,"41,600.00"
2020-07-29,2020072901023690,NBL,39,41,172,259.00,"44,548.00"
2020-07-29,2020072901023314,NBL,39,53,150,259.00,"38,850.00"
2020-07-29,2020072901023244,NBL,43,4,"1,000",260.00,"260,000.00"
2020-07-29,2020072901023243,NBL,43,4,216,260.00,"56,160.00"
2020-07-29,2020072901023301,NHDL,22,40,10,129.00,"1,290.00"
2020-07-29,2020072901023683,NIB,45,37,16,469.00,"7,504.00"
2020-07-29,2020072901023499,NIB,20,21,49,467.00,"22,883.00"
2020-07-29,2020072901023498,NIB,22,21,100,468.00,"46,800.00"
2020-07-29,2020072901023497,NIB,32,21,26,468.00,"12,168.00"
2020-07-29,2020072901023457,NIB,32,58,37,468.00,"17,316.00"
2020-07-29,2020072901023401,NIB,32,54,49,468.00,"22,932.00"
2020-07-29,2020072901023359,NIB,32,40,49,468.00,"22,932.00"
2020-07-29,2020072901023687,NICA,32,40,300,571.00,"171,300.00"
2020-07-29,2020072901023671,NICA,32,48,100,571.00,"57,100.00"
2020-07-29,2020072901023601,NICA,46,29,90,572.00,"51,480.00"
2020-07-29,2020072901023600,NICA,46,33,110,572.00,"62,920.00"
2020-07-29,2020072901023516,NICA,1,33,200,572.00,"114,400.00"
2020-07-29,2020072901023452,NICAD8283,42,50,12,"1,044.00","12,528.00"
2020-07-29,2020072901023378,NICBF,58,6,900,9.81,"8,829.00"
2020-07-29,2020072901023473,NICL,43,33,10,460.00,"4,600.00"
2020-07-29,2020072901023716,NICLBSL,44,48,10,814.00,"8,140.00"
2020-07-29,2020072901023715,NICLBSL,44,47,10,814.00,"8,140.00"
2020-07-29,2020072901023706,NICLBSL,41,38,20,811.00,"16,220.00"
2020-07-29,2020072901023696,NICLBSL,41,34,10,811.00,"8,110.00"
2020-07-29,2020072901023685,NICLBSL,41,28,10,811.00,"8,110.00"
2020-07-29,2020072901023670,NICLBSL,41,11,20,811.00,"16,220.00"
2020-07-29,2020072901023272,NICLBSL,58,46,10,812.00,"8,120.00"
2020-07-29,2020072901023271,NICLBSL,57,28,10,810.00,"8,100.00"
2020-07-29,2020072901023270,NICLBSL,57,48,10,810.00,"8,100.00"
2020-07-29,2020072901023227,NICLBSL,57,37,10,810.00,"8,100.00"
2020-07-29,2020072901023402,NICLBSL,41,48,10,811.00,"8,110.00"
2020-07-29,2020072901023367,NICLBSL,41,37,10,811.00,"8,110.00"
2020-07-29,2020072901023339,NICLBSL,57,48,10,810.00,"8,100.00"
2020-07-29,2020072901023328,NICLBSL,57,28,10,810.00,"8,100.00"
2020-07-29,2020072901023302,NICLBSL,57,34,20,810.00,"16,200.00"
2020-07-29,2020072901023297,NICLBSL,57,37,10,810.00,"8,100.00"
2020-07-29,2020072901023451,NICLBSL,41,37,10,811.00,"8,110.00"
2020-07-29,2020072901023448,NICLBSL,41,28,10,811.00,"8,110.00"
2020-07-29,2020072901023447,NICLBSL,41,48,10,811.00,"8,110.00"
2020-07-29,2020072901023414,NICLBSL,41,40,20,811.00,"16,220.00"
2020-07-29,2020072901023412,NICLBSL,41,37,10,811.00,"8,110.00"
2020-07-29,2020072901023406,NICLBSL,41,34,20,811.00,"16,220.00"
2020-07-29,2020072901023572,NICLBSL,41,28,10,811.00,"8,110.00"
2020-07-29,2020072901023559,NICLBSL,41,34,10,811.00,"8,110.00"
2020-07-29,2020072901023554,NICLBSL,41,14,10,811.00,"8,110.00"
2020-07-29,2020072901023527,NICLBSL,41,14,20,811.00,"16,220.00"
2020-07-29,2020072901023483,NICLBSL,41,28,10,811.00,"8,110.00"
2020-07-29,2020072901023479,NICLBSL,41,34,20,811.00,"16,220.00"
2020-07-29,2020072901023669,NICLBSL,41,42,20,811.00,"16,220.00"
2020-07-29,2020072901023661,NICLBSL,41,47,10,811.00,"8,110.00"
2020-07-29,2020072901023621,NICLBSL,41,42,10,811.00,"8,110.00"
2020-07-29,2020072901023607,NICLBSL,41,28,10,811.00,"8,110.00"
2020-07-29,2020072901023598,NICLBSL,6,34,10,814.00,"8,140.00"
2020-07-29,2020072901023589,NICLBSL,41,34,10,811.00,"8,110.00"
2020-07-29,2020072901023673,NIL,52,5,250,632.00,"158,000.00"
2020-07-29,2020072901023672,NIL,42,5,50,633.00,"31,650.00"
2020-07-29,2020072901023629,NIL,42,46,100,635.00,"63,500.00"
2020-07-29,2020072901023327,NLBBL,46,17,140,700.00,"98,000.00"
2020-07-29,2020072901023326,NLBBL,56,17,100,700.00,"70,000.00"
2020-07-29,2020072901023325,NLBBL,42,17,20,700.00,"14,000.00"
2020-07-29,2020072901023324,NLBBL,49,17,100,700.00,"70,000.00"
2020-07-29,2020072901023323,NLBBL,41,17,30,701.00,"21,030.00"
2020-07-29,2020072901023322,NLBBL,37,17,20,703.00,"14,060.00"
2020-07-29,2020072901023389,NLG,45,10,100,652.00,"65,200.00"
2020-07-29,2020072901023390,NLG,28,10,100,651.00,"65,100.00"
2020-07-29,2020072901023693,NLIC,10,7,70,"1,341.00","93,870.00"
2020-07-29,2020072901023692,NLIC,16,7,100,"1,341.00","134,100.00"
2020-07-29,2020072901023588,NLIC,49,7,50,"1,342.00","67,100.00"
2020-07-29,2020072901023522,NLIC,35,7,50,"1,342.00","67,100.00"
2020-07-29,2020072901023521,NLIC,50,7,30,"1,342.00","40,260.00"
2020-07-29,2020072901023520,NLIC,44,7,100,"1,342.00","134,200.00"
2020-07-29,2020072901023364,NLIC,50,45,39,"1,343.00","52,377.00"
2020-07-29,2020072901023321,NLIC,42,46,24,"1,344.00","32,256.00"
2020-07-29,2020072901023311,NLIC,45,46,30,"1,344.00","40,320.00"
2020-07-29,2020072901023304,NLIC,50,1,11,"1,343.00","14,773.00"
2020-07-29,2020072901023303,NLIC,21,1,14,"1,343.00","18,802.00"
2020-07-29,2020072901023514,NLIC,50,52,250,"1,342.00","335,500.00"
2020-07-29,2020072901023513,NLIC,58,52,50,"1,342.00","67,100.00"
2020-07-29,2020072901023455,NLIC,50,40,22,"1,342.00","29,524.00"
2020-07-29,2020072901023453,NLIC,14,44,15,"1,344.00","20,160.00"
2020-07-29,2020072901023431,NLIC,37,10,39,"1,343.00","52,377.00"
2020-07-29,2020072901023365,NLIC,37,45,61,"1,343.00","81,923.00"
2020-07-29,2020072901023658,NLICL,42,1,100,690.00,"69,000.00"
2020-07-29,2020072901023558,NLICL,42,5,100,690.00,"69,000.00"
2020-07-29,2020072901023557,NLICL,42,5,75,690.00,"51,750.00"
2020-07-29,2020072901023470,NLICL,1,56,436,692.00,"301,712.00"
2020-07-29,2020072901023371,NLICL,6,56,27,692.00,"18,684.00"
2020-07-29,2020072901023370,NLICL,6,44,73,692.00,"50,516.00"
2020-07-29,2020072901023273,NLICL,50,44,154,692.00,"106,568.00"
2020-07-29,2020072901023508,NMB,13,35,200,429.00,"85,800.00"
2020-07-29,2020072901023458,NMB,57,40,20,430.00,"8,600.00"
2020-07-29,2020072901023438,NMB,13,42,10,429.00,"4,290.00"
2020-07-29,2020072901023437,NMB,45,42,20,429.00,"8,580.00"
2020-07-29,2020072901023436,NMB,43,42,120,429.00,"51,480.00"
2020-07-29,2020072901023435,NMB,16,42,100,429.00,"42,900.00"
2020-07-29,2020072901023434,NMB50,1,17,100,9.54,954.00
2020-07-29,2020072901023703,NRIC,55,58,40,585.00,"23,400.00"
2020-07-29,2020072901023702,NRIC,55,38,40,585.00,"23,400.00"
2020-07-29,2020072901023701,NRIC,55,54,100,585.00,"58,500.00"
2020-07-29,2020072901023700,NRIC,55,55,"1,000",585.00,"585,000.00"
2020-07-29,2020072901023699,NRIC,55,13,30,585.00,"17,550.00"
2020-07-29,2020072901023698,NRIC,55,38,175,585.00,"102,375.00"
2020-07-29,2020072901023228,NRIC,42,32,200,585.00,"117,000.00"
2020-07-29,2020072901023278,NRIC,59,56,60,585.00,"35,100.00"
2020-07-29,2020072901023277,NRIC,59,48,40,585.00,"23,400.00"
2020-07-29,2020072901023276,NRIC,59,13,40,585.00,"23,400.00"
2020-07-29,2020072901023263,NRIC,59,42,45,585.00,"26,325.00"
2020-07-29,2020072901023262,NRIC,59,32,455,585.00,"266,175.00"
2020-07-29,2020072901023247,NRIC,38,14,40,584.00,"23,360.00"
2020-07-29,2020072901023284,NRIC,59,45,40,585.00,"23,400.00"
2020-07-29,2020072901023283,NRIC,59,47,40,585.00,"23,400.00"
2020-07-29,2020072901023282,NRIC,59,58,100,585.00,"58,500.00"
2020-07-29,2020072901023281,NRIC,59,51,10,585.00,"5,850.00"
2020-07-29,2020072901023280,NRIC,59,52,50,585.00,"29,250.00"
2020-07-29,2020072901023279,NRIC,59,8,40,585.00,"23,400.00"
2020-07-29,2020072901023385,NRIC,38,50,100,584.00,"58,400.00"
2020-07-29,2020072901023338,NRIC,38,16,300,584.00,"175,200.00"
2020-07-29,2020072901023289,NRIC,6,6,20,585.00,"11,700.00"
2020-07-29,2020072901023288,NRIC,6,1,10,585.00,"5,850.00"
2020-07-29,2020072901023286,NRIC,59,1,30,585.00,"17,550.00"
2020-07-29,2020072901023285,NRIC,59,59,50,585.00,"29,250.00"
2020-07-29,2020072901023535,NRIC,59,6,450,585.00,"263,250.00"
2020-07-29,2020072901023534,NRIC,59,48,40,585.00,"23,400.00"
2020-07-29,2020072901023528,NRIC,38,40,40,584.00,"23,360.00"
2020-07-29,2020072901023506,NRIC,38,8,40,584.00,"23,360.00"
2020-07-29,2020072901023491,NRIC,14,6,10,585.00,"5,850.00"
2020-07-29,2020072901023478,NRIC,38,26,40,584.00,"23,360.00"
2020-07-29,2020072901023564,NRIC,38,6,100,584.00,"58,400.00"
2020-07-29,2020072901023540,NRIC,59,11,50,585.00,"29,250.00"
2020-07-29,2020072901023539,NRIC,59,44,10,585.00,"5,850.00"
2020-07-29,2020072901023538,NRIC,59,8,50,585.00,"29,250.00"
2020-07-29,2020072901023537,NRIC,59,47,200,585.00,"117,000.00"
2020-07-29,2020072901023536,NRIC,59,52,200,585.00,"117,000.00"
2020-07-29,2020072901023604,NRIC,26,14,320,585.00,"187,200.00"
2020-07-29,2020072901023603,NRIC,26,28,300,585.00,"175,500.00"
2020-07-29,2020072901023602,NRIC,26,41,30,585.00,"17,550.00"
2020-07-29,2020072901023594,NRIC,38,34,50,584.00,"29,200.00"
2020-07-29,2020072901023571,NRIC,16,41,10,585.00,"5,850.00"
2020-07-29,2020072901023570,NRIC,16,11,40,585.00,"23,400.00"
2020-07-29,2020072901023697,NRIC,41,38,500,585.00,"292,500.00"
2020-07-29,2020072901023668,NRIC,59,38,140,585.00,"81,900.00"
2020-07-29,2020072901023667,NRIC,59,29,40,585.00,"23,400.00"
2020-07-29,2020072901023666,NRIC,59,48,40,585.00,"23,400.00"
2020-07-29,2020072901023665,NRIC,59,14,20,585.00,"11,700.00"
2020-07-29,2020072901023609,NRIC,38,1,50,584.00,"29,200.00"
2020-07-29,2020072901023717,NSEWA,22,3,10,721.00,"7,210.00"
2020-07-29,2020072901023349,OHL,52,35,78,359.00,"28,002.00"
2020-07-29,2020072901023708,PCBL,44,21,300,279.00,"83,700.00"
2020-07-29,2020072901023469,PFL,29,13,488,150.00,"73,200.00"
2020-07-29,2020072901023468,PFL,29,55,12,150.00,"1,800.00"
2020-07-29,2020072901023475,PIC,52,52,84,639.00,"53,676.00"
2020-07-29,2020072901023474,PIC,42,52,150,639.00,"95,850.00"
2020-07-29,2020072901023628,PLIC,6,57,100,559.00,"55,900.00"
2020-07-29,2020072901023597,PLIC,6,34,388,559.00,"216,892.00"
2020-07-29,2020072901023596,PLIC,37,34,112,559.00,"62,608.00"
2020-07-29,2020072901023569,PLIC,37,46,100,559.00,"55,900.00"
2020-07-29,2020072901023432,PLIC,37,38,114,559.00,"63,726.00"
2020-07-29,2020072901023606,PRIN,46,44,"1,000",493.00,"493,000.00"
2020-07-29,2020072901023417,PRIN,57,44,50,493.00,"24,650.00"
2020-07-29,2020072901023416,PRIN,45,44,160,493.00,"78,880.00"
2020-07-29,2020072901023415,PRIN,26,44,50,493.00,"24,650.00"
2020-07-29,2020072901023591,PRVU,46,41,33,240.00,"7,920.00"
2020-07-29,2020072901023583,PRVU,26,41,550,240.00,"132,000.00"
2020-07-29,2020072901023582,PRVU,26,58,450,240.00,"108,000.00"
2020-07-29,2020072901023450,PRVU,40,58,50,240.00,"12,000.00"
2020-07-29,2020072901023587,RADHI,33,17,12,167.00,"2,004.00"
2020-07-29,2020072901023354,RHPC,54,34,100,83.00,"8,300.00"
2020-07-29,2020072901023274,RHPC,10,34,100,83.00,"8,300.00"
2020-07-29,2020072901023355,RHPC,54,35,100,83.00,"8,300.00"
2020-07-29,2020072901023449,RHPL,49,41,40,144.00,"5,760.00"
2020-07-29,2020072901023399,RHPL,49,35,40,144.00,"5,760.00"
2020-07-29,2020072901023714,RMDC,10,51,170,727.00,"123,590.00"
2020-07-29,2020072901023295,RMDC,5,22,12,730.00,"8,760.00"
2020-07-29,2020072901023294,RMDC,5,59,18,729.00,"13,122.00"
2020-07-29,2020072901023555,RRHP,42,56,10,93.00,930.00
2020-07-29,2020072901023691,RSDC,52,57,100,504.00,"50,400.00"
2020-07-29,2020072901023504,RSDC,7,5,12,500.00,"6,000.00"
2020-07-29,2020072901023353,SAEF,43,46,900,9.42,"8,478.00"
2020-07-29,2020072901023352,SAEF,42,46,200,9.42,"1,884.00"
2020-07-29,2020072901023686,SANIMA,56,40,100,364.00,"36,400.00"
2020-07-29,2020072901023480,SAPDBL,43,37,13,122.00,"1,586.00"
2020-07-29,2020072901023252,SBL,52,53,20,310.00,"6,200.00"
2020-07-29,2020072901023251,SBL,47,53,49,310.00,"15,190.00"
2020-07-29,2020072901023250,SBL,47,53,71,310.00,"22,010.00"
2020-07-29,2020072901023249,SBL,47,53,320,310.00,"99,200.00"
2020-07-29,2020072901023519,SCB,49,26,185,675.00,"124,875.00"
2020-07-29,2020072901023518,SCB,49,54,15,674.00,"10,110.00"
2020-07-29,2020072901023392,SCB,57,54,55,674.00,"37,070.00"
2020-07-29,2020072901023391,SCB,57,58,45,674.00,"30,330.00"
2020-07-29,2020072901023705,SEF,28,37,"9,500",9.60,"91,200.00"
2020-07-29,2020072901023704,SEF,45,37,500,9.61,"4,805.00"
2020-07-29,2020072901023482,SFMF,57,6,180,9.30,"1,674.00"
2020-07-29,2020072901023724,SHIVM,26,45,10,594.00,"5,940.00"
2020-07-29,2020072901023723,SHIVM,14,45,100,594.00,"59,400.00"
2020-07-29,2020072901023722,SHIVM,57,45,190,594.00,"112,860.00"
2020-07-29,2020072901023595,SHIVM,57,58,10,594.00,"5,940.00"
2020-07-29,2020072901023503,SHIVM,42,55,50,595.00,"29,750.00"
2020-07-29,2020072901023444,SHIVM,49,55,20,595.00,"11,900.00"
2020-07-29,2020072901023245,SHIVM,14,55,30,595.00,"17,850.00"
2020-07-29,2020072901023459,SHL,54,51,100,164.00,"16,400.00"
2020-07-29,2020072901023320,SHL,57,19,555,163.00,"90,465.00"
2020-07-29,2020072901023319,SHL,58,19,100,163.00,"16,300.00"
2020-07-29,2020072901023318,SHL,11,19,100,164.00,"16,400.00"
2020-07-29,2020072901023317,SHL,28,19,100,164.00,"16,400.00"
2020-07-29,2020072901023316,SHL,17,19,200,164.00,"32,800.00"
2020-07-29,2020072901023315,SHL,28,19,"1,000",164.00,"164,000.00"
2020-07-29,2020072901023261,SIC,14,26,34,756.00,"25,704.00"
2020-07-29,2020072901023260,SIC,45,26,100,757.00,"75,700.00"
2020-07-29,2020072901023623,SICL,51,37,10,"1,218.00","12,180.00"
2020-07-29,2020072901023428,SICL,34,55,20,"1,214.00","24,280.00"
2020-07-29,2020072901023404,SICL,51,37,10,"1,218.00","12,180.00"
2020-07-29,2020072901023462,SIL,4,7,734,603.00,"442,602.00"
2020-07-29,2020072901023461,SIL,44,7,100,604.00,"60,400.00"
2020-07-29,2020072901023460,SIL,58,7,166,605.00,"100,430.00"
2020-07-29,2020072901023422,SIL,58,44,834,605.00,"504,570.00"
2020-07-29,2020072901023421,SIL,49,44,16,605.00,"9,680.00"
2020-07-29,2020072901023420,SIL,45,44,150,606.00,"90,900.00"
2020-07-29,2020072901023465,SJCL,34,35,20,134.00,"2,680.00"
2020-07-29,2020072901023430,SJCL,34,41,20,134.00,"2,680.00"
2020-07-29,2020072901023710,SKBBL,52,45,28,"1,260.00","35,280.00"
2020-07-29,2020072901023709,SKBBL,57,45,22,"1,260.00","27,720.00"
2020-07-29,2020072901023599,SKBBL,57,45,52,"1,260.00","65,520.00"
2020-07-29,2020072901023579,SKBBL,57,1,26,"1,260.00","32,760.00"
2020-07-29,2020072901023578,SKBBL,41,1,20,"1,260.00","25,200.00"
2020-07-29,2020072901023577,SKBBL,51,1,20,"1,260.00","25,200.00"
2020-07-29,2020072901023576,SKBBL,34,1,34,"1,260.00","42,840.00"
2020-07-29,2020072901023363,SKBBL,34,28,16,"1,260.00","20,160.00"
2020-07-29,2020072901023362,SKBBL,43,28,49,"1,261.00","61,789.00"
2020-07-29,2020072901023361,SKBBL,33,28,11,"1,262.00","13,882.00"
2020-07-29,2020072901023360,SKBBL,39,28,124,"1,262.00","156,488.00"
2020-07-29,2020072901023662,SLBBL,57,55,20,851.00,"17,020.00"
2020-07-29,2020072901023332,SLICL,55,26,170,444.00,"75,480.00"
2020-07-29,2020072901023331,SLICL,55,26,200,444.00,"88,800.00"
2020-07-29,2020072901023330,SLICL,52,26,50,444.00,"22,200.00"
2020-07-29,2020072901023329,SLICL,32,26,80,444.00,"35,520.00"
2020-07-29,2020072901023257,SLICL,32,58,120,444.00,"53,280.00"
2020-07-29,2020072901023256,SLICL,36,58,230,444.00,"102,120.00"
2020-07-29,2020072901023255,SLICL,13,58,50,445.00,"22,250.00"
2020-07-29,2020072901023254,SLICL,57,58,150,445.00,"66,750.00"
2020-07-29,2020072901023253,SLICL,6,58,200,445.00,"89,000.00"
2020-07-29,2020072901023608,SMB,34,34,10,867.00,"8,670.00"
2020-07-29,2020072901023654,SPARS,19,45,100,840.00,"84,000.00"
2020-07-29,2020072901023622,SPARS,19,42,30,840.00,"25,200.00"
2020-07-29,2020072901023586,SPARS,38,10,50,835.00,"41,750.00"
2020-07-29,2020072901023512,SPARS,38,45,100,835.00,"83,500.00"
2020-07-29,2020072901023267,SPDL,36,33,173,100.00,"17,300.00"
2020-07-29,2020072901023266,SPDL,36,33,200,100.00,"20,000.00"
2020-07-29,2020072901023265,SPDL,36,33,224,100.00,"22,400.00"
2020-07-29,2020072901023368,SRBL,34,45,279,241.00,"67,239.00"
2020-07-29,2020072901023682,SWBBL,26,14,30,"1,230.00","36,900.00"
2020-07-29,2020072901023287,SWBBL,26,37,100,"1,230.00","123,000.00"
2020-07-29,2020072901023653,UIC,58,41,162,376.00,"60,912.00"
2020-07-29,2020072901023652,UIC,21,41,20,376.00,"7,520.00"
2020-07-29,2020072901023651,UIC,38,41,200,376.00,"75,200.00"
2020-07-29,2020072901023650,UIC,19,41,200,376.00,"75,200.00"
2020-07-29,2020072901023649,UIC,26,41,250,376.00,"94,000.00"
2020-07-29,2020072901023648,UIC,35,41,30,376.00,"11,280.00"
2020-07-29,2020072901023641,UIC,32,41,22,378.00,"8,316.00"
2020-07-29,2020072901023275,UIC,32,55,78,378.00,"29,484.00"
2020-07-29,2020072901023647,UIC,26,41,70,376.00,"26,320.00"
2020-07-29,2020072901023646,UIC,16,41,30,376.00,"11,280.00"
2020-07-29,2020072901023645,UIC,7,41,200,377.00,"75,400.00"
2020-07-29,2020072901023644,UIC,10,41,200,377.00,"75,400.00"
2020-07-29,2020072901023643,UIC,50,41,250,377.00,"94,250.00"
2020-07-29,2020072901023642,UIC,29,41,100,377.00,"37,700.00"
2020-07-29,2020072901023345,UPCL,13,6,150,72.00,"10,800.00"
2020-07-29,2020072901023484,UPPER,56,56,40,229.00,"9,160.00"
2020-07-29,2020072901023395,UPPER,55,39,72,228.00,"16,416.00"
2020-07-29,2020072901023366,UPPER,55,47,404,228.00,"92,112.00"
2020-07-29,2020072901023310,UPPER,55,41,"1,400",228.00,"319,200.00"
2020-07-29,2020072901023721,VLBS,49,5,12,930.00,"11,160.00"
2020-07-29,2020072901023720,VLBS,49,49,78,930.00,"72,540.00"
2020-07-29,2020072901023719,VLBS,49,45,27,930.00,"25,110.00"
2020-07-29,2020072901023718,VLBS,49,51,13,929.00,"12,077.00"
2020-07-29,2020072901023620,WOMI,13,43,15,941.00,"14,115.00"
2020-07-29,2020072901023619,WOMI,34,43,30,941.00,"28,230.00"
2020-07-29,2020072901023618,WOMI,56,43,25,941.00,"23,525.00"
2020-07-29,2020072901023617,WOMI,36,43,13,941.00,"12,233.00"
2020-07-29,2020072901023616,WOMI,34,43,10,942.00,"9,420.00"
2020-07-29,2020072901023615,WOMI,4,43,22,942.00,"20,724.00"
2020-07-29,2020072901023614,WOMI,49,43,10,943.00,"9,430.00"
2020-07-29,2020072901023613,WOMI,7,43,90,944.00,"84,960.00"
2020-07-29,2020072901023612,WOMI,45,43,50,945.00,"47,250.00"
2020-07-29,2020072901023611,WOMI,44,43,20,945.00,"18,900.00"
2020-07-29,2020072901023610,WOMI,45,43,50,945.00,"47,250.00"
2020-07-29,2020072901022996,ADBL,49,53,236,422.00,"99,592.00"
2020-07-29,2020072901022995,ADBL,14,53,34,423.00,"14,382.00"
2020-07-29,2020072901022994,ADBL,11,53,10,423.00,"4,230.00"
2020-07-29,2020072901022771,ADBL,57,26,500,422.00,"211,000.00"
2020-07-29,2020072901022770,ADBL,46,26,100,422.00,"42,200.00"
2020-07-29,2020072901022769,ADBL,32,26,400,423.00,"169,200.00"
2020-07-29,2020072901022993,ADBL,38,53,20,424.00,"8,480.00"
2020-07-29,2020072901022991,ADBL,14,7,16,423.00,"6,768.00"
2020-07-29,2020072901022977,ADBL,6,44,50,424.00,"21,200.00"
2020-07-29,2020072901022935,ADBL,38,44,20,424.00,"8,480.00"
2020-07-29,2020072901022825,ADBL,16,44,108,424.00,"45,792.00"
2020-07-29,2020072901022824,ADBL,16,3,42,424.00,"17,808.00"
2020-07-29,2020072901023030,AHPC,34,55,312,94.00,"29,328.00"
2020-07-29,2020072901023029,AHPC,34,34,188,94.00,"17,672.00"
2020-07-29,2020072901022840,AKPL,38,45,500,115.00,"57,500.00"
2020-07-29,2020072901023155,ALBSL,32,13,25,708.00,"17,700.00"
2020-07-29,2020072901023154,ALBSL,57,13,52,708.00,"36,816.00"
2020-07-29,2020072901023153,ALBSL,28,13,10,710.00,"7,100.00"
2020-07-29,2020072901023004,ALBSL,57,25,23,708.00,"16,284.00"
2020-07-29,2020072901022985,ALBSL,57,25,12,708.00,"8,496.00"
2020-07-29,2020072901022984,ALBSL,22,25,30,710.00,"21,300.00"
2020-07-29,2020072901022834,ALBSL,46,41,11,710.00,"7,810.00"
2020-07-29,2020072901022739,ALBSL,57,16,100,708.00,"70,800.00"
2020-07-29,2020072901022786,ALICL,37,22,100,645.00,"64,500.00"
2020-07-29,2020072901022743,ALICL,14,34,140,646.00,"90,440.00"
2020-07-29,2020072901022747,API,13,25,"1,166",107.00,"124,762.00"
2020-07-29,2020072901022745,BARUN,14,49,230,79.00,"18,170.00"
2020-07-29,2020072901022744,BARUN,14,49,100,79.00,"7,900.00"
2020-07-29,2020072901022730,BFC,38,41,100,102.00,"10,200.00"
2020-07-29,2020072901022729,BFC,8,41,221,102.00,"22,542.00"
2020-07-29,2020072901023012,BOKL,47,38,13,233.00,"3,029.00"
2020-07-29,2020072901023100,BPCL,47,5,200,358.00,"71,600.00"
2020-07-29,2020072901023099,BPCL,21,5,500,358.00,"179,000.00"
2020-07-29,2020072901023098,BPCL,7,5,200,358.00,"71,600.00"
2020-07-29,2020072901023097,BPCL,6,5,500,358.00,"179,000.00"
2020-07-29,2020072901023096,BPCL,55,5,30,358.00,"10,740.00"
2020-07-29,2020072901023095,BPCL,41,5,50,358.00,"17,900.00"
2020-07-29,2020072901023052,BPCL,11,41,193,358.00,"69,094.00"
2020-07-29,2020072901022836,BPCL,58,45,36,359.00,"12,924.00"
2020-07-29,2020072901023215,CBBL,21,54,59,"1,085.00","64,015.00"
2020-07-29,2020072901023214,CBBL,21,13,27,"1,085.00","29,295.00"
2020-07-29,2020072901023173,CBBL,21,33,20,"1,085.00","21,700.00"
2020-07-29,2020072901023135,CBBL,21,53,394,"1,085.00","427,490.00"
2020-07-29,2020072901023134,CBBL,21,53,191,"1,085.00","207,235.00"
2020-07-29,2020072901023078,CBL,35,16,32,146.00,"4,672.00"
2020-07-29,2020072901023077,CBL,46,16,100,146.00,"14,600.00"
2020-07-29,2020072901023076,CBL,25,16,68,146.00,"9,928.00"
2020-07-29,2020072901022793,CBL,25,21,149,146.00,"21,754.00"
2020-07-29,2020072901022727,CBL,25,11,33,146.00,"4,818.00"
2020-07-29,2020072901022726,CBL,49,11,"1,000",146.00,"146,000.00"
2020-07-29,2020072901022725,CBL,41,11,368,146.00,"53,728.00"
2020-07-29,2020072901022846,CCBL,19,6,298,177.00,"52,746.00"
2020-07-29,2020072901022845,CCBL,55,6,100,177.00,"17,700.00"
2020-07-29,2020072901022844,CCBL,55,6,500,177.00,"88,500.00"
2020-07-29,2020072901022843,CCBL,1,6,10,177.00,"1,770.00"
2020-07-29,2020072901022842,CCBL,16,6,68,177.00,"12,036.00"
2020-07-29,2020072901023019,CIT,34,49,12,"2,550.00","30,600.00"
2020-07-29,2020072901023018,CIT,11,49,13,"2,550.00","33,150.00"
2020-07-29,2020072901022898,CIT,11,45,37,"2,550.00","94,350.00"
2020-07-29,2020072901022897,CIT,39,45,63,"2,550.00","160,650.00"
2020-07-29,2020072901023050,CLBSL,56,58,18,700.00,"12,600.00"
2020-07-29,2020072901023049,CLBSL,33,58,100,700.00,"70,000.00"
2020-07-29,2020072901022949,CMF1,57,46,200,9.84,"1,968.00"
2020-07-29,2020072901023107,CZBIL,1,17,700,197.00,"137,900.00"
2020-07-29,2020072901023106,CZBIL,1,5,201,197.00,"39,597.00"
2020-07-29,2020072901023105,CZBIL,1,40,127,197.00,"25,019.00"
2020-07-29,2020072901023037,CZBIL,13,41,10,196.00,"1,960.00"
2020-07-29,2020072901023094,DDBL,4,21,140,861.00,"120,540.00"
2020-07-29,2020072901022919,DDBL,4,22,80,861.00,"68,880.00"
2020-07-29,2020072901023120,EIC,7,14,250,402.00,"100,500.00"
2020-07-29,2020072901023103,EIC,56,22,200,402.00,"80,400.00"
2020-07-29,2020072901022859,EIC,54,16,20,402.00,"8,040.00"
2020-07-29,2020072901023015,FMDBL,13,42,50,537.00,"26,850.00"
2020-07-29,2020072901022960,FMDBL,22,51,62,535.00,"33,170.00"
2020-07-29,2020072901022959,FMDBL,58,51,100,535.00,"53,500.00"
2020-07-29,2020072901022958,FMDBL,49,51,28,535.00,"14,980.00"
2020-07-29,2020072901022957,FMDBL,28,51,10,536.00,"5,360.00"
2020-07-29,2020072901022863,FMDBL,28,45,60,536.00,"32,160.00"
2020-07-29,2020072901022862,FMDBL,6,45,100,536.00,"53,600.00"
2020-07-29,2020072901023212,GBIME,45,18,99,258.00,"25,542.00"
2020-07-29,2020072901023211,GBIME,21,18,16,258.00,"4,128.00"
2020-07-29,2020072901023210,GBIME,1,18,110,258.00,"28,380.00"
2020-07-29,2020072901023209,GBIME,41,18,500,258.00,"129,000.00"
2020-07-29,2020072901023208,GBIME,50,18,30,258.00,"7,740.00"
2020-07-29,2020072901023207,GBIME,13,18,200,258.00,"51,600.00"
2020-07-29,2020072901022761,GBIME,19,29,100,259.00,"25,900.00"
2020-07-29,2020072901022732,GBIME,34,29,200,259.00,"51,800.00"
2020-07-29,2020072901023111,GBIME,47,35,20,258.00,"5,160.00"
2020-07-29,2020072901023024,GBIME,46,40,50,260.00,"13,000.00"
2020-07-29,2020072901023007,GBIME,56,40,20,260.00,"5,200.00"
2020-07-29,2020072901023002,GBIME,47,8,130,258.00,"33,540.00"
2020-07-29,2020072901022923,GBIME,6,45,700,259.00,"181,300.00"
2020-07-29,2020072901022922,GBIME,6,29,"1,420",259.00,"367,780.00"
2020-07-29,2020072901023200,GBIME,16,18,390,258.00,"100,620.00"
2020-07-29,2020072901023185,GBIME,56,46,37,259.00,"9,583.00"
2020-07-29,2020072901023160,GBIME,50,46,30,259.00,"7,770.00"
2020-07-29,2020072901023159,GBIME,32,46,100,259.00,"25,900.00"
2020-07-29,2020072901023113,GBIME,16,35,110,258.00,"28,380.00"
2020-07-29,2020072901023112,GBIME,59,35,30,258.00,"7,740.00"
2020-07-29,2020072901023206,GBIME,41,18,998,258.00,"257,484.00"
2020-07-29,2020072901023205,GBIME,42,18,50,258.00,"12,900.00"
2020-07-29,2020072901023204,GBIME,56,18,100,258.00,"25,800.00"
2020-07-29,2020072901023203,GBIME,42,18,60,258.00,"15,480.00"
2020-07-29,2020072901023202,GBIME,33,18,50,258.00,"12,900.00"
2020-07-29,2020072901023201,GBIME,35,18,100,258.00,"25,800.00"
2020-07-29,2020072901022979,GBLBS,41,47,95,496.00,"47,120.00"
2020-07-29,2020072901022833,GBLBS,38,47,65,496.00,"32,240.00"
2020-07-29,2020072901022832,GBLBS,38,43,285,496.00,"141,360.00"
2020-07-29,2020072901022746,GBLBS,16,10,171,495.00,"84,645.00"
2020-07-29,2020072901022728,GBLBS,16,45,15,495.00,"7,425.00"
2020-07-29,2020072901022916,GHL,57,58,50,58.00,"2,900.00"
2020-07-29,2020072901022731,GLICL,50,40,100,472.00,"47,200.00"
2020-07-29,2020072901022791,GMFBS,33,42,10,789.00,"7,890.00"
2020-07-29,2020072901023182,GUFL,56,35,79,118.00,"9,322.00"
2020-07-29,2020072901023109,HBL,56,43,38,564.00,"21,432.00"
2020-07-29,2020072901023143,HDHPC,46,36,60,91.00,"5,460.00"
2020-07-29,2020072901023142,HDHPC,46,37,10,91.00,910.00
2020-07-29,2020072901022954,HDL,32,21,10,"1,678.00","16,780.00"
2020-07-29,2020072901022914,HDL,34,21,40,"1,678.00","67,120.00"
2020-07-29,2020072901022874,HDL,34,53,100,"1,678.00","167,800.00"
2020-07-29,2020072901022796,HDL,33,53,795,"1,677.00","1,333,215.00"
2020-07-29,2020072901022795,HDL,32,53,50,"1,677.00","83,850.00"
2020-07-29,2020072901022794,HDL,8,53,55,"1,677.00","92,235.00"
2020-07-29,2020072901022792,HDL,25,48,50,"1,680.00","84,000.00"
2020-07-29,2020072901022758,HDL,33,42,20,"1,681.00","33,620.00"
2020-07-29,2020072901023224,IGI,29,29,125,445.00,"55,625.00"
2020-07-29,2020072901023223,IGI,52,29,100,445.00,"44,500.00"
2020-07-29,2020072901023222,IGI,19,29,200,445.00,"89,000.00"
2020-07-29,2020072901023221,IGI,43,29,25,445.00,"11,125.00"
2020-07-29,2020072901023220,IGI,22,29,50,446.00,"22,300.00"
2020-07-29,2020072901023043,JBBL,53,22,49,179.00,"8,771.00"
2020-07-29,2020072901022864,JBBL,53,38,150,179.00,"26,850.00"
2020-07-29,2020072901022905,JFL,28,58,146,166.00,"24,236.00"
2020-07-29,2020072901022904,JFL,42,58,20,167.00,"3,340.00"
2020-07-29,2020072901022891,JSLBB,51,10,30,"1,482.00","44,460.00"
2020-07-29,2020072901022749,JSLBB,51,10,20,"1,482.00","29,640.00"
2020-07-29,2020072901023150,KBL,1,49,561,200.00,"112,200.00"
2020-07-29,2020072901023149,KBL,1,57,50,200.00,"10,000.00"
2020-07-29,2020072901022818,KBL,8,21,116,199.00,"23,084.00"
2020-07-29,2020072901022775,KBL,33,57,50,200.00,"10,000.00"
2020-07-29,2020072901022774,KBL,33,26,50,200.00,"10,000.00"
2020-07-29,2020072901023219,KMCDB,38,59,50,795.00,"39,750.00"
2020-07-29,2020072901023218,KMCDB,32,59,43,795.00,"34,185.00"
2020-07-29,2020072901023217,KMCDB,56,59,40,796.00,"31,840.00"
2020-07-29,2020072901022815,LBBL,47,45,200,193.00,"38,600.00"
2020-07-29,2020072901022814,LBBL,47,1,145,193.00,"27,985.00"
2020-07-29,2020072901022835,LBL,10,46,40,234.00,"9,360.00"
2020-07-29,2020072901022910,LGIL,33,7,280,457.00,"127,960.00"
2020-07-29,2020072901022909,LGIL,52,7,100,457.00,"45,700.00"
2020-07-29,2020072901022908,LGIL,44,7,54,457.00,"24,678.00"
2020-07-29,2020072901022907,LGIL,6,7,66,458.00,"30,228.00"
2020-07-29,2020072901022956,LICN,45,26,100,"1,445.00","144,500.00"
2020-07-29,2020072901022895,LICN,46,26,200,"1,445.00","289,000.00"
2020-07-29,2020072901022974,LLBS,45,29,40,"1,143.00","45,720.00"
2020-07-29,2020072901022806,LLBS,45,29,60,"1,143.00","68,580.00"
2020-07-29,2020072901022805,LLBS,45,35,22,"1,143.00","25,146.00"
2020-07-29,2020072901022804,LLBS,45,43,40,"1,142.00","45,680.00"
2020-07-29,2020072901023163,MBL,38,8,100,235.00,"23,500.00"
2020-07-29,2020072901023162,MBL,38,45,76,235.00,"17,860.00"
2020-07-29,2020072901022856,MBL,41,51,35,233.00,"8,155.00"
2020-07-29,2020072901022855,MBL,13,51,100,233.00,"23,300.00"
2020-07-29,2020072901022810,MBL,13,46,241,233.00,"56,153.00"
2020-07-29,2020072901022784,MBL,19,46,100,233.00,"23,300.00"
2020-07-29,2020072901022748,MBL,38,46,611,233.00,"142,363.00"
2020-07-29,2020072901023170,MEGA,45,43,"1,341",227.00,"304,407.00"
2020-07-29,2020072901023169,MEGA,22,43,500,227.00,"113,500.00"
2020-07-29,2020072901023168,MEGA,48,43,59,227.00,"13,393.00"
2020-07-29,2020072901023167,MEGA,25,43,100,228.00,"22,800.00"
2020-07-29,2020072901023138,MEGA,48,16,141,227.00,"32,007.00"
2020-07-29,2020072901022764,MEGA,19,43,300,229.00,"68,700.00"
2020-07-29,2020072901022975,MEGA,7,13,500,229.00,"114,500.00"
2020-07-29,2020072901022921,MEGA,7,58,200,229.00,"45,800.00"
2020-07-29,2020072901022920,MEGA,7,43,63,229.00,"14,427.00"
2020-07-29,2020072901022839,MEGA,28,21,34,228.00,"7,752.00"
2020-07-29,2020072901022826,MEGA,19,43,100,229.00,"22,900.00"
2020-07-29,2020072901023083,MEGA,41,43,"5,000",228.00,"1,140,000.00"
2020-07-29,2020072901023082,MEGA,41,43,200,228.00,"45,600.00"
2020-07-29,2020072901023081,MEGA,28,43,"1,787",228.00,"407,436.00"
2020-07-29,2020072901023080,MEGA,46,43,30,229.00,"6,870.00"
2020-07-29,2020072901023079,MEGA,7,43,37,229.00,"8,473.00"
2020-07-29,2020072901022998,MEGA,7,25,200,229.00,"45,800.00"
2020-07-29,2020072901023089,MEGA,14,43,250,227.00,"56,750.00"
2020-07-29,2020072901023088,MEGA,56,43,100,228.00,"22,800.00"
2020-07-29,2020072901023087,MEGA,58,43,220,228.00,"50,160.00"
2020-07-29,2020072901023086,MEGA,32,43,200,228.00,"45,600.00"
2020-07-29,2020072901023085,MEGA,48,43,500,228.00,"114,000.00"
2020-07-29,2020072901023084,MEGA,42,43,"1,000",228.00,"228,000.00"
2020-07-29,2020072901023123,MEGA,37,43,559,227.00,"126,893.00"
2020-07-29,2020072901023093,MEGA,37,43,441,227.00,"100,107.00"
2020-07-29,2020072901023092,MEGA,50,43,200,227.00,"45,400.00"
2020-07-29,2020072901023091,MEGA,22,43,10,227.00,"2,270.00"
2020-07-29,2020072901023090,MEGA,43,43,25,227.00,"5,675.00"
2020-07-29,2020072901023137,MEGA,51,16,59,227.00,"13,393.00"
2020-07-29,2020072901023128,MEGA,51,43,191,227.00,"43,357.00"
2020-07-29,2020072901023127,MEGA,33,43,"1,000",227.00,"227,000.00"
2020-07-29,2020072901023126,MEGA,51,43,50,227.00,"11,350.00"
2020-07-29,2020072901023125,MEGA,45,43,100,227.00,"22,700.00"
2020-07-29,2020072901023124,MEGA,7,43,100,227.00,"22,700.00"
2020-07-29,2020072901023194,MERO,41,26,34,646.00,"21,964.00"
2020-07-29,2020072901022886,MLBL,25,1,200,196.00,"39,200.00"
2020-07-29,2020072901022885,MLBL,55,1,50,196.00,"9,800.00"
2020-07-29,2020072901022884,MLBL,49,1,500,196.00,"98,000.00"
2020-07-29,2020072901022883,MLBL,57,1,300,196.00,"58,800.00"
2020-07-29,2020072901022882,MLBL,51,1,500,196.00,"98,000.00"
2020-07-29,2020072901022875,MLBL,26,1,546,198.00,"108,108.00"
2020-07-29,2020072901022881,MLBL,59,1,20,196.00,"3,920.00"
2020-07-29,2020072901022880,MLBL,13,1,500,196.00,"98,000.00"
2020-07-29,2020072901022879,MLBL,43,1,100,196.00,"19,600.00"
2020-07-29,2020072901022878,MLBL,17,1,500,197.00,"98,500.00"
2020-07-29,2020072901022877,MLBL,26,1,500,197.00,"98,500.00"
2020-07-29,2020072901022876,MLBL,22,1,50,197.00,"9,850.00"
2020-07-29,2020072901023042,MMFDB,59,7,10,961.00,"9,610.00"
2020-07-29,2020072901023041,MMFDB,29,7,90,961.00,"86,490.00"
2020-07-29,2020072901022781,MMFDB,29,47,10,961.00,"9,610.00"
2020-07-29,2020072901022780,MMFDB,43,47,84,961.00,"80,724.00"
2020-07-29,2020072901022934,MNBBL,44,26,96,335.00,"32,160.00"
2020-07-29,2020072901022933,MNBBL,44,14,104,335.00,"34,840.00"
2020-07-29,2020072901022892,MNBBL,22,26,20,335.00,"6,700.00"
2020-07-29,2020072901023139,NABIL,18,32,228,843.00,"192,204.00"
2020-07-29,2020072901023044,NABIL,7,4,60,842.00,"50,520.00"
2020-07-29,2020072901023028,NABIL,6,4,60,842.00,"50,520.00"
2020-07-29,2020072901023014,NABIL,48,59,13,841.00,"10,933.00"
2020-07-29,2020072901022999,NABIL,16,4,100,842.00,"84,200.00"
2020-07-29,2020072901022813,NABIL,48,40,250,841.00,"210,250.00"
2020-07-29,2020072901022760,NABIL,43,40,50,842.00,"42,100.00"
2020-07-29,2020072901022751,NABIL,58,46,10,842.00,"8,420.00"
2020-07-29,2020072901022750,NABIL,40,46,90,842.00,"75,780.00"
2020-07-29,2020072901023008,NADEP,40,57,13,639.00,"8,307.00"
2020-07-29,2020072901022939,NADEP,40,57,14,639.00,"8,946.00"
2020-07-29,2020072901022938,NADEP,45,57,30,639.00,"19,170.00"
2020-07-29,2020072901022937,NADEP,42,57,41,639.00,"26,199.00"
2020-07-29,2020072901023166,NBL,13,45,500,261.00,"130,500.00"
2020-07-29,2020072901022894,NBL,43,4,"1,240",260.00,"322,400.00"
2020-07-29,2020072901022893,NBL,43,44,544,260.00,"141,440.00"
2020-07-29,2020072901022849,NBL,43,44,300,260.00,"78,000.00"
2020-07-29,2020072901022848,NBL,43,44,576,260.00,"149,760.00"
2020-07-29,2020072901022847,NBL,43,44,580,260.00,"150,800.00"
2020-07-29,2020072901022924,NCCB,37,26,250,197.00,"49,250.00"
2020-07-29,2020072901022912,NCCB,37,46,57,197.00,"11,229.00"
2020-07-29,2020072901022820,NCCB,1,38,75,198.00,"14,850.00"
2020-07-29,2020072901023032,NIB,32,37,200,469.00,"93,800.00"
2020-07-29,2020072901022787,NIB,51,56,135,470.00,"63,450.00"
2020-07-29,2020072901022807,NIBPO,42,26,"1,077",384.00,"413,568.00"
2020-07-29,2020072901022803,NIBPO,42,50,800,384.00,"307,200.00"
2020-07-29,2020072901022802,NIBPO,46,50,100,384.00,"38,400.00"
2020-07-29,2020072901022801,NIBPO,40,50,100,384.00,"38,400.00"
2020-07-29,2020072901023114,NICA,32,58,300,571.00,"171,300.00"
2020-07-29,2020072901023040,NICA,32,51,10,571.00,"5,710.00"
2020-07-29,2020072901023039,NICA,32,55,246,571.00,"140,466.00"
2020-07-29,2020072901023038,NICA,32,25,50,571.00,"28,550.00"
2020-07-29,2020072901023016,NICA,54,25,200,571.00,"114,200.00"
2020-07-29,2020072901023003,NICA,44,44,"2,890",570.00,"1,647,300.00"
2020-07-29,2020072901022896,NICA,44,5,252,570.00,"143,640.00"
2020-07-29,2020072901022870,NICA,25,25,100,571.00,"57,100.00"
2020-07-29,2020072901022841,NICA,44,58,"1,000",570.00,"570,000.00"
2020-07-29,2020072901022790,NICA,22,25,25,571.00,"14,275.00"
2020-07-29,2020072901023011,NICGF,6,46,200,10.10,"2,020.00"
2020-07-29,2020072901022947,NICL,39,26,139,453.00,"62,967.00"
2020-07-29,2020072901022946,NICL,6,26,50,453.00,"22,650.00"
2020-07-29,2020072901022945,NICL,58,26,100,454.00,"45,400.00"
2020-07-29,2020072901022944,NICL,54,26,100,455.00,"45,500.00"
2020-07-29,2020072901022943,NICL,32,26,11,455.00,"5,005.00"
2020-07-29,2020072901022788,NICL,17,33,100,460.00,"46,000.00"
2020-07-29,2020072901023188,NICLBSL,57,28,10,810.00,"8,100.00"
2020-07-29,2020072901023176,NICLBSL,57,6,20,810.00,"16,200.00"
2020-07-29,2020072901023152,NICLBSL,57,53,10,810.00,"8,100.00"
2020-07-29,2020072901023147,NICLBSL,57,37,10,810.00,"8,100.00"
2020-07-29,2020072901023122,NICLBSL,57,6,10,810.00,"8,100.00"
2020-07-29,2020072901023121,NICLBSL,58,26,10,810.00,"8,100.00"
2020-07-29,2020072901022756,NICLBSL,38,37,10,809.00,"8,090.00"
2020-07-29,2020072901022755,NICLBSL,38,40,10,809.00,"8,090.00"
2020-07-29,2020072901022753,NICLBSL,38,32,10,809.00,"8,090.00"
2020-07-29,2020072901022740,NICLBSL,38,6,10,809.00,"8,090.00"
2020-07-29,2020072901022852,NICLBSL,11,6,10,810.00,"8,100.00"
2020-07-29,2020072901022838,NICLBSL,11,40,10,810.00,"8,100.00"
2020-07-29,2020072901022819,NICLBSL,47,34,10,809.00,"8,090.00"
2020-07-29,2020072901022809,NICLBSL,47,6,10,809.00,"8,090.00"
2020-07-29,2020072901022779,NICLBSL,38,6,10,809.00,"8,090.00"
2020-07-29,2020072901022765,NICLBSL,38,34,10,809.00,"8,090.00"
2020-07-29,2020072901022961,NICLBSL,17,42,10,813.00,"8,130.00"
2020-07-29,2020072901022955,NICLBSL,17,34,10,810.00,"8,100.00"
2020-07-29,2020072901022941,NICLBSL,58,37,10,810.00,"8,100.00"
2020-07-29,2020072901022940,NICLBSL,11,28,10,810.00,"8,100.00"
2020-07-29,2020072901022889,NICLBSL,11,28,10,810.00,"8,100.00"
2020-07-29,2020072901022871,NICLBSL,11,34,10,810.00,"8,100.00"
2020-07-29,2020072901022987,NICLBSL,17,37,10,810.00,"8,100.00"
2020-07-29,2020072901022983,NICLBSL,17,28,10,810.00,"8,100.00"
2020-07-29,2020072901022972,NICLBSL,17,18,10,810.00,"8,100.00"
2020-07-29,2020072901022965,NICLBSL,19,57,10,813.00,"8,130.00"
2020-07-29,2020072901022963,NICLBSL,17,13,260,814.00,"211,640.00"
2020-07-29,2020072901022962,NICLBSL,17,22,10,813.00,"8,130.00"
2020-07-29,2020072901023054,NICLBSL,49,34,10,810.00,"8,100.00"
2020-07-29,2020072901023053,NICLBSL,17,28,10,810.00,"8,100.00"
2020-07-29,2020072901023036,NICLBSL,17,18,10,810.00,"8,100.00"
2020-07-29,2020072901023021,NICLBSL,17,28,10,810.00,"8,100.00"
2020-07-29,2020072901023020,NICLBSL,17,34,20,810.00,"16,200.00"
2020-07-29,2020072901022992,NICLBSL,17,58,10,810.00,"8,100.00"
2020-07-29,2020072901023161,NIL,38,26,24,635.00,"15,240.00"
2020-07-29,2020072901023115,NIL,38,45,250,635.00,"158,750.00"
2020-07-29,2020072901023102,NIL,3,43,500,636.00,"318,000.00"
2020-07-29,2020072901022986,NIL,38,59,25,635.00,"15,875.00"
2020-07-29,2020072901022800,NIL,3,45,500,635.00,"317,500.00"
2020-07-29,2020072901022799,NIL,3,34,200,634.00,"126,800.00"
2020-07-29,2020072901022798,NIL,3,38,100,634.00,"63,400.00"
2020-07-29,2020072901022797,NIL,3,22,50,633.00,"31,650.00"
2020-07-29,2020072901022827,NLG,32,10,30,654.00,"19,620.00"
2020-07-29,2020072901022831,NLG,28,10,80,651.00,"52,080.00"
2020-07-29,2020072901022830,NLG,22,10,10,653.00,"6,530.00"
2020-07-29,2020072901022829,NLG,28,10,50,653.00,"32,650.00"
2020-07-29,2020072901022828,NLG,1,10,30,654.00,"19,620.00"
2020-07-29,2020072901023216,NLIC,42,46,60,"1,344.00","80,640.00"
2020-07-29,2020072901023213,NLIC,45,46,30,"1,344.00","40,320.00"
2020-07-29,2020072901023165,NLIC,42,10,15,"1,343.00","20,145.00"
2020-07-29,2020072901023164,NLIC,28,10,38,"1,343.00","51,034.00"
2020-07-29,2020072901023035,NLIC,28,4,62,"1,343.00","83,266.00"
2020-07-29,2020072901023034,NLIC,14,4,300,"1,343.00","402,900.00"
2020-07-29,2020072901022823,NLIC,57,45,50,"1,344.00","67,200.00"
2020-07-29,2020072901022822,NLIC,45,45,50,"1,344.00","67,200.00"
2020-07-29,2020072901022766,NLIC,45,6,50,"1,344.00","67,200.00"
2020-07-29,2020072901022735,NLIC,14,26,200,"1,343.00","268,600.00"
2020-07-29,2020072901022734,NLIC,58,26,100,"1,343.00","134,300.00"
2020-07-29,2020072901022733,NLIC,28,26,100,"1,343.00","134,300.00"
2020-07-29,2020072901023033,NLIC,49,4,138,"1,344.00","185,472.00"
2020-07-29,2020072901023010,NLIC,49,44,12,"1,344.00","16,128.00"
2020-07-29,2020072901023009,NLIC,8,44,68,"1,344.00","91,392.00"
2020-07-29,2020072901023001,NLIC,8,42,100,"1,344.00","134,400.00"
2020-07-29,2020072901022925,NLIC,54,54,50,"1,345.00","67,250.00"
2020-07-29,2020072901022851,NLIC,8,45,32,"1,344.00","43,008.00"
2020-07-29,2020072901023158,NLICL,42,14,100,690.00,"69,000.00"
2020-07-29,2020072901023157,NLICL,42,57,500,690.00,"345,000.00"
2020-07-29,2020072901023156,NLICL,42,49,50,690.00,"34,500.00"
2020-07-29,2020072901022981,NLICL,50,1,346,689.00,"238,394.00"
2020-07-29,2020072901022980,NLICL,26,1,90,689.00,"62,010.00"
2020-07-29,2020072901022932,NLICL,26,38,10,689.00,"6,890.00"
2020-07-29,2020072901023193,NMB,16,50,336,429.00,"144,144.00"
2020-07-29,2020072901023192,NMB,16,51,20,429.00,"8,580.00"
2020-07-29,2020072901023191,NMB,16,13,300,429.00,"128,700.00"
2020-07-29,2020072901023190,NMB,16,35,280,429.00,"120,120.00"
2020-07-29,2020072901023180,NMB,6,35,20,429.00,"8,580.00"
2020-07-29,2020072901023179,NMB,6,50,80,429.00,"34,320.00"
2020-07-29,2020072901022953,NMB,8,16,500,428.00,"214,000.00"
2020-07-29,2020072901022861,NMB,43,16,50,429.00,"21,450.00"
2020-07-29,2020072901022772,NMB,45,16,100,429.00,"42,900.00"
2020-07-29,2020072901022754,NMB,52,16,43,429.00,"18,447.00"
2020-07-29,2020072901023178,NMB,8,16,150,428.00,"64,200.00"
2020-07-29,2020072901023141,NMB,58,50,46,429.00,"19,734.00"
2020-07-29,2020072901023118,NMB,29,50,30,429.00,"12,870.00"
2020-07-29,2020072901023117,NMB,29,16,287,429.00,"123,123.00"
2020-07-29,2020072901023023,NMB,46,16,20,429.00,"8,580.00"
2020-07-29,2020072901022976,NMB,28,16,500,429.00,"214,500.00"
2020-07-29,2020072901023067,NMBMF,48,28,12,740.00,"8,880.00"
2020-07-29,2020072901023066,NMBMF,8,28,"1,000",740.00,"740,000.00"
2020-07-29,2020072901023065,NMBMF,43,28,200,740.00,"148,000.00"
2020-07-29,2020072901023064,NMBMF,48,28,100,740.00,"74,000.00"
2020-07-29,2020072901023063,NMBMF,57,28,100,741.00,"74,100.00"
2020-07-29,2020072901023062,NMBMF,34,28,100,741.00,"74,100.00"
2020-07-29,2020072901023061,NMBMF,8,28,200,741.00,"148,200.00"
2020-07-29,2020072901023060,NMBMF,10,28,100,741.00,"74,100.00"
2020-07-29,2020072901023059,NMBMF,57,28,128,742.00,"94,976.00"
2020-07-29,2020072901023058,NMBMF,32,28,100,743.00,"74,300.00"
2020-07-29,2020072901023057,NMBMF,42,28,35,743.00,"26,005.00"
2020-07-29,2020072901023056,NMBMF,3,28,25,744.00,"18,600.00"
2020-07-29,2020072901023199,NRIC,38,33,75,584.00,"43,800.00"
2020-07-29,2020072901023198,NRIC,49,33,500,584.00,"292,000.00"
2020-07-29,2020072901023197,NRIC,29,33,300,584.00,"175,200.00"
2020-07-29,2020072901023196,NRIC,45,33,10,584.00,"5,840.00"
2020-07-29,2020072901023195,NRIC,55,33,115,584.00,"67,160.00"
2020-07-29,2020072901023187,NRIC,55,51,10,584.00,"5,840.00"
2020-07-29,2020072901022768,NRIC,44,7,40,584.00,"23,360.00"
2020-07-29,2020072901022767,NRIC,44,16,390,584.00,"227,760.00"
2020-07-29,2020072901022759,NRIC,51,42,10,583.00,"5,830.00"
2020-07-29,2020072901022812,NRIC,44,40,40,584.00,"23,360.00"
2020-07-29,2020072901022811,NRIC,44,6,200,584.00,"116,800.00"
2020-07-29,2020072901022808,NRIC,44,6,40,584.00,"23,360.00"
2020-07-29,2020072901022789,NRIC,44,37,50,584.00,"29,200.00"
2020-07-29,2020072901022785,NRIC,44,45,50,584.00,"29,200.00"
2020-07-29,2020072901022773,NRIC,44,40,40,584.00,"23,360.00"
2020-07-29,2020072901022866,NRIC,10,48,10,584.00,"5,840.00"
2020-07-29,2020072901022865,NRIC,57,48,30,584.00,"17,520.00"
2020-07-29,2020072901022858,NRIC,57,6,30,584.00,"17,520.00"
2020-07-29,2020072901022857,NRIC,44,6,10,584.00,"5,840.00"
2020-07-29,2020072901022837,NRIC,44,37,40,584.00,"23,360.00"
2020-07-29,2020072901022816,NRIC,44,22,100,584.00,"58,400.00"
2020-07-29,2020072901022917,NRIC,10,6,20,584.00,"11,680.00"
2020-07-29,2020072901022913,NRIC,10,44,40,584.00,"23,360.00"
2020-07-29,2020072901022906,NRIC,10,28,200,584.00,"116,800.00"
2020-07-29,2020072901022902,NRIC,10,38,100,584.00,"58,400.00"
2020-07-29,2020072901022873,NRIC,10,16,40,584.00,"23,360.00"
2020-07-29,2020072901022872,NRIC,10,38,20,584.00,"11,680.00"
2020-07-29,2020072901022967,NRIC,38,45,280,584.00,"163,520.00"
2020-07-29,2020072901022966,NRIC,10,45,10,584.00,"5,840.00"
2020-07-29,2020072901022951,NRIC,10,6,20,584.00,"11,680.00"
2020-07-29,2020072901022942,NRIC,10,28,200,584.00,"116,800.00"
2020-07-29,2020072901022936,NRIC,10,43,40,584.00,"23,360.00"
2020-07-29,2020072901022918,NRIC,10,6,30,584.00,"17,520.00"
2020-07-29,2020072901023025,NRIC,55,5,40,584.00,"23,360.00"
2020-07-29,2020072901023017,NRIC,55,37,40,584.00,"23,360.00"
2020-07-29,2020072901022997,NRIC,55,50,100,584.00,"58,400.00"
2020-07-29,2020072901022990,NRIC,55,22,30,584.00,"17,520.00"
2020-07-29,2020072901022978,NRIC,55,37,40,584.00,"23,360.00"
2020-07-29,2020072901022968,NRIC,55,45,10,584.00,"5,840.00"
2020-07-29,2020072901023108,NRIC,55,53,40,584.00,"23,360.00"
2020-07-29,2020072901023075,NRIC,55,14,30,584.00,"17,520.00"
2020-07-29,2020072901023068,NRIC,55,26,40,584.00,"23,360.00"
2020-07-29,2020072901023051,NRIC,55,54,40,584.00,"23,360.00"
2020-07-29,2020072901023048,NRIC,55,59,40,584.00,"23,360.00"
2020-07-29,2020072901023031,NRIC,55,8,40,584.00,"23,360.00"
2020-07-29,2020072901023181,NRIC,55,16,10,584.00,"5,840.00"
2020-07-29,2020072901023148,NRIC,55,54,40,584.00,"23,360.00"
2020-07-29,2020072901023145,NRIC,25,32,345,585.00,"201,825.00"
2020-07-29,2020072901023144,NRIC,25,45,155,585.00,"90,675.00"
2020-07-29,2020072901023136,NRIC,55,59,40,584.00,"23,360.00"
2020-07-29,2020072901023110,NRIC,55,5,200,584.00,"116,800.00"
2020-07-29,2020072901023151,NTC,45,1,70,660.00,"46,200.00"
2020-07-29,2020072901022850,NUBL,6,35,390,991.00,"386,490.00"
2020-07-29,2020072901022964,OHL,16,51,100,360.00,"36,000.00"
2020-07-29,2020072901023000,PCBL,44,5,119,279.00,"33,201.00"
2020-07-29,2020072901022989,PFL,46,45,42,149.00,"6,258.00"
2020-07-29,2020072901022911,PFL,29,13,500,150.00,"75,000.00"
2020-07-29,2020072901022778,PIC,42,14,350,639.00,"223,650.00"
2020-07-29,2020072901022777,PIC,53,14,50,639.00,"31,950.00"
2020-07-29,2020072901022776,PIC,16,14,100,640.00,"64,000.00"
2020-07-29,2020072901022817,PICL,49,57,10,470.00,"4,700.00"
2020-07-29,2020072901023186,PRVU,17,17,100,240.00,"24,000.00"
2020-07-29,2020072901022854,PRVU,44,46,16,240.00,"3,840.00"
2020-07-29,2020072901022853,PRVU,44,25,921,240.00,"221,040.00"
2020-07-29,2020072901022741,PRVU,25,25,500,240.00,"120,000.00"
2020-07-29,2020072901022973,RADHI,33,44,12,167.00,"2,004.00"
2020-07-29,2020072901022860,RADHI,33,35,11,167.00,"1,837.00"
2020-07-29,2020072901023189,RHPL,49,34,40,144.00,"5,760.00"
2020-07-29,2020072901022926,RHPL,54,28,20,145.00,"2,900.00"
2020-07-29,2020072901023119,RMDC,34,52,100,726.00,"72,600.00"
2020-07-29,2020072901022763,RMDC,34,33,300,726.00,"217,800.00"
2020-07-29,2020072901022762,RMDC,28,33,200,727.00,"145,400.00"
2020-07-29,2020072901022738,RSDC,56,5,100,500.00,"50,000.00"
2020-07-29,2020072901022737,RSDC,14,5,100,500.00,"50,000.00"
2020-07-29,2020072901022736,RSDC,55,5,88,500.00,"44,000.00"
2020-07-29,2020072901023013,SABSL,42,45,10,767.00,"7,670.00"
2020-07-29,2020072901023074,SBL,44,58,197,310.00,"61,070.00"
2020-07-29,2020072901023073,SBL,8,58,12,310.00,"3,720.00"
2020-07-29,2020072901023072,SBL,33,58,50,310.00,"15,500.00"
2020-07-29,2020072901023071,SBL,56,58,10,310.00,"3,100.00"
2020-07-29,2020072901023070,SBL,45,58,20,310.00,"6,200.00"
2020-07-29,2020072901023069,SBL,45,58,10,310.00,"3,100.00"
2020-07-29,2020072901023116,SCB,14,58,30,674.00,"20,220.00"
2020-07-29,2020072901023047,SCB,25,58,25,674.00,"16,850.00"
2020-07-29,2020072901022988,SCB,48,42,25,673.00,"16,825.00"
2020-07-29,2020072901022930,SCB,53,58,200,674.00,"134,800.00"
2020-07-29,2020072901022929,SCB,55,58,100,674.00,"67,400.00"
2020-07-29,2020072901022928,SCB,4,58,100,674.00,"67,400.00"
2020-07-29,2020072901022742,SCB,47,26,100,675.00,"67,500.00"
2020-07-29,2020072901023046,SDESI,45,33,30,865.00,"25,950.00"
2020-07-29,2020072901023045,SDESI,45,10,20,865.00,"17,300.00"
2020-07-29,2020072901023027,SDESI,45,10,100,863.00,"86,300.00"
2020-07-29,2020072901022950,SDESI,45,11,16,862.00,"13,792.00"
2020-07-29,2020072901022927,SDESI,8,35,17,860.00,"14,620.00"
2020-07-29,2020072901022890,SDESI,8,25,66,860.00,"56,760.00"
2020-07-29,2020072901023183,SEF,17,6,"19,500",9.62,"187,590.00"
2020-07-29,2020072901022821,SEF,17,46,500,9.62,"4,810.00"
2020-07-29,2020072901022982,SHIVM,6,58,100,592.00,"59,200.00"
2020-07-29,2020072901022903,SHIVM,45,55,10,595.00,"5,950.00"
2020-07-29,2020072901022757,SHIVM,34,7,500,595.00,"297,500.00"
2020-07-29,2020072901022752,SHIVM,49,58,20,600.00,"12,000.00"
2020-07-29,2020072901022915,SHPC,10,14,325,218.00,"70,850.00"
2020-07-29,2020072901023140,SIL,34,14,10,608.00,"6,080.00"
2020-07-29,2020072901023177,SJCL,57,47,150,135.00,"20,250.00"
2020-07-29,2020072901022931,SJCL,45,28,20,133.00,"2,660.00"
2020-07-29,2020072901023101,SJCL,34,57,20,134.00,"2,680.00"
2020-07-29,2020072901023104,SKBBL,39,49,99,"1,262.00","124,938.00"
2020-07-29,2020072901023055,SKBBL,39,29,309,"1,262.00","389,958.00"
2020-07-29,2020072901022948,SKBBL,39,38,127,"1,262.00","160,274.00"
2020-07-29,2020072901022901,SLBBL,3,57,50,848.00,"42,400.00"
2020-07-29,2020072901022900,SLBBL,44,57,90,848.00,"76,320.00"
2020-07-29,2020072901022899,SLBBL,47,57,60,849.00,"50,940.00"
2020-07-29,2020072901023184,SMB,56,49,10,850.00,"8,500.00"
2020-07-29,2020072901022888,SMB,56,5,30,850.00,"25,500.00"
2020-07-29,2020072901022887,SMB,33,5,10,851.00,"8,510.00"
2020-07-29,2020072901023131,SRBL,34,37,105,241.00,"25,305.00"
2020-07-29,2020072901023130,SRBL,38,37,408,241.00,"98,328.00"
2020-07-29,2020072901023129,SRBL,6,37,87,241.00,"20,967.00"
2020-07-29,2020072901023175,TRH,6,51,90,220.00,"19,800.00"
2020-07-29,2020072901023174,TRH,56,51,10,221.00,"2,210.00"
2020-07-29,2020072901023146,TRH,56,3,10,221.00,"2,210.00"
2020-07-29,2020072901023133,UIC,19,58,278,380.00,"105,640.00"
2020-07-29,2020072901023132,UIC,19,45,222,379.00,"84,138.00"
2020-07-29,2020072901023026,UIC,55,48,300,378.00,"113,400.00"
2020-07-29,2020072901022971,UIC,6,45,50,379.00,"18,950.00"
2020-07-29,2020072901022970,UIC,13,45,100,379.00,"37,900.00"
2020-07-29,2020072901022969,UIC,50,45,28,379.00,"10,612.00"
2020-07-29,2020072901022783,UIC,50,10,22,379.00,"8,338.00"
2020-07-29,2020072901022782,UIC,38,10,26,379.00,"9,854.00"
2020-07-29,2020072901023006,UNHPL,37,57,20,55.00,"1,100.00"
2020-07-29,2020072901023005,UNHPL,38,57,30,55.00,"1,650.00"
2020-07-29,2020072901023172,UPPER,55,52,20,228.00,"4,560.00"
2020-07-29,2020072901023171,UPPER,42,52,20,229.00,"4,580.00"
2020-07-29,2020072901023022,UPPER,42,44,40,229.00,"9,160.00"
2020-07-29,2020072901022952,UPPER,42,42,50,229.00,"11,450.00"
2020-07-29,2020072901022869,VLBS,37,55,50,929.00,"46,450.00"
2020-07-29,2020072901022868,VLBS,50,55,10,929.00,"9,290.00"
2020-07-29,2020072901022867,VLBS,42,55,40,929.00,"37,160.00"
2020-07-29,2020072901022612,ADBL,32,29,100,423.00,"42,300.00"
2020-07-29,2020072901022292,ADBL,46,49,100,422.00,"42,200.00"
2020-07-29,2020072901022237,ADBL,35,6,400,423.00,"169,200.00"
2020-07-29,2020072901022671,ALBSL,57,51,13,708.00,"9,204.00"
2020-07-29,2020072901022613,ALBSL,20,45,11,708.00,"7,788.00"
2020-07-29,2020072901022525,ALBSL,20,16,37,708.00,"26,196.00"
2020-07-29,2020072901022524,ALBSL,33,16,19,709.00,"13,471.00"
2020-07-29,2020072901022354,ALBSL,33,54,11,709.00,"7,799.00"
2020-07-29,2020072901022289,ALBSL,34,16,25,709.00,"17,725.00"
2020-07-29,2020072901022288,ALBSL,52,16,22,710.00,"15,620.00"
2020-07-29,2020072901022619,ALICL,45,34,500,646.00,"323,000.00"
2020-07-29,2020072901022618,ALICL,44,34,100,646.00,"64,600.00"
2020-07-29,2020072901022617,ALICL,33,34,30,646.00,"19,380.00"
2020-07-29,2020072901022608,ALICL,33,16,200,646.00,"129,200.00"
2020-07-29,2020072901022571,ALICL,33,16,60,646.00,"38,760.00"
2020-07-29,2020072901022569,ALICL,33,6,410,646.00,"264,860.00"
2020-07-29,2020072901022506,ALICL,45,16,500,647.00,"323,500.00"
2020-07-29,2020072901022505,ALICL,14,16,300,647.00,"194,100.00"
2020-07-29,2020072901022323,ALICL,14,16,100,647.00,"64,700.00"
2020-07-29,2020072901022240,ALICL,45,16,50,648.00,"32,400.00"
2020-07-29,2020072901022239,ALICL,34,16,90,648.00,"58,320.00"
2020-07-29,2020072901022691,API,13,25,287,107.00,"30,709.00"
2020-07-29,2020072901022690,API,6,25,200,107.00,"21,400.00"
2020-07-29,2020072901022689,API,35,25,"1,000",107.00,"107,000.00"
2020-07-29,2020072901022688,API,44,25,500,107.00,"53,500.00"
2020-07-29,2020072901022687,API,35,25,200,107.00,"21,400.00"
2020-07-29,2020072901022686,API,57,25,413,107.00,"44,191.00"
2020-07-29,2020072901022262,API,57,51,15,107.00,"1,605.00"
2020-07-29,2020072901022566,BARUN,36,49,200,80.00,"16,000.00"
2020-07-29,2020072901022565,BARUN,28,49,570,80.00,"45,600.00"
2020-07-29,2020072901022358,BARUN,28,49,30,80.00,"2,400.00"
2020-07-29,2020072901022261,BBC,34,6,20,"1,541.00","30,820.00"
2020-07-29,2020072901022260,BBC,39,6,27,"1,570.00","42,390.00"
2020-07-29,2020072901022526,BFC,8,34,170,102.00,"17,340.00"
2020-07-29,2020072901022605,BOKL,47,29,40,233.00,"9,320.00"
2020-07-29,2020072901022310,BOKL,6,37,"1,000",233.00,"233,000.00"
2020-07-29,2020072901022357,BPCL,33,8,"1,000",359.00,"359,000.00"
2020-07-29,2020072901022324,CBBL,35,25,16,"1,086.00","17,376.00"
2020-07-29,2020072901022296,CBBL,21,57,13,"1,085.00","14,105.00"
2020-07-29,2020072901022257,CBBL,21,54,200,"1,085.00","217,000.00"
2020-07-29,2020072901022305,CBL,41,40,632,146.00,"92,272.00"
2020-07-29,2020072901022304,CBL,58,40,300,146.00,"43,800.00"
2020-07-29,2020072901022303,CBL,46,40,300,146.00,"43,800.00"
2020-07-29,2020072901022302,CBL,47,40,100,146.00,"14,600.00"
2020-07-29,2020072901022301,CBL,29,40,500,146.00,"73,000.00"
2020-07-29,2020072901022300,CBL,43,40,100,146.00,"14,600.00"
2020-07-29,2020072901022299,CBL,33,40,709,146.00,"103,514.00"
2020-07-29,2020072901022252,CBL,33,49,154,146.00,"22,484.00"
2020-07-29,2020072901022263,CCBL,42,38,10,178.00,"1,780.00"
2020-07-29,2020072901022492,CHCL,42,42,26,400.00,"10,400.00"
2020-07-29,2020072901022491,CHCL,42,41,24,400.00,"9,600.00"
2020-07-29,2020072901022272,CHL,1,14,560,84.00,"47,040.00"
2020-07-29,2020072901022699,CLBSL,11,55,20,701.00,"14,020.00"
2020-07-29,2020072901022498,CLBSL,38,58,32,710.00,"22,720.00"
2020-07-29,2020072901022497,CLBSL,41,16,32,703.00,"22,496.00"
2020-07-29,2020072901022238,CLBSL,11,54,30,701.00,"21,030.00"
2020-07-29,2020072901022336,CZBIL,13,26,64,196.00,"12,544.00"
2020-07-29,2020072901022335,CZBIL,34,26,300,196.00,"58,800.00"
2020-07-29,2020072901022334,CZBIL,50,26,300,196.00,"58,800.00"
2020-07-29,2020072901022333,CZBIL,57,26,30,196.00,"5,880.00"
2020-07-29,2020072901022332,CZBIL,14,26,100,196.00,"19,600.00"
2020-07-29,2020072901022331,CZBIL,56,26,206,196.00,"40,376.00"
2020-07-29,2020072901022703,DDBL,4,52,300,861.00,"258,300.00"
2020-07-29,2020072901022627,DHPL,41,6,20,54.00,"1,080.00"
2020-07-29,2020072901022651,EBL,43,35,100,750.00,"75,000.00"
2020-07-29,2020072901022577,EBL,38,35,170,750.00,"127,500.00"
2020-07-29,2020072901022576,EBL,38,38,30,749.00,"22,470.00"
2020-07-29,2020072901022316,EBL,38,38,70,749.00,"52,430.00"
2020-07-29,2020072901022291,EBL,35,57,74,745.00,"55,130.00"
2020-07-29,2020072901022290,EBL,14,57,26,746.00,"19,396.00"
2020-07-29,2020072901022243,EBL,14,38,24,746.00,"17,904.00"
2020-07-29,2020072901022279,EDBL,58,42,50,333.00,"16,650.00"
2020-07-29,2020072901022696,EIC,19,16,100,402.00,"40,200.00"
2020-07-29,2020072901022715,FOWAD,48,46,100,"1,540.00","154,000.00"
2020-07-29,2020072901022714,FOWAD,50,46,50,"1,540.00","77,000.00"
2020-07-29,2020072901022713,FOWAD,45,46,200,"1,540.00","308,000.00"
2020-07-29,2020072901022712,FOWAD,42,46,100,"1,550.00","155,000.00"
2020-07-29,2020072901022711,FOWAD,58,46,10,"1,551.00","15,510.00"
2020-07-29,2020072901022308,GBBL,37,5,234,240.00,"56,160.00"
2020-07-29,2020072901022307,GBBL,33,5,79,240.00,"18,960.00"
2020-07-29,2020072901022306,GBBL,44,5,200,241.00,"48,200.00"
2020-07-29,2020072901022678,GBIME,38,29,100,259.00,"25,900.00"
2020-07-29,2020072901022632,GBIME,8,29,100,259.00,"25,900.00"
2020-07-29,2020072901022487,GBIME,8,29,50,259.00,"12,950.00"
2020-07-29,2020072901022430,GBIME,33,29,30,259.00,"7,770.00"
2020-07-29,2020072901022429,GBIME,33,5,470,259.00,"121,730.00"
2020-07-29,2020072901022428,GBIME,50,5,200,259.00,"51,800.00"
2020-07-29,2020072901022410,GBIME,47,5,50,259.00,"12,950.00"
2020-07-29,2020072901022563,GBLBS,41,32,100,495.00,"49,500.00"
2020-07-29,2020072901022562,GBLBS,41,13,225,495.00,"111,375.00"
2020-07-29,2020072901022409,GBLBS,32,43,100,494.00,"49,400.00"
2020-07-29,2020072901022368,GBLBS,32,21,90,494.00,"44,460.00"
2020-07-29,2020072901022367,GBLBS,25,21,10,494.00,"4,940.00"
2020-07-29,2020072901022298,GBLBS,25,19,190,494.00,"93,860.00"
2020-07-29,2020072901022297,GBLBS,6,19,100,494.00,"49,400.00"
2020-07-29,2020072901022278,GLBSL,6,47,50,848.00,"42,400.00"
2020-07-29,2020072901022277,GLBSL,22,47,20,848.00,"16,960.00"
2020-07-29,2020072901022568,GMFBS,33,10,90,790.00,"71,100.00"
2020-07-29,2020072901022561,GMFBS,33,40,10,790.00,"7,900.00"
2020-07-29,2020072901022425,GMFBS,56,10,50,790.00,"39,500.00"
2020-07-29,2020072901022424,GMFBS,58,10,30,790.00,"23,700.00"
2020-07-29,2020072901022423,GMFBS,37,10,212,791.00,"167,692.00"
2020-07-29,2020072901022422,GMFBS,32,10,100,792.00,"79,200.00"
2020-07-29,2020072901022421,GMFBS,32,10,16,792.00,"12,672.00"
2020-07-29,2020072901022682,HDL,8,5,245,"1,677.00","410,865.00"
2020-07-29,2020072901022681,HDL,39,5,75,"1,677.00","125,775.00"
2020-07-29,2020072901022680,HDL,26,5,65,"1,678.00","109,070.00"
2020-07-29,2020072901022679,HDL,33,5,10,"1,678.00","16,780.00"
2020-07-29,2020072901022521,HDL,33,53,50,"1,680.00","84,000.00"
2020-07-29,2020072901022520,HDL,33,53,10,"1,680.00","16,800.00"
2020-07-29,2020072901022255,HDL,42,53,40,"1,680.00","67,200.00"
2020-07-29,2020072901022254,HDL,42,53,10,"1,680.00","16,800.00"
