Date,Transact. No.,Symbol,Buyer,Seller,Quantity,Rate,Amount
2020-03-03,2020030301033458,ADBL,59,35,50,425.00,"21,250.00"
2020-03-03,2020030301033415,ADBL,39,49,10,425.00,"4,250.00"
2020-03-03,2020030301033711,AHPC,14,56,20,105.00,"2,100.00"
2020-03-03,2020030301033687,AKPL,58,40,33,129.00,"4,257.00"
2020-03-03,2020030301033558,AKPL,29,40,500,129.00,"64,500.00"
2020-03-03,2020030301033556,AKPL,48,40,"2,000",129.00,"258,000.00"
2020-03-03,2020030301033475,AKPL,58,40,467,129.00,"60,243.00"
2020-03-03,2020030301033737,ALBSL,51,45,55,725.00,"39,875.00"
2020-03-03,2020030301033454,ALBSL,39,45,95,725.00,"68,875.00"
2020-03-03,2020030301033732,ALICL,5,45,80,617.00,"49,360.00"
2020-03-03,2020030301033731,ALICL,14,45,300,617.00,"185,100.00"
2020-03-03,2020030301033728,ALICL,58,45,20,617.00,"12,340.00"
2020-03-03,2020030301033677,ALICL,41,45,50,617.00,"30,850.00"
2020-03-03,2020030301033676,ALICL,22,45,200,617.00,"123,400.00"
2020-03-03,2020030301033675,ALICL,34,45,100,617.00,"61,700.00"
2020-03-03,2020030301033674,ALICL,36,45,50,617.00,"30,850.00"
2020-03-03,2020030301033673,ALICL,10,45,100,618.00,"61,800.00"
2020-03-03,2020030301033672,ALICL,35,45,100,619.00,"61,900.00"
2020-03-03,2020030301033724,API,25,38,50,139.00,"6,950.00"
2020-03-03,2020030301033696,API,25,57,500,138.00,"69,000.00"
2020-03-03,2020030301033573,API,47,25,113,136.00,"15,368.00"
2020-03-03,2020030301033572,API,38,25,47,136.00,"6,392.00"
2020-03-03,2020030301033571,API,35,25,113,136.00,"15,368.00"
2020-03-03,2020030301033570,API,54,25,100,137.00,"13,700.00"
2020-03-03,2020030301033569,API,59,25,127,137.00,"17,399.00"
2020-03-03,2020030301033480,BBC,34,51,10,"1,865.00","18,650.00"
2020-03-03,2020030301033760,BOKL,34,6,490,260.00,"127,400.00"
2020-03-03,2020030301033759,BOKL,6,6,10,260.00,"2,600.00"
2020-03-03,2020030301033473,BPCL,25,17,11,385.00,"4,235.00"
2020-03-03,2020030301033756,CBBL,25,50,20,"1,110.00","22,200.00"
2020-03-03,2020030301033419,CBBL,45,48,35,"1,100.00","38,500.00"
2020-03-03,2020030301033746,CBL,47,58,100,154.00,"15,400.00"
2020-03-03,2020030301033692,CBL,13,58,100,154.00,"15,400.00"
2020-03-03,2020030301033586,CBL,43,58,10,154.00,"1,540.00"
2020-03-03,2020030301033484,CBL,26,16,17,153.00,"2,601.00"
2020-03-03,2020030301033826,CCBL,6,59,359,191.00,"68,569.00"
2020-03-03,2020030301033825,CCBL,35,59,381,191.00,"72,771.00"
2020-03-03,2020030301033561,CCBL,35,49,500,191.00,"95,500.00"
2020-03-03,2020030301033499,CCBL,35,19,119,191.00,"22,729.00"
2020-03-03,2020030301033498,CCBL,59,19,500,191.00,"95,500.00"
2020-03-03,2020030301033497,CCBL,59,19,200,191.00,"38,200.00"
2020-03-03,2020030301033496,CCBL,35,19,252,191.00,"48,132.00"
2020-03-03,2020030301033845,CHCL,8,29,10,430.00,"4,300.00"
2020-03-03,2020030301033805,CHCL,8,49,100,426.00,"42,600.00"
2020-03-03,2020030301033524,CHCL,22,32,362,426.00,"154,212.00"
2020-03-03,2020030301033882,CIT,40,7,10,"2,823.00","28,230.00"
2020-03-03,2020030301033755,CIT,58,45,24,"2,800.00","67,200.00"
2020-03-03,2020030301033747,CIT,35,7,100,"2,799.00","279,900.00"
2020-03-03,2020030301033722,CIT,38,45,10,"2,800.00","28,000.00"
2020-03-03,2020030301033712,CIT,14,45,10,"2,800.00","28,000.00"
2020-03-03,2020030301033670,CIT,58,45,40,"2,800.00","112,000.00"
2020-03-03,2020030301033599,CIT,57,45,16,"2,800.00","44,800.00"
2020-03-03,2020030301033598,CIT,57,50,14,"2,800.00","39,200.00"
2020-03-03,2020030301033691,CLBSL,43,34,11,"1,224.00","13,464.00"
2020-03-03,2020030301033690,CLBSL,43,6,10,"1,201.00","12,010.00"
2020-03-03,2020030301033626,CLBSL,43,6,39,"1,201.00","46,839.00"
2020-03-03,2020030301033625,CLBSL,43,51,11,"1,201.00","13,211.00"
2020-03-03,2020030301033880,CORBL,37,32,190,133.00,"25,270.00"
2020-03-03,2020030301033815,CZBIL,46,41,100,212.00,"21,200.00"
2020-03-03,2020030301033632,CZBIL,46,7,493,212.00,"104,516.00"
2020-03-03,2020030301033631,CZBIL,39,7,50,212.00,"10,600.00"
2020-03-03,2020030301033630,CZBIL,21,7,100,212.00,"21,200.00"
2020-03-03,2020030301033629,CZBIL,51,7,57,212.00,"12,084.00"
2020-03-03,2020030301033628,CZBIL,1,7,300,213.00,"63,900.00"
2020-03-03,2020030301033597,DDBL,51,45,10,926.00,"9,260.00"
2020-03-03,2020030301033694,DHPL,56,59,200,53.00,"10,600.00"
2020-03-03,2020030301033693,DHPL,51,59,118,53.00,"6,254.00"
2020-03-03,2020030301033680,EBL,6,52,200,813.00,"162,600.00"
2020-03-03,2020030301033679,EBL,6,56,100,813.00,"81,300.00"
2020-03-03,2020030301033578,EBL,28,25,70,811.00,"56,770.00"
2020-03-03,2020030301033577,EBL,35,25,30,812.00,"24,360.00"
2020-03-03,2020030301033407,EBL,35,49,100,812.00,"81,200.00"
2020-03-03,2020030301033708,EDBL,49,43,170,405.00,"68,850.00"
2020-03-03,2020030301033707,EDBL,11,43,300,406.00,"121,800.00"
2020-03-03,2020030301033443,EDBL,50,43,10,409.00,"4,090.00"
2020-03-03,2020030301033876,EIC,56,43,10,431.00,"4,310.00"
2020-03-03,2020030301033782,EIC,49,14,10,438.00,"4,380.00"
2020-03-03,2020030301033777,EIC,56,37,80,431.00,"34,480.00"
2020-03-03,2020030301033576,EIC,56,51,20,431.00,"8,620.00"
2020-03-03,2020030301033575,EIC,56,38,105,431.00,"45,255.00"
2020-03-03,2020030301033514,EIC,13,38,100,431.00,"43,100.00"
2020-03-03,2020030301033729,FMDBL,25,21,20,558.00,"11,160.00"
2020-03-03,2020030301033594,FMDBL,34,39,179,550.00,"98,450.00"
2020-03-03,2020030301033591,FMDBL,52,39,20,550.00,"11,000.00"
2020-03-03,2020030301033590,FMDBL,33,39,50,550.00,"27,500.00"
2020-03-03,2020030301033589,FMDBL,42,39,221,550.00,"121,550.00"
2020-03-03,2020030301033529,FMDBL,42,39,90,550.00,"49,500.00"
2020-03-03,2020030301033528,FMDBL,34,39,500,551.00,"275,500.00"
2020-03-03,2020030301033527,FMDBL,6,39,100,551.00,"55,100.00"
2020-03-03,2020030301033526,FMDBL,49,39,10,551.00,"5,510.00"
2020-03-03,2020030301033525,FMDBL,47,39,300,555.00,"166,500.00"
2020-03-03,2020030301033792,FOWAD,51,45,10,"1,626.00","16,260.00"
2020-03-03,2020030301033401,FOWAD,51,3,106,"1,595.00","169,070.00"
2020-03-03,2020030301033699,GBIME,34,49,100,300.00,"30,000.00"
2020-03-03,2020030301033500,GBIME,14,16,34,297.00,"10,098.00"
2020-03-03,2020030301033472,GBIME,14,56,200,297.00,"59,400.00"
2020-03-03,2020030301033896,GBLBS,16,34,10,537.00,"5,370.00"
2020-03-03,2020030301033749,GBLBS,58,42,10,530.00,"5,300.00"
2020-03-03,2020030301033493,GBLBS,58,14,45,530.00,"23,850.00"
2020-03-03,2020030301033492,GBLBS,29,14,20,530.00,"10,600.00"
2020-03-03,2020030301033491,GBLBS,44,14,50,530.00,"26,500.00"
2020-03-03,2020030301033490,GBLBS,22,14,285,531.00,"151,335.00"
2020-03-03,2020030301033468,GBLBS,22,34,15,531.00,"7,965.00"
2020-03-03,2020030301033467,GBLBS,59,34,85,531.00,"45,135.00"
2020-03-03,2020030301033562,GGBSL,39,48,10,855.00,"8,550.00"
2020-03-03,2020030301033688,GILB,7,7,18,"1,359.00","24,462.00"
2020-03-03,2020030301033567,GILB,37,45,307,"1,340.00","411,380.00"
2020-03-03,2020030301033409,GILB,36,45,43,"1,340.00","57,620.00"
2020-03-03,2020030301033408,GILB,45,45,50,"1,341.00","67,050.00"
2020-03-03,2020030301033894,GLICL,33,55,10,895.00,"8,950.00"
2020-03-03,2020030301033829,GLICL,35,38,50,881.00,"44,050.00"
2020-03-03,2020030301033769,GLICL,33,55,10,895.00,"8,950.00"
2020-03-03,2020030301033718,GLICL,35,34,126,881.00,"111,006.00"
2020-03-03,2020030301033717,GLICL,53,34,10,881.00,"8,810.00"
2020-03-03,2020030301033716,GLICL,59,34,10,881.00,"8,810.00"
2020-03-03,2020030301033487,GLICL,57,29,100,885.00,"88,500.00"
2020-03-03,2020030301033448,GLICL,32,29,100,885.00,"88,500.00"
2020-03-03,2020030301033715,GLICL,59,34,10,882.00,"8,820.00"
2020-03-03,2020030301033714,GLICL,35,34,100,882.00,"88,200.00"
2020-03-03,2020030301033713,GLICL,59,34,10,885.00,"8,850.00"
2020-03-03,2020030301033534,GLICL,44,5,200,885.00,"177,000.00"
2020-03-03,2020030301033533,GLICL,44,29,510,885.00,"451,350.00"
2020-03-03,2020030301033532,GLICL,44,45,"1,444",885.00,"1,277,940.00"
2020-03-03,2020030301033849,GMFBS,10,28,10,882.00,"8,820.00"
2020-03-03,2020030301033848,GMFBS,10,45,10,870.00,"8,700.00"
2020-03-03,2020030301033847,GMFBS,10,48,600,869.00,"521,400.00"
2020-03-03,2020030301033881,GUFL,39,45,20,138.00,"2,760.00"
2020-03-03,2020030301033623,GUFL,43,35,948,136.00,"128,928.00"
2020-03-03,2020030301033622,GUFL,21,35,52,137.00,"7,124.00"
2020-03-03,2020030301033895,HDL,5,19,80,"1,724.00","137,920.00"
2020-03-03,2020030301033864,HDL,58,19,20,"1,724.00","34,480.00"
2020-03-03,2020030301033846,HDL,42,14,100,"1,720.00","172,000.00"
2020-03-03,2020030301033651,HDL,37,58,59,"1,715.00","101,185.00"
2020-03-03,2020030301033650,HDL,45,58,"1,000","1,715.00","1,715,000.00"
2020-03-03,2020030301033649,HDL,47,58,100,"1,715.00","171,500.00"
2020-03-03,2020030301033482,HDL,57,33,64,"1,725.00","110,400.00"
2020-03-03,2020030301033481,HDL,39,33,100,"1,726.00","172,600.00"
2020-03-03,2020030301033618,HDL,57,48,10,"1,722.00","17,220.00"
2020-03-03,2020030301033617,HDL,28,48,10,"1,722.00","17,220.00"
2020-03-03,2020030301033616,HDL,25,48,25,"1,723.00","43,075.00"
2020-03-03,2020030301033615,HDL,53,48,10,"1,723.00","17,230.00"
2020-03-03,2020030301033494,HDL,54,33,50,"1,725.00","86,250.00"
2020-03-03,2020030301033483,HDL,1,33,10,"1,725.00","17,250.00"
2020-03-03,2020030301033648,HDL,33,58,100,"1,715.00","171,500.00"
2020-03-03,2020030301033647,HDL,13,58,20,"1,720.00","34,400.00"
2020-03-03,2020030301033646,HDL,34,58,50,"1,720.00","86,000.00"
2020-03-03,2020030301033645,HDL,42,58,151,"1,721.00","259,871.00"
2020-03-03,2020030301033644,HDL,34,58,20,"1,724.00","34,480.00"
2020-03-03,2020030301033619,HDL,42,48,45,"1,721.00","77,445.00"
2020-03-03,2020030301033720,HGI,49,47,10,435.00,"4,350.00"
2020-03-03,2020030301033719,HGI,49,7,86,428.00,"36,808.00"
2020-03-03,2020030301033786,HIDCL,17,45,50,143.00,"7,150.00"
2020-03-03,2020030301033551,HURJA,16,34,320,109.00,"34,880.00"
2020-03-03,2020030301033550,HURJA,16,41,10,109.00,"1,090.00"
2020-03-03,2020030301033773,IGI,55,19,100,465.00,"46,500.00"
2020-03-03,2020030301033772,IGI,6,19,100,466.00,"46,600.00"
2020-03-03,2020030301033771,IGI,41,19,50,466.00,"23,300.00"
2020-03-03,2020030301033698,ILBS,35,55,100,793.00,"79,300.00"
2020-03-03,2020030301033611,JOSHI,49,48,20,62.00,"1,240.00"
2020-03-03,2020030301033704,JSLBB,44,37,10,"1,660.00","16,600.00"
2020-03-03,2020030301033702,JSLBB,6,37,150,"1,660.00","249,000.00"
2020-03-03,2020030301033851,KBL,43,58,"2,600",220.00,"572,000.00"
2020-03-03,2020030301033850,KBL,43,6,50,220.00,"11,000.00"
2020-03-03,2020030301033832,KBL,43,14,540,219.00,"118,260.00"
2020-03-03,2020030301033831,KBL,43,14,280,219.00,"61,320.00"
2020-03-03,2020030301033758,KBL,43,41,10,219.00,"2,190.00"
2020-03-03,2020030301033750,KBL,42,14,100,220.00,"22,000.00"
2020-03-03,2020030301033423,KBL,40,57,390,219.00,"85,410.00"
2020-03-03,2020030301033703,KBL,43,14,30,220.00,"6,600.00"
2020-03-03,2020030301033602,KBL,8,34,100,221.00,"22,100.00"
2020-03-03,2020030301033520,KBL,43,46,"1,000",220.00,"220,000.00"
2020-03-03,2020030301033519,KBL,43,26,970,220.00,"213,400.00"
2020-03-03,2020030301033424,KBL,43,57,110,219.00,"24,090.00"
2020-03-03,2020030301033843,KMCDB,33,58,10,960.00,"9,600.00"
2020-03-03,2020030301033842,KMCDB,33,34,10,950.00,"9,500.00"
2020-03-03,2020030301033745,KMCDB,35,29,10,950.00,"9,500.00"
2020-03-03,2020030301033681,KMCDB,25,42,10,941.00,"9,410.00"
2020-03-03,2020030301033513,KPCL,25,45,20,112.00,"2,240.00"
2020-03-03,2020030301033522,KRBL,25,34,10,117.00,"1,170.00"
2020-03-03,2020030301033855,KSBBL,26,38,250,173.00,"43,250.00"
2020-03-03,2020030301033568,LBL,8,32,100,245.00,"24,500.00"
2020-03-03,2020030301033754,LICN,19,16,78,"1,570.00","122,460.00"
2020-03-03,2020030301033488,LICN,14,54,100,"1,568.00","156,800.00"
2020-03-03,2020030301033470,LICN,14,54,200,"1,568.00","313,600.00"
2020-03-03,2020030301033442,LICN,14,54,200,"1,568.00","313,600.00"
2020-03-03,2020030301033637,MBL,38,57,258,258.00,"66,564.00"
2020-03-03,2020030301033636,MBL,42,57,300,258.00,"77,400.00"
2020-03-03,2020030301033635,MBL,17,57,442,258.00,"114,036.00"
2020-03-03,2020030301033621,MDB,43,39,10,455.00,"4,550.00"
2020-03-03,2020030301033566,MDB,43,4,10,449.00,"4,490.00"
2020-03-03,2020030301033406,MDB,45,40,545,441.00,"240,345.00"
2020-03-03,2020030301033405,MDB,53,40,49,441.00,"21,609.00"
2020-03-03,2020030301033404,MDB,4,40,500,442.00,"221,000.00"
2020-03-03,2020030301033403,MDB,38,40,300,443.00,"132,900.00"
2020-03-03,2020030301033402,MDB,43,40,200,443.00,"88,600.00"
2020-03-03,2020030301033790,MEGA,43,21,10,249.00,"2,490.00"
2020-03-03,2020030301033789,MEGA,43,49,200,248.00,"49,600.00"
2020-03-03,2020030301033788,MEGA,43,10,90,248.00,"22,320.00"
2020-03-03,2020030301033787,MEGA,43,34,880,247.00,"217,360.00"
2020-03-03,2020030301033439,MEGA,13,6,600,247.00,"148,200.00"
2020-03-03,2020030301033400,MEGA,13,7,"1,000",246.00,"246,000.00"
2020-03-03,2020030301033537,MEGA,8,34,100,247.00,"24,700.00"
2020-03-03,2020030301033516,MEGA,43,34,500,247.00,"123,500.00"
2020-03-03,2020030301033515,MEGA,45,34,20,247.00,"4,940.00"
2020-03-03,2020030301033455,MEGA,43,10,10,248.00,"2,480.00"
2020-03-03,2020030301033768,MERO,34,57,17,691.00,"11,747.00"
2020-03-03,2020030301033767,MERO,34,42,100,690.00,"69,000.00"
2020-03-03,2020030301033766,MERO,34,19,100,688.00,"68,800.00"
2020-03-03,2020030301033765,MERO,34,42,50,687.00,"34,350.00"
2020-03-03,2020030301033764,MERO,34,34,100,687.00,"68,700.00"
2020-03-03,2020030301033763,MERO,34,42,43,685.00,"29,455.00"
2020-03-03,2020030301033762,MERO,34,6,100,680.00,"68,000.00"
2020-03-03,2020030301033605,MERO,48,42,12,678.00,"8,136.00"
2020-03-03,2020030301033877,MLBL,21,50,20,226.00,"4,520.00"
2020-03-03,2020030301033770,MLBL,21,50,20,226.00,"4,520.00"
2020-03-03,2020030301033463,MLBL,3,40,200,225.00,"45,000.00"
2020-03-03,2020030301033462,MLBL,7,40,80,225.00,"18,000.00"
2020-03-03,2020030301033893,MNBBL,48,6,10,362.00,"3,620.00"
2020-03-03,2020030301033585,MNBBL,58,34,250,355.00,"88,750.00"
2020-03-03,2020030301033584,MNBBL,36,34,100,356.00,"35,600.00"
2020-03-03,2020030301033583,MNBBL,13,34,50,356.00,"17,800.00"
2020-03-03,2020030301033582,MNBBL,39,34,500,356.00,"178,000.00"
2020-03-03,2020030301033581,MNBBL,1,34,100,357.00,"35,700.00"
2020-03-03,2020030301033428,MNBBL,3,13,100,358.00,"35,800.00"
2020-03-03,2020030301033427,MNBBL,1,13,259,358.00,"92,722.00"
2020-03-03,2020030301033426,MNBBL,45,13,100,359.00,"35,900.00"
2020-03-03,2020030301033425,MNBBL,50,13,77,360.00,"27,720.00"
2020-03-03,2020030301033434,MNBBL,43,13,50,357.00,"17,850.00"
2020-03-03,2020030301033433,MNBBL,44,13,100,357.00,"35,700.00"
2020-03-03,2020030301033432,MNBBL,13,13,400,357.00,"142,800.00"
2020-03-03,2020030301033431,MNBBL,45,13,50,357.00,"17,850.00"
2020-03-03,2020030301033430,MNBBL,45,13,50,357.00,"17,850.00"
2020-03-03,2020030301033429,MNBBL,52,13,40,358.00,"14,320.00"
2020-03-03,2020030301033457,MNBBL,33,6,200,362.00,"72,400.00"
2020-03-03,2020030301033450,MNBBL,13,16,500,357.00,"178,500.00"
2020-03-03,2020030301033438,MNBBL,49,13,993,356.00,"353,508.00"
2020-03-03,2020030301033437,MNBBL,53,13,50,356.00,"17,800.00"
2020-03-03,2020030301033436,MNBBL,56,13,500,357.00,"178,500.00"
2020-03-03,2020030301033435,MNBBL,17,13,100,357.00,"35,700.00"
2020-03-03,2020030301033795,NABIL,36,6,140,888.00,"124,320.00"
2020-03-03,2020030301033780,NABIL,36,57,100,880.00,"88,000.00"
2020-03-03,2020030301033779,NABIL,36,46,146,880.00,"128,480.00"
2020-03-03,2020030301033548,NABIL,17,35,"2,247",871.00,"1,957,137.00"
2020-03-03,2020030301033547,NABIL,41,35,51,871.00,"44,421.00"
2020-03-03,2020030301033546,NABIL,38,35,20,872.00,"17,440.00"
2020-03-03,2020030301033539,NABIL,41,35,50,875.00,"43,750.00"
2020-03-03,2020030301033538,NABIL,37,35,50,875.00,"43,750.00"
2020-03-03,2020030301033545,NABIL,13,35,70,872.00,"61,040.00"
2020-03-03,2020030301033544,NABIL,58,35,812,872.00,"708,064.00"
2020-03-03,2020030301033543,NABIL,5,35,500,873.00,"436,500.00"
2020-03-03,2020030301033542,NABIL,59,35,50,873.00,"43,650.00"
2020-03-03,2020030301033541,NABIL,33,35,50,874.00,"43,700.00"
2020-03-03,2020030301033540,NABIL,5,35,100,875.00,"87,500.00"
2020-03-03,2020030301033883,NBL,33,28,20,296.00,"5,920.00"
2020-03-03,2020030301033748,NBL,7,28,10,296.00,"2,960.00"
2020-03-03,2020030301033710,NBL,6,35,600,295.00,"177,000.00"
2020-03-03,2020030301033634,NBL,6,35,300,295.00,"88,500.00"
2020-03-03,2020030301033633,NBL,6,58,"1,200",295.00,"354,000.00"
2020-03-03,2020030301033600,NBL,56,58,100,295.00,"29,500.00"
2020-03-03,2020030301033565,NBL,14,58,700,295.00,"206,500.00"
2020-03-03,2020030301033869,NCCB,35,42,100,208.00,"20,800.00"
2020-03-03,2020030301033838,NCCB,42,42,50,208.00,"10,400.00"
2020-03-03,2020030301033837,NCCB,34,42,25,208.00,"5,200.00"
2020-03-03,2020030301033836,NCCB,58,42,10,208.00,"2,080.00"
2020-03-03,2020030301033601,NCCB,42,49,10,209.00,"2,090.00"
2020-03-03,2020030301033643,NIB,41,32,50,448.00,"22,400.00"
2020-03-03,2020030301033642,NIB,41,18,44,448.00,"19,712.00"
2020-03-03,2020030301033641,NIB,41,29,100,447.00,"44,700.00"
2020-03-03,2020030301033640,NIB,41,29,40,446.00,"17,840.00"
2020-03-03,2020030301033639,NIB,41,21,139,445.00,"61,855.00"
2020-03-03,2020030301033414,NIB,38,8,"1,000",441.00,"441,000.00"
2020-03-03,2020030301033743,NIBPO,58,32,"1,000",380.00,"380,000.00"
2020-03-03,2020030301033574,NIBPO,58,43,500,380.00,"190,000.00"
2020-03-03,2020030301033892,NICA,14,58,310,608.00,"188,480.00"
2020-03-03,2020030301033891,NICA,14,51,20,606.00,"12,120.00"
2020-03-03,2020030301033794,NICA,17,58,170,608.00,"103,360.00"
2020-03-03,2020030301033793,NICA,17,36,100,608.00,"60,800.00"
2020-03-03,2020030301033781,NICA,21,36,200,608.00,"121,600.00"
2020-03-03,2020030301033614,NICA,14,51,100,608.00,"60,800.00"
2020-03-03,2020030301033445,NICA,45,58,177,604.00,"106,908.00"
2020-03-03,2020030301033613,NICA,14,43,500,608.00,"304,000.00"
2020-03-03,2020030301033612,NICA,14,57,200,607.00,"121,400.00"
2020-03-03,2020030301033560,NICA,6,52,40,605.00,"24,200.00"
2020-03-03,2020030301033559,NICA,6,6,200,605.00,"121,000.00"
2020-03-03,2020030301033447,NICA,56,58,118,604.00,"71,272.00"
2020-03-03,2020030301033446,NICA,57,58,20,604.00,"12,080.00"
2020-03-03,2020030301033413,NICGF,26,16,"1,500",9.93,"14,895.00"
2020-03-03,2020030301033412,NICGF,35,16,500,9.95,"4,975.00"
2020-03-03,2020030301033775,NICL,7,43,232,494.00,"114,608.00"
2020-03-03,2020030301033774,NICL,7,43,68,494.00,"33,592.00"
2020-03-03,2020030301033555,NICL,43,43,10,494.00,"4,940.00"
2020-03-03,2020030301033685,NIL,17,49,60,620.00,"37,200.00"
2020-03-03,2020030301033684,NIL,17,25,90,619.00,"55,710.00"
2020-03-03,2020030301033683,NIL,17,35,50,619.00,"30,950.00"
2020-03-03,2020030301033620,NIL,43,52,200,611.00,"122,200.00"
2020-03-03,2020030301033512,NIL,10,49,10,620.00,"6,200.00"
2020-03-03,2020030301033816,NLBBL,58,16,20,814.00,"16,280.00"
2020-03-03,2020030301033804,NLBBL,58,6,42,800.00,"33,600.00"
2020-03-03,2020030301033803,NLBBL,58,21,49,790.00,"38,710.00"
2020-03-03,2020030301033897,NLIC,48,13,50,"1,308.00","65,400.00"
2020-03-03,2020030301033817,NLIC,36,13,100,"1,308.00","130,800.00"
2020-03-03,2020030301033808,NLIC,1,13,300,"1,308.00","392,400.00"
2020-03-03,2020030301033807,NLIC,36,13,14,"1,308.00","18,312.00"
2020-03-03,2020030301033801,NLIC,36,4,86,"1,308.00","112,488.00"
2020-03-03,2020030301033800,NLIC,1,4,14,"1,309.00","18,326.00"
2020-03-03,2020030301033652,NLIC,35,34,58,"1,310.00","75,980.00"
2020-03-03,2020030301033593,NLIC,1,34,100,"1,310.00","131,000.00"
2020-03-03,2020030301033588,NLIC,51,34,342,"1,310.00","448,020.00"
2020-03-03,2020030301033587,NLIC,51,49,158,"1,310.00","206,980.00"
2020-03-03,2020030301033501,NLIC,19,49,200,"1,310.00","262,000.00"
2020-03-03,2020030301033799,NLIC,7,4,50,"1,310.00","65,500.00"
2020-03-03,2020030301033798,NLIC,44,4,300,"1,310.00","393,000.00"
2020-03-03,2020030301033797,NLIC,25,4,50,"1,310.00","65,500.00"
2020-03-03,2020030301033778,NLIC,1,49,100,"1,314.00","131,400.00"
2020-03-03,2020030301033739,NLIC,52,55,100,"1,312.00","131,200.00"
2020-03-03,2020030301033738,NLIC,52,38,280,"1,312.00","367,360.00"
2020-03-03,2020030301033806,NLICL,35,26,104,770.00,"80,080.00"
2020-03-03,2020030301033511,NLICL,43,51,10,777.00,"7,770.00"
2020-03-03,2020030301033875,NMB,7,6,500,479.00,"239,500.00"
2020-03-03,2020030301033874,NMB,56,6,54,479.00,"25,866.00"
2020-03-03,2020030301033865,NMB,17,58,150,480.00,"72,000.00"
2020-03-03,2020030301033852,NMB,3,58,100,480.00,"48,000.00"
2020-03-03,2020030301033844,NMB,22,40,75,481.00,"36,075.00"
2020-03-03,2020030301033668,NMB,33,58,158,483.00,"76,314.00"
2020-03-03,2020030301033477,NMB,13,6,100,480.00,"48,000.00"
2020-03-03,2020030301033476,NMB,13,6,800,480.00,"384,000.00"
2020-03-03,2020030301033456,NMB,13,6,100,480.00,"48,000.00"
2020-03-03,2020030301033440,NMB,45,6,100,480.00,"48,000.00"
2020-03-03,2020030301033411,NMB,6,51,700,480.00,"336,000.00"
2020-03-03,2020030301033410,NMB,6,16,565,480.00,"271,200.00"
2020-03-03,2020030301033553,NMB,7,13,500,479.00,"239,500.00"
2020-03-03,2020030301033552,NMB,39,13,100,479.00,"47,900.00"
2020-03-03,2020030301033536,NMB,49,22,300,480.00,"144,000.00"
2020-03-03,2020030301033535,NMB,49,6,700,480.00,"336,000.00"
2020-03-03,2020030301033531,NMB,7,6,100,480.00,"48,000.00"
2020-03-03,2020030301033503,NMB,8,6,100,480.00,"48,000.00"
2020-03-03,2020030301033661,NMB,33,21,980,481.00,"471,380.00"
2020-03-03,2020030301033660,NMB,33,35,89,480.00,"42,720.00"
2020-03-03,2020030301033657,NMB,57,35,212,480.00,"101,760.00"
2020-03-03,2020030301033596,NMB,40,6,"1,000",480.00,"480,000.00"
2020-03-03,2020030301033595,NMB,40,22,46,480.00,"22,080.00"
2020-03-03,2020030301033554,NMB,56,13,146,479.00,"69,934.00"
2020-03-03,2020030301033667,NMB,33,42,185,483.00,"89,355.00"
2020-03-03,2020030301033666,NMB,33,16,100,482.00,"48,200.00"
2020-03-03,2020030301033665,NMB,33,33,500,482.00,"241,000.00"
2020-03-03,2020030301033664,NMB,33,34,140,482.00,"67,480.00"
2020-03-03,2020030301033663,NMB,33,8,848,482.00,"408,736.00"
2020-03-03,2020030301033662,NMB,33,51,"1,000",481.00,"481,000.00"
2020-03-03,2020030301033884,PFL,43,13,20,169.00,"3,380.00"
2020-03-03,2020030301033873,PIC,33,38,281,643.00,"180,683.00"
2020-03-03,2020030301033872,PIC,35,38,100,644.00,"64,400.00"
2020-03-03,2020030301033871,PIC,41,38,69,645.00,"44,505.00"
2020-03-03,2020030301033870,PIC,10,38,50,645.00,"32,250.00"
2020-03-03,2020030301033742,PIC,41,41,31,645.00,"19,995.00"
2020-03-03,2020030301033741,PIC,33,41,47,646.00,"30,362.00"
2020-03-03,2020030301033733,PIC,39,49,72,648.00,"46,656.00"
2020-03-03,2020030301033705,PICL,6,48,10,525.00,"5,250.00"
2020-03-03,2020030301033886,PLIC,34,7,10,634.00,"6,340.00"
2020-03-03,2020030301033753,PLIC,14,45,500,631.00,"315,500.00"
2020-03-03,2020030301033723,PLIC,53,45,500,630.00,"315,000.00"
2020-03-03,2020030301033638,PPCL,58,48,30,122.00,"3,660.00"
2020-03-03,2020030301033863,PRIN,38,48,300,472.00,"141,600.00"
2020-03-03,2020030301033564,PRIN,22,48,200,472.00,"94,400.00"
2020-03-03,2020030301033530,PRIN,20,19,200,472.00,"94,400.00"
2020-03-03,2020030301033466,PRIN,14,19,100,470.00,"47,000.00"
2020-03-03,2020030301033604,PRVU,32,37,200,266.00,"53,200.00"
2020-03-03,2020030301033603,PRVU,49,37,704,266.00,"187,264.00"
2020-03-03,2020030301033549,PRVU,49,37,30,266.00,"7,980.00"
2020-03-03,2020030301033474,PRVU,49,16,150,266.00,"39,900.00"
2020-03-03,2020030301033469,PRVU,49,36,116,266.00,"30,856.00"
2020-03-03,2020030301033785,RBCL,33,42,10,"10,610.00","106,100.00"
2020-03-03,2020030301033830,RBCLPO,41,36,41,"9,500.00","389,500.00"
2020-03-03,2020030301033669,RBCLPO,41,34,45,"9,400.00","423,000.00"
2020-03-03,2020030301033563,RHPL,34,42,40,164.00,"6,560.00"
2020-03-03,2020030301033485,RHPL,34,34,"3,000",164.00,"492,000.00"
2020-03-03,2020030301033706,RSDC,38,42,16,557.00,"8,912.00"
2020-03-03,2020030301033841,SABSL,5,40,80,852.00,"68,160.00"
2020-03-03,2020030301033735,SABSL,8,40,50,852.00,"42,600.00"
2020-03-03,2020030301033734,SABSL,42,40,40,852.00,"34,080.00"
2020-03-03,2020030301033862,SADBL,44,51,500,176.00,"88,000.00"
2020-03-03,2020030301033861,SADBL,44,39,358,176.00,"63,008.00"
2020-03-03,2020030301033860,SADBL,44,14,300,176.00,"52,800.00"
2020-03-03,2020030301033859,SADBL,44,4,"1,000",176.00,"176,000.00"
2020-03-03,2020030301033858,SADBL,44,43,485,175.00,"84,875.00"
2020-03-03,2020030301033721,SAEF,26,16,"2,000",9.52,"19,040.00"
2020-03-03,2020030301033878,SANIMA,46,34,282,386.00,"108,852.00"
2020-03-03,2020030301033579,SANIMA,52,45,100,390.00,"39,000.00"
2020-03-03,2020030301033461,SANIMA,46,19,60,386.00,"23,160.00"
2020-03-03,2020030301033460,SANIMA,1,19,500,386.00,"193,000.00"
2020-03-03,2020030301033459,SANIMA,52,19,100,387.00,"38,700.00"
2020-03-03,2020030301033730,SAPDBL,14,16,89,151.00,"13,439.00"
2020-03-03,2020030301033686,SBI,34,56,317,516.00,"163,572.00"
2020-03-03,2020030301033624,SBI,17,56,683,520.00,"355,160.00"
2020-03-03,2020030301033449,SBI,17,56,"1,400",521.00,"729,400.00"
2020-03-03,2020030301033399,SBI,17,52,50,516.00,"25,800.00"
2020-03-03,2020030301033725,SBL,8,7,10,346.00,"3,460.00"
2020-03-03,2020030301033478,SBL,58,7,100,340.00,"34,000.00"
2020-03-03,2020030301033471,SBL,58,45,100,340.00,"34,000.00"
2020-03-03,2020030301033890,SCB,10,48,606,745.00,"451,470.00"
2020-03-03,2020030301033889,SCB,10,48,304,745.00,"226,480.00"
2020-03-03,2020030301033888,SCB,38,48,40,747.00,"29,880.00"
2020-03-03,2020030301033887,SCB,25,48,50,748.00,"37,400.00"
2020-03-03,2020030301033809,SCB,10,56,500,745.00,"372,500.00"
2020-03-03,2020030301033656,SCB,10,42,196,745.00,"146,020.00"
2020-03-03,2020030301033655,SCB,10,42,559,745.00,"416,455.00"
2020-03-03,2020030301033654,SCB,34,42,20,746.00,"14,920.00"
2020-03-03,2020030301033653,SCB,21,42,100,746.00,"74,600.00"
2020-03-03,2020030301033444,SCB,14,42,125,749.00,"93,625.00"
2020-03-03,2020030301033791,SEF,6,16,"2,000",9.57,"19,140.00"
2020-03-03,2020030301033659,SEF,6,42,100,9.57,957.00
2020-03-03,2020030301033557,SEF,6,42,100,9.57,957.00
2020-03-03,2020030301033451,SEF,6,16,"3,000",9.57,"28,710.00"
2020-03-03,2020030301033885,SHINE,34,57,10,316.00,"3,160.00"
2020-03-03,2020030301033761,SHINE,57,49,100,314.00,"31,400.00"
2020-03-03,2020030301033757,SHINE,57,25,100,314.00,"31,400.00"
2020-03-03,2020030301033610,SHINE,34,57,20,316.00,"6,320.00"
2020-03-03,2020030301033898,SHIVM,48,17,10,640.00,"6,400.00"
2020-03-03,2020030301033835,SHIVM,48,48,100,638.00,"63,800.00"
2020-03-03,2020030301033834,SHIVM,46,48,400,638.00,"255,200.00"
2020-03-03,2020030301033784,SHIVM,46,56,100,638.00,"63,800.00"
2020-03-03,2020030301033489,SHIVM,55,52,50,634.00,"31,700.00"
2020-03-03,2020030301033824,SHL,34,59,"1,200",189.00,"226,800.00"
2020-03-03,2020030301033823,SHL,34,34,"1,000",189.00,"189,000.00"
2020-03-03,2020030301033822,SHL,34,56,110,189.00,"20,790.00"
2020-03-03,2020030301033821,SHL,34,51,"1,000",188.00,"188,000.00"
2020-03-03,2020030301033627,SHL,41,50,100,188.00,"18,800.00"
2020-03-03,2020030301033783,SHPC,33,6,170,230.00,"39,100.00"
2020-03-03,2020030301033689,SIC,6,37,300,770.00,"231,000.00"
2020-03-03,2020030301033441,SIC,41,50,50,770.00,"38,500.00"
2020-03-03,2020030301033502,SICL,18,16,100,"1,031.00","103,100.00"
2020-03-03,2020030301033697,SICL,52,49,101,"1,035.00","104,535.00"
2020-03-03,2020030301033523,SICL,46,49,100,"1,035.00","103,500.00"
2020-03-03,2020030301033866,SIL,50,49,64,605.00,"38,720.00"
2020-03-03,2020030301033840,SIL,22,49,156,605.00,"94,380.00"
2020-03-03,2020030301033839,SIL,22,44,44,605.00,"26,620.00"
2020-03-03,2020030301033678,SJCL,25,42,81,156.00,"12,636.00"
2020-03-03,2020030301033609,SJCL,41,42,10,157.00,"1,570.00"
2020-03-03,2020030301033607,SJCL,41,48,20,157.00,"3,140.00"
2020-03-03,2020030301033606,SJCL,41,34,61,157.00,"9,577.00"
2020-03-03,2020030301033422,SKBBL,41,59,130,"1,190.00","154,700.00"
2020-03-03,2020030301033421,SKBBL,41,22,200,"1,189.00","237,800.00"
2020-03-03,2020030301033420,SKBBL,41,50,20,"1,180.00","23,600.00"
2020-03-03,2020030301033879,SLBBL,34,32,10,866.00,"8,660.00"
2020-03-03,2020030301033867,SLBBL,48,32,100,866.00,"86,600.00"
2020-03-03,2020030301033658,SLBBL,34,45,50,867.00,"43,350.00"
2020-03-03,2020030301033592,SLBBL,32,45,500,867.00,"433,500.00"
2020-03-03,2020030301033802,SLBBL,34,34,80,870.00,"69,600.00"
2020-03-03,2020030301033695,SLBBL,34,6,10,880.00,"8,800.00"
2020-03-03,2020030301033810,SLBSL,38,8,10,832.00,"8,320.00"
2020-03-03,2020030301033671,SLBSL,42,48,10,816.00,"8,160.00"
2020-03-03,2020030301033854,SLICL,6,34,44,492.00,"21,648.00"
2020-03-03,2020030301033853,SLICL,46,34,56,492.00,"27,552.00"
2020-03-03,2020030301033833,SLICL,34,45,58,499.00,"28,942.00"
2020-03-03,2020030301033827,SLICL,51,16,500,493.00,"246,500.00"
2020-03-03,2020030301033752,SLICL,29,16,40,498.00,"19,920.00"
2020-03-03,2020030301033751,SLICL,3,16,170,498.00,"84,660.00"
2020-03-03,2020030301033700,SLICL,3,41,30,498.00,"14,940.00"
2020-03-03,2020030301033486,SLICL,11,16,180,500.00,"90,000.00"
2020-03-03,2020030301033857,SRBL,38,14,480,275.00,"132,000.00"
2020-03-03,2020030301033856,SRBL,6,14,20,275.00,"5,500.00"
2020-03-03,2020030301033682,SRBL,25,57,200,276.00,"55,200.00"
2020-03-03,2020030301033495,SRBL,34,57,100,276.00,"27,600.00"
2020-03-03,2020030301033418,SRBL,6,7,50,275.00,"13,750.00"
2020-03-03,2020030301033819,STC,1,28,200,"2,720.00","544,000.00"
2020-03-03,2020030301033818,STC,26,28,50,"2,722.00","136,100.00"
2020-03-03,2020030301033796,STC,34,22,80,"2,760.00","220,800.00"
2020-03-03,2020030301033510,TRH,17,36,300,283.00,"84,900.00"
2020-03-03,2020030301033509,TRH,48,36,100,283.00,"28,300.00"
2020-03-03,2020030301033508,TRH,38,36,100,283.00,"28,300.00"
2020-03-03,2020030301033507,TRH,48,36,100,284.00,"28,400.00"
2020-03-03,2020030301033506,TRH,17,36,"1,000",284.00,"284,000.00"
2020-03-03,2020030301033505,TRH,25,36,50,285.00,"14,250.00"
2020-03-03,2020030301033504,TRH,17,36,50,285.00,"14,250.00"
2020-03-03,2020030301033868,UIC,17,7,75,403.00,"30,225.00"
2020-03-03,2020030301033828,UIC,51,4,390,401.00,"156,390.00"
2020-03-03,2020030301033776,UIC,51,4,50,401.00,"20,050.00"
2020-03-03,2020030301033727,UIC,51,4,50,401.00,"20,050.00"
2020-03-03,2020030301033726,UIC,51,41,50,401.00,"20,050.00"
2020-03-03,2020030301033709,UIC,14,7,300,403.00,"120,900.00"
2020-03-03,2020030301033452,UIC,25,37,100,401.00,"40,100.00"
2020-03-03,2020030301033701,UIC,51,25,73,401.00,"29,273.00"
2020-03-03,2020030301033580,UIC,19,45,40,404.00,"16,160.00"
2020-03-03,2020030301033521,UIC,19,38,60,403.00,"24,180.00"
2020-03-03,2020030301033465,UIC,51,38,220,401.00,"88,220.00"
2020-03-03,2020030301033464,UIC,52,38,50,401.00,"20,050.00"
2020-03-03,2020030301033453,UIC,52,37,50,401.00,"20,050.00"
2020-03-03,2020030301033820,UPCL,42,48,50,80.00,"4,000.00"
2020-03-03,2020030301033814,UPPER,52,36,43,242.00,"10,406.00"
2020-03-03,2020030301033813,UPPER,1,36,500,242.00,"121,000.00"
2020-03-03,2020030301033812,UPPER,58,36,300,242.00,"72,600.00"
2020-03-03,2020030301033811,UPPER,49,36,157,242.00,"37,994.00"
2020-03-03,2020030301033740,UPPER,49,48,50,242.00,"12,100.00"
2020-03-03,2020030301033744,VLBS,34,45,10,"1,042.00","10,420.00"
2020-03-03,2020030301033479,VLBS,53,45,24,"1,042.00","25,008.00"
2020-03-03,2020030301033736,WOMI,33,29,30,"1,132.00","33,960.00"
2020-03-03,2020030301033608,WOMI,33,7,17,"1,113.00","18,921.00"
2020-03-03,2020030301033518,WOMI,35,25,50,"1,095.00","54,750.00"
2020-03-03,2020030301033517,WOMI,45,25,50,"1,100.00","55,000.00"
2020-03-03,2020030301033417,WOMI,35,5,90,"1,095.00","98,550.00"
2020-03-03,2020030301033416,WOMI,38,5,10,"1,095.00","10,950.00"
2020-03-03,2020030301033225,ADBL,6,51,100,421.00,"42,100.00"
2020-03-03,2020030301033177,ADBL,14,51,300,421.00,"126,300.00"
2020-03-03,2020030301033176,ADBL,35,51,500,421.00,"210,500.00"
2020-03-03,2020030301033175,ADBL,10,51,100,422.00,"42,200.00"
2020-03-03,2020030301033071,ADBL,50,57,10,423.00,"4,230.00"
2020-03-03,2020030301033070,ADBL,50,6,202,422.00,"85,244.00"
2020-03-03,2020030301032916,ADBL,59,6,100,422.00,"42,200.00"
2020-03-03,2020030301032915,ADBL,21,6,698,422.00,"294,556.00"
2020-03-03,2020030301033337,AKPL,48,19,400,130.00,"52,000.00"
2020-03-03,2020030301033336,AKPL,48,48,"3,600",130.00,"468,000.00"
2020-03-03,2020030301033321,AKPL,37,40,"1,921",129.00,"247,809.00"
2020-03-03,2020030301033023,AKPL,37,42,13,129.00,"1,677.00"
2020-03-03,2020030301032962,AKPL,37,42,13,129.00,"1,677.00"
2020-03-03,2020030301032905,AKPL,52,48,500,130.00,"65,000.00"
2020-03-03,2020030301033350,ALBSL,7,45,100,728.00,"72,800.00"
2020-03-03,2020030301033349,ALBSL,45,45,100,730.00,"73,000.00"
2020-03-03,2020030301033348,ALBSL,58,45,100,731.00,"73,100.00"
2020-03-03,2020030301033347,ALBSL,36,45,17,735.00,"12,495.00"
2020-03-03,2020030301033308,ALICL,5,33,900,620.00,"558,000.00"
2020-03-03,2020030301033244,ALICL,40,33,200,620.00,"124,000.00"
2020-03-03,2020030301033239,ALICL,53,33,400,620.00,"248,000.00"
2020-03-03,2020030301033238,ALICL,33,33,300,621.00,"186,300.00"
2020-03-03,2020030301033237,ALICL,35,33,200,622.00,"124,400.00"
2020-03-03,2020030301033079,ALICL,53,59,100,620.00,"62,000.00"
2020-03-03,2020030301033257,API,59,39,343,137.00,"46,991.00"
2020-03-03,2020030301033227,API,59,19,530,137.00,"72,610.00"
2020-03-03,2020030301033226,API,22,19,470,137.00,"64,390.00"
2020-03-03,2020030301033019,API,25,38,50,139.00,"6,950.00"
2020-03-03,2020030301032966,API,22,50,30,137.00,"4,110.00"
2020-03-03,2020030301033185,BFC,21,29,250,105.00,"26,250.00"
2020-03-03,2020030301032930,BFC,59,29,"4,000",105.00,"420,000.00"
2020-03-03,2020030301032929,BFC,35,29,200,106.00,"21,200.00"
2020-03-03,2020030301032928,BFC,49,29,750,106.00,"79,500.00"
2020-03-03,2020030301033139,BOKL,37,49,216,261.00,"56,376.00"
2020-03-03,2020030301033032,BOKL,7,49,84,261.00,"21,924.00"
2020-03-03,2020030301033359,BPCL,16,6,200,382.00,"76,400.00"
2020-03-03,2020030301033342,CBBL,45,48,122,"1,100.00","134,200.00"
2020-03-03,2020030301033341,CBBL,21,48,60,"1,100.00","66,000.00"
2020-03-03,2020030301033340,CBBL,56,48,50,"1,101.00","55,050.00"
2020-03-03,2020030301033339,CBBL,48,48,10,"1,102.00","11,020.00"
2020-03-03,2020030301033028,CBBL,35,58,30,"1,117.00","33,510.00"
2020-03-03,2020030301032986,CBBL,52,58,50,"1,117.00","55,850.00"
2020-03-03,2020030301032941,CBBL,21,49,170,"1,100.00","187,000.00"
2020-03-03,2020030301033118,CBBL,21,6,270,"1,100.00","297,000.00"
2020-03-03,2020030301033381,CBL,43,58,10,154.00,"1,540.00"
2020-03-03,2020030301033260,CBL,26,14,61,153.00,"9,333.00"
2020-03-03,2020030301033140,CBL,41,58,500,154.00,"77,000.00"
2020-03-03,2020030301033038,CBL,58,58,"1,000",154.00,"154,000.00"
2020-03-03,2020030301033020,CBL,58,58,"1,000",154.00,"154,000.00"
2020-03-03,2020030301033010,CBL,58,58,"1,000",154.00,"154,000.00"
2020-03-03,2020030301032967,CBL,58,58,"1,000",154.00,"154,000.00"
2020-03-03,2020030301032934,CBL,26,52,211,153.00,"32,283.00"
2020-03-03,2020030301032933,CBL,34,52,289,153.00,"44,217.00"
2020-03-03,2020030301032908,CBL,38,58,10,154.00,"1,540.00"
2020-03-03,2020030301032900,CBL,10,58,"2,000",154.00,"308,000.00"
2020-03-03,2020030301033145,CCBL,45,37,"1,455",192.00,"279,360.00"
2020-03-03,2020030301033120,CCBL,44,37,545,192.00,"104,640.00"
2020-03-03,2020030301033119,CCBL,44,45,55,192.00,"10,560.00"
2020-03-03,2020030301033053,CCBL,35,45,145,192.00,"27,840.00"
2020-03-03,2020030301033052,CCBL,35,7,55,192.00,"10,560.00"
2020-03-03,2020030301033042,CCBL,35,7,27,192.00,"5,184.00"
2020-03-03,2020030301033030,CCBL,35,5,123,192.00,"23,616.00"
2020-03-03,2020030301033001,CHL,48,25,10,101.00,"1,010.00"
2020-03-03,2020030301033375,CIT,33,50,16,"2,800.00","44,800.00"
2020-03-03,2020030301033241,CIT,47,45,43,"2,796.00","120,228.00"
2020-03-03,2020030301033240,CIT,19,45,18,"2,799.00","50,382.00"
2020-03-03,2020030301032979,CIT,46,50,50,"2,800.00","140,000.00"
2020-03-03,2020030301032935,CIT,25,54,10,"2,825.00","28,250.00"
2020-03-03,2020030301033352,CLBSL,43,19,18,"1,200.00","21,600.00"
2020-03-03,2020030301033312,CLBSL,43,38,10,"1,199.00","11,990.00"
2020-03-03,2020030301033228,CLBSL,38,49,200,"1,176.00","235,200.00"
2020-03-03,2020030301033356,CMF1,26,16,"1,000",9.64,"9,640.00"
2020-03-03,2020030301033335,CMF1,35,16,"1,000",9.70,"9,700.00"
2020-03-03,2020030301033159,CMF1,26,16,"1,500",9.64,"14,460.00"
2020-03-03,2020030301033272,DDBL,6,5,18,921.00,"16,578.00"
2020-03-03,2020030301033271,DDBL,20,5,82,922.00,"75,604.00"
2020-03-03,2020030301033131,DDBL,20,6,118,922.00,"108,796.00"
2020-03-03,2020030301033351,EBL,35,45,70,812.00,"56,840.00"
2020-03-03,2020030301033141,EBL,21,45,50,814.00,"40,700.00"
2020-03-03,2020030301033044,EBL,52,1,10,812.00,"8,120.00"
2020-03-03,2020030301033043,EBL,52,57,32,812.00,"25,984.00"
2020-03-03,2020030301032963,EBL,41,57,18,812.00,"14,616.00"
2020-03-03,2020030301033284,EDBL,56,49,75,406.00,"30,450.00"
2020-03-03,2020030301033283,EDBL,49,49,120,406.00,"48,720.00"
2020-03-03,2020030301033343,EIC,7,38,195,431.00,"84,045.00"
2020-03-03,2020030301033174,EIC,7,39,79,431.00,"34,049.00"
2020-03-03,2020030301033136,EIC,35,14,150,438.00,"65,700.00"
2020-03-03,2020030301033135,EIC,35,16,100,438.00,"43,800.00"
2020-03-03,2020030301033355,FMDBL,25,51,67,555.00,"37,185.00"
2020-03-03,2020030301033354,FMDBL,25,6,113,555.00,"62,715.00"
2020-03-03,2020030301033191,FMDBL,19,6,10,555.00,"5,550.00"
2020-03-03,2020030301033190,FMDBL,41,6,77,555.00,"42,735.00"
2020-03-03,2020030301033195,FOWAD,38,3,20,"1,595.00","31,900.00"
2020-03-03,2020030301033060,FOWAD,52,25,19,"1,579.00","30,001.00"
2020-03-03,2020030301033041,FOWAD,43,14,164,"1,565.00","256,660.00"
2020-03-03,2020030301033040,FOWAD,58,14,50,"1,566.00","78,300.00"
2020-03-03,2020030301033039,FOWAD,34,14,100,"1,567.00","156,700.00"
2020-03-03,2020030301032932,GBBL,45,58,270,255.00,"68,850.00"
2020-03-03,2020030301032931,GBBL,6,58,100,256.00,"25,600.00"
2020-03-03,2020030301033396,GBIME,14,48,455,297.00,"135,135.00"
2020-03-03,2020030301033395,GBIME,50,48,100,297.00,"29,700.00"
2020-03-03,2020030301033394,GBIME,29,48,300,297.00,"89,100.00"
2020-03-03,2020030301033393,GBIME,56,48,10,297.00,"2,970.00"
2020-03-03,2020030301033392,GBIME,22,48,20,297.00,"5,940.00"
2020-03-03,2020030301033391,GBIME,14,48,500,297.00,"148,500.00"
2020-03-03,2020030301033245,GBIME,17,14,925,298.00,"275,650.00"
2020-03-03,2020030301033144,GBIME,17,16,179,298.00,"53,342.00"
2020-03-03,2020030301033133,GBIME,17,35,50,298.00,"14,900.00"
2020-03-03,2020030301033109,GBIME,58,58,300,299.00,"89,700.00"
2020-03-03,2020030301033036,GBIME,6,58,400,299.00,"119,600.00"
2020-03-03,2020030301032924,GBIME,55,58,"2,000",299.00,"598,000.00"
2020-03-03,2020030301033270,GBIME,42,58,150,299.00,"44,850.00"
2020-03-03,2020030301033250,GBIME,57,14,323,298.00,"96,254.00"
2020-03-03,2020030301033249,GBIME,39,14,50,298.00,"14,900.00"
2020-03-03,2020030301033248,GBIME,52,14,50,298.00,"14,900.00"
2020-03-03,2020030301033247,GBIME,38,14,100,298.00,"29,800.00"
2020-03-03,2020030301033246,GBIME,59,14,100,298.00,"29,800.00"
2020-03-03,2020030301033384,GBIME,59,48,"1,000",298.00,"298,000.00"
2020-03-03,2020030301033383,GBIME,22,48,50,298.00,"14,900.00"
2020-03-03,2020030301033382,GBIME,57,48,177,298.00,"52,746.00"
2020-03-03,2020030301033333,GBIME,55,45,1,299.00,299.00
2020-03-03,2020030301033332,GBIME,55,54,100,299.00,"29,900.00"
2020-03-03,2020030301033331,GBIME,55,58,899,299.00,"268,801.00"
2020-03-03,2020030301033390,GBIME,44,48,139,297.00,"41,283.00"
2020-03-03,2020030301033389,GBIME,33,48,"1,000",298.00,"298,000.00"
2020-03-03,2020030301033388,GBIME,17,48,"1,000",298.00,"298,000.00"
2020-03-03,2020030301033387,GBIME,35,48,100,298.00,"29,800.00"
2020-03-03,2020030301033386,GBIME,58,48,82,298.00,"24,436.00"
2020-03-03,2020030301033385,GBIME,34,48,67,298.00,"19,966.00"
2020-03-03,2020030301033229,GBLBS,52,22,17,539.00,"9,163.00"
2020-03-03,2020030301033184,GBLBS,59,19,415,531.00,"220,365.00"
2020-03-03,2020030301033183,GBLBS,36,19,85,531.00,"45,135.00"
2020-03-03,2020030301033182,GBLBS,52,22,133,539.00,"71,687.00"
2020-03-03,2020030301033181,GBLBS,52,47,15,535.00,"8,025.00"
2020-03-03,2020030301033180,GBLBS,52,58,102,534.00,"54,468.00"
2020-03-03,2020030301033114,GBLBS,43,58,200,534.00,"106,800.00"
2020-03-03,2020030301033054,GBLBS,56,10,300,533.00,"159,900.00"
2020-03-03,2020030301033045,GBLBS,36,42,15,531.00,"7,965.00"
2020-03-03,2020030301033281,GILB,45,45,100,"1,346.00","134,600.00"
2020-03-03,2020030301033189,GILB,36,34,207,"1,340.00","277,380.00"
2020-03-03,2020030301033188,GILB,44,34,500,"1,343.00","671,500.00"
2020-03-03,2020030301033187,GILB,40,34,100,"1,345.00","134,500.00"
2020-03-03,2020030301033186,GILB,28,34,43,"1,346.00","57,878.00"
2020-03-03,2020030301033323,GLICL,45,29,50,885.00,"44,250.00"
2020-03-03,2020030301033179,GLICL,7,29,50,885.00,"44,250.00"
2020-03-03,2020030301033151,GLICL,42,29,190,885.00,"168,150.00"
2020-03-03,2020030301033129,GLICL,42,50,310,885.00,"274,350.00"
2020-03-03,2020030301033096,GLICL,18,50,100,885.00,"88,500.00"
2020-03-03,2020030301033069,GLICL,19,50,600,885.00,"531,000.00"
2020-03-03,2020030301033068,GLICL,42,50,70,885.00,"61,950.00"
2020-03-03,2020030301032987,GLICL,44,49,"2,653",880.00,"2,334,640.00"
2020-03-03,2020030301033261,GMFBS,34,53,10,865.00,"8,650.00"
2020-03-03,2020030301033285,HBL,38,58,300,650.00,"195,000.00"
2020-03-03,2020030301033236,HDL,57,48,100,"1,725.00","172,500.00"
2020-03-03,2020030301033203,HDL,57,16,36,"1,725.00","62,100.00"
2020-03-03,2020030301033202,HDL,6,16,64,"1,725.00","110,400.00"
2020-03-03,2020030301033123,HDL,6,58,36,"1,725.00","62,100.00"
2020-03-03,2020030301033064,HDL,5,57,10,"1,733.00","17,330.00"
2020-03-03,2020030301033035,HDL,53,14,20,"1,723.00","34,460.00"
2020-03-03,2020030301033034,HDL,37,14,50,"1,723.00","86,150.00"
2020-03-03,2020030301033033,HDL,33,14,30,"1,723.00","51,690.00"
2020-03-03,2020030301032999,HDL,45,48,300,"1,724.00","517,200.00"
2020-03-03,2020030301032927,HDL,45,50,200,"1,724.00","344,800.00"
2020-03-03,2020030301033157,HGI,22,7,600,428.00,"256,800.00"
2020-03-03,2020030301033156,HGI,25,7,745,429.00,"319,605.00"
2020-03-03,2020030301033155,HGI,45,7,69,430.00,"29,670.00"
2020-03-03,2020030301033201,HIDCL,17,29,31,143.00,"4,433.00"
2020-03-03,2020030301033081,HIDCL,17,7,798,143.00,"114,114.00"
2020-03-03,2020030301033080,HIDCL,49,7,"1,001",143.00,"143,143.00"
2020-03-03,2020030301033067,HIDCL,49,42,61,143.00,"8,723.00"
2020-03-03,2020030301033377,HPPL,7,42,10,148.00,"1,480.00"
2020-03-03,2020030301033263,HPPL,7,20,10,148.00,"1,480.00"
2020-03-03,2020030301033087,HPPL,7,42,10,148.00,"1,480.00"
2020-03-03,2020030301032981,HPPL,7,42,10,148.00,"1,480.00"
2020-03-03,2020030301032914,HPPL,7,42,20,148.00,"2,960.00"
2020-03-03,2020030301032909,HURJA,41,50,20,107.00,"2,140.00"
2020-03-03,2020030301032985,IGI,22,42,200,467.00,"93,400.00"
2020-03-03,2020030301032950,JSLBB,34,37,65,"1,635.00","106,275.00"
2020-03-03,2020030301032949,JSLBB,29,37,50,"1,640.00","82,000.00"
2020-03-03,2020030301032948,JSLBB,52,37,20,"1,641.00","32,820.00"
2020-03-03,2020030301033358,KBL,40,41,10,219.00,"2,190.00"
2020-03-03,2020030301033224,KBL,40,58,100,219.00,"21,900.00"
2020-03-03,2020030301033223,KBL,43,58,400,219.00,"87,600.00"
2020-03-03,2020030301033215,KBL,43,57,500,219.00,"109,500.00"
2020-03-03,2020030301033031,KBL,43,40,100,219.00,"21,900.00"
2020-03-03,2020030301032956,KBL,43,40,100,219.00,"21,900.00"
2020-03-03,2020030301032926,KBL,43,50,550,219.00,"120,450.00"
2020-03-03,2020030301033278,KMCDB,25,49,10,941.00,"9,410.00"
2020-03-03,2020030301033217,KMCDB,25,49,10,941.00,"9,410.00"
2020-03-03,2020030301033173,KMCDB,41,41,2,925.00,"1,850.00"
2020-03-03,2020030301033083,KRBL,41,40,832,119.00,"99,008.00"
2020-03-03,2020030301033214,KSBBL,45,14,24,172.00,"4,128.00"
2020-03-03,2020030301032961,KSBBL,45,58,38,172.00,"6,536.00"
2020-03-03,2020030301032960,KSBBL,45,58,100,172.00,"17,200.00"
2020-03-03,2020030301032959,KSBBL,49,58,510,172.00,"87,720.00"
2020-03-03,2020030301033276,LBL,42,21,100,243.00,"24,300.00"
2020-03-03,2020030301033022,LBL,42,7,232,243.00,"56,376.00"
2020-03-03,2020030301033021,LBL,47,7,68,243.00,"16,524.00"
2020-03-03,2020030301033000,LBL,14,7,200,244.00,"48,800.00"
2020-03-03,2020030301033154,LGIL,13,21,126,533.00,"67,158.00"
2020-03-03,2020030301032958,LGIL,59,21,324,534.00,"173,016.00"
2020-03-03,2020030301032913,LGIL,22,41,200,537.00,"107,400.00"
2020-03-03,2020030301033243,LICN,19,29,50,"1,552.00","77,600.00"
2020-03-03,2020030301033206,LICN,19,45,172,"1,552.00","266,944.00"
2020-03-03,2020030301033205,LICN,1,45,100,"1,553.00","155,300.00"
2020-03-03,2020030301033204,LICN,17,45,11,"1,562.00","17,182.00"
2020-03-03,2020030301032945,LICN,17,40,255,"1,562.00","398,310.00"
2020-03-03,2020030301032944,LICN,17,39,584,"1,561.00","911,624.00"
2020-03-03,2020030301032943,LICN,17,36,50,"1,560.00","78,000.00"
2020-03-03,2020030301032942,LICN,17,55,100,"1,560.00","156,000.00"
2020-03-03,2020030301032920,LICN,14,28,150,"1,558.00","233,700.00"
2020-03-03,2020030301033113,MBL,26,45,20,260.00,"5,200.00"
2020-03-03,2020030301033095,MBL,17,35,100,258.00,"25,800.00"
2020-03-03,2020030301033363,MDB,4,40,500,444.00,"222,000.00"
2020-03-03,2020030301033334,MEGA,52,6,400,247.00,"98,800.00"
2020-03-03,2020030301033291,MEGA,52,21,100,247.00,"24,700.00"
2020-03-03,2020030301033148,MEGA,43,21,10,249.00,"2,490.00"
2020-03-03,2020030301033147,MEGA,43,43,61,248.00,"15,128.00"
2020-03-03,2020030301033018,MEGA,55,43,139,248.00,"34,472.00"
2020-03-03,2020030301033017,MEGA,55,34,474,248.00,"117,552.00"
2020-03-03,2020030301032974,MEGA,55,47,500,247.00,"123,500.00"
2020-03-03,2020030301032953,MEGA,55,6,200,247.00,"49,400.00"
2020-03-03,2020030301032952,MEGA,55,33,687,247.00,"169,689.00"
2020-03-03,2020030301033269,MERO,42,6,200,680.00,"136,000.00"
2020-03-03,2020030301033200,MERO,22,6,200,680.00,"136,000.00"
2020-03-03,2020030301033199,MERO,22,6,46,680.00,"31,280.00"
2020-03-03,2020030301033198,MERO,45,6,50,681.00,"34,050.00"
2020-03-03,2020030301033051,MFIL,43,58,207,288.00,"59,616.00"
2020-03-03,2020030301033050,MFIL,29,58,500,288.00,"144,000.00"
2020-03-03,2020030301033049,MFIL,42,58,17,288.00,"4,896.00"
2020-03-03,2020030301033048,MFIL,55,58,500,288.00,"144,000.00"
2020-03-03,2020030301033047,MFIL,55,58,500,288.00,"144,000.00"
2020-03-03,2020030301033046,MFIL,41,58,276,288.00,"79,488.00"
2020-03-03,2020030301033318,MHNL,42,39,30,91.00,"2,730.00"
2020-03-03,2020030301033317,MHNL,42,59,200,91.00,"18,200.00"
2020-03-03,2020030301033316,MHNL,42,57,30,91.00,"2,730.00"
2020-03-03,2020030301033315,MHNL,42,57,30,91.00,"2,730.00"
2020-03-03,2020030301033077,MLBL,26,26,1,225.00,225.00
2020-03-03,2020030301033299,NABIL,25,7,50,879.00,"43,950.00"
2020-03-03,2020030301033298,NABIL,25,37,79,879.00,"69,441.00"
2020-03-03,2020030301033130,NABIL,37,28,50,874.00,"43,700.00"
2020-03-03,2020030301033125,NABIL,59,29,50,873.00,"43,650.00"
2020-03-03,2020030301033065,NABIL,41,28,50,874.00,"43,700.00"
2020-03-03,2020030301032899,NABIL,34,46,50,880.00,"44,000.00"
2020-03-03,2020030301033221,NADEP,17,39,11,700.00,"7,700.00"
2020-03-03,2020030301033058,NADEP,17,57,298,700.00,"208,600.00"
2020-03-03,2020030301033072,NBB,5,1,20,237.00,"4,740.00"
2020-03-03,2020030301033297,NBF2,52,58,"5,000",9.23,"46,150.00"
2020-03-03,2020030301033194,NBL,49,5,100,294.00,"29,400.00"
2020-03-03,2020030301033193,NBL,6,5,200,294.00,"58,800.00"
2020-03-03,2020030301033192,NBL,26,5,100,294.00,"29,400.00"
2020-03-03,2020030301033164,NBL,5,5,30,295.00,"8,850.00"
2020-03-03,2020030301033163,NBL,6,5,"1,500",295.00,"442,500.00"
2020-03-03,2020030301033162,NBL,56,5,300,295.00,"88,500.00"
2020-03-03,2020030301033161,NBL,48,5,400,295.00,"118,000.00"
2020-03-03,2020030301033160,NBL,26,5,370,295.00,"109,150.00"
2020-03-03,2020030301032951,NBL,42,28,700,296.00,"207,200.00"
2020-03-03,2020030301033344,NCCB,58,14,990,208.00,"205,920.00"
2020-03-03,2020030301033208,NCCB,56,14,10,208.00,"2,080.00"
2020-03-03,2020030301033207,NCCB,56,34,100,208.00,"20,800.00"
2020-03-03,2020030301033090,NCCB,49,16,11,207.00,"2,277.00"
2020-03-03,2020030301032998,NCCB,49,55,296,207.00,"61,272.00"
2020-03-03,2020030301032997,NCCB,35,55,236,207.00,"48,852.00"
2020-03-03,2020030301032990,NCCB,44,55,500,207.00,"103,500.00"
2020-03-03,2020030301032989,NCCB,57,55,500,207.00,"103,500.00"
2020-03-03,2020030301032988,NCCB,49,55,"2,000",207.00,"414,000.00"
2020-03-03,2020030301032996,NCCB,21,55,500,207.00,"103,500.00"
2020-03-03,2020030301032995,NCCB,25,55,300,207.00,"62,100.00"
2020-03-03,2020030301032994,NCCB,55,55,200,207.00,"41,400.00"
2020-03-03,2020030301032993,NCCB,34,55,200,207.00,"41,400.00"
2020-03-03,2020030301032992,NCCB,48,55,100,207.00,"20,700.00"
2020-03-03,2020030301032991,NCCB,51,55,200,207.00,"41,400.00"
2020-03-03,2020030301033112,NGPL,1,17,11,122.00,"1,342.00"
2020-03-03,2020030301033073,NGPL,1,17,11,122.00,"1,342.00"
2020-03-03,2020030301033055,NGPL,1,17,44,122.00,"5,368.00"
2020-03-03,2020030301033146,NIB,13,42,90,442.00,"39,780.00"
2020-03-03,2020030301033089,NIB,7,26,980,441.00,"432,180.00"
2020-03-03,2020030301033059,NIB,13,55,160,440.00,"70,400.00"
2020-03-03,2020030301033057,NIB,25,55,90,440.00,"39,600.00"
2020-03-03,2020030301032904,NIB,7,35,555,440.00,"244,200.00"
2020-03-03,2020030301032903,NIB,7,43,200,440.00,"88,000.00"
2020-03-03,2020030301032902,NIB,7,6,203,440.00,"89,320.00"
2020-03-03,2020030301032901,NIB,7,7,646,439.00,"283,594.00"
2020-03-03,2020030301033362,NICA,45,19,123,604.00,"74,292.00"
2020-03-03,2020030301033361,NICA,40,19,400,604.00,"241,600.00"
2020-03-03,2020030301033360,NICA,6,19,200,605.00,"121,000.00"
2020-03-03,2020030301033346,NICA,6,34,800,605.00,"484,000.00"
2020-03-03,2020030301033345,NICA,49,34,200,606.00,"121,200.00"
2020-03-03,2020030301033338,NICA,56,16,65,605.00,"39,325.00"
2020-03-03,2020030301033303,NICA,14,16,100,605.00,"60,500.00"
2020-03-03,2020030301033302,NICA,57,16,635,605.00,"384,175.00"
2020-03-03,2020030301033301,NICA,56,16,100,605.00,"60,500.00"
2020-03-03,2020030301033300,NICA,35,16,100,605.00,"60,500.00"
2020-03-03,2020030301033213,NICA,35,50,100,605.00,"60,500.00"
2020-03-03,2020030301032940,NICA,33,51,900,605.00,"544,500.00"
2020-03-03,2020030301033313,NICL,45,43,32,493.00,"15,776.00"
2020-03-03,2020030301033280,NICL,45,46,290,493.00,"142,970.00"
2020-03-03,2020030301033279,NICL,45,21,178,492.00,"87,576.00"
2020-03-03,2020030301033211,NICL,43,46,10,493.00,"4,930.00"
2020-03-03,2020030301033063,NICL,55,43,"1,000",490.00,"490,000.00"
2020-03-03,2020030301033062,NICL,35,43,100,490.00,"49,000.00"
2020-03-03,2020030301033061,NICL,45,43,359,490.00,"175,910.00"
2020-03-03,2020030301033374,NIL,53,14,168,610.00,"102,480.00"
2020-03-03,2020030301033373,NIL,44,14,100,610.00,"61,000.00"
2020-03-03,2020030301033372,NIL,13,14,154,611.00,"94,094.00"
2020-03-03,2020030301033371,NIL,6,14,100,612.00,"61,200.00"
2020-03-03,2020030301033370,NIL,33,14,200,612.00,"122,400.00"
2020-03-03,2020030301033357,NIL,5,29,300,617.00,"185,100.00"
2020-03-03,2020030301033311,NIL,3,49,154,613.00,"94,402.00"
2020-03-03,2020030301033158,NIL,53,4,175,612.00,"107,100.00"
2020-03-03,2020030301032906,NIL,53,49,138,610.00,"84,180.00"
2020-03-03,2020030301033132,NLBBL,58,6,470,785.00,"368,950.00"
2020-03-03,2020030301033380,NLIC,14,35,70,"1,309.00","91,630.00"
2020-03-03,2020030301033368,NLIC,56,35,30,"1,309.00","39,270.00"
2020-03-03,2020030301033330,NLIC,6,49,100,"1,310.00","131,000.00"
2020-03-03,2020030301033307,NLIC,50,49,20,"1,310.00","26,200.00"
2020-03-03,2020030301033306,NLIC,51,49,372,"1,310.00","487,320.00"
2020-03-03,2020030301033305,NLIC,6,49,100,"1,311.00","131,100.00"
2020-03-03,2020030301032975,NLIC,19,57,204,"1,312.00","267,648.00"
2020-03-03,2020030301032965,NLIC,18,35,26,"1,312.00","34,112.00"
2020-03-03,2020030301032964,NLIC,18,6,125,"1,311.00","163,875.00"
2020-03-03,2020030301032955,NLIC,17,6,100,"1,311.00","131,100.00"
2020-03-03,2020030301032947,NLIC,52,6,200,"1,311.00","262,200.00"
2020-03-03,2020030301032946,NLIC,19,6,75,"1,311.00","98,325.00"
2020-03-03,2020030301033078,NLIC,1,50,134,"1,314.00","176,076.00"
2020-03-03,2020030301033066,NLIC,35,50,30,"1,314.00","39,420.00"
2020-03-03,2020030301033029,NLIC,5,50,10,"1,314.00","13,140.00"
2020-03-03,2020030301032978,NLIC,19,50,311,"1,314.00","408,654.00"
2020-03-03,2020030301032977,NLIC,19,13,441,"1,313.00","579,033.00"
2020-03-03,2020030301032976,NLIC,19,35,44,"1,312.00","57,728.00"
2020-03-03,2020030301033304,NLIC,29,49,50,"1,311.00","65,550.00"
2020-03-03,2020030301033282,NLIC,1,38,20,"1,312.00","26,240.00"
2020-03-03,2020030301033172,NLIC,42,49,50,"1,314.00","65,700.00"
2020-03-03,2020030301033121,NLIC,1,13,281,"1,314.00","369,234.00"
2020-03-03,2020030301033103,NLIC,1,39,35,"1,314.00","45,990.00"
2020-03-03,2020030301033102,NLIC,1,57,50,"1,314.00","65,700.00"
2020-03-03,2020030301033137,NLICL,3,57,51,770.00,"39,270.00"
2020-03-03,2020030301033016,NLICL,45,57,389,770.00,"299,530.00"
2020-03-03,2020030301033015,NLICL,45,52,11,769.00,"8,459.00"
2020-03-03,2020030301033014,NLICL,45,39,50,769.00,"38,450.00"
2020-03-03,2020030301033013,NLICL,45,6,50,767.00,"38,350.00"
2020-03-03,2020030301033319,NMB,17,16,35,480.00,"16,800.00"
2020-03-03,2020030301033277,NMB,38,16,400,480.00,"192,000.00"
2020-03-03,2020030301033242,NMB,38,39,100,480.00,"48,000.00"
2020-03-03,2020030301033210,NMB,38,49,200,480.00,"96,000.00"
2020-03-03,2020030301033209,NMB,38,58,300,480.00,"144,000.00"
2020-03-03,2020030301033196,NMB,33,58,200,480.00,"96,000.00"
2020-03-03,2020030301033134,NMB,26,21,20,481.00,"9,620.00"
2020-03-03,2020030301033106,NMB,14,21,"1,000",481.00,"481,000.00"
2020-03-03,2020030301033105,NMB,14,6,249,481.00,"119,769.00"
2020-03-03,2020030301033104,NMB,14,57,100,480.00,"48,000.00"
2020-03-03,2020030301032937,NMB,5,6,700,481.00,"336,700.00"
2020-03-03,2020030301032936,NMB,5,29,300,479.00,"143,700.00"
2020-03-03,2020030301033178,NMBMF,59,37,10,910.00,"9,100.00"
2020-03-03,2020030301033037,NUBL,58,10,100,"1,019.00","101,900.00"
2020-03-03,2020030301033234,PCBL,21,34,142,314.00,"44,588.00"
2020-03-03,2020030301033233,PCBL,35,34,"4,528",314.00,"1,421,792.00"
2020-03-03,2020030301033232,PCBL,6,34,60,314.00,"18,840.00"
2020-03-03,2020030301033231,PCBL,14,34,20,315.00,"6,300.00"
2020-03-03,2020030301033230,PCBL,47,34,250,315.00,"78,750.00"
2020-03-03,2020030301033216,PCBL,14,57,200,315.00,"63,000.00"
2020-03-03,2020030301033153,PCBL,14,41,80,315.00,"25,200.00"
2020-03-03,2020030301033117,PCBL,11,41,43,315.00,"13,545.00"
2020-03-03,2020030301033116,PCBL,45,41,100,316.00,"31,600.00"
2020-03-03,2020030301033115,PCBL,49,41,47,316.00,"14,852.00"
2020-03-03,2020030301032984,PIC,33,49,53,646.00,"34,238.00"
2020-03-03,2020030301032983,PIC,50,49,30,646.00,"19,380.00"
2020-03-03,2020030301032982,PIC,43,49,17,647.00,"10,999.00"
2020-03-03,2020030301032917,PIC,43,6,92,647.00,"59,524.00"
2020-03-03,2020030301033171,PLIC,28,7,10,634.00,"6,340.00"
2020-03-03,2020030301033076,PRIN,22,48,120,469.00,"56,280.00"
2020-03-03,2020030301033075,PRIN,32,48,280,469.00,"131,320.00"
2020-03-03,2020030301033074,PRIN,6,48,100,470.00,"47,000.00"
2020-03-03,2020030301032925,PRIN,11,6,100,470.00,"47,000.00"
2020-03-03,2020030301033262,PRVU,13,57,110,265.00,"29,150.00"
2020-03-03,2020030301033251,PRVU,13,21,200,265.00,"53,000.00"
2020-03-03,2020030301033025,PRVU,49,54,"1,000",266.00,"266,000.00"
2020-03-03,2020030301033024,PRVU,49,36,"1,780",266.00,"473,480.00"
2020-03-03,2020030301032954,PRVU,49,33,"1,280",265.00,"339,200.00"
2020-03-03,2020030301033376,RBCL,38,16,10,"10,700.00","107,000.00"
2020-03-03,2020030301033256,RHPC,59,29,12,87.00,"1,044.00"
2020-03-03,2020030301033011,RLFL,29,7,48,139.00,"6,672.00"
2020-03-03,2020030301032923,RMDC,44,34,100,760.00,"76,000.00"
2020-03-03,2020030301032922,RMDC,44,13,25,760.00,"19,000.00"
2020-03-03,2020030301033235,RRHP,40,38,10,103.00,"1,030.00"
2020-03-03,2020030301033289,RSDC,6,58,60,558.00,"33,480.00"
2020-03-03,2020030301033288,RSDC,39,58,150,558.00,"83,700.00"
2020-03-03,2020030301033287,RSDC,22,58,18,560.00,"10,080.00"
2020-03-03,2020030301033286,RSDC,54,58,20,561.00,"11,220.00"
2020-03-03,2020030301033143,RSDC,34,52,461,564.00,"260,004.00"
2020-03-03,2020030301033142,RSDC,34,34,150,564.00,"84,600.00"
2020-03-03,2020030301033293,SABSL,6,40,10,869.00,"8,690.00"
2020-03-03,2020030301033082,SABSL,42,58,10,886.00,"8,860.00"
2020-03-03,2020030301033310,SADBL,32,7,700,174.00,"121,800.00"
2020-03-03,2020030301033309,SADBL,13,7,300,174.00,"52,200.00"
2020-03-03,2020030301033101,SADBL,6,43,50,175.00,"8,750.00"
2020-03-03,2020030301033275,SAEF,56,16,"1,000",9.85,"9,850.00"
2020-03-03,2020030301033212,SAEF,56,3,"2,000",9.85,"19,700.00"
2020-03-03,2020030301033197,SAEF,56,16,"2,000",9.85,"19,700.00"
2020-03-03,2020030301033009,SANIMA,33,36,312,390.00,"121,680.00"
2020-03-03,2020030301033008,SANIMA,33,59,200,390.00,"78,000.00"
2020-03-03,2020030301033007,SANIMA,33,33,500,390.00,"195,000.00"
2020-03-03,2020030301033006,SANIMA,33,13,385,390.00,"150,150.00"
2020-03-03,2020030301033005,SANIMA,33,10,155,389.00,"60,295.00"
2020-03-03,2020030301033004,SANIMA,33,45,"1,300",389.00,"505,700.00"
2020-03-03,2020030301033126,SAPDBL,14,49,94,151.00,"14,194.00"
2020-03-03,2020030301033398,SBI,41,52,50,517.00,"25,850.00"
2020-03-03,2020030301033397,SBI,51,52,100,518.00,"51,800.00"
2020-03-03,2020030301033369,SCB,51,57,70,746.00,"52,220.00"
2020-03-03,2020030301033012,SCB,34,57,30,746.00,"22,380.00"
2020-03-03,2020030301033329,SDESI,55,7,7,"1,080.00","7,560.00"
2020-03-03,2020030301033328,SDESI,50,7,16,"1,080.00","17,280.00"
2020-03-03,2020030301033327,SDESI,50,7,23,"1,080.00","24,840.00"
2020-03-03,2020030301033326,SDESI,50,25,11,"1,080.00","11,880.00"
2020-03-03,2020030301033325,SDESI,50,44,50,"1,080.00","54,000.00"
2020-03-03,2020030301033324,SDESI,50,45,100,"1,080.00","108,000.00"
2020-03-03,2020030301033218,SEF,6,16,"2,000",9.57,"19,140.00"
2020-03-03,2020030301033003,SHINE,57,6,204,314.00,"64,056.00"
2020-03-03,2020030301033002,SHINE,16,6,146,314.00,"45,844.00"
2020-03-03,2020030301033290,SHIVM,55,56,100,634.00,"63,400.00"
2020-03-03,2020030301033266,SHIVM,49,48,10,635.00,"6,350.00"
2020-03-03,2020030301033265,SHIVM,53,48,40,635.00,"25,400.00"
2020-03-03,2020030301033264,SHIVM,18,48,200,635.00,"127,000.00"
2020-03-03,2020030301033152,SHIVM,18,49,200,635.00,"127,000.00"
2020-03-03,2020030301033122,SHIVM,7,56,100,638.00,"63,800.00"
2020-03-03,2020030301033088,SHIVM,4,4,"1,000",638.00,"638,000.00"
2020-03-03,2020030301033314,SHPC,46,6,330,231.00,"76,230.00"
2020-03-03,2020030301033138,SIFC,14,39,53,170.00,"9,010.00"
2020-03-03,2020030301032907,SJCL,25,5,10,156.00,"1,560.00"
2020-03-03,2020030301033296,SKBBL,43,25,400,"1,178.00","471,200.00"
2020-03-03,2020030301033295,SKBBL,43,22,200,"1,177.00","235,400.00"
2020-03-03,2020030301033294,SKBBL,43,26,70,"1,175.00","82,250.00"
2020-03-03,2020030301033268,SKBBL,43,52,170,"1,174.00","199,580.00"
2020-03-03,2020030301033267,SKBBL,43,25,200,"1,164.00","232,800.00"
2020-03-03,2020030301033254,SKBBL,44,45,62,"1,151.00","71,362.00"
2020-03-03,2020030301032919,SKBBL,45,59,300,"1,160.00","348,000.00"
2020-03-03,2020030301032918,SKBBL,45,34,200,"1,159.00","231,800.00"
2020-03-03,2020030301033253,SKBBL,43,59,300,"1,163.00","348,900.00"
2020-03-03,2020030301033252,SKBBL,43,34,200,"1,162.00","232,400.00"
2020-03-03,2020030301033027,SKBBL,36,26,200,"1,160.00","232,000.00"
2020-03-03,2020030301033026,SKBBL,36,59,140,"1,160.00","162,400.00"
2020-03-03,2020030301032957,SKBBL,32,45,69,"1,150.00","79,350.00"
2020-03-03,2020030301032938,SKBBL,45,37,156,"1,154.00","180,024.00"
2020-03-03,2020030301033322,SLBBL,48,45,30,870.00,"26,100.00"
2020-03-03,2020030301033292,SLBBL,41,45,"1,000",870.00,"870,000.00"
2020-03-03,2020030301033219,SLBBL,14,45,300,868.00,"260,400.00"
2020-03-03,2020030301033094,SLBBL,13,45,500,869.00,"434,500.00"
2020-03-03,2020030301033093,SLBBL,6,45,30,869.00,"26,070.00"
2020-03-03,2020030301033092,SLBBL,6,45,170,870.00,"147,900.00"
2020-03-03,2020030301033091,SLBBL,20,45,21,870.00,"18,270.00"
2020-03-03,2020030301032912,SLBBL,20,34,479,870.00,"416,730.00"
2020-03-03,2020030301032911,SLBBL,58,34,21,870.00,"18,270.00"
2020-03-03,2020030301033379,SLICL,11,25,20,500.00,"10,000.00"
2020-03-03,2020030301033378,SLICL,38,25,30,500.00,"15,000.00"
2020-03-03,2020030301033259,SLICL,38,17,200,501.00,"100,200.00"
2020-03-03,2020030301033258,SLICL,38,1,400,500.00,"200,000.00"
2020-03-03,2020030301033222,SLICL,5,42,81,500.00,"40,500.00"
2020-03-03,2020030301033166,SLICL,5,54,200,500.00,"100,000.00"
2020-03-03,2020030301032980,SLICL,36,42,50,496.00,"24,800.00"
2020-03-03,2020030301033165,SLICL,5,38,219,499.00,"109,281.00"
2020-03-03,2020030301033111,SLICL,39,38,166,499.00,"82,834.00"
2020-03-03,2020030301033110,SLICL,39,38,34,497.00,"16,898.00"
2020-03-03,2020030301033086,SLICL,18,38,966,497.00,"480,102.00"
2020-03-03,2020030301033085,SLICL,18,34,500,497.00,"248,500.00"
2020-03-03,2020030301033084,SLICL,18,49,34,497.00,"16,898.00"
2020-03-03,2020030301032973,SMATA,58,7,137,751.00,"102,887.00"
2020-03-03,2020030301032972,SMATA,47,7,30,751.00,"22,530.00"
2020-03-03,2020030301032971,SMATA,33,7,100,752.00,"75,200.00"
2020-03-03,2020030301032970,SMATA,52,7,100,755.00,"75,500.00"
2020-03-03,2020030301032969,SMATA,11,7,100,755.00,"75,500.00"
2020-03-03,2020030301032968,SMATA,21,7,123,756.00,"92,988.00"
2020-03-03,2020030301033169,SPARS,55,48,20,923.00,"18,460.00"
2020-03-03,2020030301033168,SPARS,55,49,10,923.00,"9,230.00"
2020-03-03,2020030301033167,SPARS,55,39,70,923.00,"64,610.00"
2020-03-03,2020030301032910,SPDL,38,25,15,103.00,"1,545.00"
2020-03-03,2020030301033127,SRBL,26,21,20,278.00,"5,560.00"
2020-03-03,2020030301033124,SRBL,6,35,30,275.00,"8,250.00"
2020-03-03,2020030301033128,TMDBL,14,16,55,200.00,"11,000.00"
2020-03-03,2020030301033367,UIC,25,7,400,401.00,"160,400.00"
2020-03-03,2020030301033366,UIC,51,7,100,401.00,"40,100.00"
2020-03-03,2020030301033365,UIC,35,7,200,402.00,"80,400.00"
2020-03-03,2020030301033364,UIC,6,7,100,402.00,"40,200.00"
2020-03-03,2020030301033353,UIC,45,38,20,403.00,"8,060.00"
2020-03-03,2020030301033274,UIC,34,38,200,403.00,"80,600.00"
2020-03-03,2020030301032921,UIC,45,56,41,404.00,"16,564.00"
2020-03-03,2020030301033273,UIC,14,38,20,403.00,"8,060.00"
2020-03-03,2020030301033100,UIC,45,45,100,404.00,"40,400.00"
2020-03-03,2020030301033099,UIC,45,45,50,404.00,"20,200.00"
2020-03-03,2020030301033098,UIC,45,45,939,404.00,"379,356.00"
2020-03-03,2020030301033097,UIC,6,45,100,405.00,"40,500.00"
2020-03-03,2020030301033056,UIC,40,13,700,405.00,"283,500.00"
2020-03-03,2020030301033320,UMHL,51,36,10,113.00,"1,130.00"
2020-03-03,2020030301033108,UPPER,25,34,50,246.00,"12,300.00"
2020-03-03,2020030301033107,UPPER,25,34,34,245.00,"8,330.00"
2020-03-03,2020030301033170,VLBS,45,45,50,"1,043.00","52,150.00"
2020-03-03,2020030301033150,VLBS,16,45,500,"1,044.00","522,000.00"
2020-03-03,2020030301033149,VLBS,17,45,100,"1,045.00","104,500.00"
2020-03-03,2020030301033255,WOMI,46,43,100,"1,100.00","110,000.00"
2020-03-03,2020030301033220,WOMI,10,7,70,"1,110.00","77,700.00"
2020-03-03,2020030301032939,WOMI,38,7,100,"1,110.00","111,000.00"
2020-03-03,2020030301032895,ADBL,21,57,50,422.00,"21,100.00"
2020-03-03,2020030301032890,ADBL,21,50,100,422.00,"42,200.00"
2020-03-03,2020030301032739,ADBL,21,32,152,422.00,"64,144.00"
2020-03-03,2020030301032455,ADBL,56,57,70,423.00,"29,610.00"
2020-03-03,2020030301032827,AHPC,22,37,100,105.00,"10,500.00"
2020-03-03,2020030301032816,AKPL,37,40,53,129.00,"6,837.00"
2020-03-03,2020030301032776,AKPL,29,25,10,128.00,"1,280.00"
2020-03-03,2020030301032457,AKPL,48,40,"1,947",129.00,"251,163.00"
2020-03-03,2020030301032456,AKPL,48,36,553,129.00,"71,337.00"
2020-03-03,2020030301032755,ALBSL,20,5,11,739.00,"8,129.00"
2020-03-03,2020030301032807,ALICL,45,34,500,617.00,"308,500.00"
2020-03-03,2020030301032756,API,25,56,50,138.00,"6,900.00"
2020-03-03,2020030301032752,API,35,25,87,136.00,"11,832.00"
2020-03-03,2020030301032751,API,32,25,70,136.00,"9,520.00"
2020-03-03,2020030301032750,API,41,25,30,136.00,"4,080.00"
2020-03-03,2020030301032749,API,56,25,10,136.00,"1,360.00"
2020-03-03,2020030301032748,API,11,25,200,136.00,"27,200.00"
2020-03-03,2020030301032496,API,6,25,415,138.00,"57,270.00"
2020-03-03,2020030301032501,API,48,25,657,137.00,"90,009.00"
2020-03-03,2020030301032500,API,25,25,50,137.00,"6,850.00"
2020-03-03,2020030301032499,API,34,25,500,137.00,"68,500.00"
2020-03-03,2020030301032498,API,42,25,100,137.00,"13,700.00"
2020-03-03,2020030301032497,API,49,25,278,137.00,"38,086.00"
2020-03-03,2020030301032681,API,34,50,30,136.00,"4,080.00"
2020-03-03,2020030301032635,API,34,53,447,136.00,"60,792.00"
2020-03-03,2020030301032591,API,48,53,343,137.00,"46,991.00"
2020-03-03,2020030301032555,API,25,38,31,139.00,"4,309.00"
2020-03-03,2020030301032747,API,57,25,100,136.00,"13,600.00"
2020-03-03,2020030301032746,API,21,25,50,136.00,"6,800.00"
2020-03-03,2020030301032745,API,34,25,453,136.00,"61,608.00"
2020-03-03,2020030301032407,BFC,49,21,250,106.00,"26,500.00"
2020-03-03,2020030301032744,BOKL,42,6,500,262.00,"131,000.00"
2020-03-03,2020030301032612,BOKL,6,58,90,260.00,"23,400.00"
2020-03-03,2020030301032843,BPCL,25,59,278,386.00,"107,308.00"
2020-03-03,2020030301032842,BPCL,25,36,22,385.00,"8,470.00"
2020-03-03,2020030301032631,BPCL,26,37,21,381.00,"8,001.00"
2020-03-03,2020030301032587,BPCL,25,37,117,385.00,"45,045.00"
2020-03-03,2020030301032586,BPCL,25,7,33,384.00,"12,672.00"
2020-03-03,2020030301032585,BPCL,25,39,50,383.00,"19,150.00"
2020-03-03,2020030301032454,CBBL,36,58,14,"1,117.00","15,638.00"
2020-03-03,2020030301032453,CBBL,36,47,36,"1,116.00","40,176.00"
2020-03-03,2020030301032876,CBL,34,50,400,153.00,"61,200.00"
2020-03-03,2020030301032710,CBL,48,58,"2,000",154.00,"308,000.00"
2020-03-03,2020030301032775,CCBL,13,40,400,192.00,"76,800.00"
2020-03-03,2020030301032723,CCBL,59,40,100,192.00,"19,200.00"
2020-03-03,2020030301032819,CHL,48,25,10,101.00,"1,010.00"
2020-03-03,2020030301032536,CIT,43,51,35,"2,812.00","98,420.00"
2020-03-03,2020030301032796,CLBSL,13,19,22,"1,200.00","26,400.00"
2020-03-03,2020030301032754,CLBSL,53,19,10,"1,200.00","12,000.00"
2020-03-03,2020030301032700,CZBIL,51,32,15,212.00,"3,180.00"
2020-03-03,2020030301032656,CZBIL,20,44,350,214.00,"74,900.00"
2020-03-03,2020030301032753,DDBL,29,17,250,920.00,"230,000.00"
2020-03-03,2020030301032624,DDBL,29,6,23,920.00,"21,160.00"
2020-03-03,2020030301032623,DDBL,49,6,10,921.00,"9,210.00"
2020-03-03,2020030301032622,DDBL,58,6,50,921.00,"46,050.00"
2020-03-03,2020030301032621,DDBL,45,6,17,922.00,"15,674.00"
2020-03-03,2020030301032651,DHPL,51,40,11,53.00,583.00
2020-03-03,2020030301032760,EBL,41,29,32,812.00,"25,984.00"
2020-03-03,2020030301032633,EBL,28,29,"1,262",811.00,"1,023,482.00"
2020-03-03,2020030301032573,EBL,28,50,300,811.00,"243,300.00"
2020-03-03,2020030301032483,EBL,10,45,50,812.00,"40,600.00"
2020-03-03,2020030301032884,FMDBL,35,51,30,559.00,"16,770.00"
2020-03-03,2020030301032715,FMDBL,41,43,13,555.00,"7,215.00"
2020-03-03,2020030301032682,FMDBL,34,34,250,556.00,"139,000.00"
2020-03-03,2020030301032626,FMDBL,41,1,110,555.00,"61,050.00"
2020-03-03,2020030301032583,FMDBL,42,36,189,550.00,"103,950.00"
2020-03-03,2020030301032582,FMDBL,44,36,100,550.00,"55,000.00"
2020-03-03,2020030301032474,FMDBL,57,1,50,555.00,"27,750.00"
2020-03-03,2020030301032473,FMDBL,49,1,100,555.00,"55,500.00"
2020-03-03,2020030301032525,FMDBL,7,38,200,552.00,"110,400.00"
2020-03-03,2020030301032524,FMDBL,6,38,500,552.00,"276,000.00"
2020-03-03,2020030301032523,FMDBL,50,38,100,554.00,"55,400.00"
2020-03-03,2020030301032477,FMDBL,40,1,100,555.00,"55,500.00"
2020-03-03,2020030301032476,FMDBL,16,1,20,555.00,"11,100.00"
2020-03-03,2020030301032475,FMDBL,47,1,300,555.00,"166,500.00"
2020-03-03,2020030301032581,FMDBL,55,36,50,550.00,"27,500.00"
2020-03-03,2020030301032580,FMDBL,5,36,111,550.00,"61,050.00"
2020-03-03,2020030301032579,FMDBL,26,36,50,551.00,"27,550.00"
2020-03-03,2020030301032528,FMDBL,39,38,50,552.00,"27,600.00"
2020-03-03,2020030301032527,FMDBL,34,38,"1,000",552.00,"552,000.00"
2020-03-03,2020030301032526,FMDBL,53,38,10,552.00,"5,520.00"
2020-03-03,2020030301032871,FOWAD,35,14,20,"1,580.00","31,600.00"
2020-03-03,2020030301032768,FOWAD,7,14,100,"1,580.00","158,000.00"
2020-03-03,2020030301032767,FOWAD,54,14,10,"1,580.00","15,800.00"
2020-03-03,2020030301032766,FOWAD,17,14,32,"1,585.00","50,720.00"
2020-03-03,2020030301032765,FOWAD,36,14,10,"1,587.00","15,870.00"
2020-03-03,2020030301032764,FOWAD,13,14,10,"1,588.00","15,880.00"
2020-03-03,2020030301032423,FOWAD,14,3,77,"1,638.00","126,126.00"
2020-03-03,2020030301032422,FOWAD,10,3,100,"1,639.00","163,900.00"
2020-03-03,2020030301032421,FOWAD,35,3,20,"1,639.00","32,780.00"
2020-03-03,2020030301032641,FOWAD,51,14,10,"1,610.00","16,100.00"
2020-03-03,2020030301032640,FOWAD,45,14,50,"1,620.00","81,000.00"
2020-03-03,2020030301032639,FOWAD,35,14,51,"1,621.00","82,671.00"
2020-03-03,2020030301032567,FOWAD,51,3,47,"1,630.00","76,610.00"
2020-03-03,2020030301032566,FOWAD,39,3,50,"1,630.00","81,500.00"
2020-03-03,2020030301032565,FOWAD,35,3,10,"1,630.00","16,300.00"
2020-03-03,2020030301032720,FOWAD,52,3,50,"1,595.00","79,750.00"
2020-03-03,2020030301032699,FOWAD,35,3,20,"1,595.00","31,900.00"
2020-03-03,2020030301032695,FOWAD,21,14,500,"1,600.00","800,000.00"
2020-03-03,2020030301032644,FOWAD,54,14,300,"1,600.00","480,000.00"
2020-03-03,2020030301032643,FOWAD,22,14,20,"1,608.00","32,160.00"
2020-03-03,2020030301032642,FOWAD,51,14,50,"1,610.00","80,500.00"
2020-03-03,2020030301032763,FOWAD,51,14,39,"1,589.00","61,971.00"
2020-03-03,2020030301032728,FOWAD,36,14,50,"1,590.00","79,500.00"
2020-03-03,2020030301032727,FOWAD,6,14,50,"1,590.00","79,500.00"
2020-03-03,2020030301032726,FOWAD,42,14,50,"1,590.00","79,500.00"
2020-03-03,2020030301032725,FOWAD,51,14,451,"1,590.00","717,090.00"
2020-03-03,2020030301032724,FOWAD,40,14,100,"1,592.00","159,200.00"
2020-03-03,2020030301032823,GBBL,49,34,100,258.00,"25,800.00"
2020-03-03,2020030301032810,GBBL,45,39,11,255.00,"2,805.00"
2020-03-03,2020030301032669,GBBL,6,34,100,257.00,"25,700.00"
2020-03-03,2020030301032617,GBBL,45,57,500,255.00,"127,500.00"
2020-03-03,2020030301032578,GBBL,33,34,400,257.00,"102,800.00"
2020-03-03,2020030301032791,GBIME,43,58,500,299.00,"149,500.00"
2020-03-03,2020030301032658,GBIME,17,50,346,298.00,"103,108.00"
2020-03-03,2020030301032657,GBIME,48,50,123,298.00,"36,654.00"
2020-03-03,2020030301032452,GBIME,48,49,377,298.00,"112,346.00"
2020-03-03,2020030301032451,GBIME,35,49,555,298.00,"165,390.00"
2020-03-03,2020030301032706,GBLBS,56,58,300,534.00,"160,200.00"
2020-03-03,2020030301032705,GBLBS,32,58,463,534.00,"247,242.00"
2020-03-03,2020030301032597,GBLBS,32,22,482,534.00,"257,388.00"
2020-03-03,2020030301032596,GBLBS,56,22,218,535.00,"116,630.00"
2020-03-03,2020030301032426,GBLBS,56,52,40,535.00,"21,400.00"
2020-03-03,2020030301032847,GILB,28,14,157,"1,346.00","211,322.00"
2020-03-03,2020030301032846,GILB,45,14,200,"1,350.00","270,000.00"
2020-03-03,2020030301032845,GILB,42,14,30,"1,351.00","40,530.00"
2020-03-03,2020030301032844,GILB,41,14,53,"1,351.00","71,603.00"
2020-03-03,2020030301032663,GILB,41,7,54,"1,351.00","72,954.00"
2020-03-03,2020030301032662,GILB,19,7,16,"1,352.00","21,632.00"
2020-03-03,2020030301032661,GILB,19,7,30,"1,353.00","40,590.00"
2020-03-03,2020030301032761,GLBSL,38,48,30,681.00,"20,430.00"
2020-03-03,2020030301032625,GLBSL,8,45,10,680.00,"6,800.00"
2020-03-03,2020030301032531,GLBSL,8,45,171,680.00,"116,280.00"
2020-03-03,2020030301032530,GLBSL,48,45,20,680.00,"13,600.00"
2020-03-03,2020030301032529,GLBSL,29,45,180,680.00,"122,400.00"
2020-03-03,2020030301032862,GLICL,57,49,50,880.00,"44,000.00"
2020-03-03,2020030301032861,GLICL,17,49,200,880.00,"176,000.00"
2020-03-03,2020030301032860,GLICL,39,49,200,880.00,"176,000.00"
2020-03-03,2020030301032859,GLICL,41,49,10,880.00,"8,800.00"
2020-03-03,2020030301032858,GLICL,34,49,100,880.00,"88,000.00"
2020-03-03,2020030301032857,GLICL,57,49,50,880.00,"44,000.00"
2020-03-03,2020030301032438,GLICL,57,49,68,890.00,"60,520.00"
2020-03-03,2020030301032444,GLICL,47,49,500,890.00,"445,000.00"
2020-03-03,2020030301032443,GLICL,53,49,70,890.00,"62,300.00"
2020-03-03,2020030301032442,GLICL,57,49,50,890.00,"44,500.00"
2020-03-03,2020030301032441,GLICL,45,49,50,890.00,"44,500.00"
2020-03-03,2020030301032440,GLICL,39,49,150,890.00,"133,500.00"
2020-03-03,2020030301032439,GLICL,40,49,235,890.00,"209,150.00"
2020-03-03,2020030301032514,GLICL,34,38,306,885.00,"270,810.00"
2020-03-03,2020030301032513,GLICL,59,38,10,886.00,"8,860.00"
2020-03-03,2020030301032512,GLICL,29,38,12,887.00,"10,644.00"
2020-03-03,2020030301032511,GLICL,26,38,10,887.00,"8,870.00"
2020-03-03,2020030301032510,GLICL,42,38,50,887.00,"44,350.00"
2020-03-03,2020030301032509,GLICL,50,38,100,889.00,"88,900.00"
2020-03-03,2020030301032789,GLICL,14,6,70,885.00,"61,950.00"
2020-03-03,2020030301032664,GLICL,14,37,130,885.00,"115,050.00"
2020-03-03,2020030301032590,GLICL,56,37,50,885.00,"44,250.00"
2020-03-03,2020030301032589,GLICL,49,37,20,885.00,"17,700.00"
2020-03-03,2020030301032588,GLICL,39,37,100,885.00,"88,500.00"
2020-03-03,2020030301032571,GLICL,34,51,194,885.00,"171,690.00"
2020-03-03,2020030301032850,GLICL,6,49,220,885.00,"194,700.00"
2020-03-03,2020030301032849,GLICL,57,49,20,885.00,"17,700.00"
2020-03-03,2020030301032848,GLICL,34,49,80,885.00,"70,800.00"
2020-03-03,2020030301032811,GLICL,39,49,100,890.00,"89,000.00"
2020-03-03,2020030301032806,GLICL,19,49,200,890.00,"178,000.00"
2020-03-03,2020030301032790,GLICL,34,6,20,885.00,"17,700.00"
2020-03-03,2020030301032856,GLICL,37,49,60,880.00,"52,800.00"
2020-03-03,2020030301032855,GLICL,26,49,100,881.00,"88,100.00"
2020-03-03,2020030301032854,GLICL,22,49,300,882.00,"264,600.00"
2020-03-03,2020030301032853,GLICL,37,49,300,882.00,"264,600.00"
2020-03-03,2020030301032852,GLICL,22,49,128,884.00,"113,152.00"
2020-03-03,2020030301032851,GLICL,29,49,100,884.00,"88,400.00"
2020-03-03,2020030301032822,GMFBS,6,48,10,849.00,"8,490.00"
2020-03-03,2020030301032564,GMFBS,6,45,10,849.00,"8,490.00"
2020-03-03,2020030301032647,GMFIL,32,52,10,140.00,"1,400.00"
2020-03-03,2020030301032419,HBL,49,59,10,655.00,"6,550.00"
2020-03-03,2020030301032869,HDL,42,58,59,"1,735.00","102,365.00"
2020-03-03,2020030301032868,HDL,42,29,100,"1,730.00","173,000.00"
2020-03-03,2020030301032867,HDL,42,34,300,"1,730.00","519,000.00"
2020-03-03,2020030301032866,HDL,42,58,300,"1,730.00","519,000.00"
2020-03-03,2020030301032865,HDL,42,58,141,"1,730.00","243,930.00"
2020-03-03,2020030301032864,HDL,42,14,100,"1,729.00","172,900.00"
2020-03-03,2020030301032618,HDL,33,38,20,"1,723.00","34,460.00"
2020-03-03,2020030301032554,HGI,45,49,81,430.00,"34,830.00"
2020-03-03,2020030301032482,HGI,45,35,150,430.00,"64,500.00"
2020-03-03,2020030301032481,HGI,32,35,50,430.00,"21,500.00"
2020-03-03,2020030301032480,HGI,49,35,"1,000",431.00,"431,000.00"
2020-03-03,2020030301032831,HIDCL,49,42,61,143.00,"8,723.00"
2020-03-03,2020030301032821,HIDCL,29,34,377,144.00,"54,288.00"
2020-03-03,2020030301032757,HIDCL,29,25,31,144.00,"4,464.00"
2020-03-03,2020030301032549,HIDCL,1,7,300,145.00,"43,500.00"
2020-03-03,2020030301032873,HPPL,7,42,20,148.00,"2,960.00"
2020-03-03,2020030301032548,HPPL,7,48,50,148.00,"7,400.00"
2020-03-03,2020030301032771,JBBL,35,6,200,198.00,"39,600.00"
2020-03-03,2020030301032818,JOSHI,49,40,20,62.00,"1,240.00"
2020-03-03,2020030301032648,KBL,26,26,30,220.00,"6,600.00"
2020-03-03,2020030301032632,KBL,43,57,350,219.00,"76,650.00"
2020-03-03,2020030301032802,KMCDB,25,45,10,941.00,"9,410.00"
2020-03-03,2020030301032711,KMCDB,25,6,10,941.00,"9,410.00"
2020-03-03,2020030301032495,KMCDB,44,37,74,940.00,"69,560.00"
2020-03-03,2020030301032494,KMCDB,5,37,100,940.00,"94,000.00"
2020-03-03,2020030301032468,KMCDB,33,37,100,941.00,"94,100.00"
2020-03-03,2020030301032467,KMCDB,34,37,413,941.00,"388,633.00"
2020-03-03,2020030301032466,KMCDB,7,37,50,942.00,"47,100.00"
2020-03-03,2020030301032465,KMCDB,25,37,30,943.00,"28,290.00"
2020-03-03,2020030301032678,KSBBL,49,39,452,172.00,"77,744.00"
2020-03-03,2020030301032677,KSBBL,49,39,434,172.00,"74,648.00"
2020-03-03,2020030301032676,KSBBL,17,39,500,173.00,"86,500.00"
2020-03-03,2020030301032675,KSBBL,49,39,"2,000",173.00,"346,000.00"
2020-03-03,2020030301032674,KSBBL,35,39,"1,000",173.00,"173,000.00"
2020-03-03,2020030301032673,KSBBL,29,39,50,174.00,"8,700.00"
2020-03-03,2020030301032672,KSBBL,45,39,250,174.00,"43,500.00"
2020-03-03,2020030301032671,KSBBL,1,39,100,174.00,"17,400.00"
2020-03-03,2020030301032670,KSBBL,41,39,214,174.00,"37,236.00"
2020-03-03,2020030301032774,LBBL,38,45,100,206.00,"20,600.00"
2020-03-03,2020030301032773,LBBL,28,45,50,206.00,"10,300.00"
2020-03-03,2020030301032772,LBBL,40,45,75,206.00,"15,450.00"
2020-03-03,2020030301032714,LGIL,59,34,57,534.00,"30,438.00"
2020-03-03,2020030301032713,LGIL,39,34,"1,022",535.00,"546,770.00"
2020-03-03,2020030301032652,LGIL,39,38,57,535.00,"30,495.00"
2020-03-03,2020030301032894,LICN,1,14,100,"1,551.00","155,100.00"
2020-03-03,2020030301032881,LICN,14,37,100,"1,557.00","155,700.00"
2020-03-03,2020030301032408,LICN,1,19,70,"1,557.00","108,990.00"
2020-03-03,2020030301032888,MBL,41,44,400,259.00,"103,600.00"
2020-03-03,2020030301032880,MBL,17,44,458,258.00,"118,164.00"
2020-03-03,2020030301032879,MBL,28,44,475,258.00,"122,550.00"
2020-03-03,2020030301032872,MBL,28,44,725,258.00,"187,050.00"
2020-03-03,2020030301032870,MBL,28,14,"1,000",258.00,"258,000.00"
2020-03-03,2020030301032815,MBL,28,44,100,258.00,"25,800.00"
2020-03-03,2020030301032787,MBL,28,14,300,258.00,"77,400.00"
2020-03-03,2020030301032759,MBL,38,44,50,259.00,"12,950.00"
2020-03-03,2020030301032758,MBL,6,44,17,259.00,"4,403.00"
2020-03-03,2020030301032696,MBL,6,4,183,259.00,"47,397.00"
2020-03-03,2020030301032459,MBL,6,43,300,259.00,"77,700.00"
2020-03-03,2020030301032516,MEGA,17,33,313,247.00,"77,311.00"
2020-03-03,2020030301032515,MEGA,17,44,187,247.00,"46,189.00"
2020-03-03,2020030301032472,MEGA,13,19,301,246.00,"74,046.00"
2020-03-03,2020030301032471,MEGA,59,19,244,246.00,"60,024.00"
2020-03-03,2020030301032877,MERO,22,51,42,680.00,"28,560.00"
2020-03-03,2020030301032833,MERO,22,48,12,680.00,"8,160.00"
2020-03-03,2020030301032832,MERO,56,48,88,680.00,"59,840.00"
2020-03-03,2020030301032824,MERO,56,17,30,680.00,"20,400.00"
2020-03-03,2020030301032794,MERO,56,48,80,680.00,"54,400.00"
2020-03-03,2020030301032793,MERO,57,48,20,682.00,"13,640.00"
2020-03-03,2020030301032792,MERO,51,48,200,682.00,"136,400.00"
2020-03-03,2020030301032707,MERO,21,53,130,683.00,"88,790.00"
2020-03-03,2020030301032458,MERO,21,51,42,683.00,"28,686.00"
2020-03-03,2020030301032694,MFIL,41,34,224,288.00,"64,512.00"
2020-03-03,2020030301032693,MFIL,14,34,200,288.00,"57,600.00"
2020-03-03,2020030301032692,MFIL,33,34,500,288.00,"144,000.00"
2020-03-03,2020030301032691,MFIL,43,34,"1,000",288.00,"288,000.00"
2020-03-03,2020030301032690,MFIL,43,34,"2,000",288.00,"576,000.00"
2020-03-03,2020030301032689,MFIL,58,34,434,288.00,"124,992.00"
2020-03-03,2020030301032886,MNBBL,45,45,51,361.00,"18,411.00"
2020-03-03,2020030301032638,MNBBL,1,32,141,358.00,"50,478.00"
2020-03-03,2020030301032595,MPFL,32,14,20,127.00,"2,540.00"
2020-03-03,2020030301032686,NABIL,33,46,304,880.00,"267,520.00"
2020-03-03,2020030301032685,NABIL,33,33,"1,000",879.00,"879,000.00"
2020-03-03,2020030301032684,NABIL,33,50,270,876.00,"236,520.00"
2020-03-03,2020030301032683,NABIL,33,35,196,874.00,"171,304.00"
2020-03-03,2020030301032668,NABIL,5,35,20,874.00,"17,480.00"
2020-03-03,2020030301032667,NABIL,3,35,117,874.00,"102,258.00"
2020-03-03,2020030301032535,NABIL,45,50,30,876.00,"26,280.00"
2020-03-03,2020030301032415,NABIL,45,57,120,876.00,"105,120.00"
2020-03-03,2020030301032878,NADEP,18,26,98,701.00,"68,698.00"
2020-03-03,2020030301032517,NADEP,18,40,23,701.00,"16,123.00"
2020-03-03,2020030301032741,NBB,5,35,25,238.00,"5,950.00"
2020-03-03,2020030301032740,NBB,5,6,200,238.00,"47,600.00"
2020-03-03,2020030301032508,NBB,6,4,"1,134",236.00,"267,624.00"
2020-03-03,2020030301032507,NBB,34,4,134,236.00,"31,624.00"
2020-03-03,2020030301032788,NBL,34,46,"1,243",296.00,"367,928.00"
2020-03-03,2020030301032883,NCCB,58,55,200,208.00,"41,600.00"
2020-03-03,2020030301032841,NCCB,6,55,500,208.00,"104,000.00"
2020-03-03,2020030301032840,NCCB,38,55,200,208.00,"41,600.00"
2020-03-03,2020030301032839,NCCB,33,55,500,208.00,"104,000.00"
2020-03-03,2020030301032838,NCCB,49,55,"1,000",208.00,"208,000.00"
2020-03-03,2020030301032837,NCCB,19,55,251,208.00,"52,208.00"
2020-03-03,2020030301032836,NCCB,13,55,400,208.00,"83,200.00"
2020-03-03,2020030301032835,NCCB,37,55,"1,000",208.00,"208,000.00"
2020-03-03,2020030301032834,NCCB,38,55,752,208.00,"156,416.00"
2020-03-03,2020030301032470,NCCB,19,49,100,209.00,"20,900.00"
2020-03-03,2020030301032584,NHPC,38,56,300,62.00,"18,600.00"
2020-03-03,2020030301032462,NHPC,38,16,290,62.00,"17,980.00"
2020-03-03,2020030301032461,NHPC,32,16,100,62.00,"6,200.00"
2020-03-03,2020030301032460,NHPC,49,16,550,62.00,"34,100.00"
2020-03-03,2020030301032436,NHPC,58,58,"14,540",62.00,"901,480.00"
2020-03-03,2020030301032770,NIB,42,6,100,440.00,"44,000.00"
2020-03-03,2020030301032712,NIB,42,7,500,438.00,"219,000.00"
2020-03-03,2020030301032503,NIB,34,6,45,440.00,"19,800.00"
2020-03-03,2020030301032604,NIBLPF,34,40,"2,425",8.51,"20,636.75"
2020-03-03,2020030301032603,NIBLPF,26,40,100,8.51,851.00
2020-03-03,2020030301032830,NIBPO,52,6,50,385.00,"19,250.00"
2020-03-03,2020030301032620,NIBPO,34,13,10,386.00,"3,860.00"
2020-03-03,2020030301032826,NICA,52,51,100,605.00,"60,500.00"
2020-03-03,2020030301032801,NICA,40,7,100,604.00,"60,400.00"
2020-03-03,2020030301032800,NICA,58,7,100,604.00,"60,400.00"
2020-03-03,2020030301032799,NICA,56,7,300,604.00,"181,200.00"
2020-03-03,2020030301032783,NICA,32,51,500,605.00,"302,500.00"
2020-03-03,2020030301032782,NICA,44,51,500,605.00,"302,500.00"
2020-03-03,2020030301032701,NICA,44,36,500,605.00,"302,500.00"
2020-03-03,2020030301032547,NICA,10,17,51,607.00,"30,957.00"
2020-03-03,2020030301032493,NICA,7,41,100,606.00,"60,600.00"
2020-03-03,2020030301032781,NICL,6,39,50,492.00,"24,600.00"
2020-03-03,2020030301032780,NICL,6,57,110,491.00,"54,010.00"
2020-03-03,2020030301032779,NICL,6,13,100,491.00,"49,100.00"
2020-03-03,2020030301032627,NICL,45,13,36,490.00,"17,640.00"
2020-03-03,2020030301032817,NIL,45,57,200,609.00,"121,800.00"
2020-03-03,2020030301032653,NIL,28,4,66,605.00,"39,930.00"
2020-03-03,2020030301032570,NIL,28,26,290,605.00,"175,450.00"
2020-03-03,2020030301032569,NIL,29,26,200,606.00,"121,200.00"
2020-03-03,2020030301032568,NIL,43,26,10,607.00,"6,070.00"
2020-03-03,2020030301032828,NLBBL,38,6,20,785.00,"15,700.00"
2020-03-03,2020030301032863,NLIC,19,57,525,"1,311.00","688,275.00"
2020-03-03,2020030301032820,NLIC,51,10,628,"1,310.00","822,680.00"
2020-03-03,2020030301032655,NLIC,49,49,"5,000","1,305.00","6,525,000.00"
2020-03-03,2020030301032634,NLIC,42,10,50,"1,310.00","65,500.00"
2020-03-03,2020030301032434,NLIC,45,26,412,"1,304.00","537,248.00"
2020-03-03,2020030301032411,NLIC,45,25,22,"1,305.00","28,710.00"
2020-03-03,2020030301032410,NLIC,45,34,228,"1,305.00","297,540.00"
2020-03-03,2020030301032898,NMB,28,45,300,478.00,"143,400.00"
2020-03-03,2020030301032897,NMB,52,45,200,478.00,"95,600.00"
2020-03-03,2020030301032896,NMB,45,45,500,479.00,"239,500.00"
2020-03-03,2020030301032885,NMB,52,58,155,480.00,"74,400.00"
2020-03-03,2020030301032808,NMB,49,58,533,480.00,"255,840.00"
2020-03-03,2020030301032798,NMB,14,6,51,481.00,"24,531.00"
2020-03-03,2020030301032437,NMB,19,1,50,477.00,"23,850.00"
2020-03-03,2020030301032427,NMB,19,45,50,477.00,"23,850.00"
2020-03-03,2020030301032630,NMB,38,51,100,479.00,"47,900.00"
2020-03-03,2020030301032629,NMB,38,16,400,479.00,"191,600.00"
2020-03-03,2020030301032605,NMB,58,50,220,477.00,"104,940.00"
2020-03-03,2020030301032506,NMB,35,58,"2,475",476.00,"1,178,100.00"
2020-03-03,2020030301032505,NMB,53,58,25,477.00,"11,925.00"
2020-03-03,2020030301032504,NMB,6,58,500,477.00,"238,500.00"
2020-03-03,2020030301032797,NMB,14,6,124,481.00,"59,644.00"
2020-03-03,2020030301032769,NMB,11,6,70,481.00,"33,670.00"
2020-03-03,2020030301032731,NMB,49,45,67,480.00,"32,160.00"
2020-03-03,2020030301032730,NMB,49,58,400,480.00,"192,000.00"
2020-03-03,2020030301032679,NMB,5,58,400,480.00,"192,000.00"
2020-03-03,2020030301032654,NMB,5,51,600,479.00,"287,400.00"
2020-03-03,2020030301032502,NTC,34,38,20,678.00,"13,560.00"
2020-03-03,2020030301032445,NTC,53,25,60,668.00,"40,080.00"
2020-03-03,2020030301032399,NTC,48,25,100,671.00,"67,100.00"
2020-03-03,2020030301032405,NTC,1,25,200,668.00,"133,600.00"
2020-03-03,2020030301032404,NTC,47,25,200,668.00,"133,600.00"
2020-03-03,2020030301032403,NTC,52,25,50,668.00,"33,400.00"
2020-03-03,2020030301032402,NTC,4,25,50,668.00,"33,400.00"
2020-03-03,2020030301032401,NTC,56,25,40,671.00,"26,840.00"
2020-03-03,2020030301032400,NTC,53,25,50,671.00,"33,550.00"
2020-03-03,2020030301032889,NUBL,58,5,100,"1,000.00","100,000.00"
2020-03-03,2020030301032875,NUBL,1,10,10,992.00,"9,920.00"
2020-03-03,2020030301032874,NUBL,50,10,50,992.00,"49,600.00"
2020-03-03,2020030301032616,NUBL,25,14,62,990.00,"61,380.00"
2020-03-03,2020030301032615,NUBL,37,14,50,990.00,"49,500.00"
2020-03-03,2020030301032614,NUBL,22,14,278,991.00,"275,498.00"
2020-03-03,2020030301032577,NUBL,22,38,22,991.00,"21,802.00"
2020-03-03,2020030301032576,NUBL,48,38,10,991.00,"9,910.00"
2020-03-03,2020030301032575,NUBL,32,38,10,991.00,"9,910.00"
2020-03-03,2020030301032574,NUBL,50,38,58,991.00,"57,478.00"
2020-03-03,2020030301032809,OHL,14,53,500,474.00,"237,000.00"
2020-03-03,2020030301032762,PCBL,49,34,"1,953",316.00,"617,148.00"
2020-03-03,2020030301032737,PCBL,11,4,157,315.00,"49,455.00"
2020-03-03,2020030301032736,PCBL,19,4,200,315.00,"63,000.00"
2020-03-03,2020030301032735,PCBL,11,4,200,315.00,"63,000.00"
2020-03-03,2020030301032734,PCBL,33,4,10,315.00,"3,150.00"
2020-03-03,2020030301032733,PCBL,13,4,439,315.00,"138,285.00"
2020-03-03,2020030301032486,PCBL,11,28,175,316.00,"55,300.00"
2020-03-03,2020030301032424,PCBL,28,4,494,317.00,"156,598.00"
2020-03-03,2020030301032732,PCBL,6,4,880,315.00,"277,200.00"
2020-03-03,2020030301032703,PCBL,28,34,47,316.00,"14,852.00"
2020-03-03,2020030301032650,PCBL,28,40,953,316.00,"301,148.00"
2020-03-03,2020030301032649,PCBL,45,40,147,316.00,"46,452.00"
2020-03-03,2020030301032572,PCBL,45,56,28,316.00,"8,848.00"
2020-03-03,2020030301032487,PCBL,45,28,325,316.00,"102,700.00"
2020-03-03,2020030301032418,PIC,11,58,118,653.00,"77,054.00"
2020-03-03,2020030301032417,PIC,11,35,50,653.00,"32,650.00"
2020-03-03,2020030301032416,PIC,11,41,32,652.00,"20,864.00"
2020-03-03,2020030301032729,PPCL,58,6,10,122.00,"1,220.00"
2020-03-03,2020030301032887,PRIN,49,6,100,470.00,"47,000.00"
2020-03-03,2020030301032619,PRIN,10,42,500,474.00,"237,000.00"
2020-03-03,2020030301032546,PRIN,32,19,220,469.00,"103,180.00"
2020-03-03,2020030301032522,PRIN,58,39,100,470.00,"47,000.00"
2020-03-03,2020030301032492,PRIN,6,19,280,471.00,"131,880.00"
2020-03-03,2020030301032490,PRIN,6,48,220,471.00,"103,620.00"
2020-03-03,2020030301032489,PRIN,48,48,200,471.00,"94,200.00"
2020-03-03,2020030301032488,PRIN,42,48,80,472.00,"37,760.00"
2020-03-03,2020030301032420,PRIN,42,39,100,472.00,"47,200.00"
2020-03-03,2020030301032882,PRVU,55,33,"2,200",265.00,"583,000.00"
2020-03-03,2020030301032778,PRVU,14,4,210,264.00,"55,440.00"
2020-03-03,2020030301032777,PRVU,59,4,729,264.00,"192,456.00"
2020-03-03,2020030301032450,PRVU,59,19,271,264.00,"71,544.00"
2020-03-03,2020030301032449,PRVU,36,19,42,264.00,"11,088.00"
2020-03-03,2020030301032448,PRVU,6,19,200,264.00,"52,800.00"
2020-03-03,2020030301032447,PRVU,58,19,"1,000",264.00,"264,000.00"
2020-03-03,2020030301032446,PRVU,29,19,287,264.00,"75,768.00"
2020-03-03,2020030301032599,RBCL,6,49,10,"10,800.00","108,000.00"
2020-03-03,2020030301032428,RBCLPO,6,34,10,"9,408.00","94,080.00"
2020-03-03,2020030301032435,RHPC,34,4,35,86.00,"3,010.00"
2020-03-03,2020030301032697,RHPL,34,40,40,164.00,"6,560.00"
2020-03-03,2020030301032891,RLFL,29,38,16,139.00,"2,224.00"
2020-03-03,2020030301032893,RMDC,44,38,100,755.00,"75,500.00"
2020-03-03,2020030301032892,RMDC,44,1,200,755.00,"151,000.00"
2020-03-03,2020030301032628,RMDC,17,21,100,751.00,"75,100.00"
2020-03-03,2020030301032430,RSDC,55,34,50,564.00,"28,200.00"
2020-03-03,2020030301032429,RSDC,55,19,200,563.00,"112,600.00"
2020-03-03,2020030301032708,SABSL,20,48,10,904.00,"9,040.00"
2020-03-03,2020030301032425,SANIMA,33,36,145,387.00,"56,115.00"
2020-03-03,2020030301032784,SBI,16,7,20,524.00,"10,480.00"
2020-03-03,2020030301032738,SBI,16,17,60,522.00,"31,320.00"
2020-03-03,2020030301032709,SBI,16,35,100,520.00,"52,000.00"
2020-03-03,2020030301032563,SBL,44,4,499,336.00,"167,664.00"
2020-03-03,2020030301032562,SBL,14,4,200,337.00,"67,400.00"
2020-03-03,2020030301032561,SBL,35,4,500,337.00,"168,500.00"
2020-03-03,2020030301032560,SBL,11,4,200,337.00,"67,400.00"
2020-03-03,2020030301032559,SBL,49,4,20,337.00,"6,740.00"
2020-03-03,2020030301032558,SBL,59,4,300,337.00,"101,100.00"
2020-03-03,2020030301032557,SBL,32,4,200,337.00,"67,400.00"
2020-03-03,2020030301032556,SBL,56,4,100,337.00,"33,700.00"
2020-03-03,2020030301032717,SCB,41,57,45,746.00,"33,570.00"
2020-03-03,2020030301032716,SCB,34,57,130,746.00,"96,980.00"
2020-03-03,2020030301032636,SCB,8,51,150,749.00,"112,350.00"
2020-03-03,2020030301032521,SCB,34,26,500,746.00,"373,000.00"
2020-03-03,2020030301032491,SCB,34,50,370,746.00,"276,020.00"
2020-03-03,2020030301032687,SHINE,16,4,55,314.00,"17,270.00"
2020-03-03,2020030301032520,SHINE,16,35,99,314.00,"31,086.00"
2020-03-03,2020030301032519,SHINE,18,35,601,314.00,"188,714.00"
2020-03-03,2020030301032814,SHIVM,35,38,151,640.00,"96,640.00"
2020-03-03,2020030301032813,SHIVM,35,51,50,639.00,"31,950.00"
2020-03-03,2020030301032812,SHIVM,35,53,40,639.00,"25,560.00"
2020-03-03,2020030301032786,SHIVM,6,37,100,635.00,"63,500.00"
2020-03-03,2020030301032666,SHIVM,26,53,10,639.00,"6,390.00"
2020-03-03,2020030301032660,SHIVM,55,58,50,634.00,"31,700.00"
2020-03-03,2020030301032659,SHIVM,55,58,200,634.00,"126,800.00"
2020-03-03,2020030301032545,SHIVM,22,37,100,635.00,"63,500.00"
2020-03-03,2020030301032544,SHIVM,35,37,100,635.00,"63,500.00"
2020-03-03,2020030301032479,SHIVM,29,34,500,637.00,"318,500.00"
2020-03-03,2020030301032478,SHIVM,29,41,50,637.00,"31,850.00"
2020-03-03,2020030301032829,SHPC,19,6,500,231.00,"115,500.00"
2020-03-03,2020030301032742,SIC,49,42,500,770.00,"385,000.00"
2020-03-03,2020030301032406,SICL,35,57,50,"1,034.00","51,700.00"
2020-03-03,2020030301032722,SICL,21,6,50,"1,030.00","51,500.00"
2020-03-03,2020030301032721,SICL,49,6,50,"1,030.00","51,500.00"
2020-03-03,2020030301032598,SICL,8,49,150,"1,035.00","155,250.00"
2020-03-03,2020030301032785,SIL,41,44,50,605.00,"30,250.00"
2020-03-03,2020030301032607,SIL,47,32,29,600.00,"17,400.00"
2020-03-03,2020030301032606,SIL,55,32,100,601.00,"60,100.00"
2020-03-03,2020030301032680,SJCL,42,45,10,155.00,"1,550.00"
2020-03-03,2020030301032594,SJCL,6,36,20,156.00,"3,120.00"
2020-03-03,2020030301032593,SJCL,6,37,730,156.00,"113,880.00"
2020-03-03,2020030301032665,SKBBL,45,57,44,"1,154.00","50,776.00"
2020-03-03,2020030301032518,SKBBL,32,21,60,"1,150.00","69,000.00"
2020-03-03,2020030301032485,SKBBL,58,57,436,"1,154.00","503,144.00"
2020-03-03,2020030301032484,SKBBL,58,26,64,"1,154.00","73,856.00"
2020-03-03,2020030301032464,SKBBL,32,51,220,"1,150.00","253,000.00"
2020-03-03,2020030301032463,SKBBL,42,51,200,"1,150.00","230,000.00"
2020-03-03,2020030301032414,SKBBL,55,51,30,"1,150.00","34,500.00"
2020-03-03,2020030301032413,SKBBL,19,51,50,"1,150.00","57,500.00"
2020-03-03,2020030301032825,SLBBL,54,34,150,871.00,"130,650.00"
2020-03-03,2020030301032646,SLBBL,45,34,300,871.00,"261,300.00"
2020-03-03,2020030301032412,SLBBL,34,57,10,880.00,"8,800.00"
2020-03-03,2020030301032613,SLBBL,54,57,190,880.00,"167,200.00"
2020-03-03,2020030301032433,SLBSL,58,48,255,834.00,"212,670.00"
2020-03-03,2020030301032432,SLBSL,11,48,140,835.00,"116,900.00"
2020-03-03,2020030301032532,SLBSL,58,48,36,834.00,"30,024.00"
2020-03-03,2020030301032534,SLBSL,58,48,100,820.00,"82,000.00"
2020-03-03,2020030301032533,SLBSL,6,48,20,832.00,"16,640.00"
2020-03-03,2020030301032719,SLBSL,8,8,10,816.00,"8,160.00"
2020-03-03,2020030301032718,SLBSL,14,8,30,816.00,"24,480.00"
2020-03-03,2020030301032702,SLBSL,11,48,34,818.00,"27,812.00"
2020-03-03,2020030301032704,SLICL,10,52,500,495.00,"247,500.00"
2020-03-03,2020030301032637,SLICL,46,32,144,492.00,"70,848.00"
2020-03-03,2020030301032602,SLICL,56,4,50,491.00,"24,550.00"
2020-03-03,2020030301032601,SLICL,32,4,100,491.00,"49,100.00"
2020-03-03,2020030301032600,SLICL,14,4,350,492.00,"172,200.00"
2020-03-03,2020030301032805,SMFBS,48,29,10,"1,069.00","10,690.00"
2020-03-03,2020030301032592,SMFBS,14,45,10,"1,052.00","10,520.00"
2020-03-03,2020030301032795,SPDL,38,25,15,103.00,"1,545.00"
2020-03-03,2020030301032804,SRBL,45,58,47,275.00,"12,925.00"
2020-03-03,2020030301032553,SRBL,5,28,70,277.00,"19,390.00"
2020-03-03,2020030301032552,SRBL,5,58,234,276.00,"64,584.00"
2020-03-03,2020030301032551,SRBL,5,58,600,275.00,"165,000.00"
2020-03-03,2020030301032550,SRBL,5,33,48,275.00,"13,200.00"
2020-03-03,2020030301032803,UPPER,25,34,450,245.00,"110,250.00"
2020-03-03,2020030301032743,UPPER,49,51,40,242.00,"9,680.00"
2020-03-03,2020030301032698,UPPER,49,45,40,242.00,"9,680.00"
2020-03-03,2020030301032688,UPPER,49,51,40,242.00,"9,680.00"
2020-03-03,2020030301032469,UPPER,49,17,100,242.00,"24,200.00"
2020-03-03,2020030301032409,UPPER,58,51,50,243.00,"12,150.00"
2020-03-03,2020030301032645,UPPER,49,51,50,242.00,"12,100.00"
2020-03-03,2020030301032611,UPPER,25,34,16,245.00,"3,920.00"
2020-03-03,2020030301032610,UPPER,25,48,140,245.00,"34,300.00"
2020-03-03,2020030301032609,UPPER,25,39,293,244.00,"71,492.00"
2020-03-03,2020030301032608,UPPER,25,33,51,244.00,"12,444.00"
2020-03-03,2020030301032543,WOMI,33,50,15,"1,093.00","16,395.00"
2020-03-03,2020030301032542,WOMI,13,50,20,"1,094.00","21,880.00"
2020-03-03,2020030301032541,WOMI,52,50,100,"1,095.00","109,500.00"
2020-03-03,2020030301032540,WOMI,32,50,120,"1,095.00","131,400.00"
2020-03-03,2020030301032539,WOMI,45,50,100,"1,099.00","109,900.00"
2020-03-03,2020030301032538,WOMI,41,50,25,"1,099.00","27,475.00"
2020-03-03,2020030301032537,WOMI,37,50,20,"1,099.00","21,980.00"
2020-03-03,2020030301032431,WOMI,14,42,45,"1,100.00","49,500.00"
2020-03-03,2020030301032244,ADBL,56,49,30,423.00,"12,690.00"
2020-03-03,2020030301032243,ADBL,26,49,170,423.00,"71,910.00"
2020-03-03,2020030301032378,ALBSL,39,40,10,725.00,"7,250.00"
2020-03-03,2020030301031974,ALBSL,39,19,11,725.00,"7,975.00"
2020-03-03,2020030301032316,ALICL,5,34,805,617.00,"496,685.00"
2020-03-03,2020030301032296,ALICL,34,34,100,617.00,"61,700.00"
2020-03-03,2020030301032295,ALICL,38,34,95,617.00,"58,615.00"
2020-03-03,2020030301032265,ALICL,5,33,300,620.00,"186,000.00"
2020-03-03,2020030301031978,ALICL,38,47,100,617.00,"61,700.00"
2020-03-03,2020030301031956,ALICL,38,45,20,617.00,"12,340.00"
2020-03-03,2020030301032254,API,6,57,50,138.00,"6,900.00"
2020-03-03,2020030301032253,API,43,57,150,138.00,"20,700.00"
2020-03-03,2020030301031976,API,6,19,35,138.00,"4,830.00"
2020-03-03,2020030301032328,BOKL,48,53,320,259.00,"82,880.00"
2020-03-03,2020030301032327,BOKL,59,53,100,259.00,"25,900.00"
2020-03-03,2020030301032249,BOKL,36,58,140,260.00,"36,400.00"
2020-03-03,2020030301032248,BOKL,36,28,60,260.00,"15,600.00"
2020-03-03,2020030301031943,BPCL,26,34,82,381.00,"31,242.00"
2020-03-03,2020030301031942,BPCL,45,34,18,381.00,"6,858.00"
2020-03-03,2020030301032208,CBBL,28,34,200,"1,100.00","220,000.00"
2020-03-03,2020030301032207,CBBL,28,42,100,"1,099.00","109,900.00"
2020-03-03,2020030301032121,CBBL,49,52,140,"1,097.00","153,580.00"
2020-03-03,2020030301032074,CBBL,18,19,50,"1,096.00","54,800.00"
2020-03-03,2020030301032024,CBBL,18,6,100,"1,096.00","109,600.00"
2020-03-03,2020030301031998,CBBL,40,59,36,"1,097.00","39,492.00"
2020-03-03,2020030301031932,CBBL,40,37,14,"1,097.00","15,358.00"
2020-03-03,2020030301031931,CBBL,52,37,50,"1,098.00","54,900.00"
2020-03-03,2020030301032277,CBL,43,44,10,155.00,"1,550.00"
2020-03-03,2020030301032278,CCBL,1,13,119,192.00,"22,848.00"
2020-03-03,2020030301032363,CHCL,41,32,300,425.00,"127,500.00"
2020-03-03,2020030301032362,CHCL,36,32,300,425.00,"127,500.00"
2020-03-03,2020030301032361,CHCL,55,32,"1,000",425.00,"425,000.00"
2020-03-03,2020030301032360,CHCL,17,32,200,426.00,"85,200.00"
2020-03-03,2020030301032359,CHCL,29,32,300,426.00,"127,800.00"
2020-03-03,2020030301032358,CHCL,33,32,300,426.00,"127,800.00"
2020-03-03,2020030301032357,CHCL,51,32,300,426.00,"127,800.00"
2020-03-03,2020030301032356,CHCL,41,32,372,426.00,"158,472.00"
2020-03-03,2020030301032303,CIT,5,7,20,"2,800.00","56,000.00"
2020-03-03,2020030301032302,CIT,28,7,123,"2,800.00","344,400.00"
2020-03-03,2020030301032286,CIT,28,26,17,"2,800.00","47,600.00"
2020-03-03,2020030301032285,CIT,43,26,10,"2,800.00","28,000.00"
2020-03-03,2020030301032284,CIT,57,26,13,"2,801.00","36,413.00"
2020-03-03,2020030301032283,CIT,28,26,100,"2,803.00","280,300.00"
2020-03-03,2020030301032002,CIT,45,4,80,"2,812.00","224,960.00"
2020-03-03,2020030301032001,CIT,6,4,70,"2,812.00","196,840.00"
2020-03-03,2020030301031904,CIT,50,17,191,"2,815.00","537,665.00"
2020-03-03,2020030301032282,CIT,26,26,27,"2,803.00","75,681.00"
2020-03-03,2020030301032281,CIT,47,26,50,"2,803.00","140,150.00"
2020-03-03,2020030301032280,CIT,28,26,150,"2,804.00","420,600.00"
2020-03-03,2020030301032279,CIT,5,26,50,"2,807.00","140,350.00"
2020-03-03,2020030301032256,CIT,7,40,100,"2,811.00","281,100.00"
2020-03-03,2020030301032202,CIT,45,51,20,"2,812.00","56,240.00"
2020-03-03,2020030301032310,CLBSL,52,46,90,"1,180.00","106,200.00"
2020-03-03,2020030301032271,CLBSL,58,46,100,"1,180.00","118,000.00"
2020-03-03,2020030301032270,CLBSL,58,46,100,"1,180.00","118,000.00"
2020-03-03,2020030301032269,CLBSL,58,46,40,"1,180.00","47,200.00"
2020-03-03,2020030301032268,CLBSL,22,46,20,"1,181.00","23,620.00"
2020-03-03,2020030301032101,CLBSL,6,6,20,"1,201.00","24,020.00"
2020-03-03,2020030301032197,CMF1,7,16,100,9.80,980.00
2020-03-03,2020030301032351,CZBIL,34,45,10,215.00,"2,150.00"
2020-03-03,2020030301032347,CZBIL,51,50,28,212.00,"5,936.00"
2020-03-03,2020030301032346,CZBIL,43,50,250,212.00,"53,000.00"
2020-03-03,2020030301032345,CZBIL,39,50,50,212.00,"10,600.00"
2020-03-03,2020030301032150,CZBIL,22,33,300,213.00,"63,900.00"
2020-03-03,2020030301032149,CZBIL,36,33,100,213.00,"21,300.00"
2020-03-03,2020030301032148,CZBIL,49,33,131,213.00,"27,903.00"
2020-03-03,2020030301032290,EBL,28,7,680,811.00,"551,480.00"
2020-03-03,2020030301032289,EBL,10,7,220,812.00,"178,640.00"
2020-03-03,2020030301032194,EBL,10,43,500,812.00,"406,000.00"
2020-03-03,2020030301032183,EBL,10,29,50,813.00,"40,650.00"
2020-03-03,2020030301032182,EBL,16,29,18,813.00,"14,634.00"
2020-03-03,2020030301032003,EBL,14,25,100,815.00,"81,500.00"
2020-03-03,2020030301031955,EBL,16,36,10,813.00,"8,130.00"
2020-03-03,2020030301031920,EBL,16,49,211,813.00,"171,543.00"
2020-03-03,2020030301031919,EBL,16,48,761,813.00,"618,693.00"
2020-03-03,2020030301032111,EDBL,50,43,20,409.00,"8,180.00"
2020-03-03,2020030301032036,EIC,48,25,200,438.00,"87,600.00"
2020-03-03,2020030301032035,EIC,48,42,300,435.00,"130,500.00"
2020-03-03,2020030301032389,FMDBL,19,34,250,556.00,"139,000.00"
2020-03-03,2020030301032129,FMDBL,49,39,100,555.00,"55,500.00"
2020-03-03,2020030301032106,FMDBL,36,38,"1,000",558.00,"558,000.00"
2020-03-03,2020030301032105,FMDBL,41,38,100,558.00,"55,800.00"
2020-03-03,2020030301032086,FMDBL,21,39,500,560.00,"280,000.00"
2020-03-03,2020030301032085,FMDBL,6,39,20,560.00,"11,200.00"
2020-03-03,2020030301031961,FMDBL,25,39,200,562.00,"112,400.00"
2020-03-03,2020030301031960,FMDBL,42,39,25,562.00,"14,050.00"
2020-03-03,2020030301031959,FMDBL,28,39,100,563.00,"56,300.00"
2020-03-03,2020030301031958,FMDBL,28,39,100,563.00,"56,300.00"
2020-03-03,2020030301031957,FMDBL,45,39,18,563.00,"10,134.00"
2020-03-03,2020030301031967,FMDBL,52,39,50,560.00,"28,000.00"
2020-03-03,2020030301031966,FMDBL,14,39,50,560.00,"28,000.00"
2020-03-03,2020030301031965,FMDBL,38,39,14,560.00,"7,840.00"
2020-03-03,2020030301031964,FMDBL,1,39,300,561.00,"168,300.00"
2020-03-03,2020030301031963,FMDBL,32,39,100,561.00,"56,100.00"
2020-03-03,2020030301031962,FMDBL,7,39,200,562.00,"112,400.00"
2020-03-03,2020030301032084,FMDBL,35,39,10,560.00,"5,600.00"
2020-03-03,2020030301032081,FMDBL,35,55,161,560.00,"90,160.00"
2020-03-03,2020030301031971,FMDBL,35,39,129,560.00,"72,240.00"
2020-03-03,2020030301031970,FMDBL,39,39,500,560.00,"280,000.00"
2020-03-03,2020030301031969,FMDBL,37,39,100,560.00,"56,000.00"
