Date,Transact. No.,Symbol,Buyer,Seller,Quantity,Rate,Amount
2019-05-12,2019051201007969,ADBL,49,42,10,390.00,"3,900.00"
2019-05-12,2019051201007968,ADBL,49,39,90,390.00,"35,100.00"
2019-05-12,2019051201007894,ADBL,42,39,10,390.00,"3,900.00"
2019-05-12,2019051201007893,ADBL,42,25,60,389.00,"23,340.00"
2019-05-12,2019051201007883,ADBL,17,34,20,388.00,"7,760.00"
2019-05-12,2019051201007853,ADBL,58,14,110,386.00,"42,460.00"
2019-05-12,2019051201007702,ADBL,22,43,100,387.00,"38,700.00"
2019-05-12,2019051201007839,ADBL,51,14,50,386.00,"19,300.00"
2019-05-12,2019051201007831,ADBL,46,14,440,386.00,"169,840.00"
2019-05-12,2019051201007704,ADBL,46,43,560,386.00,"216,160.00"
2019-05-12,2019051201007703,ADBL,49,43,240,386.00,"92,640.00"
2019-05-12,2019051201007793,ALBSL,42,20,20,465.00,"9,300.00"
2019-05-12,2019051201007691,ALBSL,42,20,10,465.00,"4,650.00"
2019-05-12,2019051201007846,ALICL,40,43,100,441.00,"44,100.00"
2019-05-12,2019051201007614,ALICL,6,42,76,443.00,"33,668.00"
2019-05-12,2019051201007613,ALICL,6,28,124,442.00,"54,808.00"
2019-05-12,2019051201007992,BOKL,54,13,17,274.00,"4,658.00"
2019-05-12,2019051201007991,BOKL,22,13,33,274.00,"9,042.00"
2019-05-12,2019051201007987,BOKL,22,25,500,275.00,"137,500.00"
2019-05-12,2019051201007548,BOKL,22,25,100,275.00,"27,500.00"
2019-05-12,2019051201007533,BOKL,22,41,200,275.00,"55,000.00"
2019-05-12,2019051201007532,BOKL,51,41,100,275.00,"27,500.00"
2019-05-12,2019051201007849,CBBL,48,58,86,951.00,"81,786.00"
2019-05-12,2019051201007848,CBBL,22,58,100,952.00,"95,200.00"
2019-05-12,2019051201007847,CBBL,47,58,200,952.00,"190,400.00"
2019-05-12,2019051201007967,CBL,11,19,50,151.00,"7,550.00"
2019-05-12,2019051201007958,CBL,52,51,500,150.00,"75,000.00"
2019-05-12,2019051201007841,CBL,32,19,50,151.00,"7,550.00"
2019-05-12,2019051201007840,CBL,32,40,450,151.00,"67,950.00"
2019-05-12,2019051201007528,CBL,52,52,155,150.00,"23,250.00"
2019-05-12,2019051201007527,CBL,41,52,100,150.00,"15,000.00"
2019-05-12,2019051201007526,CBL,19,52,50,150.00,"7,500.00"
2019-05-12,2019051201007525,CBL,28,52,248,150.00,"37,200.00"
2019-05-12,2019051201007695,CCBL,29,19,65,174.00,"11,310.00"
2019-05-12,2019051201007624,CHCL,26,14,143,525.00,"75,075.00"
2019-05-12,2019051201007623,CHCL,42,14,357,525.00,"187,425.00"
2019-05-12,2019051201007807,CZBIL,11,54,100,225.00,"22,500.00"
2019-05-12,2019051201007678,CZBIL,53,19,330,224.00,"73,920.00"
2019-05-12,2019051201007946,DBBL,10,35,500,133.00,"66,500.00"
2019-05-12,2019051201007837,DDBL,49,52,100,740.00,"74,000.00"
2019-05-12,2019051201007891,EBL,16,45,50,667.00,"33,350.00"
2019-05-12,2019051201007755,EBL,57,16,500,668.00,"334,000.00"
2019-05-12,2019051201007909,EIC,22,58,20,419.00,"8,380.00"
2019-05-12,2019051201007908,EIC,55,58,100,420.00,"42,000.00"
2019-05-12,2019051201007869,EIC,43,58,50,426.00,"21,300.00"
2019-05-12,2019051201007916,FOWAD,43,49,50,"1,546.00","77,300.00"
2019-05-12,2019051201007753,FOWAD,28,57,10,"1,570.00","15,700.00"
2019-05-12,2019051201007752,FOWAD,28,19,20,"1,565.00","31,300.00"
2019-05-12,2019051201007751,FOWAD,28,17,80,"1,564.00","125,120.00"
2019-05-12,2019051201007664,FOWAD,28,16,39,"1,560.00","60,840.00"
2019-05-12,2019051201007589,FOWAD,43,49,15,"1,546.00","23,190.00"
2019-05-12,2019051201007572,GBBL,10,57,713,220.00,"156,860.00"
2019-05-12,2019051201007571,GBBL,4,57,287,220.00,"63,140.00"
2019-05-12,2019051201007904,GBIME,8,33,153,312.00,"47,736.00"
2019-05-12,2019051201007903,GBIME,8,21,60,312.00,"18,720.00"
2019-05-12,2019051201007785,GBIME,52,21,54,312.00,"16,848.00"
2019-05-12,2019051201007588,GBIME,8,50,861,310.00,"266,910.00"
2019-05-12,2019051201007587,GBIME,34,50,139,311.00,"43,229.00"
2019-05-12,2019051201007956,GDBL,58,55,150,205.00,"30,750.00"
2019-05-12,2019051201007638,GDBL,33,26,200,205.00,"41,000.00"
2019-05-12,2019051201007637,GDBL,57,26,60,206.00,"12,360.00"
2019-05-12,2019051201007640,GDBL,44,26,500,205.00,"102,500.00"
2019-05-12,2019051201007639,GDBL,8,26,500,205.00,"102,500.00"
2019-05-12,2019051201007879,GDBL,58,21,795,205.00,"162,975.00"
2019-05-12,2019051201007878,GDBL,17,21,205,205.00,"42,025.00"
2019-05-12,2019051201007829,GILB,37,50,24,"1,285.00","30,840.00"
2019-05-12,2019051201007828,GILB,37,17,19,"1,285.00","24,415.00"
2019-05-12,2019051201007827,GILB,37,21,11,"1,280.00","14,080.00"
2019-05-12,2019051201007826,GILB,37,47,10,"1,279.00","12,790.00"
2019-05-12,2019051201007659,GILB,19,50,10,"1,285.00","12,850.00"
2019-05-12,2019051201007932,HBL,39,45,80,589.00,"47,120.00"
2019-05-12,2019051201007917,HDL,38,57,10,"2,059.00","20,590.00"
2019-05-12,2019051201007683,HDL,38,19,30,"2,055.00","61,650.00"
2019-05-12,2019051201007682,HDL,38,41,10,"2,050.00","20,500.00"
2019-05-12,2019051201007681,HDL,38,17,60,"2,050.00","123,000.00"
2019-05-12,2019051201007680,HDL,38,6,10,"2,040.00","20,400.00"
2019-05-12,2019051201007679,HDL,38,28,50,"2,039.00","101,950.00"
2019-05-12,2019051201007590,HDL,38,14,10,"2,018.00","20,180.00"
2019-05-12,2019051201007674,HGI,41,41,20,392.00,"7,840.00"
2019-05-12,2019051201007673,HGI,45,41,20,392.00,"7,840.00"
2019-05-12,2019051201007989,HIDCL,14,5,10,146.00,"1,460.00"
2019-05-12,2019051201007875,HIDCL,59,5,10,144.00,"1,440.00"
2019-05-12,2019051201007832,HIDCL,48,44,11,142.00,"1,562.00"
2019-05-12,2019051201007636,HIDCL,14,36,471,143.00,"67,353.00"
2019-05-12,2019051201007592,HIDCL,52,36,100,143.00,"14,300.00"
2019-05-12,2019051201007545,HIDCL,14,25,61,145.00,"8,845.00"
2019-05-12,2019051201007544,HIDCL,14,43,444,145.00,"64,380.00"
2019-05-12,2019051201007543,HIDCL,14,40,340,144.00,"48,960.00"
2019-05-12,2019051201007542,HIDCL,14,47,51,144.00,"7,344.00"
2019-05-12,2019051201007980,IGI,7,38,10,425.00,"4,250.00"
2019-05-12,2019051201007519,IGI,50,34,90,418.00,"37,620.00"
2019-05-12,2019051201007518,IGI,41,34,10,419.00,"4,190.00"
2019-05-12,2019051201007836,IGI,45,38,12,425.00,"5,100.00"
2019-05-12,2019051201007835,IGI,45,57,88,425.00,"37,400.00"
2019-05-12,2019051201007825,JBBL,46,57,10,141.00,"1,410.00"
2019-05-12,2019051201007960,JBNL,38,17,300,204.00,"61,200.00"
2019-05-12,2019051201007598,JBNL,6,17,500,204.00,"102,000.00"
2019-05-12,2019051201007743,JSLBB,16,7,50,"2,077.00","103,850.00"
2019-05-12,2019051201007955,KBBL,22,43,44,223.00,"9,812.00"
2019-05-12,2019051201007943,KBL,8,48,200,221.00,"44,200.00"
2019-05-12,2019051201007912,KBL,17,48,100,221.00,"22,100.00"
2019-05-12,2019051201007758,KBL,11,48,100,221.00,"22,100.00"
2019-05-12,2019051201007586,KBL,34,19,200,220.00,"44,000.00"
2019-05-12,2019051201007833,KMCDB,25,33,30,710.00,"21,300.00"
2019-05-12,2019051201007800,KMCDB,19,33,30,714.00,"21,420.00"
2019-05-12,2019051201007862,KNBL,34,35,10,131.00,"1,310.00"
2019-05-12,2019051201007617,KNBL,42,56,10,133.00,"1,330.00"
2019-05-12,2019051201007577,KNBL,34,56,10,133.00,"1,330.00"
2019-05-12,2019051201007658,KPCL,56,16,10,93.00,930.00
2019-05-12,2019051201007892,LBBL,33,4,500,193.00,"96,500.00"
2019-05-12,2019051201007693,LBBL,33,35,100,193.00,"19,300.00"
2019-05-12,2019051201007692,LBBL,33,4,750,193.00,"144,750.00"
2019-05-12,2019051201007794,LBL,48,19,"1,000",225.00,"225,000.00"
2019-05-12,2019051201007634,LBL,11,45,100,226.00,"22,600.00"
2019-05-12,2019051201007778,LGIL,35,35,50,520.00,"26,000.00"
2019-05-12,2019051201007997,LICN,40,32,40,"1,900.00","76,000.00"
2019-05-12,2019051201007911,LICN,28,32,10,"1,900.00","19,000.00"
2019-05-12,2019051201007608,LICN,44,44,62,"1,895.00","117,490.00"
2019-05-12,2019051201007795,LLBS,45,46,14,778.00,"10,892.00"
2019-05-12,2019051201007761,LLBS,18,40,24,785.00,"18,840.00"
2019-05-12,2019051201007656,MBL,50,14,36,266.00,"9,576.00"
2019-05-12,2019051201007644,MBL,50,19,363,266.00,"96,558.00"
2019-05-12,2019051201007643,MBL,49,19,377,266.00,"100,282.00"
2019-05-12,2019051201007986,MEGA,56,44,"1,950",192.00,"374,400.00"
2019-05-12,2019051201007982,MEGA,53,18,158,190.00,"30,020.00"
2019-05-12,2019051201007964,MEGA,56,18,"1,000",191.00,"191,000.00"
2019-05-12,2019051201007963,MEGA,29,18,"1,000",191.00,"191,000.00"
2019-05-12,2019051201007962,MEGA,49,18,200,191.00,"38,200.00"
2019-05-12,2019051201007961,MEGA,51,18,642,191.00,"122,622.00"
2019-05-12,2019051201007575,MEGA,58,45,50,191.00,"9,550.00"
2019-05-12,2019051201007796,MEGA,6,18,"1,732",191.00,"330,812.00"
2019-05-12,2019051201007609,MEGA,45,44,50,192.00,"9,600.00"
2019-05-12,2019051201007601,MEGA,6,19,768,191.00,"146,688.00"
2019-05-12,2019051201007600,MEGA,34,19,"2,000",191.00,"382,000.00"
2019-05-12,2019051201007599,MEGA,58,19,232,191.00,"44,312.00"
2019-05-12,2019051201007585,MEGA,6,44,500,192.00,"96,000.00"
2019-05-12,2019051201007949,MEGA,38,44,200,192.00,"38,400.00"
2019-05-12,2019051201007915,MEGA,38,44,200,192.00,"38,400.00"
2019-05-12,2019051201007898,MEGA,35,44,100,192.00,"19,200.00"
2019-05-12,2019051201007799,MEGA,51,18,358,191.00,"68,378.00"
2019-05-12,2019051201007798,MEGA,5,18,300,191.00,"57,300.00"
2019-05-12,2019051201007797,MEGA,41,18,100,191.00,"19,100.00"
2019-05-12,2019051201007660,MERO,26,59,36,642.00,"23,112.00"
2019-05-12,2019051201007561,MERO,26,47,100,642.00,"64,200.00"
2019-05-12,2019051201007560,MERO,26,41,30,640.00,"19,200.00"
2019-05-12,2019051201007559,MERO,26,37,16,639.00,"10,224.00"
2019-05-12,2019051201007558,MERO,26,26,30,638.00,"19,140.00"
2019-05-12,2019051201007859,MLBL,33,16,"1,000",189.00,"189,000.00"
2019-05-12,2019051201007858,MLBL,33,40,463,189.00,"87,507.00"
2019-05-12,2019051201007865,MMFDB,35,25,100,910.00,"91,000.00"
2019-05-12,2019051201007864,MMFDB,42,25,100,910.00,"91,000.00"
2019-05-12,2019051201007863,MMFDB,47,25,50,910.00,"45,500.00"
2019-05-12,2019051201008004,MNBBL,49,49,"3,000",377.00,"1,131,000.00"
2019-05-12,2019051201007927,MNBBL,16,38,157,381.00,"59,817.00"
2019-05-12,2019051201007871,MNBBL,29,38,243,381.00,"92,583.00"
2019-05-12,2019051201007870,MNBBL,29,38,"1,000",380.00,"380,000.00"
2019-05-12,2019051201007701,MNBBL,59,49,"2,000",380.00,"760,000.00"
2019-05-12,2019051201007700,MNBBL,59,35,50,380.00,"19,000.00"
2019-05-12,2019051201007783,NABILP,7,49,10,820.00,"8,200.00"
2019-05-12,2019051201007983,NADEP,13,8,60,504.00,"30,240.00"
2019-05-12,2019051201007671,NADEP,13,16,20,504.00,"10,080.00"
2019-05-12,2019051201007777,NBB,42,39,190,226.00,"42,940.00"
2019-05-12,2019051201007776,NBB,56,39,110,226.00,"24,860.00"
2019-05-12,2019051201007615,NBB,11,4,100,227.00,"22,700.00"
2019-05-12,2019051201007934,NBBL,11,25,40,599.00,"23,960.00"
2019-05-12,2019051201007933,NBBL,11,18,10,599.00,"5,990.00"
2019-05-12,2019051201008003,NBL,33,4,110,310.00,"34,100.00"
2019-05-12,2019051201007990,NBL,33,4,100,310.00,"31,000.00"
2019-05-12,2019051201007564,NBL,4,7,300,309.00,"92,700.00"
2019-05-12,2019051201007549,NBL,4,7,"2,000",309.00,"618,000.00"
2019-05-12,2019051201007539,NBL,13,4,100,310.00,"31,000.00"
2019-05-12,2019051201007538,NBL,13,43,400,310.00,"124,000.00"
2019-05-12,2019051201007537,NBL,4,46,"1,000",309.00,"309,000.00"
2019-05-12,2019051201007521,NBL,13,43,100,310.00,"31,000.00"
2019-05-12,2019051201007520,NBL,13,46,100,310.00,"31,000.00"
2019-05-12,2019051201007999,NCCB,58,25,50,246.00,"12,300.00"
2019-05-12,2019051201007953,NCCB,50,25,500,246.00,"123,000.00"
2019-05-12,2019051201007856,NGPL,1,33,25,117.00,"2,925.00"
2019-05-12,2019051201007947,NHDL,34,41,20,146.00,"2,920.00"
2019-05-12,2019051201007557,NHDL,34,41,20,144.00,"2,880.00"
2019-05-12,2019051201007612,NHPC,56,41,50,67.00,"3,350.00"
2019-05-12,2019051201007984,NIB,14,57,500,548.00,"274,000.00"
2019-05-12,2019051201007804,NIB,1,45,38,545.00,"20,710.00"
2019-05-12,2019051201007803,NIB,6,45,70,545.00,"38,150.00"
2019-05-12,2019051201007802,NIB,50,45,100,546.00,"54,600.00"
2019-05-12,2019051201007801,NIB,51,45,52,546.00,"28,392.00"
2019-05-12,2019051201007750,NIB,51,54,129,546.00,"70,434.00"
2019-05-12,2019051201007749,NIB,17,54,123,547.00,"67,281.00"
2019-05-12,2019051201007741,NIB,17,34,52,547.00,"28,444.00"
2019-05-12,2019051201007676,NIB,17,34,60,547.00,"32,820.00"
2019-05-12,2019051201007662,NIB,38,34,800,547.00,"437,600.00"
2019-05-12,2019051201007611,NIB,51,19,19,546.00,"10,374.00"
2019-05-12,2019051201008010,NICA,48,52,69,498.00,"34,362.00"
2019-05-12,2019051201008009,NICA,48,38,300,498.00,"149,400.00"
2019-05-12,2019051201008008,NICA,48,11,151,498.00,"75,198.00"
2019-05-12,2019051201008007,NICA,48,28,380,498.00,"189,240.00"
2019-05-12,2019051201008006,NICA,48,25,100,497.00,"49,700.00"
2019-05-12,2019051201007965,NICA,53,25,200,497.00,"99,400.00"
2019-05-12,2019051201007731,NICA,58,51,255,493.00,"125,715.00"
2019-05-12,2019051201007730,NICA,58,25,400,492.00,"196,800.00"
2019-05-12,2019051201007536,NICA,28,25,49,492.00,"24,108.00"
2019-05-12,2019051201007517,NICA,32,51,245,493.00,"120,785.00"
2019-05-12,2019051201007516,NICA,32,32,55,493.00,"27,115.00"
2019-05-12,2019051201007737,NICA,58,34,"1,000",494.00,"494,000.00"
2019-05-12,2019051201007736,NICA,58,38,300,494.00,"148,200.00"
2019-05-12,2019051201007735,NICA,58,54,382,494.00,"188,708.00"
2019-05-12,2019051201007734,NICA,58,25,100,493.00,"49,300.00"
2019-05-12,2019051201007733,NICA,58,6,400,493.00,"197,200.00"
2019-05-12,2019051201007732,NICA,58,41,100,493.00,"49,300.00"
2019-05-12,2019051201007772,NICA,58,19,616,495.00,"304,920.00"
2019-05-12,2019051201007771,NICA,58,42,100,495.00,"49,500.00"
2019-05-12,2019051201007770,NICA,58,55,37,495.00,"18,315.00"
2019-05-12,2019051201007740,NICA,58,55,963,495.00,"476,685.00"
2019-05-12,2019051201007739,NICA,58,40,100,495.00,"49,500.00"
2019-05-12,2019051201007738,NICA,58,46,"1,000",495.00,"495,000.00"
2019-05-12,2019051201007936,NICA,26,28,20,498.00,"9,960.00"
2019-05-12,2019051201007928,NICA,58,28,500,497.00,"248,500.00"
2019-05-12,2019051201007887,NICA,53,41,500,496.00,"248,000.00"
2019-05-12,2019051201007861,NICA,26,14,17,496.00,"8,432.00"
2019-05-12,2019051201007809,NICA,28,45,50,492.00,"24,600.00"
2019-05-12,2019051201007773,NICA,58,42,100,495.00,"49,500.00"
2019-05-12,2019051201007706,NICL,45,34,300,399.00,"119,700.00"
2019-05-12,2019051201007684,NICL,25,34,30,399.00,"11,970.00"
2019-05-12,2019051201007977,NIL,39,46,430,527.00,"226,610.00"
2019-05-12,2019051201007976,NIL,39,6,70,527.00,"36,890.00"
2019-05-12,2019051201007945,NIL,44,44,"1,850",526.00,"973,100.00"
2019-05-12,2019051201007935,NIL,19,32,235,525.00,"123,375.00"
2019-05-12,2019051201007902,NIL,51,32,265,525.00,"139,125.00"
2019-05-12,2019051201007901,NIL,51,50,35,525.00,"18,375.00"
2019-05-12,2019051201007591,NIL,34,32,100,525.00,"52,500.00"
2019-05-12,2019051201007541,NIL,52,32,200,525.00,"105,000.00"
2019-05-12,2019051201007874,NIL,13,50,100,525.00,"52,500.00"
2019-05-12,2019051201007868,NIL,13,50,100,525.00,"52,500.00"
2019-05-12,2019051201007661,NIL,35,50,200,525.00,"105,000.00"
2019-05-12,2019051201007657,NIL,37,44,150,526.00,"78,900.00"
2019-05-12,2019051201007595,NIL,35,32,100,525.00,"52,500.00"
2019-05-12,2019051201007593,NIL,29,32,100,525.00,"52,500.00"
2019-05-12,2019051201007697,NLBBL,55,14,100,533.00,"53,300.00"
2019-05-12,2019051201007907,NLIC,57,55,91,958.00,"87,178.00"
2019-05-12,2019051201007906,NLIC,14,55,15,958.00,"14,370.00"
2019-05-12,2019051201007905,NLIC,49,55,114,960.00,"109,440.00"
2019-05-12,2019051201007852,NLIC,49,45,86,960.00,"82,560.00"
2019-05-12,2019051201007851,NLIC,14,45,35,960.00,"33,600.00"
2019-05-12,2019051201007775,NLIC,6,14,49,965.00,"47,285.00"
2019-05-12,2019051201007642,NLIC,6,45,17,965.00,"16,405.00"
2019-05-12,2019051201007629,NLIC,6,55,100,965.00,"96,500.00"
2019-05-12,2019051201007628,NLIC,6,42,34,963.00,"32,742.00"
2019-05-12,2019051201007626,NLIC,14,6,15,960.00,"14,400.00"
2019-05-12,2019051201007625,NLIC,1,6,28,960.00,"26,880.00"
2019-05-12,2019051201007596,NLIC,48,42,50,963.00,"48,150.00"
2019-05-12,2019051201007747,NLICL,35,44,100,669.00,"66,900.00"
2019-05-12,2019051201007534,NLICL,22,49,100,667.00,"66,700.00"
2019-05-12,2019051201007881,NMB,16,22,300,381.00,"114,300.00"
2019-05-12,2019051201007872,NMB,16,49,200,381.00,"76,200.00"
2019-05-12,2019051201007860,NMB,50,6,100,382.00,"38,200.00"
2019-05-12,2019051201007834,NMB,16,45,350,381.00,"133,350.00"
2019-05-12,2019051201007784,NMB,25,45,"1,000",381.00,"381,000.00"
2019-05-12,2019051201007759,NMB,44,38,153,380.00,"58,140.00"
2019-05-12,2019051201007993,NMBHF1,43,20,"10,000",9.53,"95,300.00"
2019-05-12,2019051201007877,NMFBS,57,44,12,"1,691.00","20,292.00"
2019-05-12,2019051201007641,NMFBS,33,58,22,"1,725.00","37,950.00"
2019-05-12,2019051201007622,NMFBS,33,5,12,"1,720.00","20,640.00"
2019-05-12,2019051201007985,NTC,11,34,20,701.00,"14,020.00"
2019-05-12,2019051201007959,NUBL,6,34,100,863.00,"86,300.00"
2019-05-12,2019051201008005,OHL,4,16,10,631.00,"6,310.00"
2019-05-12,2019051201007998,OHL,57,33,10,624.00,"6,240.00"
2019-05-12,2019051201007996,OHL,59,16,20,631.00,"12,620.00"
2019-05-12,2019051201007981,OHL,50,16,10,631.00,"6,310.00"
2019-05-12,2019051201007950,OHL,58,16,20,631.00,"12,620.00"
2019-05-12,2019051201007530,OHL,49,45,19,625.00,"11,875.00"
2019-05-12,2019051201007698,OHL,49,49,81,625.00,"50,625.00"
2019-05-12,2019051201007721,OHL,45,5,85,630.00,"53,550.00"
2019-05-12,2019051201007720,OHL,45,41,100,630.00,"63,000.00"
2019-05-12,2019051201007719,OHL,45,56,179,629.00,"112,591.00"
2019-05-12,2019051201007718,OHL,45,43,115,628.00,"72,220.00"
2019-05-12,2019051201007717,OHL,45,46,300,627.00,"188,100.00"
2019-05-12,2019051201007716,OHL,45,49,19,625.00,"11,875.00"
2019-05-12,2019051201007727,OHL,45,43,500,631.00,"315,500.00"
2019-05-12,2019051201007726,OHL,45,4,500,630.00,"315,000.00"
2019-05-12,2019051201007725,OHL,45,47,115,630.00,"72,450.00"
2019-05-12,2019051201007724,OHL,45,47,121,630.00,"76,230.00"
2019-05-12,2019051201007723,OHL,45,44,100,630.00,"63,000.00"
2019-05-12,2019051201007722,OHL,45,22,36,630.00,"22,680.00"
2019-05-12,2019051201007811,OHL,42,33,10,623.00,"6,230.00"
2019-05-12,2019051201007769,OHL,45,33,30,631.00,"18,930.00"
2019-05-12,2019051201007728,OHL,45,34,300,631.00,"189,300.00"
2019-05-12,2019051201007988,PCBL,43,50,170,355.00,"60,350.00"
2019-05-12,2019051201007954,PCBL,43,49,100,354.00,"35,400.00"
2019-05-12,2019051201007876,PCBL,11,50,50,355.00,"17,750.00"
2019-05-12,2019051201007687,PCBL,7,50,780,355.00,"276,900.00"
2019-05-12,2019051201007686,PCBL,7,1,100,355.00,"35,500.00"
2019-05-12,2019051201007685,PCBL,7,6,120,355.00,"42,600.00"
2019-05-12,2019051201007627,PCBL,43,52,500,354.00,"177,000.00"
2019-05-12,2019051201008012,PIC,7,58,100,"1,280.00","128,000.00"
2019-05-12,2019051201008011,PIC,38,58,100,"1,280.00","128,000.00"
2019-05-12,2019051201007966,PIC,38,6,500,"1,281.00","640,500.00"
2019-05-12,2019051201007942,PIC,45,6,15,"1,281.00","19,215.00"
2019-05-12,2019051201007941,PIC,28,6,100,"1,281.00","128,100.00"
2019-05-12,2019051201007940,PIC,38,6,20,"1,281.00","25,620.00"
2019-05-12,2019051201007574,PIC,48,17,10,"1,271.00","12,710.00"
2019-05-12,2019051201007563,PIC,42,14,100,"1,279.00","127,900.00"
2019-05-12,2019051201007535,PIC,38,5,10,"1,279.00","12,790.00"
2019-05-12,2019051201007672,PIC,21,58,100,"1,279.00","127,900.00"
2019-05-12,2019051201007655,PIC,38,11,75,"1,275.00","95,625.00"
2019-05-12,2019051201007654,PIC,38,42,50,"1,278.00","63,900.00"
2019-05-12,2019051201007653,PIC,38,19,150,"1,277.00","191,550.00"
2019-05-12,2019051201007645,PIC,7,19,50,"1,277.00","63,850.00"
2019-05-12,2019051201007620,PIC,34,34,1,"1,246.00","1,246.00"
2019-05-12,2019051201007756,PIC,38,33,100,"1,279.00","127,900.00"
2019-05-12,2019051201007754,PIC,38,33,30,"1,279.00","38,370.00"
2019-05-12,2019051201007748,PIC,38,50,200,"1,279.00","255,800.00"
2019-05-12,2019051201007742,PIC,22,1,50,"1,280.00","64,000.00"
2019-05-12,2019051201007729,PIC,22,18,41,"1,280.00","52,480.00"
2019-05-12,2019051201007705,PIC,52,58,400,"1,279.00","511,600.00"
2019-05-12,2019051201007768,PIC,38,17,21,"1,280.00","26,880.00"
2019-05-12,2019051201007767,PIC,38,17,20,"1,280.00","25,600.00"
2019-05-12,2019051201007766,PIC,38,48,10,"1,280.00","12,800.00"
2019-05-12,2019051201007765,PIC,38,42,11,"1,280.00","14,080.00"
2019-05-12,2019051201007764,PIC,38,1,150,"1,280.00","192,000.00"
2019-05-12,2019051201007763,PIC,38,37,100,"1,280.00","128,000.00"
2019-05-12,2019051201007790,PIC,39,39,125,"1,281.00","160,125.00"
2019-05-12,2019051201007789,PIC,39,48,26,"1,281.00","33,306.00"
2019-05-12,2019051201007788,PIC,39,41,172,"1,281.00","220,332.00"
2019-05-12,2019051201007787,PIC,39,7,77,"1,281.00","98,637.00"
2019-05-12,2019051201007786,PIC,39,37,100,"1,281.00","128,100.00"
2019-05-12,2019051201007774,PIC,22,48,74,"1,281.00","94,794.00"
2019-05-12,2019051201007939,PIC,25,6,100,"1,281.00","128,100.00"
2019-05-12,2019051201007938,PIC,28,6,100,"1,281.00","128,100.00"
2019-05-12,2019051201007937,PIC,38,6,500,"1,281.00","640,500.00"
2019-05-12,2019051201007913,PIC,38,1,200,"1,281.00","256,200.00"
2019-05-12,2019051201007806,PIC,38,53,20,"1,281.00","25,620.00"
2019-05-12,2019051201007805,PIC,38,39,76,"1,281.00","97,356.00"
2019-05-12,2019051201008013,PICL,59,42,807,753.00,"607,671.00"
2019-05-12,2019051201007957,PICL,38,48,50,759.00,"37,950.00"
2019-05-12,2019051201007888,PICL,1,48,50,759.00,"37,950.00"
2019-05-12,2019051201007880,PICL,57,1,200,760.00,"152,000.00"
2019-05-12,2019051201007850,PICL,7,1,300,760.00,"228,000.00"
2019-05-12,2019051201007818,PICL,7,1,267,760.00,"202,920.00"
2019-05-12,2019051201007817,PICL,7,53,170,759.00,"129,030.00"
2019-05-12,2019051201007816,PICL,7,22,63,759.00,"47,817.00"
2019-05-12,2019051201007757,PICL,5,34,150,757.00,"113,550.00"
2019-05-12,2019051201007524,PICL,50,22,137,759.00,"103,983.00"
2019-05-12,2019051201007523,PICL,50,22,206,759.00,"156,354.00"
2019-05-12,2019051201007522,PICL,50,38,157,759.00,"119,163.00"
2019-05-12,2019051201007760,PLIC,46,48,80,486.00,"38,880.00"
2019-05-12,2019051201007873,PMHPL,59,44,14,115.00,"1,610.00"
2019-05-12,2019051201007857,PMHPL,59,43,10,115.00,"1,150.00"
2019-05-12,2019051201007838,PMHPL,59,43,10,115.00,"1,150.00"
2019-05-12,2019051201007812,PMHPL,59,43,10,115.00,"1,150.00"
2019-05-12,2019051201007791,PMHPL,59,43,10,115.00,"1,150.00"
2019-05-12,2019051201007696,PMHPL,59,16,10,115.00,"1,150.00"
2019-05-12,2019051201007556,PMHPL,59,33,10,115.00,"1,150.00"
2019-05-12,2019051201007910,PRIN,40,51,200,423.00,"84,600.00"
2019-05-12,2019051201007882,PRIN,40,51,100,423.00,"42,300.00"
2019-05-12,2019051201007677,PRIN,35,51,100,423.00,"42,300.00"
2019-05-12,2019051201007616,PRIN,45,47,100,422.00,"42,200.00"
2019-05-12,2019051201007565,PRVU,38,19,150,281.00,"42,150.00"
2019-05-12,2019051201007632,PRVU,50,8,100,281.00,"28,100.00"
2019-05-12,2019051201007597,PRVU,50,19,34,281.00,"9,554.00"
2019-05-12,2019051201007567,PRVU,50,19,650,281.00,"182,650.00"
2019-05-12,2019051201007566,PRVU,14,19,200,281.00,"56,200.00"
2019-05-12,2019051201007689,PRVU,50,54,10,281.00,"2,810.00"
2019-05-12,2019051201007652,PRVU,50,13,100,281.00,"28,100.00"
2019-05-12,2019051201007650,PRVU,50,46,490,281.00,"137,690.00"
2019-05-12,2019051201007929,PRVU,56,19,800,282.00,"225,600.00"
2019-05-12,2019051201007922,RADHI,5,48,11,160.00,"1,760.00"
2019-05-12,2019051201007582,RBCL,16,28,10,"10,000.00","100,000.00"
2019-05-12,2019051201007581,RBCL,16,5,10,"10,000.00","100,000.00"
2019-05-12,2019051201007580,RBCL,16,6,10,"10,000.00","100,000.00"
2019-05-12,2019051201007579,RBCL,16,34,10,"9,999.00","99,990.00"
2019-05-12,2019051201007578,RBCL,16,57,10,"9,998.00","99,980.00"
2019-05-12,2019051201007808,RLFL,7,33,40,122.00,"4,880.00"
2019-05-12,2019051201007886,SADBL,17,41,50,150.00,"7,500.00"
2019-05-12,2019051201007885,SADBL,17,55,100,150.00,"15,000.00"
2019-05-12,2019051201007884,SADBL,17,5,50,150.00,"7,500.00"
2019-05-12,2019051201007897,SANIMA,14,6,"1,290",357.00,"460,530.00"
2019-05-12,2019051201007843,SANIMA,28,6,70,356.00,"24,920.00"
2019-05-12,2019051201007631,SANIMA,28,19,100,356.00,"35,600.00"
2019-05-12,2019051201007815,SBI,36,16,248,487.00,"120,776.00"
2019-05-12,2019051201007814,SBI,36,33,104,487.00,"50,648.00"
2019-05-12,2019051201007813,SBI,36,56,684,485.00,"331,740.00"
2019-05-12,2019051201007669,SBI,49,56,50,485.00,"24,250.00"
2019-05-12,2019051201007944,SBL,48,44,"4,530",340.00,"1,540,200.00"
2019-05-12,2019051201007914,SBL,11,44,50,340.00,"17,000.00"
2019-05-12,2019051201007633,SBL,42,13,100,339.00,"33,900.00"
2019-05-12,2019051201007594,SBL,55,44,420,340.00,"142,800.00"
2019-05-12,2019051201007573,SBL,55,50,80,340.00,"27,200.00"
2019-05-12,2019051201007707,SCB,4,48,100,689.00,"68,900.00"
2019-05-12,2019051201007547,SDESI,43,19,17,622.00,"10,574.00"
2019-05-12,2019051201007546,SDESI,1,19,10,623.00,"6,230.00"
2019-05-12,2019051201007515,SDESI,1,19,40,623.00,"24,920.00"
2019-05-12,2019051201007668,SHINE,39,7,30,250.00,"7,500.00"
2019-05-12,2019051201007667,SHINE,39,43,14,250.00,"3,500.00"
2019-05-12,2019051201007666,SHINE,39,26,350,249.00,"87,150.00"
2019-05-12,2019051201007665,SHINE,39,17,200,248.00,"49,600.00"
2019-05-12,2019051201007792,SHIVM,14,42,100,452.00,"45,200.00"
2019-05-12,2019051201007568,SHIVM,14,22,20,452.00,"9,040.00"
2019-05-12,2019051201007714,SHL,26,55,100,243.00,"24,300.00"
2019-05-12,2019051201007713,SHL,26,32,500,243.00,"121,500.00"
2019-05-12,2019051201007712,SHL,26,42,220,243.00,"53,460.00"
2019-05-12,2019051201007711,SHL,26,14,280,243.00,"68,040.00"
2019-05-12,2019051201007710,SHL,26,51,900,242.00,"217,800.00"
2019-05-12,2019051201007688,SHL,47,51,100,242.00,"24,200.00"
2019-05-12,2019051201007663,SHL,50,44,"1,000",242.00,"242,000.00"
2019-05-12,2019051201007605,SHL,50,17,100,242.00,"24,200.00"
2019-05-12,2019051201007604,SHL,50,44,"1,000",242.00,"242,000.00"
2019-05-12,2019051201007603,SHL,50,13,138,241.00,"33,258.00"
2019-05-12,2019051201007602,SHL,50,13,189,241.00,"45,549.00"
2019-05-12,2019051201007651,SHPC,22,41,152,260.00,"39,520.00"
2019-05-12,2019051201007978,SIC,28,40,40,"1,581.00","63,240.00"
2019-05-12,2019051201007931,SIC,11,43,74,"1,580.00","116,920.00"
2019-05-12,2019051201007930,SIC,1,43,30,"1,580.00","47,400.00"
2019-05-12,2019051201007921,SIC,42,6,180,"1,577.00","283,860.00"
2019-05-12,2019051201007920,SIC,1,6,100,"1,578.00","157,800.00"
2019-05-12,2019051201007919,SIC,13,6,20,"1,578.00","31,560.00"
2019-05-12,2019051201007531,SIC,6,40,50,"1,582.00","79,100.00"
2019-05-12,2019051201007745,SIC,13,53,180,"1,580.00","284,400.00"
2019-05-12,2019051201007744,SIC,6,53,50,"1,582.00","79,100.00"
2019-05-12,2019051201007709,SIC,16,40,24,"1,583.00","37,992.00"
2019-05-12,2019051201007708,SIC,16,43,26,"1,583.00","41,158.00"
2019-05-12,2019051201007675,SIC,22,43,50,"1,583.00","79,150.00"
2019-05-12,2019051201007606,SIC,6,5,100,"1,582.00","158,200.00"
2019-05-12,2019051201007918,SIC,38,6,50,"1,578.00","78,900.00"
2019-05-12,2019051201007896,SIC,35,43,10,"1,580.00","15,800.00"
2019-05-12,2019051201007895,SIC,17,43,30,"1,580.00","47,400.00"
2019-05-12,2019051201007830,SIC,42,40,20,"1,581.00","31,620.00"
2019-05-12,2019051201007810,SIC,54,40,100,"1,581.00","158,100.00"
2019-05-12,2019051201007746,SIC,17,53,170,"1,580.00","268,600.00"
2019-05-12,2019051201007842,SICL,35,34,50,893.00,"44,650.00"
2019-05-12,2019051201007576,SICL,19,19,40,890.00,"35,600.00"
2019-05-12,2019051201007552,SICL,59,36,22,890.00,"19,580.00"
2019-05-12,2019051201007551,SICL,51,36,100,891.00,"89,100.00"
2019-05-12,2019051201007550,SICL,19,36,65,892.00,"57,980.00"
2019-05-12,2019051201007555,SICL,19,36,100,890.00,"89,000.00"
2019-05-12,2019051201007554,SICL,52,36,100,890.00,"89,000.00"
2019-05-12,2019051201007553,SICL,38,36,10,890.00,"8,900.00"
2019-05-12,2019051201007649,SIL,25,22,13,628.00,"8,164.00"
2019-05-12,2019051201007648,SIL,25,17,27,625.00,"16,875.00"
2019-05-12,2019051201007647,SIL,25,34,50,624.00,"31,200.00"
2019-05-12,2019051201007699,SINDU,29,14,100,129.00,"12,900.00"
2019-05-12,2019051201007540,SKBBL,57,54,17,"1,005.00","17,085.00"
2019-05-12,2019051201007948,SLBBL,29,22,70,490.00,"34,300.00"
2019-05-12,2019051201007782,SLBBL,14,22,30,490.00,"14,700.00"
2019-05-12,2019051201007690,SLBBL,42,35,100,499.00,"49,900.00"
2019-05-12,2019051201007694,SLBSL,33,25,60,590.00,"35,400.00"
2019-05-12,2019051201007995,SLICL,5,39,50,607.00,"30,350.00"
2019-05-12,2019051201007994,SLICL,5,5,50,607.00,"30,350.00"
2019-05-12,2019051201007975,SLICL,44,51,481,606.00,"291,486.00"
2019-05-12,2019051201007974,SLICL,44,41,14,605.00,"8,470.00"
2019-05-12,2019051201007973,SLICL,44,17,500,605.00,"302,500.00"
2019-05-12,2019051201007972,SLICL,44,29,54,605.00,"32,670.00"
2019-05-12,2019051201007844,SLICL,58,49,30,602.00,"18,060.00"
2019-05-12,2019051201007670,SLICL,58,55,400,602.00,"240,800.00"
2019-05-12,2019051201007570,SLICL,58,34,70,602.00,"42,140.00"
2019-05-12,2019051201007569,SLICL,42,34,30,602.00,"18,060.00"
2019-05-12,2019051201007971,SLICL,44,29,54,605.00,"32,670.00"
2019-05-12,2019051201007970,SLICL,44,42,328,605.00,"198,440.00"
2019-05-12,2019051201007926,SLICL,53,59,50,604.00,"30,200.00"
2019-05-12,2019051201007855,SLICL,39,25,350,604.00,"211,400.00"
2019-05-12,2019051201007854,SLICL,39,59,100,604.00,"60,400.00"
2019-05-12,2019051201007845,SLICL,38,49,20,602.00,"12,040.00"
2019-05-12,2019051201007952,SMFDB,56,33,48,600.00,"28,800.00"
2019-05-12,2019051201007951,SMFDB,42,33,50,600.00,"30,000.00"
2019-05-12,2019051201007824,SMFDB,45,39,50,601.00,"30,050.00"
2019-05-12,2019051201007823,SMFDB,22,39,100,601.00,"60,100.00"
2019-05-12,2019051201007822,SMFDB,48,39,100,602.00,"60,200.00"
2019-05-12,2019051201007821,SMFDB,21,39,20,610.00,"12,200.00"
2019-05-12,2019051201007820,SMFDB,40,39,10,611.00,"6,110.00"
2019-05-12,2019051201007819,SMFDB,34,39,100,615.00,"61,500.00"
2019-05-12,2019051201007635,SPDL,46,57,45,97.00,"4,365.00"
2019-05-12,2019051201007781,SWBBL,44,34,10,910.00,"9,100.00"
2019-05-12,2019051201007780,SWBBL,44,55,50,907.00,"45,350.00"
2019-05-12,2019051201007779,SWBBL,44,41,83,904.00,"75,032.00"
2019-05-12,2019051201007715,SWBBL,44,19,330,900.00,"297,000.00"
2019-05-12,2019051201007890,TRH,36,41,20,251.00,"5,020.00"
2019-05-12,2019051201007889,TRH,36,22,300,251.00,"75,300.00"
2019-05-12,2019051201007867,TRH,36,14,290,250.00,"72,500.00"
2019-05-12,2019051201007866,TRH,36,38,300,249.00,"74,700.00"
2019-05-12,2019051201007619,UIC,17,58,150,968.00,"145,200.00"
2019-05-12,2019051201007618,UIC,17,58,100,968.00,"96,800.00"
2019-05-12,2019051201007979,UMHL,58,59,200,123.00,"24,600.00"
2019-05-12,2019051201008002,UPCL,59,1,540,91.00,"49,140.00"
2019-05-12,2019051201008001,UPCL,49,1,200,92.00,"18,400.00"
2019-05-12,2019051201008000,UPCL,42,1,260,92.00,"23,920.00"
2019-05-12,2019051201007762,UPCL,42,20,80,92.00,"7,360.00"
2019-05-12,2019051201007646,UPCL,42,20,80,92.00,"7,360.00"
2019-05-12,2019051201007630,UPCL,42,20,80,92.00,"7,360.00"
2019-05-12,2019051201007610,UPCL,42,20,80,92.00,"7,360.00"
2019-05-12,2019051201007584,UPCL,42,20,80,92.00,"7,360.00"
2019-05-12,2019051201007562,UPCL,42,20,80,92.00,"7,360.00"
2019-05-12,2019051201007514,UPCL,42,20,80,92.00,"7,360.00"
2019-05-12,2019051201007925,UPPER,37,44,890,233.00,"207,370.00"
2019-05-12,2019051201007924,UPPER,37,1,60,233.00,"13,980.00"
2019-05-12,2019051201007923,UPPER,37,16,50,233.00,"11,650.00"
2019-05-12,2019051201007900,UPPER,21,6,14,232.00,"3,248.00"
2019-05-12,2019051201007621,UPPER,41,43,150,232.00,"34,800.00"
2019-05-12,2019051201007607,UPPER,41,39,40,232.00,"9,280.00"
2019-05-12,2019051201007583,UPPER,41,39,50,232.00,"11,600.00"
2019-05-12,2019051201007529,UPPER,41,39,50,232.00,"11,600.00"
2019-05-12,2019051201007899,UPPER,41,6,58,232.00,"13,456.00"
2019-05-12,2019051201007492,ADBL,22,42,820,387.00,"317,340.00"
2019-05-12,2019051201007333,ADBL,22,29,80,387.00,"30,960.00"
2019-05-12,2019051201007299,AHPC,7,57,100,104.00,"10,400.00"
2019-05-12,2019051201007437,AKPL,41,41,20,188.00,"3,760.00"
2019-05-12,2019051201007139,AKPL,41,53,245,191.00,"46,795.00"
2019-05-12,2019051201007138,AKPL,41,40,295,191.00,"56,345.00"
2019-05-12,2019051201007137,AKPL,41,36,500,191.00,"95,500.00"
2019-05-12,2019051201007136,AKPL,41,41,10,191.00,"1,910.00"
2019-05-12,2019051201007135,AKPL,41,14,245,190.00,"46,550.00"
2019-05-12,2019051201007122,AKPL,41,37,13,189.00,"2,457.00"
2019-05-12,2019051201007121,AKPL,41,37,500,189.00,"94,500.00"
2019-05-12,2019051201007110,AKPL,41,11,13,188.00,"2,444.00"
2019-05-12,2019051201007109,AKPL,41,58,321,188.00,"60,348.00"
2019-05-12,2019051201007108,AKPL,41,45,200,188.00,"37,600.00"
2019-05-12,2019051201007087,AKPL,41,48,75,185.00,"13,875.00"
2019-05-12,2019051201007128,AKPL,41,37,13,189.00,"2,457.00"
2019-05-12,2019051201007127,AKPL,41,37,13,189.00,"2,457.00"
2019-05-12,2019051201007126,AKPL,41,37,13,189.00,"2,457.00"
2019-05-12,2019051201007125,AKPL,41,37,13,189.00,"2,457.00"
2019-05-12,2019051201007124,AKPL,41,37,13,189.00,"2,457.00"
2019-05-12,2019051201007123,AKPL,41,37,13,189.00,"2,457.00"
2019-05-12,2019051201007134,AKPL,41,52,155,190.00,"29,450.00"
2019-05-12,2019051201007133,AKPL,41,40,200,190.00,"38,000.00"
2019-05-12,2019051201007132,AKPL,41,37,13,189.00,"2,457.00"
2019-05-12,2019051201007131,AKPL,41,37,13,189.00,"2,457.00"
2019-05-12,2019051201007130,AKPL,41,37,13,189.00,"2,457.00"
2019-05-12,2019051201007129,AKPL,41,37,13,189.00,"2,457.00"
2019-05-12,2019051201007491,ALICL,54,28,390,440.00,"171,600.00"
2019-05-12,2019051201007439,ALICL,54,36,110,440.00,"48,400.00"
2019-05-12,2019051201007438,ALICL,6,36,90,440.00,"39,600.00"
2019-05-12,2019051201007291,API,25,43,50,137.00,"6,850.00"
2019-05-12,2019051201007290,API,25,42,200,135.00,"27,000.00"
2019-05-12,2019051201007017,BARUN,1,39,10,90.00,900.00
2019-05-12,2019051201007016,BARUN,19,39,70,90.00,"6,300.00"
2019-05-12,2019051201007015,BARUN,35,39,290,91.00,"26,390.00"
2019-05-12,2019051201007382,BHBL,28,11,24,172.00,"4,128.00"
2019-05-12,2019051201007254,BOKL,22,19,38,274.00,"10,412.00"
2019-05-12,2019051201007028,BOKL,22,48,129,274.00,"35,346.00"
2019-05-12,2019051201007178,BPCL,58,32,20,371.00,"7,420.00"
2019-05-12,2019051201007045,BPCL,41,48,11,365.00,"4,015.00"
2019-05-12,2019051201007314,CBBL,1,42,100,952.00,"95,200.00"
2019-05-12,2019051201007173,CBBL,11,22,200,953.00,"190,600.00"
2019-05-12,2019051201007504,CBL,28,6,252,150.00,"37,800.00"
2019-05-12,2019051201007503,CBL,6,6,500,150.00,"75,000.00"
2019-05-12,2019051201007502,CBL,34,6,248,150.00,"37,200.00"
2019-05-12,2019051201007326,CBL,17,40,100,151.00,"15,100.00"
2019-05-12,2019051201007374,CCBL,52,10,100,173.00,"17,300.00"
2019-05-12,2019051201007289,CCBL,52,19,116,173.00,"20,068.00"
2019-05-12,2019051201007463,CFCL,46,26,100,111.00,"11,100.00"
2019-05-12,2019051201007101,CFCL,14,49,250,110.00,"27,500.00"
2019-05-12,2019051201007100,CFCL,14,16,"1,000",110.00,"110,000.00"
2019-05-12,2019051201007099,CFCL,14,52,10,110.00,"1,100.00"
2019-05-12,2019051201007457,CHCL,42,35,643,525.00,"337,575.00"
2019-05-12,2019051201007456,CHCL,26,35,256,526.00,"134,656.00"
2019-05-12,2019051201007359,CHL,34,57,50,100.00,"5,000.00"
2019-05-12,2019051201007513,CIT,17,6,125,"2,680.00","335,000.00"
2019-05-12,2019051201007512,CIT,17,49,100,"2,679.00","267,900.00"
2019-05-12,2019051201007511,CIT,17,45,10,"2,675.00","26,750.00"
2019-05-12,2019051201007510,CIT,17,45,25,"2,675.00","66,875.00"
2019-05-12,2019051201007465,CIT,17,58,150,"2,670.00","400,500.00"
2019-05-12,2019051201007464,CIT,17,58,20,"2,670.00","53,400.00"
2019-05-12,2019051201007319,CIT,22,34,40,"2,653.00","106,120.00"
2019-05-12,2019051201007318,CIT,22,34,20,"2,655.00","53,100.00"
2019-05-12,2019051201007317,CIT,36,34,10,"2,656.00","26,560.00"
2019-05-12,2019051201007316,CIT,43,34,10,"2,657.00","26,570.00"
2019-05-12,2019051201007315,CIT,22,34,20,"2,658.00","53,160.00"
2019-05-12,2019051201007430,CIT,54,41,60,"2,652.00","159,120.00"
2019-05-12,2019051201007429,CIT,16,41,20,"2,652.00","53,040.00"
2019-05-12,2019051201007428,CIT,40,41,20,"2,652.00","53,040.00"
2019-05-12,2019051201007398,CIT,40,46,20,"2,652.00","53,040.00"
2019-05-12,2019051201007331,CIT,40,34,50,"2,652.00","132,600.00"
2019-05-12,2019051201007320,CIT,41,34,50,"2,653.00","132,650.00"
2019-05-12,2019051201007321,CZBIL,53,19,370,224.00,"82,880.00"
2019-05-12,2019051201007112,CZBIL,53,38,100,224.00,"22,400.00"
2019-05-12,2019051201007386,DDBL,38,10,14,741.00,"10,374.00"
2019-05-12,2019051201007156,EBL,34,50,200,667.00,"133,400.00"
2019-05-12,2019051201007155,EBL,46,50,100,667.00,"66,700.00"
2019-05-12,2019051201007107,EBL,16,43,100,669.00,"66,900.00"
2019-05-12,2019051201007093,EBL,28,43,290,669.00,"194,010.00"
2019-05-12,2019051201007426,EIC,8,25,100,430.00,"43,000.00"
2019-05-12,2019051201007425,EIC,17,25,10,431.00,"4,310.00"
2019-05-12,2019051201007415,EIC,45,25,40,432.00,"17,280.00"
2019-05-12,2019051201007414,EIC,20,25,200,432.00,"86,400.00"
2019-05-12,2019051201007413,EIC,22,25,50,433.00,"21,650.00"
2019-05-12,2019051201007412,EIC,33,25,57,434.00,"24,738.00"
2019-05-12,2019051201007328,GBBL,4,19,65,220.00,"14,300.00"
2019-05-12,2019051201007332,GBIME,34,19,60,311.00,"18,660.00"
2019-05-12,2019051201007265,GBIME,52,26,150,312.00,"46,800.00"
2019-05-12,2019051201007264,GBIME,52,46,72,312.00,"22,464.00"
2019-05-12,2019051201007263,GBIME,52,46,72,312.00,"22,464.00"
2019-05-12,2019051201007262,GBIME,52,46,47,312.00,"14,664.00"
2019-05-12,2019051201007261,GBIME,52,44,510,312.00,"159,120.00"
2019-05-12,2019051201007260,GBIME,52,52,95,312.00,"29,640.00"
2019-05-12,2019051201007113,GBIME,34,55,801,311.00,"249,111.00"
2019-05-12,2019051201007022,GBIME,8,25,266,310.00,"82,460.00"
2019-05-12,2019051201007229,GBLBS,37,26,10,370.00,"3,700.00"
2019-05-12,2019051201007027,GBLBS,56,25,130,364.00,"47,320.00"
2019-05-12,2019051201007026,GBLBS,56,56,10,364.00,"3,640.00"
2019-05-12,2019051201007025,GBLBS,56,1,110,363.00,"39,930.00"
2019-05-12,2019051201007247,GLICL,25,1,50,575.00,"28,750.00"
2019-05-12,2019051201007391,HBL,49,58,145,590.00,"85,550.00"
2019-05-12,2019051201007390,HBL,49,36,100,590.00,"59,000.00"
2019-05-12,2019051201007389,HBL,49,44,100,590.00,"59,000.00"
2019-05-12,2019051201007388,HBL,49,34,18,589.00,"10,602.00"
2019-05-12,2019051201007170,HBL,39,44,100,590.00,"59,000.00"
2019-05-12,2019051201007118,HGI,55,44,100,393.00,"39,300.00"
2019-05-12,2019051201007454,HIDCL,14,51,34,143.00,"4,862.00"
2019-05-12,2019051201007453,HIDCL,14,1,100,143.00,"14,300.00"
2019-05-12,2019051201007452,HIDCL,14,57,61,143.00,"8,723.00"
2019-05-12,2019051201007298,HIDCL,10,10,23,141.00,"3,243.00"
2019-05-12,2019051201007018,HIDCL,10,6,61,141.00,"8,601.00"
2019-05-12,2019051201007202,HPPL,33,11,10,175.00,"1,750.00"
2019-05-12,2019051201007158,HPPL,33,11,10,175.00,"1,750.00"
2019-05-12,2019051201007248,JBBL,42,10,16,140.00,"2,240.00"
2019-05-12,2019051201007073,JBBL,42,28,83,140.00,"11,620.00"
2019-05-12,2019051201007031,JBBL,42,6,200,140.00,"28,000.00"
2019-05-12,2019051201007051,JBNL,20,17,50,204.00,"10,200.00"
2019-05-12,2019051201007040,JBNL,48,6,15,203.00,"3,045.00"
2019-05-12,2019051201007021,JBNL,20,17,100,204.00,"20,400.00"
2019-05-12,2019051201007508,KBL,42,48,500,221.00,"110,500.00"
2019-05-12,2019051201007496,KBL,42,48,"1,500",221.00,"331,500.00"
2019-05-12,2019051201007495,KBL,1,48,500,221.00,"110,500.00"
2019-05-12,2019051201007140,KBL,42,44,950,222.00,"210,900.00"
2019-05-12,2019051201007105,KBL,48,48,"1,200",221.00,"265,200.00"
2019-05-12,2019051201007071,KBL,29,48,300,221.00,"66,300.00"
2019-05-12,2019051201007221,KKHC,46,34,194,70.00,"13,580.00"
2019-05-12,2019051201007220,KKHC,46,42,16,70.00,"1,120.00"
2019-05-12,2019051201007219,KKHC,46,44,16,70.00,"1,120.00"
2019-05-12,2019051201007218,KKHC,46,44,16,70.00,"1,120.00"
2019-05-12,2019051201007217,KKHC,46,32,10,70.00,700.00
2019-05-12,2019051201007216,KKHC,46,58,10,70.00,700.00
2019-05-12,2019051201007451,KNBL,42,33,20,135.00,"2,700.00"
2019-05-12,2019051201007181,KNBL,42,56,156,133.00,"20,748.00"
2019-05-12,2019051201007259,KPCL,46,56,10,94.00,940.00
2019-05-12,2019051201007258,KPCL,46,56,10,94.00,940.00
2019-05-12,2019051201007257,KPCL,46,6,10,94.00,940.00
2019-05-12,2019051201007066,KSBBL,50,6,100,148.00,"14,800.00"
2019-05-12,2019051201007307,LBBL,52,4,150,193.00,"28,950.00"
2019-05-12,2019051201007296,LBBL,38,7,880,192.00,"168,960.00"
2019-05-12,2019051201007079,LBBL,38,6,220,192.00,"42,240.00"
2019-05-12,2019051201007055,LBBL,38,49,400,192.00,"76,800.00"
2019-05-12,2019051201007385,LICN,54,59,182,"1,900.00","345,800.00"
2019-05-12,2019051201007070,LICN,38,4,10,"1,905.00","19,050.00"
2019-05-12,2019051201007288,LVF1,51,56,"2,000",10.06,"20,120.00"
2019-05-12,2019051201007455,MBL,49,19,169,266.00,"44,954.00"
2019-05-12,2019051201007371,MBL,32,19,100,267.00,"26,700.00"
2019-05-12,2019051201007370,MBL,36,19,73,267.00,"19,491.00"
2019-05-12,2019051201007111,MBL,34,26,200,268.00,"53,600.00"
2019-05-12,2019051201007089,MBL,34,51,800,268.00,"214,400.00"
2019-05-12,2019051201007077,MDB,19,43,131,250.00,"32,750.00"
2019-05-12,2019051201007076,MDB,29,43,400,250.00,"100,000.00"
2019-05-12,2019051201007075,MDB,34,43,200,251.00,"50,200.00"
2019-05-12,2019051201007074,MDB,10,43,325,251.00,"81,575.00"
2019-05-12,2019051201007354,MEGA,58,36,718,191.00,"137,138.00"
2019-05-12,2019051201007353,MEGA,51,36,132,191.00,"25,212.00"
2019-05-12,2019051201007236,MEGA,14,18,10,193.00,"1,930.00"
2019-05-12,2019051201007091,MEGA,51,6,107,191.00,"20,437.00"
2019-05-12,2019051201007063,MEGA,32,37,500,192.00,"96,000.00"
2019-05-12,2019051201007041,MEGA,32,44,200,192.00,"38,400.00"
2019-05-12,2019051201007324,MHNL,49,1,20,88.00,"1,760.00"
2019-05-12,2019051201007323,MHNL,1,1,10,88.00,880.00
2019-05-12,2019051201007380,MLBL,33,19,32,187.00,"5,984.00"
2019-05-12,2019051201007197,MLBL,49,25,400,187.00,"74,800.00"
2019-05-12,2019051201007499,MMFDB,47,21,32,910.00,"29,120.00"
2019-05-12,2019051201007209,MMFDB,47,45,18,910.00,"16,380.00"
2019-05-12,2019051201007117,MMFDB,49,45,10,915.00,"9,150.00"
2019-05-12,2019051201007369,NABIL,8,45,100,841.00,"84,100.00"
2019-05-12,2019051201007368,NABIL,8,38,80,841.00,"67,280.00"
2019-05-12,2019051201007367,NABIL,8,34,30,840.00,"25,200.00"
2019-05-12,2019051201007322,NABILP,59,49,20,820.00,"16,400.00"
2019-05-12,2019051201007205,NABILP,25,25,100,813.00,"81,300.00"
2019-05-12,2019051201007096,NADEP,42,47,30,508.00,"15,240.00"
2019-05-12,2019051201007086,NADEP,52,47,40,508.00,"20,320.00"
2019-05-12,2019051201007085,NADEP,52,8,10,508.00,"5,080.00"
2019-05-12,2019051201007469,NBB,42,34,650,227.00,"147,550.00"
2019-05-12,2019051201007207,NBB,55,34,200,227.00,"45,400.00"
2019-05-12,2019051201007206,NBB,6,34,150,227.00,"34,050.00"
2019-05-12,2019051201007058,NBB,16,33,490,228.00,"111,720.00"
2019-05-12,2019051201007057,NBB,16,34,10,228.00,"2,280.00"
2019-05-12,2019051201007024,NBB,6,49,50,227.00,"11,350.00"
2019-05-12,2019051201007023,NBB,58,49,200,227.00,"45,400.00"
2019-05-12,2019051201007490,NBL,4,59,100,309.00,"30,900.00"
2019-05-12,2019051201007440,NBL,4,40,124,309.00,"38,316.00"
2019-05-12,2019051201007399,NBL,38,5,24,308.00,"7,392.00"
2019-05-12,2019051201007392,NBL,38,19,238,308.00,"73,304.00"
2019-05-12,2019051201007311,NBL,13,46,200,310.00,"62,000.00"
2019-05-12,2019051201007208,NBL,25,40,"1,430",309.00,"441,870.00"
2019-05-12,2019051201007174,NBL,43,40,70,309.00,"21,630.00"
2019-05-12,2019051201007034,NBL,43,26,200,309.00,"61,800.00"
2019-05-12,2019051201007489,NCCB,32,45,25,245.00,"6,125.00"
2019-05-12,2019051201007450,NCCB,32,34,139,245.00,"34,055.00"
2019-05-12,2019051201007449,NCCB,32,34,100,245.00,"24,500.00"
2019-05-12,2019051201007448,NCCB,50,34,761,245.00,"186,445.00"
2019-05-12,2019051201007436,NCCB,50,19,142,245.00,"34,790.00"
2019-05-12,2019051201007420,NCCB,58,19,50,246.00,"12,300.00"
2019-05-12,2019051201007210,NCCB,25,48,38,246.00,"9,348.00"
2019-05-12,2019051201007090,NCCB,25,48,62,246.00,"15,252.00"
2019-05-12,2019051201007419,NCCB,50,19,108,246.00,"26,568.00"
2019-05-12,2019051201007408,NCCB,50,25,"1,000",246.00,"246,000.00"
2019-05-12,2019051201007372,NCCB,50,6,500,246.00,"123,000.00"
2019-05-12,2019051201007246,NCCB,50,6,280,246.00,"68,880.00"
2019-05-12,2019051201007244,NCCB,50,39,50,246.00,"12,300.00"
2019-05-12,2019051201007211,NCCB,50,48,62,246.00,"15,252.00"
2019-05-12,2019051201007364,NHDL,34,39,40,142.00,"5,680.00"
2019-05-12,2019051201007363,NHDL,34,40,"1,000",141.00,"141,000.00"
2019-05-12,2019051201007362,NHDL,34,41,100,140.00,"14,000.00"
2019-05-12,2019051201007361,NHDL,34,39,200,140.00,"28,000.00"
2019-05-12,2019051201007360,NHDL,34,39,100,138.00,"13,800.00"
2019-05-12,2019051201007301,NHPC,38,58,10,68.00,680.00
2019-05-12,2019051201007292,NHPC,38,58,10,67.00,670.00
2019-05-12,2019051201007056,NHPC,1,58,10,66.00,660.00
2019-05-12,2019051201007397,NIB,48,34,88,547.00,"48,136.00"
2019-05-12,2019051201007377,NIB,48,34,563,547.00,"307,961.00"
2019-05-12,2019051201007376,NIB,18,34,437,548.00,"239,476.00"
2019-05-12,2019051201007356,NIB,28,58,30,550.00,"16,500.00"
2019-05-12,2019051201007355,NIB,28,34,30,549.00,"16,470.00"
2019-05-12,2019051201007252,NIB,18,55,63,548.00,"34,524.00"
2019-05-12,2019051201007251,NIB,49,55,37,548.00,"20,276.00"
2019-05-12,2019051201007097,NIB,49,25,50,548.00,"27,400.00"
2019-05-12,2019051201007033,NIB,49,8,113,548.00,"61,924.00"
2019-05-12,2019051201007507,NIBPO,19,19,200,517.00,"103,400.00"
2019-05-12,2019051201007435,NICA,28,11,220,492.00,"108,240.00"
2019-05-12,2019051201007434,NICA,28,46,50,492.00,"24,600.00"
2019-05-12,2019051201007433,NICA,28,34,50,492.00,"24,600.00"
2019-05-12,2019051201007432,NICA,56,36,100,491.00,"49,100.00"
2019-05-12,2019051201007410,NICA,22,36,400,491.00,"196,400.00"
2019-05-12,2019051201007394,NICA,22,42,100,491.00,"49,100.00"
2019-05-12,2019051201007310,NICA,26,33,175,490.00,"85,750.00"
2019-05-12,2019051201007309,NICA,26,33,25,491.00,"12,275.00"
2019-05-12,2019051201007249,NICA,26,49,26,490.00,"12,740.00"
2019-05-12,2019051201007043,NICA,26,21,500,491.00,"245,500.00"
2019-05-12,2019051201007509,NICL,32,54,21,397.00,"8,337.00"
2019-05-12,2019051201007459,NIL,19,32,252,526.00,"132,552.00"
2019-05-12,2019051201007409,NIL,38,36,400,524.00,"209,600.00"
2019-05-12,2019051201007180,NIL,19,29,600,526.00,"315,600.00"
2019-05-12,2019051201007179,NIL,19,32,400,525.00,"210,000.00"
2019-05-12,2019051201007169,NIL,55,32,100,525.00,"52,500.00"
2019-05-12,2019051201007069,NIL,1,32,248,526.00,"130,448.00"
2019-05-12,2019051201007050,NIL,1,44,132,526.00,"69,432.00"
2019-05-12,2019051201007049,NIL,1,46,500,526.00,"263,000.00"
2019-05-12,2019051201007048,NIL,1,32,120,525.00,"63,000.00"
2019-05-12,2019051201007046,NIL,38,21,14,524.00,"7,336.00"
2019-05-12,2019051201007036,NIL,21,32,100,525.00,"52,500.00"
2019-05-12,2019051201007035,NIL,29,32,80,525.00,"42,000.00"
2019-05-12,2019051201007501,NLBBL,55,55,50,533.00,"26,650.00"
2019-05-12,2019051201007014,NLG,37,45,30,860.00,"25,800.00"
2019-05-12,2019051201007352,NLIC,22,42,16,963.00,"15,408.00"
2019-05-12,2019051201007228,NLIC,42,55,30,966.00,"28,980.00"
2019-05-12,2019051201007106,NLIC,22,48,17,963.00,"16,371.00"
2019-05-12,2019051201007102,NLIC,22,6,17,963.00,"16,371.00"
2019-05-12,2019051201007047,NLIC,46,10,13,963.00,"12,519.00"
2019-05-12,2019051201007505,NLICL,14,39,100,668.00,"66,800.00"
2019-05-12,2019051201007212,NLICL,13,56,200,666.00,"133,200.00"
2019-05-12,2019051201007120,NLICL,22,44,250,668.00,"167,000.00"
2019-05-12,2019051201007115,NLICL,13,14,154,666.00,"102,564.00"
2019-05-12,2019051201007114,NLICL,33,14,300,666.00,"199,800.00"
2019-05-12,2019051201007098,NLICL,35,28,100,667.00,"66,700.00"
2019-05-12,2019051201007474,NMB,44,19,107,380.00,"40,660.00"
2019-05-12,2019051201007366,NMB,44,39,165,380.00,"62,700.00"
2019-05-12,2019051201007365,NMB,49,39,71,380.00,"26,980.00"
2019-05-12,2019051201007256,NMB,42,38,100,381.00,"38,100.00"
2019-05-12,2019051201007239,NMB,49,55,29,380.00,"11,020.00"
2019-05-12,2019051201007238,NMB,52,55,71,380.00,"26,980.00"
2019-05-12,2019051201007064,NMB,1,10,400,381.00,"152,400.00"
2019-05-12,2019051201007032,NMB,34,10,600,381.00,"228,600.00"
2019-05-12,2019051201007379,NMBSF1,51,56,"2,000",10.78,"21,560.00"
2019-05-12,2019051201007378,NMBSF1,7,56,"2,000",10.78,"21,560.00"
2019-05-12,2019051201007351,NMBSF1,41,56,"5,000",10.80,"54,000.00"
2019-05-12,2019051201007226,NNLB,28,42,200,433.00,"86,600.00"
2019-05-12,2019051201007462,NSEWA,5,47,15,460.00,"6,900.00"
2019-05-12,2019051201007411,NUBL,38,50,25,878.00,"21,950.00"
2019-05-12,2019051201007274,NUBL,26,21,100,875.00,"87,500.00"
2019-05-12,2019051201007273,NUBL,26,1,50,870.00,"43,500.00"
2019-05-12,2019051201007272,NUBL,26,57,24,870.00,"20,880.00"
2019-05-12,2019051201007441,OHL,58,45,11,628.00,"6,908.00"
2019-05-12,2019051201007396,OHL,58,45,166,625.00,"103,750.00"
2019-05-12,2019051201007373,OHL,58,45,20,625.00,"12,500.00"
2019-05-12,2019051201007304,OHL,18,40,500,624.00,"312,000.00"
2019-05-12,2019051201007277,OHL,44,35,100,623.00,"62,300.00"
2019-05-12,2019051201007276,OHL,44,13,150,623.00,"93,450.00"
2019-05-12,2019051201007080,OHL,55,13,50,623.00,"31,150.00"
2019-05-12,2019051201007494,PCBL,43,19,53,353.00,"18,709.00"
2019-05-12,2019051201007387,PCBL,43,13,250,354.00,"88,500.00"
2019-05-12,2019051201007227,PCBL,43,49,77,353.00,"27,181.00"
2019-05-12,2019051201007164,PCBL,48,50,"1,000",354.00,"354,000.00"
2019-05-12,2019051201007163,PCBL,48,57,762,354.00,"269,748.00"
2019-05-12,2019051201007162,PCBL,48,50,300,354.00,"106,200.00"
2019-05-12,2019051201007095,PCBL,7,50,700,354.00,"247,800.00"
2019-05-12,2019051201007222,PFL,49,41,794,133.00,"105,602.00"
2019-05-12,2019051201007506,PIC,38,18,59,"1,280.00","75,520.00"
2019-05-12,2019051201007497,PIC,38,18,100,"1,279.00","127,900.00"
2019-05-12,2019051201007487,PIC,38,59,20,"1,279.00","25,580.00"
2019-05-12,2019051201007486,PIC,38,52,50,"1,278.00","63,900.00"
2019-05-12,2019051201007485,PIC,38,52,300,"1,278.00","383,400.00"
2019-05-12,2019051201007484,PIC,38,33,100,"1,275.00","127,500.00"
2019-05-12,2019051201007303,PIC,38,14,200,"1,271.00","254,200.00"
2019-05-12,2019051201007167,PIC,40,33,30,"1,270.00","38,100.00"
2019-05-12,2019051201007166,PIC,40,48,10,"1,266.00","12,660.00"
2019-05-12,2019051201007165,PIC,40,20,11,"1,265.00","13,915.00"
2019-05-12,2019051201007483,PIC,38,19,200,"1,274.00","254,800.00"
2019-05-12,2019051201007482,PIC,38,35,94,"1,274.00","119,756.00"
2019-05-12,2019051201007481,PIC,38,33,20,"1,273.00","25,460.00"
2019-05-12,2019051201007480,PIC,38,14,200,"1,273.00","254,600.00"
2019-05-12,2019051201007479,PIC,38,58,500,"1,272.00","636,000.00"
2019-05-12,2019051201007471,PIC,38,57,11,"1,271.00","13,981.00"
2019-05-12,2019051201007300,PICL,37,48,280,756.00,"211,680.00"
2019-05-12,2019051201007243,PICL,37,48,200,756.00,"151,200.00"
2019-05-12,2019051201007177,PICL,40,10,300,751.00,"225,300.00"
2019-05-12,2019051201007176,PICL,38,10,50,752.00,"37,600.00"
2019-05-12,2019051201007175,PICL,1,10,50,753.00,"37,650.00"
2019-05-12,2019051201007476,PLIC,46,45,10,486.00,"4,860.00"
2019-05-12,2019051201007445,PLIC,46,45,10,486.00,"4,860.00"
2019-05-12,2019051201007417,PLIC,41,16,24,486.00,"11,664.00"
2019-05-12,2019051201007416,PLIC,49,16,74,487.00,"36,038.00"
2019-05-12,2019051201007330,PLIC,25,32,50,489.00,"24,450.00"
2019-05-12,2019051201007500,PMHPL,59,44,10,115.00,"1,150.00"
2019-05-12,2019051201007488,PMHPL,59,43,10,115.00,"1,150.00"
2019-05-12,2019051201007472,PMHPL,59,43,10,115.00,"1,150.00"
2019-05-12,2019051201007458,PMHPL,59,16,10,115.00,"1,150.00"
2019-05-12,2019051201007446,PMHPL,59,43,10,115.00,"1,150.00"
2019-05-12,2019051201007431,PMHPL,59,43,10,115.00,"1,150.00"
2019-05-12,2019051201007168,PMHPL,59,1,10,115.00,"1,150.00"
2019-05-12,2019051201007119,PMHPL,59,1,10,115.00,"1,150.00"
2019-05-12,2019051201007094,PMHPL,59,1,10,115.00,"1,150.00"
2019-05-12,2019051201007067,PMHPL,59,1,10,115.00,"1,150.00"
2019-05-12,2019051201007044,PMHPL,8,1,10,116.00,"1,160.00"
2019-05-12,2019051201007020,PMHPL,8,1,10,116.00,"1,160.00"
2019-05-12,2019051201007295,PMHPL,59,1,10,115.00,"1,150.00"
2019-05-12,2019051201007271,PMHPL,59,1,10,115.00,"1,150.00"
2019-05-12,2019051201007245,PMHPL,59,1,10,115.00,"1,150.00"
2019-05-12,2019051201007235,PMHPL,59,1,10,115.00,"1,150.00"
2019-05-12,2019051201007214,PMHPL,59,1,10,115.00,"1,150.00"
2019-05-12,2019051201007196,PMHPL,59,1,10,115.00,"1,150.00"
2019-05-12,2019051201007407,PRIN,45,14,21,422.00,"8,862.00"
2019-05-12,2019051201007275,PRIN,33,14,200,422.00,"84,400.00"
2019-05-12,2019051201007395,PRVU,7,19,200,282.00,"56,400.00"
2019-05-12,2019051201007116,PRVU,38,6,350,281.00,"98,350.00"
2019-05-12,2019051201007308,RADHI,5,50,145,160.00,"23,200.00"
2019-05-12,2019051201007195,RADHI,5,55,11,160.00,"1,760.00"
2019-05-12,2019051201007194,RADHI,5,55,11,160.00,"1,760.00"
2019-05-12,2019051201007193,RADHI,5,55,10,160.00,"1,600.00"
2019-05-12,2019051201007157,RRHP,56,6,10,92.00,920.00
2019-05-12,2019051201007461,SANIMA,14,34,116,355.00,"41,180.00"
2019-05-12,2019051201007460,SANIMA,14,34,884,355.00,"313,820.00"
2019-05-12,2019051201007253,SBBLJ,17,19,500,195.00,"97,500.00"
2019-05-12,2019051201007424,SBI,11,34,90,480.00,"43,200.00"
2019-05-12,2019051201007423,SBI,50,34,200,480.00,"96,000.00"
2019-05-12,2019051201007422,SBI,44,34,200,481.00,"96,200.00"
2019-05-12,2019051201007421,SBI,28,34,410,481.00,"197,210.00"
2019-05-12,2019051201007401,SBI,28,34,90,481.00,"43,290.00"
2019-05-12,2019051201007400,SBI,17,34,10,482.00,"4,820.00"
2019-05-12,2019051201007204,SBI,45,56,200,485.00,"97,000.00"
2019-05-12,2019051201007029,SBI,39,28,990,484.00,"479,160.00"
2019-05-12,2019051201007470,SBL,50,39,397,340.00,"134,980.00"
2019-05-12,2019051201007477,SCB,17,42,20,690.00,"13,800.00"
2019-05-12,2019051201007054,SCB,39,55,200,692.00,"138,400.00"
2019-05-12,2019051201007053,SCB,39,44,300,691.00,"207,300.00"
2019-05-12,2019051201007052,SCB,39,55,98,690.00,"67,620.00"
2019-05-12,2019051201007418,SHIVM,14,16,200,452.00,"90,400.00"
2019-05-12,2019051201007406,SHIVM,14,44,390,452.00,"176,280.00"
2019-05-12,2019051201007405,SHIVM,18,44,500,452.00,"226,000.00"
2019-05-12,2019051201007404,SHIVM,38,44,500,452.00,"226,000.00"
2019-05-12,2019051201007403,SHIVM,48,44,200,452.00,"90,400.00"
2019-05-12,2019051201007402,SHIVM,17,44,50,452.00,"22,600.00"
2019-05-12,2019051201007038,SHIVM,20,19,100,452.00,"45,200.00"
2019-05-12,2019051201007037,SHIVM,20,44,900,451.00,"405,900.00"
2019-05-12,2019051201007030,SHIVM,29,34,20,450.00,"9,000.00"
2019-05-12,2019051201007019,SHIVM,29,38,50,450.00,"22,500.00"
2019-05-12,2019051201007081,SHIVM,36,44,500,451.00,"225,500.00"
2019-05-12,2019051201007072,SHIVM,5,6,100,452.00,"45,200.00"
2019-05-12,2019051201007065,SHIVM,26,6,"1,000",452.00,"452,000.00"
2019-05-12,2019051201007062,SHIVM,55,6,90,452.00,"40,680.00"
2019-05-12,2019051201007061,SHIVM,55,19,10,452.00,"4,520.00"
2019-05-12,2019051201007042,SHIVM,29,58,19,450.00,"8,550.00"
2019-05-12,2019051201007143,SHIVM,38,20,100,452.00,"45,200.00"
2019-05-12,2019051201007142,SHIVM,38,48,50,452.00,"22,600.00"
2019-05-12,2019051201007141,SHIVM,38,6,"1,810",452.00,"818,120.00"
2019-05-12,2019051201007103,SHIVM,48,44,200,451.00,"90,200.00"
2019-05-12,2019051201007092,SHIVM,3,44,200,451.00,"90,200.00"
2019-05-12,2019051201007082,SHIVM,3,44,100,451.00,"45,100.00"
2019-05-12,2019051201007149,SHIVM,38,13,100,452.00,"45,200.00"
2019-05-12,2019051201007148,SHIVM,38,35,50,452.00,"22,600.00"
2019-05-12,2019051201007147,SHIVM,38,42,100,452.00,"45,200.00"
2019-05-12,2019051201007146,SHIVM,38,37,100,452.00,"45,200.00"
2019-05-12,2019051201007145,SHIVM,38,37,100,452.00,"45,200.00"
2019-05-12,2019051201007144,SHIVM,38,57,50,452.00,"22,600.00"
2019-05-12,2019051201007225,SHIVM,48,5,100,452.00,"45,200.00"
2019-05-12,2019051201007154,SHIVM,38,41,40,452.00,"18,080.00"
2019-05-12,2019051201007153,SHIVM,38,17,200,452.00,"90,400.00"
2019-05-12,2019051201007152,SHIVM,38,5,100,452.00,"45,200.00"
2019-05-12,2019051201007151,SHIVM,38,13,100,452.00,"45,200.00"
2019-05-12,2019051201007150,SHIVM,38,13,100,452.00,"45,200.00"
2019-05-12,2019051201007381,SHIVM,38,16,200,452.00,"90,400.00"
2019-05-12,2019051201007325,SHIVM,38,5,50,452.00,"22,600.00"
2019-05-12,2019051201007297,SHIVM,38,5,50,452.00,"22,600.00"
2019-05-12,2019051201007242,SHIVM,38,5,50,452.00,"22,600.00"
2019-05-12,2019051201007231,SHIVM,38,1,150,452.00,"67,800.00"
2019-05-12,2019051201007230,SHIVM,48,1,100,452.00,"45,200.00"
2019-05-12,2019051201007475,SHL,48,59,150,240.00,"36,000.00"
2019-05-12,2019051201007447,SHL,48,17,192,240.00,"46,080.00"
2019-05-12,2019051201007306,SHL,48,28,230,240.00,"55,200.00"
2019-05-12,2019051201007305,SHL,55,28,100,240.00,"24,000.00"
2019-05-12,2019051201007161,SHL,58,51,100,241.00,"24,100.00"
2019-05-12,2019051201007160,SHL,58,34,503,241.00,"121,223.00"
2019-05-12,2019051201007159,SHL,58,14,391,240.00,"93,840.00"
2019-05-12,2019051201007250,SHPC,4,41,48,260.00,"12,480.00"
2019-05-12,2019051201007059,SHPC,4,48,442,260.00,"114,920.00"
2019-05-12,2019051201007060,SHPC,4,21,"1,500",260.00,"390,000.00"
2019-05-12,2019051201007478,SIC,14,40,150,"1,582.00","237,300.00"
2019-05-12,2019051201007473,SIC,13,48,20,"1,580.00","31,600.00"
2019-05-12,2019051201007468,SIC,17,48,40,"1,580.00","63,200.00"
2019-05-12,2019051201007467,SIC,50,48,100,"1,580.00","158,000.00"
2019-05-12,2019051201007466,SIC,51,48,25,"1,580.00","39,500.00"
2019-05-12,2019051201007313,SIC,51,32,75,"1,580.00","118,500.00"
2019-05-12,2019051201007312,SIC,42,32,25,"1,580.00","39,500.00"
2019-05-12,2019051201007270,SIC,42,6,100,"1,580.00","158,000.00"
2019-05-12,2019051201007237,SIC,42,40,200,"1,582.00","316,400.00"
2019-05-12,2019051201007172,SIC,38,45,50,"1,578.00","78,900.00"
2019-05-12,2019051201007171,SIC,56,45,50,"1,578.00","78,900.00"
2019-05-12,2019051201007068,SIC,35,55,50,"1,580.00","79,000.00"
2019-05-12,2019051201007088,SICL,40,34,110,893.00,"98,230.00"
2019-05-12,2019051201007384,SIL,46,52,387,621.00,"240,327.00"
2019-05-12,2019051201007267,SIL,25,52,13,621.00,"8,073.00"
2019-05-12,2019051201007266,SIL,25,33,17,620.00,"10,540.00"
2019-05-12,2019051201007293,SKBBL,57,6,400,"1,003.00","401,200.00"
2019-05-12,2019051201007269,SKBBL,57,22,200,"1,000.00","200,000.00"
2019-05-12,2019051201007268,SKBBL,57,42,31,"1,000.00","31,000.00"
2019-05-12,2019051201007393,SLBBL,14,57,100,490.00,"49,000.00"
2019-05-12,2019051201007104,SLBBL,14,57,100,490.00,"49,000.00"
2019-05-12,2019051201007255,SLBSL,45,25,20,590.00,"11,800.00"
2019-05-12,2019051201007084,SLBSL,29,25,10,590.00,"5,900.00"
2019-05-12,2019051201007083,SLBSL,58,25,10,590.00,"5,900.00"
2019-05-12,2019051201007427,SLICL,58,45,10,604.00,"6,040.00"
2019-05-12,2019051201007383,SLICL,5,42,32,605.00,"19,360.00"
2019-05-12,2019051201007350,SLICL,44,53,200,605.00,"121,000.00"
2019-05-12,2019051201007349,SLICL,44,54,400,605.00,"242,000.00"
2019-05-12,2019051201007348,SLICL,44,16,50,605.00,"30,250.00"
2019-05-12,2019051201007188,SLICL,22,39,83,600.00,"49,800.00"
2019-05-12,2019051201007187,SLICL,48,39,10,600.00,"6,000.00"
2019-05-12,2019051201007186,SLICL,14,39,340,601.00,"204,340.00"
2019-05-12,2019051201007039,SLICL,14,54,110,601.00,"66,110.00"
2019-05-12,2019051201007335,SLICL,44,25,678,603.00,"408,834.00"
2019-05-12,2019051201007334,SLICL,44,48,300,602.00,"180,600.00"
2019-05-12,2019051201007223,SLICL,5,47,68,602.00,"40,936.00"
2019-05-12,2019051201007192,SLICL,55,47,100,602.00,"60,200.00"
2019-05-12,2019051201007190,SLICL,50,39,67,600.00,"40,200.00"
2019-05-12,2019051201007189,SLICL,58,39,500,600.00,"300,000.00"
2019-05-12,2019051201007341,SLICL,44,26,150,604.00,"90,600.00"
2019-05-12,2019051201007340,SLICL,44,51,300,604.00,"181,200.00"
2019-05-12,2019051201007339,SLICL,44,39,30,604.00,"18,120.00"
2019-05-12,2019051201007338,SLICL,44,53,100,604.00,"60,400.00"
2019-05-12,2019051201007337,SLICL,44,17,185,604.00,"111,740.00"
2019-05-12,2019051201007336,SLICL,44,55,115,603.00,"69,345.00"
2019-05-12,2019051201007347,SLICL,44,25,439,605.00,"265,595.00"
2019-05-12,2019051201007346,SLICL,44,47,313,605.00,"189,365.00"
2019-05-12,2019051201007345,SLICL,44,29,15,605.00,"9,075.00"
2019-05-12,2019051201007344,SLICL,44,49,50,605.00,"30,250.00"
2019-05-12,2019051201007343,SLICL,44,55,200,605.00,"121,000.00"
2019-05-12,2019051201007342,SLICL,44,28,225,604.00,"135,900.00"
2019-05-12,2019051201007329,SPDL,45,57,55,97.00,"5,335.00"
2019-05-12,2019051201007215,SRBL,46,13,100,252.00,"25,200.00"
2019-05-12,2019051201007078,SRBL,46,10,83,252.00,"20,916.00"
2019-05-12,2019051201007444,SWBBL,44,38,64,893.00,"57,152.00"
2019-05-12,2019051201007443,SWBBL,37,38,250,895.00,"223,750.00"
2019-05-12,2019051201007442,SWBBL,44,38,186,896.00,"166,656.00"
2019-05-12,2019051201007375,SWBBL,44,19,14,896.00,"12,544.00"
2019-05-12,2019051201007302,UMHL,59,59,20,124.00,"2,480.00"
2019-05-12,2019051201007213,UMHL,37,39,13,122.00,"1,586.00"
2019-05-12,2019051201007201,UMHL,37,48,14,120.00,"1,680.00"
2019-05-12,2019051201007200,UMHL,37,46,100,120.00,"12,000.00"
2019-05-12,2019051201007199,UMHL,37,42,116,120.00,"13,920.00"
2019-05-12,2019051201007198,UMHL,37,39,200,120.00,"24,000.00"
2019-05-12,2019051201007185,UMHL,37,43,847,119.00,"100,793.00"
2019-05-12,2019051201007184,UMHL,37,33,84,118.00,"9,912.00"
2019-05-12,2019051201007183,UMHL,37,40,337,118.00,"39,766.00"
2019-05-12,2019051201007182,UMHL,37,17,14,118.00,"1,652.00"
2019-05-12,2019051201007498,UPCL,42,20,80,92.00,"7,360.00"
2019-05-12,2019051201007358,UPPER,41,34,652,232.00,"151,264.00"
2019-05-12,2019051201007357,UPPER,1,34,408,232.00,"94,656.00"
2019-05-12,2019051201007327,UPPER,41,6,50,233.00,"11,650.00"
2019-05-12,2019051201007294,UPPER,1,6,50,232.00,"11,600.00"
2019-05-12,2019051201007287,UPPER,1,42,"4,542",232.00,"1,053,744.00"
2019-05-12,2019051201007191,UPPER,48,6,52,233.00,"12,116.00"
2019-05-12,2019051201007241,UPPER,35,44,25,233.00,"5,825.00"
2019-05-12,2019051201007240,UPPER,44,44,308,233.00,"71,764.00"
2019-05-12,2019051201007234,UPPER,44,44,692,233.00,"161,236.00"
2019-05-12,2019051201007233,UPPER,19,44,200,233.00,"46,600.00"
2019-05-12,2019051201007232,UPPER,48,44,108,233.00,"25,164.00"
2019-05-12,2019051201007203,UPPER,48,6,50,233.00,"11,650.00"
2019-05-12,2019051201007280,UPPER,57,42,200,232.00,"46,400.00"
2019-05-12,2019051201007279,UPPER,37,42,500,232.00,"116,000.00"
2019-05-12,2019051201007278,UPPER,36,42,410,232.00,"95,120.00"
2019-05-12,2019051201007286,UPPER,59,42,653,232.00,"151,496.00"
2019-05-12,2019051201007285,UPPER,34,42,"2,000",232.00,"464,000.00"
2019-05-12,2019051201007284,UPPER,33,42,"1,000",232.00,"232,000.00"
2019-05-12,2019051201007283,UPPER,28,42,195,232.00,"45,240.00"
2019-05-12,2019051201007282,UPPER,54,42,450,232.00,"104,400.00"
2019-05-12,2019051201007281,UPPER,56,42,50,232.00,"11,600.00"
2019-05-12,2019051201006715,ADBL,46,26,158,387.00,"61,146.00"
2019-05-12,2019051201006602,AHPC,33,33,38,106.00,"4,028.00"
2019-05-12,2019051201006601,AHPC,33,34,62,105.00,"6,510.00"
2019-05-12,2019051201006895,AKPL,41,45,181,184.00,"33,304.00"
2019-05-12,2019051201006877,AKPL,41,41,10,183.00,"1,830.00"
2019-05-12,2019051201006834,AKPL,41,41,10,180.00,"1,800.00"
2019-05-12,2019051201006617,ALBSL,42,49,10,465.00,"4,650.00"
2019-05-12,2019051201006553,AMFI,45,28,280,575.00,"161,000.00"
2019-05-12,2019051201006552,AMFI,17,28,30,576.00,"17,280.00"
2019-05-12,2019051201006854,API,25,43,55,137.00,"7,535.00"
2019-05-12,2019051201006735,BFC,7,56,53,96.00,"5,088.00"
2019-05-12,2019051201007012,BOKL,22,28,"1,000",275.00,"275,000.00"
2019-05-12,2019051201006987,BPCL,58,32,10,371.00,"3,710.00"
2019-05-12,2019051201006986,BPCL,58,42,50,368.00,"18,400.00"
2019-05-12,2019051201006952,CBBL,47,1,30,953.00,"28,590.00"
2019-05-12,2019051201006883,CBBL,48,6,56,951.00,"53,256.00"
2019-05-12,2019051201006882,CBBL,48,6,20,951.00,"19,020.00"
2019-05-12,2019051201006881,CBBL,29,6,126,951.00,"119,826.00"
2019-05-12,2019051201006819,CBBL,55,1,170,953.00,"162,010.00"
2019-05-12,2019051201006818,CBBL,55,34,230,953.00,"219,190.00"
2019-05-12,2019051201006817,CBBL,55,29,100,952.00,"95,200.00"
2019-05-12,2019051201006717,CBBL,50,29,100,952.00,"95,200.00"
2019-05-12,2019051201006955,CBL,14,40,10,151.00,"1,510.00"
2019-05-12,2019051201006954,CBL,14,35,420,151.00,"63,420.00"
2019-05-12,2019051201006953,CBL,14,4,70,151.00,"10,570.00"
2019-05-12,2019051201006694,CBL,38,4,500,151.00,"75,500.00"
2019-05-12,2019051201006665,CBL,34,17,41,150.00,"6,150.00"
2019-05-12,2019051201006615,CBL,34,4,50,151.00,"7,550.00"
2019-05-12,2019051201007008,CCBL,52,10,39,173.00,"6,747.00"
2019-05-12,2019051201007007,CCBL,42,10,50,173.00,"8,650.00"
2019-05-12,2019051201007006,CCBL,43,10,30,173.00,"5,190.00"
2019-05-12,2019051201006983,CCBL,43,10,119,173.00,"20,587.00"
2019-05-12,2019051201006970,CCBL,43,6,13,173.00,"2,249.00"
2019-05-12,2019051201006958,CCBL,43,10,119,173.00,"20,587.00"
2019-05-12,2019051201006674,CCBL,29,34,55,174.00,"9,570.00"
2019-05-12,2019051201006792,CHCL,26,35,99,526.00,"52,074.00"
2019-05-12,2019051201006582,CZBIL,17,54,500,225.00,"112,500.00"
2019-05-12,2019051201006926,DBBL,10,1,117,133.00,"15,561.00"
2019-05-12,2019051201006767,DBBL,10,54,30,133.00,"3,990.00"
2019-05-12,2019051201006906,EBL,28,16,50,668.00,"33,400.00"
2019-05-12,2019051201006802,EBL,35,37,11,670.00,"7,370.00"
2019-05-12,2019051201006773,EBL,28,19,120,668.00,"80,160.00"
2019-05-12,2019051201006709,EBL,4,53,200,669.00,"133,800.00"
2019-05-12,2019051201006642,EBL,49,37,100,670.00,"67,000.00"
2019-05-12,2019051201006556,EBL,49,37,378,670.00,"253,260.00"
2019-05-12,2019051201006555,EBL,49,13,100,670.00,"67,000.00"
2019-05-12,2019051201006554,EBL,49,47,22,670.00,"14,740.00"
2019-05-12,2019051201006923,EIC,20,36,290,440.00,"127,600.00"
2019-05-12,2019051201006770,EIC,50,36,200,440.00,"88,000.00"
2019-05-12,2019051201006693,FMDBL,26,35,86,411.00,"35,346.00"
2019-05-12,2019051201006756,FOWAD,43,32,39,"1,563.00","60,957.00"
2019-05-12,2019051201006755,FOWAD,43,32,39,"1,563.00","60,957.00"
2019-05-12,2019051201006695,FOWAD,43,1,15,"1,560.00","23,400.00"
2019-05-12,2019051201006880,GBBL,1,37,100,221.00,"22,100.00"
2019-05-12,2019051201006879,GBBL,1,14,100,221.00,"22,100.00"
2019-05-12,2019051201006878,GBBL,1,52,100,221.00,"22,100.00"
2019-05-12,2019051201006761,GBBL,4,48,148,220.00,"32,560.00"
2019-05-12,2019051201006603,GBBL,10,29,200,220.00,"44,000.00"
2019-05-12,2019051201006593,GBBL,4,29,500,220.00,"110,000.00"
2019-05-12,2019051201006989,GBIME,45,10,56,309.00,"17,304.00"
2019-05-12,2019051201006829,GBIME,8,1,160,310.00,"49,600.00"
2019-05-12,2019051201006699,GBIME,8,55,199,311.00,"61,889.00"
2019-05-12,2019051201006698,GBIME,8,39,250,311.00,"77,750.00"
2019-05-12,2019051201006697,GBIME,8,51,374,311.00,"116,314.00"
2019-05-12,2019051201006696,GBIME,8,46,677,310.00,"209,870.00"
2019-05-12,2019051201006690,GBIME,52,46,50,310.00,"15,500.00"
2019-05-12,2019051201006689,GBIME,34,46,571,310.00,"177,010.00"
2019-05-12,2019051201006576,GBIME,34,29,134,310.00,"41,540.00"
2019-05-12,2019051201006559,GBIME,34,13,295,310.00,"91,450.00"
2019-05-12,2019051201006832,GBLBS,59,35,135,360.00,"48,600.00"
2019-05-12,2019051201006831,GBLBS,45,35,65,360.00,"23,400.00"
2019-05-12,2019051201006897,GDBL,53,48,117,206.00,"24,102.00"
2019-05-12,2019051201006685,GDBL,22,21,"1,171",206.00,"241,226.00"
2019-05-12,2019051201007011,GILB,16,19,150,"1,270.00","190,500.00"
2019-05-12,2019051201007010,GILB,16,47,43,"1,265.00","54,395.00"
2019-05-12,2019051201007009,GILB,16,47,50,"1,265.00","63,250.00"
2019-05-12,2019051201006640,GILB,38,11,100,"1,260.00","126,000.00"
2019-05-12,2019051201006999,GRDBL,7,6,50,105.00,"5,250.00"
2019-05-12,2019051201006966,HBL,39,58,170,588.00,"99,960.00"
2019-05-12,2019051201006965,HBL,39,35,100,588.00,"58,800.00"
2019-05-12,2019051201006964,HBL,39,5,300,587.00,"176,100.00"
2019-05-12,2019051201006775,HBL,45,3,500,587.00,"293,500.00"
2019-05-12,2019051201006731,HDL,58,17,30,"1,979.00","59,370.00"
2019-05-12,2019051201006856,HGI,16,34,440,391.00,"172,040.00"
2019-05-12,2019051201006807,HGI,16,41,60,391.00,"23,460.00"
2019-05-12,2019051201006806,HGI,41,41,100,392.00,"39,200.00"
2019-05-12,2019051201006805,HGI,38,41,60,392.00,"23,520.00"
2019-05-12,2019051201006797,HGI,38,19,40,392.00,"15,680.00"
2019-05-12,2019051201006751,HGI,45,44,30,393.00,"11,790.00"
2019-05-12,2019051201006710,HGI,7,44,10,393.00,"3,930.00"
2019-05-12,2019051201006572,HIDCL,56,29,26,141.00,"3,666.00"
2019-05-12,2019051201006956,HPPL,33,11,10,175.00,"1,750.00"
2019-05-12,2019051201006896,JBNL,20,39,50,204.00,"10,200.00"
2019-05-12,2019051201006706,JBNL,57,38,"1,000",204.00,"204,000.00"
2019-05-12,2019051201006671,JBNL,48,34,193,203.00,"39,179.00"
2019-05-12,2019051201006595,JBNL,48,42,262,203.00,"53,186.00"
2019-05-12,2019051201006594,JBNL,57,42,68,203.00,"13,804.00"
2019-05-12,2019051201007005,KBL,34,49,242,220.00,"53,240.00"
2019-05-12,2019051201006997,KBL,55,48,300,221.00,"66,300.00"
2019-05-12,2019051201006754,KBL,59,48,200,221.00,"44,200.00"
2019-05-12,2019051201006726,KBL,48,48,"2,000",221.00,"442,000.00"
2019-05-12,2019051201006714,KBL,42,44,50,222.00,"11,100.00"
2019-05-12,2019051201006514,KBL,48,48,"2,000",221.00,"442,000.00"
2019-05-12,2019051201006664,KNBL,46,33,465,132.00,"61,380.00"
2019-05-12,2019051201006571,KNBL,42,59,200,131.00,"26,200.00"
2019-05-12,2019051201006691,KPCL,56,49,10,93.00,930.00
2019-05-12,2019051201006653,KPCL,56,6,10,93.00,930.00
2019-05-12,2019051201006662,KRBL,54,4,100,98.00,"9,800.00"
2019-05-12,2019051201006783,KSBBL,26,17,56,149.00,"8,344.00"
2019-05-12,2019051201006782,KSBBL,26,55,100,149.00,"14,900.00"
2019-05-12,2019051201006541,KSBBL,50,57,30,148.00,"4,440.00"
2019-05-12,2019051201006830,LBBL,38,49,100,192.00,"19,200.00"
2019-05-12,2019051201006816,LBBL,19,4,100,193.00,"19,300.00"
2019-05-12,2019051201006587,LBL,48,16,"1,000",227.00,"227,000.00"
2019-05-12,2019051201006586,LBL,48,33,"1,500",226.00,"339,000.00"
2019-05-12,2019051201006585,LBL,48,52,"1,000",225.00,"225,000.00"
2019-05-12,2019051201006584,LBL,48,45,20,225.00,"4,500.00"
2019-05-12,2019051201006583,LBL,48,19,500,225.00,"112,500.00"
2019-05-12,2019051201006985,LICN,54,36,100,"1,900.00","190,000.00"
2019-05-12,2019051201006613,LICN,28,32,150,"1,901.00","285,150.00"
2019-05-12,2019051201006612,LICN,28,32,200,"1,902.00","380,400.00"
2019-05-12,2019051201006796,MBL,43,51,200,268.00,"53,600.00"
2019-05-12,2019051201006762,MBL,36,33,100,267.00,"26,700.00"
2019-05-12,2019051201006655,MBL,36,51,"2,500",267.00,"667,500.00"
2019-05-12,2019051201006654,MBL,36,26,327,267.00,"87,309.00"
2019-05-12,2019051201006542,MBL,49,43,"1,000",266.00,"266,000.00"
2019-05-12,2019051201006988,MEGA,57,44,500,192.00,"96,000.00"
2019-05-12,2019051201006876,MEGA,13,44,300,192.00,"57,600.00"
2019-05-12,2019051201006855,MEGA,51,42,202,191.00,"38,582.00"
2019-05-12,2019051201006692,MEGA,49,1,101,192.00,"19,392.00"
2019-05-12,2019051201006549,MERO,22,1,50,636.00,"31,800.00"
2019-05-12,2019051201006548,MERO,11,1,50,636.00,"31,800.00"
2019-05-12,2019051201006833,MLBL,49,25,200,187.00,"37,400.00"
2019-05-12,2019051201006616,MLBL,49,50,369,187.00,"69,003.00"
2019-05-12,2019051201006894,MNBBL,59,41,182,380.00,"69,160.00"
2019-05-12,2019051201006893,MNBBL,59,19,939,380.00,"356,820.00"
2019-05-12,2019051201006892,MNBBL,59,38,200,379.00,"75,800.00"
2019-05-12,2019051201006534,MSLB,1,17,50,"1,165.00","58,250.00"
2019-05-12,2019051201006533,MSLB,55,17,30,"1,167.00","35,010.00"
2019-05-12,2019051201006532,MSLB,17,17,50,"1,168.00","58,400.00"
2019-05-12,2019051201006625,NABIL,8,55,200,840.00,"168,000.00"
2019-05-12,2019051201006624,NABIL,8,34,220,840.00,"184,800.00"
2019-05-12,2019051201006580,NABIL,49,34,230,840.00,"193,200.00"
2019-05-12,2019051201006579,NABIL,49,41,50,840.00,"42,000.00"
2019-05-12,2019051201006578,NABIL,49,42,50,840.00,"42,000.00"
2019-05-12,2019051201006577,NABIL,49,33,170,839.00,"142,630.00"
2019-05-12,2019051201006793,NABILP,59,49,10,820.00,"8,200.00"
2019-05-12,2019051201006963,NADEP,25,25,200,505.00,"101,000.00"
2019-05-12,2019051201006564,NBB,58,32,300,227.00,"68,100.00"
2019-05-12,2019051201006531,NBB,48,1,"1,000",227.00,"227,000.00"
2019-05-12,2019051201006566,NBBL,52,32,50,588.00,"29,400.00"
2019-05-12,2019051201006565,NBBL,51,32,100,590.00,"59,000.00"
2019-05-12,2019051201006932,NBL,43,49,230,309.00,"71,070.00"
2019-05-12,2019051201006931,NBL,4,49,270,309.00,"83,430.00"
2019-05-12,2019051201006910,NBL,4,36,130,309.00,"40,170.00"
2019-05-12,2019051201006909,NBL,21,36,20,309.00,"6,180.00"
2019-05-12,2019051201006908,NBL,59,36,850,309.00,"262,650.00"
2019-05-12,2019051201006822,NBL,59,1,150,309.00,"46,350.00"
2019-05-12,2019051201006589,NBL,53,52,100,309.00,"30,900.00"
2019-05-12,2019051201006588,NBL,56,52,455,309.00,"140,595.00"
2019-05-12,2019051201006627,NBL,16,42,"1,000",309.00,"309,000.00"
2019-05-12,2019051201006626,NBL,16,42,455,309.00,"140,595.00"
2019-05-12,2019051201006597,NBL,16,52,500,309.00,"154,500.00"
2019-05-12,2019051201006592,NBL,16,52,45,309.00,"13,905.00"
2019-05-12,2019051201006591,NBL,29,52,100,309.00,"30,900.00"
2019-05-12,2019051201006590,NBL,57,52,100,309.00,"30,900.00"
2019-05-12,2019051201006633,NBL,1,42,300,309.00,"92,700.00"
2019-05-12,2019051201006632,NBL,51,42,500,309.00,"154,500.00"
2019-05-12,2019051201006631,NBL,14,42,"1,000",309.00,"309,000.00"
2019-05-12,2019051201006630,NBL,6,42,"1,000",309.00,"309,000.00"
2019-05-12,2019051201006629,NBL,6,42,"1,000",309.00,"309,000.00"
2019-05-12,2019051201006628,NBL,16,42,300,309.00,"92,700.00"
2019-05-12,2019051201006738,NBL,16,46,"1,000",309.00,"309,000.00"
2019-05-12,2019051201006737,NBL,59,46,200,309.00,"61,800.00"
2019-05-12,2019051201006637,NBL,51,42,500,309.00,"154,500.00"
2019-05-12,2019051201006636,NBL,46,42,500,309.00,"154,500.00"
2019-05-12,2019051201006635,NBL,55,42,"1,000",309.00,"309,000.00"
2019-05-12,2019051201006634,NBL,45,42,500,309.00,"154,500.00"
2019-05-12,2019051201006821,NBL,16,1,150,309.00,"46,350.00"
2019-05-12,2019051201006810,NBL,16,34,300,309.00,"92,700.00"
2019-05-12,2019051201006809,NBL,16,46,50,309.00,"15,450.00"
2019-05-12,2019051201006801,NBL,13,46,600,309.00,"185,400.00"
2019-05-12,2019051201006760,NBL,53,46,100,309.00,"30,900.00"
2019-05-12,2019051201006739,NBL,40,46,50,309.00,"15,450.00"
2019-05-12,2019051201007003,NCCB,58,21,20,247.00,"4,940.00"
2019-05-12,2019051201006990,NCCB,25,33,400,246.00,"98,400.00"
2019-05-12,2019051201006823,NGPL,21,25,10,118.00,"1,180.00"
2019-05-12,2019051201006724,NHPC,35,41,"2,000",65.00,"130,000.00"
2019-05-12,2019051201006723,NHPC,55,41,"1,000",65.00,"65,000.00"
2019-05-12,2019051201006722,NHPC,1,41,"1,000",65.00,"65,000.00"
2019-05-12,2019051201006721,NHPC,35,41,"1,000",65.00,"65,000.00"
2019-05-12,2019051201006720,NHPC,41,41,200,65.00,"13,000.00"
2019-05-12,2019051201006719,NHPC,21,41,200,65.00,"13,000.00"
2019-05-12,2019051201006718,NHPC,21,41,500,65.00,"32,500.00"
2019-05-12,2019051201006713,NHPC,52,41,"2,000",66.00,"132,000.00"
2019-05-12,2019051201006712,NHPC,7,41,"1,900",66.00,"125,400.00"
2019-05-12,2019051201006711,NHPC,6,41,90,67.00,"6,030.00"
2019-05-12,2019051201006672,NHPC,6,58,10,67.00,670.00
2019-05-12,2019051201006996,NIB,48,57,349,547.00,"190,903.00"
2019-05-12,2019051201006995,NIB,59,57,56,547.00,"30,632.00"
2019-05-12,2019051201006994,NIB,22,57,50,547.00,"27,350.00"
2019-05-12,2019051201006993,NIB,49,57,45,547.00,"24,615.00"
2019-05-12,2019051201006891,NIB,48,6,100,550.00,"55,000.00"
2019-05-12,2019051201006890,NIB,48,34,36,550.00,"19,800.00"
2019-05-12,2019051201006524,NIB,38,8,100,545.00,"54,500.00"
2019-05-12,2019051201006523,NIB,44,8,100,545.00,"54,500.00"
2019-05-12,2019051201006522,NIB,52,8,44,545.00,"23,980.00"
2019-05-12,2019051201006827,NIB,49,8,140,547.00,"76,580.00"
2019-05-12,2019051201006826,NIB,11,8,100,547.00,"54,700.00"
2019-05-12,2019051201006752,NIB,39,8,44,547.00,"24,068.00"
2019-05-12,2019051201006740,NIB,11,8,56,547.00,"30,632.00"
2019-05-12,2019051201006727,NIB,11,13,44,547.00,"24,068.00"
2019-05-12,2019051201006525,NIB,38,8,50,545.00,"27,250.00"
2019-05-12,2019051201006889,NIB,48,45,63,550.00,"34,650.00"
2019-05-12,2019051201006888,NIB,48,48,300,550.00,"165,000.00"
2019-05-12,2019051201006887,NIB,48,48,200,550.00,"110,000.00"
2019-05-12,2019051201006886,NIB,48,19,200,550.00,"110,000.00"
2019-05-12,2019051201006885,NIB,48,8,500,549.00,"274,500.00"
2019-05-12,2019051201006884,NIB,48,22,540,548.00,"295,920.00"
2019-05-12,2019051201006940,NICA,26,25,175,491.00,"85,925.00"
2019-05-12,2019051201006678,NICA,26,45,300,491.00,"147,300.00"
2019-05-12,2019051201006677,NICA,53,45,300,491.00,"147,300.00"
2019-05-12,2019051201006899,NICL,45,42,100,395.00,"39,500.00"
2019-05-12,2019051201006688,NICL,29,54,16,397.00,"6,352.00"
2019-05-12,2019051201006687,NICL,29,58,184,397.00,"73,048.00"
2019-05-12,2019051201006604,NICL,56,58,10,397.00,"3,970.00"
2019-05-12,2019051201006962,NIL,29,33,20,525.00,"10,500.00"
2019-05-12,2019051201006905,NIL,36,46,"1,000",525.00,"525,000.00"
2019-05-12,2019051201006904,NIL,35,46,50,525.00,"26,250.00"
2019-05-12,2019051201006903,NIL,19,46,500,525.00,"262,500.00"
2019-05-12,2019051201006902,NIL,53,46,100,525.00,"52,500.00"
2019-05-12,2019051201006901,NIL,51,46,200,525.00,"105,000.00"
2019-05-12,2019051201006900,NIL,54,46,120,525.00,"63,000.00"
2019-05-12,2019051201006800,NIL,54,22,80,525.00,"42,000.00"
2019-05-12,2019051201006799,NIL,43,22,20,525.00,"10,500.00"
2019-05-12,2019051201006570,NIL,51,44,"1,000",526.00,"526,000.00"
2019-05-12,2019051201006750,NLIC,1,44,22,960.00,"21,120.00"
2019-05-12,2019051201006749,NLIC,42,44,100,960.00,"96,000.00"
2019-05-12,2019051201006748,NLIC,42,44,100,960.00,"96,000.00"
2019-05-12,2019051201006747,NLIC,39,44,200,960.00,"192,000.00"
2019-05-12,2019051201006746,NLIC,22,44,50,960.00,"48,000.00"
2019-05-12,2019051201006745,NLIC,56,44,167,960.00,"160,320.00"
2019-05-12,2019051201006684,NLIC,59,32,38,962.00,"36,556.00"
2019-05-12,2019051201006683,NLIC,42,32,31,962.00,"29,822.00"
2019-05-12,2019051201006538,NLIC,42,32,69,962.00,"66,378.00"
2019-05-12,2019051201006537,NLIC,37,44,26,961.00,"24,986.00"
2019-05-12,2019051201006744,NLIC,5,44,10,960.00,"9,600.00"
2019-05-12,2019051201006743,NLIC,42,44,114,960.00,"109,440.00"
2019-05-12,2019051201006742,NLIC,6,44,23,961.00,"22,103.00"
2019-05-12,2019051201006741,NLIC,37,44,114,961.00,"109,554.00"
2019-05-12,2019051201006736,NLIC,50,59,91,963.00,"87,633.00"
2019-05-12,2019051201006686,NLIC,59,59,112,963.00,"107,856.00"
2019-05-12,2019051201006667,NLICL,35,29,400,667.00,"266,800.00"
2019-05-12,2019051201006666,NLICL,37,29,100,667.00,"66,700.00"
2019-05-12,2019051201006930,NMB,34,35,100,381.00,"38,100.00"
2019-05-12,2019051201006764,NMB,34,34,300,381.00,"114,300.00"
2019-05-12,2019051201006763,NMB,49,34,100,381.00,"38,100.00"
2019-05-12,2019051201006946,OHL,42,17,860,618.00,"531,480.00"
2019-05-12,2019051201006945,OHL,25,17,300,619.00,"185,700.00"
2019-05-12,2019051201006875,OHL,42,34,600,618.00,"370,800.00"
2019-05-12,2019051201006820,OHL,42,33,"1,000",618.00,"618,000.00"
2019-05-12,2019051201006813,OHL,42,17,540,618.00,"333,720.00"
2019-05-12,2019051201006528,OHL,57,59,200,624.00,"124,800.00"
2019-05-12,2019051201006527,OHL,17,59,515,625.00,"321,875.00"
2019-05-12,2019051201006526,OHL,57,59,200,626.00,"125,200.00"
2019-05-12,2019051201006676,OHL,59,33,500,622.00,"311,000.00"
2019-05-12,2019051201006675,OHL,50,33,32,622.00,"19,904.00"
2019-05-12,2019051201006600,OHL,17,59,50,623.00,"31,150.00"
2019-05-12,2019051201006599,OHL,45,59,"3,000",623.00,"1,869,000.00"
2019-05-12,2019051201006529,OHL,58,59,"1,000",624.00,"624,000.00"
2019-05-12,2019051201006779,OHL,57,44,50,619.00,"30,950.00"
2019-05-12,2019051201006778,OHL,25,44,200,620.00,"124,000.00"
2019-05-12,2019051201006777,OHL,26,44,10,621.00,"6,210.00"
2019-05-12,2019051201006812,OHL,45,17,"1,160",618.00,"716,880.00"
2019-05-12,2019051201006811,OHL,57,17,300,619.00,"185,700.00"
2019-05-12,2019051201006794,OHL,45,44,400,618.00,"247,200.00"
2019-05-12,2019051201006781,OHL,45,44,440,618.00,"271,920.00"
2019-05-12,2019051201006780,OHL,57,44,300,619.00,"185,700.00"
2019-05-12,2019051201006786,PCBL,43,38,500,353.00,"176,500.00"
2019-05-12,2019051201006560,PCBL,43,29,113,353.00,"39,889.00"
2019-05-12,2019051201007002,PFL,34,41,300,133.00,"39,900.00"
2019-05-12,2019051201007001,PFL,6,41,246,133.00,"32,718.00"
2019-05-12,2019051201007000,PIC,57,48,50,"1,265.00","63,250.00"
2019-05-12,2019051201006991,PIC,48,34,11,"1,264.00","13,904.00"
2019-05-12,2019051201006769,PIC,6,46,39,"1,265.00","49,335.00"
2019-05-12,2019051201006716,PIC,6,6,11,"1,265.00","13,915.00"
2019-05-12,2019051201006680,PIC,40,6,89,"1,265.00","112,585.00"
2019-05-12,2019051201006679,PIC,40,51,11,"1,265.00","13,915.00"
2019-05-12,2019051201006651,PIC,11,55,11,"1,264.00","13,904.00"
2019-05-12,2019051201006650,PIC,11,45,100,"1,263.00","126,300.00"
2019-05-12,2019051201006649,PIC,11,14,20,"1,260.00","25,200.00"
2019-05-12,2019051201006641,PIC,40,6,1,"1,239.00","1,239.00"
2019-05-12,2019051201006605,PIC,34,14,80,"1,260.00","100,800.00"
2019-05-12,2019051201006733,PICL,45,21,21,751.00,"15,771.00"
2019-05-12,2019051201006567,PICL,21,39,90,754.00,"67,860.00"
2019-05-12,2019051201006984,PMHPL,8,1,10,116.00,"1,160.00"
2019-05-12,2019051201006977,PMHPL,8,43,10,116.00,"1,160.00"
2019-05-12,2019051201006976,PMHPL,8,43,10,116.00,"1,160.00"
2019-05-12,2019051201006975,PMHPL,8,43,10,116.00,"1,160.00"
2019-05-12,2019051201006974,PMHPL,8,43,10,116.00,"1,160.00"
2019-05-12,2019051201006973,PMHPL,8,43,10,116.00,"1,160.00"
2019-05-12,2019051201006907,PMHPL,59,1,10,115.00,"1,150.00"
2019-05-12,2019051201006776,PMHPL,59,42,10,115.00,"1,150.00"
2019-05-12,2019051201006669,PMHPL,59,49,10,115.00,"1,150.00"
2019-05-12,2019051201006972,PMHPL,8,43,10,116.00,"1,160.00"
2019-05-12,2019051201006971,PMHPL,8,43,10,116.00,"1,160.00"
2019-05-12,2019051201006957,PMHPL,59,51,10,115.00,"1,150.00"
2019-05-12,2019051201006929,PMHPL,59,51,10,115.00,"1,150.00"
2019-05-12,2019051201006927,PMHPL,59,1,10,115.00,"1,150.00"
2019-05-12,2019051201006912,PMHPL,59,51,10,115.00,"1,150.00"
2019-05-12,2019051201006517,PRVU,36,26,200,281.00,"56,200.00"
2019-05-12,2019051201006681,PRVU,14,35,200,281.00,"56,200.00"
2019-05-12,2019051201006753,PRVU,14,35,20,281.00,"5,620.00"
2019-05-12,2019051201006682,PRVU,51,35,200,281.00,"56,200.00"
2019-05-12,2019051201006804,PRVU,51,34,200,281.00,"56,200.00"
2019-05-12,2019051201006941,RADHI,29,50,15,159.00,"2,385.00"
2019-05-12,2019051201006918,RADHI,29,49,11,159.00,"1,749.00"
2019-05-12,2019051201006917,RADHI,29,45,11,159.00,"1,749.00"
2019-05-12,2019051201006916,RADHI,29,45,11,159.00,"1,749.00"
2019-05-12,2019051201006915,RADHI,29,39,11,159.00,"1,749.00"
2019-05-12,2019051201006914,RADHI,29,51,11,159.00,"1,749.00"
2019-05-12,2019051201006668,RADHI,38,38,1,159.00,159.00
2019-05-12,2019051201006563,RBCLPO,33,42,10,"8,900.00","89,000.00"
2019-05-12,2019051201006562,RBCLPO,32,42,55,"8,900.00","489,500.00"
2019-05-12,2019051201006561,RBCLPO,33,42,10,"8,905.00","89,050.00"
2019-05-12,2019051201006546,RBCLPO,56,42,20,"8,906.00","178,120.00"
2019-05-12,2019051201006596,SAEF,47,22,200,9.64,"1,928.00"
2019-05-12,2019051201006704,SANIMA,14,40,100,357.00,"35,700.00"
2019-05-12,2019051201006703,SANIMA,14,55,500,357.00,"178,500.00"
2019-05-12,2019051201006702,SANIMA,14,39,967,357.00,"345,219.00"
2019-05-12,2019051201006661,SANIMA,44,13,250,356.00,"89,000.00"
2019-05-12,2019051201006660,SANIMA,44,19,250,356.00,"89,000.00"
2019-05-12,2019051201006659,SANIMA,44,6,849,356.00,"302,244.00"
2019-05-12,2019051201006814,SBI,45,28,10,484.00,"4,840.00"
2019-05-12,2019051201006639,SBI,52,56,66,485.00,"32,010.00"
2019-05-12,2019051201006638,SBI,52,16,300,485.00,"145,500.00"
2019-05-12,2019051201006825,SBL,25,10,"1,290",340.00,"438,600.00"
2019-05-12,2019051201006759,SBL,26,10,500,340.00,"170,000.00"
2019-05-12,2019051201006758,SBL,19,10,200,340.00,"68,000.00"
2019-05-12,2019051201006757,SBL,28,10,10,340.00,"3,400.00"
2019-05-12,2019051201006701,SCB,49,44,54,691.00,"37,314.00"
2019-05-12,2019051201006652,SCB,49,55,300,691.00,"207,300.00"
2019-05-12,2019051201006569,SCB,49,37,126,691.00,"87,066.00"
2019-05-12,2019051201006568,SCB,49,1,20,690.00,"13,800.00"
2019-05-12,2019051201006772,SDESI,38,38,1,616.00,616.00
2019-05-12,2019051201006518,SDESI,38,38,1,616.00,616.00
2019-05-12,2019051201007013,SHIVM,29,25,200,450.00,"90,000.00"
2019-05-12,2019051201006998,SHIVM,5,44,100,451.00,"45,100.00"
2019-05-12,2019051201006967,SHIVM,29,38,50,450.00,"22,500.00"
2019-05-12,2019051201006961,SHIVM,29,19,290,452.00,"131,080.00"
2019-05-12,2019051201006960,SHIVM,29,32,100,451.00,"45,100.00"
2019-05-12,2019051201006951,SHIVM,26,19,100,452.00,"45,200.00"
2019-05-12,2019051201006535,SHIVM,36,33,220,445.00,"97,900.00"
2019-05-12,2019051201006530,SHIVM,28,33,50,445.00,"22,250.00"
2019-05-12,2019051201006557,SHIVM,38,55,50,446.00,"22,300.00"
2019-05-12,2019051201006551,SHIVM,59,55,50,446.00,"22,300.00"
2019-05-12,2019051201006545,SHIVM,36,6,30,445.00,"13,350.00"
2019-05-12,2019051201006544,SHIVM,36,13,100,445.00,"44,500.00"
2019-05-12,2019051201006543,SHIVM,36,39,70,445.00,"31,150.00"
2019-05-12,2019051201006536,SHIVM,36,39,280,445.00,"124,600.00"
2019-05-12,2019051201006619,SHIVM,43,48,50,447.00,"22,350.00"
2019-05-12,2019051201006618,SHIVM,43,48,50,447.00,"22,350.00"
2019-05-12,2019051201006575,SHIVM,57,6,50,446.00,"22,300.00"
2019-05-12,2019051201006574,SHIVM,57,35,300,446.00,"133,800.00"
2019-05-12,2019051201006573,SHIVM,38,45,50,445.00,"22,250.00"
2019-05-12,2019051201006558,SHIVM,38,35,700,446.00,"312,200.00"
2019-05-12,2019051201006646,SHIVM,29,42,50,448.00,"22,400.00"
2019-05-12,2019051201006645,SHIVM,29,45,50,448.00,"22,400.00"
2019-05-12,2019051201006644,SHIVM,29,42,20,448.00,"8,960.00"
2019-05-12,2019051201006643,SHIVM,29,25,50,448.00,"22,400.00"
2019-05-12,2019051201006621,SHIVM,43,42,300,447.00,"134,100.00"
2019-05-12,2019051201006620,SHIVM,43,48,50,447.00,"22,350.00"
2019-05-12,2019051201006728,SHIVM,29,41,100,449.00,"44,900.00"
2019-05-12,2019051201006700,SHIVM,6,41,50,449.00,"22,450.00"
2019-05-12,2019051201006673,SHIVM,3,45,100,448.00,"44,800.00"
2019-05-12,2019051201006657,SHIVM,45,49,50,449.00,"22,450.00"
2019-05-12,2019051201006656,SHIVM,45,39,50,449.00,"22,450.00"
2019-05-12,2019051201006647,SHIVM,29,13,100,448.00,"44,800.00"
2019-05-12,2019051201006785,SHIVM,41,58,50,449.00,"22,450.00"
2019-05-12,2019051201006784,SHIVM,41,50,150,449.00,"67,350.00"
2019-05-12,2019051201006771,SHIVM,21,50,50,449.00,"22,450.00"
2019-05-12,2019051201006765,SHIVM,3,28,300,450.00,"135,000.00"
2019-05-12,2019051201006730,SHIVM,29,41,50,449.00,"22,450.00"
2019-05-12,2019051201006729,SHIVM,29,41,50,449.00,"22,450.00"
2019-05-12,2019051201006844,SHIVM,43,45,260,450.00,"117,000.00"
2019-05-12,2019051201006843,SHIVM,43,38,100,450.00,"45,000.00"
2019-05-12,2019051201006842,SHIVM,43,28,451,450.00,"202,950.00"
2019-05-12,2019051201006841,SHIVM,43,51,40,449.00,"17,960.00"
2019-05-12,2019051201006840,SHIVM,29,46,10,448.00,"4,480.00"
2019-05-12,2019051201006803,SHIVM,43,58,150,449.00,"67,350.00"
2019-05-12,2019051201006864,SHIVM,20,44,800,450.00,"360,000.00"
2019-05-12,2019051201006857,SHIVM,29,25,100,448.00,"44,800.00"
2019-05-12,2019051201006848,SHIVM,43,44,19,450.00,"8,550.00"
2019-05-12,2019051201006847,SHIVM,43,35,40,450.00,"18,000.00"
2019-05-12,2019051201006846,SHIVM,43,25,50,450.00,"22,500.00"
2019-05-12,2019051201006845,SHIVM,43,38,40,450.00,"18,000.00"
2019-05-12,2019051201006870,SHIVM,48,57,50,450.00,"22,500.00"
2019-05-12,2019051201006869,SHIVM,48,57,50,450.00,"22,500.00"
2019-05-12,2019051201006868,SHIVM,48,22,500,450.00,"225,000.00"
2019-05-12,2019051201006867,SHIVM,48,11,30,450.00,"13,500.00"
2019-05-12,2019051201006866,SHIVM,48,42,50,450.00,"22,500.00"
2019-05-12,2019051201006865,SHIVM,48,44,181,450.00,"81,450.00"
2019-05-12,2019051201006911,SHIVM,22,22,100,450.00,"45,000.00"
2019-05-12,2019051201006898,SHIVM,38,22,25,450.00,"11,250.00"
2019-05-12,2019051201006874,SHIVM,48,22,39,450.00,"17,550.00"
2019-05-12,2019051201006873,SHIVM,48,25,50,450.00,"22,500.00"
2019-05-12,2019051201006872,SHIVM,48,21,50,450.00,"22,500.00"
2019-05-12,2019051201006871,SHIVM,48,44,"1,000",450.00,"450,000.00"
2019-05-12,2019051201006925,SHIVM,29,21,150,450.00,"67,500.00"
2019-05-12,2019051201006922,SHIVM,29,1,11,450.00,"4,950.00"
2019-05-12,2019051201006921,SHIVM,40,1,39,450.00,"17,550.00"
2019-05-12,2019051201006920,SHIVM,40,34,100,450.00,"45,000.00"
2019-05-12,2019051201006919,SHIVM,40,22,61,450.00,"27,450.00"
2019-05-12,2019051201006913,SHIVM,38,22,225,450.00,"101,250.00"
2019-05-12,2019051201006938,SHIVM,40,41,50,451.00,"22,550.00"
2019-05-12,2019051201006937,SHIVM,40,32,200,451.00,"90,200.00"
2019-05-12,2019051201006936,SHIVM,40,41,500,451.00,"225,500.00"
2019-05-12,2019051201006935,SHIVM,40,38,50,451.00,"22,550.00"
2019-05-12,2019051201006934,SHIVM,40,47,50,451.00,"22,550.00"
2019-05-12,2019051201006933,SHIVM,40,47,50,451.00,"22,550.00"
2019-05-12,2019051201006950,SHIVM,26,26,50,452.00,"22,600.00"
2019-05-12,2019051201006949,SHIVM,26,35,200,452.00,"90,400.00"
2019-05-12,2019051201006948,SHIVM,26,37,100,452.00,"45,200.00"
2019-05-12,2019051201006947,SHIVM,26,1,50,452.00,"22,600.00"
2019-05-12,2019051201006944,SHIVM,38,34,500,452.00,"226,000.00"
2019-05-12,2019051201006939,SHIVM,40,25,10,451.00,"4,510.00"
2019-05-12,2019051201006768,SHL,42,58,100,239.00,"23,900.00"
2019-05-12,2019051201006614,SHL,42,19,110,239.00,"26,290.00"
2019-05-12,2019051201006581,SHL,16,5,400,240.00,"96,000.00"
2019-05-12,2019051201006550,SHL,16,51,100,240.00,"24,000.00"
2019-05-12,2019051201006839,SHPC,48,48,58,260.00,"15,080.00"
2019-05-12,2019051201006838,SHPC,48,46,13,258.00,"3,354.00"
2019-05-12,2019051201006837,SHPC,48,50,100,257.00,"25,700.00"
2019-05-12,2019051201006836,SHPC,48,39,29,257.00,"7,453.00"
2019-05-12,2019051201006547,SHPC,48,39,10,257.00,"2,570.00"
2019-05-12,2019051201007004,SIC,51,55,60,"1,580.00","94,800.00"
2019-05-12,2019051201006982,SIC,51,40,40,"1,580.00","63,200.00"
2019-05-12,2019051201006981,SIC,52,40,50,"1,580.00","79,000.00"
2019-05-12,2019051201006980,SIC,29,40,100,"1,580.00","158,000.00"
2019-05-12,2019051201006979,SIC,38,40,10,"1,582.00","15,820.00"
2019-05-12,2019051201006978,SIC,38,43,20,"1,582.00","31,640.00"
2019-05-12,2019051201006789,SIC,41,49,10,"1,585.00","15,850.00"
2019-05-12,2019051201006788,SIC,45,49,10,"1,585.00","15,850.00"
2019-05-12,2019051201006670,SIC,22,40,30,"1,589.00","47,670.00"
2019-05-12,2019051201006648,SIC,17,40,65,"1,589.00","103,285.00"
2019-05-12,2019051201006623,SIC,17,40,125,"1,589.00","198,625.00"
2019-05-12,2019051201006622,SIC,17,48,10,"1,589.00","15,890.00"
2019-05-12,2019051201006959,SIC,19,43,100,"1,582.00","158,200.00"
2019-05-12,2019051201006943,SIC,35,43,10,"1,582.00","15,820.00"
2019-05-12,2019051201006942,SIC,42,43,350,"1,582.00","553,700.00"
2019-05-12,2019051201006924,SIC,25,49,200,"1,585.00","317,000.00"
2019-05-12,2019051201006791,SIC,51,49,100,"1,585.00","158,500.00"
2019-05-12,2019051201006790,SIC,52,49,100,"1,585.00","158,500.00"
2019-05-12,2019051201006540,SIL,25,45,14,618.00,"8,652.00"
2019-05-12,2019051201006539,SIL,41,45,63,618.00,"38,934.00"
2019-05-12,2019051201006859,SKBBL,57,17,20,"1,000.00","20,000.00"
2019-05-12,2019051201006835,SKBBL,57,37,232,"1,000.00","232,000.00"
2019-05-12,2019051201006828,SKBBL,25,38,120,995.00,"119,400.00"
2019-05-12,2019051201006815,SKBBL,25,37,12,995.00,"11,940.00"
2019-05-12,2019051201006808,SKBBL,25,37,12,995.00,"11,940.00"
2019-05-12,2019051201006795,SKBBL,25,37,12,995.00,"11,940.00"
2019-05-12,2019051201006787,SKBBL,25,37,12,995.00,"11,940.00"
2019-05-12,2019051201006774,SKBBL,25,37,12,995.00,"11,940.00"
2019-05-12,2019051201006732,SKBBL,25,37,12,995.00,"11,940.00"
2019-05-12,2019051201006708,SKBBL,25,37,12,995.00,"11,940.00"
2019-05-12,2019051201006516,SKBBL,25,28,180,995.00,"179,100.00"
2019-05-12,2019051201006515,SKBBL,17,28,20,995.00,"19,900.00"
2019-05-12,2019051201006858,SLBBL,55,22,100,490.00,"49,000.00"
2019-05-12,2019051201006853,SLBS,28,14,200,894.00,"178,800.00"
2019-05-12,2019051201006852,SLBS,39,14,20,895.00,"17,900.00"
2019-05-12,2019051201006851,SLBS,49,14,10,900.00,"9,000.00"
2019-05-12,2019051201006850,SLBS,22,14,60,900.00,"54,000.00"
2019-05-12,2019051201006849,SLBS,48,14,30,900.00,"27,000.00"
2019-05-12,2019051201006734,SLBSL,41,49,10,589.00,"5,890.00"
2019-05-12,2019051201006863,SLICL,49,25,322,603.00,"194,166.00"
2019-05-12,2019051201006862,SLICL,49,37,100,603.00,"60,300.00"
2019-05-12,2019051201006861,SLICL,49,35,50,603.00,"30,150.00"
2019-05-12,2019051201006860,SLICL,49,1,28,603.00,"16,884.00"
2019-05-12,2019051201006725,SLICL,38,39,63,602.00,"37,926.00"
2019-05-12,2019051201006707,SLICL,6,40,200,602.00,"120,400.00"
2019-05-12,2019051201006663,SLICL,44,42,600,601.00,"360,600.00"
2019-05-12,2019051201006521,SLICL,22,28,104,602.00,"62,608.00"
2019-05-12,2019051201006520,SLICL,22,28,225,602.00,"135,450.00"
2019-05-12,2019051201006519,SLICL,22,6,588,602.00,"353,976.00"
2019-05-12,2019051201006928,UPCL,42,43,50,92.00,"4,600.00"
2019-05-12,2019051201006992,UPPER,51,42,200,234.00,"46,800.00"
2019-05-12,2019051201006969,UPPER,48,29,40,233.00,"9,320.00"
2019-05-12,2019051201006968,UPPER,37,29,10,233.00,"2,330.00"
2019-05-12,2019051201006824,UPPER,6,42,50,234.00,"11,700.00"
2019-05-12,2019051201006798,UPPER,37,29,40,233.00,"9,320.00"
2019-05-12,2019051201006610,UPPER,37,37,50,233.00,"11,650.00"
2019-05-12,2019051201006609,UPPER,37,37,40,233.00,"9,320.00"
2019-05-12,2019051201006608,UPPER,37,37,50,233.00,"11,650.00"
2019-05-12,2019051201006607,UPPER,37,37,40,233.00,"9,320.00"
2019-05-12,2019051201006606,UPPER,37,37,40,233.00,"9,320.00"
2019-05-12,2019051201006598,UPPER,36,22,20,232.00,"4,640.00"
2019-05-12,2019051201006766,UPPER,37,29,40,233.00,"9,320.00"
2019-05-12,2019051201006705,UPPER,37,49,40,233.00,"9,320.00"
2019-05-12,2019051201006658,UPPER,37,49,50,233.00,"11,650.00"
2019-05-12,2019051201006611,UPPER,37,37,50,233.00,"11,650.00"
2019-05-12,2019051201006362,ADBL,22,26,52,387.00,"20,124.00"
2019-05-12,2019051201006176,ADBL,22,29,648,387.00,"250,776.00"
2019-05-12,2019051201006175,ADBL,58,29,352,387.00,"136,224.00"
2019-05-12,2019051201006494,AHPC,36,48,"1,682",104.00,"174,928.00"
2019-05-12,2019051201006493,AHPC,7,48,62,104.00,"6,448.00"
2019-05-12,2019051201006422,ALBSL,42,47,10,465.00,"4,650.00"
2019-05-12,2019051201006402,ALBSL,42,36,10,465.00,"4,650.00"
2019-05-12,2019051201006290,ALBSL,42,14,10,465.00,"4,650.00"
2019-05-12,2019051201006127,ALICL,6,35,110,440.00,"48,400.00"
2019-05-12,2019051201006126,ALICL,22,35,70,440.00,"30,800.00"
2019-05-12,2019051201006125,ALICL,34,35,20,441.00,"8,820.00"
2019-05-12,2019051201006275,AMFI,17,58,10,576.00,"5,760.00"
2019-05-12,2019051201006312,BFC,45,56,50,96.00,"4,800.00"
2019-05-12,2019051201006311,BFC,6,56,10,96.00,960.00
2019-05-12,2019051201006509,BOKL,49,33,472,275.00,"129,800.00"
2019-05-12,2019051201006154,BOKL,22,33,203,275.00,"55,825.00"
2019-05-12,2019051201006153,BOKL,22,50,97,275.00,"26,675.00"
2019-05-12,2019051201006119,BOKL,48,5,200,273.00,"54,600.00"
2019-05-12,2019051201006064,BOKL,37,37,171,274.00,"46,854.00"
2019-05-12,2019051201006236,BPCL,21,34,33,364.00,"12,012.00"
2019-05-12,2019051201006015,BPCL,16,42,100,368.00,"36,800.00"
2019-05-12,2019051201006205,CBBL,16,34,30,953.00,"28,590.00"
2019-05-12,2019051201006222,CBL,34,36,"1,000",150.00,"150,000.00"
2019-05-12,2019051201006221,CBL,44,4,380,151.00,"57,380.00"
2019-05-12,2019051201006220,CBL,44,4,"1,620",151.00,"244,620.00"
2019-05-12,2019051201006504,CCBL,43,11,11,173.00,"1,903.00"
2019-05-12,2019051201006348,CCBL,43,56,35,173.00,"6,055.00"
2019-05-12,2019051201006260,CCBL,14,37,10,175.00,"1,750.00"
2019-05-12,2019051201006197,CCBL,43,34,173,173.00,"29,929.00"
2019-05-12,2019051201006196,CCBL,45,34,144,173.00,"24,912.00"
2019-05-12,2019051201006116,CCBL,48,37,100,175.00,"17,500.00"
2019-05-12,2019051201006109,CCBL,48,34,276,174.00,"48,024.00"
2019-05-12,2019051201006108,CCBL,48,57,97,174.00,"16,878.00"
2019-05-12,2019051201006033,CCBL,45,49,52,173.00,"8,996.00"
2019-05-12,2019051201006115,CCBL,48,49,"4,294",175.00,"751,450.00"
2019-05-12,2019051201006114,CCBL,48,49,60,175.00,"10,500.00"
2019-05-12,2019051201006113,CCBL,48,49,115,175.00,"20,125.00"
2019-05-12,2019051201006112,CCBL,48,58,200,175.00,"35,000.00"
2019-05-12,2019051201006111,CCBL,48,34,500,175.00,"87,500.00"
2019-05-12,2019051201006110,CCBL,48,39,214,175.00,"37,450.00"
2019-05-12,2019051201006320,CHCL,26,56,286,526.00,"150,436.00"
2019-05-12,2019051201006319,CHCL,36,56,112,527.00,"59,024.00"
2019-05-12,2019051201006157,CHCL,36,16,26,527.00,"13,702.00"
2019-05-12,2019051201006442,CZBIL,53,49,20,224.00,"4,480.00"
2019-05-12,2019051201006431,CZBIL,53,41,10,224.00,"2,240.00"
2019-05-12,2019051201006335,CZBIL,51,13,160,224.00,"35,840.00"
2019-05-12,2019051201006334,CZBIL,51,57,39,224.00,"8,736.00"
2019-05-12,2019051201006274,CZBIL,42,26,10,223.00,"2,230.00"
2019-05-12,2019051201006057,DBBL,26,6,20,132.00,"2,640.00"
2019-05-12,2019051201006318,EBL,28,49,40,667.00,"26,680.00"
2019-05-12,2019051201006199,EBL,46,39,200,669.00,"133,800.00"
2019-05-12,2019051201006198,EBL,46,57,50,668.00,"33,400.00"
2019-05-12,2019051201006190,EBL,35,39,55,666.00,"36,630.00"
2019-05-12,2019051201006189,EBL,28,39,45,668.00,"30,060.00"
2019-05-12,2019051201006044,EBL,28,29,435,667.00,"290,145.00"
2019-05-12,2019051201006416,EIC,10,47,379,435.00,"164,865.00"
2019-05-12,2019051201006415,EIC,10,55,10,435.00,"4,350.00"
2019-05-12,2019051201006414,EIC,10,32,166,435.00,"72,210.00"
2019-05-12,2019051201006433,GBBL,14,29,"1,500",220.00,"330,000.00"
2019-05-12,2019051201006200,GBBL,26,42,500,220.00,"110,000.00"
2019-05-12,2019051201006490,GBIME,35,42,20,309.00,"6,180.00"
2019-05-12,2019051201006249,GBIME,48,51,366,310.00,"113,460.00"
2019-05-12,2019051201006248,GBIME,48,7,500,310.00,"155,000.00"
2019-05-12,2019051201006247,GBIME,48,1,500,310.00,"155,000.00"
2019-05-12,2019051201006218,GBIME,42,51,100,310.00,"31,000.00"
2019-05-12,2019051201006195,GBIME,35,26,28,309.00,"8,652.00"
2019-05-12,2019051201006194,GBIME,44,26,54,309.00,"16,686.00"
2019-05-12,2019051201006039,GBIME,44,57,25,309.00,"7,725.00"
2019-05-12,2019051201006474,GDBL,22,21,829,206.00,"170,774.00"
2019-05-12,2019051201006473,GDBL,26,21,"1,000",206.00,"206,000.00"
2019-05-12,2019051201006472,GDBL,1,21,171,207.00,"35,397.00"
2019-05-12,2019051201006423,GFCL,46,35,100,121.00,"12,100.00"
2019-05-12,2019051201006406,GILB,38,48,19,"1,267.00","24,073.00"
2019-05-12,2019051201006405,GILB,38,48,19,"1,267.00","24,073.00"
2019-05-12,2019051201006404,GILB,38,48,19,"1,267.00","24,073.00"
2019-05-12,2019051201006297,GILB,19,14,18,"1,266.00","22,788.00"
2019-05-12,2019051201006038,GILB,38,49,19,"1,242.00","23,598.00"
2019-05-12,2019051201006323,HBL,58,35,"1,000",585.00,"585,000.00"
2019-05-12,2019051201006322,HBL,58,29,10,585.00,"5,850.00"
2019-05-12,2019051201006250,HBL,49,49,30,582.00,"17,460.00"
2019-05-12,2019051201006400,HDL,58,41,20,"1,979.00","39,580.00"
2019-05-12,2019051201006029,HGI,45,34,100,393.00,"39,300.00"
2019-05-12,2019051201006444,HIDCL,56,45,200,142.00,"28,400.00"
2019-05-12,2019051201006388,HIDCL,56,43,37,141.00,"5,217.00"
2019-05-12,2019051201006387,HIDCL,56,40,29,141.00,"4,089.00"
2019-05-12,2019051201006386,HIDCL,45,40,32,141.00,"4,512.00"
2019-05-12,2019051201006055,JBBL,26,57,26,141.00,"3,666.00"
2019-05-12,2019051201006469,JBNL,57,21,32,203.00,"6,496.00"
2019-05-12,2019051201006468,JBNL,50,21,968,203.00,"196,504.00"
2019-05-12,2019051201006467,JBNL,48,21,"1,000",204.00,"204,000.00"
2019-05-12,2019051201006452,JBNL,48,13,457,204.00,"93,228.00"
2019-05-12,2019051201006317,JBNL,48,56,125,204.00,"25,500.00"
2019-05-12,2019051201006316,JBNL,48,55,"1,508",204.00,"307,632.00"
2019-05-12,2019051201006063,JBNL,50,57,200,203.00,"40,600.00"
2019-05-12,2019051201006046,JBNL,50,40,402,203.00,"81,606.00"
2019-05-12,2019051201006315,JBNL,48,59,300,204.00,"61,200.00"
2019-05-12,2019051201006314,JBNL,48,45,50,204.00,"10,200.00"
2019-05-12,2019051201006313,JBNL,48,45,300,204.00,"61,200.00"
2019-05-12,2019051201006209,JBNL,50,34,20,203.00,"4,060.00"
2019-05-12,2019051201006182,JBNL,50,57,120,203.00,"24,360.00"
2019-05-12,2019051201006066,JBNL,50,34,231,203.00,"46,893.00"
2019-05-12,2019051201006507,KBBL,49,45,300,224.00,"67,200.00"
2019-05-12,2019051201006355,KBBL,38,38,"1,325",221.00,"292,825.00"
2019-05-12,2019051201006354,KBBL,38,38,135,221.00,"29,835.00"
2019-05-12,2019051201006353,KBBL,38,38,40,221.00,"8,840.00"
2019-05-12,2019051201006352,KBBL,33,38,500,222.00,"111,000.00"
2019-05-12,2019051201006214,KBBL,32,45,200,224.00,"44,800.00"
2019-05-12,2019051201006424,KBL,33,48,950,221.00,"209,950.00"
2019-05-12,2019051201006412,KBL,47,48,50,221.00,"11,050.00"
2019-05-12,2019051201006411,KBL,53,48,"1,000",221.00,"221,000.00"
2019-05-12,2019051201006368,KBL,48,21,195,223.00,"43,485.00"
2019-05-12,2019051201006367,KBL,48,21,200,223.00,"44,600.00"
2019-05-12,2019051201006366,KBL,48,5,"1,195",223.00,"266,485.00"
2019-05-12,2019051201006365,KBL,48,37,360,222.00,"79,920.00"
