Date,Transact. No.,Symbol,Buyer,Seller,Quantity,Rate,Amount
2020-12-27,2020122704001454,BBC,49,26,100,"2,541.00","254,100.00"
2020-12-27,2020122704001420,BBC,25,14,15,"2,550.00","38,250.00"
2020-12-27,2020122704001405,BBC,25,42,30,"2,550.00","76,500.00"
2020-12-27,2020122704001404,BBC,32,42,20,"2,550.00","51,000.00"
2020-12-27,2020122704001368,BBC,45,42,10,"2,570.00","25,700.00"
2020-12-27,2020122704001367,BBC,52,42,10,"2,570.00","25,700.00"
2020-12-27,2020122704001175,BBC,55,53,10,"2,593.00","25,930.00"
2020-12-27,2020122704001174,BBC,41,53,10,"2,595.00","25,950.00"
2020-12-27,2020122704001173,BBC,39,53,10,"2,595.00","25,950.00"
2020-12-27,2020122704001138,BBC,6,14,10,"2,600.00","26,000.00"
2020-12-27,2020122704001366,BBC,43,42,10,"2,588.00","25,880.00"
2020-12-27,2020122704001365,BBC,43,14,10,"2,588.00","25,880.00"
2020-12-27,2020122704001358,BBC,13,14,10,"2,589.00","25,890.00"
2020-12-27,2020122704001178,BBC,35,53,50,"2,591.00","129,550.00"
2020-12-27,2020122704001177,BBC,33,53,50,"2,591.00","129,550.00"
2020-12-27,2020122704001176,BBC,53,53,10,"2,592.00","25,920.00"
2020-12-27,2020122704001479,CMF1,38,6,"1,300",10.00,"13,000.00"
2020-12-27,2020122704001475,CMF1,38,6,"2,000",10.00,"20,000.00"
2020-12-27,2020122704001465,CMF1,38,6,200,10.00,"2,000.00"
2020-12-27,2020122704001455,CMF1,38,6,"1,000",10.00,"10,000.00"
2020-12-27,2020122704001251,CMF1,19,6,"10,650",10.00,"106,500.00"
2020-12-27,2020122704001250,CMF1,19,1,100,10.00,"1,000.00"
2020-12-27,2020122704001249,CMF1,19,55,750,10.00,"7,500.00"
2020-12-27,2020122704001482,GIC,39,6,10,546.00,"5,460.00"
2020-12-27,2020122704001480,GIC,39,45,20,546.00,"10,920.00"
2020-12-27,2020122704001478,GIC,39,45,10,546.00,"5,460.00"
2020-12-27,2020122704001467,GIC,39,51,10,546.00,"5,460.00"
2020-12-27,2020122704001459,GIC,35,35,200,546.00,"109,200.00"
2020-12-27,2020122704001458,GIC,28,38,10,547.00,"5,470.00"
2020-12-27,2020122704001015,GIC,41,6,10,548.00,"5,480.00"
2020-12-27,2020122704001014,GIC,41,8,10,548.00,"5,480.00"
2020-12-27,2020122704001011,GIC,41,8,10,548.00,"5,480.00"
2020-12-27,2020122704001008,GIC,41,14,10,548.00,"5,480.00"
2020-12-27,2020122704001007,GIC,41,20,10,548.00,"5,480.00"
2020-12-27,2020122704001006,GIC,41,58,10,548.00,"5,480.00"
2020-12-27,2020122704001027,GIC,41,4,10,548.00,"5,480.00"
2020-12-27,2020122704001026,GIC,41,20,10,548.00,"5,480.00"
2020-12-27,2020122704001025,GIC,41,44,10,548.00,"5,480.00"
2020-12-27,2020122704001020,GIC,41,26,110,548.00,"60,280.00"
2020-12-27,2020122704001019,GIC,41,20,10,548.00,"5,480.00"
2020-12-27,2020122704001016,GIC,41,58,10,548.00,"5,480.00"
2020-12-27,2020122704001047,GIC,41,47,10,548.00,"5,480.00"
2020-12-27,2020122704001045,GIC,41,29,10,548.00,"5,480.00"
2020-12-27,2020122704001042,GIC,41,45,10,548.00,"5,480.00"
2020-12-27,2020122704001035,GIC,41,44,10,548.00,"5,480.00"
2020-12-27,2020122704001030,GIC,41,20,10,548.00,"5,480.00"
2020-12-27,2020122704001028,GIC,41,34,10,548.00,"5,480.00"
2020-12-27,2020122704001063,GIC,41,57,10,548.00,"5,480.00"
2020-12-27,2020122704001060,GIC,41,16,10,548.00,"5,480.00"
2020-12-27,2020122704001058,GIC,41,26,10,548.00,"5,480.00"
2020-12-27,2020122704001055,GIC,41,57,10,548.00,"5,480.00"
2020-12-27,2020122704001054,GIC,41,20,10,548.00,"5,480.00"
2020-12-27,2020122704001053,GIC,41,58,10,548.00,"5,480.00"
2020-12-27,2020122704001083,GIC,41,38,10,548.00,"5,480.00"
2020-12-27,2020122704001075,GIC,41,59,10,548.00,"5,480.00"
2020-12-27,2020122704001069,GIC,41,40,10,548.00,"5,480.00"
2020-12-27,2020122704001066,GIC,41,48,10,548.00,"5,480.00"
2020-12-27,2020122704001065,GIC,41,58,10,548.00,"5,480.00"
2020-12-27,2020122704001064,GIC,41,38,10,548.00,"5,480.00"
2020-12-27,2020122704001101,GIC,41,39,10,548.00,"5,480.00"
2020-12-27,2020122704001098,GIC,41,4,10,548.00,"5,480.00"
2020-12-27,2020122704001093,GIC,41,38,10,548.00,"5,480.00"
2020-12-27,2020122704001090,GIC,41,8,10,548.00,"5,480.00"
2020-12-27,2020122704001086,GIC,34,35,10,549.00,"5,490.00"
2020-12-27,2020122704001085,GIC,34,21,10,549.00,"5,490.00"
2020-12-27,2020122704001112,GIC,6,58,10,548.00,"5,480.00"
2020-12-27,2020122704001110,GIC,6,22,10,548.00,"5,480.00"
2020-12-27,2020122704001106,GIC,41,10,10,548.00,"5,480.00"
2020-12-27,2020122704001105,GIC,41,38,10,548.00,"5,480.00"
2020-12-27,2020122704001104,GIC,41,58,10,548.00,"5,480.00"
2020-12-27,2020122704001103,GIC,41,36,10,548.00,"5,480.00"
2020-12-27,2020122704001126,GIC,6,58,10,548.00,"5,480.00"
2020-12-27,2020122704001125,GIC,6,49,10,548.00,"5,480.00"
2020-12-27,2020122704001123,GIC,6,49,10,548.00,"5,480.00"
2020-12-27,2020122704001121,GIC,6,58,10,548.00,"5,480.00"
2020-12-27,2020122704001120,GIC,6,38,10,548.00,"5,480.00"
2020-12-27,2020122704001115,GIC,6,35,10,548.00,"5,480.00"
2020-12-27,2020122704001141,GIC,29,3,10,548.00,"5,480.00"
2020-12-27,2020122704001137,GIC,29,3,10,548.00,"5,480.00"
2020-12-27,2020122704001136,GIC,29,34,10,548.00,"5,480.00"
2020-12-27,2020122704001132,GIC,29,49,10,548.00,"5,480.00"
2020-12-27,2020122704001131,GIC,6,58,10,548.00,"5,480.00"
2020-12-27,2020122704001128,GIC,6,58,10,548.00,"5,480.00"
2020-12-27,2020122704001147,GIC,29,3,10,548.00,"5,480.00"
2020-12-27,2020122704001146,GIC,29,58,10,548.00,"5,480.00"
2020-12-27,2020122704001145,GIC,29,41,10,548.00,"5,480.00"
2020-12-27,2020122704001144,GIC,29,42,10,548.00,"5,480.00"
2020-12-27,2020122704001143,GIC,29,3,10,548.00,"5,480.00"
2020-12-27,2020122704001142,GIC,29,36,10,548.00,"5,480.00"
2020-12-27,2020122704001165,GIC,58,34,10,548.00,"5,480.00"
2020-12-27,2020122704001163,GIC,58,36,10,548.00,"5,480.00"
2020-12-27,2020122704001162,GIC,58,16,10,548.00,"5,480.00"
2020-12-27,2020122704001157,GIC,29,34,10,548.00,"5,480.00"
2020-12-27,2020122704001156,GIC,29,8,10,548.00,"5,480.00"
2020-12-27,2020122704001155,GIC,29,36,10,548.00,"5,480.00"
2020-12-27,2020122704001195,GIC,28,56,10,548.00,"5,480.00"
2020-12-27,2020122704001190,GIC,28,41,10,548.00,"5,480.00"
2020-12-27,2020122704001187,GIC,58,21,10,548.00,"5,480.00"
2020-12-27,2020122704001184,GIC,58,21,10,548.00,"5,480.00"
2020-12-27,2020122704001179,GIC,58,39,30,548.00,"16,440.00"
2020-12-27,2020122704001166,GIC,58,57,50,548.00,"27,400.00"
2020-12-27,2020122704001206,GIC,21,58,10,547.00,"5,470.00"
2020-12-27,2020122704001205,GIC,21,34,10,547.00,"5,470.00"
2020-12-27,2020122704001204,GIC,21,19,10,547.00,"5,470.00"
2020-12-27,2020122704001202,GIC,21,58,10,547.00,"5,470.00"
2020-12-27,2020122704001200,GIC,21,14,10,547.00,"5,470.00"
2020-12-27,2020122704001198,GIC,21,36,10,547.00,"5,470.00"
2020-12-27,2020122704001221,GIC,21,28,10,547.00,"5,470.00"
2020-12-27,2020122704001220,GIC,21,58,10,547.00,"5,470.00"
2020-12-27,2020122704001219,GIC,21,45,10,547.00,"5,470.00"
2020-12-27,2020122704001214,GIC,21,32,10,547.00,"5,470.00"
2020-12-27,2020122704001211,GIC,21,58,40,547.00,"21,880.00"
2020-12-27,2020122704001207,GIC,21,13,10,547.00,"5,470.00"
2020-12-27,2020122704001245,GIC,41,47,10,548.00,"5,480.00"
2020-12-27,2020122704001243,GIC,41,58,10,548.00,"5,480.00"
2020-12-27,2020122704001242,GIC,41,11,10,548.00,"5,480.00"
2020-12-27,2020122704001240,GIC,21,6,10,547.00,"5,470.00"
2020-12-27,2020122704001227,GIC,21,42,10,547.00,"5,470.00"
2020-12-27,2020122704001226,GIC,21,49,10,547.00,"5,470.00"
2020-12-27,2020122704001270,GIC,21,59,10,547.00,"5,470.00"
2020-12-27,2020122704001269,GIC,21,58,10,547.00,"5,470.00"
2020-12-27,2020122704001267,GIC,21,59,10,547.00,"5,470.00"
2020-12-27,2020122704001263,GIC,21,59,10,547.00,"5,470.00"
2020-12-27,2020122704001248,GIC,41,38,10,548.00,"5,480.00"
2020-12-27,2020122704001247,GIC,41,22,10,548.00,"5,480.00"
2020-12-27,2020122704001311,GIC,21,29,10,547.00,"5,470.00"
2020-12-27,2020122704001297,GIC,21,59,10,547.00,"5,470.00"
2020-12-27,2020122704001291,GIC,21,59,10,547.00,"5,470.00"
2020-12-27,2020122704001281,GIC,21,59,10,547.00,"5,470.00"
2020-12-27,2020122704001273,GIC,21,29,10,547.00,"5,470.00"
2020-12-27,2020122704001271,GIC,21,58,10,547.00,"5,470.00"
2020-12-27,2020122704001332,GIC,21,59,10,547.00,"5,470.00"
2020-12-27,2020122704001326,GIC,21,59,10,547.00,"5,470.00"
2020-12-27,2020122704001322,GIC,21,59,10,547.00,"5,470.00"
2020-12-27,2020122704001321,GIC,21,58,10,547.00,"5,470.00"
2020-12-27,2020122704001315,GIC,21,58,10,547.00,"5,470.00"
2020-12-27,2020122704001313,GIC,21,58,10,547.00,"5,470.00"
2020-12-27,2020122704001345,GIC,28,38,40,548.00,"21,920.00"
2020-12-27,2020122704001344,GIC,28,59,10,548.00,"5,480.00"
2020-12-27,2020122704001340,GIC,58,38,10,547.00,"5,470.00"
2020-12-27,2020122704001337,GIC,58,40,20,547.00,"10,940.00"
2020-12-27,2020122704001336,GIC,25,40,190,547.00,"103,930.00"
2020-12-27,2020122704001335,GIC,25,49,10,547.00,"5,470.00"
2020-12-27,2020122704001352,GIC,58,17,10,547.00,"5,470.00"
2020-12-27,2020122704001350,GIC,58,17,10,547.00,"5,470.00"
2020-12-27,2020122704001349,GIC,58,54,10,547.00,"5,470.00"
2020-12-27,2020122704001348,GIC,28,35,260,549.00,"142,740.00"
2020-12-27,2020122704001347,GIC,28,51,120,548.00,"65,760.00"
2020-12-27,2020122704001346,GIC,28,21,70,548.00,"38,360.00"
2020-12-27,2020122704001401,GIC,39,58,10,546.00,"5,460.00"
2020-12-27,2020122704001399,GIC,29,3,10,547.00,"5,470.00"
2020-12-27,2020122704001385,GIC,29,43,10,547.00,"5,470.00"
2020-12-27,2020122704001361,GIC,58,46,10,547.00,"5,470.00"
2020-12-27,2020122704001359,GIC,58,47,10,547.00,"5,470.00"
2020-12-27,2020122704001354,GIC,58,43,10,547.00,"5,470.00"
2020-12-27,2020122704001431,GIC,56,38,80,547.00,"43,760.00"
2020-12-27,2020122704001414,GIC,56,49,100,547.00,"54,700.00"
2020-12-27,2020122704001413,GIC,56,41,10,547.00,"5,470.00"
2020-12-27,2020122704001412,GIC,56,47,10,547.00,"5,470.00"
2020-12-27,2020122704001407,GIC,20,35,30,549.00,"16,470.00"
2020-12-27,2020122704001406,GIC,20,36,10,548.00,"5,480.00"
2020-12-27,2020122704001456,GIC,39,1,10,546.00,"5,460.00"
2020-12-27,2020122704001447,GIC,41,38,120,547.00,"65,640.00"
2020-12-27,2020122704001446,GIC,56,38,170,547.00,"92,990.00"
2020-12-27,2020122704001444,GIC,56,58,10,547.00,"5,470.00"
2020-12-27,2020122704001439,GIC,56,21,10,547.00,"5,470.00"
2020-12-27,2020122704001435,GIC,56,39,10,547.00,"5,470.00"
2020-12-27,2020122704001395,GIMES1,56,42,"1,000",11.05,"11,050.00"
2020-12-27,2020122704001341,GIMES1,56,43,"3,500",11.05,"38,675.00"
2020-12-27,2020122704001338,GIMES1,56,43,"5,000",11.05,"55,250.00"
2020-12-27,2020122704001331,GIMES1,47,43,"5,000",11.04,"55,200.00"
2020-12-27,2020122704001324,GIMES1,47,43,"5,000",11.04,"55,200.00"
2020-12-27,2020122704001320,GIMES1,47,43,"5,000",11.04,"55,200.00"
2020-12-27,2020122704001081,GIMES1,50,43,"5,000",11.14,"55,700.00"
2020-12-27,2020122704001076,GIMES1,50,43,"5,000",11.14,"55,700.00"
2020-12-27,2020122704001261,GIMES1,7,43,"2,000",11.04,"22,080.00"
2020-12-27,2020122704001254,GIMES1,7,43,"5,000",11.04,"55,200.00"
2020-12-27,2020122704001241,GIMES1,7,43,"5,000",11.04,"55,200.00"
2020-12-27,2020122704001239,GIMES1,22,43,"1,500",11.12,"16,680.00"
2020-12-27,2020122704001192,GIMES1,22,45,"3,500",11.12,"38,920.00"
2020-12-27,2020122704001087,GIMES1,50,43,"5,000",11.14,"55,700.00"
2020-12-27,2020122704001312,GIMES1,47,43,"1,300",11.04,"14,352.00"
2020-12-27,2020122704001301,GIMES1,3,43,"3,700",11.05,"40,885.00"
2020-12-27,2020122704001286,GIMES1,3,43,"5,000",11.05,"55,250.00"
2020-12-27,2020122704001279,GIMES1,47,43,"5,000",11.04,"55,200.00"
2020-12-27,2020122704001265,GIMES1,47,43,"5,000",11.04,"55,200.00"
2020-12-27,2020122704001262,GIMES1,47,43,"3,000",11.04,"33,120.00"
2020-12-27,2020122704001057,LEMF,53,18,"1,000",9.81,"9,810.00"
2020-12-27,2020122704001426,LUK,22,45,100,9.16,916.00
2020-12-27,2020122704001258,LUK,22,21,500,9.16,"4,580.00"
2020-12-27,2020122704001209,LUK,22,29,900,9.16,"8,244.00"
2020-12-27,2020122704001208,LUK,19,29,500,9.17,"4,585.00"
2020-12-27,2020122704001498,NBF2,6,48,500,9.70,"4,850.00"
2020-12-27,2020122704001497,NBF2,6,34,"1,000",9.70,"9,700.00"
2020-12-27,2020122704001496,NBF2,6,22,"1,000",9.65,"9,650.00"
2020-12-27,2020122704001495,NBF2,6,51,100,9.60,960.00
2020-12-27,2020122704001494,NBF2,6,39,400,9.60,"3,840.00"
2020-12-27,2020122704001472,NBF2,16,41,100,9.53,953.00
2020-12-27,2020122704001471,NBF2,28,41,800,9.55,"7,640.00"
2020-12-27,2020122704001010,NBF2,16,35,500,9.53,"4,765.00"
2020-12-27,2020122704001483,NEF,53,41,"2,414",9.93,"23,971.02"
2020-12-27,2020122704001469,NEF,53,41,"2,063",9.93,"20,485.59"
2020-12-27,2020122704001468,NEF,53,41,351,9.93,"3,485.43"
2020-12-27,2020122704001387,NEF,17,50,"39,242",9.95,"390,457.90"
2020-12-27,2020122704001289,NEF,56,11,"1,127",9.96,"11,224.92"
2020-12-27,2020122704001272,NEF,56,11,"1,127",9.96,"11,224.92"
2020-12-27,2020122704001130,NEF,56,18,"2,414",9.96,"24,043.44"
2020-12-27,2020122704001124,NEF,56,18,"2,414",9.96,"24,043.44"
2020-12-27,2020122704001099,NEF,56,47,241,9.96,"2,400.36"
2020-12-27,2020122704001096,NEF,56,56,"2,414",9.96,"24,043.44"
2020-12-27,2020122704001017,NEF,34,34,"4,104",9.97,"40,916.88"
2020-12-27,2020122704001430,NIBLPF,56,18,"2,525",9.96,"25,149.00"
2020-12-27,2020122704001424,NIBLPF,56,18,"2,525",9.96,"25,149.00"
2020-12-27,2020122704001423,NIBLPF,56,18,"2,525",9.96,"25,149.00"
2020-12-27,2020122704001194,NIBLPF,56,45,"1,515",10.02,"15,180.30"
2020-12-27,2020122704001012,NIBLPF,17,42,"1,415",10.10,"14,291.50"
2020-12-27,2020122704001504,NIBPO,35,35,"48,441",440.00,"21,314,040.00"
2020-12-27,2020122704001503,NIBPO,17,35,"1,000",440.00,"440,000.00"
2020-12-27,2020122704001502,NIBPO,34,35,559,441.00,"246,519.00"
2020-12-27,2020122704001433,NIBPO,34,35,241,441.00,"106,281.00"
2020-12-27,2020122704001299,NIBPO,38,14,500,443.00,"221,500.00"
2020-12-27,2020122704001298,NIBPO,17,14,466,443.00,"206,438.00"
2020-12-27,2020122704001094,NIBPO,16,49,500,446.00,"223,000.00"
2020-12-27,2020122704001230,NIBPO,45,35,100,445.00,"44,500.00"
2020-12-27,2020122704001229,NIBPO,54,35,631,445.00,"280,795.00"
2020-12-27,2020122704001210,NIBPO,54,35,95,448.00,"42,560.00"
2020-12-27,2020122704001181,NIBPO,28,28,"1,937",446.00,"863,902.00"
2020-12-27,2020122704001168,NIBPO,54,44,105,445.00,"46,725.00"
2020-12-27,2020122704001095,NIBPO,54,49,"1,800",445.00,"801,000.00"
2020-12-27,2020122704001295,NIBPO,17,14,534,443.00,"236,562.00"
2020-12-27,2020122704001294,NIBPO,16,14,466,444.00,"206,904.00"
2020-12-27,2020122704001234,NIBPO,16,35,34,444.00,"15,096.00"
2020-12-27,2020122704001233,NIBPO,17,35,"1,000",444.00,"444,000.00"
2020-12-27,2020122704001232,NIBPO,34,35,"1,000",444.00,"444,000.00"
2020-12-27,2020122704001231,NIBPO,7,35,235,444.00,"104,340.00"
2020-12-27,2020122704001266,NIBSF1,7,47,500,11.10,"5,550.00"
2020-12-27,2020122704001189,NIBSF1,7,19,522,11.18,"5,835.96"
2020-12-27,2020122704001153,NIBSF1,7,41,"5,000",11.18,"55,900.00"
2020-12-27,2020122704001152,NIBSF1,7,42,"3,478",11.18,"38,884.04"
2020-12-27,2020122704001151,NIBSF1,7,22,"25,000",11.17,"279,250.00"
2020-12-27,2020122704001150,NIBSF1,7,7,"1,000",11.17,"11,170.00"
2020-12-27,2020122704001140,NIBSF1,7,49,"1,500",11.06,"16,590.00"
2020-12-27,2020122704001111,NIBSF1,50,6,500,11.03,"5,515.00"
2020-12-27,2020122704001218,NICBF,10,29,100,9.85,985.00
2020-12-27,2020122704001009,NICBF,17,45,"1,000",9.85,"9,850.00"
2020-12-27,2020122704001043,NICD83/84,58,45,25,"1,040.00","26,000.00"
2020-12-27,2020122704001499,NICGF,6,34,"2,500",10.42,"26,050.00"
2020-12-27,2020122704001369,NICGF,6,42,800,10.42,"8,336.00"
2020-12-27,2020122704001274,NICGF,47,29,150,10.41,"1,561.50"
2020-12-27,2020122704001228,NICGF,7,43,"6,600",10.46,"69,036.00"
2020-12-27,2020122704001080,NICGF,7,44,"1,000",10.46,"10,460.00"
2020-12-27,2020122704001079,NICGF,7,44,"1,000",10.46,"10,460.00"
2020-12-27,2020122704001078,NICGF,7,44,400,10.46,"4,184.00"
2020-12-27,2020122704001077,NICGF,7,50,"1,000",10.46,"10,460.00"
2020-12-27,2020122704001062,NICGF,35,44,600,10.46,"6,276.00"
2020-12-27,2020122704001283,NMBHF1,17,11,"3,241",9.85,"31,923.85"
2020-12-27,2020122704001282,NMBHF1,21,11,920,9.86,"9,071.20"
2020-12-27,2020122704001197,NMBHF1,21,45,"2,080",9.86,"20,508.80"
2020-12-27,2020122704001102,NMBHF1,17,47,416,9.85,"4,097.60"
2020-12-27,2020122704001092,NMBHF1,17,56,"2,496",9.85,"24,585.60"
2020-12-27,2020122704001485,RBCLPO,33,45,20,"13,000.00","260,000.00"
2020-12-27,2020122704001484,RBCLPO,33,33,30,"12,900.00","387,000.00"
2020-12-27,2020122704001353,RBCLPO,44,32,11,"12,900.00","141,900.00"
2020-12-27,2020122704001277,RBCLPO,17,26,20,"12,900.00","258,000.00"
2020-12-27,2020122704001276,RBCLPO,16,26,10,"12,952.00","129,520.00"
2020-12-27,2020122704001238,RBCLPO,42,33,10,"12,955.00","129,550.00"
2020-12-27,2020122704001167,RBCLPO,34,38,10,"12,957.00","129,570.00"
2020-12-27,2020122704001109,RBCLPO,42,32,11,"12,955.00","142,505.00"
2020-12-27,2020122704001342,RMDCPO,17,58,"1,000",461.00,"461,000.00"
2020-12-27,2020122704001339,RMDCPO,17,58,"1,000",471.00,"471,000.00"
2020-12-27,2020122704001325,RMDCPO,1,58,132,431.00,"56,892.00"
2020-12-27,2020122704001259,RMDCPO,38,58,500,477.00,"238,500.00"
2020-12-27,2020122704001041,SADBLP,50,45,"6,165",104.00,"641,160.00"
2020-12-27,2020122704001441,SAEF,58,26,"4,200",11.20,"47,040.00"
2020-12-27,2020122704001440,SAEF,58,26,"4,800",11.20,"53,760.00"
2020-12-27,2020122704001415,SAEF,58,26,"5,000",11.20,"56,000.00"
2020-12-27,2020122704001409,SAEF,58,35,"1,000",11.20,"11,200.00"
2020-12-27,2020122704001334,SAEF,58,51,"8,000",11.20,"89,600.00"
2020-12-27,2020122704001319,SAEF,58,19,"1,000",11.20,"11,200.00"
2020-12-27,2020122704001288,SAEF,58,47,"1,000",11.20,"11,200.00"
2020-12-27,2020122704001038,SAEF,21,41,"2,500",11.25,"28,125.00"
2020-12-27,2020122704001037,SAEF,21,48,500,11.25,"5,625.00"
2020-12-27,2020122704001036,SAEF,21,29,450,11.25,"5,062.50"
2020-12-27,2020122704001032,SAEF,11,29,550,11.25,"6,187.50"
2020-12-27,2020122704001031,SAEF,11,34,"4,450",11.25,"50,062.50"
2020-12-27,2020122704001500,SEF,17,41,"2,500",10.40,"26,000.00"
2020-12-27,2020122704001487,SEF,17,34,"7,500",10.40,"78,000.00"
2020-12-27,2020122704001419,SEF,8,42,300,10.36,"3,108.00"
2020-12-27,2020122704001408,SEF,8,35,"1,000",10.36,"10,360.00"
2020-12-27,2020122704001392,SEF,20,14,"1,550",10.50,"16,275.00"
2020-12-27,2020122704001391,SEF,20,43,"5,450",10.49,"57,170.50"
2020-12-27,2020122704001046,SEF,17,44,500,10.41,"5,205.00"
2020-12-27,2020122704001018,SEF,17,44,500,10.41,"5,205.00"
2020-12-27,2020122704001390,SEF,20,29,"2,000",10.49,"20,980.00"
2020-12-27,2020122704001389,SEF,20,50,"1,000",10.49,"10,490.00"
2020-12-27,2020122704001300,SEF,8,47,"1,000",10.36,"10,360.00"
2020-12-27,2020122704001225,SEF,17,47,"78,900",10.41,"821,349.00"
2020-12-27,2020122704001061,SEF,17,4,"5,000",10.41,"52,050.00"
2020-12-27,2020122704001056,SEF,17,44,500,10.41,"5,205.00"
2020-12-27,2020122704001466,SFMF,41,42,"2,000",10.00,"20,000.00"
2020-12-27,2020122704001411,SFMF,41,58,350,10.00,"3,500.00"
2020-12-27,2020122704001410,SFMF,20,58,150,10.00,"1,500.00"
2020-12-27,2020122704001323,SFMF,17,35,"1,000",10.01,"10,010.00"
2020-12-27,2020122704001505,SGI,39,35,100,563.00,"56,300.00"
2020-12-27,2020122704001501,SGI,11,52,10,562.00,"5,620.00"
2020-12-27,2020122704001486,SGI,46,35,50,563.00,"28,150.00"
2020-12-27,2020122704001481,SGI,49,35,20,563.00,"11,260.00"
2020-12-27,2020122704001477,SGI,49,58,10,563.00,"5,630.00"
2020-12-27,2020122704001476,SGI,49,6,10,563.00,"5,630.00"
2020-12-27,2020122704001023,SGI,14,14,10,569.00,"5,690.00"
2020-12-27,2020122704001022,SGI,59,21,10,571.00,"5,710.00"
2020-12-27,2020122704001021,SGI,14,59,10,569.00,"5,690.00"
2020-12-27,2020122704001013,SGI,14,20,10,569.00,"5,690.00"
2020-12-27,2020122704001040,SGI,49,44,10,567.00,"5,670.00"
2020-12-27,2020122704001039,SGI,14,8,10,569.00,"5,690.00"
2020-12-27,2020122704001034,SGI,14,20,10,569.00,"5,690.00"
2020-12-27,2020122704001033,SGI,14,20,10,569.00,"5,690.00"
2020-12-27,2020122704001029,SGI,14,34,10,569.00,"5,690.00"
2020-12-27,2020122704001024,SGI,14,20,10,569.00,"5,690.00"
2020-12-27,2020122704001052,SGI,22,38,10,569.00,"5,690.00"
2020-12-27,2020122704001051,SGI,21,20,10,567.00,"5,670.00"
2020-12-27,2020122704001050,SGI,21,36,10,567.00,"5,670.00"
2020-12-27,2020122704001049,SGI,21,46,10,567.00,"5,670.00"
2020-12-27,2020122704001048,SGI,21,45,10,567.00,"5,670.00"
2020-12-27,2020122704001044,SGI,21,45,10,567.00,"5,670.00"
2020-12-27,2020122704001072,SGI,39,29,10,566.00,"5,660.00"
2020-12-27,2020122704001071,SGI,39,40,10,566.00,"5,660.00"
2020-12-27,2020122704001070,SGI,35,58,10,567.00,"5,670.00"
2020-12-27,2020122704001068,SGI,35,16,10,567.00,"5,670.00"
2020-12-27,2020122704001067,SGI,35,58,10,567.00,"5,670.00"
2020-12-27,2020122704001059,SGI,39,18,10,566.00,"5,660.00"
2020-12-27,2020122704001089,SGI,35,56,10,569.00,"5,690.00"
2020-12-27,2020122704001088,SGI,35,1,10,569.00,"5,690.00"
2020-12-27,2020122704001084,SGI,39,58,10,566.00,"5,660.00"
2020-12-27,2020122704001082,SGI,39,36,10,566.00,"5,660.00"
2020-12-27,2020122704001074,SGI,39,26,10,566.00,"5,660.00"
2020-12-27,2020122704001073,SGI,39,52,10,566.00,"5,660.00"
2020-12-27,2020122704001113,SGI,39,38,10,566.00,"5,660.00"
2020-12-27,2020122704001108,SGI,39,43,10,566.00,"5,660.00"
2020-12-27,2020122704001107,SGI,39,38,10,566.00,"5,660.00"
2020-12-27,2020122704001100,SGI,39,58,10,566.00,"5,660.00"
2020-12-27,2020122704001097,SGI,39,58,10,566.00,"5,660.00"
2020-12-27,2020122704001091,SGI,39,58,10,566.00,"5,660.00"
2020-12-27,2020122704001122,SGI,39,58,10,566.00,"5,660.00"
2020-12-27,2020122704001119,SGI,39,58,10,566.00,"5,660.00"
2020-12-27,2020122704001118,SGI,39,58,10,566.00,"5,660.00"
2020-12-27,2020122704001117,SGI,39,39,10,566.00,"5,660.00"
2020-12-27,2020122704001116,SGI,39,8,10,566.00,"5,660.00"
2020-12-27,2020122704001114,SGI,39,38,10,566.00,"5,660.00"
2020-12-27,2020122704001139,SGI,39,58,10,566.00,"5,660.00"
2020-12-27,2020122704001135,SGI,39,58,10,566.00,"5,660.00"
2020-12-27,2020122704001134,SGI,39,8,10,566.00,"5,660.00"
2020-12-27,2020122704001133,SGI,39,58,10,566.00,"5,660.00"
2020-12-27,2020122704001129,SGI,39,25,70,566.00,"39,620.00"
2020-12-27,2020122704001127,SGI,39,38,10,566.00,"5,660.00"
2020-12-27,2020122704001160,SGI,39,36,10,566.00,"5,660.00"
2020-12-27,2020122704001159,SGI,39,8,10,566.00,"5,660.00"
2020-12-27,2020122704001158,SGI,39,3,10,566.00,"5,660.00"
2020-12-27,2020122704001154,SGI,39,3,10,566.00,"5,660.00"
2020-12-27,2020122704001149,SGI,39,3,10,566.00,"5,660.00"
2020-12-27,2020122704001148,SGI,39,36,10,566.00,"5,660.00"
2020-12-27,2020122704001180,SGI,39,17,10,566.00,"5,660.00"
2020-12-27,2020122704001171,SGI,39,8,10,566.00,"5,660.00"
2020-12-27,2020122704001170,SGI,39,8,10,566.00,"5,660.00"
2020-12-27,2020122704001169,SGI,39,21,10,566.00,"5,660.00"
2020-12-27,2020122704001164,SGI,39,42,10,566.00,"5,660.00"
2020-12-27,2020122704001161,SGI,39,3,10,566.00,"5,660.00"
2020-12-27,2020122704001191,SGI,39,45,10,566.00,"5,660.00"
2020-12-27,2020122704001188,SGI,39,36,10,566.00,"5,660.00"
2020-12-27,2020122704001186,SGI,39,21,10,566.00,"5,660.00"
2020-12-27,2020122704001185,SGI,39,25,10,566.00,"5,660.00"
2020-12-27,2020122704001183,SGI,39,36,10,566.00,"5,660.00"
2020-12-27,2020122704001182,SGI,39,58,10,566.00,"5,660.00"
2020-12-27,2020122704001212,SGI,3,13,10,566.00,"5,660.00"
2020-12-27,2020122704001203,SGI,3,36,10,566.00,"5,660.00"
2020-12-27,2020122704001201,SGI,3,34,10,566.00,"5,660.00"
2020-12-27,2020122704001199,SGI,3,45,10,566.00,"5,660.00"
2020-12-27,2020122704001196,SGI,3,38,10,566.00,"5,660.00"
2020-12-27,2020122704001193,SGI,39,38,10,566.00,"5,660.00"
2020-12-27,2020122704001236,SGI,17,39,10,567.00,"5,670.00"
2020-12-27,2020122704001235,SGI,17,6,10,567.00,"5,670.00"
2020-12-27,2020122704001217,SGI,17,58,10,567.00,"5,670.00"
2020-12-27,2020122704001216,SGI,17,35,10,567.00,"5,670.00"
2020-12-27,2020122704001215,SGI,3,50,10,566.00,"5,660.00"
2020-12-27,2020122704001213,SGI,3,14,10,566.00,"5,660.00"
2020-12-27,2020122704001255,SGI,16,59,10,566.00,"5,660.00"
2020-12-27,2020122704001253,SGI,16,34,10,566.00,"5,660.00"
2020-12-27,2020122704001252,SGI,3,59,10,566.00,"5,660.00"
2020-12-27,2020122704001246,SGI,3,38,10,566.00,"5,660.00"
2020-12-27,2020122704001244,SGI,3,58,10,566.00,"5,660.00"
2020-12-27,2020122704001237,SGI,17,45,10,567.00,"5,670.00"
2020-12-27,2020122704001275,SGI,55,59,10,566.00,"5,660.00"
2020-12-27,2020122704001268,SGI,55,22,10,566.00,"5,660.00"
2020-12-27,2020122704001264,SGI,55,51,10,566.00,"5,660.00"
2020-12-27,2020122704001260,SGI,55,55,10,566.00,"5,660.00"
2020-12-27,2020122704001257,SGI,55,59,10,566.00,"5,660.00"
2020-12-27,2020122704001256,SGI,16,6,10,566.00,"5,660.00"
2020-12-27,2020122704001290,SGI,57,58,10,565.00,"5,650.00"
2020-12-27,2020122704001287,SGI,57,59,10,565.00,"5,650.00"
2020-12-27,2020122704001285,SGI,16,57,55,566.00,"31,130.00"
2020-12-27,2020122704001284,SGI,55,57,30,566.00,"16,980.00"
2020-12-27,2020122704001280,SGI,55,59,10,566.00,"5,660.00"
2020-12-27,2020122704001278,SGI,55,58,10,566.00,"5,660.00"
2020-12-27,2020122704001304,SGI,17,56,100,565.00,"56,500.00"
2020-12-27,2020122704001303,SGI,57,56,30,565.00,"16,950.00"
2020-12-27,2020122704001302,SGI,35,56,50,565.00,"28,250.00"
2020-12-27,2020122704001296,SGI,57,59,10,565.00,"5,650.00"
2020-12-27,2020122704001293,SGI,57,59,10,565.00,"5,650.00"
2020-12-27,2020122704001292,SGI,57,59,10,565.00,"5,650.00"
2020-12-27,2020122704001310,SGI,19,59,10,565.00,"5,650.00"
2020-12-27,2020122704001309,SGI,19,56,20,565.00,"11,300.00"
2020-12-27,2020122704001308,SGI,38,56,100,565.00,"56,500.00"
2020-12-27,2020122704001307,SGI,52,56,50,565.00,"28,250.00"
2020-12-27,2020122704001306,SGI,48,56,100,565.00,"56,500.00"
2020-12-27,2020122704001305,SGI,38,56,50,565.00,"28,250.00"
2020-12-27,2020122704001328,SGI,19,59,10,565.00,"5,650.00"
2020-12-27,2020122704001327,SGI,19,58,10,565.00,"5,650.00"
2020-12-27,2020122704001318,SGI,50,58,10,566.00,"5,660.00"
2020-12-27,2020122704001317,SGI,50,57,15,566.00,"8,490.00"
2020-12-27,2020122704001316,SGI,19,58,10,565.00,"5,650.00"
2020-12-27,2020122704001314,SGI,19,29,10,565.00,"5,650.00"
2020-12-27,2020122704001355,SGI,38,43,10,565.00,"5,650.00"
2020-12-27,2020122704001351,SGI,38,29,10,565.00,"5,650.00"
2020-12-27,2020122704001343,SGI,38,38,10,565.00,"5,650.00"
2020-12-27,2020122704001333,SGI,19,38,10,565.00,"5,650.00"
2020-12-27,2020122704001330,SGI,19,59,10,565.00,"5,650.00"
2020-12-27,2020122704001329,SGI,19,17,10,565.00,"5,650.00"
2020-12-27,2020122704001364,SGI,38,11,10,565.00,"5,650.00"
2020-12-27,2020122704001363,SGI,38,58,10,565.00,"5,650.00"
2020-12-27,2020122704001362,SGI,38,17,10,565.00,"5,650.00"
2020-12-27,2020122704001360,SGI,38,8,10,565.00,"5,650.00"
2020-12-27,2020122704001357,SGI,38,39,10,565.00,"5,650.00"
2020-12-27,2020122704001356,SGI,38,58,10,565.00,"5,650.00"
2020-12-27,2020122704001375,SGI,22,17,25,565.00,"14,125.00"
2020-12-27,2020122704001374,SGI,21,17,100,565.00,"56,500.00"
2020-12-27,2020122704001373,SGI,16,17,30,565.00,"16,950.00"
2020-12-27,2020122704001372,SGI,14,17,40,565.00,"22,600.00"
2020-12-27,2020122704001371,SGI,16,22,10,565.00,"5,650.00"
2020-12-27,2020122704001370,SGI,16,11,10,565.00,"5,650.00"
2020-12-27,2020122704001381,SGI,52,17,50,564.00,"28,200.00"
2020-12-27,2020122704001380,SGI,49,17,430,564.00,"242,520.00"
2020-12-27,2020122704001379,SGI,49,3,10,564.00,"5,640.00"
2020-12-27,2020122704001378,SGI,41,17,120,565.00,"67,800.00"
2020-12-27,2020122704001377,SGI,42,17,100,565.00,"56,500.00"
2020-12-27,2020122704001376,SGI,44,17,40,565.00,"22,600.00"
2020-12-27,2020122704001393,SGI,41,39,10,564.00,"5,640.00"
2020-12-27,2020122704001388,SGI,41,39,10,564.00,"5,640.00"
2020-12-27,2020122704001386,SGI,41,43,10,564.00,"5,640.00"
2020-12-27,2020122704001384,SGI,41,39,10,564.00,"5,640.00"
2020-12-27,2020122704001383,SGI,41,17,35,564.00,"19,740.00"
2020-12-27,2020122704001382,SGI,42,17,30,564.00,"16,920.00"
2020-12-27,2020122704001402,SGI,11,58,10,564.00,"5,640.00"
2020-12-27,2020122704001400,SGI,11,39,10,564.00,"5,640.00"
2020-12-27,2020122704001398,SGI,11,57,25,564.00,"14,100.00"
2020-12-27,2020122704001397,SGI,35,57,20,564.00,"11,280.00"
2020-12-27,2020122704001396,SGI,41,57,15,564.00,"8,460.00"
2020-12-27,2020122704001394,SGI,41,47,10,564.00,"5,640.00"
2020-12-27,2020122704001422,SGI,47,57,10,564.00,"5,640.00"
2020-12-27,2020122704001421,SGI,47,7,10,564.00,"5,640.00"
2020-12-27,2020122704001418,SGI,22,42,100,564.00,"56,400.00"
2020-12-27,2020122704001417,SGI,47,58,10,564.00,"5,640.00"
2020-12-27,2020122704001416,SGI,42,38,10,564.00,"5,640.00"
2020-12-27,2020122704001403,SGI,20,39,10,563.00,"5,630.00"
2020-12-27,2020122704001437,SGI,47,21,10,564.00,"5,640.00"
2020-12-27,2020122704001436,SGI,47,58,10,564.00,"5,640.00"
2020-12-27,2020122704001434,SGI,20,3,10,567.00,"5,670.00"
2020-12-27,2020122704001429,SGI,38,21,10,566.00,"5,660.00"
2020-12-27,2020122704001428,SGI,38,16,10,566.00,"5,660.00"
2020-12-27,2020122704001427,SGI,47,42,10,564.00,"5,640.00"
2020-12-27,2020122704001450,SGI,47,16,200,564.00,"112,800.00"
2020-12-27,2020122704001449,SGI,41,16,50,564.00,"28,200.00"
2020-12-27,2020122704001448,SGI,20,16,30,564.00,"16,920.00"
2020-12-27,2020122704001443,SGI,47,47,10,564.00,"5,640.00"
2020-12-27,2020122704001442,SGI,47,17,10,564.00,"5,640.00"
2020-12-27,2020122704001438,SGI,47,47,10,564.00,"5,640.00"
2020-12-27,2020122704001461,SGI,45,16,50,563.00,"28,150.00"
2020-12-27,2020122704001460,SGI,3,16,70,563.00,"39,410.00"
2020-12-27,2020122704001457,SGI,3,17,10,563.00,"5,630.00"
2020-12-27,2020122704001453,SGI,3,16,160,563.00,"90,080.00"
2020-12-27,2020122704001452,SGI,32,16,50,563.00,"28,150.00"
2020-12-27,2020122704001451,SGI,8,16,10,563.00,"5,630.00"
2020-12-27,2020122704001474,SGI,49,17,10,563.00,"5,630.00"
2020-12-27,2020122704001473,SGI,19,47,10,563.00,"5,630.00"
2020-12-27,2020122704001470,SGI,19,10,10,563.00,"5,630.00"
2020-12-27,2020122704001464,SGI,19,16,30,563.00,"16,890.00"
2020-12-27,2020122704001463,SGI,36,16,100,563.00,"56,300.00"
2020-12-27,2020122704001462,SGI,43,16,50,563.00,"28,150.00"
2020-12-27,2020122704001493,STC,26,11,55,"5,350.00","294,250.00"
2020-12-27,2020122704001492,STC,26,8,10,"5,338.00","53,380.00"
2020-12-27,2020122704001491,STC,26,38,10,"5,337.00","53,370.00"
2020-12-27,2020122704001490,STC,26,6,10,"5,333.00","53,330.00"
2020-12-27,2020122704001489,STC,26,17,10,"5,320.00","53,200.00"
2020-12-27,2020122704001488,STC,26,43,20,"5,300.00","106,000.00"
2020-12-27,2020122704001172,STC,13,13,"2,000","5,265.00","10,530,000.00"
2020-12-27,2020122704001445,STC,26,22,10,"5,300.00","53,000.00"
2020-12-27,2020122704001432,STC,13,45,10,"5,276.00","52,760.00"
2020-12-27,2020122704001425,STC,13,22,10,"5,276.00","52,760.00"
2020-12-27,2020122704001224,STC,26,22,10,"5,275.00","52,750.00"
2020-12-27,2020122704001223,STC,26,26,20,"5,275.00","105,500.00"
2020-12-27,2020122704001222,STC,26,34,100,"5,275.00","527,500.00"
2020-12-27,2020122704000931,BBC,41,45,50,"2,640.00","132,000.00"
2020-12-27,2020122704000572,BBC,6,50,5,"2,590.00","12,950.00"
2020-12-27,2020122704000571,BBC,6,40,20,"2,590.00","51,800.00"
2020-12-27,2020122704000570,BBC,52,40,10,"2,590.00","25,900.00"
2020-12-27,2020122704000569,BBC,46,40,20,"2,590.00","51,800.00"
2020-12-27,2020122704000568,BBC,25,40,50,"2,590.00","129,500.00"
2020-12-27,2020122704000563,BBC,38,40,10,"2,591.00","25,910.00"
2020-12-27,2020122704000851,CMF1,6,55,150,10.00,"1,500.00"
2020-12-27,2020122704000811,CMF1,38,43,"1,000",9.81,"9,810.00"
2020-12-27,2020122704000616,CMF1,48,7,"5,000",10.00,"50,000.00"
2020-12-27,2020122704000615,CMF1,48,7,"5,000",10.00,"50,000.00"
2020-12-27,2020122704000614,CMF1,48,7,"5,000",10.00,"50,000.00"
2020-12-27,2020122704000549,CMF1,43,11,200,10.17,"2,034.00"
2020-12-27,2020122704000548,CMF1,43,58,100,10.13,"1,013.00"
2020-12-27,2020122704000547,CMF1,43,34,200,10.13,"2,026.00"
2020-12-27,2020122704000542,CMF1,48,7,"5,000",10.00,"50,000.00"
2020-12-27,2020122704000541,CMF1,48,7,"5,000",10.00,"50,000.00"
2020-12-27,2020122704000540,CMF1,48,7,"5,000",10.00,"50,000.00"
2020-12-27,2020122704000539,CMF1,48,7,"2,500",10.00,"25,000.00"
2020-12-27,2020122704001001,GIC,41,44,10,548.00,"5,480.00"
2020-12-27,2020122704000997,GIC,41,14,10,548.00,"5,480.00"
2020-12-27,2020122704000995,GIC,49,44,10,548.00,"5,480.00"
2020-12-27,2020122704000988,GIC,49,49,10,548.00,"5,480.00"
2020-12-27,2020122704000986,GIC,49,50,10,548.00,"5,480.00"
2020-12-27,2020122704000985,GIC,49,44,10,548.00,"5,480.00"
2020-12-27,2020122704000510,GIC,52,18,10,548.00,"5,480.00"
2020-12-27,2020122704000508,GIC,52,26,10,548.00,"5,480.00"
2020-12-27,2020122704000520,GIC,25,22,10,549.00,"5,490.00"
2020-12-27,2020122704000519,GIC,25,58,10,549.00,"5,490.00"
2020-12-27,2020122704000518,GIC,25,17,10,549.00,"5,490.00"
2020-12-27,2020122704000517,GIC,25,58,10,549.00,"5,490.00"
2020-12-27,2020122704000515,GIC,6,18,10,548.00,"5,480.00"
2020-12-27,2020122704000511,GIC,52,52,10,548.00,"5,480.00"
2020-12-27,2020122704000553,GIC,57,54,10,549.00,"5,490.00"
2020-12-27,2020122704000538,GIC,57,46,10,549.00,"5,490.00"
2020-12-27,2020122704000537,GIC,25,46,20,549.00,"10,980.00"
2020-12-27,2020122704000536,GIC,25,11,10,549.00,"5,490.00"
2020-12-27,2020122704000524,GIC,25,18,10,549.00,"5,490.00"
2020-12-27,2020122704000521,GIC,25,1,10,549.00,"5,490.00"
2020-12-27,2020122704000599,GIC,57,51,10,549.00,"5,490.00"
2020-12-27,2020122704000567,GIC,57,47,10,549.00,"5,490.00"
2020-12-27,2020122704000566,GIC,57,28,10,549.00,"5,490.00"
2020-12-27,2020122704000564,GIC,41,7,50,550.00,"27,500.00"
2020-12-27,2020122704000562,GIC,57,28,10,549.00,"5,490.00"
2020-12-27,2020122704000561,GIC,57,1,10,549.00,"5,490.00"
2020-12-27,2020122704000617,GIC,39,45,10,549.00,"5,490.00"
2020-12-27,2020122704000612,GIC,39,39,10,549.00,"5,490.00"
2020-12-27,2020122704000611,GIC,39,50,10,549.00,"5,490.00"
2020-12-27,2020122704000605,GIC,57,38,10,549.00,"5,490.00"
2020-12-27,2020122704000603,GIC,57,57,10,549.00,"5,490.00"
2020-12-27,2020122704000600,GIC,57,38,10,549.00,"5,490.00"
2020-12-27,2020122704000641,GIC,39,4,10,549.00,"5,490.00"
2020-12-27,2020122704000638,GIC,39,46,10,549.00,"5,490.00"
2020-12-27,2020122704000631,GIC,39,39,10,549.00,"5,490.00"
2020-12-27,2020122704000628,GIC,39,46,10,549.00,"5,490.00"
2020-12-27,2020122704000624,GIC,39,42,10,549.00,"5,490.00"
2020-12-27,2020122704000623,GIC,39,21,10,549.00,"5,490.00"
2020-12-27,2020122704000666,GIC,6,38,10,548.00,"5,480.00"
2020-12-27,2020122704000665,GIC,6,17,10,548.00,"5,480.00"
2020-12-27,2020122704000663,GIC,25,56,10,549.00,"5,490.00"
2020-12-27,2020122704000661,GIC,25,17,10,549.00,"5,490.00"
2020-12-27,2020122704000652,GIC,25,46,10,549.00,"5,490.00"
2020-12-27,2020122704000650,GIC,39,38,10,549.00,"5,490.00"
2020-12-27,2020122704000695,GIC,25,17,10,547.00,"5,470.00"
2020-12-27,2020122704000691,GIC,25,17,10,547.00,"5,470.00"
2020-12-27,2020122704000688,GIC,25,17,10,547.00,"5,470.00"
2020-12-27,2020122704000684,GIC,25,58,10,547.00,"5,470.00"
2020-12-27,2020122704000681,GIC,6,17,10,548.00,"5,480.00"
2020-12-27,2020122704000675,GIC,6,59,10,548.00,"5,480.00"
2020-12-27,2020122704000712,GIC,58,58,10,546.00,"5,460.00"
2020-12-27,2020122704000711,GIC,58,58,10,546.00,"5,460.00"
2020-12-27,2020122704000710,GIC,20,58,10,546.00,"5,460.00"
2020-12-27,2020122704000707,GIC,20,17,10,546.00,"5,460.00"
2020-12-27,2020122704000703,GIC,20,17,10,546.00,"5,460.00"
2020-12-27,2020122704000702,GIC,25,17,10,547.00,"5,470.00"
2020-12-27,2020122704000740,GIC,45,43,10,548.00,"5,480.00"
2020-12-27,2020122704000737,GIC,58,44,10,546.00,"5,460.00"
2020-12-27,2020122704000728,GIC,58,39,10,546.00,"5,460.00"
2020-12-27,2020122704000716,GIC,58,44,10,546.00,"5,460.00"
2020-12-27,2020122704000715,GIC,58,39,10,546.00,"5,460.00"
2020-12-27,2020122704000714,GIC,58,57,10,546.00,"5,460.00"
2020-12-27,2020122704000755,GIC,58,16,10,546.00,"5,460.00"
2020-12-27,2020122704000753,GIC,58,39,10,546.00,"5,460.00"
2020-12-27,2020122704000751,GIC,58,43,10,546.00,"5,460.00"
2020-12-27,2020122704000745,GIC,58,10,10,546.00,"5,460.00"
2020-12-27,2020122704000743,GIC,58,58,10,546.00,"5,460.00"
2020-12-27,2020122704000742,GIC,58,34,10,546.00,"5,460.00"
2020-12-27,2020122704000780,GIC,58,7,40,550.00,"22,000.00"
2020-12-27,2020122704000779,GIC,58,49,10,549.00,"5,490.00"
2020-12-27,2020122704000770,GIC,58,44,10,546.00,"5,460.00"
2020-12-27,2020122704000765,GIC,58,10,10,546.00,"5,460.00"
2020-12-27,2020122704000759,GIC,58,44,10,546.00,"5,460.00"
2020-12-27,2020122704000757,GIC,58,45,10,546.00,"5,460.00"
2020-12-27,2020122704000790,GIC,58,44,10,546.00,"5,460.00"
2020-12-27,2020122704000785,GIC,58,21,20,550.00,"11,000.00"
2020-12-27,2020122704000784,GIC,58,4,10,550.00,"5,500.00"
2020-12-27,2020122704000783,GIC,58,6,10,550.00,"5,500.00"
2020-12-27,2020122704000782,GIC,58,58,10,550.00,"5,500.00"
2020-12-27,2020122704000781,GIC,58,45,100,550.00,"55,000.00"
2020-12-27,2020122704000808,GIC,14,38,10,546.00,"5,460.00"
2020-12-27,2020122704000807,GIC,40,44,10,546.00,"5,460.00"
2020-12-27,2020122704000806,GIC,40,44,10,546.00,"5,460.00"
2020-12-27,2020122704000799,GIC,58,36,10,546.00,"5,460.00"
2020-12-27,2020122704000797,GIC,58,42,10,546.00,"5,460.00"
2020-12-27,2020122704000796,GIC,58,44,10,546.00,"5,460.00"
2020-12-27,2020122704000824,GIC,3,16,10,547.00,"5,470.00"
2020-12-27,2020122704000823,GIC,3,3,10,547.00,"5,470.00"
2020-12-27,2020122704000820,GIC,14,38,10,546.00,"5,460.00"
2020-12-27,2020122704000819,GIC,14,39,10,546.00,"5,460.00"
2020-12-27,2020122704000818,GIC,14,32,10,546.00,"5,460.00"
2020-12-27,2020122704000810,GIC,14,44,10,546.00,"5,460.00"
2020-12-27,2020122704000841,GIC,58,48,10,546.00,"5,460.00"
2020-12-27,2020122704000838,GIC,58,55,10,546.00,"5,460.00"
2020-12-27,2020122704000837,GIC,58,47,10,546.00,"5,460.00"
2020-12-27,2020122704000831,GIC,58,44,10,546.00,"5,460.00"
2020-12-27,2020122704000830,GIC,58,39,10,546.00,"5,460.00"
2020-12-27,2020122704000825,GIC,3,44,10,547.00,"5,470.00"
2020-12-27,2020122704000855,GIC,21,44,10,547.00,"5,470.00"
2020-12-27,2020122704000854,GIC,21,57,10,547.00,"5,470.00"
2020-12-27,2020122704000852,GIC,21,29,10,547.00,"5,470.00"
2020-12-27,2020122704000845,GIC,21,44,10,547.00,"5,470.00"
2020-12-27,2020122704000843,GIC,21,3,10,547.00,"5,470.00"
2020-12-27,2020122704000842,GIC,21,3,10,547.00,"5,470.00"
2020-12-27,2020122704000903,GIC,21,38,10,547.00,"5,470.00"
2020-12-27,2020122704000902,GIC,21,34,10,547.00,"5,470.00"
2020-12-27,2020122704000899,GIC,21,47,10,547.00,"5,470.00"
2020-12-27,2020122704000896,GIC,21,25,10,547.00,"5,470.00"
2020-12-27,2020122704000868,GIC,21,13,10,547.00,"5,470.00"
2020-12-27,2020122704000856,GIC,21,47,10,547.00,"5,470.00"
2020-12-27,2020122704000914,GIC,44,35,10,548.00,"5,480.00"
2020-12-27,2020122704000913,GIC,44,58,10,548.00,"5,480.00"
2020-12-27,2020122704000910,GIC,44,34,10,548.00,"5,480.00"
2020-12-27,2020122704000909,GIC,44,21,10,548.00,"5,480.00"
2020-12-27,2020122704000906,GIC,21,21,10,547.00,"5,470.00"
2020-12-27,2020122704000904,GIC,21,50,30,547.00,"16,410.00"
2020-12-27,2020122704000922,GIC,44,42,10,548.00,"5,480.00"
2020-12-27,2020122704000920,GIC,44,21,10,548.00,"5,480.00"
2020-12-27,2020122704000918,GIC,44,36,10,548.00,"5,480.00"
2020-12-27,2020122704000917,GIC,44,55,10,548.00,"5,480.00"
2020-12-27,2020122704000916,GIC,44,58,10,548.00,"5,480.00"
2020-12-27,2020122704000915,GIC,25,16,10,549.00,"5,490.00"
2020-12-27,2020122704000941,GIC,44,44,10,548.00,"5,480.00"
2020-12-27,2020122704000940,GIC,44,20,10,548.00,"5,480.00"
2020-12-27,2020122704000938,GIC,44,47,10,548.00,"5,480.00"
2020-12-27,2020122704000936,GIC,44,58,10,548.00,"5,480.00"
2020-12-27,2020122704000935,GIC,44,34,10,548.00,"5,480.00"
2020-12-27,2020122704000932,GIC,44,36,10,548.00,"5,480.00"
2020-12-27,2020122704000961,GIC,49,42,10,548.00,"5,480.00"
2020-12-27,2020122704000957,GIC,44,47,10,548.00,"5,480.00"
2020-12-27,2020122704000956,GIC,44,42,10,548.00,"5,480.00"
2020-12-27,2020122704000954,GIC,44,55,10,548.00,"5,480.00"
2020-12-27,2020122704000946,GIC,44,42,10,548.00,"5,480.00"
2020-12-27,2020122704000942,GIC,44,42,10,548.00,"5,480.00"
2020-12-27,2020122704000976,GIC,49,6,10,548.00,"5,480.00"
2020-12-27,2020122704000973,GIC,41,21,10,550.00,"5,500.00"
2020-12-27,2020122704000969,GIC,49,42,10,548.00,"5,480.00"
2020-12-27,2020122704000966,GIC,49,36,10,548.00,"5,480.00"
2020-12-27,2020122704000965,GIC,49,28,10,548.00,"5,480.00"
2020-12-27,2020122704000963,GIC,49,20,10,548.00,"5,480.00"
2020-12-27,2020122704000908,GIMES1,3,45,"1,300",11.01,"14,313.00"
2020-12-27,2020122704000905,GIMES1,10,45,"2,000",11.03,"22,060.00"
2020-12-27,2020122704000863,GIMES1,10,45,"1,100",11.03,"12,133.00"
2020-12-27,2020122704000862,GIMES1,56,45,"2,000",11.03,"22,060.00"
2020-12-27,2020122704000853,GIMES1,56,57,"1,000",11.03,"11,030.00"
2020-12-27,2020122704000772,GIMES1,29,43,"5,000",11.07,"55,350.00"
2020-12-27,2020122704000760,GIMES1,56,43,"5,000",11.03,"55,150.00"
2020-12-27,2020122704000758,GIMES1,56,43,"2,000",11.03,"22,060.00"
2020-12-27,2020122704000754,GIMES1,6,43,"3,000",11.03,"33,090.00"
2020-12-27,2020122704000736,GIMES1,6,38,"1,000",11.03,"11,030.00"
2020-12-27,2020122704000601,GIMES1,3,48,"4,000",11.07,"44,280.00"
2020-12-27,2020122704000598,GIMES1,6,36,"1,000",11.01,"11,010.00"
2020-12-27,2020122704000895,LEMF,17,18,"5,000",9.80,"49,000.00"
2020-12-27,2020122704000894,LEMF,17,18,"5,000",9.80,"49,000.00"
2020-12-27,2020122704000893,LEMF,17,18,"5,000",9.80,"49,000.00"
2020-12-27,2020122704000882,LEMF,17,18,"5,000",9.80,"49,000.00"
2020-12-27,2020122704000968,LUK,7,45,300,9.15,"2,745.00"
2020-12-27,2020122704000950,LUK,19,13,300,9.14,"2,742.00"
2020-12-27,2020122704000949,LUK,10,13,200,9.15,"1,830.00"
2020-12-27,2020122704000604,MLBLPO,6,21,"8,858",109.00,"965,522.00"
2020-12-27,2020122704000897,MNBBLP,40,58,"8,467",182.00,"1,540,994.00"
2020-12-27,2020122704000833,MNBBLP,49,58,"29,400",182.00,"5,350,800.00"
2020-12-27,2020122704000687,MNBBLP,1,25,"29,909",182.00,"5,443,438.00"
2020-12-27,2020122704000984,NBF2,16,49,"1,000",9.53,"9,530.00"
2020-12-27,2020122704000762,NBF2,53,45,100,9.51,951.00
2020-12-27,2020122704000523,NBF2,5,58,"3,000",9.59,"28,770.00"
2020-12-27,2020122704000752,NBF2,53,36,"1,500",9.51,"14,265.00"
2020-12-27,2020122704000699,NBF2,53,1,500,9.48,"4,740.00"
2020-12-27,2020122704000558,NBF2,34,19,100,9.47,947.00
2020-12-27,2020122704000532,NBF2,34,58,"4,000",9.47,"37,880.00"
2020-12-27,2020122704000531,NBF2,29,58,"1,000",9.50,"9,500.00"
2020-12-27,2020122704000530,NBF2,57,58,"2,000",9.53,"19,060.00"
2020-12-27,2020122704000930,NEF,56,11,"5,000",9.97,"49,850.00"
2020-12-27,2020122704000883,NEF,17,45,575,9.95,"5,721.25"
2020-12-27,2020122704000871,NEF,17,58,"2,366",9.95,"23,541.70"
2020-12-27,2020122704000866,NEF,17,40,"2,414",9.95,"24,019.30"
2020-12-27,2020122704000861,NEF,17,45,575,9.95,"5,721.25"
2020-12-27,2020122704000844,NEF,17,22,"2,414",9.95,"24,019.30"
2020-12-27,2020122704000606,NEF,17,36,"40,000",9.99,"399,600.00"
2020-12-27,2020122704000577,NEF,17,55,"10,000",9.99,"99,900.00"
2020-12-27,2020122704000512,NEF,21,55,694,9.93,"6,891.42"
2020-12-27,2020122704000749,NEF,17,57,"2,414",9.95,"24,019.30"
2020-12-27,2020122704000672,NEF,53,49,"2,063",9.93,"20,485.59"
2020-12-27,2020122704000671,NEF,5,49,351,9.93,"3,485.43"
2020-12-27,2020122704000629,NEF,5,49,"2,414",9.93,"23,971.02"
2020-12-27,2020122704000626,NEF,5,49,"2,235",9.93,"22,193.55"
2020-12-27,2020122704000625,NEF,21,49,179,9.93,"1,777.47"
2020-12-27,2020122704000911,NIBLPF,17,45,"1,515",10.10,"15,301.50"
2020-12-27,2020122704000865,NIBLPF,17,45,"1,515",10.10,"15,301.50"
2020-12-27,2020122704000741,NIBLPF,17,57,"2,525",10.10,"25,502.50"
2020-12-27,2020122704000724,NIBLPF,17,3,505,10.10,"5,100.50"
2020-12-27,2020122704000723,NIBLPF,17,47,"2,525",10.10,"25,502.50"
2020-12-27,2020122704000653,NIBLPF,6,59,140,10.03,"1,404.20"
2020-12-27,2020122704000768,NIBPO,13,58,500,445.00,"222,500.00"
2020-12-27,2020122704000578,NIBPO,7,39,131,444.00,"58,164.00"
2020-12-27,2020122704000774,NIBSF1,26,25,"3,000",11.05,"33,150.00"
2020-12-27,2020122704000694,NICBF,29,1,200,9.90,"1,980.00"
2020-12-27,2020122704000636,NICD83/84,43,17,25,"1,035.00","25,875.00"
2020-12-27,2020122704000981,NICGF,35,44,"1,000",10.45,"10,450.00"
2020-12-27,2020122704000980,NICGF,35,52,300,10.45,"3,135.00"
2020-12-27,2020122704000979,NICGF,35,29,100,10.45,"1,045.00"
2020-12-27,2020122704000960,NICGF,45,29,"2,200",10.45,"22,990.00"
2020-12-27,2020122704000959,NICGF,45,35,"1,800",10.45,"18,810.00"
2020-12-27,2020122704000952,NICGF,45,35,200,10.45,"2,090.00"
2020-12-27,2020122704000655,NICGF,35,58,100,10.40,"1,040.00"
2020-12-27,2020122704000951,NICGF,45,58,300,10.45,"3,135.00"
2020-12-27,2020122704000814,NICGF,47,36,"1,100",10.41,"11,451.00"
2020-12-27,2020122704000813,NICGF,59,36,400,10.45,"4,180.00"
2020-12-27,2020122704000718,NICGF,47,37,"5,000",10.41,"52,050.00"
2020-12-27,2020122704000676,NICGF,17,22,400,10.40,"4,160.00"
2020-12-27,2020122704000656,NICGF,35,22,600,10.40,"6,240.00"
2020-12-27,2020122704000750,NMB50,22,51,700,10.55,"7,385.00"
2020-12-27,2020122704000748,NMB50,22,55,100,10.35,"1,035.00"
2020-12-27,2020122704000747,NMB50,22,34,"2,000",10.30,"20,600.00"
2020-12-27,2020122704000738,NMB50,34,1,"1,000",10.20,"10,200.00"
2020-12-27,2020122704000673,NMB50,34,1,500,10.20,"5,100.00"
2020-12-27,2020122704000658,NMB50,34,50,300,10.20,"3,060.00"
2020-12-27,2020122704000534,NMB50,34,4,"1,000",10.20,"10,200.00"
2020-12-27,2020122704000912,NMBHF1,17,45,"1,664",9.80,"16,307.20"
2020-12-27,2020122704000907,NMBHF1,18,28,"1,014",9.98,"10,119.72"
2020-12-27,2020122704000788,NMBHF1,18,47,"1,577",9.98,"15,738.46"
2020-12-27,2020122704000787,NMBHF1,18,11,"1,577",9.97,"15,722.69"
2020-12-27,2020122704000786,NMBHF1,18,14,832,9.97,"8,295.04"
2020-12-27,2020122704000704,NMBHF1,17,16,167,9.80,"1,636.60"
2020-12-27,2020122704000693,NMBHF1,17,16,167,9.80,"1,636.60"
2020-12-27,2020122704000584,NMBHF1,49,28,"9,109",9.81,"89,359.29"
2020-12-27,2020122704000583,NMBHF1,11,28,"4,001",9.82,"39,289.82"
2020-12-27,2020122704000870,RBCLPO,35,33,100,"13,100.00","1,310,000.00"
2020-12-27,2020122704000869,RBCLPO,35,32,20,"13,080.00","261,600.00"
2020-12-27,2020122704000815,RBCLPO,33,33,10,"12,950.00","129,500.00"
2020-12-27,2020122704000795,RBCLPO,26,59,10,"13,000.00","130,000.00"
2020-12-27,2020122704000651,RBCLPO,22,33,10,"13,034.00","130,340.00"
2020-12-27,2020122704000647,RBCLPO,32,49,10,"13,034.00","130,340.00"
2020-12-27,2020122704000646,RBCLPO,32,49,10,"13,034.00","130,340.00"
2020-12-27,2020122704000645,RBCLPO,34,49,10,"13,036.00","130,360.00"
2020-12-27,2020122704000644,RBCLPO,34,49,20,"13,037.00","260,740.00"
2020-12-27,2020122704000609,RBCLPO,34,45,10,"13,061.00","130,610.00"
2020-12-27,2020122704000608,RBCLPO,59,45,20,"13,110.00","262,200.00"
2020-12-27,2020122704000607,RBCLPO,19,45,10,"13,111.00","131,110.00"
2020-12-27,2020122704000948,SAEF,58,25,"5,000",11.20,"56,000.00"
2020-12-27,2020122704000881,SAEF,58,34,"45,550",11.25,"512,437.50"
2020-12-27,2020122704000880,SAEF,58,16,500,11.25,"5,625.00"
2020-12-27,2020122704000879,SAEF,58,42,"1,500",11.24,"16,860.00"
2020-12-27,2020122704000878,SAEF,58,43,"13,250",11.24,"148,930.00"
2020-12-27,2020122704000877,SAEF,58,48,"1,000",11.24,"11,240.00"
2020-12-27,2020122704000585,SAEF,6,39,"1,900",11.06,"21,014.00"
2020-12-27,2020122704000560,SAEF,6,39,200,11.06,"2,212.00"
2020-12-27,2020122704000592,SAEF,17,52,"5,000",11.20,"56,000.00"
2020-12-27,2020122704000591,SAEF,17,45,500,11.20,"5,600.00"
2020-12-27,2020122704000590,SAEF,17,21,500,11.20,"5,600.00"
2020-12-27,2020122704000589,SAEF,17,41,"20,000",11.20,"224,000.00"
2020-12-27,2020122704000588,SAEF,17,41,"3,700",11.20,"41,440.00"
2020-12-27,2020122704000587,SAEF,17,39,500,11.06,"5,530.00"
2020-12-27,2020122704000764,SAEF,17,26,"5,000",11.20,"56,000.00"
2020-12-27,2020122704000761,SAEF,17,26,"5,000",11.20,"56,000.00"
2020-12-27,2020122704000727,SAEF,17,40,"10,000",11.20,"112,000.00"
2020-12-27,2020122704000726,SAEF,17,37,"1,000",11.20,"11,200.00"
2020-12-27,2020122704000725,SAEF,17,34,"5,000",11.20,"56,000.00"
2020-12-27,2020122704000610,SAEF,17,26,"19,800",11.20,"221,760.00"
2020-12-27,2020122704000829,SAEF,17,33,"3,000",11.20,"33,600.00"
2020-12-27,2020122704000827,SAEF,17,56,"1,000",11.20,"11,200.00"
2020-12-27,2020122704000826,SAEF,17,1,500,11.20,"5,600.00"
2020-12-27,2020122704000793,SAEF,17,26,"10,000",11.20,"112,000.00"
2020-12-27,2020122704000773,SAEF,17,26,"5,000",11.20,"56,000.00"
2020-12-27,2020122704000769,SAEF,17,26,"5,000",11.20,"56,000.00"
2020-12-27,2020122704000876,SAEF,58,18,300,11.23,"3,369.00"
2020-12-27,2020122704000875,SAEF,58,42,"5,000",11.23,"56,150.00"
2020-12-27,2020122704000874,SAEF,58,3,400,11.22,"4,488.00"
2020-12-27,2020122704000873,SAEF,58,49,"2,000",11.22,"22,440.00"
2020-12-27,2020122704000872,SAEF,58,16,500,11.21,"5,605.00"
2020-12-27,2020122704000832,SAEF,17,26,"9,500",11.20,"106,400.00"
2020-12-27,2020122704000999,SEF,17,16,500,10.41,"5,205.00"
2020-12-27,2020122704000992,SEF,17,44,500,10.41,"5,205.00"
2020-12-27,2020122704000989,SEF,17,16,500,10.41,"5,205.00"
2020-12-27,2020122704000972,SEF,17,16,500,10.41,"5,205.00"
2020-12-27,2020122704000933,SEF,17,57,"4,000",10.41,"41,640.00"
2020-12-27,2020122704000929,SEF,17,1,"1,000",10.41,"10,410.00"
2020-12-27,2020122704000597,SEF,48,35,"2,850",10.40,"29,640.00"
2020-12-27,2020122704000596,SEF,51,35,"2,150",10.41,"22,381.50"
2020-12-27,2020122704000565,SEF,48,39,500,10.40,"5,200.00"
2020-12-27,2020122704000509,SEF,48,7,"5,000",10.40,"52,000.00"
2020-12-27,2020122704000669,SEF,17,11,500,10.48,"5,240.00"
2020-12-27,2020122704000668,SEF,17,26,"1,500",10.47,"15,705.00"
2020-12-27,2020122704000667,SEF,17,49,500,10.41,"5,205.00"
2020-12-27,2020122704000657,SEF,48,1,"1,500",10.40,"15,600.00"
2020-12-27,2020122704000648,SEF,48,41,300,10.40,"3,120.00"
2020-12-27,2020122704000643,SEF,48,41,"4,000",10.40,"41,600.00"
2020-12-27,2020122704000802,SEF,17,52,"5,000",10.49,"52,450.00"
2020-12-27,2020122704000801,SEF,17,16,500,10.45,"5,225.00"
2020-12-27,2020122704000771,SEF,17,47,"50,000",10.45,"522,500.00"
2020-12-27,2020122704000706,SEF,17,47,"43,800",10.48,"459,024.00"
2020-12-27,2020122704000689,SEF,17,26,"2,700",10.48,"28,296.00"
2020-12-27,2020122704000670,SEF,17,48,"1,000",10.48,"10,480.00"
2020-12-27,2020122704000923,SEF,17,16,500,10.41,"5,205.00"
2020-12-27,2020122704000898,SEF,17,28,"5,000",10.41,"52,050.00"
2020-12-27,2020122704000867,SEF,17,45,"2,100",10.41,"21,861.00"
2020-12-27,2020122704000817,SEF,48,14,"69,500",10.50,"729,750.00"
2020-12-27,2020122704000816,SEF,48,47,"30,500",10.49,"319,945.00"
2020-12-27,2020122704000803,SEF,17,47,"19,500",10.49,"204,555.00"
2020-12-27,2020122704000720,SFMF,20,13,100,10.00,"1,000.00"
2020-12-27,2020122704001005,SGI,42,16,10,570.00,"5,700.00"
2020-12-27,2020122704001004,SGI,42,25,10,570.00,"5,700.00"
2020-12-27,2020122704001003,SGI,14,16,10,569.00,"5,690.00"
2020-12-27,2020122704001002,SGI,14,1,10,569.00,"5,690.00"
2020-12-27,2020122704001000,SGI,14,49,10,569.00,"5,690.00"
2020-12-27,2020122704000998,SGI,14,38,10,569.00,"5,690.00"
2020-12-27,2020122704000527,SGI,19,39,10,566.00,"5,660.00"
2020-12-27,2020122704000526,SGI,19,58,10,566.00,"5,660.00"
2020-12-27,2020122704000522,SGI,19,51,10,566.00,"5,660.00"
2020-12-27,2020122704000516,SGI,19,58,10,566.00,"5,660.00"
2020-12-27,2020122704000507,SGI,19,18,10,566.00,"5,660.00"
2020-12-27,2020122704000506,SGI,19,3,10,566.00,"5,660.00"
2020-12-27,2020122704000550,SGI,41,40,10,567.00,"5,670.00"
2020-12-27,2020122704000546,SGI,19,50,10,566.00,"5,660.00"
2020-12-27,2020122704000545,SGI,19,39,10,566.00,"5,660.00"
2020-12-27,2020122704000544,SGI,19,32,10,566.00,"5,660.00"
2020-12-27,2020122704000543,SGI,19,41,10,566.00,"5,660.00"
2020-12-27,2020122704000535,SGI,19,44,10,566.00,"5,660.00"
2020-12-27,2020122704000559,SGI,19,39,10,566.00,"5,660.00"
2020-12-27,2020122704000556,SGI,19,41,10,566.00,"5,660.00"
2020-12-27,2020122704000555,SGI,19,39,10,566.00,"5,660.00"
2020-12-27,2020122704000554,SGI,19,34,10,566.00,"5,660.00"
2020-12-27,2020122704000552,SGI,19,39,10,566.00,"5,660.00"
2020-12-27,2020122704000551,SGI,41,21,10,567.00,"5,670.00"
2020-12-27,2020122704000581,SGI,19,38,10,566.00,"5,660.00"
2020-12-27,2020122704000579,SGI,19,36,10,566.00,"5,660.00"
2020-12-27,2020122704000576,SGI,19,38,10,566.00,"5,660.00"
2020-12-27,2020122704000575,SGI,19,39,10,566.00,"5,660.00"
2020-12-27,2020122704000574,SGI,19,35,10,566.00,"5,660.00"
2020-12-27,2020122704000573,SGI,19,28,10,566.00,"5,660.00"
2020-12-27,2020122704000602,SGI,3,3,10,568.00,"5,680.00"
2020-12-27,2020122704000595,SGI,41,40,10,567.00,"5,670.00"
2020-12-27,2020122704000594,SGI,25,38,10,566.00,"5,660.00"
2020-12-27,2020122704000593,SGI,25,33,10,566.00,"5,660.00"
2020-12-27,2020122704000586,SGI,25,41,10,566.00,"5,660.00"
2020-12-27,2020122704000582,SGI,19,22,10,566.00,"5,660.00"
2020-12-27,2020122704000627,SGI,39,47,10,567.00,"5,670.00"
2020-12-27,2020122704000622,SGI,39,57,10,567.00,"5,670.00"
2020-12-27,2020122704000621,SGI,39,39,10,567.00,"5,670.00"
2020-12-27,2020122704000619,SGI,39,39,10,567.00,"5,670.00"
2020-12-27,2020122704000618,SGI,39,50,10,567.00,"5,670.00"
2020-12-27,2020122704000613,SGI,39,43,10,567.00,"5,670.00"
2020-12-27,2020122704000637,SGI,39,39,10,567.00,"5,670.00"
2020-12-27,2020122704000635,SGI,39,49,10,567.00,"5,670.00"
2020-12-27,2020122704000634,SGI,39,21,10,567.00,"5,670.00"
2020-12-27,2020122704000633,SGI,39,39,10,567.00,"5,670.00"
2020-12-27,2020122704000632,SGI,39,47,10,567.00,"5,670.00"
2020-12-27,2020122704000630,SGI,39,1,10,567.00,"5,670.00"
2020-12-27,2020122704000660,SGI,25,38,10,566.00,"5,660.00"
2020-12-27,2020122704000659,SGI,25,46,10,566.00,"5,660.00"
2020-12-27,2020122704000649,SGI,38,39,10,567.00,"5,670.00"
2020-12-27,2020122704000642,SGI,39,46,10,567.00,"5,670.00"
2020-12-27,2020122704000640,SGI,39,42,10,567.00,"5,670.00"
2020-12-27,2020122704000639,SGI,39,46,10,567.00,"5,670.00"
2020-12-27,2020122704000679,SGI,25,17,10,566.00,"5,660.00"
2020-12-27,2020122704000678,SGI,25,11,60,566.00,"33,960.00"
2020-12-27,2020122704000677,SGI,25,17,10,566.00,"5,660.00"
2020-12-27,2020122704000674,SGI,25,17,10,566.00,"5,660.00"
2020-12-27,2020122704000664,SGI,25,39,10,566.00,"5,660.00"
2020-12-27,2020122704000662,SGI,25,59,10,566.00,"5,660.00"
2020-12-27,2020122704000692,SGI,26,17,10,566.00,"5,660.00"
2020-12-27,2020122704000686,SGI,26,17,10,566.00,"5,660.00"
2020-12-27,2020122704000685,SGI,25,29,10,566.00,"5,660.00"
2020-12-27,2020122704000683,SGI,25,17,10,566.00,"5,660.00"
2020-12-27,2020122704000682,SGI,25,44,10,566.00,"5,660.00"
2020-12-27,2020122704000680,SGI,25,47,10,566.00,"5,660.00"
2020-12-27,2020122704000705,SGI,57,17,10,565.00,"5,650.00"
2020-12-27,2020122704000701,SGI,16,39,10,566.00,"5,660.00"
2020-12-27,2020122704000700,SGI,16,17,10,566.00,"5,660.00"
2020-12-27,2020122704000698,SGI,16,17,10,566.00,"5,660.00"
2020-12-27,2020122704000697,SGI,16,58,10,566.00,"5,660.00"
2020-12-27,2020122704000696,SGI,16,29,10,566.00,"5,660.00"
2020-12-27,2020122704000721,SGI,57,44,10,565.00,"5,650.00"
2020-12-27,2020122704000719,SGI,57,58,10,565.00,"5,650.00"
2020-12-27,2020122704000717,SGI,35,44,10,566.00,"5,660.00"
2020-12-27,2020122704000713,SGI,57,17,10,565.00,"5,650.00"
2020-12-27,2020122704000709,SGI,41,17,10,566.00,"5,660.00"
2020-12-27,2020122704000708,SGI,41,58,10,566.00,"5,660.00"
2020-12-27,2020122704000756,SGI,22,33,10,568.00,"5,680.00"
2020-12-27,2020122704000746,SGI,57,48,10,565.00,"5,650.00"
2020-12-27,2020122704000744,SGI,57,39,10,565.00,"5,650.00"
2020-12-27,2020122704000739,SGI,57,39,10,565.00,"5,650.00"
2020-12-27,2020122704000735,SGI,57,22,10,565.00,"5,650.00"
2020-12-27,2020122704000722,SGI,57,37,10,565.00,"5,650.00"
2020-12-27,2020122704000777,SGI,56,36,10,567.00,"5,670.00"
2020-12-27,2020122704000776,SGI,14,48,10,568.00,"5,680.00"
2020-12-27,2020122704000775,SGI,14,44,10,568.00,"5,680.00"
2020-12-27,2020122704000767,SGI,35,16,10,568.00,"5,680.00"
2020-12-27,2020122704000766,SGI,35,22,10,568.00,"5,680.00"
2020-12-27,2020122704000763,SGI,35,22,10,568.00,"5,680.00"
2020-12-27,2020122704000798,SGI,21,22,10,566.00,"5,660.00"
2020-12-27,2020122704000794,SGI,21,44,10,566.00,"5,660.00"
2020-12-27,2020122704000792,SGI,21,42,10,566.00,"5,660.00"
2020-12-27,2020122704000791,SGI,35,44,10,568.00,"5,680.00"
2020-12-27,2020122704000789,SGI,35,40,10,568.00,"5,680.00"
2020-12-27,2020122704000778,SGI,57,48,10,565.00,"5,650.00"
2020-12-27,2020122704000821,SGI,49,44,10,567.00,"5,670.00"
2020-12-27,2020122704000812,SGI,49,21,10,567.00,"5,670.00"
2020-12-27,2020122704000809,SGI,28,7,50,566.00,"28,300.00"
2020-12-27,2020122704000805,SGI,21,7,50,566.00,"28,300.00"
2020-12-27,2020122704000804,SGI,21,56,10,566.00,"5,660.00"
2020-12-27,2020122704000800,SGI,21,39,10,566.00,"5,660.00"
2020-12-27,2020122704000839,SGI,49,26,10,567.00,"5,670.00"
2020-12-27,2020122704000836,SGI,49,44,10,567.00,"5,670.00"
2020-12-27,2020122704000835,SGI,49,56,10,567.00,"5,670.00"
2020-12-27,2020122704000834,SGI,49,47,10,567.00,"5,670.00"
2020-12-27,2020122704000828,SGI,49,16,10,567.00,"5,670.00"
2020-12-27,2020122704000822,SGI,49,38,10,567.00,"5,670.00"
2020-12-27,2020122704000850,SGI,21,29,10,568.00,"5,680.00"
2020-12-27,2020122704000849,SGI,21,58,10,568.00,"5,680.00"
2020-12-27,2020122704000848,SGI,21,52,10,568.00,"5,680.00"
2020-12-27,2020122704000847,SGI,21,58,10,568.00,"5,680.00"
2020-12-27,2020122704000846,SGI,21,39,10,568.00,"5,680.00"
2020-12-27,2020122704000840,SGI,49,40,10,567.00,"5,670.00"
2020-12-27,2020122704000884,SGI,50,41,10,570.00,"5,700.00"
2020-12-27,2020122704000864,SGI,14,43,10,569.00,"5,690.00"
2020-12-27,2020122704000860,SGI,14,45,10,569.00,"5,690.00"
2020-12-27,2020122704000859,SGI,14,34,10,569.00,"5,690.00"
2020-12-27,2020122704000858,SGI,14,6,10,569.00,"5,690.00"
2020-12-27,2020122704000857,SGI,14,21,10,569.00,"5,690.00"
2020-12-27,2020122704000890,SGI,50,58,10,570.00,"5,700.00"
2020-12-27,2020122704000889,SGI,50,41,10,570.00,"5,700.00"
2020-12-27,2020122704000888,SGI,50,53,10,570.00,"5,700.00"
2020-12-27,2020122704000887,SGI,50,21,10,570.00,"5,700.00"
2020-12-27,2020122704000886,SGI,50,10,10,570.00,"5,700.00"
2020-12-27,2020122704000885,SGI,50,49,10,570.00,"5,700.00"
2020-12-27,2020122704000924,SGI,14,58,10,569.00,"5,690.00"
2020-12-27,2020122704000921,SGI,52,36,10,569.00,"5,690.00"
2020-12-27,2020122704000919,SGI,25,55,10,570.00,"5,700.00"
2020-12-27,2020122704000901,SGI,25,34,10,570.00,"5,700.00"
2020-12-27,2020122704000892,SGI,50,14,10,570.00,"5,700.00"
2020-12-27,2020122704000891,SGI,50,17,10,570.00,"5,700.00"
2020-12-27,2020122704000945,SGI,44,20,10,570.00,"5,700.00"
2020-12-27,2020122704000944,SGI,44,58,10,570.00,"5,700.00"
2020-12-27,2020122704000943,SGI,44,58,10,570.00,"5,700.00"
2020-12-27,2020122704000939,SGI,44,21,10,570.00,"5,700.00"
2020-12-27,2020122704000937,SGI,14,58,10,569.00,"5,690.00"
2020-12-27,2020122704000934,SGI,14,36,10,569.00,"5,690.00"
2020-12-27,2020122704000964,SGI,44,42,10,570.00,"5,700.00"
2020-12-27,2020122704000962,SGI,44,44,10,570.00,"5,700.00"
2020-12-27,2020122704000958,SGI,44,55,10,570.00,"5,700.00"
2020-12-27,2020122704000955,SGI,44,26,10,570.00,"5,700.00"
2020-12-27,2020122704000953,SGI,44,26,10,570.00,"5,700.00"
2020-12-27,2020122704000947,SGI,44,42,10,570.00,"5,700.00"
2020-12-27,2020122704000977,SGI,44,58,10,570.00,"5,700.00"
2020-12-27,2020122704000975,SGI,44,38,10,570.00,"5,700.00"
2020-12-27,2020122704000974,SGI,44,44,10,570.00,"5,700.00"
2020-12-27,2020122704000971,SGI,44,50,10,570.00,"5,700.00"
2020-12-27,2020122704000970,SGI,44,16,10,570.00,"5,700.00"
2020-12-27,2020122704000967,SGI,44,16,10,570.00,"5,700.00"
2020-12-27,2020122704000994,SGI,34,25,10,570.00,"5,700.00"
2020-12-27,2020122704000993,SGI,34,16,10,570.00,"5,700.00"
2020-12-27,2020122704000987,SGI,44,57,10,570.00,"5,700.00"
2020-12-27,2020122704000983,SGI,44,52,10,570.00,"5,700.00"
2020-12-27,2020122704000982,SGI,44,50,10,570.00,"5,700.00"
2020-12-27,2020122704000978,SGI,44,44,10,570.00,"5,700.00"
2020-12-27,2020122704000996,STC,26,22,20,"5,255.00","105,100.00"
2020-12-27,2020122704000991,STC,26,3,20,"5,253.00","105,060.00"
2020-12-27,2020122704000990,STC,26,34,97,"5,250.00","509,250.00"
2020-12-27,2020122704000928,STC,40,10,20,"5,152.00","103,040.00"
2020-12-27,2020122704000927,STC,26,10,10,"5,172.00","51,720.00"
2020-12-27,2020122704000926,STC,14,10,30,"5,173.00","155,190.00"
2020-12-27,2020122704000513,STC,34,8,10,"5,239.00","52,390.00"
2020-12-27,2020122704000557,STC,47,38,16,"5,340.00","85,440.00"
2020-12-27,2020122704000533,STC,26,34,110,"5,345.00","587,950.00"
2020-12-27,2020122704000529,STC,26,22,10,"5,345.00","53,450.00"
2020-12-27,2020122704000528,STC,26,55,110,"5,340.00","587,400.00"
2020-12-27,2020122704000525,STC,26,8,20,"5,339.00","106,780.00"
2020-12-27,2020122704000514,STC,52,8,20,"5,239.00","104,780.00"
2020-12-27,2020122704000730,STC,52,10,50,"5,156.00","257,800.00"
2020-12-27,2020122704000729,STC,28,10,20,"5,157.00","103,140.00"
2020-12-27,2020122704000690,STC,26,41,230,"5,234.00","1,203,820.00"
2020-12-27,2020122704000654,STC,14,41,20,"5,234.00","104,680.00"
2020-12-27,2020122704000620,STC,32,39,10,"5,250.00","52,500.00"
2020-12-27,2020122704000580,STC,14,34,10,"5,234.00","52,340.00"
2020-12-27,2020122704000925,STC,26,10,10,"5,174.00","51,740.00"
2020-12-27,2020122704000900,STC,52,46,20,"5,200.00","104,000.00"
2020-12-27,2020122704000734,STC,5,10,10,"5,150.00","51,500.00"
2020-12-27,2020122704000733,STC,32,10,10,"5,150.00","51,500.00"
2020-12-27,2020122704000732,STC,14,10,20,"5,152.00","103,040.00"
2020-12-27,2020122704000731,STC,58,10,10,"5,155.00","51,550.00"
2020-12-27,2020122704000052,BBC,25,21,20,"2,640.00","52,800.00"
2020-12-27,2020122704000384,CMF1,48,16,500,10.00,"5,000.00"
2020-12-27,2020122704000197,CMF1,48,51,"2,000",10.00,"20,000.00"
2020-12-27,2020122704000196,CMF1,48,51,"3,000",10.00,"30,000.00"
2020-12-27,2020122704000176,CMF1,19,7,"5,000",10.01,"50,050.00"
2020-12-27,2020122704000143,CMF1,19,51,"5,000",10.01,"50,050.00"
2020-12-27,2020122704000073,CMF1,48,52,"2,000",10.00,"20,000.00"
2020-12-27,2020122704000495,GIC,52,18,10,548.00,"5,480.00"
2020-12-27,2020122704000494,GIC,52,39,10,548.00,"5,480.00"
2020-12-27,2020122704000491,GIC,52,55,10,548.00,"5,480.00"
2020-12-27,2020122704000489,GIC,52,11,10,548.00,"5,480.00"
2020-12-27,2020122704000487,GIC,52,18,10,548.00,"5,480.00"
2020-12-27,2020122704000486,GIC,52,6,10,548.00,"5,480.00"
2020-12-27,2020122704000009,GIC,34,6,10,555.00,"5,550.00"
2020-12-27,2020122704000008,GIC,34,55,10,555.00,"5,550.00"
2020-12-27,2020122704000006,GIC,34,58,10,555.00,"5,550.00"
2020-12-27,2020122704000020,GIC,55,54,10,552.00,"5,520.00"
2020-12-27,2020122704000017,GIC,55,38,10,552.00,"5,520.00"
2020-12-27,2020122704000015,GIC,8,51,10,551.00,"5,510.00"
2020-12-27,2020122704000014,GIC,8,54,10,551.00,"5,510.00"
2020-12-27,2020122704000013,GIC,34,34,10,555.00,"5,550.00"
2020-12-27,2020122704000012,GIC,34,51,10,555.00,"5,550.00"
2020-12-27,2020122704000032,GIC,28,35,10,553.00,"5,530.00"
2020-12-27,2020122704000030,GIC,28,8,10,553.00,"5,530.00"
2020-12-27,2020122704000027,GIC,28,44,10,553.00,"5,530.00"
2020-12-27,2020122704000024,GIC,8,6,10,553.00,"5,530.00"
2020-12-27,2020122704000022,GIC,55,42,10,552.00,"5,520.00"
2020-12-27,2020122704000021,GIC,45,6,10,555.00,"5,550.00"
2020-12-27,2020122704000047,GIC,28,46,10,553.00,"5,530.00"
2020-12-27,2020122704000043,GIC,28,14,10,553.00,"5,530.00"
2020-12-27,2020122704000042,GIC,28,51,10,553.00,"5,530.00"
2020-12-27,2020122704000041,GIC,28,51,10,553.00,"5,530.00"
2020-12-27,2020122704000037,GIC,28,20,10,553.00,"5,530.00"
2020-12-27,2020122704000035,GIC,28,41,10,553.00,"5,530.00"
2020-12-27,2020122704000062,GIC,33,58,10,555.00,"5,550.00"
2020-12-27,2020122704000058,GIC,33,1,10,555.00,"5,550.00"
2020-12-27,2020122704000057,GIC,33,38,100,555.00,"55,500.00"
2020-12-27,2020122704000056,GIC,33,16,10,555.00,"5,550.00"
2020-12-27,2020122704000055,GIC,33,19,10,555.00,"5,550.00"
2020-12-27,2020122704000049,GIC,6,3,10,554.00,"5,540.00"
2020-12-27,2020122704000114,GIC,33,44,10,555.00,"5,550.00"
2020-12-27,2020122704000080,GIC,33,1,10,555.00,"5,550.00"
2020-12-27,2020122704000079,GIC,33,38,10,555.00,"5,550.00"
2020-12-27,2020122704000078,GIC,33,3,10,555.00,"5,550.00"
2020-12-27,2020122704000074,GIC,33,38,10,555.00,"5,550.00"
2020-12-27,2020122704000069,GIC,33,14,10,555.00,"5,550.00"
2020-12-27,2020122704000130,GIC,28,26,10,553.00,"5,530.00"
2020-12-27,2020122704000127,GIC,28,26,10,553.00,"5,530.00"
2020-12-27,2020122704000121,GIC,28,26,10,553.00,"5,530.00"
2020-12-27,2020122704000120,GIC,28,44,10,553.00,"5,530.00"
2020-12-27,2020122704000116,GIC,28,45,10,553.00,"5,530.00"
2020-12-27,2020122704000115,GIC,41,38,10,555.00,"5,550.00"
2020-12-27,2020122704000139,GIC,28,1,10,553.00,"5,530.00"
2020-12-27,2020122704000137,GIC,28,58,10,553.00,"5,530.00"
2020-12-27,2020122704000136,GIC,28,34,10,553.00,"5,530.00"
2020-12-27,2020122704000135,GIC,28,45,10,553.00,"5,530.00"
2020-12-27,2020122704000133,GIC,28,51,10,553.00,"5,530.00"
2020-12-27,2020122704000131,GIC,28,26,10,553.00,"5,530.00"
2020-12-27,2020122704000163,GIC,55,44,10,552.00,"5,520.00"
2020-12-27,2020122704000161,GIC,55,45,10,552.00,"5,520.00"
2020-12-27,2020122704000156,GIC,55,44,10,552.00,"5,520.00"
2020-12-27,2020122704000151,GIC,55,51,10,552.00,"5,520.00"
2020-12-27,2020122704000148,GIC,55,19,10,552.00,"5,520.00"
2020-12-27,2020122704000141,GIC,55,34,10,552.00,"5,520.00"
2020-12-27,2020122704000180,GIC,55,51,10,552.00,"5,520.00"
2020-12-27,2020122704000178,GIC,55,45,10,552.00,"5,520.00"
2020-12-27,2020122704000172,GIC,55,16,10,552.00,"5,520.00"
2020-12-27,2020122704000171,GIC,55,43,10,552.00,"5,520.00"
2020-12-27,2020122704000169,GIC,8,55,10,553.00,"5,530.00"
2020-12-27,2020122704000168,GIC,55,1,10,552.00,"5,520.00"
2020-12-27,2020122704000195,GIC,45,58,10,550.00,"5,500.00"
2020-12-27,2020122704000194,GIC,45,58,10,550.00,"5,500.00"
2020-12-27,2020122704000192,GIC,45,46,10,550.00,"5,500.00"
2020-12-27,2020122704000183,GIC,7,29,10,551.00,"5,510.00"
2020-12-27,2020122704000182,GIC,8,22,10,551.00,"5,510.00"
2020-12-27,2020122704000181,GIC,55,46,60,552.00,"33,120.00"
2020-12-27,2020122704000216,GIC,45,50,10,550.00,"5,500.00"
2020-12-27,2020122704000212,GIC,45,10,100,550.00,"55,000.00"
2020-12-27,2020122704000211,GIC,45,6,10,550.00,"5,500.00"
2020-12-27,2020122704000207,GIC,45,47,10,550.00,"5,500.00"
2020-12-27,2020122704000203,GIC,45,17,10,550.00,"5,500.00"
2020-12-27,2020122704000198,GIC,38,47,10,551.00,"5,510.00"
2020-12-27,2020122704000240,GIC,38,37,10,551.00,"5,510.00"
2020-12-27,2020122704000235,GIC,44,20,10,550.00,"5,500.00"
2020-12-27,2020122704000234,GIC,44,40,10,550.00,"5,500.00"
2020-12-27,2020122704000231,GIC,45,40,10,550.00,"5,500.00"
2020-12-27,2020122704000224,GIC,45,58,10,550.00,"5,500.00"
2020-12-27,2020122704000220,GIC,45,36,10,550.00,"5,500.00"
2020-12-27,2020122704000253,GIC,44,57,10,550.00,"5,500.00"
2020-12-27,2020122704000252,GIC,44,57,10,550.00,"5,500.00"
2020-12-27,2020122704000251,GIC,44,39,10,550.00,"5,500.00"
2020-12-27,2020122704000249,GIC,44,37,10,550.00,"5,500.00"
2020-12-27,2020122704000244,GIC,44,26,10,550.00,"5,500.00"
2020-12-27,2020122704000241,GIC,44,56,10,550.00,"5,500.00"
2020-12-27,2020122704000268,GIC,20,7,20,550.00,"11,000.00"
2020-12-27,2020122704000267,GIC,38,33,10,551.00,"5,510.00"
2020-12-27,2020122704000266,GIC,20,46,10,550.00,"5,500.00"
2020-12-27,2020122704000260,GIC,20,14,10,550.00,"5,500.00"
2020-12-27,2020122704000256,GIC,44,34,10,550.00,"5,500.00"
2020-12-27,2020122704000254,GIC,44,42,10,550.00,"5,500.00"
2020-12-27,2020122704000309,GIC,42,32,100,548.00,"54,800.00"
2020-12-27,2020122704000282,GIC,8,51,10,549.00,"5,490.00"
2020-12-27,2020122704000279,GIC,8,6,10,549.00,"5,490.00"
2020-12-27,2020122704000272,GIC,21,39,10,549.00,"5,490.00"
2020-12-27,2020122704000270,GIC,21,32,190,549.00,"104,310.00"
2020-12-27,2020122704000269,GIC,57,7,200,550.00,"110,000.00"
2020-12-27,2020122704000320,GIC,21,39,10,548.00,"5,480.00"
2020-12-27,2020122704000319,GIC,46,5,10,549.00,"5,490.00"
2020-12-27,2020122704000318,GIC,46,29,10,549.00,"5,490.00"
2020-12-27,2020122704000317,GIC,46,58,10,549.00,"5,490.00"
2020-12-27,2020122704000312,GIC,21,57,10,548.00,"5,480.00"
2020-12-27,2020122704000311,GIC,21,57,10,548.00,"5,480.00"
2020-12-27,2020122704000342,GIC,21,34,10,548.00,"5,480.00"
2020-12-27,2020122704000339,GIC,21,50,50,548.00,"27,400.00"
2020-12-27,2020122704000333,GIC,21,41,10,548.00,"5,480.00"
2020-12-27,2020122704000328,GIC,21,58,10,548.00,"5,480.00"
2020-12-27,2020122704000324,GIC,21,49,10,548.00,"5,480.00"
2020-12-27,2020122704000321,GIC,21,44,10,548.00,"5,480.00"
2020-12-27,2020122704000372,GIC,21,41,10,548.00,"5,480.00"
2020-12-27,2020122704000364,GIC,21,38,10,548.00,"5,480.00"
2020-12-27,2020122704000362,GIC,20,13,10,549.00,"5,490.00"
2020-12-27,2020122704000358,GIC,20,39,10,549.00,"5,490.00"
2020-12-27,2020122704000350,GIC,21,3,10,548.00,"5,480.00"
2020-12-27,2020122704000348,GIC,21,42,10,548.00,"5,480.00"
2020-12-27,2020122704000390,GIC,21,55,10,548.00,"5,480.00"
2020-12-27,2020122704000388,GIC,21,39,10,548.00,"5,480.00"
2020-12-27,2020122704000386,GIC,6,7,170,550.00,"93,500.00"
2020-12-27,2020122704000383,GIC,21,39,10,548.00,"5,480.00"
2020-12-27,2020122704000377,GIC,21,39,10,548.00,"5,480.00"
2020-12-27,2020122704000374,GIC,21,58,10,548.00,"5,480.00"
2020-12-27,2020122704000418,GIC,21,52,10,548.00,"5,480.00"
2020-12-27,2020122704000417,GIC,21,52,10,548.00,"5,480.00"
2020-12-27,2020122704000414,GIC,21,39,10,548.00,"5,480.00"
2020-12-27,2020122704000413,GIC,21,38,10,548.00,"5,480.00"
2020-12-27,2020122704000408,GIC,21,33,10,548.00,"5,480.00"
2020-12-27,2020122704000407,GIC,21,39,10,548.00,"5,480.00"
2020-12-27,2020122704000429,GIC,21,4,10,548.00,"5,480.00"
2020-12-27,2020122704000428,GIC,21,28,10,548.00,"5,480.00"
2020-12-27,2020122704000426,GIC,21,33,10,548.00,"5,480.00"
2020-12-27,2020122704000424,GIC,21,33,10,548.00,"5,480.00"
2020-12-27,2020122704000422,GIC,21,38,10,548.00,"5,480.00"
2020-12-27,2020122704000421,GIC,21,58,10,548.00,"5,480.00"
2020-12-27,2020122704000443,GIC,21,57,10,548.00,"5,480.00"
2020-12-27,2020122704000442,GIC,21,39,10,548.00,"5,480.00"
2020-12-27,2020122704000441,GIC,35,41,50,549.00,"27,450.00"
2020-12-27,2020122704000439,GIC,21,45,10,548.00,"5,480.00"
2020-12-27,2020122704000436,GIC,21,56,10,548.00,"5,480.00"
2020-12-27,2020122704000430,GIC,21,39,10,548.00,"5,480.00"
2020-12-27,2020122704000471,GIC,21,47,10,548.00,"5,480.00"
2020-12-27,2020122704000467,GIC,21,19,10,548.00,"5,480.00"
2020-12-27,2020122704000459,GIC,21,18,10,548.00,"5,480.00"
2020-12-27,2020122704000458,GIC,21,39,10,548.00,"5,480.00"
2020-12-27,2020122704000455,GIC,21,45,10,548.00,"5,480.00"
2020-12-27,2020122704000444,GIC,21,28,10,548.00,"5,480.00"
2020-12-27,2020122704000484,GIC,52,39,10,548.00,"5,480.00"
2020-12-27,2020122704000482,GIC,21,55,10,548.00,"5,480.00"
2020-12-27,2020122704000481,GIC,21,32,10,548.00,"5,480.00"
2020-12-27,2020122704000480,GIC,21,18,10,548.00,"5,480.00"
2020-12-27,2020122704000479,GIC,21,18,10,548.00,"5,480.00"
2020-12-27,2020122704000473,GIC,21,32,10,548.00,"5,480.00"
2020-12-27,2020122704000048,GIMES1,19,28,"1,000",10.86,"10,860.00"
2020-12-27,2020122704000502,LUK,10,57,100,9.15,915.00
2020-12-27,2020122704000500,LUK,10,57,100,9.15,915.00
2020-12-27,2020122704000363,LUK,34,6,100,9.13,913.00
2020-12-27,2020122704000315,LUK,34,54,100,9.13,913.00
2020-12-27,2020122704000227,LUK,34,33,500,9.13,"4,565.00"
2020-12-27,2020122704000226,LUK,35,33,"1,000",9.13,"9,130.00"
2020-12-27,2020122704000158,LUK,34,25,100,9.13,913.00
2020-12-27,2020122704000147,LUK,34,51,200,9.13,"1,826.00"
2020-12-27,2020122704000146,LUK,34,1,500,9.13,"4,565.00"
2020-12-27,2020122704000505,NBF2,53,49,810,9.60,"7,776.00"
2020-12-27,2020122704000498,NBF2,51,49,190,9.60,"1,824.00"
2020-12-27,2020122704000497,NBF2,51,56,100,9.60,960.00
2020-12-27,2020122704000460,NBF2,51,42,"1,000",9.60,"9,600.00"
2020-12-27,2020122704000448,NBF2,51,6,"1,500",9.60,"14,400.00"
2020-12-27,2020122704000432,NBF2,51,32,100,9.60,960.00
2020-12-27,2020122704000219,NBF2,29,40,600,9.55,"5,730.00"
2020-12-27,2020122704000213,NBF2,29,40,"1,900",9.55,"18,145.00"
2020-12-27,2020122704000206,NBF2,29,18,"1,000",9.55,"9,550.00"
2020-12-27,2020122704000205,NBF2,29,16,100,9.55,955.00
2020-12-27,2020122704000189,NBF2,20,7,100,9.53,953.00
2020-12-27,2020122704000185,NBF2,20,51,100,9.53,953.00
2020-12-27,2020122704000290,NBF2,42,40,200,9.36,"1,872.00"
2020-12-27,2020122704000289,NBF2,34,40,"1,000",9.42,"9,420.00"
2020-12-27,2020122704000288,NBF2,58,40,"1,000",9.42,"9,420.00"
2020-12-27,2020122704000287,NBF2,20,40,300,9.53,"2,859.00"
2020-12-27,2020122704000250,NBF2,42,47,"1,000",9.55,"9,550.00"
2020-12-27,2020122704000228,NBF2,29,47,400,9.55,"3,820.00"
2020-12-27,2020122704000371,NBF2,29,33,200,9.60,"1,920.00"
2020-12-27,2020122704000370,NBF2,29,29,100,9.60,960.00
2020-12-27,2020122704000360,NBF2,5,47,"5,000",9.59,"47,950.00"
2020-12-27,2020122704000357,NBF2,29,47,100,9.55,955.00
2020-12-27,2020122704000355,NBF2,29,47,"2,000",9.55,"19,100.00"
2020-12-27,2020122704000352,NBF2,51,41,"2,000",9.53,"19,060.00"
2020-12-27,2020122704000504,NEF,21,18,"2,414",9.93,"23,971.02"
2020-12-27,2020122704000501,NEF,21,18,"2,414",9.93,"23,971.02"
2020-12-27,2020122704000403,NEF,53,44,483,9.92,"4,791.36"
2020-12-27,2020122704000387,NEF,21,47,"5,632",9.98,"56,207.36"
2020-12-27,2020122704000382,NEF,53,41,531,9.92,"5,267.52"
2020-12-27,2020122704000291,NEF,21,44,483,9.91,"4,786.53"
2020-12-27,2020122704000117,NEF,49,34,193,9.75,"1,881.75"
2020-12-27,2020122704000081,NEF,47,34,241,9.74,"2,347.34"
2020-12-27,2020122704000068,NEF,47,34,193,9.74,"1,879.82"
2020-12-27,2020122704000061,NEF,58,28,628,9.70,"6,091.60"
2020-12-27,2020122704000039,NEF,47,34,241,9.74,"2,347.34"
2020-12-27,2020122704000265,NEF,21,18,"2,816",9.91,"27,906.56"
2020-12-27,2020122704000257,NEF,21,53,"1,000",9.91,"9,910.00"
2020-12-27,2020122704000191,NEF,38,51,"1,000",9.93,"9,930.00"
2020-12-27,2020122704000170,NEF,38,46,"1,000",9.93,"9,930.00"
2020-12-27,2020122704000125,NEF,11,47,"10,000",9.93,"99,300.00"
2020-12-27,2020122704000118,NEF,11,42,"1,117",9.89,"11,047.13"
2020-12-27,2020122704000296,NIBLPF,3,44,253,9.97,"2,522.41"
2020-12-27,2020122704000215,NIBLPF,6,44,253,9.96,"2,519.88"
2020-12-27,2020122704000478,NIBPO,7,56,23,444.00,"10,212.00"
2020-12-27,2020122704000466,NIBPO,7,42,"3,111",444.00,"1,381,284.00"
2020-12-27,2020122704000465,NIBPO,34,42,"2,000",445.00,"890,000.00"
2020-12-27,2020122704000464,NIBPO,49,42,500,446.00,"223,000.00"
2020-12-27,2020122704000463,NIBPO,49,42,389,446.00,"173,494.00"
2020-12-27,2020122704000375,NIBPO,49,49,111,446.00,"49,506.00"
2020-12-27,2020122704000063,NIBPO,34,35,10,459.00,"4,590.00"
2020-12-27,2020122704000046,NIBPO,34,58,"2,000",450.00,"900,000.00"
2020-12-27,2020122704000238,NIBPO,10,58,"1,000",447.00,"447,000.00"
2020-12-27,2020122704000237,NIBPO,54,58,"1,000",447.00,"447,000.00"
2020-12-27,2020122704000210,NIBPO,13,37,490,448.00,"219,520.00"
2020-12-27,2020122704000209,NIBPO,13,58,10,448.00,"4,480.00"
2020-12-27,2020122704000177,NIBPO,34,58,100,450.00,"45,000.00"
2020-12-27,2020122704000065,NIBPO,34,35,10,459.00,"4,590.00"
2020-12-27,2020122704000186,NIBSF1,58,28,456,10.97,"5,002.32"
2020-12-27,2020122704000184,NIBSF1,48,28,"1,500",10.97,"16,455.00"
2020-12-27,2020122704000174,NIBSF1,26,28,"5,000",10.97,"54,850.00"
2020-12-27,2020122704000072,NIBSF1,58,28,"1,000",11.00,"11,000.00"
2020-12-27,2020122704000401,NICAD8283,29,43,30,"1,170.00","35,100.00"
2020-12-27,2020122704000470,NICBF,10,44,200,9.85,"1,970.00"
2020-12-27,2020122704000264,NICD83/84,43,22,200,"1,050.00","210,000.00"
2020-12-27,2020122704000356,NICGF,6,37,"5,000",10.28,"51,400.00"
2020-12-27,2020122704000031,NICGF,22,11,200,10.47,"2,094.00"
2020-12-27,2020122704000128,NMB50,3,54,"1,000",10.15,"10,150.00"
2020-12-27,2020122704000122,NMB50,3,54,"4,000",10.15,"40,600.00"
2020-12-27,2020122704000474,NMBHF1,11,44,832,9.82,"8,170.24"
2020-12-27,2020122704000469,NMBHF1,11,16,167,9.82,"1,639.94"
2020-12-27,2020122704000302,NMBHF1,49,18,891,9.81,"8,740.71"
2020-12-27,2020122704000301,NMBHF1,58,18,"3,841",9.81,"37,680.21"
2020-12-27,2020122704000300,NMBHF1,58,44,832,9.81,"8,161.92"
2020-12-27,2020122704000222,NMBHF1,58,44,327,9.81,"3,207.87"
2020-12-27,2020122704000221,NMBHF1,26,44,505,9.81,"4,954.05"
2020-12-27,2020122704000447,SAEF,6,17,500,11.03,"5,515.00"
2020-12-27,2020122704000423,SAEF,6,17,500,11.03,"5,515.00"
2020-12-27,2020122704000373,SAEF,47,49,"5,000",11.02,"55,100.00"
2020-12-27,2020122704000335,SAEF,6,49,"1,900",11.01,"20,919.00"
2020-12-27,2020122704000334,SAEF,6,49,"3,100",11.01,"34,131.00"
2020-12-27,2020122704000204,SAEF,6,41,"1,900",11.01,"20,919.00"
2020-12-27,2020122704000060,SAEF,22,26,200,11.19,"2,238.00"
2020-12-27,2020122704000054,SAEF,22,58,100,11.00,"1,100.00"
2020-12-27,2020122704000053,SAEF,22,6,100,11.00,"1,100.00"
2020-12-27,2020122704000281,SBIBD86,41,34,25,"1,071.00","26,775.00"
2020-12-27,2020122704000440,SEF,8,26,"15,000",10.40,"156,000.00"
2020-12-27,2020122704000353,SEF,8,42,200,10.36,"2,072.00"
2020-12-27,2020122704000346,SEF,8,57,"1,000",10.45,"10,450.00"
2020-12-27,2020122704000332,SEF,8,16,"1,000",10.46,"10,460.00"
2020-12-27,2020122704000331,SEF,8,33,"10,000",10.46,"104,600.00"
2020-12-27,2020122704000285,SEF,26,36,500,10.45,"5,225.00"
2020-12-27,2020122704000011,SEF,58,6,500,10.13,"5,065.00"
2020-12-27,2020122704000284,SEF,26,22,500,10.45,"5,225.00"
2020-12-27,2020122704000202,SEF,8,33,"10,000",10.46,"104,600.00"
2020-12-27,2020122704000051,SEF,22,11,500,10.49,"5,245.00"
2020-12-27,2020122704000044,SEF,22,16,500,10.33,"5,165.00"
2020-12-27,2020122704000040,SEF,22,58,100,10.32,"1,032.00"
2020-12-27,2020122704000023,SEF,3,19,500,10.12,"5,060.00"
2020-12-27,2020122704000026,SFMF,20,34,250,10.00,"2,500.00"
2020-12-27,2020122704000503,SGI,19,39,10,566.00,"5,660.00"
2020-12-27,2020122704000499,SGI,19,6,10,566.00,"5,660.00"
2020-12-27,2020122704000496,SGI,57,40,10,567.00,"5,670.00"
2020-12-27,2020122704000493,SGI,57,55,10,567.00,"5,670.00"
2020-12-27,2020122704000492,SGI,57,6,10,567.00,"5,670.00"
2020-12-27,2020122704000490,SGI,57,49,10,567.00,"5,670.00"
2020-12-27,2020122704000007,SGI,20,49,10,573.00,"5,730.00"
2020-12-27,2020122704000033,SGI,20,32,10,568.00,"5,680.00"
2020-12-27,2020122704000029,SGI,20,45,10,568.00,"5,680.00"
2020-12-27,2020122704000028,SGI,20,34,10,568.00,"5,680.00"
2020-12-27,2020122704000025,SGI,17,34,10,570.00,"5,700.00"
2020-12-27,2020122704000016,SGI,17,6,10,570.00,"5,700.00"
2020-12-27,2020122704000010,SGI,17,19,10,570.00,"5,700.00"
2020-12-27,2020122704000059,SGI,20,42,10,566.00,"5,660.00"
2020-12-27,2020122704000050,SGI,20,46,10,566.00,"5,660.00"
2020-12-27,2020122704000045,SGI,20,1,10,566.00,"5,660.00"
2020-12-27,2020122704000038,SGI,20,14,10,568.00,"5,680.00"
2020-12-27,2020122704000036,SGI,49,4,10,570.00,"5,700.00"
2020-12-27,2020122704000034,SGI,20,21,10,568.00,"5,680.00"
2020-12-27,2020122704000075,SGI,20,14,10,563.00,"5,630.00"
2020-12-27,2020122704000071,SGI,8,7,10,563.00,"5,630.00"
2020-12-27,2020122704000070,SGI,8,38,10,563.00,"5,630.00"
2020-12-27,2020122704000067,SGI,8,8,10,563.00,"5,630.00"
2020-12-27,2020122704000066,SGI,20,52,10,566.00,"5,660.00"
2020-12-27,2020122704000064,SGI,20,59,10,566.00,"5,660.00"
2020-12-27,2020122704000089,SGI,50,43,10,570.00,"5,700.00"
2020-12-27,2020122704000088,SGI,50,7,10,566.00,"5,660.00"
2020-12-27,2020122704000087,SGI,50,13,10,565.00,"5,650.00"
2020-12-27,2020122704000082,SGI,20,38,10,563.00,"5,630.00"
2020-12-27,2020122704000077,SGI,20,40,10,563.00,"5,630.00"
2020-12-27,2020122704000076,SGI,20,41,10,563.00,"5,630.00"
2020-12-27,2020122704000095,SGI,50,6,10,574.00,"5,740.00"
2020-12-27,2020122704000094,SGI,50,17,10,573.00,"5,730.00"
2020-12-27,2020122704000093,SGI,50,29,10,573.00,"5,730.00"
2020-12-27,2020122704000092,SGI,50,17,10,573.00,"5,730.00"
2020-12-27,2020122704000091,SGI,50,39,70,570.00,"39,900.00"
2020-12-27,2020122704000090,SGI,50,6,10,570.00,"5,700.00"
2020-12-27,2020122704000101,SGI,50,16,10,575.00,"5,750.00"
2020-12-27,2020122704000100,SGI,50,4,10,575.00,"5,750.00"
2020-12-27,2020122704000099,SGI,50,35,10,574.00,"5,740.00"
2020-12-27,2020122704000098,SGI,50,58,10,574.00,"5,740.00"
2020-12-27,2020122704000097,SGI,50,6,10,574.00,"5,740.00"
2020-12-27,2020122704000096,SGI,50,58,10,574.00,"5,740.00"
2020-12-27,2020122704000107,SGI,50,34,10,577.00,"5,770.00"
2020-12-27,2020122704000106,SGI,50,49,10,577.00,"5,770.00"
2020-12-27,2020122704000105,SGI,50,29,10,577.00,"5,770.00"
2020-12-27,2020122704000104,SGI,50,19,10,575.00,"5,750.00"
2020-12-27,2020122704000103,SGI,50,57,10,575.00,"5,750.00"
2020-12-27,2020122704000102,SGI,50,38,10,575.00,"5,750.00"
2020-12-27,2020122704000119,SGI,53,45,10,580.00,"5,800.00"
2020-12-27,2020122704000112,SGI,50,48,10,584.00,"5,840.00"
2020-12-27,2020122704000111,SGI,50,46,10,581.00,"5,810.00"
2020-12-27,2020122704000110,SGI,50,32,10,580.00,"5,800.00"
2020-12-27,2020122704000109,SGI,50,35,10,580.00,"5,800.00"
2020-12-27,2020122704000108,SGI,50,6,10,580.00,"5,800.00"
2020-12-27,2020122704000138,SGI,38,46,10,580.00,"5,800.00"
2020-12-27,2020122704000134,SGI,38,46,10,580.00,"5,800.00"
2020-12-27,2020122704000132,SGI,38,26,10,580.00,"5,800.00"
2020-12-27,2020122704000129,SGI,38,58,10,580.00,"5,800.00"
2020-12-27,2020122704000124,SGI,38,42,10,580.00,"5,800.00"
2020-12-27,2020122704000123,SGI,38,14,10,580.00,"5,800.00"
2020-12-27,2020122704000150,SGI,56,20,10,578.00,"5,780.00"
2020-12-27,2020122704000149,SGI,38,52,10,580.00,"5,800.00"
2020-12-27,2020122704000145,SGI,49,48,10,582.00,"5,820.00"
2020-12-27,2020122704000144,SGI,38,52,10,580.00,"5,800.00"
2020-12-27,2020122704000142,SGI,38,46,10,580.00,"5,800.00"
2020-12-27,2020122704000140,SGI,38,45,10,580.00,"5,800.00"
2020-12-27,2020122704000165,SGI,45,17,10,582.00,"5,820.00"
2020-12-27,2020122704000164,SGI,56,51,10,578.00,"5,780.00"
2020-12-27,2020122704000162,SGI,56,16,10,578.00,"5,780.00"
2020-12-27,2020122704000160,SGI,45,50,10,580.00,"5,800.00"
2020-12-27,2020122704000159,SGI,56,44,10,578.00,"5,780.00"
2020-12-27,2020122704000157,SGI,56,46,10,578.00,"5,780.00"
2020-12-27,2020122704000187,SGI,19,13,10,574.00,"5,740.00"
2020-12-27,2020122704000179,SGI,56,5,10,578.00,"5,780.00"
2020-12-27,2020122704000175,SGI,56,43,10,578.00,"5,780.00"
2020-12-27,2020122704000173,SGI,56,38,10,578.00,"5,780.00"
2020-12-27,2020122704000167,SGI,56,25,10,578.00,"5,780.00"
2020-12-27,2020122704000166,SGI,56,44,10,578.00,"5,780.00"
2020-12-27,2020122704000201,SGI,42,20,10,572.00,"5,720.00"
2020-12-27,2020122704000200,SGI,41,42,100,574.00,"57,400.00"
2020-12-27,2020122704000199,SGI,19,42,10,574.00,"5,740.00"
2020-12-27,2020122704000193,SGI,19,20,10,574.00,"5,740.00"
2020-12-27,2020122704000190,SGI,19,45,10,574.00,"5,740.00"
2020-12-27,2020122704000188,SGI,19,44,10,574.00,"5,740.00"
2020-12-27,2020122704000225,SGI,56,6,10,572.00,"5,720.00"
2020-12-27,2020122704000223,SGI,56,42,10,572.00,"5,720.00"
2020-12-27,2020122704000218,SGI,56,52,10,572.00,"5,720.00"
2020-12-27,2020122704000217,SGI,56,41,10,572.00,"5,720.00"
2020-12-27,2020122704000214,SGI,56,20,10,572.00,"5,720.00"
2020-12-27,2020122704000208,SGI,42,17,10,572.00,"5,720.00"
2020-12-27,2020122704000239,SGI,38,56,10,572.00,"5,720.00"
2020-12-27,2020122704000236,SGI,56,52,10,572.00,"5,720.00"
2020-12-27,2020122704000233,SGI,56,52,10,572.00,"5,720.00"
2020-12-27,2020122704000232,SGI,56,14,10,572.00,"5,720.00"
2020-12-27,2020122704000230,SGI,56,52,10,572.00,"5,720.00"
2020-12-27,2020122704000229,SGI,56,58,10,572.00,"5,720.00"
2020-12-27,2020122704000248,SGI,5,52,10,571.00,"5,710.00"
2020-12-27,2020122704000247,SGI,5,52,10,571.00,"5,710.00"
2020-12-27,2020122704000246,SGI,5,36,10,571.00,"5,710.00"
2020-12-27,2020122704000245,SGI,5,45,10,571.00,"5,710.00"
2020-12-27,2020122704000243,SGI,5,52,10,571.00,"5,710.00"
2020-12-27,2020122704000242,SGI,5,45,10,571.00,"5,710.00"
2020-12-27,2020122704000263,SGI,53,52,10,570.00,"5,700.00"
2020-12-27,2020122704000262,SGI,5,57,10,571.00,"5,710.00"
2020-12-27,2020122704000261,SGI,5,45,10,571.00,"5,710.00"
2020-12-27,2020122704000259,SGI,5,57,10,571.00,"5,710.00"
2020-12-27,2020122704000258,SGI,5,51,10,571.00,"5,710.00"
2020-12-27,2020122704000255,SGI,5,52,10,571.00,"5,710.00"
2020-12-27,2020122704000277,SGI,52,45,90,570.00,"51,300.00"
2020-12-27,2020122704000276,SGI,52,45,10,570.00,"5,700.00"
2020-12-27,2020122704000275,SGI,52,7,10,570.00,"5,700.00"
2020-12-27,2020122704000274,SGI,52,40,10,570.00,"5,700.00"
2020-12-27,2020122704000273,SGI,52,42,10,570.00,"5,700.00"
2020-12-27,2020122704000271,SGI,52,39,10,570.00,"5,700.00"
2020-12-27,2020122704000293,SGI,58,56,10,567.00,"5,670.00"
2020-12-27,2020122704000292,SGI,58,39,10,567.00,"5,670.00"
2020-12-27,2020122704000286,SGI,5,5,10,570.00,"5,700.00"
2020-12-27,2020122704000283,SGI,42,52,10,569.00,"5,690.00"
2020-12-27,2020122704000280,SGI,42,39,10,569.00,"5,690.00"
2020-12-27,2020122704000278,SGI,52,52,10,570.00,"5,700.00"
2020-12-27,2020122704000303,SGI,5,52,10,565.00,"5,650.00"
2020-12-27,2020122704000299,SGI,5,52,10,565.00,"5,650.00"
2020-12-27,2020122704000298,SGI,5,39,10,565.00,"5,650.00"
2020-12-27,2020122704000297,SGI,5,52,10,565.00,"5,650.00"
2020-12-27,2020122704000295,SGI,5,58,10,565.00,"5,650.00"
2020-12-27,2020122704000294,SGI,5,52,10,565.00,"5,650.00"
2020-12-27,2020122704000313,SGI,57,52,10,565.00,"5,650.00"
2020-12-27,2020122704000310,SGI,17,52,10,565.00,"5,650.00"
2020-12-27,2020122704000308,SGI,5,58,10,565.00,"5,650.00"
2020-12-27,2020122704000307,SGI,5,39,10,565.00,"5,650.00"
2020-12-27,2020122704000305,SGI,5,29,10,565.00,"5,650.00"
2020-12-27,2020122704000304,SGI,5,57,10,565.00,"5,650.00"
2020-12-27,2020122704000326,SGI,57,39,10,565.00,"5,650.00"
2020-12-27,2020122704000325,SGI,57,52,10,565.00,"5,650.00"
2020-12-27,2020122704000323,SGI,57,52,10,565.00,"5,650.00"
2020-12-27,2020122704000322,SGI,57,57,10,565.00,"5,650.00"
2020-12-27,2020122704000316,SGI,57,52,10,565.00,"5,650.00"
2020-12-27,2020122704000314,SGI,57,57,10,565.00,"5,650.00"
2020-12-27,2020122704000338,SGI,57,39,10,565.00,"5,650.00"
2020-12-27,2020122704000337,SGI,57,52,10,565.00,"5,650.00"
2020-12-27,2020122704000336,SGI,57,3,10,565.00,"5,650.00"
2020-12-27,2020122704000330,SGI,57,52,10,565.00,"5,650.00"
2020-12-27,2020122704000329,SGI,57,52,10,565.00,"5,650.00"
2020-12-27,2020122704000327,SGI,57,52,10,565.00,"5,650.00"
2020-12-27,2020122704000347,SGI,57,52,10,565.00,"5,650.00"
2020-12-27,2020122704000345,SGI,57,52,10,565.00,"5,650.00"
2020-12-27,2020122704000344,SGI,57,52,10,565.00,"5,650.00"
2020-12-27,2020122704000343,SGI,57,39,10,565.00,"5,650.00"
2020-12-27,2020122704000341,SGI,57,3,10,565.00,"5,650.00"
2020-12-27,2020122704000340,SGI,57,52,10,565.00,"5,650.00"
2020-12-27,2020122704000365,SGI,38,58,10,564.00,"5,640.00"
2020-12-27,2020122704000361,SGI,38,4,10,564.00,"5,640.00"
2020-12-27,2020122704000359,SGI,38,52,10,564.00,"5,640.00"
2020-12-27,2020122704000354,SGI,38,39,10,564.00,"5,640.00"
2020-12-27,2020122704000351,SGI,38,52,10,564.00,"5,640.00"
2020-12-27,2020122704000349,SGI,57,26,10,565.00,"5,650.00"
2020-12-27,2020122704000378,SGI,17,45,10,571.00,"5,710.00"
2020-12-27,2020122704000376,SGI,32,52,10,565.00,"5,650.00"
2020-12-27,2020122704000369,SGI,38,52,10,564.00,"5,640.00"
2020-12-27,2020122704000368,SGI,38,13,10,564.00,"5,640.00"
2020-12-27,2020122704000367,SGI,38,39,10,564.00,"5,640.00"
2020-12-27,2020122704000366,SGI,5,41,10,565.00,"5,650.00"
2020-12-27,2020122704000391,SGI,57,51,10,565.00,"5,650.00"
2020-12-27,2020122704000389,SGI,49,52,10,564.00,"5,640.00"
2020-12-27,2020122704000385,SGI,38,58,10,564.00,"5,640.00"
2020-12-27,2020122704000381,SGI,38,52,10,564.00,"5,640.00"
2020-12-27,2020122704000380,SGI,32,39,10,565.00,"5,650.00"
2020-12-27,2020122704000379,SGI,32,58,10,565.00,"5,650.00"
2020-12-27,2020122704000397,SGI,57,52,10,565.00,"5,650.00"
2020-12-27,2020122704000396,SGI,57,39,10,565.00,"5,650.00"
2020-12-27,2020122704000395,SGI,57,21,10,565.00,"5,650.00"
2020-12-27,2020122704000394,SGI,57,26,10,565.00,"5,650.00"
2020-12-27,2020122704000393,SGI,57,52,10,565.00,"5,650.00"
2020-12-27,2020122704000392,SGI,57,52,10,565.00,"5,650.00"
2020-12-27,2020122704000405,SGI,57,21,10,565.00,"5,650.00"
2020-12-27,2020122704000404,SGI,57,52,10,565.00,"5,650.00"
2020-12-27,2020122704000402,SGI,57,21,10,565.00,"5,650.00"
2020-12-27,2020122704000400,SGI,57,49,10,565.00,"5,650.00"
2020-12-27,2020122704000399,SGI,57,21,10,565.00,"5,650.00"
2020-12-27,2020122704000398,SGI,8,19,10,571.00,"5,710.00"
2020-12-27,2020122704000415,SGI,57,26,10,565.00,"5,650.00"
2020-12-27,2020122704000412,SGI,57,11,10,565.00,"5,650.00"
2020-12-27,2020122704000411,SGI,57,52,10,565.00,"5,650.00"
2020-12-27,2020122704000410,SGI,57,16,10,565.00,"5,650.00"
2020-12-27,2020122704000409,SGI,57,21,10,565.00,"5,650.00"
2020-12-27,2020122704000406,SGI,57,39,10,565.00,"5,650.00"
2020-12-27,2020122704000431,SGI,49,58,10,564.00,"5,640.00"
2020-12-27,2020122704000427,SGI,49,51,10,564.00,"5,640.00"
2020-12-27,2020122704000425,SGI,58,51,10,565.00,"5,650.00"
2020-12-27,2020122704000420,SGI,58,57,10,565.00,"5,650.00"
2020-12-27,2020122704000419,SGI,57,42,10,565.00,"5,650.00"
2020-12-27,2020122704000416,SGI,57,8,10,565.00,"5,650.00"
2020-12-27,2020122704000445,SGI,57,57,10,565.00,"5,650.00"
2020-12-27,2020122704000438,SGI,49,21,10,564.00,"5,640.00"
2020-12-27,2020122704000437,SGI,49,58,10,564.00,"5,640.00"
2020-12-27,2020122704000435,SGI,50,58,10,571.00,"5,710.00"
2020-12-27,2020122704000434,SGI,50,33,10,567.00,"5,670.00"
2020-12-27,2020122704000433,SGI,49,33,10,564.00,"5,640.00"
2020-12-27,2020122704000453,SGI,49,58,10,572.00,"5,720.00"
2020-12-27,2020122704000452,SGI,49,41,10,572.00,"5,720.00"
2020-12-27,2020122704000451,SGI,49,46,10,572.00,"5,720.00"
2020-12-27,2020122704000450,SGI,49,52,10,570.00,"5,700.00"
2020-12-27,2020122704000449,SGI,49,13,10,569.00,"5,690.00"
2020-12-27,2020122704000446,SGI,57,21,10,565.00,"5,650.00"
2020-12-27,2020122704000472,SGI,19,18,10,566.00,"5,660.00"
2020-12-27,2020122704000468,SGI,19,58,10,566.00,"5,660.00"
2020-12-27,2020122704000462,SGI,19,4,10,566.00,"5,660.00"
2020-12-27,2020122704000457,SGI,19,20,10,566.00,"5,660.00"
2020-12-27,2020122704000456,SGI,19,28,10,566.00,"5,660.00"
2020-12-27,2020122704000454,SGI,49,35,10,573.00,"5,730.00"
2020-12-27,2020122704000488,SGI,57,40,10,567.00,"5,670.00"
2020-12-27,2020122704000485,SGI,57,55,10,567.00,"5,670.00"
2020-12-27,2020122704000483,SGI,57,46,10,567.00,"5,670.00"
2020-12-27,2020122704000477,SGI,57,32,10,567.00,"5,670.00"
2020-12-27,2020122704000476,SGI,57,45,10,567.00,"5,670.00"
2020-12-27,2020122704000475,SGI,57,18,10,567.00,"5,670.00"
2020-12-27,2020122704000461,STC,47,32,10,"5,345.00","53,450.00"
2020-12-27,2020122704000306,STC,6,32,10,"5,345.00","53,450.00"
2020-12-27,2020122704000155,STC,32,55,10,"5,454.00","54,540.00"
2020-12-27,2020122704000154,STC,32,22,20,"5,453.00","109,060.00"
2020-12-27,2020122704000153,STC,32,38,10,"5,453.00","54,530.00"
2020-12-27,2020122704000152,STC,32,52,60,"5,400.00","324,000.00"
2020-12-27,2020122704000019,STC,10,21,10,"5,200.00","52,000.00"
2020-12-27,2020122704000018,STC,10,21,10,"5,220.00","52,200.00"
2020-12-27,2020122704000126,STC,42,34,10,"5,410.00","54,100.00"
2020-12-27,2020122704000113,STC,26,52,50,"5,410.00","270,500.00"
2020-12-27,2020122704000086,STC,26,58,20,"5,400.00","108,000.00"
2020-12-27,2020122704000085,STC,26,38,10,"5,390.00","53,900.00"
2020-12-27,2020122704000084,STC,26,38,40,"5,300.00","212,000.00"
2020-12-27,2020122704000083,STC,26,47,20,"5,299.00","105,980.00"
2020-12-27,2020122703016797,ALBSL,1,43,250,914.00,"228,500.00"
2020-12-27,2020122703016796,ALBSL,1,36,21,913.00,"19,173.00"
2020-12-27,2020122703016795,ALBSL,1,53,29,912.00,"26,448.00"
2020-12-27,2020122703016564,ALBSL,59,53,41,912.00,"37,392.00"
2020-12-27,2020122703016546,ALBSL,59,40,157,912.00,"143,184.00"
2020-12-27,2020122703016545,ALBSL,59,55,500,912.00,"456,000.00"
2020-12-27,2020122703016544,ALBSL,59,19,202,911.00,"184,022.00"
2020-12-27,2020122703016543,ALBSL,59,41,10,911.00,"9,110.00"
2020-12-27,2020122703016542,ALBSL,59,49,11,906.00,"9,966.00"
2020-12-27,2020122703016541,ALBSL,59,10,30,905.00,"27,150.00"
2020-12-27,2020122703016540,ALBSL,59,58,49,904.00,"44,296.00"
2020-12-27,2020122703016865,ALICL,58,58,10,905.00,"9,050.00"
2020-12-27,2020122703016683,ALICL,54,5,50,899.00,"44,950.00"
2020-12-27,2020122703016682,ALICL,32,5,10,899.00,"8,990.00"
2020-12-27,2020122703016681,ALICL,52,5,135,900.00,"121,500.00"
2020-12-27,2020122703016556,ALICL,55,45,5,900.00,"4,500.00"
2020-12-27,2020122703016555,ALICL,52,45,20,900.00,"18,000.00"
2020-12-27,2020122703016554,ALICL,58,45,10,905.00,"9,050.00"
2020-12-27,2020122703016918,CBBL,18,43,100,"1,380.00","138,000.00"
2020-12-27,2020122703016636,CBBL,45,37,194,"1,380.00","267,720.00"
2020-12-27,2020122703016929,CIT,49,16,30,"5,029.00","150,870.00"
2020-12-27,2020122703016928,CIT,49,19,25,"5,025.00","125,625.00"
2020-12-27,2020122703016920,CIT,4,19,89,"5,020.00","446,780.00"
2020-12-27,2020122703016919,CIT,51,19,11,"5,021.00","55,231.00"
2020-12-27,2020122703016873,CIT,55,49,15,"5,023.00","75,345.00"
2020-12-27,2020122703016869,CIT,34,19,10,"5,025.00","50,250.00"
2020-12-27,2020122703016715,CIT,45,17,25,"5,025.00","125,625.00"
2020-12-27,2020122703016710,CIT,3,17,20,"5,025.00","100,500.00"
2020-12-27,2020122703016576,CIT,18,35,61,"5,023.00","306,403.00"
2020-12-27,2020122703016557,CIT,52,35,15,"5,023.00","75,345.00"
2020-12-27,2020122703016805,CIT,18,19,15,"5,023.00","75,345.00"
2020-12-27,2020122703016801,CIT,59,19,25,"5,025.00","125,625.00"
2020-12-27,2020122703016800,CIT,59,11,65,"5,025.00","326,625.00"
2020-12-27,2020122703016746,CIT,11,11,10,"5,025.00","50,250.00"
2020-12-27,2020122703016742,CIT,32,11,10,"5,025.00","50,250.00"
2020-12-27,2020122703016716,CIT,45,11,15,"5,025.00","75,375.00"
2020-12-27,2020122703016814,CIT,10,19,29,"5,025.00","145,725.00"
2020-12-27,2020122703016810,CIT,44,19,34,"5,020.00","170,680.00"
2020-12-27,2020122703016809,CIT,33,19,21,"5,020.00","105,420.00"
2020-12-27,2020122703016808,CIT,16,19,10,"5,020.00","50,200.00"
2020-12-27,2020122703016807,CIT,52,19,50,"5,022.00","251,100.00"
2020-12-27,2020122703016806,CIT,49,19,20,"5,022.00","100,440.00"
2020-12-27,2020122703016856,CIT,4,5,44,"5,020.00","220,880.00"
2020-12-27,2020122703016855,CIT,3,5,10,"5,020.00","50,200.00"
2020-12-27,2020122703016854,CIT,50,5,20,"5,020.00","100,400.00"
2020-12-27,2020122703016853,CIT,44,5,16,"5,020.00","80,320.00"
2020-12-27,2020122703016852,CIT,47,5,10,"5,023.00","50,230.00"
2020-12-27,2020122703016842,CIT,59,19,20,"5,025.00","100,500.00"
2020-12-27,2020122703016707,CLBSL,47,6,100,796.00,"79,600.00"
2020-12-27,2020122703016525,CORBL,21,48,40,205.00,"8,200.00"
2020-12-27,2020122703016959,DDBL,10,50,20,"1,393.00","27,860.00"
2020-12-27,2020122703016743,DDBL,8,50,10,"1,393.00","13,930.00"
2020-12-27,2020122703016561,DDBL,16,52,39,"1,392.00","54,288.00"
2020-12-27,2020122703016538,DDBL,16,35,100,"1,392.00","139,200.00"
2020-12-27,2020122703016514,DDBL,16,41,25,"1,392.00","34,800.00"
2020-12-27,2020122703016926,FOWAD,45,57,19,"2,219.00","42,161.00"
2020-12-27,2020122703016925,FOWAD,16,57,14,"2,219.00","31,066.00"
2020-12-27,2020122703016924,FOWAD,16,38,11,"2,219.00","24,409.00"
2020-12-27,2020122703016849,FOWAD,16,33,22,"2,219.00","48,818.00"
2020-12-27,2020122703016848,FOWAD,45,33,25,"2,219.00","55,475.00"
2020-12-27,2020122703016696,FOWAD,45,28,10,"2,217.00","22,170.00"
2020-12-27,2020122703016571,FOWAD,57,28,35,"2,217.00","77,595.00"
2020-12-27,2020122703016570,FOWAD,57,45,15,"2,217.00","33,255.00"
2020-12-27,2020122703016517,GBBL,59,47,100,303.00,"30,300.00"
2020-12-27,2020122703016649,GBLBS,10,56,20,562.00,"11,240.00"
2020-12-27,2020122703016648,GBLBS,26,56,187,562.00,"105,094.00"
2020-12-27,2020122703016647,GBLBS,53,56,200,563.00,"112,600.00"
2020-12-27,2020122703016508,GBLBS,26,42,22,562.00,"12,364.00"
2020-12-27,2020122703016507,GBLBS,53,42,100,563.00,"56,300.00"
2020-12-27,2020122704000004,GIC,34,49,10,555.00,"5,550.00"
2020-12-27,2020122704000003,GIC,34,29,10,555.00,"5,550.00"
2020-12-27,2020122704000002,GIC,34,42,10,555.00,"5,550.00"
2020-12-27,2020122704000001,GIC,34,58,10,555.00,"5,550.00"
2020-12-27,2020122703016702,GILB,10,10,4,"1,650.00","6,600.00"
2020-12-27,2020122703016527,GILB,33,45,10,"1,668.00","16,680.00"
2020-12-27,2020122703016935,GLICL,40,19,50,612.00,"30,600.00"
2020-12-27,2020122703016692,GLICL,14,45,100,611.00,"61,100.00"
2020-12-27,2020122703016548,GLICL,58,19,50,612.00,"30,600.00"
2020-12-27,2020122703016850,GUFL,43,39,10,193.00,"1,930.00"
2020-12-27,2020122703016951,HIDCL,16,5,500,265.00,"132,500.00"
2020-12-27,2020122703016950,HIDCL,16,5,432,265.00,"114,480.00"
2020-12-27,2020122703016949,HIDCL,16,56,50,264.00,"13,200.00"
2020-12-27,2020122703016948,HIDCL,16,52,14,264.00,"3,696.00"
2020-12-27,2020122703016559,HIDCL,49,52,20,264.00,"5,280.00"
2020-12-27,2020122703016582,ICFC,6,33,14,284.00,"3,976.00"
2020-12-27,2020122703016744,ILBS,44,49,75,"1,001.00","75,075.00"
2020-12-27,2020122703016700,ILBS,44,26,11,"1,001.00","11,011.00"
2020-12-27,2020122703016651,ILBS,3,41,11,"1,005.00","11,055.00"
2020-12-27,2020122703016802,JBBL,28,57,360,222.00,"79,920.00"
2020-12-27,2020122703016697,JBBL,28,42,200,222.00,"44,400.00"
2020-12-27,2020122703016693,JBBL,19,37,20,223.00,"4,460.00"
2020-12-27,2020122703016529,JBBL,21,37,200,223.00,"44,600.00"
2020-12-27,2020122703016569,JSLBB,57,19,148,"1,635.00","241,980.00"
2020-12-27,2020122703016568,JSLBB,41,19,10,"1,646.00","16,460.00"
2020-12-27,2020122703016567,JSLBB,19,19,10,"1,646.00","16,460.00"
2020-12-27,2020122703016566,JSLBB,45,19,11,"1,650.00","18,150.00"
2020-12-27,2020122703016565,JSLBB,35,19,55,"1,651.00","90,805.00"
2020-12-27,2020122703016799,KMCDB,25,56,10,847.00,"8,470.00"
2020-12-27,2020122703016798,KMCDB,25,42,50,840.00,"42,000.00"
2020-12-27,2020122703016686,KMCDB,53,37,50,835.00,"41,750.00"
2020-12-27,2020122703016633,KRBL,34,51,20,135.00,"2,700.00"
2020-12-27,2020122703016518,KSBBL,38,48,10,220.00,"2,200.00"
2020-12-27,2020122703016840,LBBL,28,57,322,217.00,"69,874.00"
2020-12-27,2020122703016558,LICN,3,59,30,"1,885.00","56,550.00"
2020-12-27,2020122703016521,LICN,48,59,20,"1,885.00","37,700.00"
2020-12-27,2020122703016872,MDB,53,45,500,383.00,"191,500.00"
2020-12-27,2020122703016941,MERO,52,7,70,946.00,"66,220.00"
2020-12-27,2020122703016940,MERO,44,7,30,946.00,"28,380.00"
2020-12-27,2020122703016916,MERO,34,16,10,950.00,"9,500.00"
2020-12-27,2020122703016699,MERO,44,35,170,946.00,"160,820.00"
2020-12-27,2020122703016698,MERO,42,35,30,947.00,"28,410.00"
2020-12-27,2020122703016839,MFIL,52,57,100,379.00,"37,900.00"
2020-12-27,2020122703016574,MFIL,46,57,200,379.00,"75,800.00"
2020-12-27,2020122703016573,MFIL,45,57,10,379.00,"3,790.00"
2020-12-27,2020122703016572,MFIL,55,57,23,379.00,"8,717.00"
2020-12-27,2020122703016891,MLBL,34,58,20,236.00,"4,720.00"
2020-12-27,2020122703016887,MLBL,13,49,250,233.00,"58,250.00"
2020-12-27,2020122703016694,MLBL,5,57,200,235.00,"47,000.00"
2020-12-27,2020122703016954,MNBBL,25,56,30,379.00,"11,370.00"
2020-12-27,2020122703016901,MNBBL,47,56,150,379.00,"56,850.00"
2020-12-27,2020122703016844,MNBBL,45,38,55,378.00,"20,790.00"
2020-12-27,2020122703016812,MNBBL,45,56,20,379.00,"7,580.00"
2020-12-27,2020122703016785,MNBBL,45,17,100,379.00,"37,900.00"
2020-12-27,2020122703016520,MNBBL,45,18,600,378.00,"226,800.00"
2020-12-27,2020122703016631,MNBBL,47,1,344,379.00,"130,376.00"
2020-12-27,2020122703016630,MNBBL,47,51,500,379.00,"189,500.00"
2020-12-27,2020122703016629,MNBBL,47,40,629,379.00,"238,391.00"
2020-12-27,2020122703016628,MNBBL,47,36,447,379.00,"169,413.00"
2020-12-27,2020122703016627,MNBBL,47,35,80,378.00,"30,240.00"
2020-12-27,2020122703016560,MNBBL,34,35,20,378.00,"7,560.00"
2020-12-27,2020122703016784,MNBBL,45,1,126,379.00,"47,754.00"
2020-12-27,2020122703016780,MNBBL,45,42,100,378.00,"37,800.00"
2020-12-27,2020122703016778,MNBBL,19,1,20,379.00,"7,580.00"
2020-12-27,2020122703016706,MNBBL,45,41,100,378.00,"37,800.00"
2020-12-27,2020122703016704,MNBBL,45,1,74,378.00,"27,972.00"
2020-12-27,2020122703016703,MNBBL,10,1,155,378.00,"58,590.00"
2020-12-27,2020122703016858,MSLB,1,37,10,"1,535.00","15,350.00"
2020-12-27,2020122703016478,MSLB,40,3,25,"1,525.00","38,125.00"
2020-12-27,2020122703016477,MSLB,1,3,156,"1,525.00","237,900.00"
2020-12-27,2020122703016750,NADEP,10,29,100,928.00,"92,800.00"
2020-12-27,2020122703016684,NADEP,10,42,23,928.00,"21,344.00"
2020-12-27,2020122703016588,NADEP,10,58,650,928.00,"603,200.00"
2020-12-27,2020122703016587,NADEP,49,58,50,929.00,"46,450.00"
2020-12-27,2020122703016787,NLBBL,44,18,100,994.00,"99,400.00"
2020-12-27,2020122703016685,NLBBL,50,14,70,988.00,"69,160.00"
2020-12-27,2020122703016590,NLBBL,50,25,64,987.00,"63,168.00"
2020-12-27,2020122703016589,NLBBL,50,36,22,987.00,"21,714.00"
