Date,Transact. No.,Symbol,Buyer,Seller,Quantity,Rate,Amount
2019-09-16,2019091601007245,ADBL,14,43,160,408.00,"65,280.00"
2019-09-16,2019091601007121,ADBL,36,6,158,409.00,"64,622.00"
2019-09-16,2019091601007064,AHPC,7,26,98,95.00,"9,310.00"
2019-09-16,2019091601007435,AKBSL,33,4,10,419.00,"4,190.00"
2019-09-16,2019091601007389,AKBSL,33,22,10,415.00,"4,150.00"
2019-09-16,2019091601007388,AKBSL,33,8,10,415.00,"4,150.00"
2019-09-16,2019091601007111,AKBSL,33,51,10,411.00,"4,110.00"
2019-09-16,2019091601007168,AKJCL,7,1,20,56.00,"1,120.00"
2019-09-16,2019091601007167,AKJCL,7,1,20,56.00,"1,120.00"
2019-09-16,2019091601007166,AKJCL,7,1,10,56.00,560.00
2019-09-16,2019091601007109,AKPL,19,42,23,130.00,"2,990.00"
2019-09-16,2019091601007108,AKPL,16,42,500,130.00,"65,000.00"
2019-09-16,2019091601007104,AKPL,41,58,"1,000",131.00,"131,000.00"
2019-09-16,2019091601007442,ALBSL,7,13,10,416.00,"4,160.00"
2019-09-16,2019091601007422,ALBSL,41,43,50,419.00,"20,950.00"
2019-09-16,2019091601007412,ALBSL,34,34,10,425.00,"4,250.00"
2019-09-16,2019091601007250,ALBSL,41,50,10,419.00,"4,190.00"
2019-09-16,2019091601007470,ALICL,43,59,10,315.00,"3,150.00"
2019-09-16,2019091601007438,ALICL,25,42,68,309.00,"21,012.00"
2019-09-16,2019091601007359,ALICL,39,45,80,309.00,"24,720.00"
2019-09-16,2019091601007343,ALICL,39,44,12,309.00,"3,708.00"
2019-09-16,2019091601007332,ALICL,36,59,683,311.00,"212,413.00"
2019-09-16,2019091601007049,ALICL,39,59,17,311.00,"5,287.00"
2019-09-16,2019091601007048,ALICL,39,50,33,311.00,"10,263.00"
2019-09-16,2019091601007415,API,6,41,"1,450",109.00,"158,050.00"
2019-09-16,2019091601007268,API,25,41,50,109.00,"5,450.00"
2019-09-16,2019091601007244,API,7,34,64,109.00,"6,976.00"
2019-09-16,2019091601007118,API,34,25,249,108.00,"26,892.00"
2019-09-16,2019091601007117,API,43,25,100,108.00,"10,800.00"
2019-09-16,2019091601007116,API,36,25,134,108.00,"14,472.00"
2019-09-16,2019091601007314,BOKL,7,14,110,250.00,"27,500.00"
2019-09-16,2019091601007212,BOKL,34,41,680,249.00,"169,320.00"
2019-09-16,2019091601007211,BOKL,17,41,50,249.00,"12,450.00"
2019-09-16,2019091601007210,BOKL,58,41,50,249.00,"12,450.00"
2019-09-16,2019091601007209,BOKL,7,41,943,250.00,"235,750.00"
2019-09-16,2019091601007159,BOKL,7,6,57,250.00,"14,250.00"
2019-09-16,2019091601007158,BOKL,6,6,100,250.00,"25,000.00"
2019-09-16,2019091601007157,BOKL,51,6,43,250.00,"10,750.00"
2019-09-16,2019091601007439,BPCL,36,51,200,357.00,"71,400.00"
2019-09-16,2019091601007294,BPCL,6,26,22,353.00,"7,766.00"
2019-09-16,2019091601007115,BPCL,49,35,37,355.00,"13,135.00"
2019-09-16,2019091601007114,BPCL,49,36,11,354.00,"3,894.00"
2019-09-16,2019091601007110,BPCL,16,26,22,353.00,"7,766.00"
2019-09-16,2019091601007101,BPCL,16,36,978,354.00,"346,212.00"
2019-09-16,2019091601007080,BPCL,16,26,22,354.00,"7,788.00"
2019-09-16,2019091601007205,BPCL,49,39,22,355.00,"7,810.00"
2019-09-16,2019091601007204,BPCL,49,26,22,355.00,"7,810.00"
2019-09-16,2019091601007176,BPCL,49,39,22,355.00,"7,810.00"
2019-09-16,2019091601007162,BPCL,49,39,22,355.00,"7,810.00"
2019-09-16,2019091601007154,BPCL,49,26,22,355.00,"7,810.00"
2019-09-16,2019091601007147,BPCL,49,39,22,355.00,"7,810.00"
2019-09-16,2019091601007248,BPCL,6,39,22,353.00,"7,766.00"
2019-09-16,2019091601007241,BPCL,16,26,22,353.00,"7,766.00"
2019-09-16,2019091601007233,BPCL,34,39,20,355.00,"7,100.00"
2019-09-16,2019091601007220,BPCL,49,39,20,355.00,"7,100.00"
2019-09-16,2019091601007322,CBBL,37,50,20,965.00,"19,300.00"
2019-09-16,2019091601007316,CBL,45,43,873,141.00,"123,093.00"
2019-09-16,2019091601007432,CCBL,21,52,200,155.00,"31,000.00"
2019-09-16,2019091601007423,CCBL,21,57,100,155.00,"15,500.00"
2019-09-16,2019091601007346,CCBL,21,43,147,155.00,"22,785.00"
2019-09-16,2019091601007345,CCBL,49,43,312,155.00,"48,360.00"
2019-09-16,2019091601007311,CEFL,38,4,200,99.00,"19,800.00"
2019-09-16,2019091601007222,CHCL,34,29,456,420.00,"191,520.00"
2019-09-16,2019091601007507,CIT,13,11,50,"1,764.00","88,200.00"
2019-09-16,2019091601007476,CIT,13,21,100,"1,764.00","176,400.00"
2019-09-16,2019091601007475,CIT,13,11,50,"1,760.00","88,000.00"
2019-09-16,2019091601007270,CIT,13,21,90,"1,760.00","158,400.00"
2019-09-16,2019091601007269,CIT,13,10,30,"1,759.00","52,770.00"
2019-09-16,2019091601007499,CZBIL,49,38,10,217.00,"2,170.00"
2019-09-16,2019091601007481,CZBIL,49,58,279,217.00,"60,543.00"
2019-09-16,2019091601007480,CZBIL,49,33,"3,100",217.00,"672,700.00"
2019-09-16,2019091601007474,CZBIL,45,53,300,216.00,"64,800.00"
2019-09-16,2019091601007453,CZBIL,45,44,414,216.00,"89,424.00"
2019-09-16,2019091601007418,CZBIL,14,58,90,217.00,"19,530.00"
2019-09-16,2019091601007052,CZBIL,44,11,32,217.00,"6,944.00"
2019-09-16,2019091601007223,CZBIL,48,6,33,217.00,"7,161.00"
2019-09-16,2019091601007141,CZBIL,51,6,467,217.00,"101,339.00"
2019-09-16,2019091601007140,CZBIL,51,52,33,217.00,"7,161.00"
2019-09-16,2019091601007094,CZBIL,57,52,300,217.00,"65,100.00"
2019-09-16,2019091601007078,CZBIL,57,11,200,217.00,"43,400.00"
2019-09-16,2019091601007053,CZBIL,1,11,28,217.00,"6,076.00"
2019-09-16,2019091601007319,CZBIL,38,22,93,217.00,"20,181.00"
2019-09-16,2019091601007293,CZBIL,51,17,50,217.00,"10,850.00"
2019-09-16,2019091601007289,CZBIL,35,17,20,217.00,"4,340.00"
2019-09-16,2019091601007267,CZBIL,51,17,50,217.00,"10,850.00"
2019-09-16,2019091601007229,CZBIL,45,56,"1,141",216.00,"246,456.00"
2019-09-16,2019091601007228,CZBIL,48,56,967,217.00,"209,839.00"
2019-09-16,2019091601007381,CZBIL,57,58,631,217.00,"136,927.00"
2019-09-16,2019091601007380,CZBIL,57,49,269,217.00,"58,373.00"
2019-09-16,2019091601007363,CZBIL,49,49,29,217.00,"6,293.00"
2019-09-16,2019091601007360,CZBIL,39,49,629,217.00,"136,493.00"
2019-09-16,2019091601007338,CZBIL,39,4,284,217.00,"61,628.00"
2019-09-16,2019091601007337,CZBIL,39,17,87,217.00,"18,879.00"
2019-09-16,2019091601007414,DBBL,28,45,"1,393",126.00,"175,518.00"
2019-09-16,2019091601007413,DBBL,19,45,107,126.00,"13,482.00"
2019-09-16,2019091601007086,DDBL,58,42,10,715.00,"7,150.00"
2019-09-16,2019091601007500,EBL,16,44,500,550.00,"275,000.00"
2019-09-16,2019091601007403,EBL,42,7,200,549.00,"109,800.00"
2019-09-16,2019091601007356,EBL,38,25,250,546.00,"136,500.00"
2019-09-16,2019091601007355,EBL,49,25,200,546.00,"109,200.00"
2019-09-16,2019091601007354,EBL,11,25,50,547.00,"27,350.00"
2019-09-16,2019091601007192,EBL,33,25,200,547.00,"109,400.00"
2019-09-16,2019091601007185,EBL,45,25,20,548.00,"10,960.00"
2019-09-16,2019091601007184,EBL,45,25,300,548.00,"164,400.00"
2019-09-16,2019091601007183,EBL,28,25,50,549.00,"27,450.00"
2019-09-16,2019091601007191,EBL,6,25,500,547.00,"273,500.00"
2019-09-16,2019091601007190,EBL,14,25,50,547.00,"27,350.00"
2019-09-16,2019091601007189,EBL,34,25,100,547.00,"54,700.00"
2019-09-16,2019091601007188,EBL,46,25,50,548.00,"27,400.00"
2019-09-16,2019091601007187,EBL,51,25,100,548.00,"54,800.00"
2019-09-16,2019091601007186,EBL,42,25,65,548.00,"35,620.00"
2019-09-16,2019091601007517,FMDBL,19,25,200,364.00,"72,800.00"
2019-09-16,2019091601007482,FMDBL,19,57,150,364.00,"54,600.00"
2019-09-16,2019091601007383,FMDBL,44,43,55,361.00,"19,855.00"
2019-09-16,2019091601007382,FMDBL,44,43,147,361.00,"53,067.00"
2019-09-16,2019091601007262,FMDBL,44,52,53,361.00,"19,133.00"
2019-09-16,2019091601007261,FMDBL,22,52,200,362.00,"72,400.00"
2019-09-16,2019091601007260,FMDBL,16,52,47,362.00,"17,014.00"
2019-09-16,2019091601007430,FOWAD,25,55,11,"1,248.00","13,728.00"
2019-09-16,2019091601007513,GBBL,45,22,213,207.00,"44,091.00"
2019-09-16,2019091601007512,GBBL,47,22,50,208.00,"10,400.00"
2019-09-16,2019091601007249,GBBL,45,21,"2,582",207.00,"534,474.00"
2019-09-16,2019091601007524,GBLBS,53,25,100,314.00,"31,400.00"
2019-09-16,2019091601007307,GBLBS,3,45,15,315.00,"4,725.00"
2019-09-16,2019091601007505,GDBL,28,32,267,204.00,"54,468.00"
2019-09-16,2019091601007504,GDBL,43,32,150,204.00,"30,600.00"
2019-09-16,2019091601007503,GDBL,34,32,83,204.00,"16,932.00"
2019-09-16,2019091601007495,GFCL,21,59,500,133.00,"66,500.00"
2019-09-16,2019091601007494,GFCL,34,59,100,134.00,"13,400.00"
2019-09-16,2019091601007237,GLICL,59,16,20,350.00,"7,000.00"
2019-09-16,2019091601007473,GMFBS,41,57,50,459.00,"22,950.00"
2019-09-16,2019091601007472,GMFBS,41,38,10,459.00,"4,590.00"
2019-09-16,2019091601007460,GUFL,41,28,20,110.00,"2,200.00"
2019-09-16,2019091601007459,GUFL,42,28,"1,000",111.00,"111,000.00"
2019-09-16,2019091601007387,HBL,19,35,20,496.00,"9,920.00"
2019-09-16,2019091601007266,HBL,19,11,50,496.00,"24,800.00"
2019-09-16,2019091601007265,HBL,38,11,50,496.00,"24,800.00"
2019-09-16,2019091601007546,HDL,58,25,10,"1,392.00","13,920.00"
2019-09-16,2019091601007515,HIDCL,51,16,921,130.00,"119,730.00"
2019-09-16,2019091601007514,HIDCL,1,16,79,131.00,"10,349.00"
2019-09-16,2019091601007394,HIDCL,51,51,39,131.00,"5,109.00"
2019-09-16,2019091601007100,HIDCL,57,36,500,131.00,"65,500.00"
2019-09-16,2019091601007462,HURJA,42,49,20,105.00,"2,100.00"
2019-09-16,2019091601007123,HURJA,42,49,20,105.00,"2,100.00"
2019-09-16,2019091601007429,ILBS,34,58,10,419.00,"4,190.00"
2019-09-16,2019091601007127,ILBS,8,58,10,416.00,"4,160.00"
2019-09-16,2019091601007126,ILBS,8,6,10,415.00,"4,150.00"
2019-09-16,2019091601007125,ILBS,8,4,10,415.00,"4,150.00"
2019-09-16,2019091601007124,ILBS,8,17,10,414.00,"4,140.00"
2019-09-16,2019091601007458,JBBL,58,22,290,155.00,"44,950.00"
2019-09-16,2019091601007416,JBBL,57,22,500,155.00,"77,500.00"
2019-09-16,2019091601007421,JSLBB,38,34,10,948.00,"9,480.00"
2019-09-16,2019091601007362,KBL,56,36,100,178.00,"17,800.00"
2019-09-16,2019091601007361,KBL,34,36,200,178.00,"35,600.00"
2019-09-16,2019091601007313,KBL,28,44,15,177.00,"2,655.00"
2019-09-16,2019091601007251,KBL,28,39,42,177.00,"7,434.00"
2019-09-16,2019091601007198,KBL,43,39,20,178.00,"3,560.00"
2019-09-16,2019091601007179,KBL,38,38,100,179.00,"17,900.00"
2019-09-16,2019091601007061,KBL,43,38,30,178.00,"5,340.00"
2019-09-16,2019091601007060,KBL,49,38,"2,157",178.00,"383,946.00"
2019-09-16,2019091601007059,KBL,16,38,200,178.00,"35,600.00"
2019-09-16,2019091601007058,KBL,49,38,"1,313",178.00,"233,714.00"
2019-09-16,2019091601007485,KSBBL,14,52,100,138.00,"13,800.00"
2019-09-16,2019091601007491,LBBL,47,44,50,169.00,"8,450.00"
2019-09-16,2019091601007417,MBL,19,44,304,245.00,"74,480.00"
2019-09-16,2019091601007285,MBL,7,35,10,244.00,"2,440.00"
2019-09-16,2019091601007097,MBL,7,11,150,244.00,"36,600.00"
2019-09-16,2019091601007455,MEGA,49,43,443,189.00,"83,727.00"
2019-09-16,2019091601007454,MEGA,36,43,21,189.00,"3,969.00"
2019-09-16,2019091601007219,MEGA,17,11,73,189.00,"13,797.00"
2019-09-16,2019091601007218,MEGA,32,11,109,189.00,"20,601.00"
2019-09-16,2019091601007203,MEGA,38,5,200,191.00,"38,200.00"
2019-09-16,2019091601007236,MEGA,38,11,100,188.00,"18,800.00"
2019-09-16,2019091601007375,MEGA,36,42,479,189.00,"90,531.00"
2019-09-16,2019091601007374,MEGA,17,42,21,189.00,"3,969.00"
2019-09-16,2019091601007063,MERO,25,35,20,540.00,"10,800.00"
2019-09-16,2019091601007156,MFIL,47,39,53,122.00,"6,466.00"
2019-09-16,2019091601007155,MFIL,19,39,533,123.00,"65,559.00"
2019-09-16,2019091601007371,MLBBL,51,51,10,407.00,"4,070.00"
2019-09-16,2019091601007221,MLBBL,22,35,100,415.00,"41,500.00"
2019-09-16,2019091601007202,MLBL,14,49,539,207.00,"111,573.00"
2019-09-16,2019091601007201,MLBL,56,49,35,207.00,"7,245.00"
2019-09-16,2019091601007200,MLBL,14,49,426,207.00,"88,182.00"
2019-09-16,2019091601007518,MNBBL,10,34,50,300.00,"15,000.00"
2019-09-16,2019091601007312,MNBBL,13,52,250,299.00,"74,750.00"
2019-09-16,2019091601007305,MNBBL,13,10,732,299.00,"218,868.00"
2019-09-16,2019091601007304,MNBBL,26,10,50,299.00,"14,950.00"
2019-09-16,2019091601007303,MNBBL,54,10,21,299.00,"6,279.00"
2019-09-16,2019091601007302,MNBBL,32,10,100,299.00,"29,900.00"
2019-09-16,2019091601007301,MNBBL,51,10,300,299.00,"89,700.00"
2019-09-16,2019091601007300,MNBBL,41,10,20,299.00,"5,980.00"
2019-09-16,2019091601007299,MNBBL,25,10,47,299.00,"14,053.00"
2019-09-16,2019091601007298,MNBBL,14,10,50,299.00,"14,950.00"
2019-09-16,2019091601007297,MNBBL,14,10,280,299.00,"83,720.00"
2019-09-16,2019091601007333,MSMBS,40,39,25,445.00,"11,125.00"
2019-09-16,2019091601007544,NABIL,28,8,100,742.00,"74,200.00"
2019-09-16,2019091601007543,NABIL,52,8,10,743.00,"7,430.00"
2019-09-16,2019091601007542,NABIL,44,8,100,743.00,"74,300.00"
2019-09-16,2019091601007541,NABIL,39,8,25,744.00,"18,600.00"
2019-09-16,2019091601007540,NABIL,51,8,100,744.00,"74,400.00"
2019-09-16,2019091601007539,NABIL,6,8,75,745.00,"55,875.00"
2019-09-16,2019091601007379,NABIL,33,40,500,747.00,"373,500.00"
2019-09-16,2019091601007378,NABIL,19,40,275,747.00,"205,425.00"
2019-09-16,2019091601007347,NABIL,19,11,150,747.00,"112,050.00"
2019-09-16,2019091601007334,NABIL,19,34,75,747.00,"56,025.00"
2019-09-16,2019091601007532,NABIL,37,8,30,745.00,"22,350.00"
2019-09-16,2019091601007531,NABIL,57,8,100,746.00,"74,600.00"
2019-09-16,2019091601007529,NABIL,7,14,25,747.00,"18,675.00"
2019-09-16,2019091601007479,NABIL,33,14,100,747.00,"74,700.00"
2019-09-16,2019091601007397,NABIL,33,14,275,747.00,"205,425.00"
2019-09-16,2019091601007396,NABIL,33,40,176,747.00,"131,472.00"
2019-09-16,2019091601007538,NABIL,25,8,24,745.00,"17,880.00"
2019-09-16,2019091601007537,NABIL,57,8,50,745.00,"37,250.00"
2019-09-16,2019091601007536,NABIL,19,8,20,745.00,"14,900.00"
2019-09-16,2019091601007535,NABIL,17,8,30,745.00,"22,350.00"
2019-09-16,2019091601007534,NABIL,59,8,10,745.00,"7,450.00"
2019-09-16,2019091601007533,NABIL,36,8,100,745.00,"74,500.00"
2019-09-16,2019091601007545,NADEP,45,49,10,410.00,"4,100.00"
2019-09-16,2019091601007331,NADEP,26,49,15,410.00,"6,150.00"
2019-09-16,2019091601007199,NADEP,35,59,30,413.00,"12,390.00"
2019-09-16,2019091601007122,NADEP,26,21,20,410.00,"8,200.00"
2019-09-16,2019091601007386,NAGRO,34,43,10,735.00,"7,350.00"
2019-09-16,2019091601007385,NAGRO,34,49,10,730.00,"7,300.00"
2019-09-16,2019091601007287,NAGRO,8,8,10,726.00,"7,260.00"
2019-09-16,2019091601007263,NAGRO,8,8,10,726.00,"7,260.00"
2019-09-16,2019091601007521,NBB,56,34,495,208.00,"102,960.00"
2019-09-16,2019091601007520,NBB,56,45,"1,105",208.00,"229,840.00"
2019-09-16,2019091601007519,NBB,56,32,500,208.00,"104,000.00"
2019-09-16,2019091601007120,NBB,5,11,71,206.00,"14,626.00"
2019-09-16,2019091601007119,NBB,58,11,29,206.00,"5,974.00"
2019-09-16,2019091601007492,NBL,36,40,20,310.00,"6,200.00"
2019-09-16,2019091601007308,NBL,4,11,100,309.00,"30,900.00"
2019-09-16,2019091601007280,NBL,4,22,300,309.00,"92,700.00"
2019-09-16,2019091601007255,NBL,4,45,500,309.00,"154,500.00"
2019-09-16,2019091601007240,NBL,40,40,450,310.00,"139,500.00"
2019-09-16,2019091601007239,NBL,40,6,50,310.00,"15,500.00"
2019-09-16,2019091601007232,NBL,4,39,250,309.00,"77,250.00"
2019-09-16,2019091601007498,NCCB,33,32,20,193.00,"3,860.00"
2019-09-16,2019091601007478,NCCB,28,52,645,191.00,"123,195.00"
2019-09-16,2019091601007477,NCCB,26,52,855,191.00,"163,305.00"
2019-09-16,2019091601007450,NCCB,26,36,145,191.00,"27,695.00"
2019-09-16,2019091601007207,NCCB,36,32,"1,000",192.00,"192,000.00"
2019-09-16,2019091601007206,NCCB,36,44,420,192.00,"80,640.00"
2019-09-16,2019091601007174,NCCB,22,43,30,191.00,"5,730.00"
2019-09-16,2019091601007173,NCCB,44,43,963,191.00,"183,933.00"
2019-09-16,2019091601007083,NCCB,40,44,80,192.00,"15,360.00"
2019-09-16,2019091601007072,NCCB,40,51,170,192.00,"32,640.00"
2019-09-16,2019091601007274,NHPC,48,55,500,53.00,"26,500.00"
2019-09-16,2019091601007273,NHPC,48,47,500,53.00,"26,500.00"
2019-09-16,2019091601007465,NIB,19,14,30,428.00,"12,840.00"
2019-09-16,2019091601007444,NIB,46,14,100,428.00,"42,800.00"
2019-09-16,2019091601007352,NIB,18,14,200,428.00,"85,600.00"
2019-09-16,2019091601007351,NIB,45,14,50,428.00,"21,400.00"
2019-09-16,2019091601007350,NIB,41,14,20,428.00,"8,560.00"
2019-09-16,2019091601007349,NIB,33,14,100,429.00,"42,900.00"
2019-09-16,2019091601007214,NIB,34,43,100,428.00,"42,800.00"
2019-09-16,2019091601007146,NIB,25,11,100,428.00,"42,800.00"
2019-09-16,2019091601007145,NIB,46,11,100,428.00,"42,800.00"
2019-09-16,2019091601007516,NICA,42,42,200,380.00,"76,000.00"
2019-09-16,2019091601007404,NICA,49,42,100,380.00,"38,000.00"
2019-09-16,2019091601007353,NICA,45,22,193,379.00,"73,147.00"
2019-09-16,2019091601007288,NICA,45,48,186,379.00,"70,494.00"
2019-09-16,2019091601007182,NICA,46,17,11,381.00,"4,191.00"
2019-09-16,2019091601007181,NICA,46,36,16,380.00,"6,080.00"
2019-09-16,2019091601007088,NICA,19,49,150,380.00,"57,000.00"
2019-09-16,2019091601007087,NICA,19,34,100,380.00,"38,000.00"
2019-09-16,2019091601007062,NICA,45,25,350,379.00,"132,650.00"
2019-09-16,2019091601007171,NICA,45,11,200,379.00,"75,800.00"
2019-09-16,2019091601007164,NICA,55,36,"1,584",380.00,"601,920.00"
2019-09-16,2019091601007163,NICA,55,34,116,380.00,"44,080.00"
2019-09-16,2019091601007113,NICA,45,34,20,380.00,"7,600.00"
2019-09-16,2019091601007106,NICA,45,36,215,379.00,"81,485.00"
2019-09-16,2019091601007089,NICA,19,34,50,380.00,"19,000.00"
2019-09-16,2019091601007471,NICL,56,25,150,265.00,"39,750.00"
2019-09-16,2019091601007170,NICL,59,41,557,260.00,"144,820.00"
2019-09-16,2019091601007169,NICL,59,10,500,260.00,"130,000.00"
2019-09-16,2019091601007112,NICL,19,32,50,260.00,"13,000.00"
2019-09-16,2019091601007506,NIL,39,26,10,359.00,"3,590.00"
2019-09-16,2019091601007487,NIL,39,51,250,355.00,"88,750.00"
2019-09-16,2019091601007152,NIL,32,36,329,351.00,"115,479.00"
2019-09-16,2019091601007151,NIL,57,36,41,353.00,"14,473.00"
2019-09-16,2019091601007067,NIL,21,51,150,355.00,"53,250.00"
2019-09-16,2019091601007286,NLG,39,41,100,548.00,"54,800.00"
2019-09-16,2019091601007279,NLG,42,43,100,545.00,"54,500.00"
2019-09-16,2019091601007278,NLG,51,43,30,545.00,"16,350.00"
2019-09-16,2019091601007277,NLG,39,43,500,546.00,"273,000.00"
2019-09-16,2019091601007276,NLG,22,43,10,546.00,"5,460.00"
2019-09-16,2019091601007275,NLG,45,43,10,548.00,"5,480.00"
2019-09-16,2019091601007526,NLIC,44,14,150,759.00,"113,850.00"
2019-09-16,2019091601007525,NLIC,44,11,50,759.00,"37,950.00"
2019-09-16,2019091601007461,NLIC,45,33,49,758.00,"37,142.00"
2019-09-16,2019091601007406,NLIC,1,33,60,758.00,"45,480.00"
2019-09-16,2019091601007405,NLIC,1,51,140,758.00,"106,120.00"
2019-09-16,2019091601007217,NLIC,6,39,26,756.00,"19,656.00"
2019-09-16,2019091601007105,NLIC,58,51,300,758.00,"227,400.00"
2019-09-16,2019091601007068,NLIC,41,51,50,758.00,"37,900.00"
2019-09-16,2019091601007272,NTC,44,14,10,606.00,"6,060.00"
2019-09-16,2019091601007395,NUBL,49,22,30,837.00,"25,110.00"
2019-09-16,2019091601007102,NUBL,41,34,100,838.00,"83,800.00"
2019-09-16,2019091601007431,PFL,33,59,300,131.00,"39,300.00"
2019-09-16,2019091601007284,PFL,47,26,600,130.00,"78,000.00"
2019-09-16,2019091601007098,PFL,47,26,600,130.00,"78,000.00"
2019-09-16,2019091601007497,PIC,8,25,10,368.00,"3,680.00"
2019-09-16,2019091601007150,PIC,29,42,66,362.00,"23,892.00"
2019-09-16,2019091601007149,PIC,42,42,50,363.00,"18,150.00"
2019-09-16,2019091601007103,PIC,50,25,11,368.00,"4,048.00"
2019-09-16,2019091601007281,PICL,6,49,15,428.00,"6,420.00"
2019-09-16,2019091601007226,PICL,26,49,50,420.00,"21,000.00"
2019-09-16,2019091601007490,PLIC,44,34,206,361.00,"74,366.00"
2019-09-16,2019091601007484,PLIC,44,17,55,361.00,"19,855.00"
2019-09-16,2019091601007449,PLIC,40,17,50,362.00,"18,100.00"
2019-09-16,2019091601007448,PLIC,34,17,15,363.00,"5,445.00"
2019-09-16,2019091601007370,PLIC,34,11,39,363.00,"14,157.00"
2019-09-16,2019091601007369,PLIC,22,11,200,363.00,"72,600.00"
2019-09-16,2019091601007368,PLIC,58,11,120,365.00,"43,800.00"
2019-09-16,2019091601007367,PLIC,17,11,150,365.00,"54,750.00"
2019-09-16,2019091601007366,PLIC,44,11,50,365.00,"18,250.00"
2019-09-16,2019091601007365,PLIC,50,11,15,365.00,"5,475.00"
2019-09-16,2019091601007172,PMHPL,54,47,10,94.00,940.00
2019-09-16,2019091601007324,PRIN,26,54,334,292.00,"97,528.00"
2019-09-16,2019091601007508,PRVU,58,58,"1,000",256.00,"256,000.00"
2019-09-16,2019091601007502,PRVU,58,51,50,256.00,"12,800.00"
2019-09-16,2019091601007464,PRVU,58,41,"1,500",256.00,"384,000.00"
2019-09-16,2019091601007057,PRVU,58,52,331,255.00,"84,405.00"
2019-09-16,2019091601007054,PRVU,58,8,"1,500",255.00,"382,500.00"
2019-09-16,2019091601007463,PRVU,58,34,390,256.00,"99,840.00"
2019-09-16,2019091601007428,PRVU,49,34,100,256.00,"25,600.00"
2019-09-16,2019091601007390,PRVU,48,45,"1,000",256.00,"256,000.00"
2019-09-16,2019091601007197,PRVU,7,6,138,255.00,"35,190.00"
2019-09-16,2019091601007196,PRVU,58,6,362,255.00,"92,310.00"
2019-09-16,2019091601007074,PRVU,58,8,"1,500",255.00,"382,500.00"
2019-09-16,2019091601007342,RBCLPO,19,41,49,"7,350.00","360,150.00"
2019-09-16,2019091601007341,RBCLPO,16,41,10,"7,350.00","73,500.00"
2019-09-16,2019091601007446,RHPC,1,32,10,80.00,800.00
2019-09-16,2019091601007527,RHPL,14,45,10,155.00,"1,550.00"
2019-09-16,2019091601007522,RHPL,59,35,290,153.00,"44,370.00"
2019-09-16,2019091601007488,RHPL,59,47,30,153.00,"4,590.00"
2019-09-16,2019091601007437,RHPL,14,45,10,155.00,"1,550.00"
2019-09-16,2019091601007425,RHPL,59,13,40,153.00,"6,120.00"
2019-09-16,2019091601007398,RHPL,59,51,20,153.00,"3,060.00"
2019-09-16,2019091601007096,RHPL,44,21,40,154.00,"6,160.00"
2019-09-16,2019091601007090,RHPL,44,39,30,154.00,"4,620.00"
2019-09-16,2019091601007071,RHPL,44,51,20,154.00,"3,080.00"
2019-09-16,2019091601007069,RHPL,44,39,30,154.00,"4,620.00"
2019-09-16,2019091601007051,RHPL,44,57,30,154.00,"4,620.00"
2019-09-16,2019091601007132,RHPL,40,39,30,154.00,"4,620.00"
2019-09-16,2019091601007131,RHPL,40,59,20,154.00,"3,080.00"
2019-09-16,2019091601007130,RHPL,58,59,200,154.00,"30,800.00"
2019-09-16,2019091601007129,RHPL,8,59,100,154.00,"15,400.00"
2019-09-16,2019091601007128,RHPL,44,59,20,154.00,"3,080.00"
2019-09-16,2019091601007107,RHPL,44,51,30,154.00,"4,620.00"
2019-09-16,2019091601007175,RHPL,45,51,20,155.00,"3,100.00"
2019-09-16,2019091601007165,RHPL,45,8,30,155.00,"4,650.00"
2019-09-16,2019091601007160,RHPL,45,39,30,155.00,"4,650.00"
2019-09-16,2019091601007138,RHPL,45,21,40,155.00,"6,200.00"
2019-09-16,2019091601007137,RHPL,45,21,40,155.00,"6,200.00"
2019-09-16,2019091601007136,RHPL,45,39,10,155.00,"1,550.00"
2019-09-16,2019091601007230,RHPL,40,8,30,154.00,"4,620.00"
2019-09-16,2019091601007215,RHPL,1,45,160,155.00,"24,800.00"
2019-09-16,2019091601007213,RHPL,1,49,40,155.00,"6,200.00"
2019-09-16,2019091601007208,RHPL,40,39,30,155.00,"4,650.00"
2019-09-16,2019091601007178,RHPL,40,56,170,155.00,"26,350.00"
2019-09-16,2019091601007177,RHPL,45,56,830,155.00,"128,650.00"
2019-09-16,2019091601007295,RHPL,40,13,40,154.00,"6,160.00"
2019-09-16,2019091601007282,RHPL,40,39,30,154.00,"4,620.00"
2019-09-16,2019091601007264,RHPL,40,51,20,154.00,"3,080.00"
2019-09-16,2019091601007246,RHPL,40,59,240,154.00,"36,960.00"
2019-09-16,2019091601007243,RHPL,40,39,30,154.00,"4,620.00"
2019-09-16,2019091601007238,RHPL,40,51,20,154.00,"3,080.00"
2019-09-16,2019091601007372,RHPL,47,46,30,154.00,"4,620.00"
2019-09-16,2019091601007348,RHPL,47,13,40,154.00,"6,160.00"
2019-09-16,2019091601007344,RHPL,47,51,20,154.00,"3,080.00"
2019-09-16,2019091601007318,RHPL,47,39,10,154.00,"1,540.00"
2019-09-16,2019091601007317,RHPL,40,39,20,154.00,"3,080.00"
2019-09-16,2019091601007310,RHPL,40,51,20,154.00,"3,080.00"
2019-09-16,2019091601007528,RMDC,41,29,42,616.00,"25,872.00"
2019-09-16,2019091601007290,RMDC,35,49,59,613.00,"36,167.00"
2019-09-16,2019091601007254,SABSL,25,21,10,460.00,"4,600.00"
2019-09-16,2019091601007066,SANIMA,7,13,374,347.00,"129,778.00"
2019-09-16,2019091601007483,SBL,50,13,432,305.00,"131,760.00"
2019-09-16,2019091601007469,SBL,38,13,500,305.00,"152,500.00"
2019-09-16,2019091601007452,SBL,16,13,"1,000",305.00,"305,000.00"
2019-09-16,2019091601007445,SBL,44,13,500,305.00,"152,500.00"
2019-09-16,2019091601007420,SBL,50,13,"1,000",305.00,"305,000.00"
2019-09-16,2019091601007373,SBL,41,13,50,305.00,"15,250.00"
2019-09-16,2019091601007339,SBL,55,13,200,305.00,"61,000.00"
2019-09-16,2019091601007235,SBL,16,13,"1,000",305.00,"305,000.00"
2019-09-16,2019091601007135,SBL,41,13,100,305.00,"30,500.00"
2019-09-16,2019091601007134,SBL,34,13,"2,000",305.00,"610,000.00"
2019-09-16,2019091601007133,SBL,16,13,218,305.00,"66,490.00"
2019-09-16,2019091601007079,SBL,16,13,282,305.00,"86,010.00"
2019-09-16,2019091601007457,SCB,22,22,100,558.00,"55,800.00"
2019-09-16,2019091601007456,SCB,22,19,200,558.00,"111,600.00"
2019-09-16,2019091601007327,SDESI,38,19,61,595.00,"36,295.00"
2019-09-16,2019091601007326,SDESI,38,43,100,594.00,"59,400.00"
2019-09-16,2019091601007325,SDESI,38,5,39,593.00,"23,127.00"
2019-09-16,2019091601007085,SEF,3,56,"5,100",8.94,"45,594.00"
2019-09-16,2019091601007084,SEF,3,26,"2,420",8.93,"21,610.60"
2019-09-16,2019091601007148,SFFIL,22,22,81,250.00,"20,250.00"
2019-09-16,2019091601007486,SHIVM,21,6,100,495.00,"49,500.00"
2019-09-16,2019091601007411,SHIVM,57,55,100,495.00,"49,500.00"
2019-09-16,2019091601007410,SHIVM,25,55,50,495.00,"24,750.00"
2019-09-16,2019091601007409,SHIVM,43,55,200,495.00,"99,000.00"
2019-09-16,2019091601007408,SHIVM,14,55,50,495.00,"24,750.00"
2019-09-16,2019091601007407,SHIVM,44,55,200,495.00,"99,000.00"
2019-09-16,2019091601007259,SHIVM,48,34,100,495.00,"49,500.00"
2019-09-16,2019091601007258,SHIVM,22,34,100,496.00,"49,600.00"
2019-09-16,2019091601007257,SHIVM,22,34,500,496.00,"248,000.00"
2019-09-16,2019091601007256,SHIVM,45,34,297,496.00,"147,312.00"
2019-09-16,2019091601007234,SHIVM,45,45,500,496.00,"248,000.00"
2019-09-16,2019091601007142,SHIVM,17,14,200,498.00,"99,600.00"
2019-09-16,2019091601007434,SHPC,34,43,10,196.00,"1,960.00"
2019-09-16,2019091601007433,SHPC,34,25,300,195.00,"58,500.00"
2019-09-16,2019091601007336,SHPC,5,43,60,194.00,"11,640.00"
2019-09-16,2019091601007335,SHPC,17,43,40,194.00,"7,760.00"
2019-09-16,2019091601007392,SIC,39,35,80,501.00,"40,080.00"
2019-09-16,2019091601007073,SIC,39,56,50,501.00,"25,050.00"
2019-09-16,2019091601007195,SICL,45,6,140,709.00,"99,260.00"
2019-09-16,2019091601007320,SIL,25,44,10,383.00,"3,830.00"
2019-09-16,2019091601007292,SINDU,14,54,180,126.00,"22,680.00"
2019-09-16,2019091601007291,SINDU,49,54,20,126.00,"2,520.00"
2019-09-16,2019091601007530,SJCL,35,59,10,167.00,"1,670.00"
2019-09-16,2019091601007501,SJCL,42,47,10,164.00,"1,640.00"
2019-09-16,2019091601007496,SJCL,42,59,30,167.00,"5,010.00"
2019-09-16,2019091601007489,SJCL,35,59,10,167.00,"1,670.00"
2019-09-16,2019091601007056,SJCL,1,51,10,165.00,"1,650.00"
2019-09-16,2019091601007055,SJCL,1,51,20,165.00,"3,300.00"
2019-09-16,2019091601007050,SJCL,1,39,20,165.00,"3,300.00"
2019-09-16,2019091601007143,SJCL,1,39,10,165.00,"1,650.00"
2019-09-16,2019091601007099,SJCL,1,39,20,165.00,"3,300.00"
2019-09-16,2019091601007077,SJCL,1,51,10,165.00,"1,650.00"
2019-09-16,2019091601007076,SJCL,1,39,20,165.00,"3,300.00"
2019-09-16,2019091601007075,SJCL,1,21,20,165.00,"3,300.00"
2019-09-16,2019091601007065,SJCL,1,57,20,165.00,"3,300.00"
2019-09-16,2019091601007194,SJCL,29,51,20,165.00,"3,300.00"
2019-09-16,2019091601007193,SJCL,29,8,20,165.00,"3,300.00"
2019-09-16,2019091601007180,SJCL,29,39,20,165.00,"3,300.00"
2019-09-16,2019091601007161,SJCL,29,51,20,165.00,"3,300.00"
2019-09-16,2019091601007153,SJCL,29,51,10,165.00,"1,650.00"
2019-09-16,2019091601007144,SJCL,29,39,10,165.00,"1,650.00"
2019-09-16,2019091601007225,SJCL,29,49,10,165.00,"1,650.00"
2019-09-16,2019091601007224,SJCL,29,39,20,165.00,"3,300.00"
2019-09-16,2019091601007216,SJCL,29,51,20,165.00,"3,300.00"
2019-09-16,2019091601007271,SJCL,42,13,10,164.00,"1,640.00"
2019-09-16,2019091601007253,SJCL,42,39,20,164.00,"3,280.00"
2019-09-16,2019091601007247,SJCL,29,8,20,165.00,"3,300.00"
2019-09-16,2019091601007231,SJCL,29,51,20,165.00,"3,300.00"
2019-09-16,2019091601007227,SJCL,29,51,10,165.00,"1,650.00"
2019-09-16,2019091601007330,SJCL,42,13,10,164.00,"1,640.00"
2019-09-16,2019091601007329,SJCL,42,51,10,164.00,"1,640.00"
2019-09-16,2019091601007328,SJCL,42,39,20,164.00,"3,280.00"
2019-09-16,2019091601007315,SJCL,42,51,10,164.00,"1,640.00"
2019-09-16,2019091601007296,SJCL,42,39,20,164.00,"3,280.00"
2019-09-16,2019091601007283,SJCL,42,51,10,164.00,"1,640.00"
2019-09-16,2019091601007451,SJCL,35,59,20,166.00,"3,320.00"
2019-09-16,2019091601007399,SJCL,42,13,20,164.00,"3,280.00"
2019-09-16,2019091601007391,SJCL,42,46,20,164.00,"3,280.00"
2019-09-16,2019091601007376,SJCL,42,51,10,164.00,"1,640.00"
2019-09-16,2019091601007511,SKBBL,5,4,50,900.00,"45,000.00"
2019-09-16,2019091601007510,SKBBL,5,52,95,899.00,"85,405.00"
2019-09-16,2019091601007443,SLBBL,57,42,10,530.00,"5,300.00"
2019-09-16,2019091601007081,SLBSL,43,52,20,648.00,"12,960.00"
2019-09-16,2019091601007547,SLICL,26,16,100,258.00,"25,800.00"
2019-09-16,2019091601007440,SMATA,16,47,20,"1,249.00","24,980.00"
2019-09-16,2019091601007358,SMATA,50,39,80,"1,243.00","99,440.00"
2019-09-16,2019091601007357,SMATA,6,39,20,"1,245.00","24,900.00"
2019-09-16,2019091601007139,SMATA,58,28,20,"1,254.00","25,080.00"
2019-09-16,2019091601007095,SMATA,17,28,20,"1,254.00","25,080.00"
2019-09-16,2019091601007509,SMFBS,22,57,10,805.00,"8,050.00"
2019-09-16,2019091601007441,SMFBS,34,34,10,800.00,"8,000.00"
2019-09-16,2019091601007436,SMFBS,8,8,10,790.00,"7,900.00"
2019-09-16,2019091601007427,SMFBS,8,8,10,790.00,"7,900.00"
2019-09-16,2019091601007419,SMFBS,8,8,10,790.00,"7,900.00"
2019-09-16,2019091601007400,SMFBS,8,8,10,790.00,"7,900.00"
2019-09-16,2019091601007393,SMFBS,8,8,10,790.00,"7,900.00"
2019-09-16,2019091601007377,SMFBS,8,8,10,790.00,"7,900.00"
2019-09-16,2019091601007364,SMFBS,8,8,10,790.00,"7,900.00"
2019-09-16,2019091601007306,SRBL,50,44,14,222.00,"3,108.00"
2019-09-16,2019091601007493,SWBBL,37,44,150,900.00,"135,000.00"
2019-09-16,2019091601007467,SWBBL,38,14,18,897.00,"16,146.00"
2019-09-16,2019091601007466,SWBBL,38,21,90,895.00,"80,550.00"
2019-09-16,2019091601007424,SWBBL,37,6,150,889.00,"133,350.00"
2019-09-16,2019091601007402,SWBBL,37,6,200,889.00,"177,800.00"
2019-09-16,2019091601007401,SWBBL,28,6,100,889.00,"88,900.00"
2019-09-16,2019091601007309,SWBBL,34,21,50,895.00,"44,750.00"
2019-09-16,2019091601007468,TRH,21,3,45,272.00,"12,240.00"
2019-09-16,2019091601007447,TRH,21,21,90,272.00,"24,480.00"
2019-09-16,2019091601007340,UIC,39,38,193,259.00,"49,987.00"
2019-09-16,2019091601007323,UIC,25,41,166,258.00,"42,828.00"
2019-09-16,2019091601007082,UIC,25,51,100,258.00,"25,800.00"
2019-09-16,2019091601007426,UPCL,58,55,50,76.00,"3,800.00"
2019-09-16,2019091601007523,UPPER,34,25,120,231.00,"27,720.00"
2019-09-16,2019091601007384,UPPER,34,13,50,231.00,"11,550.00"
2019-09-16,2019091601007321,UPPER,48,13,40,230.00,"9,200.00"
2019-09-16,2019091601007252,UPPER,41,13,50,231.00,"11,550.00"
2019-09-16,2019091601007242,UPPER,41,49,50,231.00,"11,550.00"
2019-09-16,2019091601007070,UPPER,48,49,40,230.00,"9,200.00"
2019-09-16,2019091601007093,VLBS,19,57,100,523.00,"52,300.00"
2019-09-16,2019091601007092,VLBS,17,57,100,523.00,"52,300.00"
2019-09-16,2019091601007091,VLBS,43,57,12,523.00,"6,276.00"
2019-09-16,2019091601006935,ADBL,14,11,100,408.00,"40,800.00"
2019-09-16,2019091601006934,ADBL,32,11,50,409.00,"20,450.00"
2019-09-16,2019091601006872,ADBL,14,45,256,408.00,"104,448.00"
2019-09-16,2019091601006871,ADBL,34,45,70,408.00,"28,560.00"
2019-09-16,2019091601006870,ADBL,26,45,50,408.00,"20,400.00"
2019-09-16,2019091601006869,ADBL,8,45,100,408.00,"40,800.00"
2019-09-16,2019091601006668,ADBL,49,37,20,409.00,"8,180.00"
2019-09-16,2019091601006868,ADBL,28,45,100,408.00,"40,800.00"
2019-09-16,2019091601006867,ADBL,47,45,10,408.00,"4,080.00"
2019-09-16,2019091601006809,ADBL,42,6,100,409.00,"40,900.00"
2019-09-16,2019091601006802,ADBL,47,6,50,409.00,"20,450.00"
2019-09-16,2019091601006801,ADBL,49,6,552,409.00,"225,768.00"
2019-09-16,2019091601006687,ADBL,49,40,400,409.00,"163,600.00"
2019-09-16,2019091601006962,AKBSL,33,48,10,411.00,"4,110.00"
2019-09-16,2019091601006923,AKBSL,33,48,10,411.00,"4,110.00"
2019-09-16,2019091601006847,AKBSL,33,46,10,411.00,"4,110.00"
2019-09-16,2019091601006692,AKBSL,33,8,10,411.00,"4,110.00"
2019-09-16,2019091601006666,AKBSL,8,8,10,413.00,"4,130.00"
2019-09-16,2019091601006653,AKBSL,8,8,10,413.00,"4,130.00"
2019-09-16,2019091601006599,AKBSL,8,8,10,413.00,"4,130.00"
2019-09-16,2019091601006580,AKBSL,8,8,10,413.00,"4,130.00"
2019-09-16,2019091601006578,AKBSL,8,8,10,413.00,"4,130.00"
2019-09-16,2019091601006552,AKBSL,8,8,10,413.00,"4,130.00"
2019-09-16,2019091601006651,AKBSL,8,37,10,413.00,"4,130.00"
2019-09-16,2019091601006646,AKBSL,8,8,10,413.00,"4,130.00"
2019-09-16,2019091601006633,AKBSL,25,52,70,414.00,"28,980.00"
2019-09-16,2019091601006632,AKBSL,8,8,10,413.00,"4,130.00"
2019-09-16,2019091601006622,AKBSL,8,8,10,413.00,"4,130.00"
2019-09-16,2019091601006609,AKBSL,8,8,10,413.00,"4,130.00"
2019-09-16,2019091601006897,AKPL,40,58,50,129.00,"6,450.00"
2019-09-16,2019091601006896,AKPL,41,58,500,129.00,"64,500.00"
2019-09-16,2019091601006895,AKPL,25,58,"1,000",129.00,"129,000.00"
2019-09-16,2019091601006774,AKPL,41,58,"1,611",131.00,"211,041.00"
2019-09-16,2019091601006829,ALBSL,41,49,10,419.00,"4,190.00"
2019-09-16,2019091601006623,ALBSL,48,48,10,420.00,"4,200.00"
2019-09-16,2019091601007047,ALICL,39,49,30,310.00,"9,300.00"
2019-09-16,2019091601006943,ALICL,45,26,31,308.00,"9,548.00"
2019-09-16,2019091601006942,ALICL,39,26,200,309.00,"61,800.00"
2019-09-16,2019091601006907,ALICL,25,34,100,309.00,"30,900.00"
2019-09-16,2019091601006575,BOKL,41,46,300,252.00,"75,600.00"
2019-09-16,2019091601006567,BOKL,51,13,57,250.00,"14,250.00"
2019-09-16,2019091601006566,BOKL,29,13,400,250.00,"100,000.00"
2019-09-16,2019091601006565,BOKL,14,13,100,250.00,"25,000.00"
2019-09-16,2019091601006564,BOKL,48,13,200,250.00,"50,000.00"
2019-09-16,2019091601006563,BOKL,17,13,70,250.00,"17,500.00"
2019-09-16,2019091601006562,BOKL,14,13,500,250.00,"125,000.00"
2019-09-16,2019091601006561,BOKL,7,13,200,250.00,"50,000.00"
2019-09-16,2019091601006560,BOKL,7,13,701,250.00,"175,250.00"
2019-09-16,2019091601006559,BOKL,19,13,200,251.00,"50,200.00"
2019-09-16,2019091601006558,BOKL,55,13,200,251.00,"50,200.00"
2019-09-16,2019091601006557,BOKL,11,13,72,251.00,"18,072.00"
2019-09-16,2019091601007040,BPCL,35,26,20,353.00,"7,060.00"
2019-09-16,2019091601007024,BPCL,22,36,11,355.00,"3,905.00"
2019-09-16,2019091601007023,BPCL,22,50,189,353.00,"66,717.00"
2019-09-16,2019091601007022,BPCL,19,50,200,353.00,"70,600.00"
2019-09-16,2019091601007021,BPCL,58,50,300,353.00,"105,900.00"
2019-09-16,2019091601006987,BPCL,52,26,20,353.00,"7,060.00"
2019-09-16,2019091601006674,BPCL,17,17,11,354.00,"3,894.00"
2019-09-16,2019091601006627,BPCL,53,51,20,357.00,"7,140.00"
2019-09-16,2019091601006626,BPCL,6,51,50,358.00,"17,900.00"
2019-09-16,2019091601007008,CBBL,49,33,"3,040",955.00,"2,903,200.00"
2019-09-16,2019091601006983,CBL,44,11,409,141.00,"57,669.00"
2019-09-16,2019091601006880,CBL,44,10,91,141.00,"12,831.00"
2019-09-16,2019091601006769,CBL,57,10,109,141.00,"15,369.00"
2019-09-16,2019091601006689,CBL,57,22,31,141.00,"4,371.00"
2019-09-16,2019091601006688,CBL,44,22,161,141.00,"22,701.00"
2019-09-16,2019091601006640,CBL,44,52,300,141.00,"42,300.00"
2019-09-16,2019091601006639,CBL,44,11,139,141.00,"19,599.00"
2019-09-16,2019091601007019,CCBL,49,11,150,155.00,"23,250.00"
2019-09-16,2019091601006706,CCBL,49,22,369,155.00,"57,195.00"
2019-09-16,2019091601006628,CIT,51,21,10,"1,760.00","17,600.00"
2019-09-16,2019091601007038,CLBSL,7,21,17,487.00,"8,279.00"
2019-09-16,2019091601006887,CLBSL,26,21,17,487.00,"8,279.00"
2019-09-16,2019091601006611,CLBSL,58,52,10,487.00,"4,870.00"
2019-09-16,2019091601006889,CZBIL,45,49,50,218.00,"10,900.00"
2019-09-16,2019091601006884,CZBIL,44,29,100,217.00,"21,700.00"
2019-09-16,2019091601006866,CZBIL,51,49,23,218.00,"5,014.00"
2019-09-16,2019091601006865,CZBIL,51,51,10,218.00,"2,180.00"
2019-09-16,2019091601006864,CZBIL,51,51,10,218.00,"2,180.00"
2019-09-16,2019091601006811,CZBIL,44,50,200,217.00,"43,400.00"
2019-09-16,2019091601006652,CZBIL,45,26,"1,087",216.00,"234,792.00"
2019-09-16,2019091601006608,CZBIL,45,45,400,217.00,"86,800.00"
2019-09-16,2019091601006573,CZBIL,45,29,200,216.00,"43,200.00"
2019-09-16,2019091601006549,CZBIL,45,25,100,216.00,"21,600.00"
2019-09-16,2019091601006548,CZBIL,45,40,575,216.00,"124,200.00"
2019-09-16,2019091601006783,CZBIL,44,45,"1,000",217.00,"217,000.00"
2019-09-16,2019091601006782,CZBIL,44,51,710,217.00,"154,070.00"
2019-09-16,2019091601006781,CZBIL,44,56,200,217.00,"43,400.00"
2019-09-16,2019091601006780,CZBIL,44,56,"1,400",217.00,"303,800.00"
2019-09-16,2019091601006779,CZBIL,44,45,"1,358",217.00,"294,686.00"
2019-09-16,2019091601006694,CZBIL,29,45,400,217.00,"86,800.00"
2019-09-16,2019091601006881,DBBL,19,26,46,126.00,"5,796.00"
2019-09-16,2019091601006860,DBBL,47,45,50,127.00,"6,350.00"
2019-09-16,2019091601006904,FMDBL,16,49,38,362.00,"13,756.00"
2019-09-16,2019091601006645,FMDBL,16,33,115,362.00,"41,630.00"
2019-09-16,2019091601006644,FMDBL,5,33,50,362.00,"18,100.00"
2019-09-16,2019091601006643,FMDBL,33,33,200,362.00,"72,400.00"
2019-09-16,2019091601006642,FMDBL,38,33,135,362.00,"48,870.00"
2019-09-16,2019091601006899,GFCL,59,56,55,135.00,"7,425.00"
2019-09-16,2019091601006551,GHL,51,29,30,64.00,"1,920.00"
2019-09-16,2019091601006857,GLBSL,49,46,10,416.00,"4,160.00"
2019-09-16,2019091601006893,GLICL,41,16,20,350.00,"7,000.00"
2019-09-16,2019091601006852,HGI,39,53,190,265.00,"50,350.00"
2019-09-16,2019091601006773,HGI,7,53,73,265.00,"19,345.00"
2019-09-16,2019091601006772,HGI,7,16,427,265.00,"113,155.00"
2019-09-16,2019091601006998,HURJA,42,49,20,105.00,"2,100.00"
2019-09-16,2019091601006911,HURJA,42,49,20,105.00,"2,100.00"
2019-09-16,2019091601006835,HURJA,42,50,212,105.00,"22,260.00"
2019-09-16,2019091601006834,HURJA,38,50,58,105.00,"6,090.00"
2019-09-16,2019091601006758,HURJA,38,49,20,105.00,"2,100.00"
2019-09-16,2019091601007043,IGI,19,41,80,296.00,"23,680.00"
2019-09-16,2019091601007042,IGI,16,41,100,297.00,"29,700.00"
2019-09-16,2019091601006683,IGI,19,19,164,296.00,"48,544.00"
2019-09-16,2019091601006682,IGI,52,19,36,297.00,"10,692.00"
2019-09-16,2019091601006681,IGI,48,19,100,298.00,"29,800.00"
2019-09-16,2019091601007035,ILBS,8,8,10,412.00,"4,120.00"
2019-09-16,2019091601007025,ILBS,8,8,10,412.00,"4,120.00"
2019-09-16,2019091601007012,ILBS,8,8,10,412.00,"4,120.00"
2019-09-16,2019091601007001,ILBS,8,8,10,412.00,"4,120.00"
2019-09-16,2019091601006993,ILBS,8,8,10,412.00,"4,120.00"
2019-09-16,2019091601006984,ILBS,8,8,10,412.00,"4,120.00"
2019-09-16,2019091601006830,ILBS,8,8,10,412.00,"4,120.00"
2019-09-16,2019091601006825,ILBS,8,8,10,412.00,"4,120.00"
2019-09-16,2019091601006815,ILBS,8,8,10,412.00,"4,120.00"
2019-09-16,2019091601006909,ILBS,8,8,10,412.00,"4,120.00"
2019-09-16,2019091601006894,ILBS,8,8,10,412.00,"4,120.00"
2019-09-16,2019091601006885,ILBS,8,8,10,412.00,"4,120.00"
2019-09-16,2019091601006874,ILBS,8,8,10,412.00,"4,120.00"
2019-09-16,2019091601006858,ILBS,8,8,10,412.00,"4,120.00"
2019-09-16,2019091601006848,ILBS,8,8,10,412.00,"4,120.00"
2019-09-16,2019091601006970,ILBS,8,8,10,412.00,"4,120.00"
2019-09-16,2019091601006965,ILBS,8,8,10,412.00,"4,120.00"
2019-09-16,2019091601006958,ILBS,8,8,10,412.00,"4,120.00"
2019-09-16,2019091601006944,ILBS,8,8,10,412.00,"4,120.00"
2019-09-16,2019091601006936,ILBS,8,8,10,412.00,"4,120.00"
2019-09-16,2019091601006914,ILBS,8,8,10,412.00,"4,120.00"
2019-09-16,2019091601006922,JBBL,58,26,10,153.00,"1,530.00"
2019-09-16,2019091601006946,JFL,55,52,290,192.00,"55,680.00"
2019-09-16,2019091601006908,JFL,20,52,10,192.00,"1,920.00"
2019-09-16,2019091601006705,JOSHI,17,17,20,60.00,"1,200.00"
2019-09-16,2019091601006883,KBL,49,26,187,178.00,"33,286.00"
2019-09-16,2019091601006734,KBL,49,22,86,178.00,"15,308.00"
2019-09-16,2019091601007007,KSBBL,19,41,250,137.00,"34,250.00"
2019-09-16,2019091601007006,KSBBL,46,41,200,137.00,"27,400.00"
2019-09-16,2019091601007005,KSBBL,25,41,50,137.00,"6,850.00"
2019-09-16,2019091601007004,KSBBL,34,41,100,137.00,"13,700.00"
2019-09-16,2019091601007003,KSBBL,56,41,100,137.00,"13,700.00"
2019-09-16,2019091601007002,KSBBL,5,41,300,137.00,"41,100.00"
2019-09-16,2019091601006736,KSBBL,26,40,500,138.00,"69,000.00"
2019-09-16,2019091601006966,LBBL,45,44,200,169.00,"33,800.00"
2019-09-16,2019091601006833,LBBL,42,44,200,169.00,"33,800.00"
2019-09-16,2019091601006745,LBBL,49,43,276,168.00,"46,368.00"
2019-09-16,2019091601006744,LBBL,21,43,60,168.00,"10,080.00"
2019-09-16,2019091601006743,LBBL,45,43,500,168.00,"84,000.00"
2019-09-16,2019091601006742,LBBL,33,43,164,168.00,"27,552.00"
2019-09-16,2019091601006675,LBL,49,41,400,208.00,"83,200.00"
2019-09-16,2019091601006621,LGIL,20,38,25,350.00,"8,750.00"
2019-09-16,2019091601007014,MBL,7,39,60,244.00,"14,640.00"
2019-09-16,2019091601006963,MBL,7,58,100,244.00,"24,400.00"
2019-09-16,2019091601006755,MDB,17,17,256,240.00,"61,440.00"
2019-09-16,2019091601007030,MEGA,36,57,978,190.00,"185,820.00"
2019-09-16,2019091601006680,MEGA,49,22,"1,050",189.00,"198,450.00"
2019-09-16,2019091601006679,MEGA,8,22,100,189.00,"18,900.00"
2019-09-16,2019091601006678,MEGA,42,22,50,189.00,"9,450.00"
2019-09-16,2019091601006677,MEGA,50,22,300,189.00,"56,700.00"
2019-09-16,2019091601006827,MEGA,41,57,500,190.00,"95,000.00"
2019-09-16,2019091601006823,MEGA,41,57,206,190.00,"39,140.00"
2019-09-16,2019091601006822,MEGA,41,7,194,190.00,"36,860.00"
2019-09-16,2019091601006791,MEGA,32,10,200,189.00,"37,800.00"
2019-09-16,2019091601006695,MFIL,19,55,110,123.00,"13,530.00"
2019-09-16,2019091601006832,MHNL,48,59,100,79.00,"7,900.00"
2019-09-16,2019091601006819,MHNL,40,59,20,80.00,"1,600.00"
2019-09-16,2019091601006818,MHNL,29,59,180,80.00,"14,400.00"
2019-09-16,2019091601006808,MHNL,19,59,60,81.00,"4,860.00"
2019-09-16,2019091601007044,MNBBL,14,56,100,299.00,"29,900.00"
2019-09-16,2019091601006912,MNBBL,14,10,200,300.00,"60,000.00"
2019-09-16,2019091601006738,MNBBL,14,50,150,299.00,"44,850.00"
2019-09-16,2019091601006737,MNBBL,41,10,"1,000",300.00,"300,000.00"
2019-09-16,2019091601006800,NABIL,37,19,20,745.00,"14,900.00"
2019-09-16,2019091601006799,NABIL,57,19,55,745.00,"40,975.00"
2019-09-16,2019091601006798,NABIL,26,19,25,746.00,"18,650.00"
2019-09-16,2019091601006693,NABIL,26,46,75,746.00,"55,950.00"
2019-09-16,2019091601006931,NADEP,57,49,20,411.00,"8,220.00"
2019-09-16,2019091601006985,NAGRO,25,43,10,735.00,"7,350.00"
2019-09-16,2019091601006730,NBB,10,38,800,207.00,"165,600.00"
2019-09-16,2019091601006729,NBB,10,51,402,207.00,"83,214.00"
2019-09-16,2019091601007046,NCCB,40,41,250,192.00,"48,000.00"
2019-09-16,2019091601007045,NCCB,44,41,250,192.00,"48,000.00"
2019-09-16,2019091601006980,NCCB,26,51,20,193.00,"3,860.00"
2019-09-16,2019091601006938,NCCB,44,32,"1,750",192.00,"336,000.00"
2019-09-16,2019091601006862,NCCB,53,32,250,192.00,"48,000.00"
2019-09-16,2019091601006839,NCCB,58,51,10,193.00,"1,930.00"
2019-09-16,2019091601006751,NCCB,44,34,37,191.00,"7,067.00"
2019-09-16,2019091601006750,NCCB,51,34,250,191.00,"47,750.00"
2019-09-16,2019091601006749,NCCB,3,34,213,191.00,"40,683.00"
2019-09-16,2019091601006571,NCCB,36,16,425,192.00,"81,600.00"
2019-09-16,2019091601006570,NCCB,36,57,"1,000",192.00,"192,000.00"
2019-09-16,2019091601007036,NIB,22,39,251,430.00,"107,930.00"
2019-09-16,2019091601006969,NIB,22,45,69,430.00,"29,670.00"
2019-09-16,2019091601006760,NIB,22,22,34,430.00,"14,620.00"
2019-09-16,2019091601006759,NIB,51,22,10,431.00,"4,310.00"
2019-09-16,2019091601006753,NIB,51,42,10,431.00,"4,310.00"
2019-09-16,2019091601006700,NIB,22,14,149,430.00,"64,070.00"
2019-09-16,2019091601006664,NIB,20,39,150,429.00,"64,350.00"
2019-09-16,2019091601006663,NIB,42,39,100,429.00,"42,900.00"
2019-09-16,2019091601006662,NIB,17,39,150,429.00,"64,350.00"
2019-09-16,2019091601006661,NIB,17,39,122,429.00,"52,338.00"
2019-09-16,2019091601006556,NIB,19,14,100,430.00,"43,000.00"
2019-09-16,2019091601006813,NICA,38,45,300,379.00,"113,700.00"
2019-09-16,2019091601006812,NICA,38,44,362,379.00,"137,198.00"
2019-09-16,2019091601006807,NICA,46,44,13,379.00,"4,927.00"
2019-09-16,2019091601006806,NICA,28,44,300,379.00,"113,700.00"
2019-09-16,2019091601006778,NICA,29,1,408,378.00,"154,224.00"
2019-09-16,2019091601006770,NICA,45,22,91,377.00,"34,307.00"
2019-09-16,2019091601006690,NICA,45,42,10,377.00,"3,770.00"
2019-09-16,2019091601006685,NICA,58,1,67,378.00,"25,326.00"
2019-09-16,2019091601006684,NICA,58,35,33,378.00,"12,474.00"
2019-09-16,2019091601006601,NICA,52,35,67,378.00,"25,326.00"
2019-09-16,2019091601006600,NICA,52,11,33,378.00,"12,474.00"
2019-09-16,2019091601006579,NICA,45,35,100,377.00,"37,700.00"
2019-09-16,2019091601007020,NICL,45,22,940,259.00,"243,460.00"
2019-09-16,2019091601006731,NICL,34,6,70,258.00,"18,060.00"
2019-09-16,2019091601006892,NIL,57,16,59,353.00,"20,827.00"
2019-09-16,2019091601006891,NIL,58,16,50,353.00,"17,650.00"
2019-09-16,2019091601006890,NIL,43,16,20,354.00,"7,080.00"
2019-09-16,2019091601006795,NIL,41,16,200,355.00,"71,000.00"
2019-09-16,2019091601006794,NIL,51,16,50,355.00,"17,750.00"
2019-09-16,2019091601006793,NIL,14,16,21,355.00,"7,455.00"
2019-09-16,2019091601006704,NIL,14,55,29,355.00,"10,295.00"
2019-09-16,2019091601006703,NIL,57,55,60,355.00,"21,300.00"
2019-09-16,2019091601006754,NLBBL,28,33,10,493.00,"4,930.00"
2019-09-16,2019091601006854,NLG,39,33,302,549.00,"165,798.00"
2019-09-16,2019091601006708,NLG,32,26,106,550.00,"58,300.00"
2019-09-16,2019091601007029,NLIC,26,33,100,756.00,"75,600.00"
2019-09-16,2019091601007028,NLIC,45,33,"1,000",756.00,"756,000.00"
2019-09-16,2019091601006995,NLIC,35,51,10,758.00,"7,580.00"
2019-09-16,2019091601006838,NLIC,22,32,16,758.00,"12,128.00"
2019-09-16,2019091601006752,NLIC,3,50,200,757.00,"151,400.00"
2019-09-16,2019091601006620,NLIC,1,37,10,755.00,"7,550.00"
2019-09-16,2019091601006613,NLIC,32,37,50,756.00,"37,800.00"
2019-09-16,2019091601006612,NLIC,53,37,20,756.00,"15,120.00"
2019-09-16,2019091601006619,NLIC,1,37,10,755.00,"7,550.00"
2019-09-16,2019091601006618,NLIC,14,37,75,755.00,"56,625.00"
2019-09-16,2019091601006617,NLIC,48,37,200,755.00,"151,000.00"
2019-09-16,2019091601006616,NLIC,33,37,100,755.00,"75,500.00"
2019-09-16,2019091601006615,NLIC,53,37,100,755.00,"75,500.00"
2019-09-16,2019091601006614,NLIC,7,37,30,755.00,"22,650.00"
2019-09-16,2019091601006957,NLICL,25,16,63,458.00,"28,854.00"
2019-09-16,2019091601006956,NLICL,37,16,100,458.00,"45,800.00"
2019-09-16,2019091601006955,NLICL,33,16,100,460.00,"46,000.00"
2019-09-16,2019091601006954,NLICL,32,16,200,460.00,"92,000.00"
2019-09-16,2019091601006953,NLICL,25,16,50,460.00,"23,000.00"
2019-09-16,2019091601006952,NLICL,50,16,50,461.00,"23,050.00"
2019-09-16,2019091601006951,NLICL,52,16,35,461.00,"16,135.00"
2019-09-16,2019091601006950,NLICL,35,16,100,461.00,"46,100.00"
2019-09-16,2019091601006949,NLICL,21,16,130,462.00,"60,060.00"
2019-09-16,2019091601006784,NLICL,34,43,257,463.00,"118,991.00"
2019-09-16,2019091601006842,NMBSF1,7,25,500,9.55,"4,775.00"
2019-09-16,2019091601006670,NMFBS,35,39,20,"1,501.00","30,020.00"
2019-09-16,2019091601006669,NMFBS,35,41,15,"1,500.00","22,500.00"
2019-09-16,2019091601006964,NSEWA,14,49,10,385.00,"3,850.00"
2019-09-16,2019091601006803,NUBL,14,49,20,840.00,"16,800.00"
2019-09-16,2019091601006930,OHL,50,56,176,497.00,"87,472.00"
2019-09-16,2019091601006929,OHL,43,56,25,498.00,"12,450.00"
2019-09-16,2019091601006928,OHL,34,56,100,498.00,"49,800.00"
2019-09-16,2019091601006927,OHL,13,56,89,499.00,"44,411.00"
2019-09-16,2019091601006926,OHL,45,56,30,500.00,"15,000.00"
2019-09-16,2019091601006925,OHL,35,56,20,506.00,"10,120.00"
2019-09-16,2019091601006924,OHL,19,56,30,506.00,"15,180.00"
2019-09-16,2019091601006882,PCBL,32,14,178,257.00,"45,746.00"
2019-09-16,2019091601006785,PCBL,53,22,29,256.00,"7,424.00"
2019-09-16,2019091601006726,PCBL,42,14,110,257.00,"28,270.00"
2019-09-16,2019091601006725,PCBL,53,14,30,257.00,"7,710.00"
2019-09-16,2019091601006724,PCBL,20,14,100,257.00,"25,700.00"
2019-09-16,2019091601006723,PCBL,25,14,500,257.00,"128,500.00"
2019-09-16,2019091601006722,PCBL,50,14,300,257.00,"77,100.00"
2019-09-16,2019091601006721,PCBL,34,14,100,257.00,"25,700.00"
2019-09-16,2019091601006728,PFL,47,55,300,130.00,"39,000.00"
2019-09-16,2019091601006673,PFL,47,55,300,130.00,"39,000.00"
2019-09-16,2019091601006979,PIC,8,57,50,364.00,"18,200.00"
2019-09-16,2019091601006978,PIC,22,57,200,364.00,"72,800.00"
2019-09-16,2019091601006977,PIC,8,57,100,364.00,"36,400.00"
2019-09-16,2019091601006976,PIC,41,57,200,365.00,"73,000.00"
2019-09-16,2019091601006975,PIC,1,57,100,365.00,"36,500.00"
2019-09-16,2019091601006974,PIC,42,57,18,365.00,"6,570.00"
2019-09-16,2019091601006973,PIC,44,57,500,365.00,"182,500.00"
2019-09-16,2019091601006972,PIC,41,57,50,365.00,"18,250.00"
2019-09-16,2019091601006939,PIC,39,33,300,368.00,"110,400.00"
2019-09-16,2019091601006855,PIC,41,13,75,365.00,"27,375.00"
2019-09-16,2019091601006850,PLIC,37,50,222,365.00,"81,030.00"
2019-09-16,2019091601006849,PLIC,37,34,50,365.00,"18,250.00"
2019-09-16,2019091601006843,PLIC,36,49,25,364.00,"9,100.00"
2019-09-16,2019091601006771,PLIC,44,49,50,364.00,"18,200.00"
2019-09-16,2019091601006671,PLIC,44,17,182,363.00,"66,066.00"
2019-09-16,2019091601006629,PLIC,38,17,200,363.00,"72,600.00"
2019-09-16,2019091601006945,PRIN,26,16,100,292.00,"29,200.00"
2019-09-16,2019091601006820,PRIN,19,38,300,294.00,"88,200.00"
2019-09-16,2019091601006576,PRIN,34,32,"1,000",292.00,"292,000.00"
2019-09-16,2019091601007018,PRVU,58,8,"1,307",255.00,"333,285.00"
2019-09-16,2019091601007017,PRVU,43,8,193,255.00,"49,215.00"
2019-09-16,2019091601006999,PRVU,43,6,500,255.00,"127,500.00"
2019-09-16,2019091601006991,PRVU,40,34,500,256.00,"128,000.00"
2019-09-16,2019091601006986,PRVU,43,6,100,255.00,"25,500.00"
2019-09-16,2019091601006581,PRVU,38,37,45,255.00,"11,475.00"
2019-09-16,2019091601006589,PRVU,16,26,119,255.00,"30,345.00"
2019-09-16,2019091601006588,PRVU,59,26,100,255.00,"25,500.00"
2019-09-16,2019091601006587,PRVU,59,26,50,255.00,"12,750.00"
2019-09-16,2019091601006586,PRVU,20,26,50,255.00,"12,750.00"
2019-09-16,2019091601006585,PRVU,45,26,100,255.00,"25,500.00"
2019-09-16,2019091601006584,PRVU,38,26,190,255.00,"48,450.00"
2019-09-16,2019091601006846,PRVU,43,22,207,255.00,"52,785.00"
2019-09-16,2019091601006845,PRVU,14,22,100,255.00,"25,500.00"
2019-09-16,2019091601006844,PRVU,14,22,193,255.00,"49,215.00"
2019-09-16,2019091601006790,PRVU,14,52,88,255.00,"22,440.00"
2019-09-16,2019091601006702,PRVU,14,34,219,255.00,"55,845.00"
2019-09-16,2019091601006701,PRVU,16,34,81,255.00,"20,655.00"
2019-09-16,2019091601006748,RADHI,22,26,11,127.00,"1,397.00"
2019-09-16,2019091601006698,RADHI,53,45,11,128.00,"1,408.00"
2019-09-16,2019091601006624,RBCL,41,14,14,"8,600.00","120,400.00"
2019-09-16,2019091601006649,RBCLPO,32,41,20,"7,394.00","147,880.00"
2019-09-16,2019091601006648,RBCLPO,56,41,10,"7,395.00","73,950.00"
2019-09-16,2019091601006647,RBCLPO,3,41,10,"7,400.00","74,000.00"
2019-09-16,2019091601006777,RHPC,1,29,19,79.00,"1,501.00"
2019-09-16,2019091601007041,RHPL,44,51,20,154.00,"3,080.00"
2019-09-16,2019091601007037,RHPL,44,39,30,154.00,"4,620.00"
2019-09-16,2019091601007013,RHPL,44,57,30,154.00,"4,620.00"
2019-09-16,2019091601007011,RHPL,44,49,40,154.00,"6,160.00"
2019-09-16,2019091601007009,RHPL,44,34,100,154.00,"15,400.00"
2019-09-16,2019091601006990,RHPL,44,51,20,154.00,"3,080.00"
2019-09-16,2019091601006603,RHPL,40,51,40,155.00,"6,200.00"
2019-09-16,2019091601006591,RHPL,44,39,30,154.00,"4,620.00"
2019-09-16,2019091601006590,RHPL,44,46,40,154.00,"6,160.00"
2019-09-16,2019091601006577,RHPL,44,17,40,154.00,"6,160.00"
2019-09-16,2019091601006550,RHPL,44,39,30,154.00,"4,620.00"
2019-09-16,2019091601006697,RHPL,44,48,10,154.00,"1,540.00"
2019-09-16,2019091601006667,RHPL,44,39,30,154.00,"4,620.00"
2019-09-16,2019091601006654,RHPL,44,48,10,154.00,"1,540.00"
2019-09-16,2019091601006630,RHPL,44,39,30,154.00,"4,620.00"
2019-09-16,2019091601006605,RHPL,40,51,40,155.00,"6,200.00"
2019-09-16,2019091601006604,RHPL,40,51,40,155.00,"6,200.00"
2019-09-16,2019091601006789,RHPL,44,39,30,155.00,"4,650.00"
2019-09-16,2019091601006763,RHPL,44,49,40,155.00,"6,200.00"
2019-09-16,2019091601006762,RHPL,44,39,30,155.00,"4,650.00"
2019-09-16,2019091601006741,RHPL,44,39,30,155.00,"4,650.00"
2019-09-16,2019091601006740,RHPL,44,51,20,155.00,"3,100.00"
2019-09-16,2019091601006699,RHPL,44,39,30,154.00,"4,620.00"
2019-09-16,2019091601006826,RHPL,44,51,20,155.00,"3,100.00"
2019-09-16,2019091601006821,RHPL,44,51,40,155.00,"6,200.00"
2019-09-16,2019091601006816,RHPL,44,39,30,155.00,"4,650.00"
2019-09-16,2019091601006814,RHPL,44,59,40,155.00,"6,200.00"
2019-09-16,2019091601006805,RHPL,44,51,20,155.00,"3,100.00"
2019-09-16,2019091601006792,RHPL,44,26,40,155.00,"6,200.00"
2019-09-16,2019091601006875,RHPL,44,46,30,154.00,"4,620.00"
2019-09-16,2019091601006863,RHPL,44,39,20,155.00,"3,100.00"
2019-09-16,2019091601006861,RHPL,44,51,20,155.00,"3,100.00"
2019-09-16,2019091601006851,RHPL,44,51,40,155.00,"6,200.00"
2019-09-16,2019091601006840,RHPL,44,49,40,155.00,"6,200.00"
2019-09-16,2019091601006836,RHPL,44,51,40,155.00,"6,200.00"
2019-09-16,2019091601006982,RHPL,44,49,40,154.00,"6,160.00"
2019-09-16,2019091601006981,RHPL,44,39,30,154.00,"4,620.00"
2019-09-16,2019091601006968,RHPL,44,49,40,154.00,"6,160.00"
2019-09-16,2019091601006941,RHPL,44,51,20,154.00,"3,080.00"
2019-09-16,2019091601006932,RHPL,44,39,30,154.00,"4,620.00"
2019-09-16,2019091601006913,RHPL,44,51,20,154.00,"3,080.00"
2019-09-16,2019091601006810,RMDC,28,25,10,618.00,"6,180.00"
2019-09-16,2019091601007000,RRHP,47,49,10,103.00,"1,030.00"
2019-09-16,2019091601006672,RRHP,47,26,10,103.00,"1,030.00"
2019-09-16,2019091601006989,SABSL,45,1,10,469.00,"4,690.00"
2019-09-16,2019091601006988,SABSL,45,1,10,469.00,"4,690.00"
2019-09-16,2019091601006727,SABSL,36,1,10,469.00,"4,690.00"
2019-09-16,2019091601007034,SANIMA,7,13,626,347.00,"217,222.00"
2019-09-16,2019091601007033,SANIMA,7,45,374,347.00,"129,778.00"
2019-09-16,2019091601006900,SANIMA,7,45,108,347.00,"37,476.00"
2019-09-16,2019091601006879,SANIMA,49,45,18,347.00,"6,246.00"
2019-09-16,2019091601006878,SANIMA,49,49,32,347.00,"11,104.00"
2019-09-16,2019091601006856,SANIMA,7,47,"1,000",347.00,"347,000.00"
2019-09-16,2019091601006686,SANIMA,49,34,126,346.00,"43,596.00"
2019-09-16,2019091601006906,SBI,20,13,75,410.00,"30,750.00"
2019-09-16,2019091601006905,SBI,7,13,50,412.00,"20,600.00"
2019-09-16,2019091601007010,SBL,16,13,783,305.00,"238,815.00"
2019-09-16,2019091601006997,SBL,16,48,217,305.00,"66,185.00"
2019-09-16,2019091601006996,SBL,42,48,100,305.00,"30,500.00"
2019-09-16,2019091601006831,SBL,42,13,100,305.00,"30,500.00"
2019-09-16,2019091601006797,SBL,10,22,77,304.00,"23,408.00"
2019-09-16,2019091601006659,SBL,42,13,120,305.00,"36,600.00"
2019-09-16,2019091601006658,SBL,53,13,50,305.00,"15,250.00"
2019-09-16,2019091601006657,SBL,10,13,100,305.00,"30,500.00"
2019-09-16,2019091601006656,SBL,58,13,300,305.00,"91,500.00"
2019-09-16,2019091601006655,SBL,44,13,500,305.00,"152,500.00"
2019-09-16,2019091601007015,SCB,47,48,60,553.00,"33,180.00"
2019-09-16,2019091601006903,SCB,6,42,50,555.00,"27,750.00"
2019-09-16,2019091601006902,SCB,6,35,195,555.00,"108,225.00"
2019-09-16,2019091601006937,SHIVM,4,44,"1,000",498.00,"498,000.00"
2019-09-16,2019091601006921,SHIVM,45,58,203,496.00,"100,688.00"
2019-09-16,2019091601006920,SHIVM,14,58,50,496.00,"24,800.00"
2019-09-16,2019091601006919,SHIVM,22,58,50,496.00,"24,800.00"
2019-09-16,2019091601006918,SHIVM,34,58,100,496.00,"49,600.00"
2019-09-16,2019091601006917,SHIVM,45,58,67,496.00,"33,232.00"
2019-09-16,2019091601006916,SHIVM,52,58,100,497.00,"49,700.00"
2019-09-16,2019091601006915,SHIVM,35,58,10,497.00,"4,970.00"
2019-09-16,2019091601006665,SHIVM,7,50,10,499.00,"4,990.00"
2019-09-16,2019091601006994,SHPC,17,25,460,194.00,"89,240.00"
2019-09-16,2019091601006933,SHPC,45,25,40,195.00,"7,800.00"
2019-09-16,2019091601006824,SHPC,45,45,10,195.00,"1,950.00"
2019-09-16,2019091601006786,SHPC,45,16,"1,360",195.00,"265,200.00"
2019-09-16,2019091601006747,SHPC,7,43,92,196.00,"18,032.00"
2019-09-16,2019091601006746,SICL,35,19,100,710.00,"71,000.00"
2019-09-16,2019091601006691,SINDU,48,41,50,127.00,"6,350.00"
2019-09-16,2019091601007032,SJCL,1,51,20,165.00,"3,300.00"
2019-09-16,2019091601007031,SJCL,1,57,20,165.00,"3,300.00"
2019-09-16,2019091601007027,SJCL,1,49,20,165.00,"3,300.00"
2019-09-16,2019091601007026,SJCL,1,49,20,165.00,"3,300.00"
2019-09-16,2019091601006992,SJCL,1,39,20,165.00,"3,300.00"
2019-09-16,2019091601006553,SJCL,42,6,10,164.00,"1,640.00"
2019-09-16,2019091601006602,SJCL,42,47,20,164.00,"3,280.00"
2019-09-16,2019091601006572,SJCL,42,39,20,164.00,"3,280.00"
2019-09-16,2019091601006569,SJCL,42,47,10,164.00,"1,640.00"
2019-09-16,2019091601006568,SJCL,40,47,10,164.00,"1,640.00"
2019-09-16,2019091601006555,SJCL,40,6,190,164.00,"31,160.00"
2019-09-16,2019091601006554,SJCL,1,6,300,164.00,"49,200.00"
2019-09-16,2019091601006676,SJCL,42,39,20,164.00,"3,280.00"
2019-09-16,2019091601006660,SJCL,42,47,20,164.00,"3,280.00"
2019-09-16,2019091601006650,SJCL,42,39,20,164.00,"3,280.00"
2019-09-16,2019091601006625,SJCL,42,47,10,164.00,"1,640.00"
2019-09-16,2019091601006607,SJCL,42,46,20,164.00,"3,280.00"
2019-09-16,2019091601006606,SJCL,42,39,20,164.00,"3,280.00"
2019-09-16,2019091601006707,SJCL,42,48,10,164.00,"1,640.00"
2019-09-16,2019091601006696,SJCL,42,47,20,164.00,"3,280.00"
2019-09-16,2019091601006776,SJCL,42,49,20,164.00,"3,280.00"
2019-09-16,2019091601006775,SJCL,42,39,20,164.00,"3,280.00"
2019-09-16,2019091601006757,SJCL,42,51,10,164.00,"1,640.00"
2019-09-16,2019091601006756,SJCL,42,39,20,164.00,"3,280.00"
2019-09-16,2019091601006720,SJCL,42,39,20,164.00,"3,280.00"
2019-09-16,2019091601006709,SJCL,42,47,20,164.00,"3,280.00"
2019-09-16,2019091601006804,SJCL,42,39,20,164.00,"3,280.00"
2019-09-16,2019091601006788,SJCL,42,51,10,164.00,"1,640.00"
2019-09-16,2019091601006888,SJCL,42,46,20,164.00,"3,280.00"
2019-09-16,2019091601006877,SJCL,26,51,10,165.00,"1,650.00"
2019-09-16,2019091601006876,SJCL,26,51,20,165.00,"3,300.00"
2019-09-16,2019091601006853,SJCL,42,49,20,164.00,"3,280.00"
2019-09-16,2019091601006837,SJCL,42,51,10,164.00,"1,640.00"
2019-09-16,2019091601006828,SJCL,42,39,20,164.00,"3,280.00"
2019-09-16,2019091601006971,SJCL,1,51,10,165.00,"1,650.00"
2019-09-16,2019091601006961,SJCL,1,51,10,165.00,"1,650.00"
2019-09-16,2019091601006947,SJCL,1,39,20,165.00,"3,300.00"
2019-09-16,2019091601006940,SJCL,1,49,10,165.00,"1,650.00"
2019-09-16,2019091601006901,SJCL,42,51,10,164.00,"1,640.00"
2019-09-16,2019091601006898,SJCL,42,39,20,164.00,"3,280.00"
2019-09-16,2019091601006735,SKBBL,28,52,50,896.00,"44,800.00"
2019-09-16,2019091601006593,SLBBL,34,57,500,527.00,"263,500.00"
2019-09-16,2019091601006592,SLBBL,22,57,11,528.00,"5,808.00"
2019-09-16,2019091601006598,SLBBL,43,57,39,523.00,"20,397.00"
2019-09-16,2019091601006597,SLBBL,58,57,100,523.00,"52,300.00"
2019-09-16,2019091601006596,SLBBL,28,57,50,523.00,"26,150.00"
2019-09-16,2019091601006595,SLBBL,39,57,100,524.00,"52,400.00"
2019-09-16,2019091601006594,SLBBL,44,57,200,525.00,"105,000.00"
2019-09-16,2019091601006787,SLBSL,43,49,10,649.00,"6,490.00"
2019-09-16,2019091601006631,SLBSL,43,46,10,650.00,"6,500.00"
2019-09-16,2019091601006817,SLICL,17,17,75,259.00,"19,425.00"
2019-09-16,2019091601006761,SLICL,26,40,148,258.00,"38,184.00"
2019-09-16,2019091601006739,SLICL,26,40,88,258.00,"22,704.00"
2019-09-16,2019091601006610,SLICL,26,19,100,258.00,"25,800.00"
2019-09-16,2019091601007016,SMATA,56,47,47,"1,254.00","58,938.00"
2019-09-16,2019091601006733,SMFDB,32,19,80,506.00,"40,480.00"
2019-09-16,2019091601006732,SMFDB,13,19,20,511.00,"10,220.00"
2019-09-16,2019091601006910,SPARS,34,46,10,532.00,"5,320.00"
2019-09-16,2019091601006873,SPARS,34,34,10,532.00,"5,320.00"
2019-09-16,2019091601006719,SRBL,45,57,115,220.00,"25,300.00"
2019-09-16,2019091601006718,SRBL,59,57,500,220.00,"110,000.00"
2019-09-16,2019091601006717,SRBL,34,57,50,220.00,"11,000.00"
2019-09-16,2019091601006716,SRBL,50,57,500,220.00,"110,000.00"
2019-09-16,2019091601006715,SRBL,34,57,200,221.00,"44,200.00"
2019-09-16,2019091601006714,SRBL,51,57,250,221.00,"55,250.00"
2019-09-16,2019091601006713,SRBL,1,57,500,221.00,"110,500.00"
2019-09-16,2019091601006712,SRBL,35,57,200,221.00,"44,200.00"
2019-09-16,2019091601006711,SRBL,34,57,200,221.00,"44,200.00"
2019-09-16,2019091601006710,SRBL,1,57,200,221.00,"44,200.00"
2019-09-16,2019091601006638,SRBL,44,40,307,222.00,"68,154.00"
2019-09-16,2019091601006948,UIC,5,35,100,259.00,"25,900.00"
2019-09-16,2019091601006886,UIC,25,19,300,258.00,"77,400.00"
2019-09-16,2019091601006768,UIC,25,41,130,258.00,"33,540.00"
2019-09-16,2019091601006767,UIC,21,41,100,258.00,"25,800.00"
2019-09-16,2019091601006766,UIC,57,41,200,258.00,"51,600.00"
2019-09-16,2019091601006765,UIC,41,41,100,258.00,"25,800.00"
2019-09-16,2019091601006764,UIC,57,41,70,259.00,"18,130.00"
2019-09-16,2019091601006637,UIC,57,55,30,259.00,"7,770.00"
2019-09-16,2019091601006636,UIC,49,55,100,259.00,"25,900.00"
2019-09-16,2019091601006635,UIC,37,55,20,260.00,"5,200.00"
2019-09-16,2019091601006634,UIC,58,55,50,260.00,"13,000.00"
2019-09-16,2019091601007039,UPPER,10,49,50,231.00,"11,550.00"
2019-09-16,2019091601006967,UPPER,10,50,950,231.00,"219,450.00"
2019-09-16,2019091601006960,UPPER,48,49,20,230.00,"4,600.00"
2019-09-16,2019091601006959,UPPER,43,49,30,231.00,"6,930.00"
2019-09-16,2019091601006583,UPPER,10,6,"1,000",231.00,"231,000.00"
2019-09-16,2019091601006582,UPPER,52,6,23,234.00,"5,382.00"
2019-09-16,2019091601006574,UPPER,17,17,40,232.00,"9,280.00"
2019-09-16,2019091601006641,UPPER,22,6,477,231.00,"110,187.00"
2019-09-16,2019091601006859,UPPER,55,49,50,231.00,"11,550.00"
2019-09-16,2019091601006841,UPPER,17,17,50,232.00,"11,600.00"
2019-09-16,2019091601006796,UPPER,39,49,40,231.00,"9,240.00"
2019-09-16,2019091601006540,ADBL,49,33,28,409.00,"11,452.00"
2019-09-16,2019091601006539,ADBL,35,33,26,409.00,"10,634.00"
2019-09-16,2019091601006538,ADBL,45,37,20,409.00,"8,180.00"
2019-09-16,2019091601006394,ADBL,32,6,140,410.00,"57,400.00"
2019-09-16,2019091601006368,ADBL,32,14,60,410.00,"24,600.00"
2019-09-16,2019091601006367,ADBL,32,38,50,410.00,"20,500.00"
2019-09-16,2019091601006125,ADBL,36,38,100,410.00,"41,000.00"
2019-09-16,2019091601006112,ADBL,26,38,17,410.00,"6,970.00"
2019-09-16,2019091601006111,ADBL,26,41,18,409.00,"7,362.00"
2019-09-16,2019091601006267,AHPC,51,26,"1,000",95.00,"95,000.00"
2019-09-16,2019091601006547,AKBSL,8,8,10,413.00,"4,130.00"
2019-09-16,2019091601006542,AKBSL,8,8,10,413.00,"4,130.00"
2019-09-16,2019091601006537,AKBSL,8,8,10,413.00,"4,130.00"
2019-09-16,2019091601006528,AKBSL,8,8,10,413.00,"4,130.00"
2019-09-16,2019091601006520,AKBSL,8,8,10,413.00,"4,130.00"
2019-09-16,2019091601006515,AKBSL,8,8,10,413.00,"4,130.00"
2019-09-16,2019091601006501,AKBSL,8,17,10,413.00,"4,130.00"
2019-09-16,2019091601006423,AKJCL,41,22,170,55.00,"9,350.00"
2019-09-16,2019091601006407,AKJCL,41,38,20,55.00,"1,100.00"
2019-09-16,2019091601006176,AKJCL,22,45,10,55.00,550.00
2019-09-16,2019091601006451,AKPL,41,22,13,131.00,"1,703.00"
2019-09-16,2019091601006129,AKPL,41,45,376,131.00,"49,256.00"
2019-09-16,2019091601006128,AKPL,40,45,100,131.00,"13,100.00"
2019-09-16,2019091601006116,AKPL,41,45,47,132.00,"6,204.00"
2019-09-16,2019091601006256,ALBSL,41,38,10,419.00,"4,190.00"
2019-09-16,2019091601006312,ALICL,45,59,"1,190",307.00,"365,330.00"
2019-09-16,2019091601006311,ALICL,41,59,300,307.00,"92,100.00"
2019-09-16,2019091601006310,ALICL,7,59,10,308.00,"3,080.00"
2019-09-16,2019091601006231,API,29,25,17,109.00,"1,853.00"
2019-09-16,2019091601006101,API,36,57,66,108.00,"7,128.00"
2019-09-16,2019091601006279,BARUN,11,26,20,85.00,"1,700.00"
2019-09-16,2019091601006278,BARUN,54,26,30,85.00,"2,550.00"
2019-09-16,2019091601006066,BARUN,22,42,10,86.00,860.00
2019-09-16,2019091601006516,BOKL,38,46,100,252.00,"25,200.00"
2019-09-16,2019091601006505,BOKL,11,59,228,251.00,"57,228.00"
2019-09-16,2019091601006399,BOKL,28,46,10,252.00,"2,520.00"
2019-09-16,2019091601006237,BOKL,25,46,10,252.00,"2,520.00"
2019-09-16,2019091601006236,BOKL,36,46,17,252.00,"4,284.00"
2019-09-16,2019091601006203,BOKL,36,45,83,252.00,"20,916.00"
2019-09-16,2019091601006332,BPCL,52,39,17,358.00,"6,086.00"
2019-09-16,2019091601006327,BPCL,52,39,22,358.00,"7,876.00"
2019-09-16,2019091601006219,CBBL,49,43,200,952.00,"190,400.00"
2019-09-16,2019091601006354,CBL,11,11,500,141.00,"70,500.00"
2019-09-16,2019091601006353,CBL,45,11,"4,000",141.00,"564,000.00"
2019-09-16,2019091601006352,CBL,44,11,361,141.00,"50,901.00"
2019-09-16,2019091601006304,CBL,44,51,51,141.00,"7,191.00"
2019-09-16,2019091601006510,CCBL,49,45,269,155.00,"41,695.00"
2019-09-16,2019091601006509,CCBL,49,45,"1,295",155.00,"200,725.00"
2019-09-16,2019091601006472,CCBL,49,35,200,155.00,"31,000.00"
2019-09-16,2019091601006254,CCBL,49,59,"1,659",156.00,"258,804.00"
2019-09-16,2019091601006232,CCBL,49,49,841,156.00,"131,196.00"
2019-09-16,2019091601006127,CCBL,49,48,"1,000",156.00,"156,000.00"
2019-09-16,2019091601006200,CHCL,45,55,269,419.00,"112,711.00"
2019-09-16,2019091601006199,CHCL,57,55,120,420.00,"50,400.00"
2019-09-16,2019091601006198,CHCL,8,55,200,420.00,"84,000.00"
2019-09-16,2019091601006197,CHCL,56,55,337,420.00,"141,540.00"
2019-09-16,2019091601006196,CHCL,16,55,20,420.00,"8,400.00"
2019-09-16,2019091601006195,CHCL,35,55,20,420.00,"8,400.00"
2019-09-16,2019091601006188,CHCL,21,55,130,422.00,"54,860.00"
2019-09-16,2019091601006187,CHCL,59,55,25,422.00,"10,550.00"
2019-09-16,2019091601006186,CHCL,34,55,32,423.00,"13,536.00"
2019-09-16,2019091601006194,CHCL,44,55,150,420.00,"63,000.00"
2019-09-16,2019091601006193,CHCL,13,55,20,420.00,"8,400.00"
2019-09-16,2019091601006192,CHCL,59,55,78,420.00,"32,760.00"
2019-09-16,2019091601006191,CHCL,43,55,25,421.00,"10,525.00"
2019-09-16,2019091601006190,CHCL,34,55,"1,000",421.00,"421,000.00"
2019-09-16,2019091601006189,CHCL,54,55,66,421.00,"27,786.00"
2019-09-16,2019091601006373,CIT,22,54,24,"1,760.00","42,240.00"
2019-09-16,2019091601006330,CIT,13,56,35,"1,751.00","61,285.00"
2019-09-16,2019091601006268,CIT,13,13,10,"1,751.00","17,510.00"
2019-09-16,2019091601006071,CIT,26,28,15,"1,755.00","26,325.00"
2019-09-16,2019091601006534,CZBIL,45,50,10,216.00,"2,160.00"
2019-09-16,2019091601006521,CZBIL,45,34,"1,975",216.00,"426,600.00"
2019-09-16,2019091601006466,CZBIL,45,42,107,216.00,"23,112.00"
2019-09-16,2019091601006452,CZBIL,45,4,528,216.00,"114,048.00"
2019-09-16,2019091601006400,CZBIL,45,22,"1,000",216.00,"216,000.00"
2019-09-16,2019091601006393,CZBIL,7,45,"2,000",217.00,"434,000.00"
2019-09-16,2019091601006103,CZBIL,6,32,100,216.00,"21,600.00"
2019-09-16,2019091601006102,CZBIL,35,32,74,216.00,"15,984.00"
2019-09-16,2019091601006372,CZBIL,45,45,242,216.00,"52,272.00"
2019-09-16,2019091601006358,CZBIL,5,45,100,216.00,"21,600.00"
2019-09-16,2019091601006357,CZBIL,51,45,500,216.00,"108,000.00"
2019-09-16,2019091601006356,CZBIL,48,45,158,216.00,"34,128.00"
2019-09-16,2019091601006264,CZBIL,48,21,16,216.00,"3,456.00"
2019-09-16,2019091601006104,CZBIL,48,32,826,216.00,"178,416.00"
2019-09-16,2019091601006073,DDBL,49,41,330,710.00,"234,300.00"
2019-09-16,2019091601006303,EBL,45,48,200,548.00,"109,600.00"
2019-09-16,2019091601006302,EBL,20,48,100,548.00,"54,800.00"
2019-09-16,2019091601006181,EBL,48,26,10,548.00,"5,480.00"
2019-09-16,2019091601006180,EBL,26,26,50,548.00,"27,400.00"
2019-09-16,2019091601006179,EBL,44,26,100,548.00,"54,800.00"
2019-09-16,2019091601006178,EBL,19,26,20,548.00,"10,960.00"
2019-09-16,2019091601006177,EBL,39,26,190,548.00,"104,120.00"
2019-09-16,2019091601006170,EBL,36,13,100,549.00,"54,900.00"
2019-09-16,2019091601006379,EDBL,43,43,296,263.00,"77,848.00"
2019-09-16,2019091601006378,EDBL,42,43,100,264.00,"26,400.00"
2019-09-16,2019091601006377,EDBL,43,43,54,264.00,"14,256.00"
2019-09-16,2019091601006376,EDBL,51,43,50,265.00,"13,250.00"
2019-09-16,2019091601006100,EIC,49,17,50,286.00,"14,300.00"
2019-09-16,2019091601006083,EIC,49,28,50,286.00,"14,300.00"
2019-09-16,2019091601006495,FMDBL,38,58,65,362.00,"23,530.00"
2019-09-16,2019091601006411,FMDBL,1,59,200,363.00,"72,600.00"
2019-09-16,2019091601006410,FMDBL,44,59,300,363.00,"108,900.00"
2019-09-16,2019091601006409,FMDBL,36,59,80,364.00,"29,120.00"
2019-09-16,2019091601006251,FMDBL,36,49,20,364.00,"7,280.00"
2019-09-16,2019091601006250,FMDBL,45,49,100,364.00,"36,400.00"
2019-09-16,2019091601006249,FMDBL,25,49,19,364.00,"6,916.00"
2019-09-16,2019091601006428,GBBL,55,32,"1,000",209.00,"209,000.00"
2019-09-16,2019091601006391,GBLBS,53,52,88,314.00,"27,632.00"
2019-09-16,2019091601006390,GBLBS,6,52,100,314.00,"31,400.00"
2019-09-16,2019091601006389,GBLBS,14,52,142,314.00,"44,588.00"
2019-09-16,2019091601006388,GBLBS,43,52,100,314.00,"31,400.00"
2019-09-16,2019091601006301,GBLBS,19,52,20,316.00,"6,320.00"
2019-09-16,2019091601006300,GBLBS,4,52,50,316.00,"15,800.00"
2019-09-16,2019091601006099,GBLBS,4,28,50,316.00,"15,800.00"
2019-09-16,2019091601006455,GHL,51,28,30,65.00,"1,950.00"
2019-09-16,2019091601006084,GLICL,44,16,10,350.00,"3,500.00"
2019-09-16,2019091601006287,HDL,5,56,20,"1,365.00","27,300.00"
2019-09-16,2019091601006286,HDL,22,56,10,"1,372.00","13,720.00"
2019-09-16,2019091601006285,HDL,56,56,50,"1,375.00","68,750.00"
2019-09-16,2019091601006284,HDL,19,56,50,"1,382.00","69,100.00"
2019-09-16,2019091601006283,HDL,58,56,50,"1,385.00","69,250.00"
2019-09-16,2019091601006282,HDL,35,56,10,"1,390.00","13,900.00"
2019-09-16,2019091601006050,HDL,22,21,50,"1,390.00","69,500.00"
2019-09-16,2019091601006049,HDL,34,21,10,"1,390.00","13,900.00"
2019-09-16,2019091601006048,HDL,25,21,50,"1,395.00","69,750.00"
2019-09-16,2019091601006148,HGI,53,57,"1,000",260.00,"260,000.00"
2019-09-16,2019091601006147,HGI,44,57,50,260.00,"13,000.00"
2019-09-16,2019091601006146,HGI,35,57,100,260.00,"26,000.00"
2019-09-16,2019091601006145,HGI,58,57,100,260.00,"26,000.00"
2019-09-16,2019091601006144,HGI,22,57,500,262.00,"131,000.00"
2019-09-16,2019091601006143,HGI,32,57,50,262.00,"13,100.00"
2019-09-16,2019091601006142,HGI,6,57,100,262.00,"26,200.00"
2019-09-16,2019091601006141,HGI,49,57,300,263.00,"78,900.00"
2019-09-16,2019091601006140,HGI,19,57,50,263.00,"13,150.00"
2019-09-16,2019091601006139,HGI,20,57,100,264.00,"26,400.00"
2019-09-16,2019091601006504,HIDCL,51,37,45,130.00,"5,850.00"
2019-09-16,2019091601006503,HIDCL,21,37,16,130.00,"2,080.00"
2019-09-16,2019091601006398,HURJA,38,50,22,105.00,"2,310.00"
2019-09-16,2019091601006397,HURJA,3,50,180,105.00,"18,900.00"
2019-09-16,2019091601006396,HURJA,6,50,48,105.00,"5,040.00"
2019-09-16,2019091601006395,HURJA,43,50,250,106.00,"26,500.00"
2019-09-16,2019091601006335,HURJA,43,38,20,106.00,"2,120.00"
2019-09-16,2019091601006545,ILBS,48,46,10,411.00,"4,110.00"
2019-09-16,2019091601006421,ILBS,48,6,57,411.00,"23,427.00"
2019-09-16,2019091601006420,ILBS,42,6,33,411.00,"13,563.00"
2019-09-16,2019091601006419,ILBS,45,6,20,412.00,"8,240.00"
2019-09-16,2019091601006418,ILBS,48,6,60,412.00,"24,720.00"
2019-09-16,2019091601006252,ILBS,48,32,10,412.00,"4,120.00"
2019-09-16,2019091601006350,JBBL,32,28,372,154.00,"57,288.00"
2019-09-16,2019091601006340,JFL,25,57,200,190.00,"38,000.00"
2019-09-16,2019091601006339,JFL,19,57,187,190.00,"35,530.00"
2019-09-16,2019091601006338,JFL,35,57,300,190.00,"57,000.00"
2019-09-16,2019091601006337,JFL,32,57,"1,000",190.00,"190,000.00"
2019-09-16,2019091601006336,JFL,33,57,200,191.00,"38,200.00"
2019-09-16,2019091601006076,JFL,21,56,45,191.00,"8,595.00"
2019-09-16,2019091601006075,JFL,17,56,400,191.00,"76,400.00"
2019-09-16,2019091601006235,JOSHI,17,17,20,60.00,"1,200.00"
2019-09-16,2019091601006289,JSLBB,28,39,17,931.00,"15,827.00"
2019-09-16,2019091601006288,JSLBB,22,39,10,931.00,"9,310.00"
2019-09-16,2019091601006543,KBL,49,35,100,178.00,"17,800.00"
2019-09-16,2019091601006307,KBL,44,44,"1,000",179.00,"179,000.00"
2019-09-16,2019091601006408,KSBBL,44,40,"1,000",138.00,"138,000.00"
2019-09-16,2019091601006114,KSBBL,44,40,750,138.00,"103,500.00"
2019-09-16,2019091601006316,LBBL,29,44,500,169.00,"84,500.00"
2019-09-16,2019091601006315,LBBL,57,44,75,169.00,"12,675.00"
2019-09-16,2019091601006314,LBBL,45,44,114,169.00,"19,266.00"
2019-09-16,2019091601006413,LBL,28,32,10,210.00,"2,100.00"
2019-09-16,2019091601006298,LBL,49,41,80,208.00,"16,640.00"
2019-09-16,2019091601006246,LBL,49,55,453,208.00,"94,224.00"
2019-09-16,2019091601006245,LBL,49,55,842,209.00,"175,978.00"
2019-09-16,2019091601006426,LGIL,28,38,10,354.00,"3,540.00"
2019-09-16,2019091601006471,LICN,28,41,10,976.00,"9,760.00"
2019-09-16,2019091601006266,MBL,7,32,10,243.00,"2,430.00"
2019-09-16,2019091601006094,MBL,18,45,130,243.00,"31,590.00"
2019-09-16,2019091601006508,MEGA,32,57,20,190.00,"3,800.00"
2019-09-16,2019091601006467,MEGA,55,57,30,190.00,"5,700.00"
2019-09-16,2019091601006172,MEGA,29,57,66,190.00,"12,540.00"
2019-09-16,2019091601006244,MEGA,38,57,20,189.00,"3,780.00"
2019-09-16,2019091601006462,MEGA,38,22,20,189.00,"3,780.00"
2019-09-16,2019091601006453,MERO,26,26,1,538.00,538.00
2019-09-16,2019091601006270,MHNL,17,17,40,82.00,"3,280.00"
2019-09-16,2019091601006522,MLBL,14,37,43,207.00,"8,901.00"
2019-09-16,2019091601006406,MNBBL,11,10,30,300.00,"9,000.00"
2019-09-16,2019091601006415,MSLB,39,37,14,855.00,"11,970.00"
2019-09-16,2019091601006263,MSLB,45,37,10,850.00,"8,500.00"
2019-09-16,2019091601006234,MSLB,17,37,10,854.00,"8,540.00"
2019-09-16,2019091601006470,NABIL,57,6,45,745.00,"33,525.00"
2019-09-16,2019091601006469,NABIL,25,6,50,745.00,"37,250.00"
2019-09-16,2019091601006468,NABIL,25,6,19,746.00,"14,174.00"
2019-09-16,2019091601006427,NABIL,3,34,25,747.00,"18,675.00"
2019-09-16,2019091601006360,NABIL,25,32,31,746.00,"23,126.00"
2019-09-16,2019091601006359,NABIL,20,32,28,746.00,"20,888.00"
2019-09-16,2019091601006204,NABIL,36,32,41,747.00,"30,627.00"
2019-09-16,2019091601006167,NABIL,36,54,59,747.00,"44,073.00"
2019-09-16,2019091601006166,NABIL,48,54,10,747.00,"7,470.00"
2019-09-16,2019091601006165,NABIL,1,54,31,747.00,"23,157.00"
2019-09-16,2019091601006121,NABIL,26,19,50,748.00,"37,400.00"
2019-09-16,2019091601006530,NAGRO,34,43,270,729.00,"196,830.00"
2019-09-16,2019091601006512,NAGRO,34,43,90,729.00,"65,610.00"
2019-09-16,2019091601006511,NAGRO,34,43,10,733.00,"7,330.00"
2019-09-16,2019091601006241,NAGRO,34,49,10,734.00,"7,340.00"
2019-09-16,2019091601006253,NBB,16,58,36,205.00,"7,380.00"
2019-09-16,2019091601006202,NBB,58,49,200,206.00,"41,200.00"
2019-09-16,2019091601006097,NBB,58,8,41,206.00,"8,446.00"
2019-09-16,2019091601006502,NBL,4,57,"3,000",309.00,"927,000.00"
2019-09-16,2019091601006365,NBL,33,51,300,309.00,"92,700.00"
2019-09-16,2019091601006136,NBL,36,51,100,309.00,"30,900.00"
2019-09-16,2019091601006529,NCCB,3,35,100,191.00,"19,100.00"
2019-09-16,2019091601006494,NCCB,3,58,687,191.00,"131,217.00"
2019-09-16,2019091601006493,NCCB,46,58,500,191.00,"95,500.00"
2019-09-16,2019091601006492,NCCB,58,58,50,191.00,"9,550.00"
2019-09-16,2019091601006491,NCCB,41,58,13,191.00,"2,483.00"
2019-09-16,2019091601006490,NCCB,33,58,"1,000",191.00,"191,000.00"
2019-09-16,2019091601006118,NCCB,1,41,100,191.00,"19,100.00"
2019-09-16,2019091601006489,NCCB,48,58,500,191.00,"95,500.00"
2019-09-16,2019091601006488,NCCB,34,58,500,191.00,"95,500.00"
2019-09-16,2019091601006487,NCCB,5,58,150,191.00,"28,650.00"
2019-09-16,2019091601006486,NCCB,13,58,100,191.00,"19,100.00"
2019-09-16,2019091601006485,NCCB,25,58,300,191.00,"57,300.00"
2019-09-16,2019091601006484,NCCB,1,58,400,191.00,"76,400.00"
2019-09-16,2019091601006524,NHDL,39,32,10,91.00,910.00
2019-09-16,2019091601006532,NIB,1,39,230,430.00,"98,900.00"
2019-09-16,2019091601006507,NIB,1,6,10,430.00,"4,300.00"
2019-09-16,2019091601006506,NIB,1,52,199,430.00,"85,570.00"
2019-09-16,2019091601006417,NIB,1,32,17,430.00,"7,310.00"
2019-09-16,2019091601006416,NIB,1,47,44,430.00,"18,920.00"
2019-09-16,2019091601006375,NIB,17,32,20,429.00,"8,580.00"
2019-09-16,2019091601006090,NIB,32,10,34,430.00,"14,620.00"
2019-09-16,2019091601006072,NIB,36,14,100,431.00,"43,100.00"
2019-09-16,2019091601006210,NIB,7,32,19,430.00,"8,170.00"
2019-09-16,2019091601006207,NIB,38,47,99,430.00,"42,570.00"
2019-09-16,2019091601006206,NIB,32,47,16,430.00,"6,880.00"
2019-09-16,2019091601006169,NIB,32,34,150,430.00,"64,500.00"
2019-09-16,2019091601006138,NIB,26,14,50,431.00,"21,550.00"
2019-09-16,2019091601006113,NIB,22,14,100,431.00,"43,100.00"
2019-09-16,2019091601006308,NIB,17,6,10,429.00,"4,290.00"
2019-09-16,2019091601006248,NIB,38,32,40,430.00,"17,200.00"
2019-09-16,2019091601006229,NIB,10,32,140,430.00,"60,200.00"
2019-09-16,2019091601006225,NIB,10,47,44,430.00,"18,920.00"
2019-09-16,2019091601006212,NIB,10,32,116,430.00,"49,880.00"
2019-09-16,2019091601006211,NIB,20,32,100,430.00,"43,000.00"
2019-09-16,2019091601006483,NIBPO,52,56,67,407.00,"27,269.00"
2019-09-16,2019091601006546,NICA,18,11,56,378.00,"21,168.00"
2019-09-16,2019091601006261,NICA,46,11,11,378.00,"4,158.00"
2019-09-16,2019091601006260,NICA,46,32,42,377.00,"15,834.00"
2019-09-16,2019091601006247,NICA,38,32,458,377.00,"172,666.00"
2019-09-16,2019091601006401,NICL,52,6,50,258.00,"12,900.00"
2019-09-16,2019091601006535,NIL,32,51,100,356.00,"35,600.00"
2019-09-16,2019091601006475,NIL,57,6,10,355.00,"3,550.00"
2019-09-16,2019091601006137,NIL,57,28,30,355.00,"10,650.00"
2019-09-16,2019091601006464,NLG,45,26,20,550.00,"11,000.00"
2019-09-16,2019091601006463,NLG,44,26,100,550.00,"55,000.00"
2019-09-16,2019091601006499,NLIC,53,6,43,755.00,"32,465.00"
2019-09-16,2019091601006498,NLIC,35,6,50,756.00,"37,800.00"
2019-09-16,2019091601006497,NLIC,21,6,30,757.00,"22,710.00"
2019-09-16,2019091601006326,NLIC,34,33,48,755.00,"36,240.00"
2019-09-16,2019091601006325,NLIC,1,33,20,755.00,"15,100.00"
2019-09-16,2019091601006324,NLIC,20,33,50,755.00,"37,750.00"
2019-09-16,2019091601006080,NLIC,36,25,22,758.00,"16,676.00"
2019-09-16,2019091601006079,NLIC,36,25,22,758.00,"16,676.00"
2019-09-16,2019091601006078,NLIC,36,25,22,758.00,"16,676.00"
2019-09-16,2019091601006077,NLIC,36,25,22,758.00,"16,676.00"
2019-09-16,2019091601006323,NLIC,41,33,50,755.00,"37,750.00"
2019-09-16,2019091601006322,NLIC,48,33,10,756.00,"7,560.00"
2019-09-16,2019091601006321,NLIC,58,33,22,756.00,"16,632.00"
2019-09-16,2019091601006124,NLIC,58,34,178,756.00,"134,568.00"
2019-09-16,2019091601006123,NLIC,5,34,10,756.00,"7,560.00"
2019-09-16,2019091601006122,NLIC,36,34,12,758.00,"9,096.00"
2019-09-16,2019091601006514,NLICL,34,6,27,464.00,"12,528.00"
2019-09-16,2019091601006364,NSEWA,14,14,145,385.00,"55,825.00"
2019-09-16,2019091601006363,NSEWA,45,14,20,385.00,"7,700.00"
2019-09-16,2019091601006362,NSEWA,34,14,10,390.00,"3,900.00"
2019-09-16,2019091601006361,NSEWA,6,14,25,392.00,"9,800.00"
2019-09-16,2019091601006221,NTC,44,7,380,612.00,"232,560.00"
2019-09-16,2019091601006209,NTC,55,7,10,612.00,"6,120.00"
2019-09-16,2019091601006208,NTC,44,7,110,612.00,"67,320.00"
2019-09-16,2019091601006159,NTC,44,7,190,612.00,"116,280.00"
2019-09-16,2019091601006152,NTC,7,7,200,613.00,"122,600.00"
2019-09-16,2019091601006151,NTC,26,7,100,613.00,"61,300.00"
2019-09-16,2019091601006150,NTC,6,7,15,613.00,"9,195.00"
2019-09-16,2019091601006149,NTC,5,7,20,614.00,"12,280.00"
2019-09-16,2019091601006158,NTC,35,7,20,612.00,"12,240.00"
2019-09-16,2019091601006157,NTC,41,7,20,612.00,"12,240.00"
2019-09-16,2019091601006156,NTC,52,7,10,612.00,"6,120.00"
2019-09-16,2019091601006155,NTC,34,7,25,612.00,"15,300.00"
2019-09-16,2019091601006154,NTC,45,7,200,613.00,"122,600.00"
2019-09-16,2019091601006153,NTC,17,7,200,613.00,"122,600.00"
2019-09-16,2019091601006479,NUBL,49,48,"1,110",837.00,"929,070.00"
2019-09-16,2019091601006214,NUBL,49,28,50,837.00,"41,850.00"
2019-09-16,2019091601006069,NUBL,49,25,240,837.00,"200,880.00"
2019-09-16,2019091601006068,NUBL,58,25,100,838.00,"83,800.00"
2019-09-16,2019091601006067,NUBL,33,25,10,838.00,"8,380.00"
2019-09-16,2019091601006383,PFL,48,22,400,131.00,"52,400.00"
2019-09-16,2019091601006382,PFL,57,22,50,131.00,"6,550.00"
2019-09-16,2019091601006333,PFL,56,52,24,132.00,"3,168.00"
2019-09-16,2019091601006461,PIC,41,32,75,365.00,"27,375.00"
2019-09-16,2019091601006460,PIC,42,32,32,365.00,"11,680.00"
2019-09-16,2019091601006459,PIC,14,32,100,365.00,"36,500.00"
2019-09-16,2019091601006458,PIC,19,32,45,365.00,"16,425.00"
2019-09-16,2019091601006227,PLIC,20,42,10,359.00,"3,590.00"
2019-09-16,2019091601006213,PLIC,20,42,50,359.00,"17,950.00"
2019-09-16,2019091601006518,PPCL,29,32,10,93.00,930.00
2019-09-16,2019091601006328,PPCL,17,17,30,94.00,"2,820.00"
2019-09-16,2019091601006296,PRIN,32,10,200,290.00,"58,000.00"
2019-09-16,2019091601006295,PRIN,45,10,100,290.00,"29,000.00"
2019-09-16,2019091601006294,PRIN,57,10,100,290.00,"29,000.00"
2019-09-16,2019091601006293,PRIN,53,10,100,290.00,"29,000.00"
2019-09-16,2019091601006292,PRIN,20,10,100,291.00,"29,100.00"
2019-09-16,2019091601006291,PRIN,48,10,50,291.00,"14,550.00"
2019-09-16,2019091601006290,PRIN,32,10,500,291.00,"145,500.00"
2019-09-16,2019091601006173,PRIN,32,32,485,292.00,"141,620.00"
2019-09-16,2019091601006526,PRVU,38,6,765,255.00,"195,075.00"
2019-09-16,2019091601006525,PRVU,32,6,244,255.00,"62,220.00"
2019-09-16,2019091601006457,PRVU,52,34,89,256.00,"22,784.00"
2019-09-16,2019091601006456,PRVU,52,46,11,256.00,"2,816.00"
2019-09-16,2019091601006305,PRVU,32,41,80,255.00,"20,400.00"
2019-09-16,2019091601006239,PRVU,17,45,140,255.00,"35,700.00"
2019-09-16,2019091601006238,PRVU,1,45,860,256.00,"220,160.00"
2019-09-16,2019091601006223,PRVU,1,57,40,256.00,"10,240.00"
2019-09-16,2019091601006174,PRVU,1,45,100,256.00,"25,600.00"
2019-09-16,2019091601006065,PRVU,46,8,12,257.00,"3,084.00"
2019-09-16,2019091601006513,RADHI,53,32,11,128.00,"1,408.00"
2019-09-16,2019091601006318,RADHI,53,26,11,128.00,"1,408.00"
2019-09-16,2019091601006536,RBCL,41,41,20,"8,600.00","172,000.00"
2019-09-16,2019091601006517,RHPC,1,6,10,78.00,780.00
2019-09-16,2019091601006313,RHPC,4,6,10,78.00,780.00
2019-09-16,2019091601006533,RHPL,44,39,30,154.00,"4,620.00"
2019-09-16,2019091601006519,RHPL,44,39,10,154.00,"1,540.00"
2019-09-16,2019091601006477,RHPL,44,39,30,154.00,"4,620.00"
2019-09-16,2019091601006454,RHPL,44,39,30,154.00,"4,620.00"
2019-09-16,2019091601006405,RHPL,59,39,30,153.00,"4,590.00"
2019-09-16,2019091601006374,RHPL,59,39,30,153.00,"4,590.00"
2019-09-16,2019091601006107,RHPL,44,46,40,154.00,"6,160.00"
2019-09-16,2019091601006106,RHPL,44,51,40,154.00,"6,160.00"
2019-09-16,2019091601006105,RHPL,44,51,40,154.00,"6,160.00"
2019-09-16,2019091601006082,RHPL,44,16,30,153.00,"4,590.00"
2019-09-16,2019091601006074,RHPL,44,39,30,153.00,"4,590.00"
2019-09-16,2019091601006120,RHPL,34,39,30,153.00,"4,590.00"
2019-09-16,2019091601006117,RHPL,34,17,50,153.00,"7,650.00"
2019-09-16,2019091601006115,RHPL,34,16,20,153.00,"3,060.00"
2019-09-16,2019091601006110,RHPL,44,46,30,154.00,"4,620.00"
2019-09-16,2019091601006109,RHPL,44,4,40,154.00,"6,160.00"
2019-09-16,2019091601006108,RHPL,44,51,40,154.00,"6,160.00"
2019-09-16,2019091601006277,RHPL,59,39,30,153.00,"4,590.00"
2019-09-16,2019091601006269,RHPL,59,51,20,153.00,"3,060.00"
2019-09-16,2019091601006255,RHPL,59,39,30,153.00,"4,590.00"
2019-09-16,2019091601006226,RHPL,59,39,30,153.00,"4,590.00"
2019-09-16,2019091601006182,RHPL,59,39,30,153.00,"4,590.00"
2019-09-16,2019091601006175,RHPL,59,16,20,153.00,"3,060.00"
2019-09-16,2019091601006342,RHPL,46,46,10,154.00,"1,540.00"
2019-09-16,2019091601006341,RHPL,59,39,30,153.00,"4,590.00"
2019-09-16,2019091601006329,RHPL,59,51,20,153.00,"3,060.00"
2019-09-16,2019091601006320,RHPL,59,46,40,153.00,"6,120.00"
2019-09-16,2019091601006319,RHPL,59,39,30,153.00,"4,590.00"
2019-09-16,2019091601006306,RHPL,59,39,30,153.00,"4,590.00"
2019-09-16,2019091601006370,RHPL,46,21,910,155.00,"141,050.00"
2019-09-16,2019091601006351,RHPL,59,51,20,153.00,"3,060.00"
2019-09-16,2019091601006346,RHPL,46,51,40,154.00,"6,160.00"
2019-09-16,2019091601006345,RHPL,46,21,"1,000",154.00,"154,000.00"
2019-09-16,2019091601006344,RHPL,46,51,40,154.00,"6,160.00"
2019-09-16,2019091601006343,RHPL,46,51,40,154.00,"6,160.00"
2019-09-16,2019091601006481,RRHP,47,32,10,103.00,"1,030.00"
2019-09-16,2019091601006386,RRHP,17,17,10,104.00,"1,040.00"
2019-09-16,2019091601006259,RSDC,14,58,56,321.00,"17,976.00"
2019-09-16,2019091601006228,RSDC,44,35,65,321.00,"20,865.00"
2019-09-16,2019091601006482,SABSL,25,43,200,460.00,"92,000.00"
2019-09-16,2019091601006299,SABSL,25,48,10,461.00,"4,610.00"
2019-09-16,2019091601006258,SABSL,52,46,10,459.00,"4,590.00"
2019-09-16,2019091601006218,SABSL,52,28,10,459.00,"4,590.00"
2019-09-16,2019091601006217,SABSL,42,28,20,460.00,"9,200.00"
2019-09-16,2019091601006216,SABSL,21,28,60,460.00,"27,600.00"
2019-09-16,2019091601006085,SABSL,25,38,10,463.00,"4,630.00"
2019-09-16,2019091601006215,SABSL,48,28,20,461.00,"9,220.00"
2019-09-16,2019091601006168,SABSL,21,46,10,460.00,"4,600.00"
2019-09-16,2019091601006089,SABSL,25,38,10,468.00,"4,680.00"
2019-09-16,2019091601006088,SABSL,25,8,10,468.00,"4,680.00"
2019-09-16,2019091601006087,SABSL,25,58,10,467.00,"4,670.00"
2019-09-16,2019091601006086,SABSL,25,55,10,465.00,"4,650.00"
2019-09-16,2019091601006392,SADBL,47,34,66,139.00,"9,174.00"
2019-09-16,2019091601006220,SADBL,47,58,14,139.00,"1,946.00"
2019-09-16,2019091601006473,SAEF,26,26,100,8.56,856.00
2019-09-16,2019091601006500,SANIMA,49,45,100,346.00,"34,600.00"
2019-09-16,2019091601006281,SANIMA,7,16,892,345.00,"307,740.00"
2019-09-16,2019091601006280,SANIMA,35,16,20,345.00,"6,900.00"
2019-09-16,2019091601006056,SBI,25,57,100,410.00,"41,000.00"
2019-09-16,2019091601006055,SBI,37,57,50,410.00,"20,500.00"
2019-09-16,2019091601006054,SBI,48,57,500,410.00,"205,000.00"
2019-09-16,2019091601006053,SBI,19,57,50,411.00,"20,550.00"
2019-09-16,2019091601006052,SBI,57,57,100,411.00,"41,100.00"
2019-09-16,2019091601006051,SBI,52,57,25,411.00,"10,275.00"
2019-09-16,2019091601006240,SBL,1,13,300,305.00,"91,500.00"
2019-09-16,2019091601006224,SBL,58,13,500,305.00,"152,500.00"
2019-09-16,2019091601006081,SBL,25,43,272,305.00,"82,960.00"
2019-09-16,2019091601006060,SBL,29,43,500,305.00,"152,500.00"
2019-09-16,2019091601006059,SBL,11,43,300,305.00,"91,500.00"
2019-09-16,2019091601006058,SBL,16,43,50,305.00,"15,250.00"
2019-09-16,2019091601006057,SBL,36,43,100,305.00,"30,500.00"
2019-09-16,2019091601006201,SCB,36,42,50,555.00,"27,750.00"
2019-09-16,2019091601006385,SFFIL,6,17,10,250.00,"2,500.00"
2019-09-16,2019091601006384,SFFIL,45,17,250,250.00,"62,500.00"
2019-09-16,2019091601006425,SHIVM,35,39,10,497.00,"4,970.00"
2019-09-16,2019091601006424,SHIVM,25,39,170,497.00,"84,490.00"
2019-09-16,2019091601006349,SHIVM,25,50,30,497.00,"14,910.00"
2019-09-16,2019091601006348,SHIVM,49,50,100,497.00,"49,700.00"
2019-09-16,2019091601006347,SHIVM,45,50,870,497.00,"432,390.00"
2019-09-16,2019091601006334,SHIVM,45,28,130,497.00,"64,610.00"
2019-09-16,2019091601006171,SHL,39,43,100,212.00,"21,200.00"
2019-09-16,2019091601006135,SHL,39,43,"8,300",212.00,"1,759,600.00"
2019-09-16,2019091601006134,SHL,56,43,100,212.00,"21,200.00"
2019-09-16,2019091601006133,SHL,21,43,100,213.00,"21,300.00"
2019-09-16,2019091601006132,SHL,57,43,100,213.00,"21,300.00"
2019-09-16,2019091601006131,SHL,51,43,500,213.00,"106,500.00"
2019-09-16,2019091601006093,SHL,51,43,300,213.00,"63,900.00"
2019-09-16,2019091601006092,SHL,39,43,200,214.00,"42,800.00"
2019-09-16,2019091601006091,SHL,33,43,100,215.00,"21,500.00"
2019-09-16,2019091601006531,SHPC,45,37,39,195.00,"7,605.00"
2019-09-16,2019091601006380,SHPC,45,56,10,195.00,"1,950.00"
2019-09-16,2019091601006222,SHPC,45,58,41,195.00,"7,995.00"
2019-09-16,2019091601006126,SHPC,45,34,500,195.00,"97,500.00"
2019-09-16,2019091601006381,SICL,44,5,500,706.00,"353,000.00"
2019-09-16,2019091601006275,SICL,44,16,716,706.00,"505,496.00"
2019-09-16,2019091601006274,SICL,34,16,100,706.00,"70,600.00"
2019-09-16,2019091601006273,SICL,45,16,10,707.00,"7,070.00"
2019-09-16,2019091601006272,SICL,5,16,100,708.00,"70,800.00"
2019-09-16,2019091601006271,SICL,28,16,75,710.00,"53,250.00"
2019-09-16,2019091601006243,SICL,28,21,10,710.00,"7,100.00"
2019-09-16,2019091601006544,SJCL,42,47,20,164.00,"3,280.00"
2019-09-16,2019091601006541,SJCL,42,39,20,164.00,"3,280.00"
2019-09-16,2019091601006496,SJCL,13,39,20,164.00,"3,280.00"
2019-09-16,2019091601006465,SJCL,13,39,20,164.00,"3,280.00"
2019-09-16,2019091601006130,SJCL,44,17,20,164.00,"3,280.00"
2019-09-16,2019091601006119,SJCL,44,16,20,164.00,"3,280.00"
2019-09-16,2019091601006098,SJCL,44,51,20,164.00,"3,280.00"
2019-09-16,2019091601006096,SJCL,44,39,20,164.00,"3,280.00"
2019-09-16,2019091601006095,SJCL,44,16,20,164.00,"3,280.00"
2019-09-16,2019091601006064,SJCL,44,16,20,164.00,"3,280.00"
2019-09-16,2019091601006233,SJCL,44,39,20,164.00,"3,280.00"
2019-09-16,2019091601006230,SJCL,44,28,20,164.00,"3,280.00"
2019-09-16,2019091601006205,SJCL,44,39,20,164.00,"3,280.00"
2019-09-16,2019091601006185,SJCL,44,16,10,164.00,"1,640.00"
2019-09-16,2019091601006160,SJCL,44,39,20,164.00,"3,280.00"
2019-09-16,2019091601006309,SJCL,13,39,20,164.00,"3,280.00"
2019-09-16,2019091601006297,SJCL,13,39,20,164.00,"3,280.00"
2019-09-16,2019091601006265,SJCL,44,39,20,164.00,"3,280.00"
2019-09-16,2019091601006257,SJCL,44,51,10,164.00,"1,640.00"
2019-09-16,2019091601006242,SJCL,44,13,20,164.00,"3,280.00"
2019-09-16,2019091601006387,SJCL,13,39,20,164.00,"3,280.00"
2019-09-16,2019091601006371,SJCL,13,51,20,164.00,"3,280.00"
2019-09-16,2019091601006369,SJCL,13,51,10,164.00,"1,640.00"
2019-09-16,2019091601006366,SJCL,13,39,20,164.00,"3,280.00"
2019-09-16,2019091601006331,SJCL,13,39,20,164.00,"3,280.00"
2019-09-16,2019091601006317,SJCL,13,51,10,164.00,"1,640.00"
2019-09-16,2019091601006433,SJCL,46,51,20,165.00,"3,300.00"
2019-09-16,2019091601006432,SJCL,46,51,20,165.00,"3,300.00"
2019-09-16,2019091601006431,SJCL,46,51,20,165.00,"3,300.00"
2019-09-16,2019091601006430,SJCL,46,51,20,165.00,"3,300.00"
2019-09-16,2019091601006429,SJCL,46,39,10,165.00,"1,650.00"
2019-09-16,2019091601006412,SJCL,13,39,20,164.00,"3,280.00"
2019-09-16,2019091601006439,SJCL,46,51,20,165.00,"3,300.00"
2019-09-16,2019091601006438,SJCL,46,51,20,165.00,"3,300.00"
2019-09-16,2019091601006437,SJCL,46,25,10,165.00,"1,650.00"
2019-09-16,2019091601006436,SJCL,46,25,20,165.00,"3,300.00"
2019-09-16,2019091601006435,SJCL,46,51,20,165.00,"3,300.00"
2019-09-16,2019091601006434,SJCL,46,25,20,165.00,"3,300.00"
2019-09-16,2019091601006445,SJCL,46,29,10,166.00,"1,660.00"
2019-09-16,2019091601006444,SJCL,46,51,20,165.00,"3,300.00"
2019-09-16,2019091601006443,SJCL,46,51,20,165.00,"3,300.00"
2019-09-16,2019091601006442,SJCL,46,51,20,165.00,"3,300.00"
2019-09-16,2019091601006441,SJCL,46,46,20,165.00,"3,300.00"
2019-09-16,2019091601006440,SJCL,46,46,20,165.00,"3,300.00"
2019-09-16,2019091601006450,SJCL,46,51,20,166.00,"3,320.00"
2019-09-16,2019091601006449,SJCL,46,51,20,166.00,"3,320.00"
2019-09-16,2019091601006448,SJCL,46,51,20,166.00,"3,320.00"
2019-09-16,2019091601006447,SJCL,46,51,20,166.00,"3,320.00"
2019-09-16,2019091601006446,SJCL,46,39,20,166.00,"3,320.00"
2019-09-16,2019091601006527,SKBBL,6,57,100,897.00,"89,700.00"
2019-09-16,2019091601006476,SKBBL,5,4,15,900.00,"13,500.00"
2019-09-16,2019091601006414,SMATA,42,16,50,"1,245.00","62,250.00"
2019-09-16,2019091601006422,SPARS,17,17,10,533.00,"5,330.00"
2019-09-16,2019091601006184,SRBL,50,40,300,222.00,"66,600.00"
2019-09-16,2019091601006183,SRBL,50,40,383,222.00,"85,026.00"
2019-09-16,2019091601006164,SRBL,25,40,10,223.00,"2,230.00"
2019-09-16,2019091601006163,SRBL,50,43,117,222.00,"25,974.00"
2019-09-16,2019091601006162,SRBL,44,43,650,222.00,"144,300.00"
2019-09-16,2019091601006161,SRBL,56,43,500,222.00,"111,000.00"
2019-09-16,2019091601006061,SRBL,41,1,79,223.00,"17,617.00"
2019-09-16,2019091601006355,SWBBL,37,42,245,890.00,"218,050.00"
2019-09-16,2019091601006474,UMHL,22,32,33,100.00,"3,300.00"
2019-09-16,2019091601006478,UNHPL,17,17,50,51.00,"2,550.00"
2019-09-16,2019091601006262,UNHPL,29,28,50,50.00,"2,500.00"
2019-09-16,2019091601006523,UPCL,17,17,100,75.00,"7,500.00"
2019-09-16,2019091601006480,UPCL,35,55,50,75.00,"3,750.00"
2019-09-16,2019091601006404,UPPER,46,50,200,232.00,"46,400.00"
2019-09-16,2019091601006403,UPPER,46,50,"1,000",232.00,"232,000.00"
2019-09-16,2019091601006402,UPPER,46,28,20,231.00,"4,620.00"
2019-09-16,2019091601006276,UPPER,50,28,30,231.00,"6,930.00"
2019-09-16,2019091601006070,UPPER,50,8,40,231.00,"9,240.00"
2019-09-16,2019091601006063,UPPER,50,4,30,231.00,"6,930.00"
2019-09-16,2019091601006062,UPPER,39,4,270,231.00,"62,370.00"
2019-09-16,2019091601005934,ADBL,47,58,90,408.00,"36,720.00"
2019-09-16,2019091601005933,ADBL,34,58,50,408.00,"20,400.00"
2019-09-16,2019091601005932,ADBL,48,58,40,408.00,"16,320.00"
2019-09-16,2019091601005931,ADBL,57,58,20,408.00,"8,160.00"
2019-09-16,2019091601005882,ADBL,48,41,50,409.00,"20,450.00"
2019-09-16,2019091601005881,ADBL,14,41,100,409.00,"40,900.00"
2019-09-16,2019091601005880,ADBL,37,41,100,409.00,"40,900.00"
2019-09-16,2019091601005879,ADBL,44,41,20,409.00,"8,180.00"
2019-09-16,2019091601005878,ADBL,45,41,12,409.00,"4,908.00"
2019-09-16,2019091601005996,AKBSL,25,13,10,412.00,"4,120.00"
2019-09-16,2019091601005927,AKBSL,25,52,10,412.00,"4,120.00"
2019-09-16,2019091601005908,AKBSL,25,56,10,414.00,"4,140.00"
2019-09-16,2019091601005901,AKBSL,16,16,10,413.00,"4,130.00"
2019-09-16,2019091601005900,AKBSL,16,16,10,413.00,"4,130.00"
2019-09-16,2019091601005899,AKBSL,16,16,10,413.00,"4,130.00"
2019-09-16,2019091601005828,AKBSL,33,22,10,411.00,"4,110.00"
2019-09-16,2019091601005729,AKBSL,33,22,10,411.00,"4,110.00"
2019-09-16,2019091601005592,AKBSL,33,21,10,411.00,"4,110.00"
2019-09-16,2019091601005556,AKBSL,33,41,10,411.00,"4,110.00"
2019-09-16,2019091601005827,AKPL,41,21,20,132.00,"2,640.00"
2019-09-16,2019091601005781,AKPL,41,22,13,132.00,"1,716.00"
2019-09-16,2019091601005745,AKPL,41,42,267,133.00,"35,511.00"
2019-09-16,2019091601005599,AKPL,41,21,20,132.00,"2,640.00"
2019-09-16,2019091601005818,ALBSL,41,58,10,419.00,"4,190.00"
2019-09-16,2019091601005751,ALBSL,41,22,10,419.00,"4,190.00"
2019-09-16,2019091601005997,ALICL,41,51,100,308.00,"30,800.00"
2019-09-16,2019091601005758,ALICL,45,46,400,306.00,"122,400.00"
2019-09-16,2019091601005598,ALICL,21,59,200,307.00,"61,400.00"
2019-09-16,2019091601005597,ALICL,44,59,340,307.00,"104,380.00"
2019-09-16,2019091601005567,ALICL,44,34,100,307.00,"30,700.00"
2019-09-16,2019091601006032,API,42,57,200,108.00,"21,600.00"
2019-09-16,2019091601006031,API,16,57,234,108.00,"25,272.00"
2019-09-16,2019091601006022,API,16,42,29,108.00,"3,132.00"
2019-09-16,2019091601005960,API,16,7,537,108.00,"57,996.00"
2019-09-16,2019091601005959,API,34,7,478,108.00,"51,624.00"
2019-09-16,2019091601005838,API,34,22,11,108.00,"1,188.00"
2019-09-16,2019091601005681,API,13,7,85,109.00,"9,265.00"
2019-09-16,2019091601005910,BOKL,14,14,470,251.00,"117,970.00"
2019-09-16,2019091601005909,BOKL,35,14,160,251.00,"40,160.00"
2019-09-16,2019091601005591,BOKL,7,26,299,250.00,"74,750.00"
2019-09-16,2019091601005590,BOKL,42,26,212,250.00,"53,000.00"
2019-09-16,2019091601005589,BOKL,48,26,200,251.00,"50,200.00"
2019-09-16,2019091601005588,BOKL,11,26,200,251.00,"50,200.00"
2019-09-16,2019091601005587,BOKL,14,26,89,251.00,"22,339.00"
2019-09-16,2019091601005846,BPCL,52,22,11,358.00,"3,938.00"
2019-09-16,2019091601006026,CBL,44,28,50,141.00,"7,050.00"
2019-09-16,2019091601006013,CBL,44,37,120,141.00,"16,920.00"
2019-09-16,2019091601006012,CBL,44,51,306,141.00,"43,146.00"
2019-09-16,2019091601006011,CBL,44,51,306,141.00,"43,146.00"
2019-09-16,2019091601006010,CBL,44,51,306,141.00,"43,146.00"
2019-09-16,2019091601005992,CBL,32,51,26,141.00,"3,666.00"
2019-09-16,2019091601005738,CBL,56,11,900,141.00,"126,900.00"
2019-09-16,2019091601005737,CBL,10,11,"1,000",141.00,"141,000.00"
2019-09-16,2019091601005736,CBL,1,11,500,141.00,"70,500.00"
2019-09-16,2019091601005735,CBL,21,11,100,141.00,"14,100.00"
2019-09-16,2019091601005734,CBL,39,11,100,141.00,"14,100.00"
2019-09-16,2019091601005733,CBL,57,11,100,141.00,"14,100.00"
2019-09-16,2019091601005788,CBL,29,51,280,141.00,"39,480.00"
2019-09-16,2019091601005743,CBL,29,11,220,141.00,"31,020.00"
2019-09-16,2019091601005742,CBL,42,11,"1,000",141.00,"141,000.00"
2019-09-16,2019091601005741,CBL,14,11,500,141.00,"70,500.00"
2019-09-16,2019091601005740,CBL,26,11,80,141.00,"11,280.00"
2019-09-16,2019091601005739,CBL,26,11,500,141.00,"70,500.00"
2019-09-16,2019091601005985,CCBL,49,45,500,156.00,"78,000.00"
2019-09-16,2019091601005944,CCBL,49,38,"1,000",156.00,"156,000.00"
2019-09-16,2019091601005837,CCBL,49,21,931,155.00,"144,305.00"
2019-09-16,2019091601005791,CCBL,49,22,16,155.00,"2,480.00"
2019-09-16,2019091601005621,CCBL,49,21,931,155.00,"144,305.00"
2019-09-16,2019091601005845,CFCL,41,21,23,109.00,"2,507.00"
2019-09-16,2019091601005645,CFCL,41,21,23,109.00,"2,507.00"
2019-09-16,2019091601005721,CHCL,34,55,106,424.00,"44,944.00"
2019-09-16,2019091601005694,CIT,48,56,45,"1,765.00","79,425.00"
2019-09-16,2019091601005658,CIT,25,56,55,"1,750.00","96,250.00"
2019-09-16,2019091601005657,CIT,49,56,50,"1,751.00","87,550.00"
2019-09-16,2019091601005656,CIT,35,56,20,"1,751.00","35,020.00"
2019-09-16,2019091601005655,CIT,13,56,10,"1,751.00","17,510.00"
2019-09-16,2019091601005654,CIT,38,56,30,"1,751.00","52,530.00"
2019-09-16,2019091601005647,CIT,49,56,10,"1,765.00","17,650.00"
2019-09-16,2019091601005653,CIT,8,56,10,"1,752.00","17,520.00"
2019-09-16,2019091601005652,CIT,8,56,10,"1,752.00","17,520.00"
2019-09-16,2019091601005651,CIT,14,56,10,"1,755.00","17,550.00"
2019-09-16,2019091601005650,CIT,19,56,10,"1,755.00","17,550.00"
2019-09-16,2019091601005649,CIT,10,56,15,"1,760.00","26,400.00"
2019-09-16,2019091601005648,CIT,6,56,20,"1,760.00","35,200.00"
2019-09-16,2019091601006008,CLBSL,49,52,30,487.00,"14,610.00"
2019-09-16,2019091601006007,CLBSL,7,52,11,487.00,"5,357.00"
2019-09-16,2019091601005913,CZBIL,35,32,16,216.00,"3,456.00"
2019-09-16,2019091601005912,CZBIL,35,32,100,216.00,"21,600.00"
2019-09-16,2019091601005911,CZBIL,35,32,14,216.00,"3,024.00"
2019-09-16,2019091601005898,CZBIL,35,32,36,216.00,"7,776.00"
2019-09-16,2019091601005897,CZBIL,8,32,200,216.00,"43,200.00"
2019-09-16,2019091601005896,CZBIL,29,32,460,216.00,"99,360.00"
2019-09-16,2019091601005857,CZBIL,51,45,100,216.00,"21,600.00"
2019-09-16,2019091601005856,CZBIL,58,45,500,216.00,"108,000.00"
2019-09-16,2019091601005855,CZBIL,51,45,273,216.00,"58,968.00"
2019-09-16,2019091601005683,CZBIL,51,4,500,216.00,"108,000.00"
2019-09-16,2019091601005593,CZBIL,51,47,397,216.00,"85,752.00"
2019-09-16,2019091601005863,CZBIL,51,45,250,216.00,"54,000.00"
2019-09-16,2019091601005862,CZBIL,25,45,66,216.00,"14,256.00"
2019-09-16,2019091601005861,CZBIL,32,45,150,216.00,"32,400.00"
2019-09-16,2019091601005860,CZBIL,42,45,"4,000",216.00,"864,000.00"
2019-09-16,2019091601005859,CZBIL,39,45,"1,000",216.00,"216,000.00"
2019-09-16,2019091601005858,CZBIL,52,45,500,216.00,"108,000.00"
2019-09-16,2019091601005895,CZBIL,38,32,46,216.00,"9,936.00"
2019-09-16,2019091601005894,CZBIL,13,32,"1,000",216.00,"216,000.00"
2019-09-16,2019091601005893,CZBIL,51,32,258,216.00,"55,728.00"
2019-09-16,2019091601005866,CZBIL,51,45,42,216.00,"9,072.00"
2019-09-16,2019091601005865,CZBIL,54,45,200,216.00,"43,200.00"
2019-09-16,2019091601005864,CZBIL,45,45,35,216.00,"7,560.00"
2019-09-16,2019091601005749,DBBL,19,38,347,126.00,"43,722.00"
2019-09-16,2019091601005748,DBBL,59,38,100,126.00,"12,600.00"
2019-09-16,2019091601005747,DBBL,54,38,500,126.00,"63,000.00"
2019-09-16,2019091601005746,DBBL,28,38,"3,053",126.00,"384,678.00"
2019-09-16,2019091601005574,DDBL,47,20,35,716.00,"25,060.00"
2019-09-16,2019091601005550,DDBL,47,26,60,715.00,"42,900.00"
2019-09-16,2019091601005874,FOWAD,19,46,49,"1,234.00","60,466.00"
2019-09-16,2019091601005951,GBBL,40,34,30,206.00,"6,180.00"
2019-09-16,2019091601005950,GBBL,42,34,100,206.00,"20,600.00"
2019-09-16,2019091601005949,GBBL,39,34,500,206.00,"103,000.00"
2019-09-16,2019091601005948,GBBL,44,34,100,206.00,"20,600.00"
2019-09-16,2019091601005947,GBBL,48,34,270,206.00,"55,620.00"
2019-09-16,2019091601005853,GBBL,48,33,600,206.00,"123,600.00"
2019-09-16,2019091601006025,GBLBS,1,4,100,317.00,"31,700.00"
2019-09-16,2019091601006024,GBLBS,19,4,50,317.00,"15,850.00"
2019-09-16,2019091601006023,GBLBS,51,4,135,317.00,"42,795.00"
2019-09-16,2019091601005907,GBLBS,51,43,190,317.00,"60,230.00"
2019-09-16,2019091601005824,GBLBS,51,42,300,317.00,"95,100.00"
2019-09-16,2019091601005684,GBLBS,51,21,15,317.00,"4,755.00"
2019-09-16,2019091601005612,GBLBS,26,43,100,318.00,"31,800.00"
2019-09-16,2019091601005611,GBLBS,29,43,40,318.00,"12,720.00"
2019-09-16,2019091601005610,GBLBS,38,43,200,319.00,"63,800.00"
