Date,Transact. No.,Symbol,Buyer,Seller,Quantity,Rate,Amount
2019-03-19,2019031901002543,ADBL,34,46,134,298.00,"39,932.00"
2019-03-19,2019031901002542,ADBL,22,46,100,298.00,"29,800.00"
2019-03-19,2019031901002541,ADBL,38,46,200,298.00,"59,600.00"
2019-03-19,2019031901002169,ADBL,49,39,20,299.00,"5,980.00"
2019-03-19,2019031901002540,ADBL,29,46,16,298.00,"4,768.00"
2019-03-19,2019031901002423,ADBL,56,46,550,299.00,"164,450.00"
2019-03-19,2019031901002422,ADBL,56,19,450,299.00,"134,550.00"
2019-03-19,2019031901002268,AHPC,42,34,250,104.00,"26,000.00"
2019-03-19,2019031901002270,AKJCL,26,43,10,82.00,820.00
2019-03-19,2019031901002233,AKJCL,26,59,10,82.00,820.00
2019-03-19,2019031901002223,AKJCL,26,59,20,82.00,"1,640.00"
2019-03-19,2019031901002312,AKPL,28,37,647,170.00,"109,990.00"
2019-03-19,2019031901002283,AKPL,28,43,20,170.00,"3,400.00"
2019-03-19,2019031901002200,ALICL,14,32,50,398.00,"19,900.00"
2019-03-19,2019031901002104,ALICL,44,51,73,399.00,"29,127.00"
2019-03-19,2019031901002480,AMFI,42,40,10,660.00,"6,600.00"
2019-03-19,2019031901002453,AMFI,42,40,10,660.00,"6,600.00"
2019-03-19,2019031901002429,AMFI,58,40,10,660.00,"6,600.00"
2019-03-19,2019031901002412,AMFI,58,40,10,660.00,"6,600.00"
2019-03-19,2019031901002491,API,25,33,20,135.00,"2,700.00"
2019-03-19,2019031901002481,API,32,36,300,134.00,"40,200.00"
2019-03-19,2019031901002289,API,19,43,40,132.00,"5,280.00"
2019-03-19,2019031901002288,API,58,43,100,133.00,"13,300.00"
2019-03-19,2019031901002443,API,25,36,25,134.00,"3,350.00"
2019-03-19,2019031901002291,API,51,43,14,132.00,"1,848.00"
2019-03-19,2019031901002290,API,29,43,100,132.00,"13,200.00"
2019-03-19,2019031901002254,BARUN,56,44,17,95.00,"1,615.00"
2019-03-19,2019031901002253,BARUN,43,44,470,95.00,"44,650.00"
2019-03-19,2019031901002240,BARUN,43,44,530,95.00,"50,350.00"
2019-03-19,2019031901002497,BFC,21,25,30,94.00,"2,820.00"
2019-03-19,2019031901002306,BHBL,34,43,24,137.00,"3,288.00"
2019-03-19,2019031901002102,BHBL,34,4,24,137.00,"3,288.00"
2019-03-19,2019031901002101,BHBL,44,4,76,138.00,"10,488.00"
2019-03-19,2019031901002559,BOKL,11,46,86,246.00,"21,156.00"
2019-03-19,2019031901002558,BOKL,55,46,300,246.00,"73,800.00"
2019-03-19,2019031901002557,BOKL,48,46,114,246.00,"28,044.00"
2019-03-19,2019031901002352,BOKL,35,28,106,247.00,"26,182.00"
2019-03-19,2019031901002310,BOKL,48,43,86,246.00,"21,156.00"
2019-03-19,2019031901002309,BOKL,26,43,100,246.00,"24,600.00"
2019-03-19,2019031901002265,BOKL,58,28,200,247.00,"49,400.00"
2019-03-19,2019031901002225,BOKL,45,28,25,247.00,"6,175.00"
2019-03-19,2019031901002197,BOKL,8,55,150,247.00,"37,050.00"
2019-03-19,2019031901002189,BOKL,49,34,20,248.00,"4,960.00"
2019-03-19,2019031901002316,BPCL,48,43,10,355.00,"3,550.00"
2019-03-19,2019031901002247,BPCL,35,34,80,359.00,"28,720.00"
2019-03-19,2019031901002246,BPCL,35,34,100,359.00,"35,900.00"
2019-03-19,2019031901002245,BPCL,7,34,150,360.00,"54,000.00"
2019-03-19,2019031901002244,BPCL,25,34,70,360.00,"25,200.00"
2019-03-19,2019031901002376,CBBL,54,54,154,878.00,"135,212.00"
2019-03-19,2019031901002375,CBBL,33,54,185,878.00,"162,430.00"
2019-03-19,2019031901002427,CBL,14,48,295,155.00,"45,725.00"
2019-03-19,2019031901002426,CBL,14,44,"2,000",155.00,"310,000.00"
2019-03-19,2019031901002425,CBL,14,32,830,155.00,"128,650.00"
2019-03-19,2019031901002349,CBL,59,32,600,155.00,"93,000.00"
2019-03-19,2019031901002184,CBL,48,59,"1,010",154.00,"155,540.00"
2019-03-19,2019031901002159,CBL,7,32,200,155.00,"31,000.00"
2019-03-19,2019031901002551,CCBL,29,43,"1,000",162.00,"162,000.00"
2019-03-19,2019031901002473,CCBL,34,43,"1,000",161.00,"161,000.00"
2019-03-19,2019031901002161,CCBL,7,48,200,163.00,"32,600.00"
2019-03-19,2019031901002511,CFCL,34,41,250,107.00,"26,750.00"
2019-03-19,2019031901002510,CFCL,34,43,114,107.00,"12,198.00"
2019-03-19,2019031901002327,CFCL,1,43,124,106.00,"13,144.00"
2019-03-19,2019031901002569,CHCL,17,58,10,505.00,"5,050.00"
2019-03-19,2019031901002319,CHCL,42,11,46,504.00,"23,184.00"
2019-03-19,2019031901002318,CHCL,45,11,10,504.00,"5,040.00"
2019-03-19,2019031901002317,CHCL,41,11,77,504.00,"38,808.00"
2019-03-19,2019031901002256,CHCL,58,58,40,505.00,"20,200.00"
2019-03-19,2019031901002207,CHCL,41,56,23,504.00,"11,592.00"
2019-03-19,2019031901002206,CHCL,22,56,132,504.00,"66,528.00"
2019-03-19,2019031901002330,CHL,58,43,25,103.00,"2,575.00"
2019-03-19,2019031901002295,CHLBS,35,5,10,555.00,"5,550.00"
2019-03-19,2019031901002294,CHLBS,7,5,100,556.00,"55,600.00"
2019-03-19,2019031901002293,CHLBS,56,5,170,557.00,"94,690.00"
2019-03-19,2019031901002292,CHLBS,34,5,20,558.00,"11,160.00"
2019-03-19,2019031901002131,CHLBS,34,54,10,558.00,"5,580.00"
2019-03-19,2019031901002589,CIT,49,33,10,"2,690.00","26,900.00"
2019-03-19,2019031901002464,CIT,8,59,28,"2,670.00","74,760.00"
2019-03-19,2019031901002436,CIT,34,59,20,"2,670.00","53,400.00"
2019-03-19,2019031901002405,CIT,7,59,10,"2,670.00","26,700.00"
2019-03-19,2019031901002257,CIT,34,34,37,"2,670.00","98,790.00"
2019-03-19,2019031901002224,CIT,5,34,20,"2,670.00","53,400.00"
2019-03-19,2019031901002204,CIT,5,34,26,"2,670.00","69,420.00"
2019-03-19,2019031901002203,CIT,39,34,67,"2,670.00","178,890.00"
2019-03-19,2019031901002122,CIT,39,39,33,"2,675.00","88,275.00"
2019-03-19,2019031901002484,CZBIL,54,51,134,208.00,"27,872.00"
2019-03-19,2019031901002287,CZBIL,58,45,100,209.00,"20,900.00"
2019-03-19,2019031901002536,DBBL,57,49,157,126.00,"19,782.00"
2019-03-19,2019031901002215,DBBL,32,37,439,127.00,"55,753.00"
2019-03-19,2019031901002562,DDBL,19,37,43,587.00,"25,241.00"
2019-03-19,2019031901002450,DDBL,44,56,70,590.00,"41,300.00"
2019-03-19,2019031901002418,DDBL,19,37,90,587.00,"52,830.00"
2019-03-19,2019031901002417,DDBL,39,37,10,587.00,"5,870.00"
2019-03-19,2019031901002587,EBL,14,49,60,548.00,"32,880.00"
2019-03-19,2019031901002469,EBL,14,32,400,548.00,"219,200.00"
2019-03-19,2019031901002468,EBL,8,32,100,549.00,"54,900.00"
2019-03-19,2019031901002404,EBL,8,49,100,549.00,"54,900.00"
2019-03-19,2019031901002273,EIC,39,32,229,847.00,"193,963.00"
2019-03-19,2019031901002272,EIC,39,44,40,847.00,"33,880.00"
2019-03-19,2019031901002451,GBBL,56,52,100,189.00,"18,900.00"
2019-03-19,2019031901002187,GBBL,56,35,94,189.00,"17,766.00"
2019-03-19,2019031901002454,GBIME,46,1,99,264.00,"26,136.00"
2019-03-19,2019031901002411,GBIME,22,44,139,263.00,"36,557.00"
2019-03-19,2019031901002373,GBIME,29,44,200,264.00,"52,800.00"
2019-03-19,2019031901002351,GBIME,22,43,12,263.00,"3,156.00"
2019-03-19,2019031901002163,GBIME,34,44,400,264.00,"105,600.00"
2019-03-19,2019031901002160,GBIME,1,44,400,264.00,"105,600.00"
2019-03-19,2019031901002374,GBLBS,49,43,10,457.00,"4,570.00"
2019-03-19,2019031901002129,GBLBS,19,51,10,457.00,"4,570.00"
2019-03-19,2019031901002507,GDBL,1,39,500,186.00,"93,000.00"
2019-03-19,2019031901002506,GDBL,13,39,700,186.00,"130,200.00"
2019-03-19,2019031901002505,GDBL,51,39,100,186.00,"18,600.00"
2019-03-19,2019031901002504,GDBL,21,39,50,186.00,"9,300.00"
2019-03-19,2019031901002503,GDBL,56,39,35,187.00,"6,545.00"
2019-03-19,2019031901002232,GILB,44,41,19,"1,045.00","19,855.00"
2019-03-19,2019031901002556,GLICL,59,17,44,734.00,"32,296.00"
2019-03-19,2019031901002555,GLICL,51,17,200,734.00,"146,800.00"
2019-03-19,2019031901002554,GLICL,56,17,30,735.00,"22,050.00"
2019-03-19,2019031901002550,GLICL,29,40,10,740.00,"7,400.00"
2019-03-19,2019031901002538,GLICL,35,43,193,735.00,"141,855.00"
2019-03-19,2019031901002537,GLICL,5,43,289,735.00,"212,415.00"
2019-03-19,2019031901002135,GLICL,39,10,99,738.00,"73,062.00"
2019-03-19,2019031901002108,GLICL,28,56,40,736.00,"29,440.00"
2019-03-19,2019031901002202,GLICL,7,49,40,736.00,"29,440.00"
2019-03-19,2019031901002201,GLICL,28,49,110,736.00,"80,960.00"
2019-03-19,2019031901002190,GLICL,19,35,30,737.00,"22,110.00"
2019-03-19,2019031901002183,GLICL,28,35,10,737.00,"7,370.00"
2019-03-19,2019031901002154,GLICL,5,36,42,737.00,"30,954.00"
2019-03-19,2019031901002153,GLICL,3,36,50,737.00,"36,850.00"
2019-03-19,2019031901002275,GLICL,1,58,50,737.00,"36,850.00"
2019-03-19,2019031901002269,GLICL,19,58,250,737.00,"184,250.00"
2019-03-19,2019031901002260,GLICL,54,58,18,737.00,"13,266.00"
2019-03-19,2019031901002243,GLICL,39,13,140,738.00,"103,320.00"
2019-03-19,2019031901002242,GLICL,39,1,300,738.00,"221,400.00"
2019-03-19,2019031901002241,GLICL,39,35,60,737.00,"44,220.00"
2019-03-19,2019031901002385,GLICL,48,46,77,735.00,"56,595.00"
2019-03-19,2019031901002381,GLICL,48,46,65,735.00,"47,775.00"
2019-03-19,2019031901002368,GLICL,48,46,58,735.00,"42,630.00"
2019-03-19,2019031901002367,GLICL,49,46,50,735.00,"36,750.00"
2019-03-19,2019031901002346,GLICL,55,25,30,735.00,"22,050.00"
2019-03-19,2019031901002345,GLICL,7,25,50,736.00,"36,800.00"
2019-03-19,2019031901002493,GLICL,39,49,50,736.00,"36,800.00"
2019-03-19,2019031901002479,GLICL,39,49,100,736.00,"73,600.00"
2019-03-19,2019031901002392,GLICL,39,5,758,738.00,"559,404.00"
2019-03-19,2019031901002391,GLICL,39,13,360,738.00,"265,680.00"
2019-03-19,2019031901002390,GLICL,39,58,232,737.00,"170,984.00"
2019-03-19,2019031901002386,GLICL,35,46,11,735.00,"8,085.00"
2019-03-19,2019031901002521,GLICL,29,1,500,739.00,"369,500.00"
2019-03-19,2019031901002502,GLICL,5,49,100,735.00,"73,500.00"
2019-03-19,2019031901002501,GLICL,5,46,100,738.00,"73,800.00"
2019-03-19,2019031901002496,GLICL,5,49,111,735.00,"81,585.00"
2019-03-19,2019031901002495,GLICL,35,49,14,735.00,"10,290.00"
2019-03-19,2019031901002494,GLICL,35,49,25,736.00,"18,400.00"
2019-03-19,2019031901002393,GRDBL,59,43,50,104.00,"5,200.00"
2019-03-19,2019031901002526,GUFL,49,29,31,109.00,"3,379.00"
2019-03-19,2019031901002211,GUFL,57,34,"1,000",110.00,"110,000.00"
2019-03-19,2019031901002110,HBL,29,39,67,465.00,"31,155.00"
2019-03-19,2019031901002109,HBL,48,39,"1,000",466.00,"466,000.00"
2019-03-19,2019031901002461,HGI,7,14,122,382.00,"46,604.00"
2019-03-19,2019031901002460,HGI,7,37,78,381.00,"29,718.00"
2019-03-19,2019031901002585,IGI,56,29,10,419.00,"4,190.00"
2019-03-19,2019031901002414,JBBL,38,43,163,137.00,"22,331.00"
2019-03-19,2019031901002343,JBBL,38,58,262,137.00,"35,894.00"
2019-03-19,2019031901002324,JBBL,38,58,262,137.00,"35,894.00"
2019-03-19,2019031901002563,JBNL,49,34,100,172.00,"17,200.00"
2019-03-19,2019031901002528,JBNL,22,46,500,171.00,"85,500.00"
2019-03-19,2019031901002407,JBNL,22,25,500,171.00,"85,500.00"
2019-03-19,2019031901002217,JBNL,1,34,43,173.00,"7,439.00"
2019-03-19,2019031901002216,JBNL,1,38,37,173.00,"6,401.00"
2019-03-19,2019031901002157,KBBL,1,13,25,207.00,"5,175.00"
2019-03-19,2019031901002156,KBBL,1,14,"1,000",206.00,"206,000.00"
2019-03-19,2019031901002134,KBBL,35,14,100,205.00,"20,500.00"
2019-03-19,2019031901002133,KBBL,39,14,650,205.00,"133,250.00"
2019-03-19,2019031901002472,KBL,5,37,560,235.00,"131,600.00"
2019-03-19,2019031901002337,KBL,57,44,280,234.00,"65,520.00"
2019-03-19,2019031901002336,KBL,36,44,"1,520",234.00,"355,680.00"
2019-03-19,2019031901002271,KBL,49,37,10,235.00,"2,350.00"
2019-03-19,2019031901002267,KBL,49,37,30,235.00,"7,050.00"
2019-03-19,2019031901002264,KBL,36,44,480,234.00,"112,320.00"
2019-03-19,2019031901002263,KBL,56,44,500,234.00,"117,000.00"
2019-03-19,2019031901002262,KBL,14,44,154,234.00,"36,036.00"
2019-03-19,2019031901002261,KBL,8,44,116,234.00,"27,144.00"
2019-03-19,2019031901002547,KMCDB,22,7,430,808.00,"347,440.00"
2019-03-19,2019031901002546,KMCDB,56,7,20,810.00,"16,200.00"
2019-03-19,2019031901002545,KMCDB,13,7,50,811.00,"40,550.00"
2019-03-19,2019031901002535,KMCDB,48,7,500,815.00,"407,500.00"
2019-03-19,2019031901002410,KMCDB,48,17,10,830.00,"8,300.00"
2019-03-19,2019031901002313,KMCDB,14,28,10,816.00,"8,160.00"
2019-03-19,2019031901002168,KMFL,7,38,37,865.00,"32,005.00"
2019-03-19,2019031901002167,KMFL,7,51,37,865.00,"32,005.00"
2019-03-19,2019031901002209,KPCL,51,7,10,95.00,950.00
2019-03-19,2019031901002444,KPCL,51,43,10,95.00,950.00
2019-03-19,2019031901002456,KRBL,33,43,12,100.00,"1,200.00"
2019-03-19,2019031901002455,KRBL,26,43,44,100.00,"4,400.00"
2019-03-19,2019031901002588,KSBBL,34,51,500,140.00,"70,000.00"
2019-03-19,2019031901002236,LBL,49,37,300,197.00,"59,100.00"
2019-03-19,2019031901002195,LBL,49,5,200,197.00,"39,400.00"
2019-03-19,2019031901002523,LGIL,55,40,100,506.00,"50,600.00"
2019-03-19,2019031901002522,LGIL,7,40,138,506.00,"69,828.00"
2019-03-19,2019031901002483,LGIL,7,58,200,506.00,"101,200.00"
2019-03-19,2019031901002377,LGIL,48,34,300,507.00,"152,100.00"
2019-03-19,2019031901002299,LGIL,39,34,200,507.00,"101,400.00"
2019-03-19,2019031901002424,LICN,28,28,77,"1,485.00","114,345.00"
2019-03-19,2019031901002384,LICN,59,59,100,"1,482.00","148,200.00"
2019-03-19,2019031901002383,LICN,38,59,50,"1,483.00","74,150.00"
2019-03-19,2019031901002370,LICN,38,59,50,"1,483.00","74,150.00"
2019-03-19,2019031901002369,LICN,43,59,100,"1,484.00","148,400.00"
2019-03-19,2019031901002285,LICN,28,28,100,"1,485.00","148,500.00"
2019-03-19,2019031901002208,LICN,43,35,100,"1,484.00","148,400.00"
2019-03-19,2019031901002467,MBL,28,32,"1,000",218.00,"218,000.00"
2019-03-19,2019031901002180,MBL,32,29,238,218.00,"51,884.00"
2019-03-19,2019031901002117,MBL,7,29,262,218.00,"57,116.00"
2019-03-19,2019031901002116,MBL,7,32,138,218.00,"30,084.00"
2019-03-19,2019031901002498,MEGA,19,14,125,163.00,"20,375.00"
2019-03-19,2019031901002298,MEGA,35,51,11,164.00,"1,804.00"
2019-03-19,2019031901002297,MEGA,35,38,42,164.00,"6,888.00"
2019-03-19,2019031901002296,MEGA,35,34,47,164.00,"7,708.00"
2019-03-19,2019031901002286,MEGA,7,34,200,164.00,"32,800.00"
2019-03-19,2019031901002222,MEGA,19,36,67,163.00,"10,921.00"
2019-03-19,2019031901002221,MEGA,55,36,64,163.00,"10,432.00"
2019-03-19,2019031901002325,MFIL,38,49,67,115.00,"7,705.00"
2019-03-19,2019031901002500,MMFDB,7,29,21,950.00,"19,950.00"
2019-03-19,2019031901002499,MMFDB,7,39,200,950.00,"190,000.00"
2019-03-19,2019031901002382,MNBBL,49,58,475,340.00,"161,500.00"
2019-03-19,2019031901002311,MNBBL,54,58,50,340.00,"17,000.00"
2019-03-19,2019031901002227,MNBBL,19,51,300,341.00,"102,300.00"
2019-03-19,2019031901002151,MNBBL,48,37,40,340.00,"13,600.00"
2019-03-19,2019031901002365,NABIL,49,3,50,723.00,"36,150.00"
2019-03-19,2019031901002364,NABIL,1,3,26,723.00,"18,798.00"
2019-03-19,2019031901002363,NABIL,56,3,20,723.00,"14,460.00"
2019-03-19,2019031901002098,NABIL,56,53,35,723.00,"25,305.00"
2019-03-19,2019031901002179,NABILP,20,34,937,687.00,"643,719.00"
2019-03-19,2019031901002178,NABILP,1,34,26,688.00,"17,888.00"
2019-03-19,2019031901002177,NABILP,38,34,37,688.00,"25,456.00"
2019-03-19,2019031901002533,NBB,49,51,39,194.00,"7,566.00"
2019-03-19,2019031901002490,NBB,49,37,37,194.00,"7,178.00"
2019-03-19,2019031901002489,NBB,35,37,200,194.00,"38,800.00"
2019-03-19,2019031901002307,NBB,59,51,161,195.00,"31,395.00"
2019-03-19,2019031901002284,NBB,59,34,416,195.00,"81,120.00"
2019-03-19,2019031901002186,NBB,59,5,200,195.00,"39,000.00"
2019-03-19,2019031901002372,NBB,38,13,137,194.00,"26,578.00"
2019-03-19,2019031901002371,NBB,21,13,267,194.00,"51,798.00"
2019-03-19,2019031901002488,NBB,19,37,100,194.00,"19,400.00"
2019-03-19,2019031901002487,NBB,26,37,100,194.00,"19,400.00"
2019-03-19,2019031901002486,NBB,38,37,363,194.00,"70,422.00"
2019-03-19,2019031901002408,NBBL,19,39,300,619.00,"185,700.00"
2019-03-19,2019031901002566,NBL,25,43,890,290.00,"258,100.00"
2019-03-19,2019031901002565,NBL,56,43,110,290.00,"31,900.00"
2019-03-19,2019031901002553,NBL,55,26,50,291.00,"14,550.00"
2019-03-19,2019031901002378,NBL,56,33,890,290.00,"258,100.00"
2019-03-19,2019031901002353,NBL,56,33,40,290.00,"11,600.00"
2019-03-19,2019031901002252,NBL,13,28,500,289.00,"144,500.00"
2019-03-19,2019031901002237,NBL,7,33,100,290.00,"29,000.00"
2019-03-19,2019031901002194,NCCB,4,49,650,212.00,"137,800.00"
2019-03-19,2019031901002193,NCCB,28,49,"1,000",212.00,"212,000.00"
2019-03-19,2019031901002192,NCCB,32,49,150,212.00,"31,800.00"
2019-03-19,2019031901002191,NCCB,13,49,200,212.00,"42,400.00"
2019-03-19,2019031901002185,NCCB,28,49,"2,000",213.00,"426,000.00"
2019-03-19,2019031901002172,NCCB,13,5,200,212.00,"42,400.00"
2019-03-19,2019031901002470,NGPL,46,1,175,124.00,"21,700.00"
2019-03-19,2019031901002182,NGPL,46,1,800,124.00,"99,200.00"
2019-03-19,2019031901002100,NGPL,1,43,11,125.00,"1,375.00"
2019-03-19,2019031901002591,NHPC,58,38,10,74.00,740.00
2019-03-19,2019031901002570,NHPC,58,38,10,74.00,740.00
2019-03-19,2019031901002413,NHPC,58,51,450,73.00,"32,850.00"
2019-03-19,2019031901002333,NHPC,56,34,500,72.00,"36,000.00"
2019-03-19,2019031901002332,NHPC,56,34,"1,000",72.00,"72,000.00"
2019-03-19,2019031901002331,NHPC,32,34,700,72.00,"50,400.00"
2019-03-19,2019031901002581,NIB,49,58,130,535.00,"69,550.00"
2019-03-19,2019031901002580,NIB,29,58,50,535.00,"26,750.00"
2019-03-19,2019031901002458,NIB,53,51,37,535.00,"19,795.00"
2019-03-19,2019031901002107,NIB,53,39,10,535.00,"5,350.00"
2019-03-19,2019031901002106,NIB,58,39,20,535.00,"10,700.00"
2019-03-19,2019031901002457,NIBPO,28,34,"2,000",485.00,"970,000.00"
2019-03-19,2019031901002437,NICA,56,39,239,399.00,"95,361.00"
2019-03-19,2019031901002321,NICA,56,14,500,399.00,"199,500.00"
2019-03-19,2019031901002320,NICA,56,40,261,399.00,"104,139.00"
2019-03-19,2019031901002282,NICA,58,40,100,399.00,"39,900.00"
2019-03-19,2019031901002226,NICA,36,40,30,399.00,"11,970.00"
2019-03-19,2019031901002149,NICA,42,44,250,398.00,"99,500.00"
2019-03-19,2019031901002148,NICA,38,44,50,398.00,"19,900.00"
2019-03-19,2019031901002096,NICA,19,40,10,399.00,"3,990.00"
2019-03-19,2019031901002258,NIL,33,35,50,522.00,"26,100.00"
2019-03-19,2019031901002476,NLBBL,43,37,200,460.00,"92,000.00"
2019-03-19,2019031901002539,NLG,58,36,50,808.00,"40,400.00"
2019-03-19,2019031901002527,NLG,58,36,50,808.00,"40,400.00"
2019-03-19,2019031901002485,NLG,7,58,125,815.00,"101,875.00"
2019-03-19,2019031901002475,NLG,19,58,50,815.00,"40,750.00"
2019-03-19,2019031901002459,NLG,25,58,10,815.00,"8,150.00"
2019-03-19,2019031901002508,NLIC,36,10,40,"1,097.00","43,880.00"
2019-03-19,2019031901002416,NLIC,1,10,35,"1,097.00","38,395.00"
2019-03-19,2019031901002415,NLIC,1,6,48,"1,097.00","52,656.00"
2019-03-19,2019031901002213,NLIC,49,59,17,"1,095.00","18,615.00"
2019-03-19,2019031901002212,NLIC,49,44,42,"1,095.00","45,990.00"
2019-03-19,2019031901002181,NLIC,33,37,71,"1,094.00","77,674.00"
2019-03-19,2019031901002155,NLIC,33,19,14,"1,094.00","15,316.00"
2019-03-19,2019031901002147,NLIC,4,44,400,"1,095.00","438,000.00"
2019-03-19,2019031901002142,NLIC,54,44,500,"1,095.00","547,500.00"
2019-03-19,2019031901002141,NLIC,59,44,58,"1,096.00","63,568.00"
2019-03-19,2019031901002130,NLIC,59,55,92,"1,096.00","100,832.00"
2019-03-19,2019031901002544,NLICL,14,51,25,582.00,"14,550.00"
2019-03-19,2019031901002362,NLICL,14,39,14,579.00,"8,106.00"
2019-03-19,2019031901002361,NLICL,40,39,50,580.00,"29,000.00"
2019-03-19,2019031901002360,NLICL,22,39,100,580.00,"58,000.00"
2019-03-19,2019031901002359,NLICL,45,39,100,580.00,"58,000.00"
2019-03-19,2019031901002358,NLICL,45,39,50,580.00,"29,000.00"
2019-03-19,2019031901002357,NLICL,49,39,100,581.00,"58,100.00"
2019-03-19,2019031901002356,NLICL,59,39,100,581.00,"58,100.00"
2019-03-19,2019031901002355,NLICL,39,39,56,581.00,"32,536.00"
2019-03-19,2019031901002354,NLICL,13,39,200,582.00,"116,400.00"
2019-03-19,2019031901002274,NLICL,13,5,100,582.00,"58,200.00"
2019-03-19,2019031901002492,NMB,45,43,29,322.00,"9,338.00"
2019-03-19,2019031901002366,NMB,49,34,499,323.00,"161,177.00"
2019-03-19,2019031901002238,NMB,44,34,150,323.00,"48,450.00"
2019-03-19,2019031901002229,NMB,34,34,"1,000",323.00,"323,000.00"
2019-03-19,2019031901002220,NMB,44,34,100,323.00,"32,300.00"
2019-03-19,2019031901002219,NMB,26,34,500,323.00,"161,500.00"
2019-03-19,2019031901002218,NMB,38,34,360,323.00,"116,280.00"
2019-03-19,2019031901002166,NMB,38,5,500,323.00,"161,500.00"
2019-03-19,2019031901002255,NSEWA,51,13,10,532.00,"5,320.00"
2019-03-19,2019031901002586,NTC,46,25,50,673.00,"33,650.00"
2019-03-19,2019031901002568,NTC,46,49,50,673.00,"33,650.00"
2019-03-19,2019031901002567,NTC,42,49,10,673.00,"6,730.00"
2019-03-19,2019031901002448,NTC,37,25,100,675.00,"67,500.00"
2019-03-19,2019031901002447,NTC,6,25,50,675.00,"33,750.00"
2019-03-19,2019031901002446,NTC,42,25,500,676.00,"338,000.00"
2019-03-19,2019031901002445,NTC,42,25,100,678.00,"67,800.00"
2019-03-19,2019031901002478,NTC,42,58,490,673.00,"329,770.00"
2019-03-19,2019031901002477,NTC,59,58,10,679.00,"6,790.00"
2019-03-19,2019031901002449,NTC,7,25,300,675.00,"202,500.00"
2019-03-19,2019031901002584,NUBL,48,39,45,725.00,"32,625.00"
2019-03-19,2019031901002583,NUBL,45,39,50,725.00,"36,250.00"
2019-03-19,2019031901002582,NUBL,43,39,105,730.00,"76,650.00"
2019-03-19,2019031901002421,NUBL,43,49,95,730.00,"69,350.00"
2019-03-19,2019031901002420,NUBL,7,49,10,730.00,"7,300.00"
2019-03-19,2019031901002419,NUBL,39,49,70,731.00,"51,170.00"
2019-03-19,2019031901002342,PCBL,56,59,463,318.00,"147,234.00"
2019-03-19,2019031901002341,PCBL,56,51,148,318.00,"47,064.00"
2019-03-19,2019031901002340,PCBL,56,47,175,318.00,"55,650.00"
2019-03-19,2019031901002339,PCBL,56,55,214,317.00,"67,838.00"
2019-03-19,2019031901002119,PCBL,17,5,96,316.00,"30,336.00"
2019-03-19,2019031901002548,PFL,26,49,31,131.00,"4,061.00"
2019-03-19,2019031901002105,PFL,26,43,39,131.00,"5,109.00"
2019-03-19,2019031901002174,PIC,1,51,11,"1,025.00","11,275.00"
2019-03-19,2019031901002442,PICL,8,58,10,682.00,"6,820.00"
2019-03-19,2019031901002531,PLIC,28,34,15,450.00,"6,750.00"
2019-03-19,2019031901002530,PLIC,28,32,100,449.00,"44,900.00"
2019-03-19,2019031901002281,PLIC,28,37,210,445.00,"93,450.00"
2019-03-19,2019031901002280,PLIC,53,37,600,445.00,"267,000.00"
2019-03-19,2019031901002279,PLIC,4,37,300,445.00,"133,500.00"
2019-03-19,2019031901002278,PLIC,35,37,100,446.00,"44,600.00"
2019-03-19,2019031901002277,PLIC,39,37,90,446.00,"40,140.00"
2019-03-19,2019031901002276,PLIC,35,37,200,446.00,"89,200.00"
2019-03-19,2019031901002137,PLIC,56,7,55,447.00,"24,585.00"
2019-03-19,2019031901002322,PMHPL,57,28,10,112.00,"1,120.00"
2019-03-19,2019031901002534,PRIN,32,58,10,418.00,"4,180.00"
2019-03-19,2019031901002509,PRIN,28,58,20,418.00,"8,360.00"
2019-03-19,2019031901002171,PRIN,56,44,20,410.00,"8,200.00"
2019-03-19,2019031901002126,PRIN,51,44,100,410.00,"41,000.00"
2019-03-19,2019031901002125,PRIN,32,44,500,410.00,"205,000.00"
2019-03-19,2019031901002121,PRIN,32,44,100,410.00,"41,000.00"
2019-03-19,2019031901002094,PRIN,22,44,400,410.00,"164,000.00"
2019-03-19,2019031901002463,PRVU,49,39,98,233.00,"22,834.00"
2019-03-19,2019031901002250,PRVU,54,39,"1,384",233.00,"322,472.00"
2019-03-19,2019031901002249,PRVU,32,39,368,233.00,"85,744.00"
2019-03-19,2019031901002235,PRVU,49,38,120,234.00,"28,080.00"
2019-03-19,2019031901002234,PRVU,49,49,880,234.00,"205,920.00"
2019-03-19,2019031901002170,PRVU,32,39,32,233.00,"7,456.00"
2019-03-19,2019031901002398,PRVU,38,39,422,232.00,"97,904.00"
2019-03-19,2019031901002397,PRVU,39,39,500,233.00,"116,500.00"
2019-03-19,2019031901002396,PRVU,56,39,100,233.00,"23,300.00"
2019-03-19,2019031901002395,PRVU,13,39,700,233.00,"163,100.00"
2019-03-19,2019031901002394,PRVU,54,39,437,233.00,"101,821.00"
2019-03-19,2019031901002266,PRVU,54,1,179,233.00,"41,707.00"
2019-03-19,2019031901002439,PRVU,49,43,700,233.00,"163,100.00"
2019-03-19,2019031901002403,PRVU,38,39,141,232.00,"32,712.00"
2019-03-19,2019031901002402,PRVU,36,39,"1,000",232.00,"232,000.00"
2019-03-19,2019031901002401,PRVU,26,39,500,232.00,"116,000.00"
2019-03-19,2019031901002400,PRVU,34,39,"2,000",232.00,"464,000.00"
2019-03-19,2019031901002399,PRVU,44,39,200,232.00,"46,400.00"
2019-03-19,2019031901002115,RADHI,50,43,11,171.00,"1,881.00"
2019-03-19,2019031901002474,RHPC,10,1,100,93.00,"9,300.00"
2019-03-19,2019031901002251,RHPC,42,1,200,94.00,"18,800.00"
2019-03-19,2019031901002118,RLFL,51,43,17,116.00,"1,972.00"
2019-03-19,2019031901002239,RRHP,45,59,10,99.00,990.00
2019-03-19,2019031901002128,RSDC,41,43,31,368.00,"11,408.00"
2019-03-19,2019031901002127,RSDC,58,43,26,369.00,"9,594.00"
2019-03-19,2019031901002111,RSDC,58,39,12,369.00,"4,428.00"
2019-03-19,2019031901002103,RSDC,40,22,12,370.00,"4,440.00"
2019-03-19,2019031901002097,RSDC,58,39,12,369.00,"4,428.00"
2019-03-19,2019031901002095,RSDC,35,22,88,370.00,"32,560.00"
2019-03-19,2019031901002114,SADBL,16,59,200,141.00,"28,200.00"
2019-03-19,2019031901002113,SADBL,36,59,481,141.00,"67,821.00"
2019-03-19,2019031901002564,SANIMA,13,52,200,297.00,"59,400.00"
2019-03-19,2019031901002471,SANIMA,37,34,100,298.00,"29,800.00"
2019-03-19,2019031901002438,SANIMA,13,35,74,297.00,"21,978.00"
2019-03-19,2019031901002350,SANIMA,49,34,500,298.00,"149,000.00"
2019-03-19,2019031901002334,SANIMA,13,35,124,297.00,"36,828.00"
2019-03-19,2019031901002315,SANIMA,56,34,48,298.00,"14,304.00"
2019-03-19,2019031901002314,SANIMA,7,34,10,298.00,"2,980.00"
2019-03-19,2019031901002552,SBBLJ,55,21,50,199.00,"9,950.00"
2019-03-19,2019031901002440,SBL,37,50,100,292.00,"29,200.00"
2019-03-19,2019031901002140,SBL,54,37,32,290.00,"9,280.00"
2019-03-19,2019031901002139,SBL,41,37,350,290.00,"101,500.00"
2019-03-19,2019031901002138,SBL,58,37,658,290.00,"190,820.00"
2019-03-19,2019031901002529,SCB,6,17,15,577.00,"8,655.00"
2019-03-19,2019031901002524,SCB,6,51,140,577.00,"80,780.00"
2019-03-19,2019031901002389,SCB,8,51,100,579.00,"57,900.00"
2019-03-19,2019031901002388,SCB,51,51,60,579.00,"34,740.00"
2019-03-19,2019031901002347,SCB,49,28,500,580.00,"290,000.00"
2019-03-19,2019031901002344,SCB,51,1,60,579.00,"34,740.00"
2019-03-19,2019031901002210,SCB,51,10,400,579.00,"231,600.00"
2019-03-19,2019031901002132,SCB,5,43,11,580.00,"6,380.00"
2019-03-19,2019031901002124,SCB,5,39,20,580.00,"11,600.00"
2019-03-19,2019031901002120,SCB,5,22,19,580.00,"11,020.00"
2019-03-19,2019031901002099,SCB,51,39,20,579.00,"11,580.00"
2019-03-19,2019031901002145,SDESI,35,43,23,569.00,"13,087.00"
2019-03-19,2019031901002380,SEOS,14,28,"13,000",10.00,"130,000.00"
2019-03-19,2019031901002379,SEOS,14,41,"2,000",10.00,"20,000.00"
2019-03-19,2019031901002150,SHPC,28,43,22,226.00,"4,972.00"
2019-03-19,2019031901002248,SICL,19,59,50,883.00,"44,150.00"
2019-03-19,2019031901002152,SICL,43,19,20,881.00,"17,620.00"
2019-03-19,2019031901002549,SIL,25,33,10,620.00,"6,200.00"
2019-03-19,2019031901002465,SIL,13,34,125,615.00,"76,875.00"
2019-03-19,2019031901002441,SIL,52,44,17,610.00,"10,370.00"
2019-03-19,2019031901002428,SIL,44,44,300,610.00,"183,000.00"
2019-03-19,2019031901002387,SIL,8,44,183,610.00,"111,630.00"
2019-03-19,2019031901002146,SIL,8,19,17,610.00,"10,370.00"
2019-03-19,2019031901002199,SKBBL,1,43,15,869.00,"13,035.00"
2019-03-19,2019031901002198,SKBBL,55,43,28,869.00,"24,332.00"
2019-03-19,2019031901002579,SLBBL,28,37,116,491.00,"56,956.00"
2019-03-19,2019031901002578,SLBBL,37,37,110,492.00,"54,120.00"
2019-03-19,2019031901002577,SLBBL,26,37,70,493.00,"34,510.00"
2019-03-19,2019031901002576,SLBBL,29,37,110,493.00,"54,230.00"
2019-03-19,2019031901002575,SLBBL,41,37,20,494.00,"9,880.00"
2019-03-19,2019031901002574,SLBSL,22,38,30,731.00,"21,930.00"
2019-03-19,2019031901002573,SLBSL,16,38,100,731.00,"73,100.00"
2019-03-19,2019031901002572,SLBSL,22,38,90,732.00,"65,880.00"
2019-03-19,2019031901002571,SLBSL,39,38,50,733.00,"36,650.00"
2019-03-19,2019031901002173,SLBSL,22,37,50,733.00,"36,650.00"
2019-03-19,2019031901002158,SLBSL,22,43,10,733.00,"7,330.00"
2019-03-19,2019031901002093,SLBSL,22,39,10,733.00,"7,330.00"
2019-03-19,2019031901002335,SLBSL,22,49,10,732.00,"7,320.00"
2019-03-19,2019031901002328,SLBSL,22,49,10,732.00,"7,320.00"
2019-03-19,2019031901002323,SLBSL,22,49,90,732.00,"65,880.00"
2019-03-19,2019031901002112,SLICL,53,55,91,526.00,"47,866.00"
2019-03-19,2019031901002144,SMB,29,38,10,660.00,"6,600.00"
2019-03-19,2019031901002143,SMB,29,38,10,660.00,"6,600.00"
2019-03-19,2019031901002231,SPDL,45,34,329,101.00,"33,229.00"
2019-03-19,2019031901002230,SPDL,7,34,371,102.00,"37,842.00"
2019-03-19,2019031901002162,SPDL,7,43,29,102.00,"2,958.00"
2019-03-19,2019031901002592,SRBL,29,43,"1,000",216.00,"216,000.00"
2019-03-19,2019031901002520,SRBL,29,39,"1,105",216.00,"238,680.00"
2019-03-19,2019031901002519,SRBL,34,39,20,217.00,"4,340.00"
2019-03-19,2019031901002518,SRBL,16,39,50,217.00,"10,850.00"
2019-03-19,2019031901002517,SRBL,36,39,400,217.00,"86,800.00"
2019-03-19,2019031901002516,SRBL,38,39,500,217.00,"108,500.00"
2019-03-19,2019031901002123,SRBL,44,55,192,217.00,"41,664.00"
2019-03-19,2019031901002515,SRBL,43,39,500,217.00,"108,500.00"
2019-03-19,2019031901002514,SRBL,38,39,500,217.00,"108,500.00"
2019-03-19,2019031901002513,SRBL,6,39,200,217.00,"43,400.00"
2019-03-19,2019031901002512,SRBL,44,39,120,217.00,"26,040.00"
2019-03-19,2019031901002409,SRBL,44,29,52,217.00,"11,284.00"
2019-03-19,2019031901002164,SRBL,44,28,406,217.00,"88,102.00"
2019-03-19,2019031901002462,TRH,19,44,75,252.00,"18,900.00"
2019-03-19,2019031901002259,TRH,19,59,25,250.00,"6,250.00"
2019-03-19,2019031901002228,TRH,19,39,80,250.00,"20,000.00"
2019-03-19,2019031901002214,TRH,19,43,20,250.00,"5,000.00"
2019-03-19,2019031901002590,UFL,28,29,384,212.00,"81,408.00"
2019-03-19,2019031901002561,UFL,28,58,60,212.00,"12,720.00"
2019-03-19,2019031901002560,UFL,28,51,56,212.00,"11,872.00"
2019-03-19,2019031901002532,UFL,28,29,50,208.00,"10,400.00"
2019-03-19,2019031901002482,UFL,28,29,10,204.00,"2,040.00"
2019-03-19,2019031901002435,UFL,28,49,308,200.00,"61,600.00"
2019-03-19,2019031901002338,UFL,28,19,17,200.00,"3,400.00"
2019-03-19,2019031901002329,UFL,28,8,100,200.00,"20,000.00"
2019-03-19,2019031901002326,UFL,28,19,248,199.00,"49,352.00"
2019-03-19,2019031901002308,UFL,28,42,100,197.00,"19,700.00"
2019-03-19,2019031901002434,UFL,28,49,292,204.00,"59,568.00"
2019-03-19,2019031901002433,UFL,28,5,200,204.00,"40,800.00"
2019-03-19,2019031901002432,UFL,28,5,139,204.00,"28,356.00"
2019-03-19,2019031901002431,UFL,28,54,267,203.00,"54,201.00"
2019-03-19,2019031901002430,UFL,28,59,102,201.00,"20,502.00"
2019-03-19,2019031901002348,UFL,28,19,17,200.00,"3,400.00"
2019-03-19,2019031901002136,UPPER,1,19,50,242.00,"12,100.00"
2019-03-19,2019031901002205,UPPER,10,43,40,241.00,"9,640.00"
2019-03-19,2019031901002196,UPPER,10,43,50,241.00,"12,050.00"
2019-03-19,2019031901002188,UPPER,10,43,50,241.00,"12,050.00"
2019-03-19,2019031901002176,UPPER,10,43,31,241.00,"7,471.00"
2019-03-19,2019031901002175,UPPER,35,43,110,241.00,"26,510.00"
2019-03-19,2019031901002165,UPPER,35,19,50,241.00,"12,050.00"
2019-03-19,2019031901002304,UPPER,49,1,600,242.00,"145,200.00"
2019-03-19,2019031901002303,UPPER,49,52,600,242.00,"145,200.00"
2019-03-19,2019031901002302,UPPER,1,52,400,242.00,"96,800.00"
2019-03-19,2019031901002301,UPPER,1,54,50,242.00,"12,100.00"
2019-03-19,2019031901002300,UPPER,1,54,50,242.00,"12,100.00"
2019-03-19,2019031901002525,UPPER,49,49,50,242.00,"12,100.00"
2019-03-19,2019031901002466,UPPER,49,43,40,242.00,"9,680.00"
2019-03-19,2019031901002452,UPPER,49,43,200,242.00,"48,400.00"
2019-03-19,2019031901002406,UPPER,49,49,40,242.00,"9,680.00"
2019-03-19,2019031901002305,UPPER,49,52,100,242.00,"24,200.00"
2019-03-19,2019031901001866,ADBL,38,28,300,299.00,"89,700.00"
2019-03-19,2019031901001865,ADBL,38,28,300,299.00,"89,700.00"
2019-03-19,2019031901001854,ADBL,38,28,180,299.00,"53,820.00"
2019-03-19,2019031901001853,ADBL,29,28,100,299.00,"29,900.00"
2019-03-19,2019031901001852,ADBL,57,28,100,299.00,"29,900.00"
2019-03-19,2019031901001851,ADBL,29,28,250,299.00,"74,750.00"
2019-03-19,2019031901001762,ADBL,32,42,54,300.00,"16,200.00"
2019-03-19,2019031901001671,ADBL,32,46,46,300.00,"13,800.00"
2019-03-19,2019031901001670,ADBL,45,46,100,300.00,"30,000.00"
2019-03-19,2019031901001669,ADBL,33,46,82,300.00,"24,600.00"
2019-03-19,2019031901001668,ADBL,53,46,40,300.00,"12,000.00"
2019-03-19,2019031901001667,ADBL,21,46,12,300.00,"3,600.00"
2019-03-19,2019031901002066,AKJCL,39,35,20,83.00,"1,660.00"
2019-03-19,2019031901001768,AKJCL,26,43,20,82.00,"1,640.00"
2019-03-19,2019031901001692,AKJCL,26,41,20,82.00,"1,640.00"
2019-03-19,2019031901001969,AKPL,37,37,100,170.00,"17,000.00"
2019-03-19,2019031901001968,AKPL,14,37,20,170.00,"3,400.00"
2019-03-19,2019031901001788,AKPL,14,43,20,170.00,"3,400.00"
2019-03-19,2019031901002012,ALICL,45,51,26,399.00,"10,374.00"
2019-03-19,2019031901002014,AMFI,35,50,10,662.00,"6,620.00"
2019-03-19,2019031901001977,AMFI,58,32,10,660.00,"6,600.00"
2019-03-19,2019031901001942,AMFI,58,35,10,660.00,"6,600.00"
2019-03-19,2019031901001691,AMFI,58,13,10,660.00,"6,600.00"
2019-03-19,2019031901001998,API,43,28,"1,796",131.00,"235,276.00"
2019-03-19,2019031901001997,API,43,28,"1,500",131.00,"196,500.00"
2019-03-19,2019031901001996,API,42,28,200,131.00,"26,200.00"
2019-03-19,2019031901001995,API,42,28,"1,000",131.00,"131,000.00"
2019-03-19,2019031901001994,API,7,28,600,132.00,"79,200.00"
2019-03-19,2019031901001599,API,46,36,75,134.00,"10,050.00"
2019-03-19,2019031901001808,API,26,34,18,132.00,"2,376.00"
2019-03-19,2019031901001807,API,38,34,11,133.00,"1,463.00"
2019-03-19,2019031901001993,API,14,28,100,132.00,"13,200.00"
2019-03-19,2019031901001992,API,13,28,100,132.00,"13,200.00"
2019-03-19,2019031901001991,API,1,28,100,132.00,"13,200.00"
2019-03-19,2019031901001990,API,39,28,10,132.00,"1,320.00"
2019-03-19,2019031901001989,API,56,28,100,132.00,"13,200.00"
2019-03-19,2019031901001988,API,26,28,164,132.00,"21,648.00"
2019-03-19,2019031901002024,BARUN,42,44,50,96.00,"4,800.00"
2019-03-19,2019031901002023,BARUN,43,44,90,96.00,"8,640.00"
2019-03-19,2019031901002001,BBC,39,35,20,"1,666.00","33,320.00"
2019-03-19,2019031901002061,BHBL,44,59,924,138.00,"127,512.00"
2019-03-19,2019031901002060,BHBL,34,59,200,138.00,"27,600.00"
2019-03-19,2019031901002059,BHBL,59,59,200,139.00,"27,800.00"
2019-03-19,2019031901002058,BHBL,18,59,276,139.00,"38,364.00"
2019-03-19,2019031901001960,BHBL,18,4,224,139.00,"31,136.00"
2019-03-19,2019031901001620,BHBL,57,14,100,139.00,"13,900.00"
2019-03-19,2019031901001959,BHBL,57,4,276,139.00,"38,364.00"
2019-03-19,2019031901001984,BOKL,8,44,20,247.00,"4,940.00"
2019-03-19,2019031901001965,BOKL,35,34,100,248.00,"24,800.00"
2019-03-19,2019031901001703,BOKL,8,43,130,247.00,"32,110.00"
2019-03-19,2019031901001702,BOKL,22,43,70,247.00,"17,290.00"
2019-03-19,2019031901001621,BOKL,11,6,172,248.00,"42,656.00"
2019-03-19,2019031901002026,BPCL,25,14,20,360.00,"7,200.00"
2019-03-19,2019031901001822,BPCL,25,32,10,360.00,"3,600.00"
2019-03-19,2019031901001821,BPCL,28,32,490,360.00,"176,400.00"
2019-03-19,2019031901001792,BPCL,28,43,10,360.00,"3,600.00"
2019-03-19,2019031901001783,BPCL,28,38,20,360.00,"7,200.00"
2019-03-19,2019031901001600,BPCL,28,33,100,360.00,"36,000.00"
2019-03-19,2019031901001953,CBBL,33,39,15,878.00,"13,170.00"
2019-03-19,2019031901002064,CBL,19,32,10,155.00,"1,550.00"
2019-03-19,2019031901001921,CBL,48,28,942,154.00,"145,068.00"
2019-03-19,2019031901001920,CBL,26,28,328,154.00,"50,512.00"
2019-03-19,2019031901001914,CBL,51,32,300,155.00,"46,500.00"
2019-03-19,2019031901001897,CBL,21,32,60,155.00,"9,300.00"
2019-03-19,2019031901001823,CBL,59,59,5,155.00,775.00
2019-03-19,2019031901001820,CBL,59,59,5,155.00,775.00
2019-03-19,2019031901002046,CCBL,7,48,75,163.00,"12,225.00"
2019-03-19,2019031901002045,CCBL,7,13,325,163.00,"52,975.00"
2019-03-19,2019031901001748,CCBL,34,40,"1,715",161.00,"276,115.00"
2019-03-19,2019031901001747,CCBL,1,40,500,161.00,"80,500.00"
2019-03-19,2019031901001746,CCBL,1,40,300,161.00,"48,300.00"
2019-03-19,2019031901001745,CCBL,26,40,"1,000",161.00,"161,000.00"
2019-03-19,2019031901001738,CCBL,41,40,"1,511",162.00,"244,782.00"
2019-03-19,2019031901001625,CCBL,54,25,100,164.00,"16,400.00"
2019-03-19,2019031901001744,CCBL,48,40,500,162.00,"81,000.00"
2019-03-19,2019031901001743,CCBL,32,40,"1,000",162.00,"162,000.00"
2019-03-19,2019031901001742,CCBL,32,40,500,162.00,"81,000.00"
2019-03-19,2019031901001741,CCBL,48,40,500,162.00,"81,000.00"
2019-03-19,2019031901001740,CCBL,21,40,"1,000",162.00,"162,000.00"
2019-03-19,2019031901001739,CCBL,36,40,"1,000",162.00,"162,000.00"
2019-03-19,2019031901002077,CFCL,19,43,10,107.00,"1,070.00"
2019-03-19,2019031901001825,CFCL,51,43,124,106.00,"13,144.00"
2019-03-19,2019031901001824,CFCL,51,37,88,106.00,"9,328.00"
2019-03-19,2019031901001765,CFCL,7,37,175,106.00,"18,550.00"
2019-03-19,2019031901001764,CFCL,51,37,25,106.00,"2,650.00"
2019-03-19,2019031901001734,CFCL,51,5,75,106.00,"7,950.00"
2019-03-19,2019031901002000,CHCL,22,32,68,504.00,"34,272.00"
2019-03-19,2019031901001999,CHCL,37,32,92,504.00,"46,368.00"
2019-03-19,2019031901001956,CHCL,56,56,40,505.00,"20,200.00"
2019-03-19,2019031901001829,CHCL,56,32,19,505.00,"9,595.00"
2019-03-19,2019031901001656,CHCL,56,48,12,505.00,"6,060.00"
2019-03-19,2019031901001637,CHCL,56,58,198,505.00,"99,990.00"
2019-03-19,2019031901001636,CHCL,56,58,131,505.00,"66,155.00"
2019-03-19,2019031901002069,CHLBS,34,8,10,558.00,"5,580.00"
2019-03-19,2019031901002044,CHLBS,34,39,10,558.00,"5,580.00"
2019-03-19,2019031901002029,CHLBS,41,44,10,558.00,"5,580.00"
2019-03-19,2019031901001858,CHLBS,41,36,10,558.00,"5,580.00"
2019-03-19,2019031901001855,CHLBS,41,36,10,558.00,"5,580.00"
2019-03-19,2019031901001719,CHLBS,41,43,10,558.00,"5,580.00"
2019-03-19,2019031901001673,CHLBS,41,57,10,558.00,"5,580.00"
2019-03-19,2019031901001884,CIT,13,6,30,"2,670.00","80,100.00"
2019-03-19,2019031901001841,CIT,28,6,20,"2,670.00","53,400.00"
2019-03-19,2019031901001811,CIT,37,6,100,"2,670.00","267,000.00"
2019-03-19,2019031901001761,CIT,58,53,20,"2,675.00","53,500.00"
2019-03-19,2019031901001753,CIT,28,53,30,"2,675.00","80,250.00"
2019-03-19,2019031901001752,CIT,28,53,100,"2,675.00","267,500.00"
2019-03-19,2019031901001595,CIT,57,58,50,"2,681.00","134,050.00"
2019-03-19,2019031901001594,CIT,6,58,200,"2,682.00","536,400.00"
2019-03-19,2019031901001593,CIT,33,58,10,"2,685.00","26,850.00"
2019-03-19,2019031901001751,CIT,19,53,50,"2,676.00","133,800.00"
2019-03-19,2019031901001615,CIT,19,58,20,"2,680.00","53,600.00"
2019-03-19,2019031901001614,CIT,17,58,90,"2,680.00","241,200.00"
2019-03-19,2019031901001606,CIT,17,43,91,"2,680.00","243,880.00"
2019-03-19,2019031901001597,CIT,17,58,10,"2,680.00","26,800.00"
2019-03-19,2019031901001596,CIT,39,58,10,"2,681.00","26,810.00"
2019-03-19,2019031901002079,CZBIL,36,37,777,208.00,"161,616.00"
2019-03-19,2019031901001817,CZBIL,42,59,100,208.00,"20,800.00"
2019-03-19,2019031901001816,CZBIL,58,59,22,208.00,"4,576.00"
2019-03-19,2019031901001815,CZBIL,48,59,25,208.00,"5,200.00"
2019-03-19,2019031901001882,CZBIL,1,43,277,207.00,"57,339.00"
2019-03-19,2019031901001881,CZBIL,13,43,500,207.00,"103,500.00"
2019-03-19,2019031901001879,CZBIL,11,43,500,208.00,"104,000.00"
2019-03-19,2019031901001878,CZBIL,20,43,475,208.00,"98,800.00"
2019-03-19,2019031901001818,CZBIL,20,59,25,208.00,"5,200.00"
2019-03-19,2019031901001830,DBBL,57,59,400,126.00,"50,400.00"
2019-03-19,2019031901001966,DDBL,48,28,100,586.00,"58,600.00"
2019-03-19,2019031901002027,EBL,52,14,50,550.00,"27,500.00"
2019-03-19,2019031901002005,EBL,40,6,30,552.00,"16,560.00"
2019-03-19,2019031901001763,EBL,8,6,10,552.00,"5,520.00"
2019-03-19,2019031901001680,EBL,34,14,50,548.00,"27,400.00"
2019-03-19,2019031901001679,EBL,34,14,50,548.00,"27,400.00"
2019-03-19,2019031901001678,EBL,43,14,21,549.00,"11,529.00"
2019-03-19,2019031901001653,EBL,43,48,25,549.00,"13,725.00"
2019-03-19,2019031901001609,EBL,6,6,127,552.00,"70,104.00"
2019-03-19,2019031901001603,EBL,6,55,78,552.00,"43,056.00"
2019-03-19,2019031901001716,EBL,25,5,61,547.00,"33,367.00"
2019-03-19,2019031901001715,EBL,33,5,81,548.00,"44,388.00"
2019-03-19,2019031901001684,EBL,33,14,69,548.00,"37,812.00"
2019-03-19,2019031901001683,EBL,43,14,200,548.00,"109,600.00"
2019-03-19,2019031901001682,EBL,42,14,110,548.00,"60,280.00"
2019-03-19,2019031901001681,EBL,46,14,200,548.00,"109,600.00"
2019-03-19,2019031901001913,EIC,28,44,100,847.00,"84,700.00"
2019-03-19,2019031901002034,FOWAD,5,28,40,"1,500.00","60,000.00"
2019-03-19,2019031901001916,FOWAD,5,57,60,"1,500.00","90,000.00"
2019-03-19,2019031901001791,FOWAD,41,57,33,"1,495.00","49,335.00"
2019-03-19,2019031901001710,FOWAD,21,57,10,"1,500.00","15,000.00"
2019-03-19,2019031901001709,FOWAD,41,57,20,"1,505.00","30,100.00"
2019-03-19,2019031901001836,GBBL,34,59,131,188.00,"24,628.00"
2019-03-19,2019031901002063,GBIME,22,44,500,264.00,"132,000.00"
2019-03-19,2019031901002062,GBIME,28,44,180,264.00,"47,520.00"
2019-03-19,2019031901002003,GBIME,28,44,20,264.00,"5,280.00"
2019-03-19,2019031901001963,GBIME,35,58,100,265.00,"26,500.00"
2019-03-19,2019031901001938,GBIME,48,58,150,265.00,"39,750.00"
2019-03-19,2019031901001794,GBIME,59,59,15,265.00,"3,975.00"
2019-03-19,2019031901001793,GBIME,59,59,54,265.00,"14,310.00"
2019-03-19,2019031901001731,GBIME,37,51,316,265.00,"83,740.00"
2019-03-19,2019031901001781,GBIMEP,45,58,"6,351",174.00,"1,105,074.00"
2019-03-19,2019031901001721,GBIMEP,45,58,"12,702",174.00,"2,210,148.00"
2019-03-19,2019031901001718,GBIMEP,45,58,"15,879",174.00,"2,762,946.00"
2019-03-19,2019031901001626,GBIMEP,45,44,"31,241",174.00,"5,435,934.00"
2019-03-19,2019031901002055,GBLBS,41,14,10,455.00,"4,550.00"
2019-03-19,2019031901001974,GBLBS,41,37,10,455.00,"4,550.00"
2019-03-19,2019031901001757,GBLBS,41,33,60,455.00,"27,300.00"
2019-03-19,2019031901001756,GBLBS,5,33,40,455.00,"18,200.00"
2019-03-19,2019031901001755,GBLBS,48,33,50,456.00,"22,800.00"
2019-03-19,2019031901001754,GBLBS,38,33,50,456.00,"22,800.00"
2019-03-19,2019031901001657,GBLBS,38,38,30,456.00,"13,680.00"
2019-03-19,2019031901002080,GDBL,56,21,165,187.00,"30,855.00"
2019-03-19,2019031901001662,GDBL,47,6,103,185.00,"19,055.00"
2019-03-19,2019031901002092,GLICL,57,36,97,732.00,"71,004.00"
2019-03-19,2019031901002091,GLICL,28,36,500,733.00,"366,500.00"
2019-03-19,2019031901002090,GLICL,39,36,70,733.00,"51,310.00"
2019-03-19,2019031901002089,GLICL,51,36,200,734.00,"146,800.00"
2019-03-19,2019031901002088,GLICL,44,36,600,734.00,"440,400.00"
2019-03-19,2019031901002087,GLICL,43,36,20,735.00,"14,700.00"
2019-03-19,2019031901001633,GLICL,20,46,200,738.00,"147,600.00"
2019-03-19,2019031901001632,GLICL,34,46,50,738.00,"36,900.00"
2019-03-19,2019031901001631,GLICL,51,46,110,738.00,"81,180.00"
2019-03-19,2019031901001630,GLICL,21,46,100,738.00,"73,800.00"
2019-03-19,2019031901001624,GLICL,13,33,20,738.00,"14,760.00"
2019-03-19,2019031901001659,GLICL,13,43,76,737.00,"56,012.00"
2019-03-19,2019031901001654,GLICL,13,46,125,737.00,"92,125.00"
2019-03-19,2019031901001646,GLICL,13,38,32,737.00,"23,584.00"
2019-03-19,2019031901001645,GLICL,56,38,50,737.00,"36,850.00"
2019-03-19,2019031901001635,GLICL,6,46,200,737.00,"147,400.00"
2019-03-19,2019031901001634,GLICL,54,46,16,738.00,"11,808.00"
2019-03-19,2019031901001798,GLICL,51,57,22,738.00,"16,236.00"
2019-03-19,2019031901001767,GLICL,57,57,30,738.00,"22,140.00"
2019-03-19,2019031901001677,GLICL,42,46,18,737.00,"13,266.00"
2019-03-19,2019031901001676,GLICL,33,46,15,737.00,"11,055.00"
2019-03-19,2019031901001675,GLICL,45,46,100,737.00,"73,700.00"
2019-03-19,2019031901001674,GLICL,13,46,17,737.00,"12,529.00"
2019-03-19,2019031901001898,GLICL,13,10,20,737.00,"14,740.00"
2019-03-19,2019031901001862,GLICL,13,44,89,737.00,"65,593.00"
2019-03-19,2019031901001861,GLICL,42,44,482,737.00,"355,234.00"
2019-03-19,2019031901001860,GLICL,48,44,29,738.00,"21,402.00"
2019-03-19,2019031901001859,GLICL,48,55,21,738.00,"15,498.00"
2019-03-19,2019031901001845,GLICL,11,13,40,739.00,"29,560.00"
2019-03-19,2019031901001904,GLICL,59,10,100,736.00,"73,600.00"
2019-03-19,2019031901001903,GLICL,35,10,100,736.00,"73,600.00"
2019-03-19,2019031901001902,GLICL,5,10,20,736.00,"14,720.00"
2019-03-19,2019031901001901,GLICL,1,10,25,736.00,"18,400.00"
2019-03-19,2019031901001900,GLICL,40,10,25,736.00,"18,400.00"
2019-03-19,2019031901001899,GLICL,38,10,24,736.00,"17,664.00"
2019-03-19,2019031901001940,GLICL,39,7,13,738.00,"9,594.00"
2019-03-19,2019031901001909,GLICL,10,10,26,735.00,"19,110.00"
2019-03-19,2019031901001908,GLICL,10,10,150,735.00,"110,250.00"
2019-03-19,2019031901001907,GLICL,50,10,60,735.00,"44,100.00"
2019-03-19,2019031901001906,GLICL,34,10,50,735.00,"36,750.00"
2019-03-19,2019031901001905,GLICL,45,10,100,735.00,"73,500.00"
2019-03-19,2019031901002031,GLICL,10,51,74,735.00,"54,390.00"
2019-03-19,2019031901002028,GLICL,39,56,14,736.00,"10,304.00"
2019-03-19,2019031901002016,GLICL,28,10,100,738.00,"73,800.00"
2019-03-19,2019031901001987,GLICL,39,10,233,738.00,"171,954.00"
2019-03-19,2019031901001986,GLICL,39,39,130,738.00,"95,940.00"
2019-03-19,2019031901001985,GLICL,39,7,137,738.00,"101,106.00"
2019-03-19,2019031901002086,GLICL,39,36,500,735.00,"367,500.00"
2019-03-19,2019031901002085,GLICL,51,36,13,735.00,"9,555.00"
2019-03-19,2019031901002078,GLICL,39,13,410,737.00,"302,170.00"
2019-03-19,2019031901002035,GLICL,51,56,11,735.00,"8,085.00"
2019-03-19,2019031901002033,GLICL,51,51,76,735.00,"55,860.00"
2019-03-19,2019031901002032,GLICL,54,51,30,735.00,"22,050.00"
2019-03-19,2019031901002009,GRDBL,59,28,40,104.00,"4,160.00"
2019-03-19,2019031901001628,GRDBL,43,14,100,104.00,"10,400.00"
2019-03-19,2019031901001945,HBL,48,28,184,470.00,"86,480.00"
2019-03-19,2019031901001875,HBL,48,28,16,470.00,"7,520.00"
2019-03-19,2019031901001843,HBL,48,59,144,470.00,"67,680.00"
2019-03-19,2019031901001842,HBL,41,59,58,471.00,"27,318.00"
2019-03-19,2019031901001910,HGI,41,14,22,382.00,"8,404.00"
2019-03-19,2019031901001766,HPPL,41,58,10,190.00,"1,900.00"
2019-03-19,2019031901001919,ICFC,45,28,126,151.00,"19,026.00"
2019-03-19,2019031901001831,JBBL,38,43,134,137.00,"18,358.00"
2019-03-19,2019031901001644,JBBL,38,51,29,137.00,"3,973.00"
2019-03-19,2019031901001643,JBBL,37,51,167,137.00,"22,879.00"
2019-03-19,2019031901001642,JBBL,40,51,100,138.00,"13,800.00"
2019-03-19,2019031901002025,JBNL,34,32,200,172.00,"34,400.00"
2019-03-19,2019031901001832,JFL,48,51,115,169.00,"19,435.00"
2019-03-19,2019031901001658,JFL,48,51,10,172.00,"1,720.00"
2019-03-19,2019031901001687,KADBL,59,38,20,162.00,"3,240.00"
2019-03-19,2019031901001877,KBBL,4,29,100,204.00,"20,400.00"
2019-03-19,2019031901001876,KBBL,59,29,100,205.00,"20,500.00"
2019-03-19,2019031901001844,KBL,29,44,250,235.00,"58,750.00"
2019-03-19,2019031901001787,KBL,8,34,129,234.00,"30,186.00"
2019-03-19,2019031901001717,KBL,46,44,500,235.00,"117,500.00"
2019-03-19,2019031901001833,KKHC,41,43,16,78.00,"1,248.00"
2019-03-19,2019031901002065,KPCL,51,14,10,95.00,950.00
2019-03-19,2019031901001701,KPCL,51,45,10,96.00,960.00
2019-03-19,2019031901001827,KPCL,51,45,160,96.00,"15,360.00"
2019-03-19,2019031901001982,KRBL,26,37,10,100.00,"1,000.00"
2019-03-19,2019031901001981,KRBL,48,37,10,101.00,"1,010.00"
2019-03-19,2019031901001932,LBL,16,13,277,195.00,"54,015.00"
2019-03-19,2019031901001931,LBL,40,13,500,195.00,"97,500.00"
2019-03-19,2019031901001930,LBL,35,13,240,196.00,"47,040.00"
2019-03-19,2019031901001929,LBL,32,13,300,196.00,"58,800.00"
2019-03-19,2019031901001928,LBL,40,13,200,196.00,"39,200.00"
2019-03-19,2019031901001927,LBL,40,13,200,196.00,"39,200.00"
2019-03-19,2019031901001926,LBL,19,13,500,196.00,"98,000.00"
2019-03-19,2019031901001888,LBL,35,43,260,197.00,"51,220.00"
2019-03-19,2019031901001786,LGIL,51,21,50,505.00,"25,250.00"
2019-03-19,2019031901001785,LGIL,25,21,200,506.00,"101,200.00"
2019-03-19,2019031901001784,LGIL,38,21,150,507.00,"76,050.00"
2019-03-19,2019031901001826,LICN,48,6,34,"1,499.00","50,966.00"
2019-03-19,2019031901001758,LLBS,5,41,24,765.00,"18,360.00"
2019-03-19,2019031901002084,MBL,19,32,10,218.00,"2,180.00"
2019-03-19,2019031901001893,MBL,45,32,100,218.00,"21,800.00"
2019-03-19,2019031901001892,MBL,14,32,"2,000",218.00,"436,000.00"
2019-03-19,2019031901001891,MBL,29,32,200,218.00,"43,600.00"
2019-03-19,2019031901001890,MBL,34,32,84,218.00,"18,312.00"
2019-03-19,2019031901001779,MBL,34,48,16,218.00,"3,488.00"
2019-03-19,2019031901001778,MBL,34,48,100,218.00,"21,800.00"
2019-03-19,2019031901001777,MBL,34,48,100,218.00,"21,800.00"
2019-03-19,2019031901001776,MBL,25,48,200,218.00,"43,600.00"
2019-03-19,2019031901001775,MBL,56,48,500,219.00,"109,500.00"
2019-03-19,2019031901001774,MBL,32,48,84,219.00,"18,396.00"
2019-03-19,2019031901001828,MDB,57,51,108,233.00,"25,164.00"
2019-03-19,2019031901001773,MDB,57,51,10,237.00,"2,370.00"
2019-03-19,2019031901001622,MDB,19,38,200,241.00,"48,200.00"
2019-03-19,2019031901001896,MEGA,28,34,20,164.00,"3,280.00"
2019-03-19,2019031901001840,MEGA,55,43,236,163.00,"38,468.00"
2019-03-19,2019031901001839,MEGA,41,43,300,163.00,"48,900.00"
2019-03-19,2019031901001838,MEGA,6,43,200,163.00,"32,600.00"
2019-03-19,2019031901001837,MEGA,26,43,264,163.00,"43,032.00"
2019-03-19,2019031901001835,MEGA,26,43,86,163.00,"14,018.00"
2019-03-19,2019031901001689,MEGA,26,51,150,163.00,"24,450.00"
2019-03-19,2019031901001688,MEGA,55,51,59,163.00,"9,617.00"
2019-03-19,2019031901001652,MEGA,55,5,300,163.00,"48,900.00"
2019-03-19,2019031901001770,MERO,6,45,16,585.00,"9,360.00"
2019-03-19,2019031901001769,MERO,28,45,34,585.00,"19,890.00"
2019-03-19,2019031901001895,MERO,18,59,67,587.00,"39,329.00"
2019-03-19,2019031901001686,MFIL,38,38,244,115.00,"28,060.00"
2019-03-19,2019031901001795,MLBL,7,33,400,168.00,"67,200.00"
2019-03-19,2019031901001797,MLBL,33,33,400,167.00,"66,800.00"
2019-03-19,2019031901001796,MLBL,32,33,700,167.00,"116,900.00"
2019-03-19,2019031901002008,MNBBL,48,44,10,340.00,"3,400.00"
2019-03-19,2019031901001732,MNBBL,48,14,50,340.00,"17,000.00"
2019-03-19,2019031901001608,MNBBL,41,38,49,340.00,"16,660.00"
2019-03-19,2019031901001607,MNBBL,42,38,50,340.00,"17,000.00"
2019-03-19,2019031901001805,MPFL,42,6,10,147.00,"1,470.00"
2019-03-19,2019031901001760,MSLB,16,57,15,"1,300.00","19,500.00"
2019-03-19,2019031901001759,MSLB,16,43,15,"1,300.00","19,500.00"
2019-03-19,2019031901001961,NABIL,5,39,34,722.00,"24,548.00"
2019-03-19,2019031901001933,NADEP,57,59,10,675.00,"6,750.00"
2019-03-19,2019031901002004,NADEP,57,32,10,675.00,"6,750.00"
2019-03-19,2019031901001964,NADEP,57,32,10,675.00,"6,750.00"
2019-03-19,2019031901001848,NBB,59,59,623,195.00,"121,485.00"
2019-03-19,2019031901001847,NBB,50,59,80,195.00,"15,600.00"
2019-03-19,2019031901001846,NBB,41,59,100,195.00,"19,500.00"
2019-03-19,2019031901001948,NBBL,14,39,10,618.00,"6,180.00"
2019-03-19,2019031901001947,NBBL,42,39,10,620.00,"6,200.00"
2019-03-19,2019031901001944,NBBL,42,39,10,620.00,"6,200.00"
2019-03-19,2019031901001983,NBL,48,33,200,290.00,"58,000.00"
2019-03-19,2019031901001949,NBL,13,40,500,289.00,"144,500.00"
2019-03-19,2019031901001790,NCCB,29,33,400,211.00,"84,400.00"
2019-03-19,2019031901001696,NCCB,56,50,500,212.00,"106,000.00"
2019-03-19,2019031901001695,NCCB,43,50,500,212.00,"106,000.00"
2019-03-19,2019031901001694,NCCB,54,50,"1,000",212.00,"212,000.00"
2019-03-19,2019031901001693,NCCB,41,50,470,212.00,"99,640.00"
2019-03-19,2019031901001651,NHDL,39,14,10,124.00,"1,240.00"
2019-03-19,2019031901001834,NHPC,11,51,50,73.00,"3,650.00"
2019-03-19,2019031901002030,NIB,58,39,10,535.00,"5,350.00"
2019-03-19,2019031901001980,NIB,40,58,30,536.00,"16,080.00"
2019-03-19,2019031901001978,NIB,58,39,20,535.00,"10,700.00"
2019-03-19,2019031901001958,NIB,48,58,80,536.00,"42,880.00"
2019-03-19,2019031901001925,NIB,41,28,29,535.00,"15,515.00"
2019-03-19,2019031901001871,NIB,35,58,100,536.00,"53,600.00"
2019-03-19,2019031901001941,NIBLPF,39,39,156,7.40,"1,154.40"
2019-03-19,2019031901001967,NIBSF1,22,41,"4,000",8.60,"34,400.00"
2019-03-19,2019031901001972,NICA,35,40,100,399.00,"39,900.00"
2019-03-19,2019031901001922,NICA,26,28,146,399.00,"58,254.00"
2019-03-19,2019031901001894,NICA,28,17,10,400.00,"4,000.00"
2019-03-19,2019031901001850,NICA,26,59,51,399.00,"20,349.00"
2019-03-19,2019031901001849,NICA,44,59,392,399.00,"156,408.00"
2019-03-19,2019031901001789,NICA,43,17,35,400.00,"14,000.00"
2019-03-19,2019031901002076,NICL,7,7,100,376.00,"37,600.00"
2019-03-19,2019031901002048,NICL,41,40,50,376.00,"18,800.00"
2019-03-19,2019031901002047,NICL,7,40,451,376.00,"169,576.00"
2019-03-19,2019031901001869,NICL,7,40,151,378.00,"57,078.00"
2019-03-19,2019031901001880,NIL,33,11,100,522.00,"52,200.00"
2019-03-19,2019031901001737,NLBBL,41,38,15,457.00,"6,855.00"
2019-03-19,2019031901001736,NLBBL,41,38,50,460.00,"23,000.00"
2019-03-19,2019031901001979,NLIC,54,6,20,"1,097.00","21,940.00"
2019-03-19,2019031901001619,NLIC,33,33,49,"1,097.00","53,753.00"
2019-03-19,2019031901001613,NLIC,54,57,23,"1,093.00","25,139.00"
2019-03-19,2019031901001612,NLIC,41,57,61,"1,094.00","66,734.00"
2019-03-19,2019031901001611,NLIC,45,57,50,"1,095.00","54,750.00"
2019-03-19,2019031901001610,NLIC,33,57,50,"1,096.00","54,800.00"
2019-03-19,2019031901002083,NMB,38,22,140,323.00,"45,220.00"
2019-03-19,2019031901002082,NMB,58,22,60,323.00,"19,380.00"
2019-03-19,2019031901002081,NMB,22,22,100,323.00,"32,300.00"
2019-03-19,2019031901002002,NMB,44,39,20,323.00,"6,460.00"
2019-03-19,2019031901001814,NMB,44,57,30,323.00,"9,690.00"
2019-03-19,2019031901001813,NMB,38,57,20,323.00,"6,460.00"
2019-03-19,2019031901001666,NMB,38,33,57,323.00,"18,411.00"
2019-03-19,2019031901001617,NMB,40,51,100,324.00,"32,400.00"
2019-03-19,2019031901001616,NMB,38,51,25,324.00,"8,100.00"
2019-03-19,2019031901001598,NMB,38,14,25,324.00,"8,100.00"
2019-03-19,2019031901001660,NMBSF1,43,41,"4,000",10.20,"40,800.00"
2019-03-19,2019031901001973,NUBL,7,28,100,730.00,"73,000.00"
2019-03-19,2019031901001934,NUBL,7,32,10,730.00,"7,300.00"
2019-03-19,2019031901001804,NUBL,7,57,30,730.00,"21,900.00"
2019-03-19,2019031901001803,NUBL,41,57,100,730.00,"73,000.00"
2019-03-19,2019031901001802,NUBL,6,57,20,730.00,"14,600.00"
2019-03-19,2019031901001801,NUBL,58,57,100,731.00,"73,100.00"
2019-03-19,2019031901001800,NUBL,7,57,100,733.00,"73,300.00"
2019-03-19,2019031901001799,NUBL,7,57,50,735.00,"36,750.00"
2019-03-19,2019031901002042,PCBL,46,55,24,317.00,"7,608.00"
2019-03-19,2019031901002041,PCBL,26,55,62,317.00,"19,654.00"
2019-03-19,2019031901002013,PCBL,26,44,10,317.00,"3,170.00"
2019-03-19,2019031901001924,PCBL,26,54,246,317.00,"77,982.00"
2019-03-19,2019031901001720,PCBL,26,50,182,317.00,"57,694.00"
2019-03-19,2019031901001951,PFL,39,39,1,131.00,131.00
2019-03-19,2019031901001955,PIC,33,32,11,"1,022.00","11,242.00"
2019-03-19,2019031901002074,PLIC,55,7,25,447.00,"11,175.00"
2019-03-19,2019031901002073,PLIC,38,7,20,447.00,"8,940.00"
2019-03-19,2019031901002036,PLIC,38,35,180,447.00,"80,460.00"
2019-03-19,2019031901001708,PLIC,25,6,60,449.00,"26,940.00"
2019-03-19,2019031901001697,PMHPL,57,57,10,112.00,"1,120.00"
2019-03-19,2019031901002057,PRIN,43,44,34,410.00,"13,940.00"
2019-03-19,2019031901002040,PRIN,7,44,150,410.00,"61,500.00"
2019-03-19,2019031901002039,PRIN,51,44,200,410.00,"82,000.00"
2019-03-19,2019031901002038,PRIN,34,44,43,410.00,"17,630.00"
2019-03-19,2019031901001971,PRVU,32,49,500,234.00,"117,000.00"
2019-03-19,2019031901001936,PRVU,38,28,78,232.00,"18,096.00"
2019-03-19,2019031901001935,PRVU,14,28,483,232.00,"112,056.00"
2019-03-19,2019031901001873,PRVU,44,51,100,233.00,"23,300.00"
2019-03-19,2019031901001870,PRVU,28,51,100,233.00,"23,300.00"
2019-03-19,2019031901001857,PRVU,14,59,17,232.00,"3,944.00"
2019-03-19,2019031901001856,PRVU,14,59,194,232.00,"45,008.00"
2019-03-19,2019031901001698,PRVU,26,48,509,233.00,"118,597.00"
2019-03-19,2019031901001707,RHPC,46,58,50,95.00,"4,750.00"
2019-03-19,2019031901002068,RSDC,35,39,12,370.00,"4,440.00"
2019-03-19,2019031901001939,RSDC,22,14,60,370.00,"22,200.00"
2019-03-19,2019031901002043,SADBL,36,44,"1,285",141.00,"181,185.00"
2019-03-19,2019031901001864,SANIMA,41,59,20,300.00,"6,000.00"
2019-03-19,2019031901001863,SANIMA,50,59,172,300.00,"51,600.00"
2019-03-19,2019031901001772,SANIMA,50,33,92,300.00,"27,600.00"
2019-03-19,2019031901001730,SANIMA,50,13,100,300.00,"30,000.00"
2019-03-19,2019031901001700,SANIMA,50,51,116,300.00,"34,800.00"
2019-03-19,2019031901001665,SANIMA,50,14,20,300.00,"6,000.00"
2019-03-19,2019031901002015,SBL,58,44,10,290.00,"2,900.00"
2019-03-19,2019031901001867,SBL,58,59,600,290.00,"174,000.00"
2019-03-19,2019031901001812,SBL,58,51,113,290.00,"32,770.00"
2019-03-19,2019031901001704,SBL,34,1,47,292.00,"13,724.00"
2019-03-19,2019031901001661,SBL,58,14,50,290.00,"14,500.00"
2019-03-19,2019031901002075,SCB,51,39,20,579.00,"11,580.00"
2019-03-19,2019031901002072,SCB,19,22,20,580.00,"11,600.00"
2019-03-19,2019031901002071,SCB,38,22,20,580.00,"11,600.00"
2019-03-19,2019031901002070,SCB,13,22,41,580.00,"23,780.00"
2019-03-19,2019031901002022,SCB,13,39,209,580.00,"121,220.00"
2019-03-19,2019031901002021,SCB,39,39,100,580.00,"58,000.00"
2019-03-19,2019031901001647,SCB,22,6,30,582.00,"17,460.00"
2019-03-19,2019031901001946,SCB,39,5,100,581.00,"58,100.00"
2019-03-19,2019031901001872,SCB,39,22,50,581.00,"29,050.00"
2019-03-19,2019031901001806,SCB,39,38,80,581.00,"46,480.00"
2019-03-19,2019031901001782,SCB,39,33,53,581.00,"30,793.00"
2019-03-19,2019031901001648,SCB,22,6,30,582.00,"17,460.00"
2019-03-19,2019031901002020,SCB,6,39,200,580.00,"116,000.00"
2019-03-19,2019031901002019,SCB,29,39,540,580.00,"313,200.00"
2019-03-19,2019031901002018,SCB,40,39,30,581.00,"17,430.00"
2019-03-19,2019031901002017,SCB,39,39,217,581.00,"126,077.00"
2019-03-19,2019031901001962,SDESI,35,32,23,569.00,"13,087.00"
2019-03-19,2019031901001950,SDESI,35,4,27,569.00,"15,363.00"
2019-03-19,2019031901001771,SDESI,35,57,27,569.00,"15,363.00"
2019-03-19,2019031901001650,SDESI,35,14,43,569.00,"24,467.00"
2019-03-19,2019031901001649,SDESI,22,14,100,570.00,"57,000.00"
2019-03-19,2019031901001733,SEF,54,42,"2,000",9.15,"18,300.00"
2019-03-19,2019031901001685,SEF,43,40,100,9.12,912.00
2019-03-19,2019031901002007,SHL,21,4,300,204.00,"61,200.00"
2019-03-19,2019031901002006,SHL,44,4,100,205.00,"20,500.00"
2019-03-19,2019031901001641,SHPC,28,57,159,226.00,"35,934.00"
2019-03-19,2019031901001640,SHPC,47,57,100,227.00,"22,700.00"
2019-03-19,2019031901001639,SHPC,17,57,961,227.00,"218,147.00"
2019-03-19,2019031901001638,SHPC,1,57,100,228.00,"22,800.00"
2019-03-19,2019031901002054,SICL,50,44,188,880.00,"165,440.00"
2019-03-19,2019031901002053,SICL,51,44,30,880.00,"26,400.00"
2019-03-19,2019031901002052,SICL,16,44,60,881.00,"52,860.00"
2019-03-19,2019031901002051,SICL,16,44,60,881.00,"52,860.00"
2019-03-19,2019031901002050,SICL,16,44,110,881.00,"96,910.00"
2019-03-19,2019031901002049,SICL,22,44,52,882.00,"45,864.00"
2019-03-19,2019031901001918,SICL,22,59,18,882.00,"15,876.00"
2019-03-19,2019031901001917,SICL,41,59,41,883.00,"36,203.00"
2019-03-19,2019031901001911,SICL,41,59,59,883.00,"52,097.00"
2019-03-19,2019031901001957,SIFC,8,35,60,135.00,"8,100.00"
2019-03-19,2019031901001976,SKBBL,55,33,72,867.00,"62,424.00"
2019-03-19,2019031901001975,SKBBL,55,53,100,867.00,"86,700.00"
2019-03-19,2019031901001912,SKBBL,26,5,16,858.00,"13,728.00"
2019-03-19,2019031901001728,SKBBL,26,33,80,858.00,"68,640.00"
2019-03-19,2019031901001727,SKBBL,48,33,150,858.00,"128,700.00"
2019-03-19,2019031901001726,SKBBL,34,33,200,858.00,"171,600.00"
2019-03-19,2019031901001725,SKBBL,13,33,357,858.00,"306,306.00"
2019-03-19,2019031901001724,SKBBL,33,33,13,859.00,"11,167.00"
2019-03-19,2019031901002067,SLBSL,22,55,10,733.00,"7,330.00"
2019-03-19,2019031901001954,SLBSL,22,35,10,733.00,"7,330.00"
2019-03-19,2019031901001923,SLBSL,22,11,10,733.00,"7,330.00"
2019-03-19,2019031901001655,SLBSL,16,7,10,733.00,"7,330.00"
2019-03-19,2019031901001627,SLBSL,16,7,10,733.00,"7,330.00"
2019-03-19,2019031901001690,SLICL,53,57,53,526.00,"27,878.00"
2019-03-19,2019031901002011,SMATA,47,22,272,"1,270.00","345,440.00"
2019-03-19,2019031901002010,SMATA,1,22,28,"1,271.00","35,588.00"
2019-03-19,2019031901001780,SMATA,1,57,18,"1,271.00","22,878.00"
2019-03-19,2019031901001749,SMATA,1,40,18,"1,271.00","22,878.00"
2019-03-19,2019031901001952,SMB,48,20,10,655.00,"6,550.00"
2019-03-19,2019031901001943,SMB,48,59,10,655.00,"6,550.00"
2019-03-19,2019031901001883,SMB,48,38,10,655.00,"6,550.00"
2019-03-19,2019031901001809,SRBL,44,51,149,217.00,"32,333.00"
2019-03-19,2019031901001605,TRH,55,44,60,252.00,"15,120.00"
2019-03-19,2019031901001664,UFL,1,14,300,196.00,"58,800.00"
2019-03-19,2019031901001663,UFL,59,14,500,197.00,"98,500.00"
2019-03-19,2019031901001915,UIC,28,7,100,778.00,"77,800.00"
2019-03-19,2019031901002056,UPPER,35,28,40,241.00,"9,640.00"
2019-03-19,2019031901002037,UPPER,34,19,20,242.00,"4,840.00"
2019-03-19,2019031901001970,UPPER,34,56,40,242.00,"9,680.00"
2019-03-19,2019031901001937,UPPER,34,35,40,242.00,"9,680.00"
2019-03-19,2019031901001889,UPPER,34,11,50,242.00,"12,100.00"
2019-03-19,2019031901001604,UPPER,34,43,83,243.00,"20,169.00"
2019-03-19,2019031901001602,UPPER,16,54,40,242.00,"9,680.00"
2019-03-19,2019031901001601,UPPER,51,54,30,242.00,"7,260.00"
2019-03-19,2019031901001699,UPPER,16,41,40,242.00,"9,680.00"
2019-03-19,2019031901001672,UPPER,16,41,50,242.00,"12,100.00"
2019-03-19,2019031901001629,UPPER,16,42,50,242.00,"12,100.00"
2019-03-19,2019031901001623,UPPER,16,42,40,242.00,"9,680.00"
2019-03-19,2019031901001618,UPPER,16,42,50,242.00,"12,100.00"
2019-03-19,2019031901001714,UPPER,38,43,240,242.00,"58,080.00"
2019-03-19,2019031901001713,UPPER,37,43,500,242.00,"121,000.00"
2019-03-19,2019031901001712,UPPER,38,43,30,242.00,"7,260.00"
2019-03-19,2019031901001711,UPPER,22,43,230,242.00,"55,660.00"
2019-03-19,2019031901001706,UPPER,22,53,770,242.00,"186,340.00"
2019-03-19,2019031901001705,UPPER,16,53,730,242.00,"176,660.00"
2019-03-19,2019031901001810,UPPER,16,42,100,242.00,"24,200.00"
2019-03-19,2019031901001750,UPPER,16,5,50,242.00,"12,100.00"
2019-03-19,2019031901001735,UPPER,16,5,40,242.00,"9,680.00"
2019-03-19,2019031901001729,UPPER,58,5,6,242.00,"1,452.00"
2019-03-19,2019031901001723,UPPER,16,14,90,242.00,"21,780.00"
2019-03-19,2019031901001722,UPPER,38,14,60,242.00,"14,520.00"
2019-03-19,2019031901001887,UPPER,34,28,350,242.00,"84,700.00"
2019-03-19,2019031901001886,UPPER,46,28,20,242.00,"4,840.00"
2019-03-19,2019031901001885,UPPER,16,28,130,242.00,"31,460.00"
2019-03-19,2019031901001874,UPPER,16,51,50,242.00,"12,100.00"
2019-03-19,2019031901001868,UPPER,16,59,40,242.00,"9,680.00"
2019-03-19,2019031901001819,VLBS,44,32,51,670.00,"34,170.00"
2019-03-19,2019031901001472,ADBL,33,51,56,300.00,"16,800.00"
2019-03-19,2019031901001380,ADBL,59,28,10,301.00,"3,010.00"
2019-03-19,2019031901001216,ADBL,21,26,18,300.00,"5,400.00"
2019-03-19,2019031901001215,ADBL,47,26,82,300.00,"24,600.00"
2019-03-19,2019031901001171,ADBL,47,26,18,300.00,"5,400.00"
2019-03-19,2019031901001170,ADBL,42,26,182,300.00,"54,600.00"
2019-03-19,2019031901001221,AKJCL,26,41,10,82.00,820.00
2019-03-19,2019031901001125,AKPL,14,58,10,170.00,"1,700.00"
2019-03-19,2019031901001273,ALBSL,58,55,10,464.00,"4,640.00"
2019-03-19,2019031901001343,ALICL,45,21,24,399.00,"9,576.00"
2019-03-19,2019031901001590,AMFI,58,59,10,660.00,"6,600.00"
2019-03-19,2019031901001169,AMFI,58,58,10,660.00,"6,600.00"
2019-03-19,2019031901001232,API,21,21,25,133.00,"3,325.00"
2019-03-19,2019031901001212,API,38,41,29,133.00,"3,857.00"
2019-03-19,2019031901001485,BARUN,16,44,100,97.00,"9,700.00"
2019-03-19,2019031901001278,BARUN,42,44,20,97.00,"1,940.00"
2019-03-19,2019031901001227,BARUN,26,44,10,97.00,970.00
2019-03-19,2019031901001223,BARUN,43,26,10,96.00,960.00
2019-03-19,2019031901001158,BARUN,42,44,200,97.00,"19,400.00"
2019-03-19,2019031901001381,BFC,5,21,225,93.00,"20,925.00"
2019-03-19,2019031901001190,BHBL,57,58,75,139.00,"10,425.00"
2019-03-19,2019031901001189,BHBL,57,58,25,139.00,"3,475.00"
2019-03-19,2019031901001288,BOKL,22,58,30,247.00,"7,410.00"
2019-03-19,2019031901001564,BPCL,28,45,50,360.00,"18,000.00"
2019-03-19,2019031901001560,BPCL,28,45,50,360.00,"18,000.00"
2019-03-19,2019031901001555,BPCL,28,45,50,360.00,"18,000.00"
2019-03-19,2019031901001552,BPCL,28,45,50,360.00,"18,000.00"
2019-03-19,2019031901001548,BPCL,28,45,100,360.00,"36,000.00"
2019-03-19,2019031901001471,BPCL,28,5,80,360.00,"28,800.00"
2019-03-19,2019031901001253,BPCL,26,41,10,363.00,"3,630.00"
2019-03-19,2019031901001470,BPCL,50,5,500,362.00,"181,000.00"
2019-03-19,2019031901001469,BPCL,26,5,30,362.00,"10,860.00"
2019-03-19,2019031901001468,BPCL,50,5,500,362.00,"181,000.00"
2019-03-19,2019031901001467,BPCL,11,5,30,362.00,"10,860.00"
2019-03-19,2019031901001466,BPCL,1,5,200,362.00,"72,400.00"
2019-03-19,2019031901001465,BPCL,8,5,160,362.00,"57,920.00"
2019-03-19,2019031901001536,CBBL,34,38,50,875.00,"43,750.00"
2019-03-19,2019031901001565,CBL,53,44,160,155.00,"24,800.00"
2019-03-19,2019031901001518,CBL,14,44,"1,840",155.00,"285,200.00"
2019-03-19,2019031901001449,CBL,14,43,50,155.00,"7,750.00"
2019-03-19,2019031901001448,CBL,14,44,110,155.00,"17,050.00"
2019-03-19,2019031901001317,CBL,41,44,400,155.00,"62,000.00"
2019-03-19,2019031901001242,CBL,26,50,114,154.00,"17,556.00"
2019-03-19,2019031901001231,CBL,26,50,58,154.00,"8,932.00"
2019-03-19,2019031901001230,CBL,42,50,56,154.00,"8,624.00"
2019-03-19,2019031901001156,CBL,21,44,50,155.00,"7,750.00"
2019-03-19,2019031901001144,CBL,22,44,"1,000",155.00,"155,000.00"
2019-03-19,2019031901001588,CCBL,33,51,50,163.00,"8,150.00"
2019-03-19,2019031901001587,CCBL,33,58,652,163.00,"106,276.00"
2019-03-19,2019031901001538,CCBL,41,5,187,162.00,"30,294.00"
2019-03-19,2019031901001275,CCBL,41,41,28,162.00,"4,536.00"
2019-03-19,2019031901001274,CCBL,41,50,74,162.00,"11,988.00"
2019-03-19,2019031901001252,CCBL,41,50,200,162.00,"32,400.00"
2019-03-19,2019031901001251,CCBL,34,50,44,162.00,"7,128.00"
2019-03-19,2019031901001225,CCBL,34,41,56,162.00,"9,072.00"
2019-03-19,2019031901001280,CFCL,14,41,101,106.00,"10,706.00"
2019-03-19,2019031901001563,CHCL,37,45,40,504.00,"20,160.00"
2019-03-19,2019031901001522,CHCL,37,45,40,504.00,"20,160.00"
2019-03-19,2019031901001402,CHCL,6,58,29,505.00,"14,645.00"
2019-03-19,2019031901001313,CHCL,37,58,28,504.00,"14,112.00"
2019-03-19,2019031901001303,CHCL,21,58,10,505.00,"5,050.00"
2019-03-19,2019031901001237,CHCL,32,58,500,505.00,"252,500.00"
2019-03-19,2019031901001183,CHCL,55,58,50,505.00,"25,250.00"
2019-03-19,2019031901001182,CHCL,5,58,21,505.00,"10,605.00"
2019-03-19,2019031901001134,CHCL,26,58,200,507.00,"101,400.00"
2019-03-19,2019031901001133,CHCL,19,58,100,507.00,"50,700.00"
2019-03-19,2019031901001132,CHCL,48,58,50,507.00,"25,350.00"
2019-03-19,2019031901001515,CHLBS,41,10,10,558.00,"5,580.00"
2019-03-19,2019031901001390,CHLBS,41,42,10,558.00,"5,580.00"
2019-03-19,2019031901001283,CHLBS,7,43,10,559.00,"5,590.00"
2019-03-19,2019031901001282,CHLBS,7,34,114,559.00,"63,726.00"
2019-03-19,2019031901001255,CHLBS,41,26,10,558.00,"5,580.00"
2019-03-19,2019031901001155,CHLBS,56,34,100,559.00,"55,900.00"
2019-03-19,2019031901001138,CHLBS,26,34,20,560.00,"11,200.00"
2019-03-19,2019031901001137,CHLBS,42,34,15,560.00,"8,400.00"
2019-03-19,2019031901001136,CHLBS,56,34,60,561.00,"33,660.00"
2019-03-19,2019031901001126,CHLBS,56,58,10,561.00,"5,610.00"
2019-03-19,2019031901001592,CIT,29,58,20,"2,685.00","53,700.00"
2019-03-19,2019031901001591,CIT,17,58,100,"2,685.00","268,500.00"
2019-03-19,2019031901001579,CIT,59,58,150,"2,686.00","402,900.00"
2019-03-19,2019031901001578,CIT,13,58,100,"2,687.00","268,700.00"
2019-03-19,2019031901001577,CIT,48,58,50,"2,687.00","134,350.00"
2019-03-19,2019031901001576,CIT,34,58,10,"2,688.00","26,880.00"
2019-03-19,2019031901001287,CIT,44,43,46,"2,704.00","124,384.00"
2019-03-19,2019031901001188,CIT,6,6,100,"2,700.00","270,000.00"
2019-03-19,2019031901001166,CIT,6,5,100,"2,700.00","270,000.00"
2019-03-19,2019031901001539,CIT,11,6,50,"2,694.00","134,700.00"
2019-03-19,2019031901001400,CIT,45,40,54,"2,704.00","146,016.00"
2019-03-19,2019031901001355,CIT,36,40,46,"2,704.00","124,384.00"
2019-03-19,2019031901001325,CIT,36,43,54,"2,704.00","146,016.00"
2019-03-19,2019031901001294,CIT,5,58,15,"2,693.00","40,395.00"
2019-03-19,2019031901001289,CIT,56,7,10,"2,695.00","26,950.00"
2019-03-19,2019031901001545,CIT,40,6,15,"2,690.00","40,350.00"
2019-03-19,2019031901001544,CIT,10,6,100,"2,690.00","269,000.00"
2019-03-19,2019031901001543,CIT,36,6,100,"2,691.00","269,100.00"
2019-03-19,2019031901001542,CIT,5,6,50,"2,691.00","134,550.00"
2019-03-19,2019031901001541,CIT,21,6,50,"2,692.00","134,600.00"
2019-03-19,2019031901001540,CIT,5,6,35,"2,693.00","94,255.00"
2019-03-19,2019031901001575,CIT,26,58,10,"2,688.00","26,880.00"
2019-03-19,2019031901001574,CIT,26,58,100,"2,688.00","268,800.00"
2019-03-19,2019031901001573,CIT,6,58,10,"2,688.00","26,880.00"
2019-03-19,2019031901001572,CIT,48,58,10,"2,688.00","26,880.00"
2019-03-19,2019031901001571,CIT,26,58,10,"2,689.00","26,890.00"
2019-03-19,2019031901001570,CIT,40,58,15,"2,690.00","40,350.00"
2019-03-19,2019031901001549,CLBSL,39,53,10,592.00,"5,920.00"
2019-03-19,2019031901001537,CLBSL,49,53,10,593.00,"5,930.00"
2019-03-19,2019031901001534,CLBSL,49,53,10,593.00,"5,930.00"
2019-03-19,2019031901001486,CZBIL,50,45,20,209.00,"4,180.00"
2019-03-19,2019031901001430,CZBIL,26,45,190,209.00,"39,710.00"
2019-03-19,2019031901001415,CZBIL,26,26,10,209.00,"2,090.00"
2019-03-19,2019031901001320,CZBIL,36,58,150,209.00,"31,350.00"
2019-03-19,2019031901001319,CZBIL,36,34,"2,000",209.00,"418,000.00"
2019-03-19,2019031901001318,CZBIL,36,1,70,209.00,"14,630.00"
2019-03-19,2019031901001228,CZBIL,48,41,35,208.00,"7,280.00"
2019-03-19,2019031901001167,CZBIL,48,47,50,208.00,"10,400.00"
2019-03-19,2019031901001157,CZBIL,48,13,90,208.00,"18,720.00"
2019-03-19,2019031901001520,DBBL,21,32,150,127.00,"19,050.00"
2019-03-19,2019031901001519,DBBL,32,32,314,127.00,"39,878.00"
2019-03-19,2019031901001254,DBBL,32,50,266,127.00,"33,782.00"
2019-03-19,2019031901001532,DDBL,48,38,97,586.00,"56,842.00"
2019-03-19,2019031901001517,DDBL,44,53,40,587.00,"23,480.00"
2019-03-19,2019031901001512,DDBL,1,53,60,587.00,"35,220.00"
2019-03-19,2019031901001420,DDBL,1,41,40,587.00,"23,480.00"
2019-03-19,2019031901001551,EBL,43,5,129,549.00,"70,821.00"
2019-03-19,2019031901001498,EBL,43,32,25,549.00,"13,725.00"
2019-03-19,2019031901001497,EBL,13,32,10,550.00,"5,500.00"
2019-03-19,2019031901001496,EBL,26,32,52,550.00,"28,600.00"
2019-03-19,2019031901001495,EBL,38,32,30,551.00,"16,530.00"
2019-03-19,2019031901001494,EBL,38,32,10,551.00,"5,510.00"
2019-03-19,2019031901001459,EBL,38,21,20,551.00,"11,020.00"
2019-03-19,2019031901001327,EBL,26,32,50,552.00,"27,600.00"
2019-03-19,2019031901001435,EIC,1,36,70,838.00,"58,660.00"
2019-03-19,2019031901001433,EIC,41,36,10,843.00,"8,430.00"
2019-03-19,2019031901001307,EIC,1,36,20,843.00,"16,860.00"
2019-03-19,2019031901001165,EIC,41,44,25,847.00,"21,175.00"
2019-03-19,2019031901001164,EIC,41,44,25,847.00,"21,175.00"
2019-03-19,2019031901001163,EIC,53,44,10,848.00,"8,480.00"
2019-03-19,2019031901001529,FMDBL,7,38,14,366.00,"5,124.00"
2019-03-19,2019031901001314,FMDBL,48,14,32,370.00,"11,840.00"
2019-03-19,2019031901001523,FOWAD,33,28,50,"1,505.00","75,250.00"
2019-03-19,2019031901001488,FOWAD,21,28,20,"1,505.00","30,100.00"
2019-03-19,2019031901001249,FOWAD,56,54,38,"1,500.00","57,000.00"
2019-03-19,2019031901001248,FOWAD,56,54,28,"1,500.00","42,000.00"
2019-03-19,2019031901001199,FOWAD,21,54,10,"1,500.00","15,000.00"
2019-03-19,2019031901001178,GBBL,14,14,440,189.00,"83,160.00"
2019-03-19,2019031901001246,GBIME,11,44,100,265.00,"26,500.00"
2019-03-19,2019031901001245,GBIME,39,44,20,265.00,"5,300.00"
2019-03-19,2019031901001244,GBIME,1,44,100,265.00,"26,500.00"
2019-03-19,2019031901001243,GBIME,20,44,961,265.00,"254,665.00"
2019-03-19,2019031901001226,GBIME,20,42,39,265.00,"10,335.00"
2019-03-19,2019031901001516,GBLBS,36,38,140,458.00,"64,120.00"
2019-03-19,2019031901001354,GBLBS,45,58,50,460.00,"23,000.00"
2019-03-19,2019031901001334,GBLBS,36,45,10,458.00,"4,580.00"
2019-03-19,2019031901001332,GBLBS,36,50,100,458.00,"45,800.00"
2019-03-19,2019031901001331,GBLBS,36,13,50,458.00,"22,900.00"
2019-03-19,2019031901001284,GBLBS,38,41,10,456.00,"4,560.00"
2019-03-19,2019031901001482,GDBL,21,14,50,186.00,"9,300.00"
2019-03-19,2019031901001338,GDBL,48,21,100,187.00,"18,700.00"
2019-03-19,2019031901001173,GFCL,1,44,188,117.00,"21,996.00"
2019-03-19,2019031901001172,GFCL,26,44,50,118.00,"5,900.00"
2019-03-19,2019031901001514,GLICL,6,13,50,739.00,"36,950.00"
2019-03-19,2019031901001513,GLICL,6,38,50,739.00,"36,950.00"
2019-03-19,2019031901001505,GLICL,43,38,50,739.00,"36,950.00"
2019-03-19,2019031901001487,GLICL,13,7,131,738.00,"96,678.00"
2019-03-19,2019031901001477,GLICL,41,7,22,739.00,"16,258.00"
2019-03-19,2019031901001464,GLICL,41,7,50,740.00,"37,000.00"
2019-03-19,2019031901001187,GLICL,50,58,20,739.00,"14,780.00"
2019-03-19,2019031901001174,GLICL,50,58,100,739.00,"73,900.00"
2019-03-19,2019031901001140,GLICL,47,43,116,739.00,"85,724.00"
2019-03-19,2019031901001107,GLICL,16,17,307,739.00,"226,873.00"
2019-03-19,2019031901001241,GLICL,48,58,13,739.00,"9,607.00"
2019-03-19,2019031901001239,GLICL,32,58,50,739.00,"36,950.00"
2019-03-19,2019031901001209,GLICL,32,42,50,738.00,"36,900.00"
2019-03-19,2019031901001208,GLICL,32,42,50,738.00,"36,900.00"
2019-03-19,2019031901001197,GLICL,40,40,198,739.00,"146,322.00"
2019-03-19,2019031901001196,GLICL,48,58,13,739.00,"9,607.00"
2019-03-19,2019031901001350,GLICL,45,36,18,740.00,"13,320.00"
2019-03-19,2019031901001349,GLICL,45,25,16,740.00,"11,840.00"
2019-03-19,2019031901001348,GLICL,45,46,16,740.00,"11,840.00"
2019-03-19,2019031901001346,GLICL,41,43,143,739.00,"105,677.00"
2019-03-19,2019031901001344,GLICL,5,43,22,739.00,"16,258.00"
2019-03-19,2019031901001316,GLICL,50,43,35,739.00,"25,865.00"
2019-03-19,2019031901001457,GLICL,58,58,4,739.00,"2,956.00"
2019-03-19,2019031901001425,GLICL,58,43,50,740.00,"37,000.00"
2019-03-19,2019031901001424,GLICL,51,43,50,740.00,"37,000.00"
2019-03-19,2019031901001423,GLICL,45,43,85,740.00,"62,900.00"
2019-03-19,2019031901001422,GLICL,45,43,118,740.00,"87,320.00"
2019-03-19,2019031901001358,GLICL,45,36,82,740.00,"60,680.00"
2019-03-19,2019031901001139,GRDBL,43,43,50,105.00,"5,250.00"
2019-03-19,2019031901001493,HBL,41,3,12,471.00,"5,652.00"
2019-03-19,2019031901001322,HBL,48,40,800,470.00,"376,000.00"
2019-03-19,2019031901001309,HBL,48,58,40,470.00,"18,800.00"
2019-03-19,2019031901001452,HIDCL,42,42,25,133.00,"3,325.00"
2019-03-19,2019031901001306,HIDCL,42,41,56,133.00,"7,448.00"
2019-03-19,2019031901001461,HPPL,45,11,10,188.00,"1,880.00"
2019-03-19,2019031901001460,HPPL,45,41,10,188.00,"1,880.00"
2019-03-19,2019031901001110,HPPL,1,58,20,190.00,"3,800.00"
2019-03-19,2019031901001105,HPPL,1,43,10,190.00,"1,900.00"
2019-03-19,2019031901001312,JBBL,37,41,13,137.00,"1,781.00"
2019-03-19,2019031901001206,JBBL,37,11,69,137.00,"9,453.00"
2019-03-19,2019031901001120,JBBL,37,58,10,137.00,"1,370.00"
2019-03-19,2019031901001112,JBBL,42,11,50,138.00,"6,900.00"
2019-03-19,2019031901001109,JBBL,37,43,111,137.00,"15,207.00"
2019-03-19,2019031901001108,JBBL,26,43,23,137.00,"3,151.00"
2019-03-19,2019031901001445,JBNL,44,13,91,172.00,"15,652.00"
2019-03-19,2019031901001444,JBNL,44,34,"2,000",172.00,"344,000.00"
2019-03-19,2019031901001443,JBNL,44,54,50,172.00,"8,600.00"
2019-03-19,2019031901001442,JBNL,44,46,500,172.00,"86,000.00"
2019-03-19,2019031901001441,JBNL,44,37,"1,000",172.00,"172,000.00"
2019-03-19,2019031901001440,JBNL,44,57,240,172.00,"41,280.00"
2019-03-19,2019031901001383,JBNL,43,57,30,172.00,"5,160.00"
2019-03-19,2019031901001250,JBNL,42,57,150,172.00,"25,800.00"
2019-03-19,2019031901001131,JBNL,22,44,350,171.00,"59,850.00"
2019-03-19,2019031901001129,JBNL,22,44,"1,000",171.00,"171,000.00"
2019-03-19,2019031901001124,JBNL,41,44,"1,000",171.00,"171,000.00"
2019-03-19,2019031901001257,JFL,42,54,10,175.00,"1,750.00"
2019-03-19,2019031901001214,JFL,42,38,10,172.00,"1,720.00"
2019-03-19,2019031901001473,JSLBB,38,34,100,"2,275.00","227,500.00"
2019-03-19,2019031901001427,JSLBB,10,50,14,"2,274.00","31,836.00"
2019-03-19,2019031901001451,KADBL,38,59,50,159.00,"7,950.00"
2019-03-19,2019031901001204,KBBL,16,14,"1,000",205.00,"205,000.00"
2019-03-19,2019031901001203,KBBL,4,14,400,205.00,"82,000.00"
2019-03-19,2019031901001202,KBBL,20,14,600,206.00,"123,600.00"
2019-03-19,2019031901001201,KBBL,16,14,100,206.00,"20,600.00"
2019-03-19,2019031901001200,KBBL,1,14,100,206.00,"20,600.00"
2019-03-19,2019031901001122,KBBL,48,13,100,207.00,"20,700.00"
2019-03-19,2019031901001121,KBBL,53,13,40,207.00,"8,280.00"
2019-03-19,2019031901001276,KBL,50,22,200,235.00,"47,000.00"
2019-03-19,2019031901001191,KBL,8,56,222,234.00,"51,948.00"
2019-03-19,2019031901001586,KKHC,41,21,10,78.00,780.00
2019-03-19,2019031901001569,KKHC,41,43,16,78.00,"1,248.00"
2019-03-19,2019031901001568,KKHC,41,41,10,77.00,770.00
2019-03-19,2019031901001589,KPCL,16,21,10,95.00,950.00
2019-03-19,2019031901001111,KPCL,16,43,10,95.00,950.00
2019-03-19,2019031901001229,KPCL,16,41,10,95.00,950.00
2019-03-19,2019031901001492,KSBBL,37,21,800,140.00,"112,000.00"
2019-03-19,2019031901001463,KSBBL,37,43,251,140.00,"35,140.00"
2019-03-19,2019031901001462,KSBBL,36,43,249,140.00,"34,860.00"
2019-03-19,2019031901001118,KSBBL,36,16,500,140.00,"70,000.00"
2019-03-19,2019031901001407,LBL,45,13,200,198.00,"39,600.00"
2019-03-19,2019031901001561,MBL,32,47,145,219.00,"31,755.00"
2019-03-19,2019031901001479,MBL,32,13,171,219.00,"37,449.00"
2019-03-19,2019031901001478,MBL,44,13,50,219.00,"10,950.00"
2019-03-19,2019031901001438,MBL,41,13,100,220.00,"22,000.00"
2019-03-19,2019031901001437,MBL,41,13,28,220.00,"6,160.00"
2019-03-19,2019031901001428,MBL,41,14,122,220.00,"26,840.00"
2019-03-19,2019031901001389,MBL,36,14,47,220.00,"10,340.00"
2019-03-19,2019031901001388,MBL,36,10,53,219.00,"11,607.00"
2019-03-19,2019031901001530,MEGA,55,5,78,163.00,"12,714.00"
2019-03-19,2019031901001476,MEGA,55,5,291,163.00,"47,433.00"
2019-03-19,2019031901001419,MEGA,55,5,31,163.00,"5,053.00"
2019-03-19,2019031901001417,MEGA,55,5,54,163.00,"8,802.00"
2019-03-19,2019031901001412,MEGA,55,5,107,163.00,"17,441.00"
2019-03-19,2019031901001404,MEGA,55,5,80,163.00,"13,040.00"
2019-03-19,2019031901001154,MEGA,21,34,50,164.00,"8,200.00"
2019-03-19,2019031901001119,MEGA,25,43,17,163.00,"2,771.00"
2019-03-19,2019031901001403,MEGA,25,5,30,163.00,"4,890.00"
2019-03-19,2019031901001401,MEGA,41,34,50,164.00,"8,200.00"
2019-03-19,2019031901001387,MEGA,25,5,314,163.00,"51,182.00"
2019-03-19,2019031901001299,MEGA,25,48,155,163.00,"25,265.00"
2019-03-19,2019031901001258,MEGA,25,50,98,163.00,"15,974.00"
2019-03-19,2019031901001233,MEGA,25,41,67,163.00,"10,921.00"
2019-03-19,2019031901001525,MFIL,25,58,56,114.00,"6,384.00"
2019-03-19,2019031901001446,MFIL,25,42,40,114.00,"4,560.00"
2019-03-19,2019031901001308,MLBL,14,14,495,169.00,"83,655.00"
2019-03-19,2019031901001297,MLBL,32,38,183,169.00,"30,927.00"
2019-03-19,2019031901001296,MLBL,32,13,116,169.00,"19,604.00"
2019-03-19,2019031901001186,MLBL,1,38,33,169.00,"5,577.00"
2019-03-19,2019031901001378,MNBBL,14,53,45,342.00,"15,390.00"
2019-03-19,2019031901001559,MPFL,42,6,100,147.00,"14,700.00"
2019-03-19,2019031901001503,MPFL,42,43,15,146.00,"2,190.00"
2019-03-19,2019031901001135,MSLB,8,58,35,"1,300.00","45,500.00"
2019-03-19,2019031901001533,NABIL,50,33,24,724.00,"17,376.00"
2019-03-19,2019031901001398,NABIL,6,41,22,723.00,"15,906.00"
2019-03-19,2019031901001397,NABIL,6,6,90,723.00,"65,070.00"
2019-03-19,2019031901001217,NABIL,21,21,10,722.00,"7,220.00"
2019-03-19,2019031901001210,NABIL,16,6,40,723.00,"28,920.00"
2019-03-19,2019031901001562,NABILP,53,45,37,689.00,"25,493.00"
2019-03-19,2019031901001353,NABILP,38,45,133,688.00,"91,504.00"
2019-03-19,2019031901001235,NBB,21,21,33,194.00,"6,402.00"
2019-03-19,2019031901001234,NBB,26,21,27,194.00,"5,238.00"
2019-03-19,2019031901001453,NBBL,59,43,10,630.00,"6,300.00"
2019-03-19,2019031901001528,NBL,21,33,20,290.00,"5,800.00"
2019-03-19,2019031901001527,NBL,35,33,100,290.00,"29,000.00"
2019-03-19,2019031901001526,NBL,8,33,150,290.00,"43,500.00"
2019-03-19,2019031901001511,NBL,8,10,450,290.00,"130,500.00"
2019-03-19,2019031901001162,NBL,14,14,550,291.00,"160,050.00"
2019-03-19,2019031901001130,NBL,48,40,100,291.00,"29,100.00"
2019-03-19,2019031901001508,NCCB,41,33,530,212.00,"112,360.00"
2019-03-19,2019031901001507,NCCB,43,33,470,212.00,"99,640.00"
2019-03-19,2019031901001458,NCCB,59,49,10,213.00,"2,130.00"
2019-03-19,2019031901001351,NCCB,36,49,400,213.00,"85,200.00"
2019-03-19,2019031901001290,NCCB,43,58,30,212.00,"6,360.00"
2019-03-19,2019031901001521,NEF,6,59,"9,000",8.52,"76,680.00"
2019-03-19,2019031901001375,NGPL,36,26,13,126.00,"1,638.00"
2019-03-19,2019031901001198,NGPL,21,21,50,128.00,"6,400.00"
2019-03-19,2019031901001150,NHPC,58,34,910,73.00,"66,430.00"
2019-03-19,2019031901001127,NHPC,56,34,90,74.00,"6,660.00"
2019-03-19,2019031901001117,NHPC,56,56,"2,000",74.00,"148,000.00"
2019-03-19,2019031901001116,NHPC,56,21,300,73.00,"21,900.00"
2019-03-19,2019031901001115,NHPC,56,57,210,73.00,"15,330.00"
2019-03-19,2019031901001114,NHPC,56,25,"1,000",73.00,"73,000.00"
2019-03-19,2019031901001113,NHPC,56,28,900,73.00,"65,700.00"
2019-03-19,2019031901001104,NHPC,47,28,"1,100",73.00,"80,300.00"
2019-03-19,2019031901001103,NHPC,47,56,"1,000",73.00,"73,000.00"
2019-03-19,2019031901001102,NHPC,47,58,900,73.00,"65,700.00"
2019-03-19,2019031901001554,NIB,41,5,21,535.00,"11,235.00"
2019-03-19,2019031901001510,NIB,33,58,118,536.00,"63,248.00"
2019-03-19,2019031901001484,NIB,47,47,10,535.00,"5,350.00"
2019-03-19,2019031901001483,NIB,38,47,100,535.00,"53,500.00"
2019-03-19,2019031901001426,NIB,54,5,33,535.00,"17,655.00"
2019-03-19,2019031901001377,NIB,42,58,50,536.00,"26,800.00"
2019-03-19,2019031901001323,NIB,54,41,33,535.00,"17,655.00"
2019-03-19,2019031901001305,NIB,45,58,100,536.00,"53,600.00"
2019-03-19,2019031901001161,NIB,32,58,200,536.00,"107,200.00"
2019-03-19,2019031901001160,NIB,22,58,30,536.00,"16,080.00"
2019-03-19,2019031901001436,NIBLPF,26,7,"1,000",7.44,"7,440.00"
2019-03-19,2019031901001434,NICA,44,45,200,399.00,"79,800.00"
2019-03-19,2019031901001336,NICA,44,58,50,399.00,"19,950.00"
2019-03-19,2019031901001333,NICA,26,13,50,400.00,"20,000.00"
2019-03-19,2019031901001321,NICA,38,13,50,400.00,"20,000.00"
2019-03-19,2019031901001300,NICA,44,14,185,399.00,"73,815.00"
2019-03-19,2019031901001224,NICA,43,21,15,398.00,"5,970.00"
2019-03-19,2019031901001222,NICA,21,14,15,399.00,"5,985.00"
2019-03-19,2019031901001392,NICL,44,22,69,378.00,"26,082.00"
2019-03-19,2019031901001391,NICL,44,40,300,378.00,"113,400.00"
2019-03-19,2019031901001177,NICL,7,44,49,376.00,"18,424.00"
2019-03-19,2019031901001176,NICL,41,44,25,376.00,"9,400.00"
2019-03-19,2019031901001175,NICL,32,44,30,376.00,"11,280.00"
2019-03-19,2019031901001583,NLIC,41,16,25,"1,098.00","27,450.00"
2019-03-19,2019031901001481,NLIC,5,5,1,"1,073.00","1,073.00"
2019-03-19,2019031901001410,NLIC,41,48,62,"1,094.00","67,828.00"
2019-03-19,2019031901001409,NLIC,45,48,50,"1,095.00","54,750.00"
2019-03-19,2019031901001408,NLIC,6,48,25,"1,095.00","27,375.00"
2019-03-19,2019031901001372,NLIC,54,58,17,"1,095.00","18,615.00"
2019-03-19,2019031901001194,NLIC,33,58,100,"1,095.00","109,500.00"
2019-03-19,2019031901001193,NLIC,47,58,20,"1,096.00","21,920.00"
2019-03-19,2019031901001192,NLIC,21,58,40,"1,096.00","43,840.00"
2019-03-19,2019031901001159,NLIC,42,44,40,"1,096.00","43,840.00"
2019-03-19,2019031901001371,NLIC,54,58,69,"1,095.00","75,555.00"
2019-03-19,2019031901001370,NLIC,54,58,203,"1,095.00","222,285.00"
2019-03-19,2019031901001326,NLIC,41,41,17,"1,094.00","18,598.00"
2019-03-19,2019031901001291,NLIC,41,21,60,"1,094.00","65,640.00"
2019-03-19,2019031901001279,NLIC,7,58,10,"1,095.00","10,950.00"
2019-03-19,2019031901001195,NLIC,33,58,100,"1,095.00","109,500.00"
2019-03-19,2019031901001585,NMB,38,38,50,324.00,"16,200.00"
2019-03-19,2019031901001584,NMB,53,38,50,324.00,"16,200.00"
2019-03-19,2019031901001330,NMB,26,21,30,325.00,"9,750.00"
2019-03-19,2019031901001329,NMB,26,55,20,325.00,"6,500.00"
2019-03-19,2019031901001298,NMB,7,55,10,325.00,"3,250.00"
2019-03-19,2019031901001211,NMB,21,21,10,324.00,"3,240.00"
2019-03-19,2019031901001475,NNLB,45,54,17,468.00,"7,956.00"
2019-03-19,2019031901001474,NNLB,45,54,20,465.00,"9,300.00"
2019-03-19,2019031901001491,NSEWA,42,50,10,535.00,"5,350.00"
2019-03-19,2019031901001247,NSEWA,42,11,10,535.00,"5,350.00"
2019-03-19,2019031901001385,NTC,49,45,10,680.00,"6,800.00"
2019-03-19,2019031901001384,NTC,59,45,10,681.00,"6,810.00"
2019-03-19,2019031901001405,NUBL,45,32,20,739.00,"14,780.00"
2019-03-19,2019031901001293,NUBL,44,49,25,745.00,"18,625.00"
2019-03-19,2019031901001292,NUBL,44,56,50,744.00,"37,200.00"
2019-03-19,2019031901001454,PCBL,13,47,75,318.00,"23,850.00"
2019-03-19,2019031901001324,PCBL,14,47,50,318.00,"15,900.00"
2019-03-19,2019031901001236,PIC,42,41,11,"1,021.00","11,231.00"
2019-03-19,2019031901001220,PIC,54,26,11,"1,038.00","11,418.00"
2019-03-19,2019031901001219,PIC,54,7,11,"1,025.00","11,275.00"
2019-03-19,2019031901001218,PIC,54,43,11,"1,025.00","11,275.00"
2019-03-19,2019031901001181,PIC,42,50,128,"1,021.00","130,688.00"
2019-03-19,2019031901001180,PIC,48,50,11,"1,021.00","11,231.00"
2019-03-19,2019031901001179,PIC,14,50,11,"1,021.00","11,231.00"
2019-03-19,2019031901001447,PMHPL,56,45,10,112.00,"1,120.00"
2019-03-19,2019031901001394,PMHPL,56,43,10,112.00,"1,120.00"
2019-03-19,2019031901001328,PMHPL,56,53,10,112.00,"1,120.00"
2019-03-19,2019031901001310,PMHPL,56,53,10,112.00,"1,120.00"
2019-03-19,2019031901001238,PMHPL,10,41,10,111.00,"1,110.00"
2019-03-19,2019031901001153,PMHPL,10,58,10,111.00,"1,110.00"
2019-03-19,2019031901001152,PMHPL,10,58,10,111.00,"1,110.00"
2019-03-19,2019031901001151,PMHPL,47,58,10,111.00,"1,110.00"
2019-03-19,2019031901001148,PMHPL,21,7,10,113.00,"1,130.00"
2019-03-19,2019031901001147,PMHPL,21,47,10,113.00,"1,130.00"
2019-03-19,2019031901001272,PRIN,34,58,457,410.00,"187,370.00"
2019-03-19,2019031901001271,PRIN,34,58,"1,100",410.00,"451,000.00"
2019-03-19,2019031901001270,PRIN,42,58,100,410.00,"41,000.00"
2019-03-19,2019031901001269,PRIN,5,58,150,410.00,"61,500.00"
2019-03-19,2019031901001268,PRIN,58,58,50,410.00,"20,500.00"
2019-03-19,2019031901001267,PRIN,39,58,183,410.00,"75,030.00"
2019-03-19,2019031901001260,PRIN,32,58,100,413.00,"41,300.00"
2019-03-19,2019031901001213,PRIN,13,48,400,414.00,"165,600.00"
2019-03-19,2019031901001168,PRIN,37,44,100,412.00,"41,200.00"
2019-03-19,2019031901001266,PRIN,32,58,300,411.00,"123,300.00"
2019-03-19,2019031901001265,PRIN,58,58,300,411.00,"123,300.00"
2019-03-19,2019031901001264,PRIN,32,58,150,411.00,"61,650.00"
2019-03-19,2019031901001263,PRIN,5,58,250,411.00,"102,750.00"
2019-03-19,2019031901001262,PRIN,13,58,500,412.00,"206,000.00"
2019-03-19,2019031901001261,PRIN,32,58,300,412.00,"123,600.00"
2019-03-19,2019031901001547,PRVU,14,36,56,232.00,"12,992.00"
2019-03-19,2019031901001546,PRVU,14,36,154,232.00,"35,728.00"
2019-03-19,2019031901001535,PRVU,50,48,50,233.00,"11,650.00"
2019-03-19,2019031901001506,RADHI,50,53,12,171.00,"2,052.00"
2019-03-19,2019031901001396,RADHI,50,43,11,171.00,"1,881.00"
2019-03-19,2019031901001582,RHPC,17,58,188,95.00,"17,860.00"
2019-03-19,2019031901001399,RLFL,51,43,17,116.00,"1,972.00"
2019-03-19,2019031901001431,RMDC,21,17,46,532.00,"24,472.00"
2019-03-19,2019031901001406,RSDC,41,43,57,368.00,"20,976.00"
2019-03-19,2019031901001361,RSDC,5,41,39,367.00,"14,313.00"
2019-03-19,2019031901001360,RSDC,35,41,18,367.00,"6,606.00"
2019-03-19,2019031901001421,SADBL,36,13,13,141.00,"1,833.00"
2019-03-19,2019031901001411,SADBL,36,43,71,141.00,"10,011.00"
2019-03-19,2019031901001315,SADBL,36,53,100,141.00,"14,100.00"
2019-03-19,2019031901001207,SANIMA,21,21,10,299.00,"2,990.00"
2019-03-19,2019031901001531,SBBLJ,33,21,10,199.00,"1,990.00"
2019-03-19,2019031901001256,SBBLJ,50,32,500,198.00,"99,000.00"
2019-03-19,2019031901001141,SBBLJ,43,32,330,195.00,"64,350.00"
2019-03-19,2019031901001581,SBI,33,38,46,392.00,"18,032.00"
2019-03-19,2019031901001439,SBI,33,45,118,392.00,"46,256.00"
2019-03-19,2019031901001558,SBL,58,5,69,290.00,"20,010.00"
2019-03-19,2019031901001557,SBL,10,5,372,290.00,"107,880.00"
2019-03-19,2019031901001556,SBL,48,5,100,291.00,"29,100.00"
2019-03-19,2019031901001432,SBL,45,50,10,294.00,"2,940.00"
2019-03-19,2019031901001123,SCB,22,58,20,582.00,"11,640.00"
2019-03-19,2019031901001413,SDESI,58,43,19,570.00,"10,830.00"
2019-03-19,2019031901001376,SDESI,29,5,23,570.00,"13,110.00"
2019-03-19,2019031901001373,SDESI,29,41,23,570.00,"13,110.00"
2019-03-19,2019031901001369,SDESI,29,5,23,570.00,"13,110.00"
2019-03-19,2019031901001357,SDESI,29,5,23,570.00,"13,110.00"
2019-03-19,2019031901001395,SEF,43,37,"1,000",9.27,"9,270.00"
2019-03-19,2019031901001580,SHPC,16,33,78,229.00,"17,862.00"
2019-03-19,2019031901001416,SHPC,16,43,22,229.00,"5,038.00"
2019-03-19,2019031901001335,SLBSL,16,7,10,733.00,"7,330.00"
2019-03-19,2019031901001553,SLICL,53,38,72,526.00,"37,872.00"
2019-03-19,2019031901001379,SLICL,32,5,180,530.00,"95,400.00"
2019-03-19,2019031901001363,SLICL,32,5,20,530.00,"10,600.00"
2019-03-19,2019031901001450,SMATA,1,59,18,"1,271.00","22,878.00"
2019-03-19,2019031901001382,SMATA,1,41,18,"1,271.00","22,878.00"
2019-03-19,2019031901001509,SMB,48,38,10,655.00,"6,550.00"
2019-03-19,2019031901001414,SMB,58,34,150,650.00,"97,500.00"
2019-03-19,2019031901001418,SPDL,45,43,29,101.00,"2,929.00"
2019-03-19,2019031901001386,SPDL,45,41,10,101.00,"1,010.00"
2019-03-19,2019031901001128,SPDL,45,58,10,101.00,"1,010.00"
2019-03-19,2019031901001342,SRBL,36,41,104,219.00,"22,776.00"
2019-03-19,2019031901001341,SRBL,36,13,339,219.00,"74,241.00"
2019-03-19,2019031901001340,SRBL,36,38,19,219.00,"4,161.00"
2019-03-19,2019031901001339,SRBL,36,8,300,219.00,"65,700.00"
2019-03-19,2019031901001285,SRBL,44,58,40,217.00,"8,680.00"
2019-03-19,2019031901001259,UFL,50,59,100,198.00,"19,800.00"
2019-03-19,2019031901001240,UFL,50,59,98,200.00,"19,600.00"
2019-03-19,2019031901001567,UPPER,51,5,20,242.00,"4,840.00"
2019-03-19,2019031901001566,UPPER,25,5,30,242.00,"7,260.00"
2019-03-19,2019031901001524,UPPER,25,33,50,242.00,"12,100.00"
2019-03-19,2019031901001504,UPPER,25,44,50,242.00,"12,100.00"
2019-03-19,2019031901001502,UPPER,18,43,420,243.00,"102,060.00"
2019-03-19,2019031901001095,UPPER,54,21,50,244.00,"12,200.00"
2019-03-19,2019031901001094,UPPER,54,21,50,244.00,"12,200.00"
2019-03-19,2019031901001093,UPPER,54,21,40,244.00,"9,760.00"
2019-03-19,2019031901001101,UPPER,1,10,20,243.00,"4,860.00"
2019-03-19,2019031901001100,UPPER,54,10,20,244.00,"4,880.00"
2019-03-19,2019031901001099,UPPER,54,26,50,244.00,"12,200.00"
2019-03-19,2019031901001098,UPPER,54,13,90,244.00,"21,960.00"
2019-03-19,2019031901001097,UPPER,54,43,500,244.00,"122,000.00"
2019-03-19,2019031901001096,UPPER,54,38,50,244.00,"12,200.00"
2019-03-19,2019031901001146,UPPER,56,58,30,242.00,"7,260.00"
2019-03-19,2019031901001145,UPPER,11,58,20,243.00,"4,860.00"
2019-03-19,2019031901001143,UPPER,11,58,10,243.00,"2,430.00"
2019-03-19,2019031901001142,UPPER,1,58,30,243.00,"7,290.00"
2019-03-19,2019031901001106,UPPER,1,10,50,243.00,"12,150.00"
2019-03-19,2019031901001277,UPPER,42,53,50,243.00,"12,150.00"
2019-03-19,2019031901001205,UPPER,42,43,40,243.00,"9,720.00"
2019-03-19,2019031901001185,UPPER,46,8,30,242.00,"7,260.00"
2019-03-19,2019031901001184,UPPER,1,8,20,242.00,"4,840.00"
2019-03-19,2019031901001149,UPPER,1,58,40,242.00,"9,680.00"
2019-03-19,2019031901001304,UPPER,42,11,40,243.00,"9,720.00"
2019-03-19,2019031901001302,UPPER,42,41,30,243.00,"7,290.00"
2019-03-19,2019031901001301,UPPER,42,41,170,243.00,"41,310.00"
2019-03-19,2019031901001295,UPPER,42,11,50,243.00,"12,150.00"
2019-03-19,2019031901001286,UPPER,42,58,40,243.00,"9,720.00"
2019-03-19,2019031901001281,UPPER,42,53,50,243.00,"12,150.00"
2019-03-19,2019031901001356,UPPER,46,8,50,242.00,"12,100.00"
2019-03-19,2019031901001352,UPPER,46,8,40,242.00,"9,680.00"
2019-03-19,2019031901001347,UPPER,46,8,40,242.00,"9,680.00"
2019-03-19,2019031901001345,UPPER,46,8,40,242.00,"9,680.00"
2019-03-19,2019031901001337,UPPER,46,8,40,242.00,"9,680.00"
2019-03-19,2019031901001311,UPPER,42,11,30,243.00,"7,290.00"
2019-03-19,2019031901001367,UPPER,36,11,40,243.00,"9,720.00"
2019-03-19,2019031901001366,UPPER,36,11,40,243.00,"9,720.00"
2019-03-19,2019031901001365,UPPER,36,11,40,243.00,"9,720.00"
2019-03-19,2019031901001364,UPPER,36,11,20,243.00,"4,860.00"
2019-03-19,2019031901001362,UPPER,46,8,50,242.00,"12,100.00"
2019-03-19,2019031901001359,UPPER,46,8,50,242.00,"12,100.00"
2019-03-19,2019031901001456,UPPER,25,44,30,242.00,"7,260.00"
2019-03-19,2019031901001455,UPPER,46,44,20,242.00,"4,840.00"
2019-03-19,2019031901001429,UPPER,46,43,50,242.00,"12,100.00"
2019-03-19,2019031901001393,UPPER,46,41,40,242.00,"9,680.00"
2019-03-19,2019031901001374,UPPER,46,8,50,242.00,"12,100.00"
2019-03-19,2019031901001368,UPPER,36,11,50,243.00,"12,150.00"
2019-03-19,2019031901001501,UPPER,18,11,40,243.00,"9,720.00"
2019-03-19,2019031901001500,UPPER,18,11,40,243.00,"9,720.00"
2019-03-19,2019031901001499,UPPER,25,47,50,242.00,"12,100.00"
2019-03-19,2019031901001490,UPPER,25,59,200,242.00,"48,400.00"
2019-03-19,2019031901001489,UPPER,25,44,50,242.00,"12,100.00"
2019-03-19,2019031901001480,UPPER,25,44,40,242.00,"9,680.00"
2019-03-19,2019031901001550,VLBS,44,43,242,670.00,"162,140.00"
2019-03-19,2019031901000998,ADBL,42,54,18,300.00,"5,400.00"
2019-03-19,2019031901000997,ADBL,56,54,20,300.00,"6,000.00"
2019-03-19,2019031901001053,AHPC,48,38,20,103.00,"2,060.00"
2019-03-19,2019031901001040,AKJCL,26,43,10,82.00,820.00
2019-03-19,2019031901001043,AKPL,40,43,20,169.00,"3,380.00"
2019-03-19,2019031901000969,AKPL,38,7,13,172.00,"2,236.00"
2019-03-19,2019031901000945,AKPL,38,54,10,172.00,"1,720.00"
2019-03-19,2019031901000886,ALBSL,34,32,10,460.00,"4,600.00"
2019-03-19,2019031901000866,ALBSL,29,34,10,451.00,"4,510.00"
2019-03-19,2019031901000724,ALICL,40,13,200,395.00,"79,000.00"
2019-03-19,2019031901000723,ALICL,49,13,20,395.00,"7,900.00"
2019-03-19,2019031901001052,AMFI,58,43,10,660.00,"6,600.00"
2019-03-19,2019031901001039,AMFI,58,36,10,660.00,"6,600.00"
2019-03-19,2019031901000656,AMFI,58,1,10,660.00,"6,600.00"
2019-03-19,2019031901000860,API,6,18,16,133.00,"2,128.00"
2019-03-19,2019031901000817,BARUN,50,44,910,96.00,"87,360.00"
2019-03-19,2019031901000731,BARUN,50,21,90,96.00,"8,640.00"
2019-03-19,2019031901001056,BHBL,57,43,24,139.00,"3,336.00"
2019-03-19,2019031901000940,BOKL,44,6,28,248.00,"6,944.00"
2019-03-19,2019031901000939,BOKL,44,37,22,248.00,"5,456.00"
2019-03-19,2019031901000635,BOKL,11,49,18,249.00,"4,482.00"
2019-03-19,2019031901001059,BPCL,26,43,10,363.00,"3,630.00"
2019-03-19,2019031901001042,BPCL,26,41,10,363.00,"3,630.00"
2019-03-19,2019031901001088,CBL,43,44,500,155.00,"77,500.00"
2019-03-19,2019031901001087,CBL,44,44,940,155.00,"145,700.00"
2019-03-19,2019031901001009,CBL,44,58,60,155.00,"9,300.00"
2019-03-19,2019031901000975,CBL,38,58,450,155.00,"69,750.00"
2019-03-19,2019031901000974,CBL,38,54,150,155.00,"23,250.00"
2019-03-19,2019031901000973,CBL,38,54,200,155.00,"31,000.00"
2019-03-19,2019031901000972,CBL,38,48,"1,480",155.00,"229,400.00"
2019-03-19,2019031901000869,CBL,43,48,"2,420",155.00,"375,100.00"
2019-03-19,2019031901000868,CBL,43,48,580,155.00,"89,900.00"
2019-03-19,2019031901000684,CBL,22,48,100,155.00,"15,500.00"
2019-03-19,2019031901001026,CCBL,6,58,120,162.00,"19,440.00"
2019-03-19,2019031901001025,CCBL,34,58,100,162.00,"16,200.00"
2019-03-19,2019031901001024,CCBL,19,58,200,162.00,"32,400.00"
2019-03-19,2019031901001023,CCBL,1,58,500,162.00,"81,000.00"
2019-03-19,2019031901001022,CCBL,46,58,200,162.00,"32,400.00"
2019-03-19,2019031901001021,CCBL,36,58,"1,196",162.00,"193,752.00"
2019-03-19,2019031901000707,CCBL,18,54,68,163.00,"11,084.00"
2019-03-19,2019031901000699,CCBL,18,54,81,163.00,"13,203.00"
2019-03-19,2019031901001020,CCBL,21,58,400,163.00,"65,200.00"
2019-03-19,2019031901001019,CCBL,21,58,100,163.00,"16,300.00"
2019-03-19,2019031901001018,CCBL,14,58,195,163.00,"31,785.00"
2019-03-19,2019031901001017,CCBL,14,58,100,163.00,"16,300.00"
2019-03-19,2019031901001016,CCBL,18,58,851,163.00,"138,713.00"
2019-03-19,2019031901000722,CHCL,48,49,184,507.00,"93,288.00"
2019-03-19,2019031901000721,CHCL,48,6,50,506.00,"25,300.00"
2019-03-19,2019031901000718,CHCL,59,6,50,506.00,"25,300.00"
2019-03-19,2019031901000715,CHCL,59,6,100,506.00,"50,600.00"
2019-03-19,2019031901001083,CHL,58,43,25,103.00,"2,575.00"
2019-03-19,2019031901001045,CHLBS,56,59,10,561.00,"5,610.00"
2019-03-19,2019031901000983,CHLBS,56,34,10,561.00,"5,610.00"
2019-03-19,2019031901000934,CHLBS,56,58,10,561.00,"5,610.00"
2019-03-19,2019031901000700,CHLBS,56,56,50,567.00,"28,350.00"
2019-03-19,2019031901000673,CHLBS,56,54,10,557.00,"5,570.00"
2019-03-19,2019031901000661,CHLBS,40,40,10,558.00,"5,580.00"
2019-03-19,2019031901000654,CHLBS,56,1,10,557.00,"5,570.00"
2019-03-19,2019031901000620,CHLBS,55,42,10,560.00,"5,600.00"
2019-03-19,2019031901000907,CIT,5,43,40,"2,700.00","108,000.00"
2019-03-19,2019031901000893,CIT,44,43,10,"2,700.00","27,000.00"
2019-03-19,2019031901000760,CIT,13,6,10,"2,690.00","26,900.00"
2019-03-19,2019031901000759,CIT,35,6,40,"2,693.00","107,720.00"
2019-03-19,2019031901000758,CIT,44,6,50,"2,694.00","134,700.00"
2019-03-19,2019031901000743,CIT,44,54,50,"2,694.00","134,700.00"
2019-03-19,2019031901000742,CIT,36,54,100,"2,695.00","269,500.00"
2019-03-19,2019031901000619,CIT,48,39,190,"2,688.00","510,720.00"
2019-03-19,2019031901000618,CIT,6,39,10,"2,689.00","26,890.00"
2019-03-19,2019031901000598,CIT,37,6,100,"2,690.00","269,000.00"
2019-03-19,2019031901000838,CMF1,21,37,"1,000",9.00,"9,000.00"
2019-03-19,2019031901001076,CZBIL,59,13,200,208.00,"41,600.00"
2019-03-19,2019031901000970,CZBIL,28,26,65,207.00,"13,455.00"
2019-03-19,2019031901000943,CZBIL,28,40,174,207.00,"36,018.00"
2019-03-19,2019031901000942,CZBIL,42,40,73,207.00,"15,111.00"
2019-03-19,2019031901000600,CZBIL,51,25,16,209.00,"3,344.00"
2019-03-19,2019031901000599,CZBIL,51,1,100,209.00,"20,900.00"
2019-03-19,2019031901000941,CZBIL,22,40,200,208.00,"41,600.00"
2019-03-19,2019031901000829,CZBIL,42,1,30,209.00,"6,270.00"
2019-03-19,2019031901000658,CZBIL,42,13,17,207.00,"3,519.00"
2019-03-19,2019031901000646,CZBIL,51,5,54,208.00,"11,232.00"
2019-03-19,2019031901000645,CZBIL,51,5,90,208.00,"18,720.00"
2019-03-19,2019031901000638,CZBIL,29,25,"2,000",209.00,"418,000.00"
2019-03-19,2019031901000871,DBBL,32,50,41,128.00,"5,248.00"
2019-03-19,2019031901000734,DBBL,32,22,20,127.00,"2,540.00"
2019-03-19,2019031901000709,DBBL,57,38,20,126.00,"2,520.00"
2019-03-19,2019031901000670,DBBL,57,56,66,126.00,"8,316.00"
2019-03-19,2019031901000921,DDBL,6,11,270,585.00,"157,950.00"
2019-03-19,2019031901000920,DDBL,7,11,200,585.00,"117,000.00"
2019-03-19,2019031901000919,DDBL,55,11,20,585.00,"11,700.00"
2019-03-19,2019031901000918,DDBL,47,11,100,586.00,"58,600.00"
2019-03-19,2019031901000917,DDBL,39,11,10,586.00,"5,860.00"
2019-03-19,2019031901000916,DDBL,41,11,50,590.00,"29,500.00"
2019-03-19,2019031901000915,DDBL,32,11,50,591.00,"29,550.00"
2019-03-19,2019031901000995,EBL,26,7,148,550.00,"81,400.00"
2019-03-19,2019031901000994,EBL,38,7,20,550.00,"11,000.00"
2019-03-19,2019031901000993,EBL,59,7,100,550.00,"55,000.00"
2019-03-19,2019031901000992,EBL,13,7,250,551.00,"137,750.00"
2019-03-19,2019031901000698,EBL,3,32,177,553.00,"97,881.00"
2019-03-19,2019031901000681,EBL,50,50,200,554.00,"110,800.00"
2019-03-19,2019031901000680,EBL,56,50,100,554.00,"55,400.00"
2019-03-19,2019031901000815,EBL,10,32,200,554.00,"110,800.00"
2019-03-19,2019031901000976,EBL,10,6,113,554.00,"62,602.00"
2019-03-19,2019031901000949,EBL,43,32,112,554.00,"62,048.00"
2019-03-19,2019031901000906,EBL,43,13,88,554.00,"48,752.00"
2019-03-19,2019031901000991,EBL,41,7,30,552.00,"16,560.00"
2019-03-19,2019031901000990,EBL,26,7,20,552.00,"11,040.00"
2019-03-19,2019031901000989,EBL,58,7,25,553.00,"13,825.00"
2019-03-19,2019031901000988,EBL,53,7,50,553.00,"27,650.00"
2019-03-19,2019031901000987,EBL,48,7,20,553.00,"11,060.00"
2019-03-19,2019031901000986,EBL,10,7,37,554.00,"20,498.00"
2019-03-19,2019031901000964,GBBL,1,53,"1,000",186.00,"186,000.00"
2019-03-19,2019031901000870,GBBL,1,54,19,186.00,"3,534.00"
2019-03-19,2019031901000830,GBBL,1,44,970,188.00,"182,360.00"
2019-03-19,2019031901000938,GBIME,39,40,52,265.00,"13,780.00"
2019-03-19,2019031901000937,GBIME,39,40,68,265.00,"18,020.00"
2019-03-19,2019031901000936,GBIME,38,40,200,266.00,"53,200.00"
2019-03-19,2019031901000935,GBIME,16,40,180,266.00,"47,880.00"
2019-03-19,2019031901000726,GBIME,16,56,20,266.00,"5,320.00"
2019-03-19,2019031901000725,GBIME,42,56,88,266.00,"23,408.00"
2019-03-19,2019031901000948,GBLBS,38,47,10,456.00,"4,560.00"
2019-03-19,2019031901000859,GBLBS,5,32,60,455.00,"27,300.00"
2019-03-19,2019031901000674,GBLBS,4,54,10,455.00,"4,550.00"
2019-03-19,2019031901000655,GBLBS,4,48,10,455.00,"4,550.00"
