Date,Transact. No.,Symbol,Buyer,Seller,Quantity,Rate,Amount
2020-01-19,2020011901021419,ADBL,42,5,"2,000",396.00,"792,000.00"
2020-01-19,2020011901021418,ADBL,34,5,500,396.00,"198,000.00"
2020-01-19,2020011901021417,ADBL,8,5,100,396.00,"39,600.00"
2020-01-19,2020011901021416,ADBL,41,5,500,396.00,"198,000.00"
2020-01-19,2020011901021054,ADBL,49,39,20,397.00,"7,940.00"
2020-01-19,2020011901021053,ADBL,49,8,80,397.00,"31,760.00"
2020-01-19,2020011901020990,ADBL,42,8,10,397.00,"3,970.00"
2020-01-19,2020011901020975,ADBL,26,8,100,397.00,"39,700.00"
2020-01-19,2020011901021387,AHPC,58,39,10,100.00,"1,000.00"
2020-01-19,2020011901021331,AHPC,58,21,100,99.00,"9,900.00"
2020-01-19,2020011901020969,AHPC,58,4,218,99.00,"21,582.00"
2020-01-19,2020011901021234,AKPL,45,53,57,135.00,"7,695.00"
2020-01-19,2020011901021170,AKPL,36,53,"3,000",135.00,"405,000.00"
2020-01-19,2020011901021090,AKPL,29,42,11,133.00,"1,463.00"
2020-01-19,2020011901020963,AKPL,22,42,11,132.00,"1,452.00"
2020-01-19,2020011901020934,AKPL,16,53,288,133.00,"38,304.00"
2020-01-19,2020011901020933,AKPL,51,53,300,134.00,"40,200.00"
2020-01-19,2020011901021404,ALBSL,6,38,100,690.00,"69,000.00"
2020-01-19,2020011901021283,ALBSL,18,38,10,690.00,"6,900.00"
2020-01-19,2020011901021219,ALBSL,59,14,20,685.00,"13,700.00"
2020-01-19,2020011901021123,ALBSL,52,14,100,685.00,"68,500.00"
2020-01-19,2020011901021108,ALBSL,43,14,40,685.00,"27,400.00"
2020-01-19,2020011901020947,ALBSL,1,14,200,685.00,"137,000.00"
2020-01-19,2020011901021410,API,25,45,10,132.00,"1,320.00"
2020-01-19,2020011901021409,API,25,40,52,130.00,"6,760.00"
2020-01-19,2020011901021304,BBC,32,58,50,"2,060.00","103,000.00"
2020-01-19,2020011901021303,BBC,39,58,100,"2,060.00","206,000.00"
2020-01-19,2020011901021088,BBC,32,58,200,"2,060.00","412,000.00"
2020-01-19,2020011901021036,BFC,57,58,260,107.00,"27,820.00"
2020-01-19,2020011901021035,BFC,57,58,120,107.00,"12,840.00"
2020-01-19,2020011901021034,BFC,29,58,500,107.00,"53,500.00"
2020-01-19,2020011901021033,BFC,7,58,"1,000",107.00,"107,000.00"
2020-01-19,2020011901021032,BFC,7,58,220,107.00,"23,540.00"
2020-01-19,2020011901021003,BOKL,11,29,169,247.00,"41,743.00"
2020-01-19,2020011901021190,BPCL,34,58,10,340.00,"3,400.00"
2020-01-19,2020011901021008,CBBL,18,36,19,916.00,"17,404.00"
2020-01-19,2020011901021383,CBL,41,22,200,152.00,"30,400.00"
2020-01-19,2020011901021162,CBL,38,40,729,153.00,"111,537.00"
2020-01-19,2020011901021217,CCBL,57,45,464,192.00,"89,088.00"
2020-01-19,2020011901021216,CCBL,57,11,36,192.00,"6,912.00"
2020-01-19,2020011901021097,CCBL,28,7,500,191.00,"95,500.00"
2020-01-19,2020011901020966,CCBL,51,34,29,190.00,"5,510.00"
2020-01-19,2020011901020944,CCBL,6,11,50,192.00,"9,600.00"
2020-01-19,2020011901021119,CHCL,47,11,200,450.00,"90,000.00"
2020-01-19,2020011901021118,CHCL,49,11,295,450.00,"132,750.00"
2020-01-19,2020011901021117,CHCL,51,11,250,452.00,"113,000.00"
2020-01-19,2020011901021406,CIT,49,40,50,"2,266.00","113,300.00"
2020-01-19,2020011901021405,CIT,38,40,100,"2,266.00","226,600.00"
2020-01-19,2020011901021335,CIT,54,39,10,"2,280.00","22,800.00"
2020-01-19,2020011901021240,CIT,38,34,70,"2,288.00","160,160.00"
2020-01-19,2020011901021239,CIT,38,58,20,"2,270.00","45,400.00"
2020-01-19,2020011901021236,CIT,8,58,100,"2,270.00","227,000.00"
2020-01-19,2020011901021235,CIT,22,58,50,"2,270.00","113,500.00"
2020-01-19,2020011901021208,CIT,59,16,23,"2,285.00","52,555.00"
2020-01-19,2020011901021186,CIT,17,39,20,"2,280.00","45,600.00"
2020-01-19,2020011901021138,CIT,5,49,50,"2,281.00","114,050.00"
2020-01-19,2020011901020936,CLBSL,54,50,300,885.00,"265,500.00"
2020-01-19,2020011901021243,CORBL,46,59,"1,000",144.00,"144,000.00"
2020-01-19,2020011901020925,CZBIL,39,42,"1,000",213.00,"213,000.00"
2020-01-19,2020011901020924,CZBIL,39,38,388,213.00,"82,644.00"
2020-01-19,2020011901021397,EBL,32,51,10,642.00,"6,420.00"
2020-01-19,2020011901021043,EBL,57,49,200,640.00,"128,000.00"
2020-01-19,2020011901021042,EBL,25,49,200,641.00,"128,200.00"
2020-01-19,2020011901021041,EBL,32,49,100,641.00,"64,100.00"
2020-01-19,2020011901021347,EIC,14,17,200,360.00,"72,000.00"
2020-01-19,2020011901021161,EIC,44,17,50,360.00,"18,000.00"
2020-01-19,2020011901021136,EIC,43,17,100,359.00,"35,900.00"
2020-01-19,2020011901021135,EIC,19,17,85,359.00,"30,515.00"
2020-01-19,2020011901020942,EIC,16,17,100,360.00,"36,000.00"
2020-01-19,2020011901021028,FMDBL,17,19,100,431.00,"43,100.00"
2020-01-19,2020011901020954,FMDBL,51,18,412,430.00,"177,160.00"
2020-01-19,2020011901020953,FMDBL,49,18,38,430.00,"16,340.00"
2020-01-19,2020011901021146,GBBL,7,45,500,240.00,"120,000.00"
2020-01-19,2020011901021386,GBLBS,17,38,50,420.00,"21,000.00"
2020-01-19,2020011901021263,GBLBS,37,35,596,416.00,"247,936.00"
2020-01-19,2020011901021262,GBLBS,29,35,120,416.00,"49,920.00"
2020-01-19,2020011901021261,GBLBS,6,35,200,416.00,"83,200.00"
2020-01-19,2020011901021260,GBLBS,43,35,300,416.00,"124,800.00"
2020-01-19,2020011901021259,GBLBS,29,35,120,416.00,"49,920.00"
2020-01-19,2020011901021258,GBLBS,46,35,"1,000",417.00,"417,000.00"
2020-01-19,2020011901021257,GBLBS,36,35,50,418.00,"20,900.00"
2020-01-19,2020011901021256,GBLBS,45,35,100,418.00,"41,800.00"
2020-01-19,2020011901021255,GBLBS,44,35,275,418.00,"114,950.00"
2020-01-19,2020011901021340,GFCL,49,17,100,155.00,"15,500.00"
2020-01-19,2020011901021086,GFCL,38,1,100,155.00,"15,500.00"
2020-01-19,2020011901021051,GGBSL,3,16,10,919.00,"9,190.00"
2020-01-19,2020011901020997,GGBSL,3,21,20,908.00,"18,160.00"
2020-01-19,2020011901020935,GGBSL,3,3,10,900.00,"9,000.00"
2020-01-19,2020011901021169,GLICL,44,6,100,613.00,"61,300.00"
2020-01-19,2020011901020939,GMFBS,28,34,10,789.00,"7,890.00"
2020-01-19,2020011901021382,HBL,43,43,30,576.00,"17,280.00"
2020-01-19,2020011901021336,HBL,43,43,50,576.00,"28,800.00"
2020-01-19,2020011901021237,HBL,43,14,400,576.00,"230,400.00"
2020-01-19,2020011901021200,HBL,44,58,77,580.00,"44,660.00"
2020-01-19,2020011901021199,HBL,44,57,100,579.00,"57,900.00"
2020-01-19,2020011901021198,HBL,44,43,319,578.00,"184,382.00"
2020-01-19,2020011901021197,HBL,44,43,504,578.00,"291,312.00"
2020-01-19,2020011901021414,HDL,35,33,10,"1,300.00","13,000.00"
2020-01-19,2020011901021393,HDL,38,1,15,"1,299.00","19,485.00"
2020-01-19,2020011901021385,HDL,34,33,10,"1,300.00","13,000.00"
2020-01-19,2020011901021366,HDL,38,45,50,"1,299.00","64,950.00"
2020-01-19,2020011901021345,HDL,38,38,10,"1,299.00","12,990.00"
2020-01-19,2020011901021344,HDL,57,38,40,"1,299.00","51,960.00"
2020-01-19,2020011901020983,HDL,34,54,47,"1,300.00","61,100.00"
2020-01-19,2020011901021334,HDL,57,39,10,"1,299.00","12,990.00"
2020-01-19,2020011901021333,HDL,47,39,90,"1,299.00","116,910.00"
2020-01-19,2020011901021124,HDL,33,33,20,"1,300.00","26,000.00"
2020-01-19,2020011901021113,HDL,14,54,43,"1,300.00","55,900.00"
2020-01-19,2020011901021079,HDL,6,54,40,"1,300.00","52,000.00"
2020-01-19,2020011901020989,HDL,40,54,150,"1,300.00","195,000.00"
2020-01-19,2020011901021337,HGI,43,53,100,363.00,"36,300.00"
2020-01-19,2020011901021195,HGI,52,53,50,363.00,"18,150.00"
2020-01-19,2020011901020970,HGI,46,53,200,363.00,"72,600.00"
2020-01-19,2020011901021241,HIDCL,6,54,10,146.00,"1,460.00"
2020-01-19,2020011901020998,HIDCL,54,52,500,145.00,"72,500.00"
2020-01-19,2020011901021359,ICFC,49,17,16,195.00,"3,120.00"
2020-01-19,2020011901021358,ICFC,49,17,194,194.00,"37,636.00"
2020-01-19,2020011901021281,ICFC,49,5,50,193.00,"9,650.00"
2020-01-19,2020011901021280,ICFC,49,5,"1,000",193.00,"193,000.00"
2020-01-19,2020011901021279,ICFC,49,52,300,192.00,"57,600.00"
2020-01-19,2020011901021084,ICFC,49,58,538,190.00,"102,220.00"
2020-01-19,2020011901021083,ICFC,49,38,541,189.00,"102,249.00"
2020-01-19,2020011901021403,ILBS,53,49,10,840.00,"8,400.00"
2020-01-19,2020011901021355,ILBS,22,57,10,855.00,"8,550.00"
2020-01-19,2020011901021314,ILBS,53,42,20,840.00,"16,800.00"
2020-01-19,2020011901021302,ILBS,53,34,50,840.00,"42,000.00"
2020-01-19,2020011901021211,ILBS,10,49,70,841.00,"58,870.00"
2020-01-19,2020011901021165,ILBS,22,49,300,841.00,"252,300.00"
2020-01-19,2020011901020999,ILBS,51,41,100,850.00,"85,000.00"
2020-01-19,2020011901021145,ILBS,22,34,136,841.00,"114,376.00"
2020-01-19,2020011901021144,ILBS,41,34,10,842.00,"8,420.00"
2020-01-19,2020011901021143,ILBS,47,34,50,842.00,"42,100.00"
2020-01-19,2020011901021002,ILBS,51,48,10,855.00,"8,550.00"
2020-01-19,2020011901021001,ILBS,51,6,10,850.00,"8,500.00"
2020-01-19,2020011901021000,ILBS,51,22,10,850.00,"8,500.00"
2020-01-19,2020011901021298,JFL,42,58,200,198.00,"39,600.00"
2020-01-19,2020011901021297,JFL,42,41,219,198.00,"43,362.00"
2020-01-19,2020011901021296,JFL,42,17,500,198.00,"99,000.00"
2020-01-19,2020011901021295,JFL,42,45,50,198.00,"9,900.00"
2020-01-19,2020011901021294,JFL,42,45,50,198.00,"9,900.00"
2020-01-19,2020011901021293,JFL,42,17,80,198.00,"15,840.00"
2020-01-19,2020011901021206,JFL,42,58,75,193.00,"14,475.00"
2020-01-19,2020011901021205,JFL,42,25,500,192.00,"96,000.00"
2020-01-19,2020011901021204,JFL,42,22,"1,000",192.00,"192,000.00"
2020-01-19,2020011901021203,JFL,42,37,"1,000",192.00,"192,000.00"
2020-01-19,2020011901021202,JFL,42,6,160,191.00,"30,560.00"
2020-01-19,2020011901021201,JFL,42,6,59,190.00,"11,210.00"
2020-01-19,2020011901021292,JFL,42,34,200,198.00,"39,600.00"
2020-01-19,2020011901021291,JFL,42,7,81,198.00,"16,038.00"
2020-01-19,2020011901021246,JFL,42,32,500,197.00,"98,500.00"
2020-01-19,2020011901021245,JFL,42,59,92,196.00,"18,032.00"
2020-01-19,2020011901021244,JFL,42,32,161,195.00,"31,395.00"
2020-01-19,2020011901021207,JFL,42,17,"1,000",194.00,"194,000.00"
2020-01-19,2020011901021317,KBL,36,45,50,204.00,"10,200.00"
2020-01-19,2020011901021316,KBL,58,45,150,204.00,"30,600.00"
2020-01-19,2020011901021173,KBL,58,6,350,204.00,"71,400.00"
2020-01-19,2020011901021172,KBL,5,6,150,204.00,"30,600.00"
2020-01-19,2020011901021171,KBL,17,6,100,204.00,"20,400.00"
2020-01-19,2020011901021130,KKHC,43,42,10,54.00,540.00
2020-01-19,2020011901021267,KPCL,42,41,100,94.00,"9,400.00"
2020-01-19,2020011901021132,LBBL,42,14,12,200.00,"2,400.00"
2020-01-19,2020011901021346,LBL,26,45,80,221.00,"17,680.00"
2020-01-19,2020011901021287,LBL,26,45,600,221.00,"132,600.00"
2020-01-19,2020011901021396,LGIL,47,22,10,450.00,"4,500.00"
2020-01-19,2020011901021395,LGIL,47,16,760,450.00,"342,000.00"
2020-01-19,2020011901021330,LGIL,41,17,300,444.00,"133,200.00"
2020-01-19,2020011901021265,LGIL,57,43,23,449.00,"10,327.00"
2020-01-19,2020011901021264,LGIL,57,43,77,449.00,"34,573.00"
2020-01-19,2020011901021134,LGIL,45,16,200,450.00,"90,000.00"
2020-01-19,2020011901021133,LGIL,45,57,100,450.00,"45,000.00"
2020-01-19,2020011901021107,LGIL,48,57,100,450.00,"45,000.00"
2020-01-19,2020011901021392,LLBS,34,25,"1,969",991.00,"1,951,279.00"
2020-01-19,2020011901021391,LLBS,34,25,31,"1,010.00","31,310.00"
2020-01-19,2020011901021363,LLBS,34,25,469,"1,010.00","473,690.00"
2020-01-19,2020011901021362,LLBS,34,25,31,"1,029.00","31,899.00"
2020-01-19,2020011901021339,LLBS,34,38,229,"1,029.00","235,641.00"
2020-01-19,2020011901021338,LLBS,34,49,40,"1,028.00","41,120.00"
2020-01-19,2020011901021278,LLBS,25,49,10,"1,028.00","10,280.00"
2020-01-19,2020011901020962,LLBS,38,38,65,"1,031.00","67,015.00"
2020-01-19,2020011901021370,MBL,43,25,500,246.00,"123,000.00"
2020-01-19,2020011901020932,MBL,35,16,150,247.00,"37,050.00"
2020-01-19,2020011901021301,MEGA,43,28,10,210.00,"2,100.00"
2020-01-19,2020011901021158,MEGA,29,21,269,208.00,"55,952.00"
2020-01-19,2020011901021157,MEGA,56,21,25,208.00,"5,200.00"
2020-01-19,2020011901021156,MEGA,34,21,170,208.00,"35,360.00"
2020-01-19,2020011901021155,MEGA,25,21,300,209.00,"62,700.00"
2020-01-19,2020011901020927,MEGA,29,28,50,210.00,"10,500.00"
2020-01-19,2020011901021154,MEGA,49,21,200,209.00,"41,800.00"
2020-01-19,2020011901021153,MEGA,28,21,36,209.00,"7,524.00"
2020-01-19,2020011901020981,MEGA,34,28,500,210.00,"105,000.00"
2020-01-19,2020011901021408,MERO,58,4,50,676.00,"33,800.00"
2020-01-19,2020011901021361,MERO,58,41,200,670.00,"134,000.00"
2020-01-19,2020011901021360,MERO,58,46,380,665.00,"252,700.00"
2020-01-19,2020011901021332,MERO,34,46,100,665.00,"66,500.00"
2020-01-19,2020011901021299,MERO,17,47,38,660.00,"25,080.00"
2020-01-19,2020011901021180,MERO,34,46,20,665.00,"13,300.00"
2020-01-19,2020011901021063,MERO,17,34,25,660.00,"16,500.00"
2020-01-19,2020011901021152,MFIL,38,43,100,215.00,"21,500.00"
2020-01-19,2020011901021112,MFIL,47,43,200,215.00,"43,000.00"
2020-01-19,2020011901021105,MFIL,48,43,"1,000",215.00,"215,000.00"
2020-01-19,2020011901021055,MFIL,47,43,100,215.00,"21,500.00"
2020-01-19,2020011901021026,MFIL,22,43,"1,000",215.00,"215,000.00"
2020-01-19,2020011901020978,MFIL,48,43,"1,000",215.00,"215,000.00"
2020-01-19,2020011901020955,MFIL,19,43,500,215.00,"107,500.00"
2020-01-19,2020011901020952,MFIL,47,43,100,215.00,"21,500.00"
2020-01-19,2020011901020960,MLBBL,58,33,200,665.00,"133,000.00"
2020-01-19,2020011901020959,MLBBL,6,33,100,666.00,"66,600.00"
2020-01-19,2020011901020958,MLBBL,45,33,50,666.00,"33,300.00"
2020-01-19,2020011901020957,MLBBL,34,33,39,667.00,"26,013.00"
2020-01-19,2020011901021163,MNBBL,44,4,100,337.00,"33,700.00"
2020-01-19,2020011901021407,MSMBS,45,37,100,766.00,"76,600.00"
2020-01-19,2020011901021369,MSMBS,45,54,40,766.00,"30,640.00"
2020-01-19,2020011901021354,MSMBS,58,59,100,775.00,"77,500.00"
2020-01-19,2020011901021353,MSMBS,58,16,150,774.00,"116,100.00"
2020-01-19,2020011901021277,MSMBS,45,54,50,766.00,"38,300.00"
2020-01-19,2020011901021380,NABIL,50,49,942,764.00,"719,688.00"
2020-01-19,2020011901021379,NABIL,35,49,100,765.00,"76,500.00"
2020-01-19,2020011901021378,NABIL,43,49,360,765.00,"275,400.00"
2020-01-19,2020011901021357,NABIL,32,34,100,766.00,"76,600.00"
2020-01-19,2020011901021214,NABIL,43,14,140,765.00,"107,100.00"
2020-01-19,2020011901021213,NABIL,45,14,100,765.00,"76,500.00"
2020-01-19,2020011901021212,NABIL,43,14,260,765.00,"198,900.00"
2020-01-19,2020011901021194,NABIL,43,59,50,765.00,"38,250.00"
2020-01-19,2020011901021164,NABIL,43,42,50,765.00,"38,250.00"
2020-01-19,2020011901021394,NADEP,18,43,10,645.00,"6,450.00"
2020-01-19,2020011901021327,NADEP,16,19,168,635.00,"106,680.00"
2020-01-19,2020011901021308,NADEP,29,19,132,636.00,"83,952.00"
2020-01-19,2020011901021275,NADEP,54,19,350,637.00,"222,950.00"
2020-01-19,2020011901020965,NADEP,17,16,100,636.00,"63,600.00"
2020-01-19,2020011901020964,NADEP,17,53,420,636.00,"267,120.00"
2020-01-19,2020011901021274,NADEP,1,19,100,637.00,"63,700.00"
2020-01-19,2020011901021224,NADEP,42,19,50,646.00,"32,300.00"
2020-01-19,2020011901021242,NBB,37,6,500,215.00,"107,500.00"
2020-01-19,2020011901021076,NBB,46,38,"1,000",216.00,"216,000.00"
2020-01-19,2020011901021075,NBB,46,34,560,216.00,"120,960.00"
2020-01-19,2020011901021074,NBB,46,34,370,216.00,"79,920.00"
2020-01-19,2020011901021415,NBL,33,33,50,284.00,"14,200.00"
2020-01-19,2020011901021401,NBL,21,33,"1,200",284.00,"340,800.00"
2020-01-19,2020011901021177,NBL,17,34,"1,600",283.00,"452,800.00"
2020-01-19,2020011901021089,NBL,21,34,400,283.00,"113,200.00"
2020-01-19,2020011901021285,NCCB,21,52,216,237.00,"51,192.00"
2020-01-19,2020011901021284,NCCB,21,49,584,236.00,"137,824.00"
2020-01-19,2020011901021095,NCCB,57,17,410,236.00,"96,760.00"
2020-01-19,2020011901021094,NCCB,47,17,85,236.00,"20,060.00"
2020-01-19,2020011901021030,NCCB,47,34,715,236.00,"168,740.00"
2020-01-19,2020011901021029,NCCB,4,34,285,236.00,"67,260.00"
2020-01-19,2020011901021016,NCCB,4,58,"5,000",236.00,"1,180,000.00"
2020-01-19,2020011901021328,NGPL,48,10,100,119.00,"11,900.00"
2020-01-19,2020011901021047,NGPL,58,38,11,118.00,"1,298.00"
2020-01-19,2020011901020984,NGPL,58,42,11,118.00,"1,298.00"
2020-01-19,2020011901021342,NIB,7,6,177,411.00,"72,747.00"
2020-01-19,2020011901021310,NIB,7,29,100,411.00,"41,100.00"
2020-01-19,2020011901021271,NIB,22,51,100,412.00,"41,200.00"
2020-01-19,2020011901021220,NIB,52,51,180,412.00,"74,160.00"
2020-01-19,2020011901021116,NIB,7,26,311,411.00,"127,821.00"
2020-01-19,2020011901021100,NIB,39,26,950,411.00,"390,450.00"
2020-01-19,2020011901020941,NIB,39,26,100,411.00,"41,100.00"
2020-01-19,2020011901020940,NIB,39,6,200,411.00,"82,200.00"
2020-01-19,2020011901021421,NIBLPF,7,26,100,8.47,847.00
2020-01-19,2020011901021185,NICA,44,17,101,477.00,"48,177.00"
2020-01-19,2020011901021184,NICA,33,17,"1,000",477.00,"477,000.00"
2020-01-19,2020011901021183,NICA,25,17,100,477.00,"47,700.00"
2020-01-19,2020011901021182,NICA,16,17,50,477.00,"23,850.00"
2020-01-19,2020011901021181,NICA,13,17,149,477.00,"71,073.00"
2020-01-19,2020011901021368,NICL,58,17,"1,000",391.00,"391,000.00"
2020-01-19,2020011901021367,NICL,25,17,300,392.00,"117,600.00"
2020-01-19,2020011901021341,NICL,52,36,10,400.00,"4,000.00"
2020-01-19,2020011901021223,NICL,42,36,593,400.00,"237,200.00"
2020-01-19,2020011901021222,NICL,42,5,300,400.00,"120,000.00"
2020-01-19,2020011901021221,NICL,42,16,107,400.00,"42,800.00"
2020-01-19,2020011901021087,NICL,49,4,10,398.00,"3,980.00"
2020-01-19,2020011901021027,NICL,25,13,200,397.00,"79,400.00"
2020-01-19,2020011901020979,NICL,33,4,10,398.00,"3,980.00"
2020-01-19,2020011901021402,NIL,26,50,200,470.00,"94,000.00"
2020-01-19,2020011901021400,NIL,50,17,200,464.00,"92,800.00"
2020-01-19,2020011901021309,NIL,50,16,100,464.00,"46,400.00"
2020-01-19,2020011901021300,NIL,41,6,48,465.00,"22,320.00"
2020-01-19,2020011901021270,NIL,41,6,900,465.00,"418,500.00"
2020-01-19,2020011901021010,NIL,50,4,26,464.00,"12,064.00"
2020-01-19,2020011901020968,NIL,50,17,480,464.00,"222,720.00"
2020-01-19,2020011901020967,NIL,35,17,20,468.00,"9,360.00"
2020-01-19,2020011901021315,NLBBL,22,41,300,678.00,"203,400.00"
2020-01-19,2020011901021389,NLIC,25,4,85,"1,090.00","92,650.00"
2020-01-19,2020011901021388,NLIC,25,45,15,"1,089.00","16,335.00"
2020-01-19,2020011901021131,NLIC,22,4,39,"1,085.00","42,315.00"
2020-01-19,2020011901021104,NLIC,57,4,11,"1,085.00","11,935.00"
2020-01-19,2020011901021056,NLIC,57,28,189,"1,085.00","205,065.00"
2020-01-19,2020011901021020,NLIC,44,4,818,"1,081.00","884,258.00"
2020-01-19,2020011901021019,NLIC,53,4,172,"1,082.00","186,104.00"
2020-01-19,2020011901021018,NLIC,39,4,10,"1,082.00","10,820.00"
2020-01-19,2020011901021014,NLIC,10,28,90,"1,085.00","97,650.00"
2020-01-19,2020011901021364,NLICL,25,56,10,659.00,"6,590.00"
2020-01-19,2020011901021326,NLICL,38,32,50,651.00,"32,550.00"
2020-01-19,2020011901021209,NLICL,14,32,100,651.00,"65,100.00"
2020-01-19,2020011901021050,NLICL,22,58,458,650.00,"297,700.00"
2020-01-19,2020011901021049,NLICL,41,58,42,650.00,"27,300.00"
2020-01-19,2020011901021017,NLICL,54,32,50,651.00,"32,550.00"
2020-01-19,2020011901021175,NMB,8,43,18,376.00,"6,768.00"
2020-01-19,2020011901021129,NMB,40,16,257,377.00,"96,889.00"
2020-01-19,2020011901020974,NMB,6,16,150,377.00,"56,550.00"
2020-01-19,2020011901020951,NMB,41,16,134,377.00,"50,518.00"
2020-01-19,2020011901021356,NNLB,22,7,150,713.00,"106,950.00"
2020-01-19,2020011901021269,NNLB,19,7,500,716.00,"358,000.00"
2020-01-19,2020011901021025,NNLB,28,7,100,730.00,"73,000.00"
2020-01-19,2020011901021024,NNLB,57,7,50,734.00,"36,700.00"
2020-01-19,2020011901021023,NNLB,26,7,40,734.00,"29,360.00"
2020-01-19,2020011901021022,NNLB,35,7,100,735.00,"73,500.00"
2020-01-19,2020011901021021,NNLB,46,7,28,735.00,"20,580.00"
2020-01-19,2020011901020956,NSEWA,43,5,10,678.00,"6,780.00"
2020-01-19,2020011901021350,NTC,43,37,10,650.00,"6,500.00"
2020-01-19,2020011901021106,NTC,19,34,50,648.00,"32,400.00"
2020-01-19,2020011901021073,OHL,44,56,100,542.00,"54,200.00"
2020-01-19,2020011901021290,PCBL,21,4,300,284.00,"85,200.00"
2020-01-19,2020011901021289,PCBL,14,4,"1,000",284.00,"284,000.00"
2020-01-19,2020011901021288,PCBL,53,4,840,285.00,"239,400.00"
2020-01-19,2020011901021125,PCBL,53,17,160,285.00,"45,600.00"
2020-01-19,2020011901021110,PCBL,6,14,200,286.00,"57,200.00"
2020-01-19,2020011901020928,PCBL,58,14,280,286.00,"80,080.00"
2020-01-19,2020011901020988,PIC,43,17,42,540.00,"22,680.00"
2020-01-19,2020011901020987,PIC,59,17,25,540.00,"13,500.00"
2020-01-19,2020011901020986,PIC,33,17,100,540.00,"54,000.00"
2020-01-19,2020011901020985,PIC,35,17,33,540.00,"17,820.00"
2020-01-19,2020011901021192,PICL,52,4,45,631.00,"28,395.00"
2020-01-19,2020011901021312,PLIC,42,4,50,484.00,"24,200.00"
2020-01-19,2020011901021193,PLIC,42,13,200,484.00,"96,800.00"
2020-01-19,2020011901021127,PLIC,42,8,24,484.00,"11,616.00"
2020-01-19,2020011901021126,PLIC,53,8,54,484.00,"26,136.00"
2020-01-19,2020011901021012,PLIC,53,17,31,484.00,"15,004.00"
2020-01-19,2020011901021011,PLIC,45,17,469,484.00,"226,996.00"
2020-01-19,2020011901021305,PRIN,45,34,100,430.00,"43,000.00"
2020-01-19,2020011901021218,PRIN,1,52,200,430.00,"86,000.00"
2020-01-19,2020011901021085,PRIN,16,11,200,429.00,"85,800.00"
2020-01-19,2020011901021376,PRVU,44,1,200,265.00,"53,000.00"
2020-01-19,2020011901021371,PRVU,42,1,400,265.00,"106,000.00"
2020-01-19,2020011901021325,PRVU,44,42,"1,000",264.00,"264,000.00"
2020-01-19,2020011901021324,PRVU,44,53,"1,000",264.00,"264,000.00"
2020-01-19,2020011901021323,PRVU,44,57,500,264.00,"132,000.00"
2020-01-19,2020011901021150,PRVU,44,34,"2,441",262.00,"639,542.00"
2020-01-19,2020011901020982,PRVU,48,34,250,262.00,"65,500.00"
2020-01-19,2020011901020973,PRVU,6,11,480,261.00,"125,280.00"
2020-01-19,2020011901020972,PRVU,29,11,50,261.00,"13,050.00"
2020-01-19,2020011901020971,PRVU,51,11,470,261.00,"122,670.00"
2020-01-19,2020011901021322,PRVU,44,55,149,264.00,"39,336.00"
2020-01-19,2020011901021321,PRVU,44,54,300,264.00,"79,200.00"
2020-01-19,2020011901021320,PRVU,44,21,200,263.00,"52,600.00"
2020-01-19,2020011901021319,PRVU,44,50,500,263.00,"131,500.00"
2020-01-19,2020011901021318,PRVU,44,55,794,263.00,"208,822.00"
2020-01-19,2020011901021151,PRVU,44,36,21,262.00,"5,502.00"
2020-01-19,2020011901021313,RADHI,38,47,12,166.00,"1,992.00"
2020-01-19,2020011901021210,RBCLPO,34,19,20,"8,901.00","178,020.00"
2020-01-19,2020011901021040,RBCLPO,59,42,170,"8,950.00","1,521,500.00"
2020-01-19,2020011901021039,RBCLPO,59,42,33,"8,955.00","295,515.00"
2020-01-19,2020011901021160,RHPC,46,40,"1,000",85.00,"85,000.00"
2020-01-19,2020011901021159,RHPC,46,11,360,85.00,"30,600.00"
2020-01-19,2020011901021215,RHPL,4,57,40,178.00,"7,120.00"
2020-01-19,2020011901021048,RHPL,4,57,40,178.00,"7,120.00"
2020-01-19,2020011901021013,RHPL,4,5,40,178.00,"7,120.00"
2020-01-19,2020011901020950,RHPL,4,45,750,178.00,"133,500.00"
2020-01-19,2020011901020949,RHPL,45,45,40,178.00,"7,120.00"
2020-01-19,2020011901020948,RHPL,10,45,220,178.00,"39,160.00"
2020-01-19,2020011901020929,RHPL,10,57,40,178.00,"7,120.00"
2020-01-19,2020011901021004,RLFL,58,45,27,144.00,"3,888.00"
2020-01-19,2020011901021398,RMDC,41,6,10,648.00,"6,480.00"
2020-01-19,2020011901021377,RMDC,34,6,10,648.00,"6,480.00"
2020-01-19,2020011901021329,RMDC,44,13,300,640.00,"192,000.00"
2020-01-19,2020011901021374,RSDC,53,6,200,435.00,"87,000.00"
2020-01-19,2020011901020926,RSDC,55,42,20,441.00,"8,820.00"
2020-01-19,2020011901021282,SABSL,42,50,20,825.00,"16,500.00"
2020-01-19,2020011901021254,SABSL,42,58,10,820.00,"8,200.00"
2020-01-19,2020011901021253,SABSL,42,28,20,820.00,"16,400.00"
2020-01-19,2020011901021252,SABSL,42,16,10,820.00,"8,200.00"
2020-01-19,2020011901021251,SABSL,42,38,10,819.00,"8,190.00"
2020-01-19,2020011901021250,SABSL,42,38,10,819.00,"8,190.00"
2020-01-19,2020011901021249,SABSL,42,28,10,819.00,"8,190.00"
2020-01-19,2020011901021248,SABSL,42,28,20,819.00,"16,380.00"
2020-01-19,2020011901021247,SABSL,42,42,100,817.00,"81,700.00"
2020-01-19,2020011901021045,SABSL,42,17,44,808.00,"35,552.00"
2020-01-19,2020011901021044,SABSL,1,17,56,810.00,"45,360.00"
2020-01-19,2020011901020931,SANIMA,14,38,100,358.00,"35,800.00"
2020-01-19,2020011901020930,SANIMA,51,38,100,358.00,"35,800.00"
2020-01-19,2020011901021092,SBI,25,45,12,445.00,"5,340.00"
2020-01-19,2020011901021348,SBL,32,59,10,337.00,"3,370.00"
2020-01-19,2020011901021399,SCB,56,4,50,645.00,"32,250.00"
2020-01-19,2020011901021077,SCB,45,17,200,646.00,"129,200.00"
2020-01-19,2020011901021009,SCB,45,42,20,646.00,"12,920.00"
2020-01-19,2020011901021149,SCB,56,53,10,645.00,"6,450.00"
2020-01-19,2020011901021148,SCB,26,53,30,646.00,"19,380.00"
2020-01-19,2020011901021147,SCB,45,53,160,646.00,"103,360.00"
2020-01-19,2020011901021109,SCB,45,42,20,646.00,"12,920.00"
2020-01-19,2020011901021078,SEF,3,36,"5,000",10.05,"50,250.00"
2020-01-19,2020011901021225,SFCL,20,8,26,109.00,"2,834.00"
2020-01-19,2020011901021093,SFCL,34,8,98,109.00,"10,682.00"
2020-01-19,2020011901021015,SFCL,34,8,124,109.00,"13,516.00"
2020-01-19,2020011901020992,SHINE,4,1,"1,242",269.00,"334,098.00"
2020-01-19,2020011901020991,SHINE,4,46,558,268.00,"149,544.00"
2020-01-19,2020011901021390,SHIVM,33,58,10,542.00,"5,420.00"
2020-01-19,2020011901021375,SHIVM,49,58,10,542.00,"5,420.00"
2020-01-19,2020011901021373,SHIVM,58,58,150,534.00,"80,100.00"
2020-01-19,2020011901021372,SHIVM,55,58,50,535.00,"26,750.00"
2020-01-19,2020011901021276,SHIVM,28,56,500,535.00,"267,500.00"
2020-01-19,2020011901021233,SHIVM,58,38,67,534.00,"35,778.00"
2020-01-19,2020011901021031,SHIVM,56,14,439,539.00,"236,621.00"
2020-01-19,2020011901020996,SHIVM,40,38,500,540.00,"270,000.00"
2020-01-19,2020011901020995,SHIVM,51,38,200,540.00,"108,000.00"
2020-01-19,2020011901020994,SHIVM,14,38,30,540.00,"16,200.00"
2020-01-19,2020011901020993,SHIVM,39,38,100,540.00,"54,000.00"
2020-01-19,2020011901020961,SHIVM,56,38,500,541.00,"270,500.00"
2020-01-19,2020011901021071,SHIVM,19,58,100,539.00,"53,900.00"
2020-01-19,2020011901021062,SHIVM,48,6,300,538.00,"161,400.00"
2020-01-19,2020011901021061,SHIVM,52,6,50,538.00,"26,900.00"
2020-01-19,2020011901021060,SHIVM,19,6,100,538.00,"53,800.00"
2020-01-19,2020011901021052,SHIVM,32,58,100,539.00,"53,900.00"
2020-01-19,2020011901021038,SHIVM,56,58,561,539.00,"302,379.00"
2020-01-19,2020011901021115,SHIVM,58,38,261,539.00,"140,679.00"
2020-01-19,2020011901021114,SHIVM,58,58,239,539.00,"128,821.00"
2020-01-19,2020011901021096,SHIVM,28,58,500,537.00,"268,500.00"
2020-01-19,2020011901021082,SHIVM,28,45,150,537.00,"80,550.00"
2020-01-19,2020011901021081,SHIVM,28,57,200,537.00,"107,400.00"
2020-01-19,2020011901021080,SHIVM,57,57,100,537.00,"53,700.00"
2020-01-19,2020011901021140,SHIVM,4,45,121,539.00,"65,219.00"
2020-01-19,2020011901021137,SHIVM,4,38,239,539.00,"128,821.00"
2020-01-19,2020011901021128,SHIVM,19,38,500,539.00,"269,500.00"
2020-01-19,2020011901021122,SHIVM,45,6,100,537.00,"53,700.00"
2020-01-19,2020011901021121,SHIVM,4,6,100,537.00,"53,700.00"
2020-01-19,2020011901021120,SHIVM,28,6,150,537.00,"80,550.00"
2020-01-19,2020011901021226,SHIVM,44,38,183,535.00,"97,905.00"
2020-01-19,2020011901021196,SHIVM,49,45,79,537.00,"42,423.00"
2020-01-19,2020011901021189,SHIVM,17,58,500,536.00,"268,000.00"
2020-01-19,2020011901021188,SHIVM,17,50,500,536.00,"268,000.00"
2020-01-19,2020011901021187,SHIVM,40,50,500,536.00,"268,000.00"
2020-01-19,2020011901021141,SHIVM,45,45,100,537.00,"53,700.00"
2020-01-19,2020011901021232,SHIVM,48,38,500,535.00,"267,500.00"
2020-01-19,2020011901021231,SHIVM,19,38,50,535.00,"26,750.00"
2020-01-19,2020011901021230,SHIVM,25,38,200,535.00,"107,000.00"
2020-01-19,2020011901021229,SHIVM,50,38,100,535.00,"53,500.00"
2020-01-19,2020011901021228,SHIVM,35,38,200,535.00,"107,000.00"
2020-01-19,2020011901021227,SHIVM,1,38,200,535.00,"107,000.00"
2020-01-19,2020011901021286,SHL,56,50,100,215.00,"21,500.00"
2020-01-19,2020011901021103,SHL,42,17,100,213.00,"21,300.00"
2020-01-19,2020011901021102,SHL,5,17,100,214.00,"21,400.00"
2020-01-19,2020011901021101,SHL,51,17,300,214.00,"64,200.00"
2020-01-19,2020011901021178,SHPC,56,55,10,220.00,"2,200.00"
2020-01-19,2020011901021139,SHPC,20,45,500,217.00,"108,500.00"
2020-01-19,2020011901020938,SHPC,25,58,"1,000",219.00,"219,000.00"
2020-01-19,2020011901020937,SHPC,41,58,"1,000",219.00,"219,000.00"
2020-01-19,2020011901021007,SIC,41,8,20,661.00,"13,220.00"
2020-01-19,2020011901021384,SICL,58,58,50,"1,000.00","50,000.00"
2020-01-19,2020011901021307,SICL,37,39,125,998.00,"124,750.00"
2020-01-19,2020011901021266,SIL,47,45,500,528.00,"264,000.00"
2020-01-19,2020011901021006,SIL,49,22,20,528.00,"10,560.00"
2020-01-19,2020011901021005,SIL,49,16,250,528.00,"132,000.00"
2020-01-19,2020011901021179,SJCL,21,57,20,170.00,"3,400.00"
2020-01-19,2020011901021072,SJCL,21,57,20,170.00,"3,400.00"
2020-01-19,2020011901021057,SJCL,21,5,20,170.00,"3,400.00"
2020-01-19,2020011901020943,SJCL,21,57,20,170.00,"3,400.00"
2020-01-19,2020011901021238,SKBBL,40,4,62,960.00,"59,520.00"
2020-01-19,2020011901021142,SKBBL,6,4,388,960.00,"372,480.00"
2020-01-19,2020011901021070,SLICL,57,16,266,383.00,"101,878.00"
2020-01-19,2020011901021069,SLICL,39,16,100,383.00,"38,300.00"
2020-01-19,2020011901021068,SLICL,18,16,130,383.00,"49,790.00"
2020-01-19,2020011901021067,SLICL,47,16,200,383.00,"76,600.00"
2020-01-19,2020011901021066,SLICL,21,16,270,383.00,"103,410.00"
2020-01-19,2020011901021065,SLICL,19,16,15,383.00,"5,745.00"
2020-01-19,2020011901021064,SLICL,17,16,19,383.00,"7,277.00"
2020-01-19,2020011901020980,SLICL,17,38,18,383.00,"6,894.00"
2020-01-19,2020011901021174,SMATA,18,52,10,797.00,"7,970.00"
2020-01-19,2020011901021037,SMB,17,42,10,734.00,"7,340.00"
2020-01-19,2020011901021365,SMFBS,48,53,30,"1,017.00","30,510.00"
2020-01-19,2020011901021351,SMFDB,17,40,191,725.00,"138,475.00"
2020-01-19,2020011901021420,SPARS,56,34,40,811.00,"32,440.00"
2020-01-19,2020011901021311,SPARS,56,54,10,810.00,"8,100.00"
2020-01-19,2020011901021046,SPARS,57,49,44,807.00,"35,508.00"
2020-01-19,2020011901021343,SRBL,58,51,230,247.00,"56,810.00"
2020-01-19,2020011901021176,SRBL,44,4,464,248.00,"115,072.00"
2020-01-19,2020011901021111,SRBL,44,4,36,248.00,"8,928.00"
2020-01-19,2020011901020977,SRBL,58,45,270,247.00,"66,690.00"
2020-01-19,2020011901020976,SRBL,42,45,30,247.00,"7,410.00"
2020-01-19,2020011901021381,STC,58,34,10,"2,596.00","25,960.00"
2020-01-19,2020011901021273,STC,39,42,10,"2,501.00","25,010.00"
2020-01-19,2020011901021272,STC,10,42,30,"2,510.00","75,300.00"
2020-01-19,2020011901020945,STC,39,25,90,"2,501.00","225,090.00"
2020-01-19,2020011901021413,SWBBL,22,18,10,"1,080.00","10,800.00"
2020-01-19,2020011901021412,SWBBL,22,4,20,"1,065.00","21,300.00"
2020-01-19,2020011901021411,SWBBL,22,44,15,"1,065.00","15,975.00"
2020-01-19,2020011901021091,SWBBL,44,46,260,"1,061.00","275,860.00"
2020-01-19,2020011901021306,TMDBL,34,4,"1,000",193.00,"193,000.00"
2020-01-19,2020011901021423,UPCL,36,47,50,82.00,"4,100.00"
2020-01-19,2020011901021422,UPPER,33,45,825,263.00,"216,975.00"
2020-01-19,2020011901021352,UPPER,33,45,"2,175",264.00,"574,200.00"
2020-01-19,2020011901021349,UPPER,33,44,875,264.00,"231,000.00"
2020-01-19,2020011901021268,UPPER,25,44,13,265.00,"3,445.00"
2020-01-19,2020011901021191,UPPER,33,5,50,264.00,"13,200.00"
2020-01-19,2020011901021099,UPPER,13,44,200,265.00,"53,000.00"
2020-01-19,2020011901021098,UPPER,52,44,921,265.00,"244,065.00"
2020-01-19,2020011901021059,UPPER,52,4,79,265.00,"20,935.00"
2020-01-19,2020011901021058,UPPER,54,4,421,265.00,"111,565.00"
2020-01-19,2020011901021168,WOMI,34,29,169,970.00,"163,930.00"
2020-01-19,2020011901021167,WOMI,47,29,31,970.00,"30,070.00"
2020-01-19,2020011901021166,WOMI,32,29,100,971.00,"97,100.00"
2020-01-19,2020011901020946,WOMI,33,45,10,980.00,"9,800.00"
2020-01-19,2020011901020834,AKPL,16,58,712,133.00,"94,696.00"
2020-01-19,2020011901020833,AKPL,29,58,"5,000",133.00,"665,000.00"
2020-01-19,2020011901020832,AKPL,29,58,"1,000",133.00,"133,000.00"
2020-01-19,2020011901020831,AKPL,45,58,288,134.00,"38,592.00"
2020-01-19,2020011901020815,AKPL,45,58,712,134.00,"95,408.00"
2020-01-19,2020011901020727,AKPL,26,26,484,136.00,"65,824.00"
2020-01-19,2020011901020814,AKPL,22,58,"1,000",134.00,"134,000.00"
2020-01-19,2020011901020813,AKPL,44,58,"2,000",134.00,"268,000.00"
2020-01-19,2020011901020812,AKPL,51,58,"1,285",134.00,"172,190.00"
2020-01-19,2020011901020811,AKPL,52,58,105,135.00,"14,175.00"
2020-01-19,2020011901020810,AKPL,29,58,"1,398",135.00,"188,730.00"
2020-01-19,2020011901020750,AKPL,29,38,30,135.00,"4,050.00"
2020-01-19,2020011901020897,ALBSL,52,5,10,683.00,"6,830.00"
2020-01-19,2020011901020600,ALBSL,29,21,10,684.00,"6,840.00"
2020-01-19,2020011901020544,ALBSL,21,14,100,685.00,"68,500.00"
2020-01-19,2020011901020543,ALBSL,49,14,30,685.00,"20,550.00"
2020-01-19,2020011901020659,ALBSL,52,18,330,683.00,"225,390.00"
2020-01-19,2020011901020658,ALBSL,22,18,100,683.00,"68,300.00"
2020-01-19,2020011901020657,ALBSL,29,18,50,683.00,"34,150.00"
2020-01-19,2020011901020656,ALBSL,55,18,100,684.00,"68,400.00"
2020-01-19,2020011901020655,ALBSL,29,18,20,684.00,"13,680.00"
2020-01-19,2020011901020894,API,25,45,20,132.00,"2,640.00"
2020-01-19,2020011901020893,API,25,49,212,131.00,"27,772.00"
2020-01-19,2020011901020461,API,25,45,50,132.00,"6,600.00"
2020-01-19,2020011901020446,API,25,40,50,131.00,"6,550.00"
2020-01-19,2020011901020445,API,25,50,100,130.00,"13,000.00"
2020-01-19,2020011901020873,BBC,32,58,100,"2,059.00","205,900.00"
2020-01-19,2020011901020872,BBC,51,58,50,"2,060.00","103,000.00"
2020-01-19,2020011901020713,BOKL,11,29,31,247.00,"7,657.00"
2020-01-19,2020011901020803,BPCL,52,58,67,338.00,"22,646.00"
2020-01-19,2020011901020749,CBBL,1,4,35,920.00,"32,200.00"
2020-01-19,2020011901020425,CBBL,17,4,50,917.00,"45,850.00"
2020-01-19,2020011901020580,CBBL,40,49,200,916.00,"183,200.00"
2020-01-19,2020011901020509,CBBL,6,49,10,917.00,"9,170.00"
2020-01-19,2020011901020508,CBBL,17,49,250,917.00,"229,250.00"
2020-01-19,2020011901020645,CBL,51,40,300,153.00,"45,900.00"
2020-01-19,2020011901020606,CBL,41,34,605,152.00,"91,960.00"
2020-01-19,2020011901020583,CBL,45,34,500,152.00,"76,000.00"
2020-01-19,2020011901020582,CBL,45,34,895,152.00,"136,040.00"
2020-01-19,2020011901020424,CBL,45,53,"1,105",152.00,"167,960.00"
2020-01-19,2020011901020801,CCBL,57,42,439,191.00,"83,849.00"
2020-01-19,2020011901020694,CCBL,49,42,"1,500",191.00,"286,500.00"
2020-01-19,2020011901020689,CCBL,51,29,200,190.00,"38,000.00"
2020-01-19,2020011901020664,CCBL,51,38,78,190.00,"14,820.00"
2020-01-19,2020011901020475,CCBL,34,42,16,191.00,"3,056.00"
2020-01-19,2020011901020474,CCBL,28,42,45,191.00,"8,595.00"
2020-01-19,2020011901020457,CCBL,28,45,"1,000",191.00,"191,000.00"
2020-01-19,2020011901020699,CFCL,49,19,500,161.00,"80,500.00"
2020-01-19,2020011901020851,CHCL,35,59,100,453.00,"45,300.00"
2020-01-19,2020011901020616,CIT,48,19,15,"2,270.00","34,050.00"
2020-01-19,2020011901020615,CIT,45,19,35,"2,270.00","79,450.00"
2020-01-19,2020011901020599,CIT,37,58,200,"2,272.00","454,400.00"
2020-01-19,2020011901020598,CIT,8,58,22,"2,275.00","50,050.00"
2020-01-19,2020011901020427,CIT,8,56,178,"2,275.00","404,950.00"
2020-01-19,2020011901020426,CIT,38,56,22,"2,276.00","50,072.00"
2020-01-19,2020011901020672,CORBL,55,10,500,144.00,"72,000.00"
2020-01-19,2020011901020923,CZBIL,39,51,390,213.00,"83,070.00"
2020-01-19,2020011901020646,CZBIL,13,29,200,212.00,"42,400.00"
2020-01-19,2020011901020853,DDBL,16,49,50,"1,060.00","53,000.00"
2020-01-19,2020011901020771,DDBL,16,33,100,"1,060.00","106,000.00"
2020-01-19,2020011901020770,DDBL,16,33,100,"1,060.00","106,000.00"
2020-01-19,2020011901020769,DDBL,16,36,125,"1,058.00","132,250.00"
2020-01-19,2020011901020698,DDBL,35,36,20,"1,058.00","21,160.00"
2020-01-19,2020011901020517,DDBL,58,51,10,"1,056.00","10,560.00"
2020-01-19,2020011901020442,DDBL,58,49,50,"1,056.00","52,800.00"
2020-01-19,2020011901020798,EBL,41,38,14,645.00,"9,030.00"
2020-01-19,2020011901020797,EBL,41,44,20,645.00,"12,900.00"
2020-01-19,2020011901020796,EBL,41,49,215,644.00,"138,460.00"
2020-01-19,2020011901020554,EBL,57,45,90,640.00,"57,600.00"
2020-01-19,2020011901020553,EBL,5,45,10,641.00,"6,410.00"
2020-01-19,2020011901020497,EBL,5,4,20,641.00,"12,820.00"
2020-01-19,2020011901020726,EIC,41,17,160,360.00,"57,600.00"
2020-01-19,2020011901020720,EIC,19,57,200,359.00,"71,800.00"
2020-01-19,2020011901020719,EIC,19,14,215,359.00,"77,185.00"
2020-01-19,2020011901020660,EIC,34,17,100,359.00,"35,900.00"
2020-01-19,2020011901020703,FMDBL,49,17,12,430.00,"5,160.00"
2020-01-19,2020011901020702,FMDBL,38,17,50,430.00,"21,500.00"
2020-01-19,2020011901020701,FMDBL,58,17,38,430.00,"16,340.00"
2020-01-19,2020011901020619,FMDBL,38,21,300,431.00,"129,300.00"
2020-01-19,2020011901020618,FMDBL,38,21,28,432.00,"12,096.00"
2020-01-19,2020011901020736,FOWAD,19,16,10,"1,315.00","13,150.00"
2020-01-19,2020011901020622,FOWAD,41,51,57,"1,300.00","74,100.00"
2020-01-19,2020011901020498,FOWAD,19,49,50,"1,297.00","64,850.00"
2020-01-19,2020011901020802,GBBL,45,38,200,242.00,"48,400.00"
2020-01-19,2020011901020754,GBBL,7,25,200,241.00,"48,200.00"
2020-01-19,2020011901020753,GBBL,7,48,100,241.00,"24,100.00"
2020-01-19,2020011901020752,GBBL,7,14,450,241.00,"108,450.00"
2020-01-19,2020011901020751,GBBL,7,28,100,241.00,"24,100.00"
2020-01-19,2020011901020691,GBBL,7,49,50,240.00,"12,000.00"
2020-01-19,2020011901020690,GBBL,7,32,78,240.00,"18,720.00"
2020-01-19,2020011901020868,GBLBS,44,18,"1,215",418.00,"507,870.00"
2020-01-19,2020011901020867,GBLBS,19,18,785,419.00,"328,915.00"
2020-01-19,2020011901020805,GBLBS,19,47,200,419.00,"83,800.00"
2020-01-19,2020011901020779,GBLBS,28,35,100,420.00,"42,000.00"
2020-01-19,2020011901020756,GBLBS,51,35,300,420.00,"126,000.00"
2020-01-19,2020011901020697,GBLBS,36,35,755,420.00,"317,100.00"
2020-01-19,2020011901020696,GBLBS,41,35,400,421.00,"168,400.00"
2020-01-19,2020011901020564,GBLBS,36,47,245,420.00,"102,900.00"
2020-01-19,2020011901020563,GBLBS,14,47,50,421.00,"21,050.00"
2020-01-19,2020011901020458,GGBSL,21,19,10,883.00,"8,830.00"
2020-01-19,2020011901020836,GILB,40,57,10,"1,389.00","13,890.00"
2020-01-19,2020011901020835,GILB,40,49,100,"1,389.00","138,900.00"
2020-01-19,2020011901020791,GILB,34,17,21,"1,388.00","29,148.00"
2020-01-19,2020011901020790,GILB,34,13,45,"1,380.00","62,100.00"
2020-01-19,2020011901020789,GILB,34,55,50,"1,379.00","68,950.00"
2020-01-19,2020011901020788,GILB,34,55,50,"1,369.00","68,450.00"
2020-01-19,2020011901020755,GILB,34,55,50,"1,368.00","68,400.00"
2020-01-19,2020011901020711,GILB,34,34,100,"1,360.00","136,000.00"
2020-01-19,2020011901020584,GILB,33,17,51,"1,341.00","68,391.00"
2020-01-19,2020011901020476,GILB,34,41,52,"1,340.00","69,680.00"
2020-01-19,2020011901020456,GILB,34,6,50,"1,350.00","67,500.00"
2020-01-19,2020011901020556,GIMES1,46,8,"2,000",8.54,"17,080.00"
2020-01-19,2020011901020555,GIMES1,46,13,100,8.54,854.00
2020-01-19,2020011901020787,GLICL,51,6,101,613.00,"61,913.00"
2020-01-19,2020011901020757,GLICL,51,49,49,613.00,"30,037.00"
2020-01-19,2020011901020523,GLICL,53,57,50,612.00,"30,600.00"
2020-01-19,2020011901020455,GLICL,35,49,51,613.00,"31,263.00"
2020-01-19,2020011901020855,GMFBS,51,17,40,775.00,"31,000.00"
2020-01-19,2020011901020854,GMFBS,56,17,20,777.00,"15,540.00"
2020-01-19,2020011901020627,HBL,1,14,91,576.00,"52,416.00"
2020-01-19,2020011901020608,HBL,53,14,109,576.00,"62,784.00"
2020-01-19,2020011901020605,HBL,1,14,523,579.00,"302,817.00"
2020-01-19,2020011901020604,HBL,1,38,300,578.00,"173,400.00"
2020-01-19,2020011901020896,HDL,19,54,100,"1,300.00","130,000.00"
2020-01-19,2020011901020807,HDL,47,49,50,"1,299.00","64,950.00"
2020-01-19,2020011901020786,HDL,42,54,20,"1,300.00","26,000.00"
2020-01-19,2020011901020778,HDL,34,36,100,"1,296.00","129,600.00"
2020-01-19,2020011901020666,HDL,34,48,53,"1,299.00","68,847.00"
2020-01-19,2020011901020548,HDL,49,48,120,"1,299.00","155,880.00"
2020-01-19,2020011901020545,HDL,17,48,50,"1,299.00","64,950.00"
2020-01-19,2020011901020904,HGI,47,53,30,363.00,"10,890.00"
2020-01-19,2020011901020795,HGI,51,53,200,363.00,"72,600.00"
2020-01-19,2020011901020793,HGI,57,35,200,362.00,"72,400.00"
2020-01-19,2020011901020680,HGI,35,53,50,363.00,"18,150.00"
2020-01-19,2020011901020623,HGI,57,4,20,362.00,"7,240.00"
2020-01-19,2020011901020597,HGI,14,53,300,363.00,"108,900.00"
2020-01-19,2020011901020596,HGI,34,53,200,363.00,"72,600.00"
2020-01-19,2020011901020520,HGI,34,22,200,363.00,"72,600.00"
2020-01-19,2020011901020506,HGI,34,14,100,363.00,"36,300.00"
2020-01-19,2020011901020809,ICFC,49,38,"1,000",189.00,"189,000.00"
2020-01-19,2020011901020808,ICFC,48,38,250,189.00,"47,250.00"
2020-01-19,2020011901020823,ILBS,41,43,10,842.00,"8,420.00"
2020-01-19,2020011901020536,ILBS,25,42,10,842.00,"8,420.00"
2020-01-19,2020011901020524,ILBS,22,42,10,841.00,"8,410.00"
2020-01-19,2020011901020485,ILBS,22,18,54,841.00,"45,414.00"
2020-01-19,2020011901020484,ILBS,56,18,20,842.00,"16,840.00"
2020-01-19,2020011901020883,JBBL,58,57,100,188.00,"18,800.00"
2020-01-19,2020011901020871,JBBL,58,57,104,185.00,"19,240.00"
2020-01-19,2020011901020837,JBBL,57,57,46,185.00,"8,510.00"
2020-01-19,2020011901020535,JBBL,57,25,204,185.00,"37,740.00"
2020-01-19,2020011901020534,JBBL,42,25,257,185.00,"47,545.00"
2020-01-19,2020011901020464,JBBL,42,35,743,185.00,"137,455.00"
2020-01-19,2020011901020463,JBBL,50,35,"1,000",185.00,"185,000.00"
2020-01-19,2020011901020462,JBBL,16,35,257,185.00,"47,545.00"
2020-01-19,2020011901020495,JSLBB,25,58,16,"1,474.00","23,584.00"
2020-01-19,2020011901020682,KADBL,34,59,300,290.00,"87,000.00"
2020-01-19,2020011901020828,KBL,51,41,200,205.00,"41,000.00"
2020-01-19,2020011901020686,KBL,17,4,200,204.00,"40,800.00"
2020-01-19,2020011901020617,KBL,17,29,200,204.00,"40,800.00"
2020-01-19,2020011901020496,KBL,42,41,20,205.00,"4,100.00"
2020-01-19,2020011901020886,LBBL,58,14,200,200.00,"40,000.00"
2020-01-19,2020011901020488,LBBL,58,26,50,199.00,"9,950.00"
2020-01-19,2020011901020487,LBBL,1,26,110,199.00,"21,890.00"
2020-01-19,2020011901020486,LBBL,54,26,140,199.00,"27,860.00"
2020-01-19,2020011901020473,LBBL,54,14,360,199.00,"71,640.00"
2020-01-19,2020011901020472,LBBL,44,14,100,199.00,"19,900.00"
2020-01-19,2020011901020471,LBBL,38,14,40,199.00,"7,960.00"
2020-01-19,2020011901020728,LGIL,45,4,20,442.00,"8,840.00"
2020-01-19,2020011901020602,LGIL,52,11,200,443.00,"88,600.00"
2020-01-19,2020011901020661,LICN,25,45,10,"1,254.00","12,540.00"
2020-01-19,2020011901020603,LICN,17,25,50,"1,240.00","62,000.00"
2020-01-19,2020011901020579,LICN,54,25,35,"1,253.00","43,855.00"
2020-01-19,2020011901020878,LLBS,42,42,500,"1,030.00","515,000.00"
2020-01-19,2020011901020877,LLBS,42,34,100,"1,020.00","102,000.00"
2020-01-19,2020011901020876,LLBS,42,34,100,"1,019.00","101,900.00"
2020-01-19,2020011901020490,LLBS,34,38,295,"1,011.00","298,245.00"
2020-01-19,2020011901020441,LLBS,34,38,114,"1,011.00","115,254.00"
2020-01-19,2020011901020678,MBL,58,34,"1,000",246.00,"246,000.00"
2020-01-19,2020011901020677,MBL,48,34,500,246.00,"123,000.00"
2020-01-19,2020011901020676,MBL,55,34,300,246.00,"73,800.00"
2020-01-19,2020011901020675,MBL,56,34,50,246.00,"12,300.00"
2020-01-19,2020011901020674,MBL,40,34,500,246.00,"123,000.00"
2020-01-19,2020011901020673,MBL,25,34,"1,030",246.00,"253,380.00"
2020-01-19,2020011901020592,MBL,25,57,470,246.00,"115,620.00"
2020-01-19,2020011901020591,MBL,29,57,500,246.00,"123,000.00"
2020-01-19,2020011901020590,MBL,57,57,30,246.00,"7,380.00"
2020-01-19,2020011901020576,MBL,25,16,"1,500",247.00,"370,500.00"
2020-01-19,2020011901020758,MEGA,29,28,"1,000",210.00,"210,000.00"
2020-01-19,2020011901020626,MEGA,28,34,457,209.00,"95,513.00"
2020-01-19,2020011901020625,MEGA,28,1,507,209.00,"105,963.00"
2020-01-19,2020011901020613,MEGA,43,34,10,209.00,"2,090.00"
2020-01-19,2020011901020444,MEGA,34,34,200,208.00,"41,600.00"
2020-01-19,2020011901020759,MERO,17,17,200,660.00,"132,000.00"
2020-01-19,2020011901020514,MERO,50,38,100,662.00,"66,200.00"
2020-01-19,2020011901020513,MERO,29,38,100,662.00,"66,200.00"
2020-01-19,2020011901020512,MERO,26,38,67,662.00,"44,354.00"
2020-01-19,2020011901020494,MERO,19,16,200,664.00,"132,800.00"
2020-01-19,2020011901020493,MERO,17,16,200,666.00,"133,200.00"
2020-01-19,2020011901020568,MERO,17,16,100,660.00,"66,000.00"
2020-01-19,2020011901020516,MERO,17,38,129,660.00,"85,140.00"
2020-01-19,2020011901020515,MERO,50,38,100,662.00,"66,200.00"
2020-01-19,2020011901020898,MFIL,47,43,100,215.00,"21,500.00"
2020-01-19,2020011901020865,MFIL,58,43,200,215.00,"43,000.00"
2020-01-19,2020011901020857,MFIL,33,38,201,214.00,"43,014.00"
2020-01-19,2020011901020856,MFIL,34,38,118,214.00,"25,252.00"
2020-01-19,2020011901020818,MFIL,39,43,700,215.00,"150,500.00"
2020-01-19,2020011901020785,MFIL,19,43,700,215.00,"150,500.00"
2020-01-19,2020011901020712,MFIL,47,43,500,215.00,"107,500.00"
2020-01-19,2020011901020612,MFIL,51,43,100,215.00,"21,500.00"
2020-01-19,2020011901020511,MFIL,47,43,"1,000",215.00,"215,000.00"
2020-01-19,2020011901020507,MFIL,29,43,"1,000",215.00,"215,000.00"
2020-01-19,2020011901020470,MFIL,47,43,"1,000",215.00,"215,000.00"
2020-01-19,2020011901020510,MLBBL,34,11,61,667.00,"40,687.00"
2020-01-19,2020011901020816,MLBL,59,44,219,220.00,"48,180.00"
2020-01-19,2020011901020684,MLBL,59,52,"2,000",220.00,"440,000.00"
2020-01-19,2020011901020683,MLBL,59,34,100,220.00,"22,000.00"
2020-01-19,2020011901020654,MLBL,59,32,500,219.00,"109,500.00"
2020-01-19,2020011901020647,MLBL,59,44,350,217.00,"75,950.00"
2020-01-19,2020011901020653,MLBL,59,16,500,219.00,"109,500.00"
2020-01-19,2020011901020652,MLBL,59,6,40,218.00,"8,720.00"
2020-01-19,2020011901020651,MLBL,59,51,"1,000",218.00,"218,000.00"
2020-01-19,2020011901020650,MLBL,59,25,200,218.00,"43,600.00"
2020-01-19,2020011901020649,MLBL,59,40,37,218.00,"8,066.00"
2020-01-19,2020011901020648,MLBL,59,6,54,217.00,"11,718.00"
2020-01-19,2020011901020709,NABIL,43,35,15,765.00,"11,475.00"
2020-01-19,2020011901020594,NBB,37,29,150,215.00,"32,250.00"
2020-01-19,2020011901020593,NBB,28,29,50,215.00,"10,750.00"
2020-01-19,2020011901020552,NBB,16,34,130,216.00,"28,080.00"
2020-01-19,2020011901020551,NBB,16,22,470,216.00,"101,520.00"
2020-01-19,2020011901020922,NBL,33,42,374,282.00,"105,468.00"
2020-01-19,2020011901020921,NBL,37,42,200,282.00,"56,400.00"
2020-01-19,2020011901020920,NBL,26,42,300,282.00,"84,600.00"
2020-01-19,2020011901020919,NBL,25,42,50,283.00,"14,150.00"
2020-01-19,2020011901020918,NBL,56,42,100,283.00,"28,300.00"
2020-01-19,2020011901020917,NBL,41,42,100,283.00,"28,300.00"
2020-01-19,2020011901020454,NBL,7,28,200,285.00,"57,000.00"
2020-01-19,2020011901020716,NBL,19,25,"1,000",284.00,"284,000.00"
2020-01-19,2020011901020715,NBL,51,25,"1,000",284.00,"284,000.00"
2020-01-19,2020011901020714,NBL,28,25,440,284.00,"124,960.00"
2020-01-19,2020011901020688,NBL,14,28,100,285.00,"28,500.00"
2020-01-19,2020011901020578,NBL,28,29,60,284.00,"17,040.00"
2020-01-19,2020011901020577,NBL,14,29,90,284.00,"25,560.00"
2020-01-19,2020011901020742,NBL,48,33,450,284.00,"127,800.00"
2020-01-19,2020011901020741,NBL,16,33,"2,000",284.00,"568,000.00"
2020-01-19,2020011901020740,NBL,48,33,450,284.00,"127,800.00"
2020-01-19,2020011901020739,NBL,55,33,500,284.00,"142,000.00"
2020-01-19,2020011901020738,NBL,25,33,"1,465",284.00,"416,060.00"
2020-01-19,2020011901020717,NBL,25,25,35,284.00,"9,940.00"
2020-01-19,2020011901020748,NBL,34,33,205,284.00,"58,220.00"
2020-01-19,2020011901020747,NBL,25,33,500,284.00,"142,000.00"
2020-01-19,2020011901020746,NBL,48,33,450,284.00,"127,800.00"
2020-01-19,2020011901020745,NBL,56,33,100,284.00,"28,400.00"
2020-01-19,2020011901020744,NBL,48,33,450,284.00,"127,800.00"
2020-01-19,2020011901020743,NBL,48,33,450,284.00,"127,800.00"
2020-01-19,2020011901020910,NBL,37,42,"1,000",283.00,"283,000.00"
2020-01-19,2020011901020909,NBL,53,42,500,283.00,"141,500.00"
2020-01-19,2020011901020908,NBL,29,42,280,283.00,"79,240.00"
2020-01-19,2020011901020907,NBL,1,42,100,283.00,"28,300.00"
2020-01-19,2020011901020906,NBL,35,42,201,283.00,"56,883.00"
2020-01-19,2020011901020884,NBL,35,49,799,283.00,"226,117.00"
2020-01-19,2020011901020916,NBL,19,42,300,283.00,"84,900.00"
2020-01-19,2020011901020915,NBL,6,42,"1,000",283.00,"283,000.00"
2020-01-19,2020011901020914,NBL,6,42,"1,000",283.00,"283,000.00"
2020-01-19,2020011901020913,NBL,44,42,"3,000",283.00,"849,000.00"
2020-01-19,2020011901020912,NBL,44,42,500,283.00,"141,500.00"
2020-01-19,2020011901020911,NBL,52,42,"5,000",283.00,"1,415,000.00"
2020-01-19,2020011901020903,NCCB,50,52,176,237.00,"41,712.00"
2020-01-19,2020011901020902,NCCB,50,19,24,237.00,"5,688.00"
2020-01-19,2020011901020852,NCCB,34,19,500,237.00,"118,500.00"
2020-01-19,2020011901020763,NCCB,4,25,500,236.00,"118,000.00"
2020-01-19,2020011901020762,NCCB,4,45,100,236.00,"23,600.00"
2020-01-19,2020011901020761,NCCB,4,42,115,236.00,"27,140.00"
2020-01-19,2020011901020760,NCCB,4,34,500,236.00,"118,000.00"
2020-01-19,2020011901020708,NCCB,29,33,300,236.00,"70,800.00"
2020-01-19,2020011901020707,NCCB,29,47,400,236.00,"94,400.00"
2020-01-19,2020011901020706,NCCB,29,1,300,236.00,"70,800.00"
2020-01-19,2020011901020687,NCCB,42,57,20,235.00,"4,700.00"
2020-01-19,2020011901020679,NCCB,47,19,200,235.00,"47,000.00"
2020-01-19,2020011901020864,NEF,47,8,"10,000",9.22,"92,200.00"
2020-01-19,2020011901020863,NEF,47,26,"5,000",9.21,"46,050.00"
2020-01-19,2020011901020862,NEF,47,13,"2,500",9.20,"23,000.00"
2020-01-19,2020011901020861,NEF,47,48,"8,000",9.19,"73,520.00"
2020-01-19,2020011901020710,NEF,47,11,"10,000",9.10,"91,000.00"
2020-01-19,2020011901020587,NEF,57,47,"7,414",9.03,"66,948.42"
2020-01-19,2020011901020825,NGPL,1,7,"1,000",118.00,"118,000.00"
2020-01-19,2020011901020850,NIB,53,53,160,410.00,"65,600.00"
2020-01-19,2020011901020849,NIB,13,53,40,410.00,"16,400.00"
2020-01-19,2020011901020824,NIB,13,4,200,410.00,"82,000.00"
2020-01-19,2020011901020784,NIB,39,6,300,411.00,"123,300.00"
2020-01-19,2020011901020541,NIB,51,33,506,411.00,"207,966.00"
2020-01-19,2020011901020519,NIB,13,7,30,410.00,"12,300.00"
2020-01-19,2020011901020663,NIBPO,1,19,50,385.00,"19,250.00"
2020-01-19,2020011901020662,NIBPO,55,19,50,387.00,"19,350.00"
2020-01-19,2020011901020735,NICA,13,58,66,477.00,"31,482.00"
2020-01-19,2020011901020665,NICA,13,43,49,477.00,"23,373.00"
2020-01-19,2020011901020533,NICA,13,29,236,477.00,"112,572.00"
2020-01-19,2020011901020532,NICA,56,29,200,477.00,"95,400.00"
2020-01-19,2020011901020483,NICA,28,4,500,478.00,"239,000.00"
2020-01-19,2020011901020482,NICA,56,4,730,478.00,"348,940.00"
2020-01-19,2020011901020481,NICA,35,4,200,478.00,"95,600.00"
2020-01-19,2020011901020480,NICA,13,4,200,478.00,"95,600.00"
2020-01-19,2020011901020479,NICA,13,4,500,479.00,"239,500.00"
2020-01-19,2020011901020478,NICA,13,4,734,479.00,"351,586.00"
2020-01-19,2020011901020905,NICL,34,21,100,391.00,"39,100.00"
2020-01-19,2020011901020900,NICL,43,4,10,398.00,"3,980.00"
2020-01-19,2020011901020875,NICL,52,14,200,391.00,"78,200.00"
2020-01-19,2020011901020874,NICL,56,14,100,391.00,"39,100.00"
2020-01-19,2020011901020692,NICL,41,46,500,398.00,"199,000.00"
2020-01-19,2020011901020685,NICL,52,37,490,397.00,"194,530.00"
2020-01-19,2020011901020585,NICL,49,37,10,397.00,"3,970.00"
2020-01-19,2020011901020443,NICL,49,36,"1,329",390.00,"518,310.00"
2020-01-19,2020011901020901,NIL,41,11,100,469.00,"46,900.00"
2020-01-19,2020011901020777,NIL,41,6,50,470.00,"23,500.00"
2020-01-19,2020011901020492,NIL,11,6,100,470.00,"47,000.00"
2020-01-19,2020011901020459,NIL,22,50,190,467.00,"88,730.00"
2020-01-19,2020011901020889,NLIC,35,38,100,"1,082.00","108,200.00"
2020-01-19,2020011901020888,NLIC,54,38,142,"1,082.00","153,644.00"
2020-01-19,2020011901020887,NLIC,32,38,50,"1,083.00","54,150.00"
2020-01-19,2020011901020780,NLIC,10,4,80,"1,090.00","87,200.00"
2020-01-19,2020011901020581,NLIC,41,28,150,"1,094.00","164,100.00"
2020-01-19,2020011901020546,NLIC,54,5,39,"1,082.00","42,198.00"
2020-01-19,2020011901020858,NLICL,14,32,100,651.00,"65,100.00"
2020-01-19,2020011901020737,NLICL,41,56,200,650.00,"130,000.00"
2020-01-19,2020011901020724,NLICL,41,45,58,650.00,"37,700.00"
2020-01-19,2020011901020723,NLICL,1,45,70,651.00,"45,570.00"
2020-01-19,2020011901020722,NLICL,35,45,100,652.00,"65,200.00"
2020-01-19,2020011901020721,NLICL,35,45,16,655.00,"10,480.00"
2020-01-19,2020011901020611,NLICL,35,17,84,655.00,"55,020.00"
2020-01-19,2020011901020610,NLICL,45,17,100,655.00,"65,500.00"
2020-01-19,2020011901020609,NLICL,42,17,16,655.00,"10,480.00"
2020-01-19,2020011901020601,NLICL,49,45,200,659.00,"131,800.00"
2020-01-19,2020011901020783,NMB,8,49,116,376.00,"43,616.00"
2020-01-19,2020011901020782,NMB,32,49,150,376.00,"56,400.00"
2020-01-19,2020011901020767,NMB,32,16,59,377.00,"22,243.00"
2020-01-19,2020011901020766,NMB,32,4,241,377.00,"90,857.00"
2020-01-19,2020011901020734,NMB,32,28,550,376.00,"206,800.00"
2020-01-19,2020011901020718,NTC,43,37,10,650.00,"6,500.00"
2020-01-19,2020011901020573,NTC,14,52,260,647.00,"168,220.00"
2020-01-19,2020011901020572,NTC,7,52,100,648.00,"64,800.00"
2020-01-19,2020011901020571,NTC,42,52,30,648.00,"19,440.00"
2020-01-19,2020011901020733,PCBL,58,41,500,286.00,"143,000.00"
2020-01-19,2020011901020732,PCBL,58,38,100,286.00,"28,600.00"
2020-01-19,2020011901020731,PCBL,58,34,50,286.00,"14,300.00"
2020-01-19,2020011901020730,PCBL,58,42,10,286.00,"2,860.00"
2020-01-19,2020011901020588,PICL,52,16,300,631.00,"189,300.00"
2020-01-19,2020011901020882,PLIC,45,45,11,484.00,"5,324.00"
2020-01-19,2020011901020522,PLIC,45,13,400,484.00,"193,600.00"
2020-01-19,2020011901020521,PLIC,48,13,100,484.00,"48,400.00"
2020-01-19,2020011901020501,PLIC,51,56,41,484.00,"19,844.00"
2020-01-19,2020011901020526,PPCL,46,10,474,140.00,"66,360.00"
2020-01-19,2020011901020860,PRIN,42,34,40,430.00,"17,200.00"
2020-01-19,2020011901020859,PRIN,42,41,10,430.00,"4,300.00"
2020-01-19,2020011901020452,PRIN,25,46,300,430.00,"129,000.00"
2020-01-19,2020011901020451,PRIN,45,46,200,430.00,"86,000.00"
2020-01-19,2020011901020450,PRIN,6,46,75,430.00,"32,250.00"
2020-01-19,2020011901020449,PRIN,42,46,100,430.00,"43,000.00"
2020-01-19,2020011901020448,PRIN,54,46,100,430.00,"43,000.00"
2020-01-19,2020011901020447,PRIN,45,46,133,430.00,"57,190.00"
2020-01-19,2020011901020432,PRIN,45,6,67,430.00,"28,810.00"
2020-01-19,2020011901020431,PRIN,58,6,200,430.00,"86,000.00"
2020-01-19,2020011901020430,PRIN,7,6,33,430.00,"14,190.00"
2020-01-19,2020011901020453,PROFL,59,36,40,114.00,"4,560.00"
2020-01-19,2020011901020881,PRVU,52,34,200,262.00,"52,400.00"
2020-01-19,2020011901020830,PRVU,14,34,"1,000",262.00,"262,000.00"
2020-01-19,2020011901020624,PRVU,49,34,500,262.00,"131,000.00"
2020-01-19,2020011901020562,PRVU,40,34,609,262.00,"159,558.00"
2020-01-19,2020011901020561,PRVU,40,58,"1,391",262.00,"364,442.00"
2020-01-19,2020011901020469,PRVU,51,57,100,261.00,"26,100.00"
2020-01-19,2020011901020799,RADHI,38,47,12,166.00,"1,992.00"
2020-01-19,2020011901020821,RBCL,38,56,30,"9,310.00","279,300.00"
2020-01-19,2020011901020820,RBCL,39,56,10,"9,320.00","93,200.00"
2020-01-19,2020011901020819,RBCL,48,56,10,"9,400.00","94,000.00"
2020-01-19,2020011901020781,RBCL,13,56,10,"9,500.00","95,000.00"
2020-01-19,2020011901020695,RBCL,3,56,16,"9,638.00","154,208.00"
2020-01-19,2020011901020866,RBCLPO,59,19,10,"8,950.00","89,500.00"
2020-01-19,2020011901020620,RHPC,34,11,40,85.00,"3,400.00"
2020-01-19,2020011901020499,RHPC,58,39,100,84.00,"8,400.00"
2020-01-19,2020011901020628,RHPL,10,21,40,178.00,"7,120.00"
2020-01-19,2020011901020607,RHPL,10,5,40,178.00,"7,120.00"
2020-01-19,2020011901020772,RLFL,58,5,173,144.00,"24,912.00"
2020-01-19,2020011901020870,RMDC,59,14,250,637.00,"159,250.00"
2020-01-19,2020011901020869,RMDC,3,14,50,638.00,"31,900.00"
2020-01-19,2020011901020705,RMDC,59,40,243,637.00,"154,791.00"
2020-01-19,2020011901020704,RMDC,44,40,300,637.00,"191,100.00"
2020-01-19,2020011901020671,RMDC,38,40,100,638.00,"63,800.00"
2020-01-19,2020011901020670,RMDC,17,40,500,638.00,"319,000.00"
2020-01-19,2020011901020669,RMDC,45,40,100,638.00,"63,800.00"
2020-01-19,2020011901020621,RMDC,37,40,126,640.00,"80,640.00"
2020-01-19,2020011901020792,RSDC,53,34,50,435.00,"21,750.00"
2020-01-19,2020011901020527,RSDC,32,34,50,435.00,"21,750.00"
2020-01-19,2020011901020468,RSDC,41,45,98,441.00,"43,218.00"
2020-01-19,2020011901020467,RSDC,41,39,100,440.00,"44,000.00"
2020-01-19,2020011901020466,RSDC,41,58,90,440.00,"39,600.00"
2020-01-19,2020011901020465,RSDC,41,4,23,439.00,"10,097.00"
2020-01-19,2020011901020800,SABSL,1,7,34,810.00,"27,540.00"
2020-01-19,2020011901020729,SABSL,1,21,10,810.00,"8,100.00"
2020-01-19,2020011901020847,SADBL,4,57,361,173.00,"62,453.00"
2020-01-19,2020011901020846,SADBL,4,1,"1,332",172.00,"229,104.00"
2020-01-19,2020011901020845,SADBL,4,28,200,172.00,"34,400.00"
2020-01-19,2020011901020844,SADBL,4,34,500,172.00,"86,000.00"
2020-01-19,2020011901020843,SADBL,4,21,624,172.00,"107,328.00"
2020-01-19,2020011901020842,SADBL,4,59,204,172.00,"35,088.00"
2020-01-19,2020011901020841,SADBL,4,57,213,172.00,"36,636.00"
2020-01-19,2020011901020840,SADBL,4,52,526,171.00,"89,946.00"
2020-01-19,2020011901020839,SADBL,4,57,"1,000",170.00,"170,000.00"
2020-01-19,2020011901020838,SADBL,4,45,40,170.00,"6,800.00"
2020-01-19,2020011901020549,SADBL,14,45,60,170.00,"10,200.00"
2020-01-19,2020011901020765,SANIMA,4,8,"3,800",356.00,"1,352,800.00"
2020-01-19,2020011901020764,SANIMA,19,8,"1,000",357.00,"357,000.00"
2020-01-19,2020011901020540,SANIMA,53,46,59,357.00,"21,063.00"
2020-01-19,2020011901020539,SANIMA,40,46,110,357.00,"39,270.00"
2020-01-19,2020011901020538,SANIMA,10,46,50,357.00,"17,850.00"
2020-01-19,2020011901020537,SANIMA,4,46,10,357.00,"3,570.00"
2020-01-19,2020011901020500,SBI,58,36,12,446.00,"5,352.00"
2020-01-19,2020011901020880,SBL,4,51,131,336.00,"44,016.00"
2020-01-19,2020011901020776,SBL,4,29,100,336.00,"33,600.00"
2020-01-19,2020011901020794,SCB,32,56,50,646.00,"32,300.00"
2020-01-19,2020011901020557,SCB,45,56,10,646.00,"6,460.00"
2020-01-19,2020011901020829,SFCL,34,8,185,109.00,"20,165.00"
2020-01-19,2020011901020567,SFCL,34,8,31,109.00,"3,379.00"
2020-01-19,2020011901020525,SFCL,34,8,62,109.00,"6,758.00"
2020-01-19,2020011901020614,SFFIL,6,52,150,215.00,"32,250.00"
2020-01-19,2020011901020586,SFFIL,6,53,300,215.00,"64,500.00"
2020-01-19,2020011901020899,SHINE,4,49,100,267.00,"26,700.00"
2020-01-19,2020011901020491,SHINE,57,46,790,268.00,"211,720.00"
2020-01-19,2020011901020775,SHIVM,21,58,500,540.00,"270,000.00"
2020-01-19,2020011901020774,SHIVM,4,58,100,540.00,"54,000.00"
2020-01-19,2020011901020773,SHIVM,38,58,85,540.00,"45,900.00"
2020-01-19,2020011901020644,SHIVM,38,58,415,540.00,"224,100.00"
2020-01-19,2020011901020643,SHIVM,50,58,100,540.00,"54,000.00"
2020-01-19,2020011901020642,SHIVM,58,58,500,540.00,"270,000.00"
2020-01-19,2020011901020629,SHIVM,45,58,200,545.00,"109,000.00"
2020-01-19,2020011901020595,SHIVM,53,38,500,549.00,"274,500.00"
2020-01-19,2020011901020589,SHIVM,49,38,10,549.00,"5,490.00"
2020-01-19,2020011901020505,SHIVM,19,5,50,550.00,"27,500.00"
2020-01-19,2020011901020635,SHIVM,57,58,50,543.00,"27,150.00"
2020-01-19,2020011901020634,SHIVM,40,58,"1,000",543.00,"543,000.00"
2020-01-19,2020011901020633,SHIVM,25,58,100,544.00,"54,400.00"
2020-01-19,2020011901020632,SHIVM,25,58,500,544.00,"272,000.00"
2020-01-19,2020011901020631,SHIVM,21,58,200,544.00,"108,800.00"
2020-01-19,2020011901020630,SHIVM,17,58,50,545.00,"27,250.00"
2020-01-19,2020011901020641,SHIVM,34,58,10,540.00,"5,400.00"
2020-01-19,2020011901020640,SHIVM,49,58,"1,000",540.00,"540,000.00"
2020-01-19,2020011901020639,SHIVM,48,58,"1,000",542.00,"542,000.00"
2020-01-19,2020011901020638,SHIVM,48,58,300,542.00,"162,600.00"
2020-01-19,2020011901020637,SHIVM,25,58,100,542.00,"54,200.00"
2020-01-19,2020011901020636,SHIVM,38,58,475,542.00,"257,450.00"
2020-01-19,2020011901020681,SHL,51,56,700,214.00,"149,800.00"
2020-01-19,2020011901020504,SIC,41,16,160,661.00,"105,760.00"
2020-01-19,2020011901020503,SIC,58,16,100,661.00,"66,100.00"
2020-01-19,2020011901020502,SIC,37,16,140,661.00,"92,540.00"
2020-01-19,2020011901020667,SICL,17,34,"1,000",998.00,"998,000.00"
2020-01-19,2020011901020433,SICL,11,58,20,"1,002.00","20,040.00"
2020-01-19,2020011901020439,SICL,43,58,370,"1,000.00","370,000.00"
2020-01-19,2020011901020438,SICL,14,58,30,"1,000.00","30,000.00"
2020-01-19,2020011901020437,SICL,58,58,"1,000","1,001.00","1,001,000.00"
2020-01-19,2020011901020436,SICL,42,58,71,"1,001.00","71,071.00"
2020-01-19,2020011901020435,SICL,14,58,200,"1,001.00","200,200.00"
2020-01-19,2020011901020434,SICL,58,58,400,"1,001.00","400,400.00"
2020-01-19,2020011901020440,SICL,58,58,909,"1,000.00","909,000.00"
2020-01-19,2020011901020575,SICL,16,6,100,997.00,"99,700.00"
2020-01-19,2020011901020518,SICL,58,52,91,"1,000.00","91,000.00"
2020-01-19,2020011901020848,SIL,29,16,150,528.00,"79,200.00"
2020-01-19,2020011901020806,SIL,49,16,100,528.00,"52,800.00"
2020-01-19,2020011901020566,SIL,50,16,250,528.00,"132,000.00"
2020-01-19,2020011901020565,SIL,50,56,27,528.00,"14,256.00"
2020-01-19,2020011901020668,SINDU,58,58,100,145.00,"14,500.00"
2020-01-19,2020011901020768,SJCL,21,5,20,170.00,"3,400.00"
2020-01-19,2020011901020700,SJCL,21,21,20,170.00,"3,400.00"
2020-01-19,2020011901020892,SKBBL,47,28,50,955.00,"47,750.00"
2020-01-19,2020011901020891,SKBBL,47,28,200,955.00,"191,000.00"
2020-01-19,2020011901020890,SKBBL,40,28,50,956.00,"47,800.00"
2020-01-19,2020011901020827,SKBBL,40,21,200,956.00,"191,200.00"
2020-01-19,2020011901020826,SKBBL,59,21,30,957.00,"28,710.00"
2020-01-19,2020011901020542,SLICL,17,56,38,383.00,"14,554.00"
2020-01-19,2020011901020574,SMFBS,56,34,60,"1,015.00","60,900.00"
2020-01-19,2020011901020804,SMFDB,36,18,36,732.00,"26,352.00"
2020-01-19,2020011901020725,SPARS,57,34,100,807.00,"80,700.00"
2020-01-19,2020011901020428,SPARS,57,55,100,807.00,"80,700.00"
2020-01-19,2020011901020560,SWBBL,44,28,425,"1,061.00","450,925.00"
2020-01-19,2020011901020559,SWBBL,44,28,300,"1,062.00","318,600.00"
2020-01-19,2020011901020558,SWBBL,26,28,375,"1,063.00","398,625.00"
2020-01-19,2020011901020885,TMDBL,1,5,150,193.00,"28,950.00"
2020-01-19,2020011901020547,TMDBL,58,5,100,193.00,"19,300.00"
2020-01-19,2020011901020879,TRH,38,17,10,325.00,"3,250.00"
2020-01-19,2020011901020531,TRH,58,58,"1,800",319.00,"574,200.00"
2020-01-19,2020011901020530,TRH,25,58,200,320.00,"64,000.00"
2020-01-19,2020011901020529,UIC,25,57,60,393.00,"23,580.00"
2020-01-19,2020011901020528,UIC,55,57,70,393.00,"27,510.00"
2020-01-19,2020011901020822,UPPER,54,5,50,265.00,"13,250.00"
2020-01-19,2020011901020817,UPPER,54,33,300,265.00,"79,500.00"
2020-01-19,2020011901020693,UPPER,34,46,30,266.00,"7,980.00"
2020-01-19,2020011901020570,UPPER,54,11,200,265.00,"53,000.00"
2020-01-19,2020011901020569,UPPER,54,21,40,265.00,"10,600.00"
2020-01-19,2020011901020550,UPPER,25,52,20,267.00,"5,340.00"
2020-01-19,2020011901020489,UPPER,54,1,19,265.00,"5,035.00"
2020-01-19,2020011901020429,UPPER,54,5,40,265.00,"10,600.00"
2020-01-19,2020011901020460,VLBS,37,25,50,889.00,"44,450.00"
2020-01-19,2020011901020895,WOMI,10,45,200,980.00,"196,000.00"
2020-01-19,2020011901020477,WOMI,38,47,60,979.00,"58,740.00"
2020-01-19,2020011901020118,ADBL,41,58,50,396.00,"19,800.00"
2020-01-19,2020011901019936,ADBL,41,38,100,396.00,"39,600.00"
2020-01-19,2020011901020106,AHPC,58,39,200,100.00,"20,000.00"
2020-01-19,2020011901020089,AHPC,58,39,200,100.00,"20,000.00"
2020-01-19,2020011901020068,AHPC,58,39,47,100.00,"4,700.00"
2020-01-19,2020011901020067,AHPC,58,51,153,100.00,"15,300.00"
2020-01-19,2020011901020049,AHPC,58,51,200,100.00,"20,000.00"
2020-01-19,2020011901020025,AHPC,58,51,200,100.00,"20,000.00"
2020-01-19,2020011901020392,AKPL,26,26,551,136.00,"74,936.00"
2020-01-19,2020011901020342,AKPL,29,50,572,135.00,"77,220.00"
2020-01-19,2020011901020173,ALBSL,49,28,20,685.00,"13,700.00"
2020-01-19,2020011901020172,ALBSL,51,28,60,685.00,"41,100.00"
2020-01-19,2020011901020289,ALICL,16,14,69,482.00,"33,258.00"
2020-01-19,2020011901020242,ALICL,16,14,430,482.00,"207,260.00"
2020-01-19,2020011901020241,ALICL,59,14,70,482.00,"33,740.00"
2020-01-19,2020011901020200,ALICL,59,14,30,482.00,"14,460.00"
2020-01-19,2020011901020386,API,49,5,88,129.00,"11,352.00"
2020-01-19,2020011901020193,API,49,47,412,129.00,"53,148.00"
2020-01-19,2020011901020161,API,46,45,641,129.00,"82,689.00"
2020-01-19,2020011901020126,API,56,45,341,127.00,"43,307.00"
2020-01-19,2020011901020125,API,26,45,959,127.00,"121,793.00"
2020-01-19,2020011901020124,API,46,45,"2,000",128.00,"256,000.00"
2020-01-19,2020011901019980,API,56,45,200,129.00,"25,800.00"
2020-01-19,2020011901019977,API,53,45,100,129.00,"12,900.00"
2020-01-19,2020011901019976,API,56,45,500,129.00,"64,500.00"
2020-01-19,2020011901019975,API,56,45,500,129.00,"64,500.00"
2020-01-19,2020011901019974,API,57,45,559,129.00,"72,111.00"
2020-01-19,2020011901020123,API,56,45,500,128.00,"64,000.00"
2020-01-19,2020011901020122,API,28,45,"1,000",128.00,"128,000.00"
2020-01-19,2020011901020121,API,25,45,96,128.00,"12,288.00"
2020-01-19,2020011901020031,API,49,45,500,129.00,"64,500.00"
2020-01-19,2020011901020336,BBC,39,45,90,"2,060.00","185,400.00"
2020-01-19,2020011901020197,BOKL,11,14,"1,109",247.00,"273,923.00"
2020-01-19,2020011901020085,BOKL,32,17,100,248.00,"24,800.00"
2020-01-19,2020011901020117,BPCL,17,38,250,344.00,"86,000.00"
2020-01-19,2020011901020030,BPCL,32,38,145,338.00,"49,010.00"
2020-01-19,2020011901020029,BPCL,29,38,"1,000",338.00,"338,000.00"
2020-01-19,2020011901020028,BPCL,37,38,200,338.00,"67,600.00"
2020-01-19,2020011901020381,CBBL,34,49,200,919.00,"183,800.00"
2020-01-19,2020011901020271,CBBL,53,4,406,920.00,"373,520.00"
2020-01-19,2020011901019942,CBBL,58,48,10,927.00,"9,270.00"
2020-01-19,2020011901019941,CBBL,1,48,40,927.00,"37,080.00"
2020-01-19,2020011901020175,CBBL,34,4,20,925.00,"18,500.00"
2020-01-19,2020011901020174,CBBL,50,4,232,926.00,"214,832.00"
2020-01-19,2020011901020034,CBBL,50,50,50,926.00,"46,300.00"
2020-01-19,2020011901019999,CBBL,58,4,30,928.00,"27,840.00"
2020-01-19,2020011901020181,CBBL,11,4,100,920.00,"92,000.00"
2020-01-19,2020011901020180,CBBL,36,4,300,921.00,"276,300.00"
2020-01-19,2020011901020179,CBBL,16,4,"1,200",922.00,"1,106,400.00"
2020-01-19,2020011901020178,CBBL,10,4,50,922.00,"46,100.00"
2020-01-19,2020011901020177,CBBL,40,4,50,922.00,"46,100.00"
2020-01-19,2020011901020176,CBBL,25,4,75,923.00,"69,225.00"
2020-01-19,2020011901020186,CBBL,6,4,10,920.00,"9,200.00"
2020-01-19,2020011901020185,CBBL,32,4,500,920.00,"460,000.00"
2020-01-19,2020011901020184,CBBL,32,4,45,920.00,"41,400.00"
2020-01-19,2020011901020183,CBBL,59,4,200,920.00,"184,000.00"
2020-01-19,2020011901020182,CBBL,34,4,50,920.00,"46,000.00"
2020-01-19,2020011901020423,CBL,42,53,895,152.00,"136,040.00"
2020-01-19,2020011901020385,CBL,42,4,105,152.00,"15,960.00"
2020-01-19,2020011901019988,CBL,4,10,400,151.00,"60,400.00"
2020-01-19,2020011901019947,CBL,41,10,600,152.00,"91,200.00"
2020-01-19,2020011901020414,CCBL,34,11,100,192.00,"19,200.00"
2020-01-19,2020011901020390,CCBL,28,42,11,191.00,"2,101.00"
2020-01-19,2020011901020188,CCBL,28,45,"1,000",191.00,"191,000.00"
2020-01-19,2020011901020153,CCBL,4,11,314,192.00,"60,288.00"
2020-01-19,2020011901020152,CCBL,4,14,50,192.00,"9,600.00"
2020-01-19,2020011901020151,CCBL,4,1,250,192.00,"48,000.00"
2020-01-19,2020011901019958,CCBL,56,58,50,190.00,"9,500.00"
2020-01-19,2020011901019957,CCBL,16,58,500,190.00,"95,000.00"
2020-01-19,2020011901019956,CCBL,55,58,"1,445",190.00,"274,550.00"
2020-01-19,2020011901019964,CCBL,37,58,"2,000",190.00,"380,000.00"
2020-01-19,2020011901019963,CCBL,34,58,500,190.00,"95,000.00"
2020-01-19,2020011901019962,CCBL,1,58,400,190.00,"76,000.00"
2020-01-19,2020011901019961,CCBL,49,58,"1,000",190.00,"190,000.00"
2020-01-19,2020011901019960,CCBL,50,58,"1,000",190.00,"190,000.00"
2020-01-19,2020011901019959,CCBL,46,58,500,190.00,"95,000.00"
2020-01-19,2020011901020027,CCBL,28,51,"1,000",191.00,"191,000.00"
2020-01-19,2020011901020026,CCBL,28,40,"1,944",191.00,"371,304.00"
2020-01-19,2020011901020016,CCBL,49,40,500,191.00,"95,500.00"
2020-01-19,2020011901019978,CCBL,17,40,200,191.00,"38,200.00"
2020-01-19,2020011901019966,CCBL,51,58,88,190.00,"16,720.00"
2020-01-19,2020011901019965,CCBL,57,58,518,190.00,"98,420.00"
2020-01-19,2020011901020150,CCBL,4,49,"1,118",192.00,"214,656.00"
2020-01-19,2020011901020149,CCBL,4,6,"1,000",192.00,"192,000.00"
2020-01-19,2020011901020148,CCBL,4,19,42,192.00,"8,064.00"
2020-01-19,2020011901020147,CCBL,4,19,35,192.00,"6,720.00"
2020-01-19,2020011901020146,CCBL,4,40,"2,191",192.00,"420,672.00"
2020-01-19,2020011901020050,CCBL,33,40,200,192.00,"38,400.00"
2020-01-19,2020011901020408,CHCL,17,59,50,455.00,"22,750.00"
2020-01-19,2020011901019996,CLBSL,16,28,22,890.00,"19,580.00"
2020-01-19,2020011901019995,CLBSL,16,50,10,888.00,"8,880.00"
2020-01-19,2020011901019994,CLBSL,16,58,17,885.00,"15,045.00"
2020-01-19,2020011901019993,CLBSL,16,58,151,885.00,"133,635.00"
2020-01-19,2020011901020422,CORBL,55,38,200,144.00,"28,800.00"
2020-01-19,2020011901020421,CORBL,55,52,400,144.00,"57,600.00"
2020-01-19,2020011901020420,CORBL,55,13,170,144.00,"24,480.00"
2020-01-19,2020011901020198,CZBIL,5,51,500,213.00,"106,500.00"
2020-01-19,2020011901020378,DDBL,36,36,105,"1,058.00","111,090.00"
2020-01-19,2020011901020195,DDBL,35,33,643,"1,060.00","681,580.00"
2020-01-19,2020011901020194,DDBL,35,34,65,"1,060.00","68,900.00"
2020-01-19,2020011901020120,DDBL,36,34,195,"1,058.00","206,310.00"
2020-01-19,2020011901020119,DDBL,55,34,100,"1,058.00","105,800.00"
2020-01-19,2020011901020419,EBL,5,13,70,641.00,"44,870.00"
2020-01-19,2020011901020418,EBL,29,13,30,641.00,"19,230.00"
2020-01-19,2020011901020383,EBL,5,45,200,642.00,"128,400.00"
2020-01-19,2020011901020382,EBL,51,45,25,642.00,"16,050.00"
2020-01-19,2020011901020354,EBL,51,19,40,642.00,"25,680.00"
2020-01-19,2020011901020141,EIC,32,17,100,360.00,"36,000.00"
2020-01-19,2020011901019949,EIC,5,16,450,356.00,"160,200.00"
2020-01-19,2020011901019948,EIC,38,16,50,356.00,"17,800.00"
2020-01-19,2020011901020394,FMDBL,38,33,22,432.00,"9,504.00"
2020-01-19,2020011901020393,FMDBL,38,43,250,432.00,"108,000.00"
2020-01-19,2020011901020214,FMDBL,32,43,250,432.00,"108,000.00"
2020-01-19,2020011901020213,FMDBL,32,48,50,431.00,"21,550.00"
2020-01-19,2020011901020380,FOWAD,19,1,29,"1,297.00","37,613.00"
2020-01-19,2020011901020135,GBLBS,29,45,333,421.00,"140,193.00"
2020-01-19,2020011901020116,GBLBS,13,59,100,420.00,"42,000.00"
2020-01-19,2020011901020115,GBLBS,13,55,200,420.00,"84,000.00"
2020-01-19,2020011901020003,GBLBS,52,39,70,420.00,"29,400.00"
2020-01-19,2020011901020080,GFCL,29,4,550,155.00,"85,250.00"
2020-01-19,2020011901020079,GFCL,29,45,200,155.00,"31,000.00"
2020-01-19,2020011901020078,GFCL,29,56,40,155.00,"6,200.00"
2020-01-19,2020011901020077,GFCL,29,41,300,155.00,"46,500.00"
2020-01-19,2020011901020261,GGBSL,17,3,90,883.00,"79,470.00"
2020-01-19,2020011901020260,GGBSL,28,3,100,884.00,"88,400.00"
2020-01-19,2020011901020259,GGBSL,11,3,25,885.00,"22,125.00"
2020-01-19,2020011901020258,GGBSL,46,3,80,885.00,"70,800.00"
2020-01-19,2020011901020218,GGBSL,55,3,10,887.00,"8,870.00"
2020-01-19,2020011901019992,GGBSL,25,3,50,890.00,"44,500.00"
2020-01-19,2020011901019991,GGBSL,44,3,100,890.00,"89,000.00"
2020-01-19,2020011901019990,GGBSL,42,3,100,890.00,"89,000.00"
2020-01-19,2020011901019989,GGBSL,49,3,10,892.00,"8,920.00"
2020-01-19,2020011901020217,GGBSL,55,7,40,887.00,"35,480.00"
2020-01-19,2020011901020091,GGBSL,22,3,10,888.00,"8,880.00"
2020-01-19,2020011901020047,GGBSL,19,3,100,888.00,"88,800.00"
2020-01-19,2020011901020046,GGBSL,6,3,20,889.00,"17,780.00"
2020-01-19,2020011901020045,GGBSL,56,3,50,889.00,"44,450.00"
2020-01-19,2020011901019934,GILB,17,32,50,"1,341.00","67,050.00"
2020-01-19,2020011901020159,GLICL,35,14,100,613.00,"61,300.00"
2020-01-19,2020011901020301,GMFBS,28,55,100,792.00,"79,200.00"
2020-01-19,2020011901020285,GMFBS,28,43,10,791.00,"7,910.00"
2020-01-19,2020011901020284,GMFBS,28,34,200,791.00,"158,200.00"
2020-01-19,2020011901020140,GMFBS,28,55,20,792.00,"15,840.00"
2020-01-19,2020011901020134,GMFBS,28,34,200,790.00,"158,000.00"
2020-01-19,2020011901020133,GMFBS,28,28,10,790.00,"7,900.00"
2020-01-19,2020011901020014,GMFBS,51,21,10,775.00,"7,750.00"
2020-01-19,2020011901020212,HBL,40,38,500,576.00,"288,000.00"
2020-01-19,2020011901020211,HBL,28,38,50,576.00,"28,800.00"
2020-01-19,2020011901020367,HDL,45,58,100,"1,290.00","129,000.00"
2020-01-19,2020011901020366,HDL,42,58,100,"1,291.00","129,100.00"
2020-01-19,2020011901020365,HDL,52,58,100,"1,291.00","129,100.00"
2020-01-19,2020011901020364,HDL,49,58,200,"1,292.00","258,400.00"
2020-01-19,2020011901020363,HDL,52,58,100,"1,295.00","129,500.00"
2020-01-19,2020011901020362,HDL,40,58,50,"1,295.00","64,750.00"
2020-01-19,2020011901019987,HDL,59,54,300,"1,300.00","390,000.00"
2020-01-19,2020011901019986,HDL,45,54,100,"1,300.00","130,000.00"
2020-01-19,2020011901019985,HDL,38,54,20,"1,300.00","26,000.00"
2020-01-19,2020011901019984,HDL,19,54,100,"1,300.00","130,000.00"
2020-01-19,2020011901019983,HDL,36,54,50,"1,300.00","65,000.00"
2020-01-19,2020011901019982,HDL,34,54,30,"1,301.00","39,030.00"
2020-01-19,2020011901020355,HDL,11,58,10,"1,298.00","12,980.00"
2020-01-19,2020011901020309,HDL,11,45,90,"1,298.00","116,820.00"
2020-01-19,2020011901020308,HDL,32,45,10,"1,298.00","12,980.00"
2020-01-19,2020011901020302,HDL,41,48,20,"1,299.00","25,980.00"
2020-01-19,2020011901020256,HDL,52,45,138,"1,298.00","179,124.00"
2020-01-19,2020011901020162,HDL,51,48,50,"1,299.00","64,950.00"
2020-01-19,2020011901020361,HDL,14,58,100,"1,295.00","129,500.00"
2020-01-19,2020011901020360,HDL,56,58,70,"1,295.00","90,650.00"
2020-01-19,2020011901020359,HDL,35,58,100,"1,297.00","129,700.00"
2020-01-19,2020011901020358,HDL,42,58,500,"1,297.00","648,500.00"
2020-01-19,2020011901020357,HDL,48,58,50,"1,298.00","64,900.00"
2020-01-19,2020011901020356,HDL,45,58,20,"1,298.00","25,960.00"
2020-01-19,2020011901020407,HGI,22,14,400,363.00,"145,200.00"
2020-01-19,2020011901020303,HGI,22,10,80,363.00,"29,040.00"
2020-01-19,2020011901020299,HGI,35,10,20,363.00,"7,260.00"
2020-01-19,2020011901020298,HGI,35,53,380,363.00,"137,940.00"
2020-01-19,2020011901020097,HGI,40,53,500,363.00,"181,500.00"
2020-01-19,2020011901020226,ILBS,25,5,10,842.00,"8,420.00"
2020-01-19,2020011901020128,ILBS,42,48,30,855.00,"25,650.00"
2020-01-19,2020011901020279,JBBL,16,11,50,185.00,"9,250.00"
2020-01-19,2020011901020095,JBBL,49,25,39,188.00,"7,332.00"
2020-01-19,2020011901020084,JBBL,33,22,51,189.00,"9,639.00"
2020-01-19,2020011901020083,JBBL,33,45,149,189.00,"28,161.00"
2020-01-19,2020011901020246,KADBL,34,21,21,285.00,"5,985.00"
2020-01-19,2020011901020245,KADBL,22,21,50,286.00,"14,300.00"
2020-01-19,2020011901020244,KADBL,26,21,429,286.00,"122,694.00"
2020-01-19,2020011901020048,KADBL,26,32,42,286.00,"12,012.00"
2020-01-19,2020011901020013,KADBL,26,32,529,286.00,"151,294.00"
2020-01-19,2020011901020012,KADBL,34,32,250,286.00,"71,500.00"
2020-01-19,2020011901020257,KBL,10,41,150,205.00,"30,750.00"
2020-01-19,2020011901020056,KBL,32,5,80,203.00,"16,240.00"
2020-01-19,2020011901020278,KSBBL,26,49,853,162.00,"138,186.00"
2020-01-19,2020011901020376,LBBL,17,14,300,200.00,"60,000.00"
2020-01-19,2020011901020375,LBBL,38,14,300,200.00,"60,000.00"
2020-01-19,2020011901020374,LBBL,8,14,50,200.00,"10,000.00"
2020-01-19,2020011901020281,LBL,34,45,500,222.00,"111,000.00"
2020-01-19,2020011901020127,LBL,52,45,420,222.00,"93,240.00"
2020-01-19,2020011901020404,LGIL,58,14,100,446.00,"44,600.00"
2020-01-19,2020011901020334,LGIL,45,6,100,442.00,"44,200.00"
2020-01-19,2020011901020324,LGIL,45,58,"1,057",442.00,"467,194.00"
2020-01-19,2020011901020323,LGIL,49,58,400,443.00,"177,200.00"
2020-01-19,2020011901020322,LGIL,35,58,200,443.00,"88,600.00"
2020-01-19,2020011901020321,LGIL,26,58,100,444.00,"44,400.00"
2020-01-19,2020011901020036,LGIL,58,58,400,452.00,"180,800.00"
2020-01-19,2020011901020035,LGIL,58,4,140,452.00,"63,280.00"
2020-01-19,2020011901020320,LGIL,49,58,39,445.00,"17,355.00"
2020-01-19,2020011901020290,LGIL,55,14,100,446.00,"44,600.00"
2020-01-19,2020011901020157,LGIL,49,14,51,445.00,"22,695.00"
2020-01-19,2020011901020156,LGIL,34,14,149,445.00,"66,305.00"
2020-01-19,2020011901020155,LGIL,1,14,100,446.00,"44,600.00"
2020-01-19,2020011901020154,LGIL,45,14,100,446.00,"44,600.00"
2020-01-19,2020011901020251,LICN,25,25,10,"1,253.00","12,530.00"
2020-01-19,2020011901020098,LICN,32,1,20,"1,245.00","24,900.00"
2020-01-19,2020011901020410,LLBS,34,49,"1,550","1,011.00","1,567,050.00"
2020-01-19,2020011901020409,LLBS,34,45,500,"1,013.00","506,500.00"
2020-01-19,2020011901020377,LLBS,38,49,10,"1,028.00","10,280.00"
2020-01-19,2020011901020272,LLBS,38,49,10,"1,048.00","10,480.00"
2020-01-19,2020011901020379,MBL,16,39,100,246.00,"24,600.00"
2020-01-19,2020011901020335,MBL,42,16,20,247.00,"4,940.00"
2020-01-19,2020011901020136,MBL,34,16,200,247.00,"49,400.00"
2020-01-19,2020011901020297,MEGA,19,34,33,209.00,"6,897.00"
2020-01-19,2020011901020296,MEGA,19,51,467,209.00,"97,603.00"
2020-01-19,2020011901020250,MEGA,33,51,100,209.00,"20,900.00"
2020-01-19,2020011901020169,MERO,19,16,100,664.00,"66,400.00"
2020-01-19,2020011901020168,MERO,22,16,20,665.00,"13,300.00"
2020-01-19,2020011901020167,MERO,40,16,80,665.00,"53,200.00"
2020-01-19,2020011901020412,MFIL,49,43,500,215.00,"107,500.00"
2020-01-19,2020011901020318,MFIL,47,43,200,215.00,"43,000.00"
2020-01-19,2020011901020190,MFIL,34,10,300,214.00,"64,200.00"
2020-01-19,2020011901019972,MFIL,37,43,"1,890",215.00,"406,350.00"
2020-01-19,2020011901020215,MNBBL,17,38,65,335.00,"21,775.00"
2020-01-19,2020011901020160,MNBBL,19,38,75,335.00,"25,125.00"
2020-01-19,2020011901020114,MNBBL,19,4,425,335.00,"142,375.00"
2020-01-19,2020011901020107,MNBBL,6,4,300,336.00,"100,800.00"
2020-01-19,2020011901020113,MNBBL,28,4,300,335.00,"100,500.00"
2020-01-19,2020011901020112,MNBBL,49,4,150,335.00,"50,250.00"
2020-01-19,2020011901020111,MNBBL,50,4,280,335.00,"93,800.00"
2020-01-19,2020011901020110,MNBBL,36,4,500,335.00,"167,500.00"
2020-01-19,2020011901020109,MNBBL,44,4,45,335.00,"15,075.00"
2020-01-19,2020011901020108,MNBBL,57,4,"1,000",336.00,"336,000.00"
2020-01-19,2020011901020145,MSMBS,45,59,200,775.00,"155,000.00"
2020-01-19,2020011901020187,NABIL,33,34,24,766.00,"18,384.00"
2020-01-19,2020011901020389,NADEP,16,18,21,635.00,"13,335.00"
2020-01-19,2020011901020223,NADEP,16,5,11,635.00,"6,985.00"
2020-01-19,2020011901019940,NADEP,36,53,250,636.00,"159,000.00"
2020-01-19,2020011901019939,NADEP,38,53,100,637.00,"63,700.00"
2020-01-19,2020011901019938,NADEP,50,53,200,638.00,"127,600.00"
2020-01-19,2020011901019937,NADEP,19,53,30,639.00,"19,170.00"
2020-01-19,2020011901020204,NBL,35,28,290,285.00,"82,650.00"
2020-01-19,2020011901020203,NBL,35,39,80,285.00,"22,800.00"
2020-01-19,2020011901020087,NBL,26,39,920,285.00,"262,200.00"
2020-01-19,2020011901020086,NBL,26,42,580,285.00,"165,300.00"
2020-01-19,2020011901020353,NCCB,56,42,52,234.00,"12,168.00"
2020-01-19,2020011901020352,NCCB,52,42,148,234.00,"34,632.00"
2020-01-19,2020011901020339,NCCB,28,21,470,235.00,"110,450.00"
2020-01-19,2020011901020338,NCCB,28,38,85,235.00,"19,975.00"
2020-01-19,2020011901019952,NCCB,51,36,"1,000",235.00,"235,000.00"
2020-01-19,2020011901019951,NCCB,36,36,300,235.00,"70,500.00"
2020-01-19,2020011901019950,NCCB,26,36,500,235.00,"117,500.00"
2020-01-19,2020011901019967,NHDL,49,47,10,127.00,"1,270.00"
2020-01-19,2020011901020395,NIB,13,22,50,410.00,"20,500.00"
2020-01-19,2020011901020274,NIB,42,57,48,411.00,"19,728.00"
2020-01-19,2020011901020416,NIBPO,1,17,400,385.00,"154,000.00"
2020-01-19,2020011901020415,NIBPO,22,17,100,385.00,"38,500.00"
2020-01-19,2020011901020283,NICA,13,14,266,479.00,"127,414.00"
2020-01-19,2020011901020282,NICA,55,14,234,479.00,"112,086.00"
2020-01-19,2020011901020094,NICA,20,16,190,480.00,"91,200.00"
2020-01-19,2020011901020093,NICA,20,28,500,480.00,"240,000.00"
2020-01-19,2020011901020092,NICA,20,58,310,480.00,"148,800.00"
2020-01-19,2020011901020264,NICL,46,48,156,385.00,"60,060.00"
2020-01-19,2020011901020263,NICL,21,48,250,385.00,"96,250.00"
2020-01-19,2020011901020262,NICL,58,48,594,386.00,"229,284.00"
2020-01-19,2020011901020247,NICL,58,45,406,386.00,"156,716.00"
2020-01-19,2020011901020130,NICL,6,39,480,389.00,"186,720.00"
2020-01-19,2020011901020099,NICL,58,48,"1,000",390.00,"390,000.00"
2020-01-19,2020011901020205,NICL,6,45,20,389.00,"7,780.00"
2020-01-19,2020011901020306,NIL,50,49,504,464.00,"233,856.00"
2020-01-19,2020011901020305,NIL,4,49,150,465.00,"69,750.00"
2020-01-19,2020011901020142,NIL,34,6,838,467.00,"391,346.00"
2020-01-19,2020011901020102,NIL,34,38,162,467.00,"75,654.00"
2020-01-19,2020011901020101,NIL,52,38,20,467.00,"9,340.00"
2020-01-19,2020011901020058,NIL,52,56,180,467.00,"84,060.00"
2020-01-19,2020011901020057,NIL,39,56,20,467.00,"9,340.00"
2020-01-19,2020011901020304,NLBBL,36,41,132,679.00,"89,628.00"
2020-01-19,2020011901020280,NLBBL,36,38,68,679.00,"46,172.00"
2020-01-19,2020011901020255,NLBBL,46,38,111,680.00,"75,480.00"
2020-01-19,2020011901020220,NLBBL,46,16,300,680.00,"204,000.00"
2020-01-19,2020011901020219,NLBBL,32,16,200,681.00,"136,200.00"
2020-01-19,2020011901020189,NLBBL,59,38,221,682.00,"150,722.00"
2020-01-19,2020011901020131,NLBBL,28,38,185,683.00,"126,355.00"
2020-01-19,2020011901020044,NLBBL,28,19,100,683.00,"68,300.00"
2020-01-19,2020011901020202,NLG,6,28,147,786.00,"115,542.00"
2020-01-19,2020011901020201,NLG,1,28,13,786.00,"10,218.00"
2020-01-19,2020011901020348,NLIC,1,4,"1,500","1,083.00","1,624,500.00"
2020-01-19,2020011901019928,NLIC,54,5,19,"1,082.00","20,558.00"
2020-01-19,2020011901019927,NLIC,19,5,30,"1,082.00","32,460.00"
2020-01-19,2020011901019926,NLIC,35,5,20,"1,085.00","21,700.00"
2020-01-19,2020011901019925,NLIC,48,5,100,"1,085.00","108,500.00"
2020-01-19,2020011901019924,NLIC,39,5,15,"1,085.00","16,275.00"
2020-01-19,2020011901020307,NLICL,25,16,10,660.00,"6,600.00"
2020-01-19,2020011901020210,NLICL,42,34,84,655.00,"55,020.00"
2020-01-19,2020011901020209,NLICL,57,34,200,655.00,"131,000.00"
2020-01-19,2020011901020208,NLICL,44,34,300,655.00,"196,500.00"
2020-01-19,2020011901020207,NLICL,41,34,16,655.00,"10,480.00"
2020-01-19,2020011901020043,NLICL,41,5,100,655.00,"65,500.00"
2020-01-19,2020011901020042,NLICL,38,5,200,657.00,"131,400.00"
2020-01-19,2020011901020398,NMB,34,4,50,377.00,"18,850.00"
2020-01-19,2020011901020293,NMB,40,4,500,377.00,"188,500.00"
2020-01-19,2020011901020206,NMB,52,4,250,377.00,"94,250.00"
2020-01-19,2020011901020139,NMB,17,14,500,376.00,"188,000.00"
2020-01-19,2020011901020103,NMB,39,4,300,377.00,"113,100.00"
2020-01-19,2020011901020076,NMB,34,4,500,377.00,"188,500.00"
2020-01-19,2020011901020075,NMB,48,4,450,377.00,"169,650.00"
2020-01-19,2020011901020074,NMB,53,4,500,377.00,"188,500.00"
2020-01-19,2020011901020073,NMB,55,4,209,377.00,"78,793.00"
2020-01-19,2020011901020066,NMFBS,52,7,20,"1,570.00","31,400.00"
2020-01-19,2020011901020270,NUBL,34,4,50,935.00,"46,750.00"
2020-01-19,2020011901020269,NUBL,17,4,187,935.00,"174,845.00"
2020-01-19,2020011901020268,NUBL,46,4,100,936.00,"93,600.00"
2020-01-19,2020011901020267,NUBL,49,4,500,936.00,"468,000.00"
2020-01-19,2020011901020266,NUBL,33,4,44,936.00,"41,184.00"
2020-01-19,2020011901020265,NUBL,57,4,500,938.00,"469,000.00"
2020-01-19,2020011901020406,OHL,33,50,100,545.00,"54,500.00"
2020-01-19,2020011901020405,OHL,33,50,176,545.00,"95,920.00"
2020-01-19,2020011901020399,OHL,33,50,300,545.00,"163,500.00"
2020-01-19,2020011901020373,PCBL,14,54,50,285.00,"14,250.00"
2020-01-19,2020011901020372,PCBL,14,57,"1,000",285.00,"285,000.00"
2020-01-19,2020011901020371,PCBL,14,3,101,285.00,"28,785.00"
2020-01-19,2020011901020333,PCBL,5,53,"1,000",284.00,"284,000.00"
2020-01-19,2020011901020332,PCBL,17,53,100,284.00,"28,400.00"
2020-01-19,2020011901020331,PCBL,45,53,100,284.00,"28,400.00"
2020-01-19,2020011901020330,PCBL,53,53,32,284.00,"9,088.00"
2020-01-19,2020011901020292,PIC,35,16,17,540.00,"9,180.00"
2020-01-19,2020011901020291,PIC,53,16,83,540.00,"44,820.00"
2020-01-19,2020011901020019,PLIC,51,13,181,484.00,"87,604.00"
2020-01-19,2020011901020417,PPCL,46,19,100,140.00,"14,000.00"
2020-01-19,2020011901020082,PPCL,46,58,426,140.00,"59,640.00"
2020-01-19,2020011901020054,PPCL,53,58,110,141.00,"15,510.00"
2020-01-19,2020011901020053,PPCL,26,58,500,142.00,"71,000.00"
2020-01-19,2020011901020024,PPCL,14,58,500,143.00,"71,500.00"
2020-01-19,2020011901020403,PRIN,7,57,167,430.00,"71,810.00"
2020-01-19,2020011901020402,PRIN,22,57,150,430.00,"64,500.00"
2020-01-19,2020011901020401,PRIN,53,57,183,430.00,"78,690.00"
2020-01-19,2020011901020397,PRIN,53,58,117,430.00,"50,310.00"
2020-01-19,2020011901020396,PRIN,40,58,883,430.00,"379,690.00"
2020-01-19,2020011901020317,PRIN,40,32,117,430.00,"50,310.00"
2020-01-19,2020011901020316,PRIN,58,32,383,430.00,"164,690.00"
2020-01-19,2020011901020288,PRIN,58,32,800,430.00,"344,000.00"
2020-01-19,2020011901020138,PRIN,58,44,500,430.00,"215,000.00"
2020-01-19,2020011901020129,PRIN,58,50,60,430.00,"25,800.00"
2020-01-19,2020011901020081,PRIN,58,52,753,430.00,"323,790.00"
2020-01-19,2020011901020295,PRVU,51,29,430,261.00,"112,230.00"
2020-01-19,2020011901020294,PRVU,25,29,70,261.00,"18,270.00"
2020-01-19,2020011901020254,PRVU,25,52,30,261.00,"7,830.00"
2020-01-19,2020011901020253,PRVU,39,52,70,261.00,"18,270.00"
2020-01-19,2020011901020132,PRVU,39,14,500,261.00,"130,500.00"
2020-01-19,2020011901020071,RBCL,38,56,30,"9,450.00","283,500.00"
2020-01-19,2020011901020070,RBCL,28,56,10,"9,624.00","96,240.00"
2020-01-19,2020011901020015,RBCL,28,56,20,"9,624.00","192,480.00"
2020-01-19,2020011901019946,RBCL,38,49,10,"9,700.00","97,000.00"
2020-01-19,2020011901020287,RBCLPO,59,39,20,"8,950.00","179,000.00"
2020-01-19,2020011901020341,RHPC,58,39,129,84.00,"10,836.00"
2020-01-19,2020011901020340,RHPC,58,40,500,84.00,"42,000.00"
2020-01-19,2020011901020413,RHPL,40,36,500,179.00,"89,500.00"
2020-01-19,2020011901020319,RHPL,19,36,150,180.00,"27,000.00"
2020-01-19,2020011901020240,RHPL,19,47,10,180.00,"1,800.00"
2020-01-19,2020011901020216,RHPL,37,36,630,180.00,"113,400.00"
2020-01-19,2020011901020171,RHPL,37,59,170,180.00,"30,600.00"
2020-01-19,2020011901020170,RHPL,52,59,160,180.00,"28,800.00"
2020-01-19,2020011901020055,RHPL,52,21,40,180.00,"7,200.00"
2020-01-19,2020011901019931,RHPL,16,59,500,182.00,"91,000.00"
2020-01-19,2020011901019930,RHPL,52,59,370,182.00,"67,340.00"
2020-01-19,2020011901019929,RHPL,33,59,520,183.00,"95,160.00"
2020-01-19,2020011901020052,RMDC,37,38,74,640.00,"47,360.00"
2020-01-19,2020011901020051,RMDC,32,38,100,641.00,"64,100.00"
2020-01-19,2020011901019998,RMDC,37,19,200,642.00,"128,400.00"
2020-01-19,2020011901019997,RMDC,25,19,30,643.00,"19,290.00"
2020-01-19,2020011901020069,RSDC,18,45,200,434.00,"86,800.00"
2020-01-19,2020011901020400,SABSL,45,7,66,812.00,"53,592.00"
2020-01-19,2020011901020391,SABSL,45,57,380,812.00,"308,560.00"
2020-01-19,2020011901020344,SABSL,45,45,54,812.00,"43,848.00"
2020-01-19,2020011901020343,SABSL,45,45,46,812.00,"37,352.00"
2020-01-19,2020011901020243,SABSL,45,38,34,812.00,"27,608.00"
2020-01-19,2020011901020199,SABSL,58,38,30,814.00,"24,420.00"
2020-01-19,2020011901020196,SAPDBL,37,11,26,168.00,"4,368.00"
2020-01-19,2020011901020337,SCB,56,13,100,645.00,"64,500.00"
2020-01-19,2020011901020002,SCB,56,35,138,645.00,"89,010.00"
2020-01-19,2020011901020001,SCB,51,35,450,645.00,"290,250.00"
2020-01-19,2020011901020411,SFFIL,6,52,550,215.00,"118,250.00"
2020-01-19,2020011901019973,SFFIL,54,52,450,215.00,"96,750.00"
2020-01-19,2020011901019935,SFFIL,45,29,40,218.00,"8,720.00"
2020-01-19,2020011901020225,SHINE,57,28,210,268.00,"56,280.00"
2020-01-19,2020011901020224,SHINE,4,28,100,268.00,"26,800.00"
2020-01-19,2020011901020021,SHINE,4,1,200,268.00,"53,600.00"
2020-01-19,2020011901020020,SHINE,4,1,300,269.00,"80,700.00"
2020-01-19,2020011901019955,SHINE,4,1,363,269.00,"97,647.00"
2020-01-19,2020011901019954,SHINE,4,39,37,269.00,"9,953.00"
2020-01-19,2020011901019953,SHINE,4,34,100,268.00,"26,800.00"
2020-01-19,2020011901020347,SHIVM,42,33,500,546.00,"273,000.00"
2020-01-19,2020011901020346,SHIVM,41,33,50,547.00,"27,350.00"
2020-01-19,2020011901020345,SHIVM,38,33,20,547.00,"10,940.00"
2020-01-19,2020011901020277,SHIVM,38,39,100,547.00,"54,700.00"
2020-01-19,2020011901020276,SHIVM,38,50,226,547.00,"123,622.00"
2020-01-19,2020011901020273,SHIVM,55,50,20,547.00,"10,940.00"
2020-01-19,2020011901019932,SHIVM,58,50,115,544.00,"62,560.00"
2020-01-19,2020011901019971,SHIVM,29,38,385,543.00,"209,055.00"
2020-01-19,2020011901019970,SHIVM,38,38,100,543.00,"54,300.00"
2020-01-19,2020011901019969,SHIVM,34,38,"1,000",543.00,"543,000.00"
2020-01-19,2020011901019968,SHIVM,58,38,415,543.00,"225,345.00"
2020-01-19,2020011901019944,SHIVM,58,57,200,543.00,"108,600.00"
2020-01-19,2020011901019933,SHIVM,58,50,385,543.00,"209,055.00"
2020-01-19,2020011901020065,SHIVM,38,16,25,542.00,"13,550.00"
2020-01-19,2020011901020064,SHIVM,38,16,200,542.00,"108,400.00"
2020-01-19,2020011901020063,SHIVM,57,16,100,542.00,"54,200.00"
2020-01-19,2020011901020062,SHIVM,35,16,60,542.00,"32,520.00"
2020-01-19,2020011901020061,SHIVM,29,16,115,543.00,"62,445.00"
2020-01-19,2020011901020018,SHIVM,29,58,500,543.00,"271,500.00"
2020-01-19,2020011901020370,SHL,57,50,300,214.00,"64,200.00"
2020-01-19,2020011901020369,SHL,39,50,200,215.00,"43,000.00"
2020-01-19,2020011901020228,SHPC,32,14,135,223.00,"30,105.00"
2020-01-19,2020011901020227,SHPC,32,43,15,223.00,"3,345.00"
2020-01-19,2020011901020017,SICL,56,7,50,"1,003.00","50,150.00"
2020-01-19,2020011901020384,SIL,58,56,50,528.00,"26,400.00"
2020-01-19,2020011901020351,SIL,40,56,70,528.00,"36,960.00"
2020-01-19,2020011901020350,SIL,40,10,30,527.00,"15,810.00"
2020-01-19,2020011901020286,SIL,32,56,350,528.00,"184,800.00"
2020-01-19,2020011901020388,SJCL,21,5,20,170.00,"3,400.00"
2020-01-19,2020011901020192,SJCL,11,46,140,171.00,"23,940.00"
2020-01-19,2020011901020191,SJCL,43,46,85,171.00,"14,535.00"
2020-01-19,2020011901020137,SJCL,43,25,100,171.00,"17,100.00"
2020-01-19,2020011901020090,SJCL,43,47,10,171.00,"1,710.00"
2020-01-19,2020011901020088,SJCL,43,21,20,171.00,"3,420.00"
2020-01-19,2020011901020239,SKBBL,39,4,200,960.00,"192,000.00"
2020-01-19,2020011901020238,SKBBL,28,4,50,960.00,"48,000.00"
2020-01-19,2020011901020237,SKBBL,6,4,300,960.00,"288,000.00"
2020-01-19,2020011901020236,SKBBL,25,4,500,960.00,"480,000.00"
2020-01-19,2020011901020235,SKBBL,38,4,50,961.00,"48,050.00"
2020-01-19,2020011901020234,SKBBL,37,4,100,961.00,"96,100.00"
2020-01-19,2020011901020060,SKBBL,40,36,180,963.00,"173,340.00"
2020-01-19,2020011901020059,SKBBL,34,36,20,964.00,"19,280.00"
2020-01-19,2020011901020233,SKBBL,37,4,100,961.00,"96,100.00"
2020-01-19,2020011901020232,SKBBL,28,4,50,961.00,"48,050.00"
2020-01-19,2020011901020231,SKBBL,26,4,90,961.00,"86,490.00"
2020-01-19,2020011901020230,SKBBL,28,4,50,963.00,"48,150.00"
2020-01-19,2020011901020229,SKBBL,40,4,60,963.00,"57,780.00"
2020-01-19,2020011901020072,SKBBL,40,50,60,963.00,"57,780.00"
2020-01-19,2020011901020387,SLBBL,57,57,10,784.00,"7,840.00"
2020-01-19,2020011901020000,SLBBL,57,57,90,784.00,"70,560.00"
2020-01-19,2020011901020023,SLBSL,40,14,100,809.00,"80,900.00"
2020-01-19,2020011901020022,SLBSL,40,58,45,796.00,"35,820.00"
2020-01-19,2020011901020105,SLICL,17,26,25,383.00,"9,575.00"
2020-01-19,2020011901020104,SLICL,58,26,25,383.00,"9,575.00"
2020-01-19,2020011901020349,SMATA,56,52,100,785.00,"78,500.00"
2020-01-19,2020011901020010,SMFDB,17,58,80,725.00,"58,000.00"
2020-01-19,2020011901020144,SPARS,57,34,256,807.00,"206,592.00"
2020-01-19,2020011901020143,SPARS,42,34,20,810.00,"16,200.00"
2020-01-19,2020011901019981,SPARS,42,21,10,810.00,"8,100.00"
2020-01-19,2020011901020041,SRBL,39,4,170,246.00,"41,820.00"
2020-01-19,2020011901020040,SRBL,57,4,500,246.00,"123,000.00"
2020-01-19,2020011901020039,SRBL,52,4,500,246.00,"123,000.00"
2020-01-19,2020011901020038,SRBL,42,4,390,246.00,"95,940.00"
2020-01-19,2020011901020037,SRBL,14,4,"1,440",247.00,"355,680.00"
2020-01-19,2020011901020009,STC,32,14,50,"2,499.00","124,950.00"
2020-01-19,2020011901020008,STC,51,14,25,"2,500.00","62,500.00"
2020-01-19,2020011901020007,STC,35,14,23,"2,500.00","57,500.00"
2020-01-19,2020011901020006,STC,16,14,27,"2,500.00","67,500.00"
2020-01-19,2020011901020005,STC,34,14,10,"2,501.00","25,010.00"
2020-01-19,2020011901020004,STC,45,14,10,"2,502.00","25,020.00"
2020-01-19,2020011901020252,SWBBL,26,11,100,"1,063.00","106,300.00"
2020-01-19,2020011901020100,SWBBL,26,50,25,"1,063.00","26,575.00"
2020-01-19,2020011901020329,TMDBL,1,58,100,192.00,"19,200.00"
2020-01-19,2020011901020328,TMDBL,1,4,500,192.00,"96,000.00"
2020-01-19,2020011901020327,TMDBL,1,57,10,192.00,"1,920.00"
2020-01-19,2020011901020326,TMDBL,1,17,200,192.00,"38,400.00"
2020-01-19,2020011901020325,TMDBL,1,39,200,192.00,"38,400.00"
2020-01-19,2020011901020300,TMDBL,1,47,260,189.00,"49,140.00"
2020-01-19,2020011901020275,TMDBL,38,47,200,189.00,"37,800.00"
2020-01-19,2020011901020096,TRH,25,58,355,322.00,"114,310.00"
2020-01-19,2020011901019979,TRH,58,58,"2,000",321.00,"642,000.00"
2020-01-19,2020011901019943,TRH,58,58,"1,000",321.00,"321,000.00"
2020-01-19,2020011901020368,UIC,55,16,30,393.00,"11,790.00"
2020-01-19,2020011901020166,UIC,45,14,100,393.00,"39,300.00"
2020-01-19,2020011901020165,UIC,45,14,100,393.00,"39,300.00"
2020-01-19,2020011901020164,UIC,50,14,50,393.00,"19,650.00"
2020-01-19,2020011901020163,UIC,58,14,250,393.00,"98,250.00"
2020-01-19,2020011901020249,UPPER,54,43,80,265.00,"21,200.00"
2020-01-19,2020011901020248,UPPER,43,43,100,266.00,"26,600.00"
2020-01-19,2020011901020222,UPPER,26,57,40,267.00,"10,680.00"
2020-01-19,2020011901020221,UPPER,26,58,490,267.00,"130,830.00"
2020-01-19,2020011901020158,UPPER,54,34,300,265.00,"79,500.00"
2020-01-19,2020011901020033,UPPER,52,52,50,266.00,"13,300.00"
2020-01-19,2020011901020032,UPPER,50,52,100,266.00,"26,600.00"
2020-01-19,2020011901020011,UPPER,58,25,50,266.00,"13,300.00"
2020-01-19,2020011901019945,UPPER,58,21,40,266.00,"10,640.00"
2020-01-19,2020011901020315,WOMI,47,36,69,970.00,"66,930.00"
2020-01-19,2020011901020314,WOMI,48,36,500,971.00,"485,500.00"
2020-01-19,2020011901020313,WOMI,58,36,300,971.00,"291,300.00"
2020-01-19,2020011901020312,WOMI,14,36,21,971.00,"20,391.00"
2020-01-19,2020011901020311,WOMI,38,36,50,972.00,"48,600.00"
2020-01-19,2020011901020310,WOMI,45,36,60,973.00,"58,380.00"
2020-01-19,2020011901019885,ADBL,41,40,100,396.00,"39,600.00"
2020-01-19,2020011901019871,ADBL,47,40,400,396.00,"158,400.00"
2020-01-19,2020011901019847,ADBL,5,41,200,396.00,"79,200.00"
2020-01-19,2020011901019717,ADBL,49,50,20,395.00,"7,900.00"
2020-01-19,2020011901019876,AHPC,58,51,200,100.00,"20,000.00"
2020-01-19,2020011901019851,AHPC,58,51,200,100.00,"20,000.00"
2020-01-19,2020011901019826,AHPC,58,51,47,100.00,"4,700.00"
2020-01-19,2020011901019825,AHPC,58,39,153,100.00,"15,300.00"
2020-01-19,2020011901019810,AHPC,58,39,200,100.00,"20,000.00"
2020-01-19,2020011901019777,AHPC,58,39,100,100.00,"10,000.00"
2020-01-19,2020011901019776,AHPC,58,49,100,100.00,"10,000.00"
2020-01-19,2020011901019566,AHPC,58,40,246,99.00,"24,354.00"
2020-01-19,2020011901019565,AHPC,40,40,10,99.00,990.00
2020-01-19,2020011901019564,AHPC,45,40,44,99.00,"4,356.00"
2020-01-19,2020011901019620,AKJCL,37,38,10,60.00,600.00
2020-01-19,2020011901019619,AKJCL,52,38,10,61.00,610.00
2020-01-19,2020011901019813,AKPL,58,58,"5,000",136.00,"680,000.00"
2020-01-19,2020011901019812,AKPL,49,58,666,136.00,"90,576.00"
2020-01-19,2020011901019873,ALBSL,51,47,10,685.00,"6,850.00"
2020-01-19,2020011901019816,ALBSL,51,21,10,685.00,"6,850.00"
2020-01-19,2020011901019526,ALBSL,35,32,10,694.00,"6,940.00"
2020-01-19,2020011901019838,ALICL,59,39,100,482.00,"48,200.00"
2020-01-19,2020011901019837,ALICL,36,39,100,482.00,"48,200.00"
2020-01-19,2020011901019836,ALICL,6,39,300,482.00,"144,600.00"
2020-01-19,2020011901019907,API,56,50,200,130.00,"26,000.00"
2020-01-19,2020011901019805,API,39,25,10,130.00,"1,300.00"
2020-01-19,2020011901019804,API,34,25,91,130.00,"11,830.00"
2020-01-19,2020011901019468,API,34,41,409,130.00,"53,170.00"
2020-01-19,2020011901019467,API,25,41,91,130.00,"11,830.00"
2020-01-19,2020011901019747,BBC,58,48,10,"2,099.00","20,990.00"
2020-01-19,2020011901019527,BBC,39,51,50,"2,050.00","102,500.00"
2020-01-19,2020011901019731,BOKL,28,36,162,248.00,"40,176.00"
2020-01-19,2020011901019730,BOKL,28,40,200,248.00,"49,600.00"
2020-01-19,2020011901019729,BOKL,28,11,562,248.00,"139,376.00"
2020-01-19,2020011901019606,BOKL,20,11,"1,000",248.00,"248,000.00"
2020-01-19,2020011901019612,BPCL,54,38,100,344.00,"34,400.00"
2020-01-19,2020011901019915,CBL,41,55,400,152.00,"60,800.00"
2020-01-19,2020011901019745,CBL,32,40,"1,000",152.00,"152,000.00"
2020-01-19,2020011901019744,CBL,6,40,100,152.00,"15,200.00"
2020-01-19,2020011901019743,CBL,37,40,"3,000",152.00,"456,000.00"
2020-01-19,2020011901019742,CBL,45,40,"1,000",152.00,"152,000.00"
2020-01-19,2020011901019741,CBL,25,40,300,152.00,"45,600.00"
2020-01-19,2020011901019740,CBL,26,40,"1,000",152.00,"152,000.00"
2020-01-19,2020011901019739,CBL,56,40,50,152.00,"7,600.00"
2020-01-19,2020011901019738,CBL,35,40,279,152.00,"42,408.00"
2020-01-19,2020011901019543,CBL,41,40,500,153.00,"76,500.00"
2020-01-19,2020011901019542,CBL,41,40,"1,000",153.00,"153,000.00"
2020-01-19,2020011901019892,CCBL,21,40,250,191.00,"47,750.00"
2020-01-19,2020011901019842,CCBL,33,40,13,191.00,"2,483.00"
2020-01-19,2020011901019746,CCBL,47,40,93,191.00,"17,763.00"
2020-01-19,2020011901019587,CCBL,55,16,189,190.00,"35,910.00"
2020-01-19,2020011901019586,CCBL,17,16,61,191.00,"11,651.00"
2020-01-19,2020011901019541,CCBL,17,45,900,191.00,"171,900.00"
2020-01-19,2020011901019431,CCBL,45,40,20,192.00,"3,840.00"
2020-01-19,2020011901019510,CHL,59,47,34,90.00,"3,060.00"
2020-01-19,2020011901019484,CIT,33,49,25,"2,280.00","57,000.00"
2020-01-19,2020011901019538,CORBL,46,10,550,143.00,"78,650.00"
2020-01-19,2020011901019652,CZBIL,34,51,500,213.00,"106,500.00"
2020-01-19,2020011901019514,CZBIL,11,51,500,213.00,"106,500.00"
2020-01-19,2020011901019513,CZBIL,34,51,100,213.00,"21,300.00"
2020-01-19,2020011901019725,DDBL,6,55,100,"1,058.00","105,800.00"
2020-01-19,2020011901019705,DDBL,33,34,150,"1,060.00","159,000.00"
2020-01-19,2020011901019693,DDBL,6,14,19,"1,058.00","20,102.00"
2020-01-19,2020011901019657,DDBL,39,14,181,"1,059.00","191,679.00"
2020-01-19,2020011901019656,DDBL,39,20,19,"1,059.00","20,121.00"
2020-01-19,2020011901019636,DDBL,19,34,35,"1,060.00","37,100.00"
2020-01-19,2020011901019635,DDBL,48,34,50,"1,060.00","53,000.00"
2020-01-19,2020011901019634,DDBL,39,34,200,"1,060.00","212,000.00"
2020-01-19,2020011901019578,DDBL,39,36,150,"1,061.00","159,150.00"
2020-01-19,2020011901019507,DDBL,44,46,30,"1,064.00","31,920.00"
2020-01-19,2020011901019570,DHPL,48,22,90,62.00,"5,580.00"
2020-01-19,2020011901019852,EBL,38,49,100,644.00,"64,400.00"
2020-01-19,2020011901019508,EBL,32,49,65,642.00,"41,730.00"
2020-01-19,2020011901019734,EBL,38,49,59,644.00,"37,996.00"
2020-01-19,2020011901019509,EBL,51,49,35,642.00,"22,470.00"
2020-01-19,2020011901019855,EIC,57,17,180,360.00,"64,800.00"
2020-01-19,2020011901019854,EIC,26,17,200,360.00,"72,000.00"
2020-01-19,2020011901019853,EIC,6,17,415,360.00,"149,400.00"
2020-01-19,2020011901019846,EIC,6,17,500,360.00,"180,000.00"
2020-01-19,2020011901019827,FMDBL,45,48,100,431.00,"43,100.00"
2020-01-19,2020011901019569,FMDBL,22,33,78,432.00,"33,696.00"
2020-01-19,2020011901019568,FMDBL,22,42,22,432.00,"9,504.00"
2020-01-19,2020011901019862,GBBL,49,34,281,239.00,"67,159.00"
2020-01-19,2020011901019861,GBBL,49,4,200,239.00,"47,800.00"
2020-01-19,2020011901019601,GBBL,21,50,50,238.00,"11,900.00"
2020-01-19,2020011901019574,GBBL,28,4,800,239.00,"191,200.00"
2020-01-19,2020011901019483,GBBL,49,32,122,240.00,"29,280.00"
2020-01-19,2020011901019906,GBLBS,19,47,15,419.00,"6,285.00"
2020-01-19,2020011901019888,GBLBS,42,39,30,420.00,"12,600.00"
2020-01-19,2020011901019817,GBLBS,44,53,"1,000",420.00,"420,000.00"
2020-01-19,2020011901019750,GBLBS,19,45,95,421.00,"39,995.00"
2020-01-19,2020011901019585,GBLBS,19,47,15,421.00,"6,315.00"
2020-01-19,2020011901019584,GBLBS,19,51,890,421.00,"374,690.00"
2020-01-19,2020011901019583,GBLBS,8,51,100,421.00,"42,100.00"
2020-01-19,2020011901019582,GBLBS,17,51,10,421.00,"4,210.00"
2020-01-19,2020011901019532,GBLBS,39,22,200,423.00,"84,600.00"
2020-01-19,2020011901019521,GBLBS,17,5,50,421.00,"21,050.00"
2020-01-19,2020011901019489,GFCL,43,55,20,154.00,"3,080.00"
2020-01-19,2020011901019488,GFCL,43,13,100,154.00,"15,400.00"
2020-01-19,2020011901019487,GFCL,43,25,209,154.00,"32,186.00"
2020-01-19,2020011901019486,GFCL,43,26,300,154.00,"46,200.00"
2020-01-19,2020011901019864,GLICL,35,40,349,613.00,"213,937.00"
2020-01-19,2020011901019863,GLICL,38,40,151,613.00,"92,563.00"
