Date,Transact. No.,Symbol,Buyer,Seller,Quantity,Rate,Amount
2020-09-30,2020093004002676,BBC,25,13,100,"1,629.00","162,900.00"
2020-09-30,2020093004002905,CMF1,43,57,500,11.45,"5,725.00"
2020-09-30,2020093004002903,CMF1,8,57,"4,500",11.45,"51,525.00"
2020-09-30,2020093004002902,CMF1,8,17,"5,000",11.45,"57,250.00"
2020-09-30,2020093004002901,CMF1,7,57,500,11.44,"5,720.00"
2020-09-30,2020093004002887,CMF1,7,6,"5,900",11.44,"67,496.00"
2020-09-30,2020093004002886,CMF1,7,6,"2,800",11.44,"32,032.00"
2020-09-30,2020093004002580,CMF1,52,40,"1,250",11.44,"14,300.00"
2020-09-30,2020093004002522,CMF1,8,40,"1,750",11.44,"20,020.00"
2020-09-30,2020093004002466,CMF1,7,21,300,11.44,"3,432.00"
2020-09-30,2020093004002416,CMF1,45,50,"1,000",11.44,"11,440.00"
2020-09-30,2020093004002800,CMF1,58,50,"1,250",11.42,"14,275.00"
2020-09-30,2020093004002758,CMF1,43,50,500,11.41,"5,705.00"
2020-09-30,2020093004002710,CMF1,8,44,"10,000",11.40,"114,000.00"
2020-09-30,2020093004002681,CMF1,7,22,"10,000",11.40,"114,000.00"
2020-09-30,2020093004002680,CMF1,45,22,"5,000",11.40,"57,000.00"
2020-09-30,2020093004002581,CMF1,52,50,250,11.44,"2,860.00"
2020-09-30,2020093004002856,CMF1,43,6,500,11.44,"5,720.00"
2020-09-30,2020093004002855,CMF1,8,22,"5,000",11.44,"57,200.00"
2020-09-30,2020093004002854,CMF1,8,5,"5,000",11.44,"57,200.00"
2020-09-30,2020093004002849,CMF1,8,57,500,11.43,"5,715.00"
2020-09-30,2020093004002802,CMF1,58,41,"2,000",11.43,"22,860.00"
2020-09-30,2020093004002801,CMF1,58,46,"2,000",11.43,"22,860.00"
2020-09-30,2020093004002586,GIMES1,57,7,"1,000",9.26,"9,260.00"
2020-09-30,2020093004002585,GIMES1,57,3,"13,000",9.26,"120,380.00"
2020-09-30,2020093004002584,GIMES1,57,7,"1,000",9.20,"9,200.00"
2020-09-30,2020093004002583,GIMES1,57,48,800,9.20,"7,360.00"
2020-09-30,2020093004002722,LEMF,5,42,"2,000",8.85,"17,700.00"
2020-09-30,2020093004002546,LEMF,34,42,"1,000",8.85,"8,850.00"
2020-09-30,2020093004002492,LEMF,29,42,"1,000",8.85,"8,850.00"
2020-09-30,2020093004002764,LUK,7,34,"1,000",8.91,"8,910.00"
2020-09-30,2020093004002763,LUK,7,3,300,8.91,"2,673.00"
2020-09-30,2020093004002762,LUK,7,58,"1,000",8.89,"8,890.00"
2020-09-30,2020093004002632,LUK,7,5,"1,500",8.85,"13,275.00"
2020-09-30,2020093004002619,LUK,52,5,500,8.85,"4,425.00"
2020-09-30,2020093004002488,LUK,47,10,"2,000",8.84,"17,680.00"
2020-09-30,2020093004002519,NBF2,36,16,500,8.90,"4,450.00"
2020-09-30,2020093004002459,NBF2,34,29,200,9.05,"1,810.00"
2020-09-30,2020093004002810,NIBLPF,17,22,485,8.96,"4,345.60"
2020-09-30,2020093004002809,NIBLPF,17,22,505,8.79,"4,438.95"
2020-09-30,2020093004002808,NIBLPF,17,55,"1,010",8.79,"8,877.90"
2020-09-30,2020093004002709,NIBLPF,5,45,"2,525",8.75,"22,093.75"
2020-09-30,2020093004002775,NIBPO,37,43,473,358.00,"169,334.00"
2020-09-30,2020093004002774,NIBPO,7,43,10,358.00,"3,580.00"
2020-09-30,2020093004002726,NIBPO,52,43,200,358.00,"71,600.00"
2020-09-30,2020093004002691,NIBPO,13,43,200,358.00,"71,600.00"
2020-09-30,2020093004002690,NIBPO,55,43,380,358.00,"136,040.00"
2020-09-30,2020093004002439,NIBPO,55,4,120,358.00,"42,960.00"
2020-09-30,2020093004002438,NIBPO,56,4,500,358.00,"179,000.00"
2020-09-30,2020093004002437,NIBPO,39,4,"1,000",358.00,"358,000.00"
2020-09-30,2020093004002436,NIBPO,51,4,80,358.00,"28,640.00"
2020-09-30,2020093004002435,NIBPO,52,4,500,359.00,"179,500.00"
2020-09-30,2020093004002434,NIBPO,26,4,300,359.00,"107,700.00"
2020-09-30,2020093004002433,NIBPO,52,4,500,359.00,"179,500.00"
2020-09-30,2020093004002738,NIBSF1,28,7,"5,000",9.50,"47,500.00"
2020-09-30,2020093004002606,NIBSF1,57,33,"1,000",9.46,"9,460.00"
2020-09-30,2020093004002605,NIBSF1,57,7,"3,900",9.45,"36,855.00"
2020-09-30,2020093004002544,NIBSF1,39,7,"1,100",9.45,"10,395.00"
2020-09-30,2020093004002692,NICBF,57,16,200,8.80,"1,760.00"
2020-09-30,2020093004002839,NICGF,34,45,200,9.60,"1,920.00"
2020-09-30,2020093004002665,NICGF,22,6,"2,000",9.53,"19,060.00"
2020-09-30,2020093004002664,NICGF,22,44,500,9.50,"4,750.00"
2020-09-30,2020093004002661,NICGF,22,3,"1,000",9.45,"9,450.00"
2020-09-30,2020093004002660,NICGF,22,38,"6,500",9.45,"61,425.00"
2020-09-30,2020093004002659,NICGF,22,58,"1,280",9.43,"12,070.40"
2020-09-30,2020093004002805,NMB50,54,20,100,9.48,948.00
2020-09-30,2020093004002768,NMB50,34,45,500,9.43,"4,715.00"
2020-09-30,2020093004002677,NMB50,34,57,200,9.43,"1,886.00"
2020-09-30,2020093004002753,NMBHF1,28,7,"1,839",10.10,"18,573.90"
2020-09-30,2020093004002752,NMBHF1,28,50,"3,161",10.10,"31,926.10"
2020-09-30,2020093004002450,NMBHF1,7,55,416,9.96,"4,143.36"
2020-09-30,2020093004002441,NMBHF1,7,45,189,9.96,"1,882.44"
2020-09-30,2020093004002440,NMBHF1,13,45,"3,972",9.96,"39,561.12"
2020-09-30,2020093004002427,NMBHF1,13,55,416,9.96,"4,143.36"
2020-09-30,2020093004002410,NMBHF1,13,55,416,9.96,"4,143.36"
2020-09-30,2020093004002907,RLI,33,28,10,621.00,"6,210.00"
2020-09-30,2020093004002906,RLI,33,59,10,621.00,"6,210.00"
2020-09-30,2020093004002904,RLI,33,22,10,621.00,"6,210.00"
2020-09-30,2020093004002900,RLI,50,14,10,625.00,"6,250.00"
2020-09-30,2020093004002899,RLI,50,22,10,625.00,"6,250.00"
2020-09-30,2020093004002898,RLI,50,53,10,625.00,"6,250.00"
2020-09-30,2020093004002408,RLI,32,43,10,621.00,"6,210.00"
2020-09-30,2020093004002415,RLI,25,16,10,621.00,"6,210.00"
2020-09-30,2020093004002414,RLI,25,34,20,621.00,"12,420.00"
2020-09-30,2020093004002413,RLI,32,34,30,621.00,"18,630.00"
2020-09-30,2020093004002412,RLI,32,43,10,621.00,"6,210.00"
2020-09-30,2020093004002411,RLI,32,33,10,621.00,"6,210.00"
2020-09-30,2020093004002409,RLI,32,16,10,621.00,"6,210.00"
2020-09-30,2020093004002423,RLI,29,10,10,620.00,"6,200.00"
2020-09-30,2020093004002422,RLI,49,59,10,621.00,"6,210.00"
2020-09-30,2020093004002421,RLI,49,43,10,621.00,"6,210.00"
2020-09-30,2020093004002420,RLI,49,43,10,621.00,"6,210.00"
2020-09-30,2020093004002419,RLI,29,36,10,620.00,"6,200.00"
2020-09-30,2020093004002418,RLI,11,28,10,620.00,"6,200.00"
2020-09-30,2020093004002430,RLI,26,1,10,620.00,"6,200.00"
2020-09-30,2020093004002429,RLI,26,16,10,620.00,"6,200.00"
2020-09-30,2020093004002428,RLI,26,50,10,620.00,"6,200.00"
2020-09-30,2020093004002426,RLI,29,14,10,620.00,"6,200.00"
2020-09-30,2020093004002425,RLI,29,33,10,620.00,"6,200.00"
2020-09-30,2020093004002424,RLI,29,16,10,620.00,"6,200.00"
2020-09-30,2020093004002446,RLI,26,16,10,620.00,"6,200.00"
2020-09-30,2020093004002445,RLI,26,26,10,620.00,"6,200.00"
2020-09-30,2020093004002444,RLI,26,33,10,620.00,"6,200.00"
2020-09-30,2020093004002443,RLI,26,16,10,620.00,"6,200.00"
2020-09-30,2020093004002442,RLI,26,28,10,620.00,"6,200.00"
2020-09-30,2020093004002431,RLI,26,36,10,620.00,"6,200.00"
2020-09-30,2020093004002453,RLI,26,42,10,620.00,"6,200.00"
2020-09-30,2020093004002452,RLI,26,36,10,620.00,"6,200.00"
2020-09-30,2020093004002451,RLI,26,16,10,620.00,"6,200.00"
2020-09-30,2020093004002449,RLI,26,38,10,620.00,"6,200.00"
2020-09-30,2020093004002448,RLI,26,40,10,620.00,"6,200.00"
2020-09-30,2020093004002447,RLI,26,41,10,620.00,"6,200.00"
2020-09-30,2020093004002460,RLI,42,36,10,621.00,"6,210.00"
2020-09-30,2020093004002458,RLI,26,41,10,620.00,"6,200.00"
2020-09-30,2020093004002457,RLI,26,17,10,620.00,"6,200.00"
2020-09-30,2020093004002456,RLI,26,59,10,620.00,"6,200.00"
2020-09-30,2020093004002455,RLI,26,40,10,620.00,"6,200.00"
2020-09-30,2020093004002454,RLI,26,51,10,620.00,"6,200.00"
2020-09-30,2020093004002468,RLI,47,39,10,622.00,"6,220.00"
2020-09-30,2020093004002467,RLI,47,29,10,622.00,"6,220.00"
2020-09-30,2020093004002465,RLI,47,52,10,622.00,"6,220.00"
2020-09-30,2020093004002464,RLI,47,49,10,622.00,"6,220.00"
2020-09-30,2020093004002462,RLI,42,49,10,621.00,"6,210.00"
2020-09-30,2020093004002461,RLI,42,36,10,621.00,"6,210.00"
2020-09-30,2020093004002474,RLI,47,41,10,622.00,"6,220.00"
2020-09-30,2020093004002473,RLI,47,46,10,622.00,"6,220.00"
2020-09-30,2020093004002472,RLI,47,32,10,622.00,"6,220.00"
2020-09-30,2020093004002471,RLI,47,49,10,622.00,"6,220.00"
2020-09-30,2020093004002470,RLI,47,16,10,622.00,"6,220.00"
2020-09-30,2020093004002469,RLI,47,55,10,622.00,"6,220.00"
2020-09-30,2020093004002482,RLI,52,39,10,622.00,"6,220.00"
2020-09-30,2020093004002481,RLI,52,41,10,622.00,"6,220.00"
2020-09-30,2020093004002480,RLI,52,16,10,622.00,"6,220.00"
2020-09-30,2020093004002477,RLI,52,16,10,622.00,"6,220.00"
2020-09-30,2020093004002476,RLI,52,39,10,622.00,"6,220.00"
2020-09-30,2020093004002475,RLI,52,16,10,622.00,"6,220.00"
2020-09-30,2020093004002489,RLI,26,41,10,620.00,"6,200.00"
2020-09-30,2020093004002487,RLI,26,17,10,620.00,"6,200.00"
2020-09-30,2020093004002486,RLI,52,22,10,622.00,"6,220.00"
2020-09-30,2020093004002485,RLI,52,16,10,622.00,"6,220.00"
2020-09-30,2020093004002484,RLI,52,47,10,622.00,"6,220.00"
2020-09-30,2020093004002483,RLI,52,16,10,622.00,"6,220.00"
2020-09-30,2020093004002496,RLI,26,17,10,620.00,"6,200.00"
2020-09-30,2020093004002495,RLI,26,17,10,620.00,"6,200.00"
2020-09-30,2020093004002494,RLI,26,16,10,620.00,"6,200.00"
2020-09-30,2020093004002493,RLI,26,36,10,620.00,"6,200.00"
2020-09-30,2020093004002491,RLI,26,47,10,620.00,"6,200.00"
2020-09-30,2020093004002490,RLI,26,17,10,620.00,"6,200.00"
2020-09-30,2020093004002502,RLI,47,43,10,621.00,"6,210.00"
2020-09-30,2020093004002501,RLI,47,36,10,621.00,"6,210.00"
2020-09-30,2020093004002500,RLI,47,36,10,621.00,"6,210.00"
2020-09-30,2020093004002499,RLI,47,16,10,621.00,"6,210.00"
2020-09-30,2020093004002498,RLI,47,40,10,621.00,"6,210.00"
2020-09-30,2020093004002497,RLI,47,57,10,621.00,"6,210.00"
2020-09-30,2020093004002508,RLI,51,51,10,621.00,"6,210.00"
2020-09-30,2020093004002507,RLI,51,17,10,621.00,"6,210.00"
2020-09-30,2020093004002506,RLI,51,43,10,621.00,"6,210.00"
2020-09-30,2020093004002505,RLI,51,35,10,621.00,"6,210.00"
2020-09-30,2020093004002504,RLI,47,17,10,621.00,"6,210.00"
2020-09-30,2020093004002503,RLI,47,16,10,621.00,"6,210.00"
2020-09-30,2020093004002514,RLI,55,43,10,621.00,"6,210.00"
2020-09-30,2020093004002513,RLI,55,17,10,621.00,"6,210.00"
2020-09-30,2020093004002512,RLI,55,43,10,621.00,"6,210.00"
2020-09-30,2020093004002511,RLI,55,56,10,621.00,"6,210.00"
2020-09-30,2020093004002510,RLI,55,20,10,621.00,"6,210.00"
2020-09-30,2020093004002509,RLI,51,17,10,621.00,"6,210.00"
2020-09-30,2020093004002521,RLI,14,16,10,621.00,"6,210.00"
2020-09-30,2020093004002520,RLI,55,17,10,621.00,"6,210.00"
2020-09-30,2020093004002518,RLI,55,6,10,621.00,"6,210.00"
2020-09-30,2020093004002517,RLI,55,56,10,621.00,"6,210.00"
2020-09-30,2020093004002516,RLI,55,17,10,621.00,"6,210.00"
2020-09-30,2020093004002515,RLI,55,38,10,621.00,"6,210.00"
2020-09-30,2020093004002528,RLI,22,8,10,622.00,"6,220.00"
2020-09-30,2020093004002527,RLI,14,6,10,621.00,"6,210.00"
2020-09-30,2020093004002526,RLI,14,17,10,621.00,"6,210.00"
2020-09-30,2020093004002525,RLI,14,16,10,621.00,"6,210.00"
2020-09-30,2020093004002524,RLI,14,42,10,621.00,"6,210.00"
2020-09-30,2020093004002523,RLI,14,17,10,621.00,"6,210.00"
2020-09-30,2020093004002534,RLI,22,51,10,622.00,"6,220.00"
2020-09-30,2020093004002533,RLI,22,17,10,622.00,"6,220.00"
2020-09-30,2020093004002532,RLI,22,17,10,622.00,"6,220.00"
2020-09-30,2020093004002531,RLI,22,45,50,622.00,"31,100.00"
2020-09-30,2020093004002530,RLI,22,22,10,622.00,"6,220.00"
2020-09-30,2020093004002529,RLI,22,47,10,622.00,"6,220.00"
2020-09-30,2020093004002540,RLI,14,16,10,621.00,"6,210.00"
2020-09-30,2020093004002539,RLI,22,42,10,622.00,"6,220.00"
2020-09-30,2020093004002538,RLI,22,17,10,622.00,"6,220.00"
2020-09-30,2020093004002537,RLI,22,6,10,622.00,"6,220.00"
2020-09-30,2020093004002536,RLI,22,16,10,622.00,"6,220.00"
2020-09-30,2020093004002535,RLI,22,26,10,622.00,"6,220.00"
2020-09-30,2020093004002548,RLI,42,37,10,621.00,"6,210.00"
2020-09-30,2020093004002547,RLI,42,8,10,621.00,"6,210.00"
2020-09-30,2020093004002545,RLI,42,36,10,621.00,"6,210.00"
2020-09-30,2020093004002543,RLI,14,38,10,621.00,"6,210.00"
2020-09-30,2020093004002542,RLI,14,3,10,621.00,"6,210.00"
2020-09-30,2020093004002541,RLI,14,53,10,621.00,"6,210.00"
2020-09-30,2020093004002554,RLI,14,20,10,621.00,"6,210.00"
2020-09-30,2020093004002553,RLI,14,48,10,621.00,"6,210.00"
2020-09-30,2020093004002552,RLI,14,57,10,621.00,"6,210.00"
2020-09-30,2020093004002551,RLI,14,48,10,621.00,"6,210.00"
2020-09-30,2020093004002550,RLI,14,16,10,621.00,"6,210.00"
2020-09-30,2020093004002549,RLI,42,51,10,621.00,"6,210.00"
2020-09-30,2020093004002560,RLI,50,6,10,622.00,"6,220.00"
2020-09-30,2020093004002559,RLI,50,38,10,622.00,"6,220.00"
2020-09-30,2020093004002558,RLI,50,20,10,622.00,"6,220.00"
2020-09-30,2020093004002557,RLI,50,17,10,622.00,"6,220.00"
2020-09-30,2020093004002556,RLI,50,16,10,622.00,"6,220.00"
2020-09-30,2020093004002555,RLI,50,25,10,622.00,"6,220.00"
2020-09-30,2020093004002566,RLI,33,20,10,621.00,"6,210.00"
2020-09-30,2020093004002565,RLI,33,40,10,621.00,"6,210.00"
2020-09-30,2020093004002564,RLI,50,50,110,622.00,"68,420.00"
2020-09-30,2020093004002563,RLI,50,38,10,622.00,"6,220.00"
2020-09-30,2020093004002562,RLI,50,20,10,622.00,"6,220.00"
2020-09-30,2020093004002561,RLI,50,1,10,622.00,"6,220.00"
2020-09-30,2020093004002572,RLI,26,43,10,620.00,"6,200.00"
2020-09-30,2020093004002571,RLI,26,6,10,622.00,"6,220.00"
2020-09-30,2020093004002570,RLI,26,8,10,620.00,"6,200.00"
2020-09-30,2020093004002569,RLI,33,50,60,621.00,"37,260.00"
2020-09-30,2020093004002568,RLI,33,44,10,621.00,"6,210.00"
2020-09-30,2020093004002567,RLI,33,36,10,621.00,"6,210.00"
2020-09-30,2020093004002578,RLI,42,8,10,621.00,"6,210.00"
2020-09-30,2020093004002577,RLI,48,26,10,620.00,"6,200.00"
2020-09-30,2020093004002576,RLI,48,59,10,620.00,"6,200.00"
2020-09-30,2020093004002575,RLI,48,36,10,620.00,"6,200.00"
2020-09-30,2020093004002574,RLI,48,56,10,620.00,"6,200.00"
2020-09-30,2020093004002573,RLI,48,41,10,620.00,"6,200.00"
2020-09-30,2020093004002592,RLI,48,36,10,620.00,"6,200.00"
2020-09-30,2020093004002591,RLI,42,55,10,621.00,"6,210.00"
2020-09-30,2020093004002590,RLI,35,58,10,622.00,"6,220.00"
2020-09-30,2020093004002589,RLI,42,8,10,621.00,"6,210.00"
2020-09-30,2020093004002582,RLI,42,57,10,621.00,"6,210.00"
2020-09-30,2020093004002579,RLI,42,58,10,621.00,"6,210.00"
2020-09-30,2020093004002598,RLI,35,59,10,621.00,"6,210.00"
2020-09-30,2020093004002597,RLI,47,40,10,620.00,"6,200.00"
2020-09-30,2020093004002596,RLI,48,45,10,620.00,"6,200.00"
2020-09-30,2020093004002595,RLI,48,29,10,620.00,"6,200.00"
2020-09-30,2020093004002594,RLI,48,38,10,620.00,"6,200.00"
2020-09-30,2020093004002593,RLI,48,56,10,620.00,"6,200.00"
2020-09-30,2020093004002604,RLI,46,56,10,620.00,"6,200.00"
2020-09-30,2020093004002603,RLI,46,40,10,620.00,"6,200.00"
2020-09-30,2020093004002602,RLI,46,1,10,620.00,"6,200.00"
2020-09-30,2020093004002601,RLI,46,44,10,620.00,"6,200.00"
2020-09-30,2020093004002600,RLI,11,56,10,620.00,"6,200.00"
2020-09-30,2020093004002599,RLI,47,8,10,620.00,"6,200.00"
2020-09-30,2020093004002612,RLI,21,47,10,620.00,"6,200.00"
2020-09-30,2020093004002611,RLI,21,56,10,620.00,"6,200.00"
2020-09-30,2020093004002610,RLI,21,59,10,620.00,"6,200.00"
2020-09-30,2020093004002609,RLI,21,56,10,620.00,"6,200.00"
2020-09-30,2020093004002608,RLI,21,32,10,620.00,"6,200.00"
2020-09-30,2020093004002607,RLI,21,25,10,620.00,"6,200.00"
2020-09-30,2020093004002618,RLI,45,56,10,621.00,"6,210.00"
2020-09-30,2020093004002617,RLI,45,16,10,621.00,"6,210.00"
2020-09-30,2020093004002616,RLI,45,17,10,621.00,"6,210.00"
2020-09-30,2020093004002615,RLI,45,41,10,621.00,"6,210.00"
2020-09-30,2020093004002614,RLI,21,45,10,620.00,"6,200.00"
2020-09-30,2020093004002613,RLI,21,59,10,620.00,"6,200.00"
2020-09-30,2020093004002629,RLI,38,21,10,621.00,"6,210.00"
2020-09-30,2020093004002628,RLI,38,8,10,621.00,"6,210.00"
2020-09-30,2020093004002627,RLI,38,37,10,621.00,"6,210.00"
2020-09-30,2020093004002626,RLI,38,45,10,621.00,"6,210.00"
2020-09-30,2020093004002624,RLI,38,56,10,621.00,"6,210.00"
2020-09-30,2020093004002620,RLI,45,8,10,621.00,"6,210.00"
2020-09-30,2020093004002636,RLI,21,32,10,620.00,"6,200.00"
2020-09-30,2020093004002635,RLI,21,36,10,620.00,"6,200.00"
2020-09-30,2020093004002634,RLI,38,6,10,621.00,"6,210.00"
2020-09-30,2020093004002633,RLI,38,40,10,621.00,"6,210.00"
2020-09-30,2020093004002631,RLI,38,1,10,621.00,"6,210.00"
2020-09-30,2020093004002630,RLI,38,58,10,621.00,"6,210.00"
2020-09-30,2020093004002643,RLI,21,54,10,620.00,"6,200.00"
2020-09-30,2020093004002642,RLI,21,54,10,620.00,"6,200.00"
2020-09-30,2020093004002641,RLI,21,6,10,620.00,"6,200.00"
2020-09-30,2020093004002640,RLI,21,40,10,620.00,"6,200.00"
2020-09-30,2020093004002638,RLI,21,47,10,620.00,"6,200.00"
2020-09-30,2020093004002637,RLI,21,8,10,620.00,"6,200.00"
2020-09-30,2020093004002650,RLI,21,13,10,620.00,"6,200.00"
2020-09-30,2020093004002648,RLI,21,16,10,620.00,"6,200.00"
2020-09-30,2020093004002647,RLI,32,21,10,621.00,"6,210.00"
2020-09-30,2020093004002646,RLI,32,58,10,621.00,"6,210.00"
2020-09-30,2020093004002645,RLI,21,36,10,620.00,"6,200.00"
2020-09-30,2020093004002644,RLI,21,8,10,620.00,"6,200.00"
2020-09-30,2020093004002656,RLI,58,29,10,620.00,"6,200.00"
2020-09-30,2020093004002655,RLI,21,13,10,620.00,"6,200.00"
2020-09-30,2020093004002654,RLI,21,8,10,620.00,"6,200.00"
2020-09-30,2020093004002653,RLI,21,36,10,620.00,"6,200.00"
2020-09-30,2020093004002652,RLI,21,22,10,620.00,"6,200.00"
2020-09-30,2020093004002651,RLI,21,16,10,620.00,"6,200.00"
2020-09-30,2020093004002667,RLI,58,57,10,620.00,"6,200.00"
2020-09-30,2020093004002666,RLI,58,57,10,620.00,"6,200.00"
2020-09-30,2020093004002663,RLI,58,40,10,620.00,"6,200.00"
2020-09-30,2020093004002662,RLI,58,8,10,620.00,"6,200.00"
2020-09-30,2020093004002658,RLI,56,52,10,621.00,"6,210.00"
2020-09-30,2020093004002657,RLI,56,32,10,621.00,"6,210.00"
2020-09-30,2020093004002679,RLI,43,16,10,620.00,"6,200.00"
2020-09-30,2020093004002678,RLI,58,13,10,620.00,"6,200.00"
2020-09-30,2020093004002674,RLI,58,8,10,620.00,"6,200.00"
2020-09-30,2020093004002670,RLI,58,21,10,620.00,"6,200.00"
2020-09-30,2020093004002669,RLI,58,32,10,620.00,"6,200.00"
2020-09-30,2020093004002668,RLI,58,57,10,620.00,"6,200.00"
2020-09-30,2020093004002687,RLI,43,57,10,620.00,"6,200.00"
2020-09-30,2020093004002686,RLI,43,8,10,620.00,"6,200.00"
2020-09-30,2020093004002685,RLI,43,32,10,620.00,"6,200.00"
2020-09-30,2020093004002684,RLI,43,58,10,620.00,"6,200.00"
2020-09-30,2020093004002683,RLI,43,42,10,620.00,"6,200.00"
2020-09-30,2020093004002682,RLI,43,8,10,620.00,"6,200.00"
2020-09-30,2020093004002696,RLI,6,34,10,620.00,"6,200.00"
2020-09-30,2020093004002695,RLI,6,34,10,620.00,"6,200.00"
2020-09-30,2020093004002694,RLI,6,58,10,620.00,"6,200.00"
2020-09-30,2020093004002693,RLI,43,13,10,620.00,"6,200.00"
2020-09-30,2020093004002689,RLI,43,22,10,620.00,"6,200.00"
2020-09-30,2020093004002688,RLI,43,25,10,620.00,"6,200.00"
2020-09-30,2020093004002702,RLI,47,3,10,622.00,"6,220.00"
2020-09-30,2020093004002701,RLI,47,21,10,621.00,"6,210.00"
2020-09-30,2020093004002700,RLI,47,33,10,621.00,"6,210.00"
2020-09-30,2020093004002699,RLI,6,11,10,620.00,"6,200.00"
2020-09-30,2020093004002698,RLI,6,57,10,620.00,"6,200.00"
2020-09-30,2020093004002697,RLI,6,22,10,620.00,"6,200.00"
2020-09-30,2020093004002708,RLI,47,16,10,622.00,"6,220.00"
2020-09-30,2020093004002707,RLI,47,21,10,622.00,"6,220.00"
2020-09-30,2020093004002706,RLI,47,16,10,622.00,"6,220.00"
2020-09-30,2020093004002705,RLI,47,49,10,622.00,"6,220.00"
2020-09-30,2020093004002704,RLI,47,7,10,622.00,"6,220.00"
2020-09-30,2020093004002703,RLI,47,7,10,622.00,"6,220.00"
2020-09-30,2020093004002716,RLI,47,58,10,620.00,"6,200.00"
2020-09-30,2020093004002715,RLI,47,47,10,620.00,"6,200.00"
2020-09-30,2020093004002714,RLI,6,8,10,620.00,"6,200.00"
2020-09-30,2020093004002713,RLI,6,16,10,620.00,"6,200.00"
2020-09-30,2020093004002712,RLI,6,57,10,620.00,"6,200.00"
2020-09-30,2020093004002711,RLI,6,58,10,620.00,"6,200.00"
2020-09-30,2020093004002723,RLI,35,45,10,621.00,"6,210.00"
2020-09-30,2020093004002721,RLI,47,39,10,620.00,"6,200.00"
2020-09-30,2020093004002720,RLI,47,29,10,620.00,"6,200.00"
2020-09-30,2020093004002719,RLI,47,39,10,620.00,"6,200.00"
2020-09-30,2020093004002718,RLI,47,29,10,620.00,"6,200.00"
2020-09-30,2020093004002717,RLI,47,53,10,620.00,"6,200.00"
2020-09-30,2020093004002732,RLI,47,57,10,620.00,"6,200.00"
2020-09-30,2020093004002729,RLI,47,57,10,620.00,"6,200.00"
2020-09-30,2020093004002728,RLI,47,39,10,620.00,"6,200.00"
2020-09-30,2020093004002727,RLI,47,38,10,620.00,"6,200.00"
2020-09-30,2020093004002725,RLI,47,39,10,620.00,"6,200.00"
2020-09-30,2020093004002724,RLI,47,8,10,620.00,"6,200.00"
2020-09-30,2020093004002739,RLI,47,29,10,620.00,"6,200.00"
2020-09-30,2020093004002737,RLI,47,39,10,620.00,"6,200.00"
2020-09-30,2020093004002736,RLI,47,44,10,620.00,"6,200.00"
2020-09-30,2020093004002735,RLI,47,36,10,620.00,"6,200.00"
2020-09-30,2020093004002734,RLI,47,39,10,620.00,"6,200.00"
2020-09-30,2020093004002733,RLI,47,4,10,620.00,"6,200.00"
2020-09-30,2020093004002745,RLI,17,26,50,620.00,"31,000.00"
2020-09-30,2020093004002744,RLI,40,26,50,620.00,"31,000.00"
2020-09-30,2020093004002743,RLI,45,26,40,620.00,"24,800.00"
2020-09-30,2020093004002742,RLI,50,26,200,620.00,"124,000.00"
2020-09-30,2020093004002741,RLI,47,26,10,620.00,"6,200.00"
2020-09-30,2020093004002740,RLI,13,26,50,620.00,"31,000.00"
2020-09-30,2020093004002751,RLI,29,36,10,620.00,"6,200.00"
2020-09-30,2020093004002750,RLI,29,13,10,620.00,"6,200.00"
2020-09-30,2020093004002749,RLI,29,29,10,620.00,"6,200.00"
2020-09-30,2020093004002748,RLI,29,29,10,620.00,"6,200.00"
2020-09-30,2020093004002747,RLI,29,26,80,620.00,"49,600.00"
2020-09-30,2020093004002746,RLI,37,26,20,620.00,"12,400.00"
2020-09-30,2020093004002760,RLI,29,29,10,620.00,"6,200.00"
2020-09-30,2020093004002759,RLI,29,34,10,620.00,"6,200.00"
2020-09-30,2020093004002757,RLI,29,34,10,620.00,"6,200.00"
2020-09-30,2020093004002756,RLI,29,39,10,620.00,"6,200.00"
2020-09-30,2020093004002755,RLI,29,29,10,620.00,"6,200.00"
2020-09-30,2020093004002754,RLI,29,29,10,620.00,"6,200.00"
2020-09-30,2020093004002771,RLI,32,49,10,621.00,"6,210.00"
2020-09-30,2020093004002770,RLI,32,8,10,621.00,"6,210.00"
2020-09-30,2020093004002769,RLI,32,1,10,621.00,"6,210.00"
2020-09-30,2020093004002767,RLI,29,38,10,620.00,"6,200.00"
2020-09-30,2020093004002766,RLI,29,52,10,620.00,"6,200.00"
2020-09-30,2020093004002765,RLI,29,34,10,620.00,"6,200.00"
2020-09-30,2020093004002780,RLI,29,53,10,620.00,"6,200.00"
2020-09-30,2020093004002779,RLI,29,43,10,620.00,"6,200.00"
2020-09-30,2020093004002777,RLI,29,8,10,620.00,"6,200.00"
2020-09-30,2020093004002776,RLI,29,54,10,620.00,"6,200.00"
2020-09-30,2020093004002773,RLI,32,10,10,621.00,"6,210.00"
2020-09-30,2020093004002772,RLI,32,44,10,621.00,"6,210.00"
2020-09-30,2020093004002789,RLI,33,45,10,621.00,"6,210.00"
2020-09-30,2020093004002788,RLI,33,59,10,621.00,"6,210.00"
2020-09-30,2020093004002787,RLI,33,38,10,621.00,"6,210.00"
2020-09-30,2020093004002786,RLI,33,45,10,621.00,"6,210.00"
2020-09-30,2020093004002785,RLI,33,38,10,621.00,"6,210.00"
2020-09-30,2020093004002784,RLI,29,28,10,620.00,"6,200.00"
2020-09-30,2020093004002796,RLI,33,8,10,621.00,"6,210.00"
2020-09-30,2020093004002795,RLI,33,46,10,621.00,"6,210.00"
2020-09-30,2020093004002794,RLI,33,34,10,621.00,"6,210.00"
2020-09-30,2020093004002793,RLI,43,34,10,622.00,"6,220.00"
2020-09-30,2020093004002792,RLI,33,7,10,621.00,"6,210.00"
2020-09-30,2020093004002791,RLI,33,42,10,621.00,"6,210.00"
2020-09-30,2020093004002811,RLI,33,16,10,621.00,"6,210.00"
2020-09-30,2020093004002807,RLI,33,8,10,621.00,"6,210.00"
2020-09-30,2020093004002806,RLI,33,40,10,621.00,"6,210.00"
2020-09-30,2020093004002804,RLI,33,8,10,621.00,"6,210.00"
2020-09-30,2020093004002803,RLI,33,46,10,621.00,"6,210.00"
2020-09-30,2020093004002799,RLI,33,58,10,621.00,"6,210.00"
2020-09-30,2020093004002817,RLI,58,57,10,622.00,"6,220.00"
2020-09-30,2020093004002816,RLI,58,34,140,622.00,"87,080.00"
2020-09-30,2020093004002815,RLI,33,47,10,621.00,"6,210.00"
2020-09-30,2020093004002814,RLI,33,7,10,621.00,"6,210.00"
2020-09-30,2020093004002813,RLI,57,34,50,622.00,"31,100.00"
2020-09-30,2020093004002812,RLI,33,29,10,621.00,"6,210.00"
2020-09-30,2020093004002823,RLI,58,13,10,622.00,"6,220.00"
2020-09-30,2020093004002822,RLI,58,42,10,622.00,"6,220.00"
2020-09-30,2020093004002821,RLI,57,52,23,623.00,"14,329.00"
2020-09-30,2020093004002820,RLI,58,42,10,622.00,"6,220.00"
2020-09-30,2020093004002819,RLI,58,16,100,622.00,"62,200.00"
2020-09-30,2020093004002818,RLI,58,55,10,622.00,"6,220.00"
2020-09-30,2020093004002829,RLI,46,26,10,622.00,"6,220.00"
2020-09-30,2020093004002828,RLI,36,43,10,622.00,"6,220.00"
2020-09-30,2020093004002827,RLI,36,42,10,622.00,"6,220.00"
2020-09-30,2020093004002826,RLI,50,35,100,622.00,"62,200.00"
2020-09-30,2020093004002825,RLI,33,22,10,621.00,"6,210.00"
2020-09-30,2020093004002824,RLI,58,26,10,622.00,"6,220.00"
2020-09-30,2020093004002835,RLI,46,39,10,623.00,"6,230.00"
2020-09-30,2020093004002834,RLI,46,39,10,623.00,"6,230.00"
2020-09-30,2020093004002833,RLI,46,39,10,623.00,"6,230.00"
2020-09-30,2020093004002832,RLI,46,39,10,623.00,"6,230.00"
2020-09-30,2020093004002831,RLI,46,39,10,623.00,"6,230.00"
2020-09-30,2020093004002830,RLI,46,39,10,623.00,"6,230.00"
2020-09-30,2020093004002842,RLI,33,43,10,621.00,"6,210.00"
2020-09-30,2020093004002841,RLI,36,46,10,623.00,"6,230.00"
2020-09-30,2020093004002840,RLI,36,59,10,623.00,"6,230.00"
2020-09-30,2020093004002838,RLI,46,59,10,623.00,"6,230.00"
2020-09-30,2020093004002837,RLI,46,59,10,623.00,"6,230.00"
2020-09-30,2020093004002836,RLI,46,39,10,623.00,"6,230.00"
2020-09-30,2020093004002848,RLI,50,52,980,623.00,"610,540.00"
2020-09-30,2020093004002847,RLI,50,45,10,623.00,"6,230.00"
2020-09-30,2020093004002846,RLI,50,42,10,623.00,"6,230.00"
2020-09-30,2020093004002845,RLI,33,42,10,621.00,"6,210.00"
2020-09-30,2020093004002844,RLI,33,51,10,621.00,"6,210.00"
2020-09-30,2020093004002843,RLI,33,1,10,621.00,"6,210.00"
2020-09-30,2020093004002859,RLI,50,26,10,623.00,"6,230.00"
2020-09-30,2020093004002858,RLI,50,52,597,623.00,"371,931.00"
2020-09-30,2020093004002857,RLI,50,42,10,622.00,"6,220.00"
2020-09-30,2020093004002853,RLI,33,59,10,621.00,"6,210.00"
2020-09-30,2020093004002852,RLI,33,26,10,621.00,"6,210.00"
2020-09-30,2020093004002850,RLI,33,22,10,621.00,"6,210.00"
2020-09-30,2020093004002865,RLI,50,36,10,624.00,"6,240.00"
2020-09-30,2020093004002864,RLI,50,34,10,624.00,"6,240.00"
2020-09-30,2020093004002863,RLI,50,7,10,624.00,"6,240.00"
2020-09-30,2020093004002862,RLI,50,34,10,624.00,"6,240.00"
2020-09-30,2020093004002861,RLI,50,57,10,623.00,"6,230.00"
2020-09-30,2020093004002860,RLI,50,8,10,623.00,"6,230.00"
2020-09-30,2020093004002871,RLI,50,41,10,624.00,"6,240.00"
2020-09-30,2020093004002870,RLI,50,41,10,624.00,"6,240.00"
2020-09-30,2020093004002869,RLI,50,41,10,624.00,"6,240.00"
2020-09-30,2020093004002868,RLI,50,41,10,624.00,"6,240.00"
2020-09-30,2020093004002867,RLI,50,41,10,624.00,"6,240.00"
2020-09-30,2020093004002866,RLI,50,41,10,624.00,"6,240.00"
2020-09-30,2020093004002877,RLI,50,21,10,624.00,"6,240.00"
2020-09-30,2020093004002876,RLI,50,45,10,624.00,"6,240.00"
2020-09-30,2020093004002875,RLI,50,48,10,624.00,"6,240.00"
2020-09-30,2020093004002874,RLI,50,11,10,624.00,"6,240.00"
2020-09-30,2020093004002873,RLI,50,26,10,624.00,"6,240.00"
2020-09-30,2020093004002872,RLI,50,41,10,624.00,"6,240.00"
2020-09-30,2020093004002883,RLI,50,51,10,624.00,"6,240.00"
2020-09-30,2020093004002882,RLI,50,38,10,624.00,"6,240.00"
2020-09-30,2020093004002881,RLI,50,34,10,624.00,"6,240.00"
2020-09-30,2020093004002880,RLI,50,58,10,624.00,"6,240.00"
2020-09-30,2020093004002879,RLI,50,54,10,624.00,"6,240.00"
2020-09-30,2020093004002878,RLI,50,58,10,624.00,"6,240.00"
2020-09-30,2020093004002891,RLI,50,56,10,625.00,"6,250.00"
2020-09-30,2020093004002890,RLI,50,7,10,625.00,"6,250.00"
2020-09-30,2020093004002889,RLI,50,17,10,625.00,"6,250.00"
2020-09-30,2020093004002888,RLI,50,51,10,625.00,"6,250.00"
2020-09-30,2020093004002885,RLI,50,28,10,624.00,"6,240.00"
2020-09-30,2020093004002884,RLI,50,56,10,624.00,"6,240.00"
2020-09-30,2020093004002897,RLI,50,25,10,625.00,"6,250.00"
2020-09-30,2020093004002896,RLI,50,25,10,625.00,"6,250.00"
2020-09-30,2020093004002895,RLI,50,42,10,625.00,"6,250.00"
2020-09-30,2020093004002894,RLI,50,42,10,625.00,"6,250.00"
2020-09-30,2020093004002893,RLI,50,42,10,625.00,"6,250.00"
2020-09-30,2020093004002892,RLI,50,48,10,625.00,"6,250.00"
2020-09-30,2020093004002851,SAEF,35,56,"1,000",10.40,"10,400.00"
2020-09-30,2020093004002798,SAEF,35,6,500,10.40,"5,200.00"
2020-09-30,2020093004002797,SAEF,35,56,500,10.40,"5,200.00"
2020-09-30,2020093004002639,SAEF,35,41,"1,500",10.39,"15,585.00"
2020-09-30,2020093004002623,SAEF,57,57,"10,000",10.45,"104,500.00"
2020-09-30,2020093004002622,SAEF,57,57,"10,000",10.45,"104,500.00"
2020-09-30,2020093004002621,SAEF,57,55,"1,400",10.45,"14,630.00"
2020-09-30,2020093004002463,SAEF,7,34,500,10.38,"5,190.00"
2020-09-30,2020093004002432,SAEF,7,47,"2,400",10.37,"24,888.00"
2020-09-30,2020093004002417,SAEF,7,57,"1,200",10.40,"12,480.00"
2020-09-30,2020093004002790,SAND2085,19,41,25,"1,005.00","25,125.00"
2020-09-30,2020093004002731,SEF,28,38,"5,000",9.12,"45,600.00"
2020-09-30,2020093004002730,SEF,28,14,"5,000",9.11,"45,550.00"
2020-09-30,2020093004002761,SFMF,42,57,100,9.64,964.00
2020-09-30,2020093004002649,SFMF,42,57,500,9.46,"4,730.00"
2020-09-30,2020093004002783,STC,14,19,100,"3,406.00","340,600.00"
2020-09-30,2020093004002782,STC,10,19,10,"3,406.00","34,060.00"
2020-09-30,2020093004002781,STC,49,19,30,"3,411.00","102,330.00"
2020-09-30,2020093004002778,STC,49,36,10,"3,411.00","34,110.00"
2020-09-30,2020093004002675,STC,49,57,10,"3,407.00","34,070.00"
2020-09-30,2020093004002673,STC,56,57,20,"3,407.00","68,140.00"
2020-09-30,2020093004002478,STC,45,55,10,"3,449.00","34,490.00"
2020-09-30,2020093004002672,STC,45,57,10,"3,408.00","34,080.00"
2020-09-30,2020093004002671,STC,26,57,10,"3,410.00","34,100.00"
2020-09-30,2020093004002625,STC,59,19,50,"3,410.00","170,500.00"
2020-09-30,2020093004002588,STC,48,44,50,"3,450.00","172,500.00"
2020-09-30,2020093004002587,STC,48,19,50,"3,449.00","172,450.00"
2020-09-30,2020093004002479,STC,45,16,10,"3,449.00","34,490.00"
2020-09-30,2020093004002394,CMF1,45,17,"4,000",11.44,"45,760.00"
2020-09-30,2020093004002280,CMF1,8,6,"2,750",11.38,"31,295.00"
2020-09-30,2020093004002279,CMF1,58,6,100,11.40,"1,140.00"
2020-09-30,2020093004002261,CMF1,7,17,"1,000",11.44,"11,440.00"
2020-09-30,2020093004002260,CMF1,7,11,"4,000",11.43,"45,720.00"
2020-09-30,2020093004002095,CMF1,7,26,"5,000",11.44,"57,200.00"
2020-09-30,2020093004002082,GIMES1,34,48,200,9.20,"1,840.00"
2020-09-30,2020093004002316,LUK,34,10,"1,000",8.84,"8,840.00"
2020-09-30,2020093004002148,LUK,39,21,100,8.80,880.00
2020-09-30,2020093004002064,LUK,39,36,100,8.80,880.00
2020-09-30,2020093004001988,LUK,39,42,250,8.80,"2,200.00"
2020-09-30,2020093004001917,LUK,26,44,100,8.75,875.00
2020-09-30,2020093004001986,MNBBLP,45,48,"20,000",185.00,"3,700,000.00"
2020-09-30,2020093004002300,NBF2,1,21,"2,000",8.89,"17,780.00"
2020-09-30,2020093004002299,NBF2,25,21,"3,000",8.90,"26,700.00"
2020-09-30,2020093004001977,NBF2,39,50,500,9.02,"4,510.00"
2020-09-30,2020093004001970,NBF2,39,13,400,9.00,"3,600.00"
2020-09-30,2020093004002336,NEF,36,20,"2,317",8.73,"20,227.41"
2020-09-30,2020093004002324,NEF,36,42,"1,448",8.86,"12,829.28"
2020-09-30,2020093004002308,NEF,50,21,"1,127",8.72,"9,827.44"
2020-09-30,2020093004002226,NEF,50,17,"1,800",8.72,"15,696.00"
2020-09-30,2020093004002225,NEF,25,17,200,8.85,"1,770.00"
2020-09-30,2020093004002403,NIBLPF,34,25,102,8.79,896.58
2020-09-30,2020093004002326,NIBLPF,17,25,898,8.79,"7,893.42"
2020-09-30,2020093004002325,NIBLPF,17,42,"1,566",8.75,"13,702.50"
2020-09-30,2020093004002320,NIBLPF,17,6,"2,536",8.68,"22,012.48"
2020-09-30,2020093004002274,NIBPO,49,49,"2,000",360.00,"720,000.00"
2020-09-30,2020093004002077,NIBSF1,39,7,900,9.45,"8,505.00"
2020-09-30,2020093004001968,NICBF,25,49,200,8.79,"1,758.00"
2020-09-30,2020093004001937,NICBF,39,20,100,8.92,892.00
2020-09-30,2020093004002037,NICGF,17,38,"1,100",9.30,"10,230.00"
2020-09-30,2020093004002400,NMBHF1,7,50,"2,493",10.00,"24,930.00"
2020-09-30,2020093004001954,NMBHF1,7,58,"1,077",10.00,"10,770.00"
2020-09-30,2020093004002104,RBCLPO,44,17,15,"10,150.00","152,250.00"
2020-09-30,2020093004002407,RLI,32,28,10,621.00,"6,210.00"
2020-09-30,2020093004002406,RLI,32,43,10,621.00,"6,210.00"
2020-09-30,2020093004002405,RLI,32,16,10,621.00,"6,210.00"
2020-09-30,2020093004002404,RLI,32,26,10,621.00,"6,210.00"
2020-09-30,2020093004002402,RLI,32,16,10,621.00,"6,210.00"
2020-09-30,2020093004002401,RLI,32,20,10,621.00,"6,210.00"
2020-09-30,2020093004001908,RLI,33,26,10,617.00,"6,170.00"
2020-09-30,2020093004001914,RLI,1,26,10,617.00,"6,170.00"
2020-09-30,2020093004001913,RLI,1,45,190,617.00,"117,230.00"
2020-09-30,2020093004001912,RLI,48,45,100,617.00,"61,700.00"
2020-09-30,2020093004001911,RLI,33,45,10,617.00,"6,170.00"
2020-09-30,2020093004001910,RLI,42,35,10,618.00,"6,180.00"
2020-09-30,2020093004001909,RLI,42,49,10,618.00,"6,180.00"
2020-09-30,2020093004001922,RLI,52,44,10,618.00,"6,180.00"
2020-09-30,2020093004001921,RLI,52,32,10,618.00,"6,180.00"
2020-09-30,2020093004001920,RLI,3,3,10,617.00,"6,170.00"
2020-09-30,2020093004001919,RLI,3,10,10,617.00,"6,170.00"
2020-09-30,2020093004001918,RLI,3,34,10,617.00,"6,170.00"
2020-09-30,2020093004001916,RLI,3,29,10,617.00,"6,170.00"
2020-09-30,2020093004001928,RLI,52,49,10,618.00,"6,180.00"
2020-09-30,2020093004001927,RLI,52,34,10,618.00,"6,180.00"
2020-09-30,2020093004001926,RLI,52,57,10,618.00,"6,180.00"
2020-09-30,2020093004001925,RLI,52,52,10,618.00,"6,180.00"
2020-09-30,2020093004001924,RLI,52,44,10,618.00,"6,180.00"
2020-09-30,2020093004001923,RLI,52,34,10,618.00,"6,180.00"
2020-09-30,2020093004001934,RLI,52,42,10,618.00,"6,180.00"
2020-09-30,2020093004001933,RLI,52,47,10,618.00,"6,180.00"
2020-09-30,2020093004001932,RLI,52,22,10,618.00,"6,180.00"
2020-09-30,2020093004001931,RLI,52,42,10,618.00,"6,180.00"
2020-09-30,2020093004001930,RLI,52,47,10,618.00,"6,180.00"
2020-09-30,2020093004001929,RLI,52,42,10,618.00,"6,180.00"
2020-09-30,2020093004001941,RLI,19,34,10,619.00,"6,190.00"
2020-09-30,2020093004001940,RLI,19,53,10,619.00,"6,190.00"
2020-09-30,2020093004001939,RLI,52,38,10,618.00,"6,180.00"
2020-09-30,2020093004001938,RLI,52,42,10,618.00,"6,180.00"
2020-09-30,2020093004001936,RLI,52,57,10,618.00,"6,180.00"
2020-09-30,2020093004001935,RLI,52,47,10,618.00,"6,180.00"
2020-09-30,2020093004001947,RLI,52,42,10,618.00,"6,180.00"
2020-09-30,2020093004001946,RLI,35,36,10,619.00,"6,190.00"
2020-09-30,2020093004001945,RLI,35,14,10,619.00,"6,190.00"
2020-09-30,2020093004001944,RLI,35,42,10,619.00,"6,190.00"
2020-09-30,2020093004001943,RLI,35,42,10,619.00,"6,190.00"
2020-09-30,2020093004001942,RLI,19,34,30,619.00,"18,570.00"
2020-09-30,2020093004001953,RLI,44,57,10,619.00,"6,190.00"
2020-09-30,2020093004001952,RLI,44,42,10,619.00,"6,190.00"
2020-09-30,2020093004001951,RLI,44,57,10,619.00,"6,190.00"
2020-09-30,2020093004001950,RLI,44,42,10,619.00,"6,190.00"
2020-09-30,2020093004001949,RLI,44,7,10,619.00,"6,190.00"
2020-09-30,2020093004001948,RLI,44,21,10,619.00,"6,190.00"
2020-09-30,2020093004001960,RLI,38,34,10,620.00,"6,200.00"
2020-09-30,2020093004001959,RLI,38,47,10,620.00,"6,200.00"
2020-09-30,2020093004001958,RLI,38,57,10,620.00,"6,200.00"
2020-09-30,2020093004001957,RLI,38,6,10,620.00,"6,200.00"
2020-09-30,2020093004001956,RLI,38,51,10,620.00,"6,200.00"
2020-09-30,2020093004001955,RLI,44,42,10,619.00,"6,190.00"
2020-09-30,2020093004001966,RLI,44,35,10,619.00,"6,190.00"
2020-09-30,2020093004001965,RLI,44,45,10,619.00,"6,190.00"
2020-09-30,2020093004001964,RLI,44,45,10,619.00,"6,190.00"
2020-09-30,2020093004001963,RLI,44,45,10,619.00,"6,190.00"
2020-09-30,2020093004001962,RLI,44,8,10,619.00,"6,190.00"
2020-09-30,2020093004001961,RLI,44,49,10,619.00,"6,190.00"
2020-09-30,2020093004001974,RLI,44,25,10,619.00,"6,190.00"
2020-09-30,2020093004001973,RLI,44,45,10,619.00,"6,190.00"
2020-09-30,2020093004001972,RLI,44,45,10,619.00,"6,190.00"
2020-09-30,2020093004001971,RLI,44,41,10,619.00,"6,190.00"
2020-09-30,2020093004001969,RLI,44,45,10,619.00,"6,190.00"
2020-09-30,2020093004001967,RLI,44,57,10,619.00,"6,190.00"
2020-09-30,2020093004001983,RLI,26,36,10,619.00,"6,190.00"
2020-09-30,2020093004001982,RLI,26,45,10,619.00,"6,190.00"
2020-09-30,2020093004001981,RLI,26,6,10,619.00,"6,190.00"
2020-09-30,2020093004001980,RLI,21,26,10,619.00,"6,190.00"
2020-09-30,2020093004001979,RLI,21,49,10,619.00,"6,190.00"
2020-09-30,2020093004001976,RLI,44,45,10,619.00,"6,190.00"
2020-09-30,2020093004001992,RLI,52,32,10,618.00,"6,180.00"
2020-09-30,2020093004001991,RLI,52,32,10,618.00,"6,180.00"
2020-09-30,2020093004001990,RLI,52,58,10,618.00,"6,180.00"
2020-09-30,2020093004001989,RLI,52,8,10,618.00,"6,180.00"
2020-09-30,2020093004001987,RLI,26,45,10,619.00,"6,190.00"
2020-09-30,2020093004001985,RLI,26,32,10,619.00,"6,190.00"
2020-09-30,2020093004001998,RLI,52,26,10,618.00,"6,180.00"
2020-09-30,2020093004001997,RLI,52,58,10,618.00,"6,180.00"
2020-09-30,2020093004001996,RLI,35,21,70,619.00,"43,330.00"
2020-09-30,2020093004001995,RLI,52,7,10,618.00,"6,180.00"
2020-09-30,2020093004001994,RLI,52,41,10,618.00,"6,180.00"
2020-09-30,2020093004001993,RLI,52,41,10,618.00,"6,180.00"
2020-09-30,2020093004002004,RLI,39,55,10,620.00,"6,200.00"
2020-09-30,2020093004002003,RLI,39,6,10,620.00,"6,200.00"
2020-09-30,2020093004002002,RLI,39,49,200,620.00,"124,000.00"
2020-09-30,2020093004002001,RLI,52,57,10,618.00,"6,180.00"
2020-09-30,2020093004002000,RLI,52,32,10,618.00,"6,180.00"
2020-09-30,2020093004001999,RLI,52,44,10,618.00,"6,180.00"
2020-09-30,2020093004002010,RLI,39,59,10,620.00,"6,200.00"
2020-09-30,2020093004002009,RLI,39,45,10,620.00,"6,200.00"
2020-09-30,2020093004002008,RLI,39,34,10,620.00,"6,200.00"
2020-09-30,2020093004002007,RLI,39,47,10,620.00,"6,200.00"
2020-09-30,2020093004002006,RLI,39,34,10,620.00,"6,200.00"
2020-09-30,2020093004002005,RLI,39,59,10,620.00,"6,200.00"
2020-09-30,2020093004002016,RLI,39,42,10,620.00,"6,200.00"
2020-09-30,2020093004002015,RLI,39,39,10,620.00,"6,200.00"
2020-09-30,2020093004002014,RLI,39,34,10,620.00,"6,200.00"
2020-09-30,2020093004002013,RLI,39,55,10,620.00,"6,200.00"
2020-09-30,2020093004002012,RLI,39,53,10,620.00,"6,200.00"
2020-09-30,2020093004002011,RLI,39,43,10,620.00,"6,200.00"
2020-09-30,2020093004002022,RLI,39,16,10,620.00,"6,200.00"
2020-09-30,2020093004002021,RLI,39,42,30,620.00,"18,600.00"
2020-09-30,2020093004002020,RLI,39,22,10,620.00,"6,200.00"
2020-09-30,2020093004002019,RLI,39,41,10,620.00,"6,200.00"
2020-09-30,2020093004002018,RLI,39,34,10,620.00,"6,200.00"
2020-09-30,2020093004002017,RLI,39,56,10,620.00,"6,200.00"
2020-09-30,2020093004002028,RLI,39,32,10,620.00,"6,200.00"
2020-09-30,2020093004002027,RLI,39,6,10,620.00,"6,200.00"
2020-09-30,2020093004002026,RLI,39,57,10,620.00,"6,200.00"
2020-09-30,2020093004002025,RLI,39,45,10,620.00,"6,200.00"
2020-09-30,2020093004002024,RLI,39,56,10,620.00,"6,200.00"
2020-09-30,2020093004002023,RLI,39,22,10,620.00,"6,200.00"
2020-09-30,2020093004002034,RLI,52,26,10,618.00,"6,180.00"
2020-09-30,2020093004002033,RLI,52,36,10,618.00,"6,180.00"
2020-09-30,2020093004002032,RLI,52,32,10,618.00,"6,180.00"
2020-09-30,2020093004002031,RLI,52,58,10,618.00,"6,180.00"
2020-09-30,2020093004002030,RLI,39,33,10,620.00,"6,200.00"
2020-09-30,2020093004002029,RLI,39,44,10,620.00,"6,200.00"
2020-09-30,2020093004002041,RLI,52,28,10,618.00,"6,180.00"
2020-09-30,2020093004002040,RLI,52,6,10,618.00,"6,180.00"
2020-09-30,2020093004002039,RLI,52,14,10,618.00,"6,180.00"
2020-09-30,2020093004002038,RLI,52,49,10,618.00,"6,180.00"
2020-09-30,2020093004002036,RLI,52,40,10,618.00,"6,180.00"
2020-09-30,2020093004002035,RLI,52,8,10,618.00,"6,180.00"
2020-09-30,2020093004002047,RLI,3,7,10,619.00,"6,190.00"
2020-09-30,2020093004002046,RLI,35,35,10,619.00,"6,190.00"
2020-09-30,2020093004002045,RLI,42,49,10,619.00,"6,190.00"
2020-09-30,2020093004002044,RLI,52,26,10,618.00,"6,180.00"
2020-09-30,2020093004002043,RLI,52,1,10,618.00,"6,180.00"
2020-09-30,2020093004002042,RLI,52,36,10,618.00,"6,180.00"
2020-09-30,2020093004002053,RLI,3,5,10,619.00,"6,190.00"
2020-09-30,2020093004002052,RLI,3,36,10,619.00,"6,190.00"
2020-09-30,2020093004002051,RLI,3,5,10,619.00,"6,190.00"
2020-09-30,2020093004002050,RLI,3,58,10,619.00,"6,190.00"
2020-09-30,2020093004002049,RLI,3,5,10,619.00,"6,190.00"
2020-09-30,2020093004002048,RLI,3,28,10,619.00,"6,190.00"
2020-09-30,2020093004002059,RLI,3,55,30,619.00,"18,570.00"
2020-09-30,2020093004002058,RLI,3,22,10,619.00,"6,190.00"
2020-09-30,2020093004002057,RLI,3,5,10,619.00,"6,190.00"
2020-09-30,2020093004002056,RLI,3,36,10,619.00,"6,190.00"
2020-09-30,2020093004002055,RLI,3,28,10,619.00,"6,190.00"
2020-09-30,2020093004002054,RLI,3,5,10,619.00,"6,190.00"
2020-09-30,2020093004002066,RLI,35,29,10,619.00,"6,190.00"
2020-09-30,2020093004002065,RLI,35,38,10,619.00,"6,190.00"
2020-09-30,2020093004002063,RLI,35,38,10,619.00,"6,190.00"
2020-09-30,2020093004002062,RLI,35,1,10,619.00,"6,190.00"
2020-09-30,2020093004002061,RLI,35,36,10,619.00,"6,190.00"
2020-09-30,2020093004002060,RLI,35,21,10,619.00,"6,190.00"
2020-09-30,2020093004002072,RLI,17,6,10,620.00,"6,200.00"
2020-09-30,2020093004002071,RLI,17,1,10,620.00,"6,200.00"
2020-09-30,2020093004002070,RLI,17,42,10,620.00,"6,200.00"
2020-09-30,2020093004002069,RLI,17,56,10,620.00,"6,200.00"
2020-09-30,2020093004002068,RLI,17,34,20,619.00,"12,380.00"
2020-09-30,2020093004002067,RLI,35,34,40,619.00,"24,760.00"
2020-09-30,2020093004002079,RLI,52,28,10,618.00,"6,180.00"
2020-09-30,2020093004002078,RLI,52,1,10,618.00,"6,180.00"
2020-09-30,2020093004002076,RLI,52,45,10,618.00,"6,180.00"
2020-09-30,2020093004002075,RLI,52,29,10,618.00,"6,180.00"
2020-09-30,2020093004002074,RLI,52,20,10,618.00,"6,180.00"
2020-09-30,2020093004002073,RLI,52,3,10,618.00,"6,180.00"
2020-09-30,2020093004002086,RLI,19,56,10,620.00,"6,200.00"
2020-09-30,2020093004002085,RLI,19,21,10,620.00,"6,200.00"
2020-09-30,2020093004002084,RLI,19,21,10,620.00,"6,200.00"
2020-09-30,2020093004002083,RLI,19,42,10,620.00,"6,200.00"
2020-09-30,2020093004002081,RLI,52,26,10,618.00,"6,180.00"
2020-09-30,2020093004002080,RLI,52,7,10,618.00,"6,180.00"
2020-09-30,2020093004002092,RLI,19,56,10,620.00,"6,200.00"
2020-09-30,2020093004002091,RLI,19,29,10,620.00,"6,200.00"
2020-09-30,2020093004002090,RLI,19,46,10,620.00,"6,200.00"
2020-09-30,2020093004002089,RLI,19,58,10,620.00,"6,200.00"
2020-09-30,2020093004002088,RLI,19,10,10,620.00,"6,200.00"
2020-09-30,2020093004002087,RLI,19,47,10,620.00,"6,200.00"
2020-09-30,2020093004002099,RLI,52,58,10,618.00,"6,180.00"
2020-09-30,2020093004002098,RLI,52,36,10,618.00,"6,180.00"
2020-09-30,2020093004002097,RLI,52,26,10,618.00,"6,180.00"
2020-09-30,2020093004002096,RLI,52,34,10,618.00,"6,180.00"
2020-09-30,2020093004002094,RLI,19,51,10,620.00,"6,200.00"
2020-09-30,2020093004002093,RLI,19,6,10,620.00,"6,200.00"
2020-09-30,2020093004002106,RLI,57,6,10,620.00,"6,200.00"
2020-09-30,2020093004002105,RLI,57,45,10,620.00,"6,200.00"
2020-09-30,2020093004002103,RLI,57,28,10,620.00,"6,200.00"
2020-09-30,2020093004002102,RLI,57,58,10,620.00,"6,200.00"
2020-09-30,2020093004002101,RLI,57,26,10,620.00,"6,200.00"
2020-09-30,2020093004002100,RLI,57,47,10,620.00,"6,200.00"
2020-09-30,2020093004002112,RLI,19,26,10,620.00,"6,200.00"
2020-09-30,2020093004002111,RLI,35,28,10,619.00,"6,190.00"
2020-09-30,2020093004002110,RLI,57,38,10,620.00,"6,200.00"
2020-09-30,2020093004002109,RLI,57,45,10,620.00,"6,200.00"
2020-09-30,2020093004002108,RLI,57,40,10,620.00,"6,200.00"
2020-09-30,2020093004002107,RLI,57,57,10,620.00,"6,200.00"
2020-09-30,2020093004002118,RLI,19,28,10,620.00,"6,200.00"
2020-09-30,2020093004002117,RLI,35,49,10,620.00,"6,200.00"
2020-09-30,2020093004002116,RLI,28,52,10,621.00,"6,210.00"
2020-09-30,2020093004002115,RLI,28,35,10,621.00,"6,210.00"
2020-09-30,2020093004002114,RLI,35,36,10,620.00,"6,200.00"
2020-09-30,2020093004002113,RLI,35,49,10,619.00,"6,190.00"
2020-09-30,2020093004002124,RLI,19,38,10,620.00,"6,200.00"
2020-09-30,2020093004002123,RLI,19,28,10,620.00,"6,200.00"
2020-09-30,2020093004002122,RLI,19,52,10,620.00,"6,200.00"
2020-09-30,2020093004002121,RLI,45,38,10,619.00,"6,190.00"
2020-09-30,2020093004002120,RLI,45,17,10,619.00,"6,190.00"
2020-09-30,2020093004002119,RLI,35,49,10,619.00,"6,190.00"
2020-09-30,2020093004002130,RLI,19,19,10,620.00,"6,200.00"
2020-09-30,2020093004002129,RLI,19,5,10,620.00,"6,200.00"
2020-09-30,2020093004002128,RLI,19,52,10,620.00,"6,200.00"
2020-09-30,2020093004002127,RLI,19,28,10,620.00,"6,200.00"
2020-09-30,2020093004002126,RLI,19,19,10,620.00,"6,200.00"
2020-09-30,2020093004002125,RLI,19,8,10,620.00,"6,200.00"
2020-09-30,2020093004002136,RLI,37,6,10,621.00,"6,210.00"
2020-09-30,2020093004002135,RLI,37,52,10,621.00,"6,210.00"
2020-09-30,2020093004002134,RLI,19,42,10,620.00,"6,200.00"
2020-09-30,2020093004002133,RLI,19,8,10,620.00,"6,200.00"
2020-09-30,2020093004002132,RLI,19,25,10,620.00,"6,200.00"
2020-09-30,2020093004002131,RLI,19,1,10,620.00,"6,200.00"
2020-09-30,2020093004002142,RLI,19,52,10,620.00,"6,200.00"
2020-09-30,2020093004002141,RLI,37,40,40,621.00,"24,840.00"
2020-09-30,2020093004002140,RLI,37,47,10,621.00,"6,210.00"
2020-09-30,2020093004002139,RLI,37,47,10,621.00,"6,210.00"
2020-09-30,2020093004002138,RLI,37,34,10,621.00,"6,210.00"
2020-09-30,2020093004002137,RLI,37,26,10,621.00,"6,210.00"
2020-09-30,2020093004002151,RLI,19,52,10,620.00,"6,200.00"
2020-09-30,2020093004002147,RLI,19,8,10,620.00,"6,200.00"
2020-09-30,2020093004002146,RLI,19,19,10,620.00,"6,200.00"
2020-09-30,2020093004002145,RLI,19,26,10,620.00,"6,200.00"
2020-09-30,2020093004002144,RLI,19,55,10,620.00,"6,200.00"
2020-09-30,2020093004002143,RLI,19,8,10,620.00,"6,200.00"
2020-09-30,2020093004002157,RLI,45,26,10,619.00,"6,190.00"
2020-09-30,2020093004002156,RLI,45,28,10,619.00,"6,190.00"
2020-09-30,2020093004002155,RLI,45,26,10,619.00,"6,190.00"
2020-09-30,2020093004002154,RLI,45,49,10,619.00,"6,190.00"
2020-09-30,2020093004002153,RLI,45,54,10,619.00,"6,190.00"
2020-09-30,2020093004002152,RLI,45,26,10,619.00,"6,190.00"
2020-09-30,2020093004002163,RLI,29,40,10,621.00,"6,210.00"
2020-09-30,2020093004002162,RLI,35,26,10,619.00,"6,190.00"
2020-09-30,2020093004002161,RLI,35,26,10,619.00,"6,190.00"
2020-09-30,2020093004002160,RLI,35,49,10,619.00,"6,190.00"
2020-09-30,2020093004002159,RLI,45,52,10,619.00,"6,190.00"
2020-09-30,2020093004002158,RLI,45,1,10,619.00,"6,190.00"
2020-09-30,2020093004002169,RLI,29,34,10,621.00,"6,210.00"
2020-09-30,2020093004002168,RLI,29,58,10,621.00,"6,210.00"
2020-09-30,2020093004002167,RLI,29,49,10,621.00,"6,210.00"
2020-09-30,2020093004002166,RLI,29,14,10,621.00,"6,210.00"
2020-09-30,2020093004002165,RLI,29,3,310,621.00,"192,510.00"
2020-09-30,2020093004002164,RLI,29,14,10,621.00,"6,210.00"
2020-09-30,2020093004002175,RLI,29,41,10,621.00,"6,210.00"
2020-09-30,2020093004002174,RLI,29,19,10,621.00,"6,210.00"
2020-09-30,2020093004002173,RLI,29,54,10,621.00,"6,210.00"
2020-09-30,2020093004002172,RLI,29,54,10,621.00,"6,210.00"
2020-09-30,2020093004002171,RLI,29,54,10,621.00,"6,210.00"
2020-09-30,2020093004002170,RLI,29,13,10,621.00,"6,210.00"
2020-09-30,2020093004002181,RLI,46,52,10,622.00,"6,220.00"
2020-09-30,2020093004002180,RLI,46,53,10,622.00,"6,220.00"
2020-09-30,2020093004002179,RLI,46,52,10,622.00,"6,220.00"
2020-09-30,2020093004002178,RLI,46,48,10,622.00,"6,220.00"
2020-09-30,2020093004002177,RLI,29,28,10,621.00,"6,210.00"
2020-09-30,2020093004002176,RLI,29,26,10,621.00,"6,210.00"
2020-09-30,2020093004002187,RLI,46,22,10,622.00,"6,220.00"
2020-09-30,2020093004002186,RLI,46,41,10,622.00,"6,220.00"
2020-09-30,2020093004002185,RLI,46,45,10,622.00,"6,220.00"
2020-09-30,2020093004002184,RLI,46,13,10,622.00,"6,220.00"
2020-09-30,2020093004002183,RLI,46,52,10,622.00,"6,220.00"
2020-09-30,2020093004002182,RLI,46,11,10,622.00,"6,220.00"
2020-09-30,2020093004002193,RLI,46,29,10,622.00,"6,220.00"
2020-09-30,2020093004002192,RLI,46,5,10,622.00,"6,220.00"
2020-09-30,2020093004002191,RLI,46,28,10,622.00,"6,220.00"
2020-09-30,2020093004002190,RLI,46,49,10,622.00,"6,220.00"
2020-09-30,2020093004002189,RLI,46,4,10,622.00,"6,220.00"
2020-09-30,2020093004002188,RLI,46,28,10,622.00,"6,220.00"
2020-09-30,2020093004002199,RLI,46,49,10,623.00,"6,230.00"
2020-09-30,2020093004002198,RLI,46,49,10,623.00,"6,230.00"
2020-09-30,2020093004002197,RLI,46,52,10,622.00,"6,220.00"
2020-09-30,2020093004002196,RLI,46,17,10,622.00,"6,220.00"
2020-09-30,2020093004002195,RLI,46,39,10,622.00,"6,220.00"
2020-09-30,2020093004002194,RLI,46,11,10,622.00,"6,220.00"
2020-09-30,2020093004002205,RLI,46,49,10,623.00,"6,230.00"
2020-09-30,2020093004002204,RLI,46,49,10,623.00,"6,230.00"
2020-09-30,2020093004002203,RLI,46,49,10,623.00,"6,230.00"
2020-09-30,2020093004002202,RLI,46,49,10,623.00,"6,230.00"
2020-09-30,2020093004002201,RLI,46,49,10,623.00,"6,230.00"
2020-09-30,2020093004002200,RLI,46,49,10,623.00,"6,230.00"
2020-09-30,2020093004002211,RLI,46,36,10,623.00,"6,230.00"
2020-09-30,2020093004002210,RLI,46,16,10,623.00,"6,230.00"
2020-09-30,2020093004002209,RLI,46,45,10,623.00,"6,230.00"
2020-09-30,2020093004002208,RLI,46,55,10,623.00,"6,230.00"
2020-09-30,2020093004002207,RLI,46,49,10,623.00,"6,230.00"
2020-09-30,2020093004002206,RLI,46,53,10,623.00,"6,230.00"
2020-09-30,2020093004002217,RLI,46,42,10,623.00,"6,230.00"
2020-09-30,2020093004002216,RLI,46,54,10,623.00,"6,230.00"
2020-09-30,2020093004002215,RLI,46,41,10,623.00,"6,230.00"
2020-09-30,2020093004002214,RLI,46,45,10,623.00,"6,230.00"
2020-09-30,2020093004002213,RLI,46,1,10,623.00,"6,230.00"
2020-09-30,2020093004002212,RLI,46,34,10,623.00,"6,230.00"
2020-09-30,2020093004002223,RLI,46,4,10,623.00,"6,230.00"
2020-09-30,2020093004002222,RLI,46,29,10,623.00,"6,230.00"
2020-09-30,2020093004002221,RLI,46,45,10,623.00,"6,230.00"
2020-09-30,2020093004002220,RLI,46,25,10,623.00,"6,230.00"
2020-09-30,2020093004002219,RLI,46,10,10,623.00,"6,230.00"
2020-09-30,2020093004002218,RLI,46,28,500,623.00,"311,500.00"
2020-09-30,2020093004002231,RLI,29,26,10,621.00,"6,210.00"
2020-09-30,2020093004002230,RLI,1,45,10,624.00,"6,240.00"
2020-09-30,2020093004002229,RLI,46,8,10,623.00,"6,230.00"
2020-09-30,2020093004002228,RLI,46,28,10,623.00,"6,230.00"
2020-09-30,2020093004002227,RLI,46,38,10,623.00,"6,230.00"
2020-09-30,2020093004002224,RLI,46,8,10,623.00,"6,230.00"
2020-09-30,2020093004002237,RLI,29,28,10,621.00,"6,210.00"
2020-09-30,2020093004002236,RLI,29,43,10,621.00,"6,210.00"
2020-09-30,2020093004002235,RLI,29,57,10,621.00,"6,210.00"
2020-09-30,2020093004002234,RLI,29,53,10,621.00,"6,210.00"
2020-09-30,2020093004002233,RLI,29,28,10,621.00,"6,210.00"
2020-09-30,2020093004002232,RLI,29,8,10,621.00,"6,210.00"
2020-09-30,2020093004002245,RLI,29,8,10,621.00,"6,210.00"
2020-09-30,2020093004002244,RLI,29,8,10,621.00,"6,210.00"
2020-09-30,2020093004002242,RLI,29,28,10,621.00,"6,210.00"
2020-09-30,2020093004002241,RLI,29,59,10,621.00,"6,210.00"
2020-09-30,2020093004002240,RLI,29,16,10,621.00,"6,210.00"
2020-09-30,2020093004002238,RLI,29,59,10,621.00,"6,210.00"
2020-09-30,2020093004002251,RLI,29,8,10,621.00,"6,210.00"
2020-09-30,2020093004002250,RLI,29,8,10,621.00,"6,210.00"
2020-09-30,2020093004002249,RLI,29,16,10,621.00,"6,210.00"
2020-09-30,2020093004002248,RLI,29,8,10,621.00,"6,210.00"
2020-09-30,2020093004002247,RLI,29,28,10,621.00,"6,210.00"
2020-09-30,2020093004002246,RLI,29,8,10,621.00,"6,210.00"
2020-09-30,2020093004002258,RLI,29,28,10,621.00,"6,210.00"
2020-09-30,2020093004002257,RLI,29,16,10,621.00,"6,210.00"
2020-09-30,2020093004002256,RLI,29,43,10,621.00,"6,210.00"
2020-09-30,2020093004002255,RLI,29,47,10,621.00,"6,210.00"
2020-09-30,2020093004002254,RLI,29,57,10,621.00,"6,210.00"
2020-09-30,2020093004002253,RLI,29,16,10,621.00,"6,210.00"
2020-09-30,2020093004002266,RLI,29,58,10,621.00,"6,210.00"
2020-09-30,2020093004002265,RLI,29,52,10,621.00,"6,210.00"
2020-09-30,2020093004002264,RLI,29,16,10,621.00,"6,210.00"
2020-09-30,2020093004002263,RLI,29,28,10,621.00,"6,210.00"
2020-09-30,2020093004002262,RLI,29,16,10,621.00,"6,210.00"
2020-09-30,2020093004002259,RLI,29,11,10,621.00,"6,210.00"
2020-09-30,2020093004002272,RLI,29,39,10,621.00,"6,210.00"
2020-09-30,2020093004002271,RLI,29,52,10,621.00,"6,210.00"
2020-09-30,2020093004002270,RLI,29,16,10,621.00,"6,210.00"
2020-09-30,2020093004002269,RLI,29,16,10,621.00,"6,210.00"
2020-09-30,2020093004002268,RLI,29,55,10,621.00,"6,210.00"
2020-09-30,2020093004002267,RLI,29,28,10,621.00,"6,210.00"
2020-09-30,2020093004002281,RLI,29,16,10,621.00,"6,210.00"
2020-09-30,2020093004002278,RLI,29,37,10,621.00,"6,210.00"
2020-09-30,2020093004002277,RLI,29,46,10,621.00,"6,210.00"
2020-09-30,2020093004002276,RLI,29,16,10,621.00,"6,210.00"
2020-09-30,2020093004002275,RLI,29,38,10,621.00,"6,210.00"
2020-09-30,2020093004002273,RLI,29,46,10,621.00,"6,210.00"
2020-09-30,2020093004002287,RLI,29,5,10,621.00,"6,210.00"
2020-09-30,2020093004002286,RLI,29,28,10,621.00,"6,210.00"
2020-09-30,2020093004002285,RLI,29,13,10,621.00,"6,210.00"
2020-09-30,2020093004002284,RLI,29,46,10,621.00,"6,210.00"
2020-09-30,2020093004002283,RLI,29,29,10,621.00,"6,210.00"
2020-09-30,2020093004002282,RLI,29,57,10,621.00,"6,210.00"
2020-09-30,2020093004002293,RLI,29,16,10,621.00,"6,210.00"
2020-09-30,2020093004002292,RLI,29,13,10,621.00,"6,210.00"
2020-09-30,2020093004002291,RLI,29,28,10,621.00,"6,210.00"
2020-09-30,2020093004002290,RLI,29,53,10,621.00,"6,210.00"
2020-09-30,2020093004002289,RLI,29,57,10,621.00,"6,210.00"
2020-09-30,2020093004002288,RLI,29,46,10,621.00,"6,210.00"
2020-09-30,2020093004002301,RLI,28,16,10,621.00,"6,210.00"
2020-09-30,2020093004002298,RLI,28,26,10,621.00,"6,210.00"
2020-09-30,2020093004002297,RLI,50,16,10,621.00,"6,210.00"
2020-09-30,2020093004002296,RLI,50,29,10,621.00,"6,210.00"
2020-09-30,2020093004002295,RLI,50,13,10,621.00,"6,210.00"
2020-09-30,2020093004002294,RLI,50,52,10,621.00,"6,210.00"
2020-09-30,2020093004002307,RLI,28,8,10,621.00,"6,210.00"
2020-09-30,2020093004002306,RLI,28,28,10,621.00,"6,210.00"
2020-09-30,2020093004002305,RLI,28,35,10,621.00,"6,210.00"
2020-09-30,2020093004002304,RLI,28,59,10,621.00,"6,210.00"
2020-09-30,2020093004002303,RLI,28,6,10,621.00,"6,210.00"
2020-09-30,2020093004002302,RLI,28,8,10,621.00,"6,210.00"
2020-09-30,2020093004002314,RLI,44,21,10,621.00,"6,210.00"
2020-09-30,2020093004002313,RLI,44,40,10,621.00,"6,210.00"
2020-09-30,2020093004002312,RLI,44,8,10,621.00,"6,210.00"
2020-09-30,2020093004002311,RLI,44,58,10,621.00,"6,210.00"
2020-09-30,2020093004002310,RLI,28,59,10,621.00,"6,210.00"
2020-09-30,2020093004002309,RLI,28,21,10,621.00,"6,210.00"
2020-09-30,2020093004002322,RLI,34,35,10,620.00,"6,200.00"
2020-09-30,2020093004002321,RLI,35,16,10,619.00,"6,190.00"
2020-09-30,2020093004002319,RLI,35,20,10,619.00,"6,190.00"
2020-09-30,2020093004002318,RLI,35,28,10,619.00,"6,190.00"
2020-09-30,2020093004002317,RLI,35,17,10,619.00,"6,190.00"
2020-09-30,2020093004002315,RLI,44,28,10,621.00,"6,210.00"
2020-09-30,2020093004002331,RLI,35,28,10,619.00,"6,190.00"
2020-09-30,2020093004002330,RLI,35,16,10,619.00,"6,190.00"
2020-09-30,2020093004002329,RLI,35,58,10,619.00,"6,190.00"
2020-09-30,2020093004002328,RLI,35,48,10,619.00,"6,190.00"
2020-09-30,2020093004002327,RLI,35,6,10,619.00,"6,190.00"
2020-09-30,2020093004002323,RLI,34,26,10,620.00,"6,200.00"
2020-09-30,2020093004002338,RLI,35,28,10,619.00,"6,190.00"
2020-09-30,2020093004002337,RLI,35,48,10,619.00,"6,190.00"
2020-09-30,2020093004002335,RLI,35,38,10,619.00,"6,190.00"
2020-09-30,2020093004002334,RLI,35,16,10,619.00,"6,190.00"
2020-09-30,2020093004002333,RLI,35,36,10,619.00,"6,190.00"
2020-09-30,2020093004002332,RLI,35,48,10,619.00,"6,190.00"
2020-09-30,2020093004002344,RLI,41,28,10,620.00,"6,200.00"
2020-09-30,2020093004002343,RLI,41,48,10,620.00,"6,200.00"
2020-09-30,2020093004002342,RLI,41,38,10,620.00,"6,200.00"
2020-09-30,2020093004002341,RLI,41,40,10,620.00,"6,200.00"
2020-09-30,2020093004002340,RLI,41,38,10,620.00,"6,200.00"
2020-09-30,2020093004002339,RLI,41,32,10,620.00,"6,200.00"
2020-09-30,2020093004002350,RLI,59,48,10,620.00,"6,200.00"
2020-09-30,2020093004002349,RLI,59,38,10,620.00,"6,200.00"
2020-09-30,2020093004002348,RLI,41,38,10,620.00,"6,200.00"
2020-09-30,2020093004002347,RLI,41,48,10,620.00,"6,200.00"
2020-09-30,2020093004002346,RLI,41,16,10,620.00,"6,200.00"
2020-09-30,2020093004002345,RLI,41,21,10,620.00,"6,200.00"
2020-09-30,2020093004002356,RLI,59,8,10,620.00,"6,200.00"
2020-09-30,2020093004002355,RLI,35,46,10,621.00,"6,210.00"
2020-09-30,2020093004002354,RLI,35,8,10,621.00,"6,210.00"
2020-09-30,2020093004002353,RLI,59,16,10,620.00,"6,200.00"
2020-09-30,2020093004002352,RLI,59,16,10,620.00,"6,200.00"
2020-09-30,2020093004002351,RLI,59,21,10,620.00,"6,200.00"
2020-09-30,2020093004002362,RLI,59,21,10,620.00,"6,200.00"
2020-09-30,2020093004002361,RLI,47,8,10,621.00,"6,210.00"
2020-09-30,2020093004002360,RLI,59,8,10,620.00,"6,200.00"
2020-09-30,2020093004002359,RLI,20,8,10,621.00,"6,210.00"
2020-09-30,2020093004002358,RLI,20,46,10,621.00,"6,210.00"
2020-09-30,2020093004002357,RLI,59,21,10,620.00,"6,200.00"
2020-09-30,2020093004002368,RLI,11,21,10,620.00,"6,200.00"
2020-09-30,2020093004002367,RLI,11,16,10,620.00,"6,200.00"
2020-09-30,2020093004002366,RLI,11,8,10,620.00,"6,200.00"
2020-09-30,2020093004002365,RLI,11,1,10,620.00,"6,200.00"
2020-09-30,2020093004002364,RLI,41,21,10,620.00,"6,200.00"
2020-09-30,2020093004002363,RLI,59,16,10,620.00,"6,200.00"
2020-09-30,2020093004002374,RLI,19,16,10,621.00,"6,210.00"
2020-09-30,2020093004002373,RLI,11,16,10,620.00,"6,200.00"
2020-09-30,2020093004002372,RLI,11,16,10,620.00,"6,200.00"
2020-09-30,2020093004002371,RLI,11,8,10,620.00,"6,200.00"
2020-09-30,2020093004002370,RLI,11,21,10,620.00,"6,200.00"
2020-09-30,2020093004002369,RLI,11,32,10,620.00,"6,200.00"
2020-09-30,2020093004002380,RLI,19,8,10,621.00,"6,210.00"
2020-09-30,2020093004002379,RLI,19,16,10,621.00,"6,210.00"
2020-09-30,2020093004002378,RLI,19,39,10,621.00,"6,210.00"
2020-09-30,2020093004002377,RLI,19,8,10,621.00,"6,210.00"
2020-09-30,2020093004002376,RLI,19,8,10,621.00,"6,210.00"
2020-09-30,2020093004002375,RLI,19,8,10,621.00,"6,210.00"
2020-09-30,2020093004002386,RLI,4,16,10,623.00,"6,230.00"
2020-09-30,2020093004002385,RLI,4,29,10,623.00,"6,230.00"
2020-09-30,2020093004002384,RLI,4,35,10,623.00,"6,230.00"
2020-09-30,2020093004002383,RLI,4,6,10,623.00,"6,230.00"
2020-09-30,2020093004002382,RLI,19,57,10,621.00,"6,210.00"
2020-09-30,2020093004002381,RLI,19,16,10,621.00,"6,210.00"
2020-09-30,2020093004002392,RLI,32,16,10,621.00,"6,210.00"
2020-09-30,2020093004002391,RLI,4,34,10,624.00,"6,240.00"
2020-09-30,2020093004002390,RLI,4,29,10,624.00,"6,240.00"
2020-09-30,2020093004002389,RLI,4,57,10,623.00,"6,230.00"
2020-09-30,2020093004002388,RLI,4,16,10,623.00,"6,230.00"
2020-09-30,2020093004002387,RLI,4,51,10,623.00,"6,230.00"
2020-09-30,2020093004002399,RLI,32,38,10,621.00,"6,210.00"
2020-09-30,2020093004002398,RLI,32,21,10,621.00,"6,210.00"
2020-09-30,2020093004002397,RLI,32,16,10,621.00,"6,210.00"
2020-09-30,2020093004002396,RLI,32,40,10,621.00,"6,210.00"
2020-09-30,2020093004002395,RLI,32,16,10,621.00,"6,210.00"
2020-09-30,2020093004002393,RLI,32,16,10,621.00,"6,210.00"
2020-09-30,2020093004002239,SAEF,7,53,"1,000",10.38,"10,380.00"
2020-09-30,2020093004002150,SAEF,7,42,"3,850",10.38,"39,963.00"
2020-09-30,2020093004002149,SAEF,45,42,"1,150",10.38,"11,937.00"
2020-09-30,2020093004001984,SAEF,7,49,"5,000",10.41,"52,050.00"
2020-09-30,2020093004001978,SAEF,7,55,"1,000",10.39,"10,390.00"
2020-09-30,2020093004001975,SAEF,45,50,500,10.38,"5,190.00"
2020-09-30,2020093004002252,SEF,56,53,"4,000",9.00,"36,000.00"
2020-09-30,2020093004002243,SEF,14,53,"1,000",9.00,"9,000.00"
2020-09-30,2020093004001915,SFMF,39,20,300,9.28,"2,784.00"
2020-09-30,2020093004001530,CMF1,7,32,"5,000",11.31,"56,550.00"
2020-09-30,2020093004001529,CMF1,38,32,"5,000",11.31,"56,550.00"
2020-09-30,2020093004001475,CMF1,7,22,"4,000",11.52,"46,080.00"
2020-09-30,2020093004001474,CMF1,7,11,"2,500",11.52,"28,800.00"
2020-09-30,2020093004001472,CMF1,7,1,500,11.51,"5,755.00"
2020-09-30,2020093004001471,CMF1,7,40,"5,000",11.51,"57,550.00"
2020-09-30,2020093004001441,CMF1,7,57,500,11.40,"5,700.00"
2020-09-30,2020093004001426,CMF1,7,8,"10,000",11.35,"113,500.00"
2020-09-30,2020093004001425,CMF1,7,7,"10,000",11.35,"113,500.00"
2020-09-30,2020093004001470,CMF1,7,45,"1,000",11.51,"11,510.00"
2020-09-30,2020093004001465,CMF1,45,1,"4,000",11.50,"46,000.00"
2020-09-30,2020093004001451,CMF1,7,58,200,11.48,"2,296.00"
2020-09-30,2020093004001450,CMF1,7,22,"9,000",11.48,"103,320.00"
2020-09-30,2020093004001443,CMF1,7,57,"13,800",11.40,"157,320.00"
2020-09-30,2020093004001442,CMF1,7,38,200,11.40,"2,280.00"
2020-09-30,2020093004001667,LUK,7,5,"1,000",8.85,"8,850.00"
2020-09-30,2020093004001428,MNBBLP,50,10,"5,000",185.00,"925,000.00"
2020-09-30,2020093004001866,NEF,50,35,414,8.72,"3,610.08"
2020-09-30,2020093004001649,NIBSF1,52,7,"10,000",9.41,"94,100.00"
2020-09-30,2020093004001641,NIBSF1,25,7,"5,000",9.42,"47,100.00"
2020-09-30,2020093004001413,NIBSF1,52,7,"10,000",9.45,"94,500.00"
2020-09-30,2020093004001672,NMB50,46,45,200,9.26,"1,852.00"
2020-09-30,2020093004001709,NMBHF1,13,35,196,9.96,"1,952.16"
2020-09-30,2020093004001708,NMBHF1,45,35,300,9.96,"2,988.00"
2020-09-30,2020093004001699,NMBHF1,7,58,500,10.00,"5,000.00"
2020-09-30,2020093004001848,RBCLPO,45,42,10,"10,000.00","100,000.00"
2020-09-30,2020093004001814,RBCLPO,45,26,10,"10,000.00","100,000.00"
2020-09-30,2020093004001601,RBCLPO,44,26,10,"10,174.00","101,740.00"
2020-09-30,2020093004001907,RLI,33,49,10,617.00,"6,170.00"
2020-09-30,2020093004001906,RLI,33,49,10,617.00,"6,170.00"
2020-09-30,2020093004001905,RLI,19,51,10,618.00,"6,180.00"
2020-09-30,2020093004001904,RLI,33,49,10,617.00,"6,170.00"
2020-09-30,2020093004001903,RLI,33,34,10,617.00,"6,170.00"
2020-09-30,2020093004001902,RLI,33,21,10,617.00,"6,170.00"
2020-09-30,2020093004001410,RLI,33,45,20,618.00,"12,360.00"
2020-09-30,2020093004001409,RLI,33,16,10,618.00,"6,180.00"
2020-09-30,2020093004001408,RLI,33,28,10,618.00,"6,180.00"
2020-09-30,2020093004001417,RLI,16,28,10,618.00,"6,180.00"
2020-09-30,2020093004001416,RLI,8,21,10,618.00,"6,180.00"
2020-09-30,2020093004001415,RLI,8,44,10,618.00,"6,180.00"
2020-09-30,2020093004001414,RLI,8,32,10,618.00,"6,180.00"
2020-09-30,2020093004001412,RLI,8,32,10,618.00,"6,180.00"
2020-09-30,2020093004001411,RLI,8,45,30,618.00,"18,540.00"
2020-09-30,2020093004001427,RLI,39,28,10,618.00,"6,180.00"
2020-09-30,2020093004001424,RLI,16,21,10,618.00,"6,180.00"
2020-09-30,2020093004001423,RLI,16,47,10,618.00,"6,180.00"
2020-09-30,2020093004001422,RLI,6,58,10,619.00,"6,190.00"
2020-09-30,2020093004001421,RLI,16,55,10,618.00,"6,180.00"
2020-09-30,2020093004001420,RLI,16,21,10,618.00,"6,180.00"
2020-09-30,2020093004001434,RLI,45,21,10,619.00,"6,190.00"
2020-09-30,2020093004001433,RLI,39,28,10,618.00,"6,180.00"
2020-09-30,2020093004001432,RLI,39,55,10,618.00,"6,180.00"
2020-09-30,2020093004001431,RLI,39,22,10,618.00,"6,180.00"
2020-09-30,2020093004001430,RLI,39,39,10,618.00,"6,180.00"
2020-09-30,2020093004001429,RLI,39,45,10,618.00,"6,180.00"
2020-09-30,2020093004001440,RLI,39,48,10,618.00,"6,180.00"
2020-09-30,2020093004001439,RLI,39,54,10,618.00,"6,180.00"
2020-09-30,2020093004001438,RLI,39,34,10,618.00,"6,180.00"
2020-09-30,2020093004001437,RLI,39,22,10,618.00,"6,180.00"
2020-09-30,2020093004001436,RLI,39,42,10,618.00,"6,180.00"
2020-09-30,2020093004001435,RLI,39,36,10,618.00,"6,180.00"
2020-09-30,2020093004001449,RLI,39,26,10,618.00,"6,180.00"
2020-09-30,2020093004001448,RLI,39,58,10,618.00,"6,180.00"
2020-09-30,2020093004001447,RLI,39,38,10,618.00,"6,180.00"
2020-09-30,2020093004001446,RLI,39,14,10,618.00,"6,180.00"
2020-09-30,2020093004001445,RLI,39,34,10,618.00,"6,180.00"
2020-09-30,2020093004001444,RLI,39,34,10,618.00,"6,180.00"
2020-09-30,2020093004001457,RLI,22,45,10,619.00,"6,190.00"
2020-09-30,2020093004001456,RLI,22,5,10,619.00,"6,190.00"
2020-09-30,2020093004001455,RLI,22,45,10,619.00,"6,190.00"
2020-09-30,2020093004001454,RLI,22,5,10,619.00,"6,190.00"
2020-09-30,2020093004001453,RLI,22,42,10,619.00,"6,190.00"
2020-09-30,2020093004001452,RLI,39,26,10,618.00,"6,180.00"
2020-09-30,2020093004001463,RLI,40,42,10,618.00,"6,180.00"
2020-09-30,2020093004001462,RLI,40,28,10,618.00,"6,180.00"
2020-09-30,2020093004001461,RLI,40,34,10,618.00,"6,180.00"
2020-09-30,2020093004001460,RLI,39,58,10,618.00,"6,180.00"
2020-09-30,2020093004001459,RLI,39,45,10,618.00,"6,180.00"
2020-09-30,2020093004001458,RLI,22,42,10,619.00,"6,190.00"
2020-09-30,2020093004001473,RLI,40,28,10,618.00,"6,180.00"
2020-09-30,2020093004001469,RLI,40,35,10,618.00,"6,180.00"
2020-09-30,2020093004001468,RLI,40,48,10,618.00,"6,180.00"
2020-09-30,2020093004001467,RLI,40,14,10,618.00,"6,180.00"
2020-09-30,2020093004001466,RLI,40,41,10,618.00,"6,180.00"
2020-09-30,2020093004001464,RLI,40,48,10,618.00,"6,180.00"
2020-09-30,2020093004001482,RLI,1,36,20,617.00,"12,340.00"
2020-09-30,2020093004001481,RLI,32,36,50,617.00,"30,850.00"
2020-09-30,2020093004001479,RLI,37,28,10,618.00,"6,180.00"
2020-09-30,2020093004001478,RLI,37,48,10,618.00,"6,180.00"
2020-09-30,2020093004001477,RLI,37,45,10,618.00,"6,180.00"
2020-09-30,2020093004001476,RLI,40,48,10,618.00,"6,180.00"
2020-09-30,2020093004001488,RLI,13,58,10,617.00,"6,170.00"
2020-09-30,2020093004001487,RLI,13,28,10,617.00,"6,170.00"
2020-09-30,2020093004001486,RLI,13,26,10,617.00,"6,170.00"
2020-09-30,2020093004001485,RLI,13,14,10,617.00,"6,170.00"
2020-09-30,2020093004001484,RLI,13,36,20,617.00,"12,340.00"
2020-09-30,2020093004001483,RLI,18,36,40,617.00,"24,680.00"
2020-09-30,2020093004001496,RLI,34,34,10,618.00,"6,180.00"
2020-09-30,2020093004001495,RLI,34,17,10,618.00,"6,180.00"
2020-09-30,2020093004001494,RLI,34,38,10,618.00,"6,180.00"
2020-09-30,2020093004001493,RLI,34,44,10,618.00,"6,180.00"
2020-09-30,2020093004001492,RLI,13,28,10,617.00,"6,170.00"
2020-09-30,2020093004001489,RLI,13,48,10,617.00,"6,170.00"
2020-09-30,2020093004001503,RLI,13,28,10,617.00,"6,170.00"
2020-09-30,2020093004001502,RLI,13,14,10,617.00,"6,170.00"
2020-09-30,2020093004001500,RLI,43,44,10,618.00,"6,180.00"
2020-09-30,2020093004001499,RLI,43,28,10,618.00,"6,180.00"
2020-09-30,2020093004001498,RLI,34,45,10,618.00,"6,180.00"
2020-09-30,2020093004001497,RLI,34,22,10,618.00,"6,180.00"
2020-09-30,2020093004001509,RLI,57,44,10,617.00,"6,170.00"
2020-09-30,2020093004001508,RLI,57,14,10,617.00,"6,170.00"
2020-09-30,2020093004001507,RLI,57,29,10,617.00,"6,170.00"
2020-09-30,2020093004001506,RLI,57,48,10,617.00,"6,170.00"
2020-09-30,2020093004001505,RLI,57,29,10,617.00,"6,170.00"
2020-09-30,2020093004001504,RLI,57,44,10,617.00,"6,170.00"
2020-09-30,2020093004001515,RLI,33,44,10,617.00,"6,170.00"
2020-09-30,2020093004001514,RLI,33,29,10,617.00,"6,170.00"
2020-09-30,2020093004001513,RLI,57,28,10,617.00,"6,170.00"
2020-09-30,2020093004001512,RLI,57,49,10,617.00,"6,170.00"
2020-09-30,2020093004001511,RLI,57,29,10,617.00,"6,170.00"
2020-09-30,2020093004001510,RLI,57,29,10,617.00,"6,170.00"
2020-09-30,2020093004001521,RLI,33,40,10,617.00,"6,170.00"
2020-09-30,2020093004001520,RLI,33,44,10,617.00,"6,170.00"
2020-09-30,2020093004001519,RLI,57,57,10,618.00,"6,180.00"
2020-09-30,2020093004001518,RLI,33,58,10,617.00,"6,170.00"
2020-09-30,2020093004001517,RLI,51,11,10,618.00,"6,180.00"
2020-09-30,2020093004001516,RLI,33,28,10,617.00,"6,170.00"
2020-09-30,2020093004001527,RLI,33,38,10,617.00,"6,170.00"
2020-09-30,2020093004001526,RLI,33,21,10,617.00,"6,170.00"
2020-09-30,2020093004001525,RLI,33,36,10,617.00,"6,170.00"
2020-09-30,2020093004001524,RLI,33,59,10,617.00,"6,170.00"
2020-09-30,2020093004001523,RLI,26,34,10,618.00,"6,180.00"
2020-09-30,2020093004001522,RLI,26,44,10,618.00,"6,180.00"
2020-09-30,2020093004001535,RLI,35,21,10,617.00,"6,170.00"
2020-09-30,2020093004001534,RLI,33,36,10,617.00,"6,170.00"
2020-09-30,2020093004001533,RLI,33,58,10,617.00,"6,170.00"
2020-09-30,2020093004001532,RLI,33,59,10,617.00,"6,170.00"
2020-09-30,2020093004001531,RLI,33,38,10,617.00,"6,170.00"
2020-09-30,2020093004001528,RLI,33,44,10,617.00,"6,170.00"
2020-09-30,2020093004001541,RLI,6,28,10,617.00,"6,170.00"
2020-09-30,2020093004001540,RLI,6,38,10,617.00,"6,170.00"
2020-09-30,2020093004001539,RLI,6,59,10,617.00,"6,170.00"
2020-09-30,2020093004001538,RLI,6,29,10,617.00,"6,170.00"
2020-09-30,2020093004001537,RLI,6,28,10,617.00,"6,170.00"
2020-09-30,2020093004001536,RLI,6,38,10,617.00,"6,170.00"
2020-09-30,2020093004001547,RLI,38,26,10,617.00,"6,170.00"
2020-09-30,2020093004001546,RLI,38,21,10,617.00,"6,170.00"
2020-09-30,2020093004001545,RLI,6,38,10,617.00,"6,170.00"
2020-09-30,2020093004001544,RLI,6,26,10,617.00,"6,170.00"
2020-09-30,2020093004001543,RLI,6,58,10,617.00,"6,170.00"
2020-09-30,2020093004001542,RLI,6,26,10,617.00,"6,170.00"
2020-09-30,2020093004001553,RLI,42,28,10,617.00,"6,170.00"
2020-09-30,2020093004001552,RLI,38,56,10,617.00,"6,170.00"
2020-09-30,2020093004001551,RLI,38,44,10,617.00,"6,170.00"
2020-09-30,2020093004001550,RLI,38,38,10,617.00,"6,170.00"
2020-09-30,2020093004001549,RLI,57,1,10,618.00,"6,180.00"
2020-09-30,2020093004001548,RLI,57,39,10,618.00,"6,180.00"
2020-09-30,2020093004001559,RLI,6,26,10,617.00,"6,170.00"
2020-09-30,2020093004001558,RLI,6,38,10,617.00,"6,170.00"
2020-09-30,2020093004001557,RLI,6,35,20,617.00,"12,340.00"
2020-09-30,2020093004001556,RLI,49,35,20,617.00,"12,340.00"
2020-09-30,2020093004001555,RLI,45,35,10,617.00,"6,170.00"
2020-09-30,2020093004001554,RLI,21,35,150,617.00,"92,550.00"
2020-09-30,2020093004001565,RLI,6,38,10,617.00,"6,170.00"
2020-09-30,2020093004001564,RLI,6,28,10,617.00,"6,170.00"
2020-09-30,2020093004001563,RLI,6,45,10,617.00,"6,170.00"
2020-09-30,2020093004001562,RLI,6,44,10,617.00,"6,170.00"
2020-09-30,2020093004001561,RLI,6,26,10,617.00,"6,170.00"
2020-09-30,2020093004001560,RLI,6,38,10,617.00,"6,170.00"
2020-09-30,2020093004001571,RLI,41,44,10,617.00,"6,170.00"
2020-09-30,2020093004001570,RLI,41,26,10,617.00,"6,170.00"
2020-09-30,2020093004001569,RLI,41,38,10,617.00,"6,170.00"
2020-09-30,2020093004001568,RLI,41,26,10,617.00,"6,170.00"
2020-09-30,2020093004001567,RLI,41,58,10,617.00,"6,170.00"
2020-09-30,2020093004001566,RLI,41,26,10,617.00,"6,170.00"
2020-09-30,2020093004001577,RLI,41,26,10,617.00,"6,170.00"
2020-09-30,2020093004001576,RLI,41,48,10,617.00,"6,170.00"
2020-09-30,2020093004001575,RLI,41,35,10,617.00,"6,170.00"
2020-09-30,2020093004001574,RLI,41,28,10,617.00,"6,170.00"
2020-09-30,2020093004001573,RLI,41,38,10,617.00,"6,170.00"
2020-09-30,2020093004001572,RLI,41,26,10,617.00,"6,170.00"
2020-09-30,2020093004001583,RLI,41,52,10,617.00,"6,170.00"
2020-09-30,2020093004001582,RLI,41,21,10,617.00,"6,170.00"
2020-09-30,2020093004001581,RLI,41,26,10,617.00,"6,170.00"
2020-09-30,2020093004001580,RLI,41,48,10,617.00,"6,170.00"
2020-09-30,2020093004001579,RLI,41,38,10,617.00,"6,170.00"
2020-09-30,2020093004001578,RLI,41,26,10,617.00,"6,170.00"
2020-09-30,2020093004001589,RLI,41,56,10,617.00,"6,170.00"
2020-09-30,2020093004001588,RLI,41,48,10,617.00,"6,170.00"
2020-09-30,2020093004001587,RLI,41,38,10,617.00,"6,170.00"
2020-09-30,2020093004001586,RLI,41,29,10,617.00,"6,170.00"
2020-09-30,2020093004001585,RLI,41,26,10,617.00,"6,170.00"
2020-09-30,2020093004001584,RLI,41,38,10,617.00,"6,170.00"
2020-09-30,2020093004001595,RLI,41,44,10,617.00,"6,170.00"
2020-09-30,2020093004001594,RLI,41,38,10,617.00,"6,170.00"
2020-09-30,2020093004001593,RLI,41,44,10,617.00,"6,170.00"
2020-09-30,2020093004001592,RLI,41,38,10,617.00,"6,170.00"
2020-09-30,2020093004001591,RLI,41,28,10,617.00,"6,170.00"
2020-09-30,2020093004001590,RLI,41,43,10,617.00,"6,170.00"
2020-09-30,2020093004001602,RLI,34,58,10,618.00,"6,180.00"
2020-09-30,2020093004001600,RLI,41,56,10,617.00,"6,170.00"
2020-09-30,2020093004001599,RLI,41,38,10,617.00,"6,170.00"
2020-09-30,2020093004001598,RLI,41,44,10,617.00,"6,170.00"
2020-09-30,2020093004001597,RLI,41,28,10,617.00,"6,170.00"
2020-09-30,2020093004001596,RLI,41,38,10,617.00,"6,170.00"
2020-09-30,2020093004001608,RLI,34,44,10,618.00,"6,180.00"
2020-09-30,2020093004001607,RLI,34,6,10,618.00,"6,180.00"
2020-09-30,2020093004001606,RLI,34,48,10,618.00,"6,180.00"
2020-09-30,2020093004001605,RLI,34,58,10,618.00,"6,180.00"
2020-09-30,2020093004001604,RLI,34,38,10,618.00,"6,180.00"
2020-09-30,2020093004001603,RLI,34,44,10,618.00,"6,180.00"
2020-09-30,2020093004001614,RLI,34,25,10,618.00,"6,180.00"
2020-09-30,2020093004001613,RLI,34,52,10,618.00,"6,180.00"
2020-09-30,2020093004001612,RLI,34,58,10,618.00,"6,180.00"
2020-09-30,2020093004001611,RLI,34,48,10,618.00,"6,180.00"
2020-09-30,2020093004001610,RLI,34,56,10,618.00,"6,180.00"
2020-09-30,2020093004001609,RLI,34,58,10,618.00,"6,180.00"
2020-09-30,2020093004001620,RLI,34,56,10,618.00,"6,180.00"
2020-09-30,2020093004001619,RLI,34,52,10,618.00,"6,180.00"
2020-09-30,2020093004001618,RLI,34,57,10,618.00,"6,180.00"
2020-09-30,2020093004001617,RLI,34,48,10,618.00,"6,180.00"
2020-09-30,2020093004001616,RLI,6,26,10,619.00,"6,190.00"
2020-09-30,2020093004001615,RLI,34,44,10,618.00,"6,180.00"
2020-09-30,2020093004001626,RLI,34,56,10,618.00,"6,180.00"
2020-09-30,2020093004001625,RLI,34,21,10,618.00,"6,180.00"
2020-09-30,2020093004001624,RLI,34,58,10,618.00,"6,180.00"
2020-09-30,2020093004001623,RLI,34,58,10,618.00,"6,180.00"
2020-09-30,2020093004001622,RLI,34,28,10,618.00,"6,180.00"
2020-09-30,2020093004001621,RLI,34,44,10,618.00,"6,180.00"
2020-09-30,2020093004001632,RLI,34,28,10,618.00,"6,180.00"
2020-09-30,2020093004001631,RLI,34,29,10,618.00,"6,180.00"
2020-09-30,2020093004001630,RLI,34,6,10,618.00,"6,180.00"
2020-09-30,2020093004001629,RLI,34,14,10,618.00,"6,180.00"
2020-09-30,2020093004001628,RLI,34,52,10,618.00,"6,180.00"
2020-09-30,2020093004001627,RLI,34,28,10,618.00,"6,180.00"
2020-09-30,2020093004001638,RLI,34,11,10,618.00,"6,180.00"
2020-09-30,2020093004001637,RLI,34,28,10,618.00,"6,180.00"
2020-09-30,2020093004001636,RLI,34,58,10,618.00,"6,180.00"
2020-09-30,2020093004001635,RLI,34,42,10,618.00,"6,180.00"
2020-09-30,2020093004001634,RLI,34,45,10,618.00,"6,180.00"
2020-09-30,2020093004001633,RLI,34,58,10,618.00,"6,180.00"
2020-09-30,2020093004001645,RLI,34,57,10,618.00,"6,180.00"
2020-09-30,2020093004001644,RLI,34,42,10,618.00,"6,180.00"
2020-09-30,2020093004001643,RLI,34,45,10,618.00,"6,180.00"
2020-09-30,2020093004001642,RLI,34,21,10,618.00,"6,180.00"
2020-09-30,2020093004001640,RLI,34,45,10,618.00,"6,180.00"
2020-09-30,2020093004001639,RLI,34,28,10,618.00,"6,180.00"
2020-09-30,2020093004001652,RLI,34,38,10,618.00,"6,180.00"
2020-09-30,2020093004001651,RLI,34,21,10,618.00,"6,180.00"
2020-09-30,2020093004001650,RLI,34,35,10,618.00,"6,180.00"
2020-09-30,2020093004001648,RLI,34,45,10,618.00,"6,180.00"
2020-09-30,2020093004001647,RLI,34,21,10,618.00,"6,180.00"
2020-09-30,2020093004001646,RLI,34,28,10,618.00,"6,180.00"
2020-09-30,2020093004001659,RLI,47,38,10,618.00,"6,180.00"
2020-09-30,2020093004001658,RLI,47,38,10,618.00,"6,180.00"
2020-09-30,2020093004001657,RLI,49,38,10,618.00,"6,180.00"
2020-09-30,2020093004001656,RLI,49,38,10,618.00,"6,180.00"
2020-09-30,2020093004001654,RLI,34,38,10,618.00,"6,180.00"
2020-09-30,2020093004001653,RLI,34,21,10,618.00,"6,180.00"
2020-09-30,2020093004001665,RLI,41,38,10,617.00,"6,170.00"
2020-09-30,2020093004001664,RLI,41,43,10,617.00,"6,170.00"
2020-09-30,2020093004001663,RLI,41,28,10,617.00,"6,170.00"
2020-09-30,2020093004001662,RLI,41,21,10,617.00,"6,170.00"
2020-09-30,2020093004001661,RLI,41,44,10,617.00,"6,170.00"
2020-09-30,2020093004001660,RLI,47,43,10,618.00,"6,180.00"
2020-09-30,2020093004001673,RLI,41,38,10,617.00,"6,170.00"
2020-09-30,2020093004001671,RLI,41,28,10,617.00,"6,170.00"
2020-09-30,2020093004001670,RLI,41,38,10,617.00,"6,170.00"
2020-09-30,2020093004001669,RLI,41,43,10,617.00,"6,170.00"
2020-09-30,2020093004001668,RLI,41,38,10,617.00,"6,170.00"
2020-09-30,2020093004001666,RLI,41,42,10,617.00,"6,170.00"
2020-09-30,2020093004001679,RLI,54,43,10,617.00,"6,170.00"
2020-09-30,2020093004001678,RLI,54,42,10,617.00,"6,170.00"
2020-09-30,2020093004001677,RLI,41,38,10,617.00,"6,170.00"
2020-09-30,2020093004001676,RLI,41,42,10,617.00,"6,170.00"
2020-09-30,2020093004001675,RLI,41,21,10,617.00,"6,170.00"
2020-09-30,2020093004001674,RLI,41,38,10,617.00,"6,170.00"
2020-09-30,2020093004001686,RLI,43,44,10,617.00,"6,170.00"
2020-09-30,2020093004001685,RLI,43,43,10,617.00,"6,170.00"
2020-09-30,2020093004001684,RLI,43,58,10,617.00,"6,170.00"
2020-09-30,2020093004001682,RLI,54,43,10,617.00,"6,170.00"
2020-09-30,2020093004001681,RLI,54,17,10,617.00,"6,170.00"
2020-09-30,2020093004001680,RLI,54,58,10,617.00,"6,170.00"
2020-09-30,2020093004001692,RLI,22,16,12,617.00,"7,404.00"
2020-09-30,2020093004001691,RLI,28,16,50,617.00,"30,850.00"
2020-09-30,2020093004001690,RLI,43,16,50,617.00,"30,850.00"
2020-09-30,2020093004001689,RLI,21,16,55,617.00,"33,935.00"
2020-09-30,2020093004001688,RLI,43,58,10,617.00,"6,170.00"
2020-09-30,2020093004001687,RLI,43,49,10,617.00,"6,170.00"
2020-09-30,2020093004001698,RLI,45,35,10,617.00,"6,170.00"
2020-09-30,2020093004001697,RLI,45,41,10,617.00,"6,170.00"
2020-09-30,2020093004001696,RLI,45,28,10,617.00,"6,170.00"
2020-09-30,2020093004001695,RLI,45,28,10,617.00,"6,170.00"
2020-09-30,2020093004001694,RLI,45,43,10,617.00,"6,170.00"
2020-09-30,2020093004001693,RLI,45,16,33,617.00,"20,361.00"
2020-09-30,2020093004001705,RLI,5,21,10,618.00,"6,180.00"
2020-09-30,2020093004001704,RLI,5,22,10,618.00,"6,180.00"
2020-09-30,2020093004001703,RLI,5,21,10,618.00,"6,180.00"
2020-09-30,2020093004001702,RLI,5,38,10,618.00,"6,180.00"
2020-09-30,2020093004001701,RLI,5,21,10,618.00,"6,180.00"
2020-09-30,2020093004001700,RLI,45,28,10,617.00,"6,170.00"
2020-09-30,2020093004001713,RLI,33,38,10,617.00,"6,170.00"
2020-09-30,2020093004001712,RLI,33,28,10,617.00,"6,170.00"
2020-09-30,2020093004001711,RLI,33,38,10,617.00,"6,170.00"
2020-09-30,2020093004001710,RLI,33,38,10,617.00,"6,170.00"
2020-09-30,2020093004001707,RLI,33,44,10,617.00,"6,170.00"
2020-09-30,2020093004001706,RLI,33,59,10,617.00,"6,170.00"
2020-09-30,2020093004001719,RLI,41,21,10,618.00,"6,180.00"
2020-09-30,2020093004001718,RLI,41,58,10,618.00,"6,180.00"
2020-09-30,2020093004001717,RLI,41,21,10,618.00,"6,180.00"
2020-09-30,2020093004001716,RLI,41,21,10,618.00,"6,180.00"
2020-09-30,2020093004001715,RLI,41,21,10,618.00,"6,180.00"
2020-09-30,2020093004001714,RLI,33,28,10,617.00,"6,170.00"
2020-09-30,2020093004001725,RLI,41,38,10,618.00,"6,180.00"
2020-09-30,2020093004001724,RLI,41,25,10,618.00,"6,180.00"
2020-09-30,2020093004001723,RLI,41,59,10,618.00,"6,180.00"
2020-09-30,2020093004001722,RLI,41,25,10,618.00,"6,180.00"
2020-09-30,2020093004001721,RLI,41,42,10,618.00,"6,180.00"
2020-09-30,2020093004001720,RLI,41,21,10,618.00,"6,180.00"
2020-09-30,2020093004001731,RLI,35,17,10,618.00,"6,180.00"
2020-09-30,2020093004001730,RLI,35,59,10,618.00,"6,180.00"
2020-09-30,2020093004001729,RLI,35,13,10,618.00,"6,180.00"
2020-09-30,2020093004001728,RLI,35,38,10,618.00,"6,180.00"
2020-09-30,2020093004001727,RLI,57,38,10,618.00,"6,180.00"
2020-09-30,2020093004001726,RLI,41,29,10,618.00,"6,180.00"
2020-09-30,2020093004001737,RLI,58,13,10,618.00,"6,180.00"
2020-09-30,2020093004001736,RLI,59,38,10,618.00,"6,180.00"
2020-09-30,2020093004001735,RLI,59,21,10,618.00,"6,180.00"
2020-09-30,2020093004001734,RLI,59,3,10,618.00,"6,180.00"
2020-09-30,2020093004001733,RLI,59,21,10,618.00,"6,180.00"
2020-09-30,2020093004001732,RLI,59,13,10,618.00,"6,180.00"
2020-09-30,2020093004001743,RLI,58,21,10,618.00,"6,180.00"
2020-09-30,2020093004001742,RLI,58,21,10,618.00,"6,180.00"
2020-09-30,2020093004001741,RLI,58,13,10,618.00,"6,180.00"
2020-09-30,2020093004001740,RLI,58,38,10,618.00,"6,180.00"
2020-09-30,2020093004001739,RLI,58,28,10,618.00,"6,180.00"
2020-09-30,2020093004001738,RLI,58,38,10,618.00,"6,180.00"
2020-09-30,2020093004001749,RLI,33,52,10,617.00,"6,170.00"
2020-09-30,2020093004001748,RLI,33,21,10,617.00,"6,170.00"
2020-09-30,2020093004001747,RLI,33,28,10,617.00,"6,170.00"
2020-09-30,2020093004001746,RLI,58,28,10,618.00,"6,180.00"
2020-09-30,2020093004001745,RLI,58,44,10,618.00,"6,180.00"
2020-09-30,2020093004001744,RLI,58,13,10,618.00,"6,180.00"
2020-09-30,2020093004001755,RLI,36,21,10,618.00,"6,180.00"
2020-09-30,2020093004001754,RLI,36,52,10,618.00,"6,180.00"
2020-09-30,2020093004001753,RLI,36,21,10,618.00,"6,180.00"
2020-09-30,2020093004001752,RLI,36,21,10,618.00,"6,180.00"
2020-09-30,2020093004001751,RLI,33,21,10,617.00,"6,170.00"
2020-09-30,2020093004001750,RLI,33,58,10,617.00,"6,170.00"
2020-09-30,2020093004001762,RLI,36,52,10,618.00,"6,180.00"
2020-09-30,2020093004001761,RLI,36,28,10,618.00,"6,180.00"
2020-09-30,2020093004001760,RLI,36,52,10,618.00,"6,180.00"
2020-09-30,2020093004001759,RLI,36,21,10,618.00,"6,180.00"
2020-09-30,2020093004001757,RLI,36,21,10,618.00,"6,180.00"
2020-09-30,2020093004001756,RLI,36,28,10,618.00,"6,180.00"
2020-09-30,2020093004001768,RLI,55,49,10,618.00,"6,180.00"
2020-09-30,2020093004001767,RLI,36,44,10,618.00,"6,180.00"
2020-09-30,2020093004001766,RLI,36,21,10,618.00,"6,180.00"
2020-09-30,2020093004001765,RLI,36,49,10,618.00,"6,180.00"
2020-09-30,2020093004001764,RLI,36,21,10,618.00,"6,180.00"
2020-09-30,2020093004001763,RLI,36,28,10,618.00,"6,180.00"
2020-09-30,2020093004001777,RLI,44,38,10,618.00,"6,180.00"
2020-09-30,2020093004001776,RLI,44,29,10,618.00,"6,180.00"
2020-09-30,2020093004001772,RLI,55,8,10,618.00,"6,180.00"
2020-09-30,2020093004001771,RLI,55,38,10,618.00,"6,180.00"
2020-09-30,2020093004001770,RLI,55,14,10,618.00,"6,180.00"
2020-09-30,2020093004001769,RLI,55,28,10,618.00,"6,180.00"
2020-09-30,2020093004001783,RLI,1,36,10,618.00,"6,180.00"
2020-09-30,2020093004001782,RLI,1,41,10,618.00,"6,180.00"
2020-09-30,2020093004001781,RLI,1,38,10,618.00,"6,180.00"
2020-09-30,2020093004001780,RLI,44,21,10,618.00,"6,180.00"
2020-09-30,2020093004001779,RLI,44,42,10,618.00,"6,180.00"
2020-09-30,2020093004001778,RLI,44,38,10,618.00,"6,180.00"
2020-09-30,2020093004001789,RLI,49,58,10,618.00,"6,180.00"
2020-09-30,2020093004001788,RLI,49,38,10,618.00,"6,180.00"
2020-09-30,2020093004001787,RLI,49,28,10,618.00,"6,180.00"
2020-09-30,2020093004001786,RLI,49,35,10,618.00,"6,180.00"
2020-09-30,2020093004001785,RLI,1,52,10,618.00,"6,180.00"
2020-09-30,2020093004001784,RLI,1,38,10,618.00,"6,180.00"
2020-09-30,2020093004001796,RLI,49,25,10,618.00,"6,180.00"
2020-09-30,2020093004001794,RLI,49,21,10,618.00,"6,180.00"
2020-09-30,2020093004001793,RLI,49,52,10,618.00,"6,180.00"
2020-09-30,2020093004001792,RLI,49,58,10,618.00,"6,180.00"
2020-09-30,2020093004001791,RLI,49,38,10,618.00,"6,180.00"
2020-09-30,2020093004001790,RLI,49,52,10,618.00,"6,180.00"
2020-09-30,2020093004001802,RLI,49,17,10,618.00,"6,180.00"
2020-09-30,2020093004001801,RLI,49,21,10,618.00,"6,180.00"
2020-09-30,2020093004001800,RLI,49,42,10,618.00,"6,180.00"
2020-09-30,2020093004001799,RLI,42,53,10,619.00,"6,190.00"
2020-09-30,2020093004001798,RLI,49,52,10,618.00,"6,180.00"
2020-09-30,2020093004001797,RLI,49,58,10,618.00,"6,180.00"
2020-09-30,2020093004001808,RLI,28,58,10,618.00,"6,180.00"
2020-09-30,2020093004001807,RLI,28,52,10,618.00,"6,180.00"
2020-09-30,2020093004001806,RLI,28,43,20,618.00,"12,360.00"
2020-09-30,2020093004001805,RLI,52,43,10,618.00,"6,180.00"
2020-09-30,2020093004001804,RLI,50,43,10,618.00,"6,180.00"
2020-09-30,2020093004001803,RLI,49,43,50,618.00,"30,900.00"
2020-09-30,2020093004001815,RLI,28,38,10,618.00,"6,180.00"
2020-09-30,2020093004001813,RLI,28,17,10,618.00,"6,180.00"
2020-09-30,2020093004001812,RLI,28,19,10,618.00,"6,180.00"
2020-09-30,2020093004001811,RLI,28,52,10,618.00,"6,180.00"
2020-09-30,2020093004001810,RLI,28,34,10,618.00,"6,180.00"
2020-09-30,2020093004001809,RLI,28,17,10,618.00,"6,180.00"
2020-09-30,2020093004001821,RLI,1,17,10,618.00,"6,180.00"
2020-09-30,2020093004001820,RLI,1,38,10,618.00,"6,180.00"
2020-09-30,2020093004001819,RLI,1,19,10,618.00,"6,180.00"
2020-09-30,2020093004001818,RLI,1,21,10,618.00,"6,180.00"
2020-09-30,2020093004001817,RLI,1,56,10,618.00,"6,180.00"
2020-09-30,2020093004001816,RLI,1,17,10,618.00,"6,180.00"
2020-09-30,2020093004001827,RLI,1,51,10,619.00,"6,190.00"
2020-09-30,2020093004001826,RLI,1,58,10,618.00,"6,180.00"
2020-09-30,2020093004001825,RLI,1,17,10,618.00,"6,180.00"
2020-09-30,2020093004001824,RLI,1,38,10,618.00,"6,180.00"
2020-09-30,2020093004001823,RLI,1,56,10,618.00,"6,180.00"
2020-09-30,2020093004001822,RLI,1,52,10,618.00,"6,180.00"
2020-09-30,2020093004001833,RLI,1,51,10,619.00,"6,190.00"
2020-09-30,2020093004001832,RLI,1,42,20,619.00,"12,380.00"
2020-09-30,2020093004001831,RLI,1,34,10,619.00,"6,190.00"
2020-09-30,2020093004001830,RLI,1,51,10,619.00,"6,190.00"
2020-09-30,2020093004001829,RLI,1,58,10,619.00,"6,190.00"
2020-09-30,2020093004001828,RLI,1,51,10,619.00,"6,190.00"
2020-09-30,2020093004001839,RLI,1,38,10,618.00,"6,180.00"
2020-09-30,2020093004001838,RLI,1,46,10,618.00,"6,180.00"
2020-09-30,2020093004001837,RLI,1,19,10,618.00,"6,180.00"
2020-09-30,2020093004001836,RLI,1,56,10,618.00,"6,180.00"
2020-09-30,2020093004001835,RLI,1,51,10,619.00,"6,190.00"
2020-09-30,2020093004001834,RLI,1,51,10,619.00,"6,190.00"
2020-09-30,2020093004001845,RLI,56,38,10,618.00,"6,180.00"
2020-09-30,2020093004001844,RLI,1,56,10,618.00,"6,180.00"
2020-09-30,2020093004001843,RLI,1,19,10,618.00,"6,180.00"
2020-09-30,2020093004001842,RLI,1,52,10,618.00,"6,180.00"
2020-09-30,2020093004001841,RLI,1,41,10,618.00,"6,180.00"
2020-09-30,2020093004001840,RLI,1,56,10,618.00,"6,180.00"
2020-09-30,2020093004001852,RLI,56,45,10,618.00,"6,180.00"
2020-09-30,2020093004001851,RLI,56,41,10,618.00,"6,180.00"
2020-09-30,2020093004001850,RLI,56,52,10,618.00,"6,180.00"
2020-09-30,2020093004001849,RLI,56,41,10,618.00,"6,180.00"
2020-09-30,2020093004001847,RLI,56,56,10,618.00,"6,180.00"
2020-09-30,2020093004001846,RLI,56,21,10,618.00,"6,180.00"
2020-09-30,2020093004001858,RLI,3,57,10,619.00,"6,190.00"
2020-09-30,2020093004001857,RLI,3,34,10,619.00,"6,190.00"
2020-09-30,2020093004001856,RLI,3,34,10,619.00,"6,190.00"
2020-09-30,2020093004001855,RLI,3,34,10,619.00,"6,190.00"
2020-09-30,2020093004001854,RLI,56,51,10,618.00,"6,180.00"
2020-09-30,2020093004001853,RLI,56,52,10,618.00,"6,180.00"
2020-09-30,2020093004001864,RLI,36,21,10,619.00,"6,190.00"
2020-09-30,2020093004001863,RLI,3,52,10,619.00,"6,190.00"
2020-09-30,2020093004001862,RLI,3,13,10,619.00,"6,190.00"
2020-09-30,2020093004001861,RLI,3,28,10,619.00,"6,190.00"
2020-09-30,2020093004001860,RLI,3,3,10,619.00,"6,190.00"
2020-09-30,2020093004001859,RLI,3,49,10,619.00,"6,190.00"
2020-09-30,2020093004001871,RLI,33,45,10,617.00,"6,170.00"
2020-09-30,2020093004001870,RLI,33,52,10,617.00,"6,170.00"
2020-09-30,2020093004001869,RLI,33,38,10,617.00,"6,170.00"
2020-09-30,2020093004001868,RLI,33,49,10,617.00,"6,170.00"
2020-09-30,2020093004001867,RLI,33,13,10,617.00,"6,170.00"
2020-09-30,2020093004001865,RLI,56,59,10,618.00,"6,180.00"
2020-09-30,2020093004001877,RLI,33,58,10,617.00,"6,170.00"
2020-09-30,2020093004001876,RLI,33,49,10,617.00,"6,170.00"
2020-09-30,2020093004001875,RLI,33,1,10,617.00,"6,170.00"
2020-09-30,2020093004001874,RLI,33,48,10,617.00,"6,170.00"
2020-09-30,2020093004001873,RLI,33,16,10,617.00,"6,170.00"
2020-09-30,2020093004001872,RLI,33,52,10,617.00,"6,170.00"
2020-09-30,2020093004001883,RLI,33,26,10,617.00,"6,170.00"
2020-09-30,2020093004001882,RLI,33,16,10,617.00,"6,170.00"
2020-09-30,2020093004001881,RLI,33,52,10,617.00,"6,170.00"
2020-09-30,2020093004001880,RLI,33,39,10,617.00,"6,170.00"
2020-09-30,2020093004001879,RLI,33,28,10,617.00,"6,170.00"
2020-09-30,2020093004001878,RLI,33,16,10,617.00,"6,170.00"
2020-09-30,2020093004001889,RLI,33,52,10,617.00,"6,170.00"
2020-09-30,2020093004001888,RLI,33,21,10,617.00,"6,170.00"
2020-09-30,2020093004001887,RLI,33,39,10,617.00,"6,170.00"
2020-09-30,2020093004001886,RLI,33,28,10,617.00,"6,170.00"
2020-09-30,2020093004001885,RLI,25,49,10,618.00,"6,180.00"
2020-09-30,2020093004001884,RLI,33,39,10,617.00,"6,170.00"
2020-09-30,2020093004001895,RLI,19,51,10,618.00,"6,180.00"
2020-09-30,2020093004001894,RLI,19,58,10,618.00,"6,180.00"
2020-09-30,2020093004001893,RLI,19,47,10,618.00,"6,180.00"
2020-09-30,2020093004001892,RLI,33,50,10,617.00,"6,170.00"
2020-09-30,2020093004001891,RLI,33,49,10,617.00,"6,170.00"
2020-09-30,2020093004001890,RLI,33,39,10,617.00,"6,170.00"
2020-09-30,2020093004001901,RLI,33,3,10,617.00,"6,170.00"
2020-09-30,2020093004001900,RLI,33,38,10,617.00,"6,170.00"
2020-09-30,2020093004001899,RLI,33,41,10,617.00,"6,170.00"
2020-09-30,2020093004001898,RLI,33,52,10,617.00,"6,170.00"
2020-09-30,2020093004001897,RLI,33,49,10,617.00,"6,170.00"
2020-09-30,2020093004001896,RLI,33,1,10,617.00,"6,170.00"
2020-09-30,2020093004001795,SAEF,45,42,250,10.38,"2,595.00"
2020-09-30,2020093004001775,SAEF,7,6,500,10.42,"5,210.00"
2020-09-30,2020093004001774,SAEF,7,34,700,10.42,"7,294.00"
2020-09-30,2020093004001773,SAEF,7,45,500,10.40,"5,200.00"
2020-09-30,2020093004001758,SAEF,45,42,500,10.38,"5,190.00"
2020-09-30,2020093004001683,SAEF,7,42,500,10.40,"5,200.00"
2020-09-30,2020093004001655,SAEF,45,34,500,10.38,"5,190.00"
2020-09-30,2020093004001501,SAEF,45,58,100,10.38,"1,038.00"
2020-09-30,2020093004001480,SAEF,45,32,"2,000",10.38,"20,760.00"
2020-09-30,2020093004001491,STC,56,19,20,"3,405.00","68,100.00"
2020-09-30,2020093004001490,STC,28,19,20,"3,407.00","68,140.00"
2020-09-30,2020093004001419,STC,59,55,30,"3,408.00","102,240.00"
2020-09-30,2020093004001418,STC,33,55,10,"3,409.00","34,090.00"
2020-09-30,2020093004001232,CMF1,7,22,"20,000",11.30,"226,000.00"
2020-09-30,2020093004001177,CMF1,7,17,"5,000",11.29,"56,450.00"
2020-09-30,2020093004001176,CMF1,7,35,"2,600",11.29,"29,354.00"
2020-09-30,2020093004001097,CMF1,8,17,"5,000",11.22,"56,100.00"
2020-09-30,2020093004001083,CMF1,8,50,500,11.22,"5,610.00"
2020-09-30,2020093004000993,CMF1,45,35,100,11.29,"1,129.00"
2020-09-30,2020093004001379,GIMES1,34,7,"1,000",9.20,"9,200.00"
2020-09-30,2020093004001294,LEMF,45,39,500,8.72,"4,360.00"
2020-09-30,2020093004001245,LEMF,45,45,"2,000",8.65,"17,300.00"
2020-09-30,2020093004001211,LUK,26,6,100,8.75,875.00
2020-09-30,2020093004001161,LUK,26,55,300,8.74,"2,622.00"
2020-09-30,2020093004001255,NEF,45,43,"4,000",8.89,"35,560.00"
2020-09-30,2020093004001254,NEF,45,57,241,8.89,"2,142.49"
2020-09-30,2020093004000949,NIBPO,6,49,"1,000",360.00,"360,000.00"
2020-09-30,2020093004001168,NIBSF1,52,7,"5,000",9.47,"47,350.00"
2020-09-30,2020093004001145,NIBSF1,45,7,"5,000",9.45,"47,250.00"
2020-09-30,2020093004000957,NIBSF1,52,7,"5,000",9.48,"47,400.00"
2020-09-30,2020093004001089,NICGF,35,50,500,9.20,"4,600.00"
2020-09-30,2020093004001073,NICGF,35,49,500,9.20,"4,600.00"
2020-09-30,2020093004001165,NMB50,45,10,"4,200",9.35,"39,270.00"
2020-09-30,2020093004001236,RBCLPO,54,26,50,"9,976.00","498,800.00"
2020-09-30,2020093004001091,RBCLPO,17,26,20,"9,975.00","199,500.00"
2020-09-30,2020093004001081,RBCLPO,44,26,30,"9,980.00","299,400.00"
2020-09-30,2020093004001080,RBCLPO,26,26,20,"9,985.00","199,700.00"
2020-09-30,2020093004001079,RBCLPO,40,26,30,"9,990.00","299,700.00"
2020-09-30,2020093004001078,RBCLPO,40,26,30,"9,990.00","299,700.00"
2020-09-30,2020093004001407,RLI,33,39,10,618.00,"6,180.00"
2020-09-30,2020093004001406,RLI,33,21,10,618.00,"6,180.00"
2020-09-30,2020093004001405,RLI,33,39,10,618.00,"6,180.00"
2020-09-30,2020093004001404,RLI,33,21,10,618.00,"6,180.00"
2020-09-30,2020093004001403,RLI,33,38,10,618.00,"6,180.00"
2020-09-30,2020093004001402,RLI,42,28,10,618.00,"6,180.00"
2020-09-30,2020093004000908,RLI,47,41,10,620.00,"6,200.00"
2020-09-30,2020093004000914,RLI,47,58,10,620.00,"6,200.00"
2020-09-30,2020093004000913,RLI,47,41,10,620.00,"6,200.00"
2020-09-30,2020093004000912,RLI,47,21,10,620.00,"6,200.00"
2020-09-30,2020093004000911,RLI,47,38,10,620.00,"6,200.00"
2020-09-30,2020093004000910,RLI,47,21,10,620.00,"6,200.00"
2020-09-30,2020093004000909,RLI,45,42,20,621.00,"12,420.00"
2020-09-30,2020093004000920,RLI,57,14,10,620.00,"6,200.00"
2020-09-30,2020093004000919,RLI,57,34,10,620.00,"6,200.00"
2020-09-30,2020093004000918,RLI,57,21,10,620.00,"6,200.00"
2020-09-30,2020093004000917,RLI,35,40,10,620.00,"6,200.00"
2020-09-30,2020093004000916,RLI,47,42,10,620.00,"6,200.00"
2020-09-30,2020093004000915,RLI,47,51,10,620.00,"6,200.00"
2020-09-30,2020093004000926,RLI,57,38,10,620.00,"6,200.00"
2020-09-30,2020093004000925,RLI,57,28,10,620.00,"6,200.00"
2020-09-30,2020093004000924,RLI,57,47,10,620.00,"6,200.00"
2020-09-30,2020093004000923,RLI,57,44,10,620.00,"6,200.00"
2020-09-30,2020093004000922,RLI,57,21,10,620.00,"6,200.00"
2020-09-30,2020093004000921,RLI,57,40,10,620.00,"6,200.00"
2020-09-30,2020093004000932,RLI,54,47,10,620.00,"6,200.00"
2020-09-30,2020093004000931,RLI,50,25,10,620.00,"6,200.00"
2020-09-30,2020093004000930,RLI,50,40,10,620.00,"6,200.00"
2020-09-30,2020093004000929,RLI,50,21,10,620.00,"6,200.00"
2020-09-30,2020093004000928,RLI,50,35,10,620.00,"6,200.00"
2020-09-30,2020093004000927,RLI,50,21,10,620.00,"6,200.00"
2020-09-30,2020093004000938,RLI,54,7,10,620.00,"6,200.00"
2020-09-30,2020093004000937,RLI,54,40,10,620.00,"6,200.00"
2020-09-30,2020093004000936,RLI,54,45,10,620.00,"6,200.00"
2020-09-30,2020093004000935,RLI,54,7,10,620.00,"6,200.00"
2020-09-30,2020093004000934,RLI,54,42,10,620.00,"6,200.00"
2020-09-30,2020093004000933,RLI,54,59,10,620.00,"6,200.00"
2020-09-30,2020093004000944,RLI,54,45,10,620.00,"6,200.00"
2020-09-30,2020093004000943,RLI,54,21,10,620.00,"6,200.00"
2020-09-30,2020093004000942,RLI,54,7,10,620.00,"6,200.00"
2020-09-30,2020093004000941,RLI,54,52,10,620.00,"6,200.00"
2020-09-30,2020093004000940,RLI,54,56,10,620.00,"6,200.00"
2020-09-30,2020093004000939,RLI,54,4,10,620.00,"6,200.00"
2020-09-30,2020093004000951,RLI,54,5,10,620.00,"6,200.00"
2020-09-30,2020093004000950,RLI,54,45,10,620.00,"6,200.00"
2020-09-30,2020093004000948,RLI,54,7,10,620.00,"6,200.00"
2020-09-30,2020093004000947,RLI,54,40,10,620.00,"6,200.00"
2020-09-30,2020093004000946,RLI,54,20,10,620.00,"6,200.00"
2020-09-30,2020093004000945,RLI,54,59,10,620.00,"6,200.00"
2020-09-30,2020093004000958,RLI,22,7,10,619.00,"6,190.00"
2020-09-30,2020093004000956,RLI,22,26,10,619.00,"6,190.00"
2020-09-30,2020093004000955,RLI,22,35,10,619.00,"6,190.00"
2020-09-30,2020093004000954,RLI,22,7,10,619.00,"6,190.00"
2020-09-30,2020093004000953,RLI,26,17,10,620.00,"6,200.00"
2020-09-30,2020093004000952,RLI,54,48,10,620.00,"6,200.00"
2020-09-30,2020093004000964,RLI,53,26,10,619.00,"6,190.00"
2020-09-30,2020093004000963,RLI,53,45,10,619.00,"6,190.00"
2020-09-30,2020093004000962,RLI,14,17,10,619.00,"6,190.00"
2020-09-30,2020093004000961,RLI,14,26,10,619.00,"6,190.00"
2020-09-30,2020093004000960,RLI,11,51,10,620.00,"6,200.00"
2020-09-30,2020093004000959,RLI,22,40,10,619.00,"6,190.00"
2020-09-30,2020093004000970,RLI,49,20,10,620.00,"6,200.00"
2020-09-30,2020093004000969,RLI,49,59,10,620.00,"6,200.00"
2020-09-30,2020093004000968,RLI,49,48,10,620.00,"6,200.00"
2020-09-30,2020093004000967,RLI,49,4,10,620.00,"6,200.00"
2020-09-30,2020093004000966,RLI,49,48,10,620.00,"6,200.00"
2020-09-30,2020093004000965,RLI,53,59,10,619.00,"6,190.00"
2020-09-30,2020093004000976,RLI,49,40,10,620.00,"6,200.00"
2020-09-30,2020093004000975,RLI,49,25,10,620.00,"6,200.00"
2020-09-30,2020093004000974,RLI,49,45,10,620.00,"6,200.00"
2020-09-30,2020093004000973,RLI,49,51,10,620.00,"6,200.00"
2020-09-30,2020093004000972,RLI,49,21,10,620.00,"6,200.00"
2020-09-30,2020093004000971,RLI,49,40,10,620.00,"6,200.00"
2020-09-30,2020093004000982,RLI,49,14,10,620.00,"6,200.00"
2020-09-30,2020093004000981,RLI,49,47,10,620.00,"6,200.00"
2020-09-30,2020093004000980,RLI,49,37,10,620.00,"6,200.00"
2020-09-30,2020093004000979,RLI,49,8,10,620.00,"6,200.00"
2020-09-30,2020093004000978,RLI,49,41,10,620.00,"6,200.00"
2020-09-30,2020093004000977,RLI,49,52,10,620.00,"6,200.00"
2020-09-30,2020093004000988,RLI,49,40,10,620.00,"6,200.00"
2020-09-30,2020093004000987,RLI,49,52,10,620.00,"6,200.00"
2020-09-30,2020093004000986,RLI,49,47,10,620.00,"6,200.00"
2020-09-30,2020093004000985,RLI,49,57,100,620.00,"62,000.00"
2020-09-30,2020093004000984,RLI,49,38,10,620.00,"6,200.00"
2020-09-30,2020093004000983,RLI,49,21,10,620.00,"6,200.00"
2020-09-30,2020093004000995,RLI,49,14,10,620.00,"6,200.00"
2020-09-30,2020093004000994,RLI,57,42,100,621.00,"62,100.00"
2020-09-30,2020093004000992,RLI,49,25,10,620.00,"6,200.00"
2020-09-30,2020093004000991,RLI,49,40,10,620.00,"6,200.00"
2020-09-30,2020093004000990,RLI,49,14,10,620.00,"6,200.00"
2020-09-30,2020093004000989,RLI,49,38,10,620.00,"6,200.00"
2020-09-30,2020093004001001,RLI,49,39,10,620.00,"6,200.00"
2020-09-30,2020093004001000,RLI,49,52,10,620.00,"6,200.00"
2020-09-30,2020093004000999,RLI,49,21,10,620.00,"6,200.00"
2020-09-30,2020093004000998,RLI,49,14,10,620.00,"6,200.00"
2020-09-30,2020093004000997,RLI,49,52,10,620.00,"6,200.00"
2020-09-30,2020093004000996,RLI,49,21,10,620.00,"6,200.00"
2020-09-30,2020093004001007,RLI,49,14,10,620.00,"6,200.00"
2020-09-30,2020093004001006,RLI,49,42,10,620.00,"6,200.00"
2020-09-30,2020093004001005,RLI,49,45,10,620.00,"6,200.00"
2020-09-30,2020093004001004,RLI,49,38,10,620.00,"6,200.00"
2020-09-30,2020093004001003,RLI,49,39,10,620.00,"6,200.00"
2020-09-30,2020093004001002,RLI,49,56,10,620.00,"6,200.00"
2020-09-30,2020093004001013,RLI,49,55,10,620.00,"6,200.00"
2020-09-30,2020093004001012,RLI,49,14,10,620.00,"6,200.00"
2020-09-30,2020093004001011,RLI,49,58,10,620.00,"6,200.00"
2020-09-30,2020093004001010,RLI,49,39,10,620.00,"6,200.00"
2020-09-30,2020093004001009,RLI,49,55,10,620.00,"6,200.00"
2020-09-30,2020093004001008,RLI,49,39,10,620.00,"6,200.00"
2020-09-30,2020093004001019,RLI,49,47,10,620.00,"6,200.00"
2020-09-30,2020093004001018,RLI,49,21,10,620.00,"6,200.00"
2020-09-30,2020093004001017,RLI,49,56,10,620.00,"6,200.00"
2020-09-30,2020093004001016,RLI,49,36,10,620.00,"6,200.00"
2020-09-30,2020093004001015,RLI,49,50,10,620.00,"6,200.00"
2020-09-30,2020093004001014,RLI,49,39,10,620.00,"6,200.00"
2020-09-30,2020093004001025,RLI,49,20,10,620.00,"6,200.00"
2020-09-30,2020093004001024,RLI,49,42,10,620.00,"6,200.00"
2020-09-30,2020093004001023,RLI,49,28,10,620.00,"6,200.00"
2020-09-30,2020093004001022,RLI,49,21,10,620.00,"6,200.00"
2020-09-30,2020093004001021,RLI,49,6,10,620.00,"6,200.00"
2020-09-30,2020093004001020,RLI,49,21,10,620.00,"6,200.00"
2020-09-30,2020093004001031,RLI,49,36,10,620.00,"6,200.00"
2020-09-30,2020093004001030,RLI,49,22,10,620.00,"6,200.00"
2020-09-30,2020093004001029,RLI,49,17,10,620.00,"6,200.00"
2020-09-30,2020093004001028,RLI,49,32,10,620.00,"6,200.00"
2020-09-30,2020093004001027,RLI,49,42,10,620.00,"6,200.00"
2020-09-30,2020093004001026,RLI,49,39,10,620.00,"6,200.00"
2020-09-30,2020093004001037,RLI,49,20,10,620.00,"6,200.00"
2020-09-30,2020093004001036,RLI,49,39,10,620.00,"6,200.00"
2020-09-30,2020093004001035,RLI,49,17,10,620.00,"6,200.00"
2020-09-30,2020093004001034,RLI,49,28,10,620.00,"6,200.00"
2020-09-30,2020093004001033,RLI,49,56,10,620.00,"6,200.00"
2020-09-30,2020093004001032,RLI,49,6,10,620.00,"6,200.00"
2020-09-30,2020093004001043,RLI,49,50,10,620.00,"6,200.00"
2020-09-30,2020093004001042,RLI,49,6,10,620.00,"6,200.00"
2020-09-30,2020093004001041,RLI,49,39,10,620.00,"6,200.00"
2020-09-30,2020093004001040,RLI,49,17,10,620.00,"6,200.00"
2020-09-30,2020093004001039,RLI,49,36,10,620.00,"6,200.00"
2020-09-30,2020093004001038,RLI,49,6,10,620.00,"6,200.00"
2020-09-30,2020093004001049,RLI,49,32,10,620.00,"6,200.00"
2020-09-30,2020093004001048,RLI,49,56,10,620.00,"6,200.00"
2020-09-30,2020093004001047,RLI,49,6,10,620.00,"6,200.00"
2020-09-30,2020093004001046,RLI,49,39,10,620.00,"6,200.00"
2020-09-30,2020093004001045,RLI,49,46,10,620.00,"6,200.00"
2020-09-30,2020093004001044,RLI,49,32,10,620.00,"6,200.00"
2020-09-30,2020093004001055,RLI,45,42,30,621.00,"18,630.00"
2020-09-30,2020093004001054,RLI,49,17,10,620.00,"6,200.00"
2020-09-30,2020093004001053,RLI,49,6,10,620.00,"6,200.00"
2020-09-30,2020093004001052,RLI,49,57,10,620.00,"6,200.00"
2020-09-30,2020093004001051,RLI,49,17,10,620.00,"6,200.00"
2020-09-30,2020093004001050,RLI,49,17,10,620.00,"6,200.00"
2020-09-30,2020093004001066,RLI,32,6,30,620.00,"18,600.00"
2020-09-30,2020093004001065,RLI,32,17,10,620.00,"6,200.00"
2020-09-30,2020093004001064,RLI,49,42,10,620.00,"6,200.00"
2020-09-30,2020093004001063,RLI,49,14,10,620.00,"6,200.00"
2020-09-30,2020093004001062,RLI,49,32,10,620.00,"6,200.00"
2020-09-30,2020093004001061,RLI,49,17,10,620.00,"6,200.00"
