Date,Transact. No.,Symbol,Buyer,Seller,Quantity,Rate,Amount
2020-07-27,2020072701028141,ADBL,4,41,13,433.00,"5,629.00"
2020-07-27,2020072701028083,AHPC,17,21,116,92.00,"10,672.00"
2020-07-27,2020072701028082,AHPC,45,21,500,92.00,"46,000.00"
2020-07-27,2020072701028081,AHPC,52,21,500,92.00,"46,000.00"
2020-07-27,2020072701028080,AHPC,6,21,200,92.00,"18,400.00"
2020-07-27,2020072701028079,AHPC,13,21,58,92.00,"5,336.00"
2020-07-27,2020072701028078,AHPC,25,21,50,93.00,"4,650.00"
2020-07-27,2020072701028446,ALICL,57,25,10,659.00,"6,590.00"
2020-07-27,2020072701028445,ALICL,57,3,90,659.00,"59,310.00"
2020-07-27,2020072701028097,ALICL,34,3,10,659.00,"6,590.00"
2020-07-27,2020072701028015,API,55,22,660,107.00,"70,620.00"
2020-07-27,2020072701028014,API,54,22,40,107.00,"4,280.00"
2020-07-27,2020072701028013,API,38,22,200,107.00,"21,400.00"
2020-07-27,2020072701028012,API,22,22,100,107.00,"10,700.00"
2020-07-27,2020072701028146,BNT,58,35,20,"6,600.00","132,000.00"
2020-07-27,2020072701028482,BOKL,32,37,300,241.00,"72,300.00"
2020-07-27,2020072701028205,BOKL,29,38,100,242.00,"24,200.00"
2020-07-27,2020072701028443,CBBL,32,11,23,"1,100.00","25,300.00"
2020-07-27,2020072701028253,CBL,29,38,100,147.00,"14,700.00"
2020-07-27,2020072701028072,CBL,43,38,10,147.00,"1,470.00"
2020-07-27,2020072701028145,CCBL,4,19,44,178.00,"7,832.00"
2020-07-27,2020072701028144,CCBL,55,19,60,179.00,"10,740.00"
2020-07-27,2020072701028473,CHCL,25,14,10,408.00,"4,080.00"
2020-07-27,2020072701028472,CHCL,25,7,50,407.00,"20,350.00"
2020-07-27,2020072701028256,CHCL,51,59,18,405.00,"7,290.00"
2020-07-27,2020072701028255,CHCL,25,59,22,405.00,"8,910.00"
2020-07-27,2020072701028001,CHCL,25,40,28,405.00,"11,340.00"
2020-07-27,2020072701028182,CHL,6,7,10,82.00,820.00
2020-07-27,2020072701028291,CIT,35,42,760,"2,591.00","1,969,160.00"
2020-07-27,2020072701028290,CIT,35,42,122,"2,591.00","316,102.00"
2020-07-27,2020072701028175,CIT,35,18,719,"2,590.00","1,862,210.00"
2020-07-27,2020072701028341,CLBSL,29,45,20,735.00,"14,700.00"
2020-07-27,2020072701028365,CORBL,20,50,50,116.00,"5,800.00"
2020-07-27,2020072701028057,CZBIL,38,40,95,200.00,"19,000.00"
2020-07-27,2020072701028435,EBL,36,44,100,770.00,"77,000.00"
2020-07-27,2020072701028347,EBL,44,57,105,771.00,"80,955.00"
2020-07-27,2020072701028197,EBL,48,59,10,770.00,"7,700.00"
2020-07-27,2020072701028305,EBL,34,44,"1,620",769.00,"1,245,780.00"
2020-07-27,2020072701028304,EBL,14,44,260,770.00,"200,200.00"
2020-07-27,2020072701028303,EBL,50,44,100,770.00,"77,000.00"
2020-07-27,2020072701028302,EBL,11,44,20,770.00,"15,400.00"
2020-07-27,2020072701028157,EDBL,57,52,20,335.00,"6,700.00"
2020-07-27,2020072701028457,EIC,33,21,15,416.00,"6,240.00"
2020-07-27,2020072701028393,EIC,48,32,20,415.00,"8,300.00"
2020-07-27,2020072701028128,EIC,48,33,30,415.00,"12,450.00"
2020-07-27,2020072701028448,FMDBL,38,38,50,550.00,"27,500.00"
2020-07-27,2020072701028447,FMDBL,52,38,677,550.00,"372,350.00"
2020-07-27,2020072701028330,FMDBL,52,38,323,550.00,"177,650.00"
2020-07-27,2020072701028050,FMDBL,25,38,200,551.00,"110,200.00"
2020-07-27,2020072701028049,FMDBL,47,38,500,551.00,"275,500.00"
2020-07-27,2020072701028048,FMDBL,55,38,150,552.00,"82,800.00"
2020-07-27,2020072701028047,FMDBL,5,38,80,552.00,"44,160.00"
2020-07-27,2020072701028046,FMDBL,26,38,65,552.00,"35,880.00"
2020-07-27,2020072701028045,FMDBL,45,38,100,553.00,"55,300.00"
2020-07-27,2020072701028044,FMDBL,45,38,172,554.00,"95,288.00"
2020-07-27,2020072701028043,FMDBL,42,38,10,555.00,"5,550.00"
2020-07-27,2020072701028042,FMDBL,50,38,400,556.00,"222,400.00"
2020-07-27,2020072701028481,FOWAD,6,58,646,"1,590.00","1,027,140.00"
2020-07-27,2020072701028480,FOWAD,6,43,52,"1,589.00","82,628.00"
2020-07-27,2020072701028346,GBBL,44,21,11,250.00,"2,750.00"
2020-07-27,2020072701028224,GBBL,44,13,366,250.00,"91,500.00"
2020-07-27,2020072701028223,GBBL,44,45,150,250.00,"37,500.00"
2020-07-27,2020072701028222,GBBL,44,50,290,250.00,"72,500.00"
2020-07-27,2020072701028221,GBBL,44,48,40,250.00,"10,000.00"
2020-07-27,2020072701028493,GBIME,6,28,130,267.00,"34,710.00"
2020-07-27,2020072701028492,GBIME,6,19,450,267.00,"120,150.00"
2020-07-27,2020072701028491,GBIME,6,13,71,267.00,"18,957.00"
2020-07-27,2020072701028490,GBIME,6,41,43,267.00,"11,481.00"
2020-07-27,2020072701028489,GBIME,6,44,306,267.00,"81,702.00"
2020-07-27,2020072701028310,GBIME,25,44,10,267.00,"2,670.00"
2020-07-27,2020072701028309,GBIME,25,53,43,266.00,"11,438.00"
2020-07-27,2020072701028101,GBIME,47,40,60,265.00,"15,900.00"
2020-07-27,2020072701028100,GBIME,58,40,30,265.00,"7,950.00"
2020-07-27,2020072701028092,GBIME,32,44,20,267.00,"5,340.00"
2020-07-27,2020072701028308,GBLBS,41,35,15,530.00,"7,950.00"
2020-07-27,2020072701028307,GBLBS,41,21,60,529.00,"31,740.00"
2020-07-27,2020072701028259,GGBSL,38,28,10,900.00,"9,000.00"
2020-07-27,2020072701028258,GGBSL,38,10,10,882.00,"8,820.00"
2020-07-27,2020072701028127,GGBSL,38,42,10,900.00,"9,000.00"
2020-07-27,2020072701028126,GGBSL,38,32,10,897.00,"8,970.00"
2020-07-27,2020072701028125,GGBSL,38,17,10,894.00,"8,940.00"
2020-07-27,2020072701028020,GGBSL,38,22,10,890.00,"8,900.00"
2020-07-27,2020072701028019,GGBSL,38,10,10,873.00,"8,730.00"
2020-07-27,2020072701028477,GLBSL,43,43,10,936.00,"9,360.00"
2020-07-27,2020072701028476,GLBSL,43,56,10,916.00,"9,160.00"
2020-07-27,2020072701028323,GLBSL,33,43,10,918.00,"9,180.00"
2020-07-27,2020072701028158,GLBSL,33,43,10,936.00,"9,360.00"
2020-07-27,2020072701028325,GLICL,5,51,20,486.00,"9,720.00"
2020-07-27,2020072701028220,GLICL,5,50,436,486.00,"211,896.00"
2020-07-27,2020072701027998,GLICL,45,43,200,485.00,"97,000.00"
2020-07-27,2020072701028106,GRDBL,59,4,"1,000",110.00,"110,000.00"
2020-07-27,2020072701028385,GUFL,44,32,10,118.00,"1,180.00"
2020-07-27,2020072701028485,HBL,14,29,51,576.00,"29,376.00"
2020-07-27,2020072701028139,HBL,8,57,100,577.00,"57,700.00"
2020-07-27,2020072701028121,HDL,49,42,38,"1,741.00","66,158.00"
2020-07-27,2020072701028120,HDL,8,42,20,"1,745.00","34,900.00"
2020-07-27,2020072701028119,HDL,29,42,42,"1,745.00","73,290.00"
2020-07-27,2020072701027997,HDL,29,11,50,"1,745.00","87,250.00"
2020-07-27,2020072701028356,HGI,50,57,50,428.00,"21,400.00"
2020-07-27,2020072701028167,HGI,38,57,50,428.00,"21,400.00"
2020-07-27,2020072701028166,HGI,38,40,50,428.00,"21,400.00"
2020-07-27,2020072701028076,HGI,59,22,50,432.00,"21,600.00"
2020-07-27,2020072701028039,HGI,22,26,10,430.00,"4,300.00"
2020-07-27,2020072701028462,HIDCL,38,28,"1,000",132.00,"132,000.00"
2020-07-27,2020072701028252,HURJA,19,13,20,92.00,"1,840.00"
2020-07-27,2020072701028412,IGI,29,26,10,454.00,"4,540.00"
2020-07-27,2020072701028411,IGI,13,26,30,455.00,"13,650.00"
2020-07-27,2020072701028410,IGI,6,26,30,455.00,"13,650.00"
2020-07-27,2020072701028409,IGI,46,26,30,456.00,"13,680.00"
2020-07-27,2020072701028471,JBBL,58,58,236,183.00,"43,188.00"
2020-07-27,2020072701028470,JBBL,58,37,250,182.00,"45,500.00"
2020-07-27,2020072701028361,JBBL,29,37,100,182.00,"18,200.00"
2020-07-27,2020072701028211,JBBL,5,36,80,181.00,"14,480.00"
2020-07-27,2020072701028204,JBBL,42,37,50,182.00,"9,100.00"
2020-07-27,2020072701028364,JFL,51,52,99,170.00,"16,830.00"
2020-07-27,2020072701028335,JSLBB,14,37,40,"1,655.00","66,200.00"
2020-07-27,2020072701028251,JSLBB,14,45,10,"1,650.00","16,500.00"
2020-07-27,2020072701028316,KBL,29,53,19,200.00,"3,800.00"
2020-07-27,2020072701028315,KBL,42,53,13,200.00,"2,600.00"
2020-07-27,2020072701028208,KBL,42,40,87,200.00,"17,400.00"
2020-07-27,2020072701028207,KBL,10,40,143,200.00,"28,600.00"
2020-07-27,2020072701028124,KMCDB,52,25,30,860.00,"25,800.00"
2020-07-27,2020072701028228,KPCL,25,22,10,107.00,"1,070.00"
2020-07-27,2020072701028227,KPCL,25,42,10,107.00,"1,070.00"
2020-07-27,2020072701028234,KPCL,25,39,10,108.00,"1,080.00"
2020-07-27,2020072701028233,KPCL,25,36,10,108.00,"1,080.00"
2020-07-27,2020072701028232,KPCL,25,55,10,107.00,"1,070.00"
2020-07-27,2020072701028231,KPCL,25,35,10,107.00,"1,070.00"
2020-07-27,2020072701028230,KPCL,25,35,10,107.00,"1,070.00"
2020-07-27,2020072701028229,KPCL,25,59,10,107.00,"1,070.00"
2020-07-27,2020072701028240,KPCL,25,45,10,109.00,"1,090.00"
2020-07-27,2020072701028239,KPCL,25,41,10,109.00,"1,090.00"
2020-07-27,2020072701028238,KPCL,25,58,10,108.00,"1,080.00"
2020-07-27,2020072701028237,KPCL,25,41,10,108.00,"1,080.00"
2020-07-27,2020072701028236,KPCL,25,55,50,108.00,"5,400.00"
2020-07-27,2020072701028235,KPCL,25,22,10,108.00,"1,080.00"
2020-07-27,2020072701028246,KPCL,25,17,10,109.00,"1,090.00"
2020-07-27,2020072701028245,KPCL,25,25,10,109.00,"1,090.00"
2020-07-27,2020072701028244,KPCL,25,33,10,109.00,"1,090.00"
2020-07-27,2020072701028243,KPCL,25,55,50,109.00,"5,450.00"
2020-07-27,2020072701028242,KPCL,25,21,10,109.00,"1,090.00"
2020-07-27,2020072701028241,KPCL,25,47,10,109.00,"1,090.00"
2020-07-27,2020072701028386,KPCL,25,39,20,112.00,"2,240.00"
2020-07-27,2020072701028250,KPCL,25,36,10,110.00,"1,100.00"
2020-07-27,2020072701028249,KPCL,25,14,10,110.00,"1,100.00"
2020-07-27,2020072701028248,KPCL,25,55,10,110.00,"1,100.00"
2020-07-27,2020072701028247,KPCL,25,29,30,110.00,"3,300.00"
2020-07-27,2020072701028353,KSBBL,14,41,"1,754",159.00,"278,886.00"
2020-07-27,2020072701028352,KSBBL,14,48,454,159.00,"72,186.00"
2020-07-27,2020072701028351,KSBBL,14,47,451,159.00,"71,709.00"
2020-07-27,2020072701028350,KSBBL,14,13,174,159.00,"27,666.00"
2020-07-27,2020072701028349,KSBBL,14,6,167,159.00,"26,553.00"
2020-07-27,2020072701028178,KSBBL,38,47,29,159.00,"4,611.00"
2020-07-27,2020072701028177,KSBBL,38,57,152,158.00,"24,016.00"
2020-07-27,2020072701028030,KSBBL,38,49,319,157.00,"50,083.00"
2020-07-27,2020072701028432,LBL,32,25,20,240.00,"4,800.00"
2020-07-27,2020072701028366,LBL,34,53,62,237.00,"14,694.00"
2020-07-27,2020072701028320,LBL,34,40,20,237.00,"4,740.00"
2020-07-27,2020072701028283,LBL,34,29,100,239.00,"23,900.00"
2020-07-27,2020072701028282,LBL,34,26,200,238.00,"47,600.00"
2020-07-27,2020072701028136,LICN,25,34,30,"1,488.00","44,640.00"
2020-07-27,2020072701028214,MBL,33,5,10,241.00,"2,410.00"
2020-07-27,2020072701028451,MEGA,29,58,56,238.00,"13,328.00"
2020-07-27,2020072701028450,MEGA,29,38,44,238.00,"10,472.00"
2020-07-27,2020072701028194,MEGA,34,38,38,238.00,"9,044.00"
2020-07-27,2020072701028193,MEGA,34,37,12,238.00,"2,856.00"
2020-07-27,2020072701028118,MEGA,58,37,200,238.00,"47,600.00"
2020-07-27,2020072701028399,MERO,53,1,33,658.00,"21,714.00"
2020-07-27,2020072701028398,MERO,34,1,10,658.00,"6,580.00"
2020-07-27,2020072701028313,MFIL,43,34,10,293.00,"2,930.00"
2020-07-27,2020072701028196,MFIL,26,39,200,292.00,"58,400.00"
2020-07-27,2020072701028270,MLBBL,5,43,50,782.00,"39,100.00"
2020-07-27,2020072701028180,MMFDB,52,6,10,795.00,"7,950.00"
2020-07-27,2020072701028474,NABIL,26,44,100,860.00,"86,000.00"
2020-07-27,2020072701028431,NABIL,26,44,100,860.00,"86,000.00"
2020-07-27,2020072701028430,NABIL,43,44,500,860.00,"430,000.00"
2020-07-27,2020072701028429,NABIL,49,44,58,860.00,"49,880.00"
2020-07-27,2020072701028428,NABIL,33,44,50,860.00,"43,000.00"
2020-07-27,2020072701028427,NABIL,53,44,150,860.00,"129,000.00"
2020-07-27,2020072701028392,NABIL,32,49,200,863.00,"172,600.00"
2020-07-27,2020072701028391,NABIL,32,44,200,863.00,"172,600.00"
2020-07-27,2020072701028170,NABIL,58,44,300,863.00,"258,900.00"
2020-07-27,2020072701028169,NABIL,58,44,100,863.00,"86,300.00"
2020-07-27,2020072701028075,NABIL,26,44,300,863.00,"258,900.00"
2020-07-27,2020072701028041,NABIL,51,44,100,863.00,"86,300.00"
2020-07-27,2020072701028426,NABIL,43,44,124,860.00,"106,640.00"
2020-07-27,2020072701028425,NABIL,16,44,300,860.00,"258,000.00"
2020-07-27,2020072701028424,NABIL,26,44,50,861.00,"43,050.00"
2020-07-27,2020072701028423,NABIL,22,44,200,861.00,"172,200.00"
2020-07-27,2020072701028422,NABIL,40,44,100,861.00,"86,100.00"
2020-07-27,2020072701028421,NABIL,28,44,210,861.00,"180,810.00"
2020-07-27,2020072701028494,NADEP,49,53,23,658.00,"15,134.00"
2020-07-27,2020072701028483,NADEP,50,17,10,664.00,"6,640.00"
2020-07-27,2020072701028153,NADEP,53,13,100,660.00,"66,000.00"
2020-07-27,2020072701028033,NADEP,49,58,18,658.00,"11,844.00"
2020-07-27,2020072701028388,NBB,47,19,600,214.00,"128,400.00"
2020-07-27,2020072701028479,NBL,33,4,10,267.00,"2,670.00"
2020-07-27,2020072701028466,NBL,56,4,500,267.00,"133,500.00"
2020-07-27,2020072701028363,NBL,39,40,115,266.00,"30,590.00"
2020-07-27,2020072701028306,NCCB,56,16,200,200.00,"40,000.00"
2020-07-27,2020072701028091,NCCB,58,33,10,201.00,"2,010.00"
2020-07-27,2020072701028026,NCCB,56,58,100,200.00,"20,000.00"
2020-07-27,2020072701028016,NCCB,56,42,300,200.00,"60,000.00"
2020-07-27,2020072701028297,NHDL,38,47,10,133.00,"1,330.00"
2020-07-27,2020072701028296,NHDL,38,42,10,132.00,"1,320.00"
2020-07-27,2020072701028295,NHDL,38,4,10,132.00,"1,320.00"
2020-07-27,2020072701028439,NIB,40,58,8,470.00,"3,760.00"
2020-07-27,2020072701028437,NIB,58,40,40,470.00,"18,800.00"
2020-07-27,2020072701028415,NIB,26,57,200,471.00,"94,200.00"
2020-07-27,2020072701028264,NIB,58,51,50,470.00,"23,500.00"
2020-07-27,2020072701028254,NIB,58,11,50,470.00,"23,500.00"
2020-07-27,2020072701028073,NIB,17,57,150,471.00,"70,650.00"
2020-07-27,2020072701028279,NIBPO,52,58,50,398.00,"19,900.00"
2020-07-27,2020072701028195,NIBPO,52,55,386,397.00,"153,242.00"
2020-07-27,2020072701028452,NIBSF1,7,17,"5,000",10.30,"51,500.00"
2020-07-27,2020072701028340,NIBSF1,7,7,"7,000",10.26,"71,820.00"
2020-07-27,2020072701028406,NICA,16,25,37,588.00,"21,756.00"
2020-07-27,2020072701028405,NICA,35,25,50,588.00,"29,400.00"
2020-07-27,2020072701028404,NICA,19,25,380,588.00,"223,440.00"
2020-07-27,2020072701028403,NICA,13,25,50,588.00,"29,400.00"
2020-07-27,2020072701028402,NICA,5,25,50,588.00,"29,400.00"
2020-07-27,2020072701028401,NICA,58,25,33,588.00,"19,404.00"
2020-07-27,2020072701028152,NICA,58,36,17,588.00,"9,996.00"
2020-07-27,2020072701028090,NICA,44,36,100,588.00,"58,800.00"
2020-07-27,2020072701028478,NICL,50,40,53,474.00,"25,122.00"
2020-07-27,2020072701028317,NICL,47,22,100,475.00,"47,500.00"
2020-07-27,2020072701028495,NICLBSL,6,16,10,821.00,"8,210.00"
2020-07-27,2020072701028484,NICLBSL,6,38,10,821.00,"8,210.00"
2020-07-27,2020072701028469,NICLBSL,6,57,10,821.00,"8,210.00"
2020-07-27,2020072701028434,NICLBSL,5,34,130,823.00,"106,990.00"
2020-07-27,2020072701028433,NICLBSL,5,11,20,822.00,"16,440.00"
2020-07-27,2020072701028419,NICLBSL,48,34,20,823.00,"16,460.00"
2020-07-27,2020072701028038,NICLBSL,48,10,10,822.00,"8,220.00"
2020-07-27,2020072701028032,NICLBSL,48,35,10,822.00,"8,220.00"
2020-07-27,2020072701028008,NICLBSL,48,34,10,822.00,"8,220.00"
2020-07-27,2020072701028002,NICLBSL,48,36,10,822.00,"8,220.00"
2020-07-27,2020072701028000,NICLBSL,48,32,30,822.00,"24,660.00"
2020-07-27,2020072701028060,NICLBSL,39,26,10,823.00,"8,230.00"
2020-07-27,2020072701028059,NICLBSL,48,47,10,822.00,"8,220.00"
2020-07-27,2020072701028056,NICLBSL,48,6,100,822.00,"82,200.00"
2020-07-27,2020072701028055,NICLBSL,48,41,10,822.00,"8,220.00"
2020-07-27,2020072701028053,NICLBSL,48,36,10,822.00,"8,220.00"
2020-07-27,2020072701028052,NICLBSL,48,48,10,822.00,"8,220.00"
2020-07-27,2020072701028066,NICLBSL,48,34,10,822.00,"8,220.00"
2020-07-27,2020072701028065,NICLBSL,39,34,140,823.00,"115,220.00"
2020-07-27,2020072701028064,NICLBSL,39,48,10,823.00,"8,230.00"
2020-07-27,2020072701028063,NICLBSL,39,6,10,823.00,"8,230.00"
2020-07-27,2020072701028062,NICLBSL,39,22,10,823.00,"8,230.00"
2020-07-27,2020072701028061,NICLBSL,39,47,20,823.00,"16,460.00"
2020-07-27,2020072701028138,NICLBSL,7,57,10,821.00,"8,210.00"
2020-07-27,2020072701028109,NICLBSL,7,35,10,821.00,"8,210.00"
2020-07-27,2020072701028108,NICLBSL,7,46,20,821.00,"16,420.00"
2020-07-27,2020072701028104,NICLBSL,7,57,10,821.00,"8,210.00"
2020-07-27,2020072701028096,NICLBSL,34,59,10,821.00,"8,210.00"
2020-07-27,2020072701028071,NICLBSL,48,51,10,822.00,"8,220.00"
2020-07-27,2020072701028183,NICLBSL,56,25,10,822.00,"8,220.00"
2020-07-27,2020072701028176,NICLBSL,34,51,10,822.00,"8,220.00"
2020-07-27,2020072701028173,NICLBSL,7,48,10,821.00,"8,210.00"
2020-07-27,2020072701028159,NICLBSL,7,46,10,821.00,"8,210.00"
2020-07-27,2020072701028148,NICLBSL,7,11,10,821.00,"8,210.00"
2020-07-27,2020072701028147,NICLBSL,7,35,10,821.00,"8,210.00"
2020-07-27,2020072701028298,NICLBSL,5,35,10,821.00,"8,210.00"
2020-07-27,2020072701028217,NICLBSL,51,46,10,820.00,"8,200.00"
2020-07-27,2020072701028187,NICLBSL,51,10,20,820.00,"16,400.00"
2020-07-27,2020072701028186,NICLBSL,7,34,10,821.00,"8,210.00"
2020-07-27,2020072701028185,NICLBSL,56,58,10,822.00,"8,220.00"
2020-07-27,2020072701028184,NICLBSL,56,34,100,822.00,"82,200.00"
2020-07-27,2020072701028345,NICLBSL,38,37,10,821.00,"8,210.00"
2020-07-27,2020072701028329,NICLBSL,51,48,10,820.00,"8,200.00"
2020-07-27,2020072701028326,NICLBSL,51,46,10,820.00,"8,200.00"
2020-07-27,2020072701028319,NICLBSL,51,57,10,820.00,"8,200.00"
2020-07-27,2020072701028300,NICLBSL,5,41,110,821.00,"90,310.00"
2020-07-27,2020072701028299,NICLBSL,5,57,10,821.00,"8,210.00"
2020-07-27,2020072701028417,NICLBSL,38,34,10,821.00,"8,210.00"
2020-07-27,2020072701028416,NICLBSL,38,38,10,821.00,"8,210.00"
2020-07-27,2020072701028389,NICLBSL,38,46,10,821.00,"8,210.00"
2020-07-27,2020072701028387,NICLBSL,34,44,10,822.00,"8,220.00"
2020-07-27,2020072701028367,NICLBSL,38,19,10,822.00,"8,220.00"
2020-07-27,2020072701028348,NICLBSL,38,28,10,821.00,"8,210.00"
2020-07-27,2020072701028486,NIL,33,35,37,648.00,"23,976.00"
2020-07-27,2020072701028456,NIL,58,34,10,650.00,"6,500.00"
2020-07-27,2020072701028420,NIL,3,35,36,647.00,"23,292.00"
2020-07-27,2020072701028324,NIL,3,35,50,647.00,"32,350.00"
2020-07-27,2020072701028467,NLIC,28,45,100,"1,377.00","137,700.00"
2020-07-27,2020072701028465,NLIC,16,45,55,"1,378.00","75,790.00"
2020-07-27,2020072701028464,NLIC,52,45,50,"1,379.00","68,950.00"
2020-07-27,2020072701028463,NLIC,52,39,40,"1,379.00","55,160.00"
2020-07-27,2020072701028339,NLIC,52,39,10,"1,379.00","13,790.00"
2020-07-27,2020072701028338,NLIC,44,39,20,"1,381.00","27,620.00"
2020-07-27,2020072701028024,NLIC,41,19,80,"1,379.00","110,320.00"
2020-07-27,2020072701028023,NLIC,29,19,50,"1,380.00","69,000.00"
2020-07-27,2020072701028068,NLIC,44,53,40,"1,380.00","55,200.00"
2020-07-27,2020072701028067,NLIC,25,53,10,"1,380.00","13,800.00"
2020-07-27,2020072701028029,NLIC,16,33,45,"1,378.00","62,010.00"
2020-07-27,2020072701028028,NLIC,25,33,30,"1,378.00","41,340.00"
2020-07-27,2020072701028027,NLIC,1,33,125,"1,378.00","172,250.00"
2020-07-27,2020072701028025,NLIC,1,19,70,"1,378.00","96,460.00"
2020-07-27,2020072701028133,NLIC,44,7,10,"1,383.00","13,830.00"
2020-07-27,2020072701028132,NLIC,44,43,44,"1,383.00","60,852.00"
2020-07-27,2020072701028131,NLIC,44,39,21,"1,380.00","28,980.00"
2020-07-27,2020072701028094,NLIC,44,39,10,"1,381.00","13,810.00"
2020-07-27,2020072701028070,NLIC,44,34,680,"1,381.00","939,080.00"
2020-07-27,2020072701028069,NLIC,44,39,50,"1,380.00","69,000.00"
2020-07-27,2020072701028292,NLIC,28,54,350,"1,380.00","483,000.00"
2020-07-27,2020072701028226,NLIC,36,54,100,"1,380.00","138,000.00"
2020-07-27,2020072701028225,NLIC,54,54,50,"1,380.00","69,000.00"
2020-07-27,2020072701028174,NLIC,44,4,275,"1,385.00","380,875.00"
2020-07-27,2020072701028135,NLIC,44,46,100,"1,385.00","138,500.00"
2020-07-27,2020072701028134,NLIC,44,58,50,"1,384.00","69,200.00"
2020-07-27,2020072701028407,NLICL,4,38,45,720.00,"32,400.00"
2020-07-27,2020072701028301,NLICL,50,38,10,720.00,"7,200.00"
2020-07-27,2020072701028355,NMB,56,41,90,438.00,"39,420.00"
2020-07-27,2020072701028354,NMB,56,1,10,438.00,"4,380.00"
2020-07-27,2020072701028328,NMB,52,1,40,438.00,"17,520.00"
2020-07-27,2020072701028327,NMB,52,44,160,438.00,"70,080.00"
2020-07-27,2020072701028218,NMB,25,44,50,438.00,"21,900.00"
2020-07-27,2020072701028123,NMB,8,44,50,438.00,"21,900.00"
2020-07-27,2020072701028088,NMB,49,26,199,437.00,"86,963.00"
2020-07-27,2020072701028087,NMB,42,26,124,437.00,"54,188.00"
2020-07-27,2020072701028086,NMB,1,26,60,437.00,"26,220.00"
2020-07-27,2020072701028085,NMB,29,26,10,437.00,"4,370.00"
2020-07-27,2020072701028084,NMB,50,26,107,437.00,"46,759.00"
2020-07-27,2020072701028397,NMBMF,57,45,30,771.00,"23,130.00"
2020-07-27,2020072701028468,NRIC,34,32,50,562.00,"28,100.00"
2020-07-27,2020072701028400,NRIC,34,34,50,562.00,"28,100.00"
2020-07-27,2020072701028394,NRIC,34,58,40,562.00,"22,480.00"
2020-07-27,2020072701028384,NRIC,34,33,200,562.00,"112,400.00"
2020-07-27,2020072701028383,NRIC,34,17,70,562.00,"39,340.00"
2020-07-27,2020072701028382,NRIC,34,25,"1,000",562.00,"562,000.00"
2020-07-27,2020072701028103,NRIC,59,58,40,559.00,"22,360.00"
2020-07-27,2020072701028074,NRIC,59,36,50,559.00,"27,950.00"
2020-07-27,2020072701028051,NRIC,59,59,40,559.00,"22,360.00"
2020-07-27,2020072701028021,NRIC,59,49,40,559.00,"22,360.00"
2020-07-27,2020072701028007,NRIC,59,10,40,559.00,"22,360.00"
2020-07-27,2020072701028005,NRIC,25,36,50,559.00,"27,950.00"
2020-07-27,2020072701028181,NRIC,59,58,50,559.00,"27,950.00"
2020-07-27,2020072701028117,NRIC,13,28,40,560.00,"22,400.00"
2020-07-27,2020072701028116,NRIC,13,33,60,560.00,"33,600.00"
2020-07-27,2020072701028114,NRIC,53,33,140,560.00,"78,400.00"
2020-07-27,2020072701028113,NRIC,53,32,40,560.00,"22,400.00"
2020-07-27,2020072701028112,NRIC,53,38,320,560.00,"179,200.00"
2020-07-27,2020072701028213,NRIC,42,25,150,560.00,"84,000.00"
2020-07-27,2020072701028212,NRIC,6,25,230,560.00,"128,800.00"
2020-07-27,2020072701028209,NRIC,6,59,40,560.00,"22,400.00"
2020-07-27,2020072701028200,NRIC,6,36,40,560.00,"22,400.00"
2020-07-27,2020072701028199,NRIC,6,28,50,560.00,"28,000.00"
2020-07-27,2020072701028198,NRIC,59,49,40,559.00,"22,360.00"
2020-07-27,2020072701028289,NRIC,59,58,50,559.00,"27,950.00"
2020-07-27,2020072701028284,NRIC,25,25,20,560.00,"11,200.00"
2020-07-27,2020072701028278,NRIC,58,25,160,560.00,"89,600.00"
2020-07-27,2020072701028272,NRIC,5,25,160,560.00,"89,600.00"
2020-07-27,2020072701028266,NRIC,59,50,30,559.00,"16,770.00"
2020-07-27,2020072701028263,NRIC,59,36,40,559.00,"22,360.00"
2020-07-27,2020072701028369,NRIC,34,6,120,561.00,"67,320.00"
2020-07-27,2020072701028368,NRIC,34,25,230,560.00,"128,800.00"
2020-07-27,2020072701028359,NRIC,59,35,10,559.00,"5,590.00"
2020-07-27,2020072701028334,NRIC,5,25,50,560.00,"28,000.00"
2020-07-27,2020072701028314,NRIC,59,37,40,559.00,"22,360.00"
2020-07-27,2020072701028311,NRIC,59,10,30,559.00,"16,770.00"
2020-07-27,2020072701028375,NRIC,34,10,40,562.00,"22,480.00"
2020-07-27,2020072701028374,NRIC,34,55,90,561.00,"50,490.00"
2020-07-27,2020072701028373,NRIC,34,4,10,561.00,"5,610.00"
2020-07-27,2020072701028372,NRIC,34,55,100,561.00,"56,100.00"
2020-07-27,2020072701028371,NRIC,34,44,920,561.00,"516,120.00"
2020-07-27,2020072701028370,NRIC,34,34,40,561.00,"22,440.00"
2020-07-27,2020072701028381,NRIC,34,26,600,562.00,"337,200.00"
2020-07-27,2020072701028380,NRIC,34,22,20,562.00,"11,240.00"
2020-07-27,2020072701028379,NRIC,34,50,100,562.00,"56,200.00"
2020-07-27,2020072701028378,NRIC,34,35,20,562.00,"11,240.00"
2020-07-27,2020072701028377,NRIC,34,35,20,562.00,"11,240.00"
2020-07-27,2020072701028376,NRIC,34,42,20,562.00,"11,240.00"
2020-07-27,2020072701028360,NTC,34,59,10,670.00,"6,700.00"
2020-07-27,2020072701028261,NTC,53,1,95,667.00,"63,365.00"
2020-07-27,2020072701028260,NTC,25,1,10,672.00,"6,720.00"
2020-07-27,2020072701028168,NTC,25,41,10,672.00,"6,720.00"
2020-07-27,2020072701028129,NTC,46,51,20,670.00,"13,400.00"
2020-07-27,2020072701028257,NUBL,35,22,100,"1,014.00","101,400.00"
2020-07-27,2020072701028151,NUBL,35,58,500,"1,014.00","507,000.00"
2020-07-27,2020072701028150,NUBL,35,35,12,"1,014.00","12,168.00"
2020-07-27,2020072701028149,NUBL,35,49,100,"1,013.00","101,300.00"
2020-07-27,2020072701028142,NUBL,50,22,100,"1,010.00","101,000.00"
2020-07-27,2020072701028054,NUBL,50,22,10,"1,010.00","10,100.00"
2020-07-27,2020072701028004,NUBL,50,58,34,"1,010.00","34,340.00"
2020-07-27,2020072701028336,OHL,22,58,100,383.00,"38,300.00"
2020-07-27,2020072701028318,PCBL,58,16,50,285.00,"14,250.00"
2020-07-27,2020072701028262,PCBL,47,8,40,284.00,"11,360.00"
2020-07-27,2020072701028453,PIC,33,1,80,652.00,"52,160.00"
2020-07-27,2020072701028333,PIC,33,37,10,652.00,"6,520.00"
2020-07-27,2020072701028332,PIC,33,37,20,652.00,"13,040.00"
2020-07-27,2020072701028294,PIC,34,37,80,652.00,"52,160.00"
2020-07-27,2020072701028099,PIC,38,34,100,651.00,"65,100.00"
2020-07-27,2020072701028098,PIC,13,34,100,652.00,"65,200.00"
2020-07-27,2020072701028343,PLIC,45,49,290,568.00,"164,720.00"
2020-07-27,2020072701028342,PLIC,45,49,150,569.00,"85,350.00"
2020-07-27,2020072701028130,PLIC,54,49,10,570.00,"5,700.00"
2020-07-27,2020072701028111,PLIC,34,49,100,570.00,"57,000.00"
2020-07-27,2020072701028110,PLIC,26,49,450,570.00,"256,500.00"
2020-07-27,2020072701027999,PPCL,58,37,10,113.00,"1,130.00"
2020-07-27,2020072701028461,PRIN,44,19,10,515.00,"5,150.00"
2020-07-27,2020072701028408,PRIN,49,19,50,515.00,"25,750.00"
2020-07-27,2020072701028312,PRIN,44,35,121,514.00,"62,194.00"
2020-07-27,2020072701028288,PRIN,58,35,10,514.00,"5,140.00"
2020-07-27,2020072701028206,PRIN,5,33,30,511.00,"15,330.00"
2020-07-27,2020072701028441,PRVU,32,41,589,250.00,"147,250.00"
2020-07-27,2020072701028440,PRVU,42,41,411,250.00,"102,750.00"
2020-07-27,2020072701028395,PRVU,41,35,50,251.00,"12,550.00"
2020-07-27,2020072701028362,PRVU,42,51,500,250.00,"125,000.00"
2020-07-27,2020072701028165,PRVU,32,35,"1,418",251.00,"355,918.00"
2020-07-27,2020072701028040,PRVU,32,52,10,252.00,"2,520.00"
2020-07-27,2020072701028011,PRVU,32,50,100,251.00,"25,100.00"
2020-07-27,2020072701028010,PRVU,32,5,427,251.00,"107,177.00"
2020-07-27,2020072701028009,PRVU,32,38,55,251.00,"13,805.00"
2020-07-27,2020072701028102,RHPC,43,1,20,83.00,"1,660.00"
2020-07-27,2020072701028018,RHPC,43,35,18,82.00,"1,476.00"
2020-07-27,2020072701028022,RRHP,45,37,10,91.00,910.00
2020-07-27,2020072701028475,RSDC,53,21,50,525.00,"26,250.00"
2020-07-27,2020072701028460,RSDC,34,21,20,525.00,"10,500.00"
2020-07-27,2020072701028192,RSDC,52,26,40,520.00,"20,800.00"
2020-07-27,2020072701028191,RSDC,38,26,50,520.00,"26,000.00"
2020-07-27,2020072701028190,RSDC,49,26,10,524.00,"5,240.00"
2020-07-27,2020072701028189,RSDC,49,50,40,524.00,"20,960.00"
2020-07-27,2020072701027996,RSDC,40,50,50,524.00,"26,200.00"
2020-07-27,2020072701028449,SADBL,28,44,160,152.00,"24,320.00"
2020-07-27,2020072701028271,SAEF,58,35,"1,000",9.70,"9,700.00"
2020-07-27,2020072701028488,SANIMA,40,41,359,370.00,"132,830.00"
2020-07-27,2020072701028487,SANIMA,26,41,41,370.00,"15,170.00"
2020-07-27,2020072701028276,SANIMA,35,42,100,371.00,"37,100.00"
2020-07-27,2020072701028275,SANIMA,26,42,25,371.00,"9,275.00"
2020-07-27,2020072701028274,SANIMA,38,42,92,371.00,"34,132.00"
2020-07-27,2020072701028344,SBI,57,29,80,452.00,"36,160.00"
2020-07-27,2020072701028281,SBI,52,29,20,452.00,"9,040.00"
2020-07-27,2020072701028280,SBI,10,29,33,452.00,"14,916.00"
2020-07-27,2020072701028273,SBI,10,50,102,452.00,"46,104.00"
2020-07-27,2020072701028122,SBI,10,17,642,452.00,"290,184.00"
2020-07-27,2020072701028037,SBI,10,33,223,452.00,"100,796.00"
2020-07-27,2020072701028036,SBI,10,33,405,452.00,"183,060.00"
2020-07-27,2020072701028035,SBI,47,33,300,452.00,"135,600.00"
2020-07-27,2020072701028034,SBI,33,33,72,453.00,"32,616.00"
2020-07-27,2020072701028031,SBL,53,34,30,320.00,"9,600.00"
2020-07-27,2020072701028444,SCB,13,26,100,697.00,"69,700.00"
2020-07-27,2020072701028163,SDESI,35,7,10,900.00,"9,000.00"
2020-07-27,2020072701028162,SDESI,38,7,11,905.00,"9,955.00"
2020-07-27,2020072701028358,SHINE,58,57,10,249.00,"2,490.00"
2020-07-27,2020072701028357,SHINE,34,57,83,249.00,"20,667.00"
2020-07-27,2020072701028267,SHINE,28,34,195,250.00,"48,750.00"
2020-07-27,2020072701028269,SHINE,28,21,663,250.00,"165,750.00"
2020-07-27,2020072701028268,SHINE,28,51,234,250.00,"58,500.00"
2020-07-27,2020072701028459,SHIVM,7,3,100,625.00,"62,500.00"
2020-07-27,2020072701028458,SHIVM,7,52,200,625.00,"125,000.00"
2020-07-27,2020072701028322,SHIVM,19,37,35,622.00,"21,770.00"
2020-07-27,2020072701028321,SHIVM,33,37,15,622.00,"9,330.00"
2020-07-27,2020072701028219,SHIVM,52,41,200,622.00,"124,400.00"
2020-07-27,2020072701028215,SHIVM,7,52,390,625.00,"243,750.00"
2020-07-27,2020072701028107,SHIVM,21,52,50,625.00,"31,250.00"
2020-07-27,2020072701028203,SHL,29,58,"1,200",169.00,"202,800.00"
2020-07-27,2020072701028202,SHL,29,38,100,169.00,"16,900.00"
2020-07-27,2020072701028201,SHL,29,25,500,169.00,"84,500.00"
2020-07-27,2020072701028058,SHL,29,38,300,168.00,"50,400.00"
2020-07-27,2020072701028337,SIC,6,22,20,780.00,"15,600.00"
2020-07-27,2020072701028331,SICL,35,59,200,"1,250.00","250,000.00"
2020-07-27,2020072701028265,SIL,35,35,200,630.00,"126,000.00"
2020-07-27,2020072701028164,SIL,34,35,100,630.00,"63,000.00"
2020-07-27,2020072701028137,SIL,55,52,90,625.00,"56,250.00"
2020-07-27,2020072701028077,SIL,38,52,10,625.00,"6,250.00"
2020-07-27,2020072701028396,SJCL,40,58,20,136.00,"2,720.00"
2020-07-27,2020072701028017,SJCL,52,22,200,135.00,"27,000.00"
2020-07-27,2020072701028210,SKBBL,20,50,20,"1,300.00","26,000.00"
2020-07-27,2020072701028140,SKBBL,5,50,50,"1,300.00","65,000.00"
2020-07-27,2020072701028442,SLBBL,34,42,100,921.00,"92,100.00"
2020-07-27,2020072701028089,SLBBL,51,58,40,915.00,"36,600.00"
2020-07-27,2020072701028293,SLBBL,49,5,10,922.00,"9,220.00"
2020-07-27,2020072701028216,SLBS,52,5,38,"1,013.00","38,494.00"
2020-07-27,2020072701028438,SLBSL,41,46,10,897.00,"8,970.00"
2020-07-27,2020072701028455,SMB,22,43,10,898.00,"8,980.00"
2020-07-27,2020072701028454,SMB,26,43,10,898.00,"8,980.00"
2020-07-27,2020072701028179,SMB,22,38,40,897.00,"35,880.00"
2020-07-27,2020072701028172,SPARS,51,50,35,887.00,"31,045.00"
2020-07-27,2020072701028171,SPARS,25,50,15,887.00,"13,305.00"
2020-07-27,2020072701028095,SPARS,53,57,10,889.00,"8,890.00"
2020-07-27,2020072701028093,SPDL,58,51,35,100.00,"3,500.00"
2020-07-27,2020072701028156,SRBL,14,41,22,245.00,"5,390.00"
2020-07-27,2020072701028155,SRBL,49,41,42,245.00,"10,290.00"
2020-07-27,2020072701028154,SRBL,32,41,100,245.00,"24,500.00"
2020-07-27,2020072701028414,TRH,52,41,30,238.00,"7,140.00"
2020-07-27,2020072701028413,TRH,3,41,50,238.00,"11,900.00"
2020-07-27,2020072701028277,TRH,3,4,25,242.00,"6,050.00"
2020-07-27,2020072701028436,UIC,16,58,10,390.00,"3,900.00"
2020-07-27,2020072701028390,UIC,7,16,944,387.00,"365,328.00"
2020-07-27,2020072701028287,UIC,7,34,56,387.00,"21,672.00"
2020-07-27,2020072701028286,UIC,26,34,50,387.00,"19,350.00"
2020-07-27,2020072701028285,UIC,22,34,50,389.00,"19,450.00"
2020-07-27,2020072701028161,UIC,56,49,30,389.00,"11,670.00"
2020-07-27,2020072701028160,UIC,56,26,200,389.00,"77,800.00"
2020-07-27,2020072701028006,UIC,7,26,100,389.00,"38,900.00"
2020-07-27,2020072701028115,UMHL,40,7,14,104.00,"1,456.00"
2020-07-27,2020072701028188,UPCL,54,45,50,69.00,"3,450.00"
2020-07-27,2020072701028105,UPCL,54,37,50,69.00,"3,450.00"
2020-07-27,2020072701028418,UPPER,25,13,40,232.00,"9,280.00"
2020-07-27,2020072701028143,UPPER,41,37,40,231.00,"9,240.00"
2020-07-27,2020072701028003,UPPER,25,13,15,232.00,"3,480.00"
2020-07-27,2020072701027634,ADBL,38,41,440,433.00,"190,520.00"
2020-07-27,2020072701027633,ADBL,38,39,195,433.00,"84,435.00"
2020-07-27,2020072701027783,AKJCL,55,37,15,48.01,720.15
2020-07-27,2020072701027928,ALBSL,16,57,11,742.00,"8,162.00"
2020-07-27,2020072701027927,ALBSL,16,1,11,742.00,"8,162.00"
2020-07-27,2020072701027844,ALICL,16,40,30,651.00,"19,530.00"
2020-07-27,2020072701027843,ALICL,14,40,20,652.00,"13,040.00"
2020-07-27,2020072701027645,ALICL,34,5,10,660.00,"6,600.00"
2020-07-27,2020072701027875,API,38,46,2,107.00,214.00
2020-07-27,2020072701027874,API,38,40,48,107.00,"5,136.00"
2020-07-27,2020072701027789,BOKL,32,38,10,242.00,"2,420.00"
2020-07-27,2020072701027762,BOKL,32,34,500,241.00,"120,500.00"
2020-07-27,2020072701027761,BOKL,32,6,15,241.00,"3,615.00"
2020-07-27,2020072701027721,BOKL,32,37,400,240.00,"96,000.00"
2020-07-27,2020072701027919,BPCL,8,4,20,367.00,"7,340.00"
2020-07-27,2020072701027909,BPCL,39,40,50,364.00,"18,200.00"
2020-07-27,2020072701027793,BPCL,49,11,158,365.00,"57,670.00"
2020-07-27,2020072701027792,BPCL,47,11,100,365.00,"36,500.00"
2020-07-27,2020072701027791,BPCL,56,11,188,365.00,"68,620.00"
2020-07-27,2020072701027790,BPCL,16,11,50,366.00,"18,300.00"
2020-07-27,2020072701027788,BPCL,32,4,100,367.00,"36,700.00"
2020-07-27,2020072701027636,BPCL,16,32,250,366.00,"91,500.00"
2020-07-27,2020072701027759,CBBL,8,38,100,"1,100.00","110,000.00"
2020-07-27,2020072701027758,CBBL,8,46,200,"1,100.00","220,000.00"
2020-07-27,2020072701027757,CBBL,8,54,250,"1,100.00","275,000.00"
2020-07-27,2020072701027697,CBBL,17,35,50,"1,098.00","54,900.00"
2020-07-27,2020072701027696,CBBL,58,35,10,"1,099.00","10,990.00"
2020-07-27,2020072701027939,CBL,10,40,110,146.00,"16,060.00"
2020-07-27,2020072701027867,CBL,10,48,"1,403",146.00,"204,838.00"
2020-07-27,2020072701027866,CBL,28,48,200,146.00,"29,200.00"
2020-07-27,2020072701027865,CBL,45,48,"3,544",146.00,"517,424.00"
2020-07-27,2020072701027989,CCBL,4,40,214,178.00,"38,092.00"
2020-07-27,2020072701027746,CCBL,4,4,120,178.00,"21,360.00"
2020-07-27,2020072701027748,CHCL,25,55,90,406.00,"36,540.00"
2020-07-27,2020072701027747,CHCL,48,55,10,406.00,"4,060.00"
2020-07-27,2020072701027684,CHCL,48,37,70,406.00,"28,420.00"
2020-07-27,2020072701027930,CZBIL,50,50,2,200.00,400.00
2020-07-27,2020072701027872,CZBIL,32,6,90,201.00,"18,090.00"
2020-07-27,2020072701027786,CZBIL,34,6,100,201.00,"20,100.00"
2020-07-27,2020072701027605,DDBL,25,38,43,870.00,"37,410.00"
2020-07-27,2020072701027597,DDBL,49,38,50,870.00,"43,500.00"
2020-07-27,2020072701027596,DDBL,42,38,10,870.00,"8,700.00"
2020-07-27,2020072701027595,DDBL,47,38,50,870.00,"43,500.00"
2020-07-27,2020072701027594,DDBL,47,38,100,870.00,"87,000.00"
2020-07-27,2020072701027593,DDBL,47,38,100,870.00,"87,000.00"
2020-07-27,2020072701027592,DDBL,47,38,27,870.00,"23,490.00"
2020-07-27,2020072701027591,DDBL,16,38,20,871.00,"17,420.00"
2020-07-27,2020072701027563,DDBL,16,16,22,871.00,"19,162.00"
2020-07-27,2020072701027780,EDBL,39,37,250,338.00,"84,500.00"
2020-07-27,2020072701027779,EDBL,42,37,150,338.00,"50,700.00"
2020-07-27,2020072701027532,EIC,25,28,96,415.00,"39,840.00"
2020-07-27,2020072701027617,GBBL,51,21,116,249.00,"28,884.00"
2020-07-27,2020072701027667,GBIME,25,4,6,265.00,"1,590.00"
2020-07-27,2020072701027666,GBIME,57,4,50,265.00,"13,250.00"
2020-07-27,2020072701027665,GBIME,47,4,40,265.00,"10,600.00"
2020-07-27,2020072701027664,GBIME,14,4,100,265.00,"26,500.00"
2020-07-27,2020072701027663,GBIME,38,4,400,265.00,"106,000.00"
2020-07-27,2020072701027529,GBLBS,46,57,15,526.00,"7,890.00"
2020-07-27,2020072701027518,GBLBS,46,57,230,526.00,"120,980.00"
2020-07-27,2020072701027826,GHL,26,37,30,51.00,"1,530.00"
2020-07-27,2020072701027782,GILB,37,52,10,"1,310.00","13,100.00"
2020-07-27,2020072701027530,GILB,21,52,10,"1,308.00","13,080.00"
2020-07-27,2020072701027754,GIMES1,57,49,"4,000",8.60,"34,400.00"
2020-07-27,2020072701027785,GLBSL,43,28,10,955.00,"9,550.00"
2020-07-27,2020072701027763,GLBSL,43,28,20,939.00,"18,780.00"
2020-07-27,2020072701027715,GLBSL,43,56,10,921.00,"9,210.00"
2020-07-27,2020072701027714,GLBSL,43,46,40,921.00,"36,840.00"
2020-07-27,2020072701027713,GLBSL,43,16,10,921.00,"9,210.00"
2020-07-27,2020072701027607,GLBSL,43,41,10,890.00,"8,900.00"
2020-07-27,2020072701027606,GLBSL,43,46,10,889.00,"8,890.00"
2020-07-27,2020072701027613,GLBSL,43,10,10,900.00,"9,000.00"
2020-07-27,2020072701027612,GLBSL,43,43,110,899.00,"98,890.00"
2020-07-27,2020072701027611,GLBSL,43,1,10,899.00,"8,990.00"
2020-07-27,2020072701027610,GLBSL,43,21,50,895.00,"44,750.00"
2020-07-27,2020072701027609,GLBSL,43,28,50,894.00,"44,700.00"
2020-07-27,2020072701027608,GLBSL,43,43,10,890.00,"8,900.00"
2020-07-27,2020072701027674,GLBSL,43,10,32,900.00,"28,800.00"
2020-07-27,2020072701027673,GLBSL,43,45,80,900.00,"72,000.00"
2020-07-27,2020072701027672,GLBSL,43,8,10,900.00,"9,000.00"
2020-07-27,2020072701027671,GLBSL,43,5,30,900.00,"27,000.00"
2020-07-27,2020072701027670,GLBSL,43,16,10,900.00,"9,000.00"
2020-07-27,2020072701027669,GLBSL,43,10,30,900.00,"27,000.00"
2020-07-27,2020072701027680,GLBSL,43,42,20,905.00,"18,100.00"
2020-07-27,2020072701027679,GLBSL,43,46,10,903.00,"9,030.00"
2020-07-27,2020072701027678,GLBSL,43,1,10,903.00,"9,030.00"
2020-07-27,2020072701027677,GLBSL,43,47,10,902.00,"9,020.00"
2020-07-27,2020072701027676,GLBSL,43,48,10,900.00,"9,000.00"
2020-07-27,2020072701027675,GLBSL,43,5,50,900.00,"45,000.00"
2020-07-27,2020072701027712,GLBSL,43,48,50,921.00,"46,050.00"
2020-07-27,2020072701027711,GLBSL,43,14,50,921.00,"46,050.00"
2020-07-27,2020072701027710,GLBSL,43,28,50,920.00,"46,000.00"
2020-07-27,2020072701027683,GLBSL,43,16,10,918.00,"9,180.00"
2020-07-27,2020072701027682,GLBSL,43,44,50,917.00,"45,850.00"
2020-07-27,2020072701027681,GLBSL,43,17,10,910.00,"9,100.00"
2020-07-27,2020072701027898,GLICL,22,50,39,486.00,"18,954.00"
2020-07-27,2020072701027836,GLICL,50,50,165,486.00,"80,190.00"
2020-07-27,2020072701027809,GLICL,50,58,35,486.00,"17,010.00"
2020-07-27,2020072701027808,GLICL,17,58,31,486.00,"15,066.00"
2020-07-27,2020072701027807,GLICL,46,58,50,486.00,"24,300.00"
2020-07-27,2020072701027722,GLICL,22,51,30,488.00,"14,640.00"
2020-07-27,2020072701027601,GMFBS,41,22,10,835.00,"8,350.00"
2020-07-27,2020072701027822,HDL,49,55,10,"1,741.00","17,410.00"
2020-07-27,2020072701027778,HDL,53,57,92,"1,745.00","160,540.00"
2020-07-27,2020072701027638,HDL,54,57,168,"1,745.00","293,160.00"
2020-07-27,2020072701027637,HDL,54,6,32,"1,745.00","55,840.00"
2020-07-27,2020072701027811,HGI,26,57,100,427.00,"42,700.00"
2020-07-27,2020072701027813,HURJA,19,45,20,92.00,"1,840.00"
2020-07-27,2020072701027751,HURJA,19,45,20,92.00,"1,840.00"
2020-07-27,2020072701027517,HURJA,19,16,20,92.00,"1,840.00"
2020-07-27,2020072701027837,ICFC,14,47,50,190.00,"9,500.00"
2020-07-27,2020072701027803,ICFC,14,38,50,192.00,"9,600.00"
2020-07-27,2020072701027802,ICFC,14,43,794,192.00,"152,448.00"
2020-07-27,2020072701027833,IGI,19,34,10,462.00,"4,620.00"
2020-07-27,2020072701027741,ILBS,35,48,11,799.00,"8,789.00"
2020-07-27,2020072701027842,JFL,51,6,79,170.00,"13,430.00"
2020-07-27,2020072701027861,JOSHI,11,37,20,55.00,"1,100.00"
2020-07-27,2020072701027959,KBL,6,19,267,202.00,"53,934.00"
2020-07-27,2020072701027958,KBL,6,35,233,202.00,"47,066.00"
2020-07-27,2020072701027957,KBL,6,34,"1,500",202.00,"303,000.00"
2020-07-27,2020072701027932,KBL,46,41,50,201.00,"10,050.00"
2020-07-27,2020072701027516,KBL,10,6,500,201.00,"100,500.00"
2020-07-27,2020072701027515,KBL,10,48,678,201.00,"136,278.00"
2020-07-27,2020072701027908,KMCDB,59,44,20,865.00,"17,300.00"
2020-07-27,2020072701027891,KPCL,34,37,10,106.00,"1,060.00"
2020-07-27,2020072701027765,LBBL,21,6,50,194.00,"9,700.00"
2020-07-27,2020072701027931,LBL,34,44,100,237.00,"23,700.00"
2020-07-27,2020072701027801,LBL,34,44,142,237.00,"33,654.00"
2020-07-27,2020072701027883,LGIL,57,26,49,481.00,"23,569.00"
2020-07-27,2020072701027841,LGIL,49,26,10,481.00,"4,810.00"
2020-07-27,2020072701027947,LICN,22,22,20,"1,471.00","29,420.00"
2020-07-27,2020072701027946,LICN,40,22,100,"1,471.00","147,100.00"
2020-07-27,2020072701027945,LICN,14,22,80,"1,472.00","117,760.00"
2020-07-27,2020072701027830,LICN,25,34,17,"1,488.00","25,296.00"
2020-07-27,2020072701027829,LICN,25,58,93,"1,485.00","138,105.00"
2020-07-27,2020072701027828,LICN,25,49,20,"1,480.00","29,600.00"
2020-07-27,2020072701027827,LICN,25,59,90,"1,480.00","133,200.00"
2020-07-27,2020072701027659,LLBS,33,33,62,"1,180.00","73,160.00"
2020-07-27,2020072701027950,MBL,35,57,72,240.00,"17,280.00"
2020-07-27,2020072701027949,MBL,6,57,156,240.00,"37,440.00"
2020-07-27,2020072701027995,MEGA,43,37,88,238.00,"20,944.00"
2020-07-27,2020072701027994,MEGA,43,1,57,237.00,"13,509.00"
2020-07-27,2020072701027952,MEGA,47,6,58,237.00,"13,746.00"
2020-07-27,2020072701027847,MEGA,46,6,20,237.00,"4,740.00"
2020-07-27,2020072701027620,MEGA,14,38,155,236.00,"36,580.00"
2020-07-27,2020072701027562,MEGA,14,39,200,236.00,"47,200.00"
2020-07-27,2020072701027878,MERO,5,34,97,655.00,"63,535.00"
2020-07-27,2020072701027796,MERO,50,26,87,652.00,"56,724.00"
2020-07-27,2020072701027795,MERO,55,26,20,653.00,"13,060.00"
2020-07-27,2020072701027794,MERO,5,26,43,653.00,"28,079.00"
2020-07-27,2020072701027983,MHNL,36,37,30,82.00,"2,460.00"
2020-07-27,2020072701027860,MHNL,59,57,30,82.00,"2,460.00"
2020-07-27,2020072701027859,MHNL,59,16,40,82.00,"3,280.00"
2020-07-27,2020072701027858,MHNL,59,52,30,82.00,"2,460.00"
2020-07-27,2020072701027857,MHNL,59,37,30,82.00,"2,460.00"
2020-07-27,2020072701027856,MHNL,59,58,40,82.00,"3,280.00"
2020-07-27,2020072701027855,MHNL,59,41,30,82.00,"2,460.00"
2020-07-27,2020072701027854,MHNL,59,58,40,82.00,"3,280.00"
2020-07-27,2020072701027853,MHNL,59,29,20,82.00,"1,640.00"
2020-07-27,2020072701027892,MNBBL,21,14,100,343.00,"34,300.00"
2020-07-27,2020072701027740,NABIL,32,4,450,862.00,"387,900.00"
2020-07-27,2020072701027905,NADEP,33,58,200,660.00,"132,000.00"
2020-07-27,2020072701027907,NBB,47,53,100,214.00,"21,400.00"
2020-07-27,2020072701027906,NBB,47,34,185,214.00,"39,590.00"
2020-07-27,2020072701027823,NBB,47,34,"1,000",214.00,"214,000.00"
2020-07-27,2020072701027771,NBB,47,34,315,214.00,"67,410.00"
2020-07-27,2020072701027770,NBB,47,13,685,214.00,"146,590.00"
2020-07-27,2020072701027769,NBB,47,55,"1,000",214.00,"214,000.00"
2020-07-27,2020072701027698,NBB,47,55,"1,000",214.00,"214,000.00"
2020-07-27,2020072701027824,NBF2,21,57,"3,900",9.49,"37,011.00"
2020-07-27,2020072701027615,NBF2,21,57,"9,500",9.49,"90,155.00"
2020-07-27,2020072701027935,NBL,57,4,803,267.00,"214,401.00"
2020-07-27,2020072701027895,NBL,57,57,135,267.00,"36,045.00"
2020-07-27,2020072701027631,NBL,57,46,62,267.00,"16,554.00"
2020-07-27,2020072701027630,NBL,29,46,438,267.00,"116,946.00"
2020-07-27,2020072701027871,NCCB,56,13,300,200.00,"60,000.00"
2020-07-27,2020072701027815,NCCB,56,13,400,200.00,"80,000.00"
2020-07-27,2020072701027814,NCCB,21,13,100,200.00,"20,000.00"
2020-07-27,2020072701027937,NIB,25,36,16,472.00,"7,552.00"
2020-07-27,2020072701027805,NIB,6,49,100,468.00,"46,800.00"
2020-07-27,2020072701027738,NIB,57,28,500,471.00,"235,500.00"
2020-07-27,2020072701027737,NIB,57,59,100,471.00,"47,100.00"
2020-07-27,2020072701027736,NIB,57,49,10,470.00,"4,700.00"
2020-07-27,2020072701027735,NIB,57,13,166,469.00,"77,854.00"
2020-07-27,2020072701027580,NIB,40,13,100,469.00,"46,900.00"
2020-07-27,2020072701027579,NIB,54,13,21,469.00,"9,849.00"
2020-07-27,2020072701027986,NICA,56,36,150,588.00,"88,200.00"
2020-07-27,2020072701027753,NICA,48,36,68,588.00,"39,984.00"
2020-07-27,2020072701027635,NICA,19,58,120,587.00,"70,440.00"
2020-07-27,2020072701027586,NICA,28,58,50,587.00,"29,350.00"
2020-07-27,2020072701027585,NICA,55,58,280,587.00,"164,360.00"
2020-07-27,2020072701027531,NICA,38,36,135,588.00,"79,380.00"
2020-07-27,2020072701027938,NICL,11,51,77,476.00,"36,652.00"
2020-07-27,2020072701027716,NICL,11,57,423,476.00,"201,348.00"
2020-07-27,2020072701027993,NICLBSL,48,29,20,822.00,"16,440.00"
2020-07-27,2020072701027987,NICLBSL,48,34,10,822.00,"8,220.00"
2020-07-27,2020072701027984,NICLBSL,48,47,10,822.00,"8,220.00"
2020-07-27,2020072701027980,NICLBSL,48,1,10,822.00,"8,220.00"
2020-07-27,2020072701027979,NICLBSL,48,41,10,822.00,"8,220.00"
2020-07-27,2020072701027978,NICLBSL,48,34,10,822.00,"8,220.00"
2020-07-27,2020072701027499,NICLBSL,34,42,10,820.00,"8,200.00"
2020-07-27,2020072701027498,NICLBSL,34,37,10,820.00,"8,200.00"
2020-07-27,2020072701027497,NICLBSL,34,42,20,820.00,"16,400.00"
2020-07-27,2020072701027496,NICLBSL,34,22,10,820.00,"8,200.00"
2020-07-27,2020072701027505,NICLBSL,34,40,10,820.00,"8,200.00"
2020-07-27,2020072701027504,NICLBSL,34,46,10,820.00,"8,200.00"
2020-07-27,2020072701027503,NICLBSL,34,5,10,820.00,"8,200.00"
2020-07-27,2020072701027502,NICLBSL,34,34,10,820.00,"8,200.00"
2020-07-27,2020072701027501,NICLBSL,34,42,10,820.00,"8,200.00"
2020-07-27,2020072701027500,NICLBSL,34,34,10,820.00,"8,200.00"
2020-07-27,2020072701027511,NICLBSL,34,25,10,820.00,"8,200.00"
2020-07-27,2020072701027510,NICLBSL,34,36,10,820.00,"8,200.00"
2020-07-27,2020072701027509,NICLBSL,34,36,10,820.00,"8,200.00"
2020-07-27,2020072701027508,NICLBSL,34,29,10,820.00,"8,200.00"
2020-07-27,2020072701027507,NICLBSL,34,36,10,820.00,"8,200.00"
2020-07-27,2020072701027506,NICLBSL,34,36,10,820.00,"8,200.00"
2020-07-27,2020072701027542,NICLBSL,38,58,10,820.00,"8,200.00"
2020-07-27,2020072701027541,NICLBSL,38,17,20,820.00,"16,400.00"
2020-07-27,2020072701027540,NICLBSL,38,56,10,820.00,"8,200.00"
2020-07-27,2020072701027539,NICLBSL,38,25,10,820.00,"8,200.00"
2020-07-27,2020072701027538,NICLBSL,38,25,10,820.00,"8,200.00"
2020-07-27,2020072701027537,NICLBSL,38,17,10,820.00,"8,200.00"
2020-07-27,2020072701027548,NICLBSL,38,56,10,820.00,"8,200.00"
2020-07-27,2020072701027547,NICLBSL,38,51,10,820.00,"8,200.00"
2020-07-27,2020072701027546,NICLBSL,38,50,10,820.00,"8,200.00"
2020-07-27,2020072701027545,NICLBSL,38,34,10,820.00,"8,200.00"
2020-07-27,2020072701027544,NICLBSL,38,57,10,820.00,"8,200.00"
2020-07-27,2020072701027543,NICLBSL,38,8,10,820.00,"8,200.00"
2020-07-27,2020072701027554,NICLBSL,38,48,20,820.00,"16,400.00"
2020-07-27,2020072701027553,NICLBSL,38,48,20,820.00,"16,400.00"
2020-07-27,2020072701027552,NICLBSL,38,17,10,820.00,"8,200.00"
2020-07-27,2020072701027551,NICLBSL,38,17,10,820.00,"8,200.00"
2020-07-27,2020072701027550,NICLBSL,38,17,10,820.00,"8,200.00"
2020-07-27,2020072701027549,NICLBSL,38,54,10,820.00,"8,200.00"
2020-07-27,2020072701027627,NICLBSL,38,26,10,820.00,"8,200.00"
2020-07-27,2020072701027624,NICLBSL,38,6,10,820.00,"8,200.00"
2020-07-27,2020072701027621,NICLBSL,38,13,30,820.00,"24,600.00"
2020-07-27,2020072701027598,NICLBSL,38,48,10,820.00,"8,200.00"
2020-07-27,2020072701027564,NICLBSL,38,44,10,820.00,"8,200.00"
2020-07-27,2020072701027555,NICLBSL,38,48,10,820.00,"8,200.00"
2020-07-27,2020072701027650,NICLBSL,57,19,10,821.00,"8,210.00"
2020-07-27,2020072701027649,NICLBSL,57,19,10,821.00,"8,210.00"
2020-07-27,2020072701027648,NICLBSL,57,19,20,821.00,"16,420.00"
2020-07-27,2020072701027647,NICLBSL,57,41,10,821.00,"8,210.00"
2020-07-27,2020072701027639,NICLBSL,38,51,10,820.00,"8,200.00"
2020-07-27,2020072701027632,NICLBSL,38,29,10,820.00,"8,200.00"
2020-07-27,2020072701027656,NICLBSL,57,40,10,821.00,"8,210.00"
2020-07-27,2020072701027655,NICLBSL,57,55,20,821.00,"16,420.00"
2020-07-27,2020072701027654,NICLBSL,57,41,10,821.00,"8,210.00"
2020-07-27,2020072701027653,NICLBSL,57,32,10,821.00,"8,210.00"
2020-07-27,2020072701027652,NICLBSL,57,19,10,821.00,"8,210.00"
2020-07-27,2020072701027651,NICLBSL,57,19,10,821.00,"8,210.00"
2020-07-27,2020072701027739,NICLBSL,56,28,10,817.00,"8,170.00"
2020-07-27,2020072701027733,NICLBSL,56,16,10,817.00,"8,170.00"
2020-07-27,2020072701027709,NICLBSL,56,29,20,817.00,"16,340.00"
2020-07-27,2020072701027707,NICLBSL,56,26,10,817.00,"8,170.00"
2020-07-27,2020072701027700,NICLBSL,34,14,10,819.00,"8,190.00"
2020-07-27,2020072701027657,NICLBSL,57,41,20,821.00,"16,420.00"
2020-07-27,2020072701027797,NICLBSL,56,48,10,819.00,"8,190.00"
2020-07-27,2020072701027784,NICLBSL,48,28,10,818.00,"8,180.00"
2020-07-27,2020072701027768,NICLBSL,38,55,10,821.00,"8,210.00"
2020-07-27,2020072701027767,NICLBSL,38,34,10,820.00,"8,200.00"
2020-07-27,2020072701027766,NICLBSL,38,48,10,819.00,"8,190.00"
2020-07-27,2020072701027756,NICLBSL,56,34,10,817.00,"8,170.00"
2020-07-27,2020072701027863,NICLBSL,33,58,100,821.00,"82,100.00"
2020-07-27,2020072701027862,NICLBSL,51,19,10,820.00,"8,200.00"
2020-07-27,2020072701027846,NICLBSL,51,1,10,820.00,"8,200.00"
2020-07-27,2020072701027838,NICLBSL,51,46,10,820.00,"8,200.00"
2020-07-27,2020072701027806,NICLBSL,56,29,10,819.00,"8,190.00"
2020-07-27,2020072701027800,NICLBSL,56,34,10,819.00,"8,190.00"
2020-07-27,2020072701027942,NICLBSL,5,34,100,821.00,"82,100.00"
2020-07-27,2020072701027941,NICLBSL,5,58,100,821.00,"82,100.00"
2020-07-27,2020072701027918,NICLBSL,51,47,20,820.00,"16,400.00"
2020-07-27,2020072701027904,NICLBSL,51,14,10,820.00,"8,200.00"
2020-07-27,2020072701027899,NICLBSL,51,28,10,820.00,"8,200.00"
2020-07-27,2020072701027864,NICLBSL,51,29,10,820.00,"8,200.00"
2020-07-27,2020072701027955,NICLBSL,51,38,10,820.00,"8,200.00"
2020-07-27,2020072701027954,NICLBSL,51,41,10,820.00,"8,200.00"
2020-07-27,2020072701027953,NICLBSL,51,36,10,820.00,"8,200.00"
2020-07-27,2020072701027951,NICLBSL,51,34,10,820.00,"8,200.00"
2020-07-27,2020072701027944,NICLBSL,51,57,10,820.00,"8,200.00"
2020-07-27,2020072701027943,NICLBSL,5,16,10,821.00,"8,210.00"
2020-07-27,2020072701027965,NICLBSL,48,4,10,822.00,"8,220.00"
2020-07-27,2020072701027964,NICLBSL,48,4,10,822.00,"8,220.00"
2020-07-27,2020072701027963,NICLBSL,48,34,10,822.00,"8,220.00"
2020-07-27,2020072701027962,NICLBSL,48,10,10,822.00,"8,220.00"
2020-07-27,2020072701027961,NICLBSL,48,10,10,822.00,"8,220.00"
2020-07-27,2020072701027960,NICLBSL,48,47,10,822.00,"8,220.00"
2020-07-27,2020072701027971,NICLBSL,48,40,10,822.00,"8,220.00"
2020-07-27,2020072701027970,NICLBSL,48,41,10,822.00,"8,220.00"
2020-07-27,2020072701027969,NICLBSL,48,41,10,822.00,"8,220.00"
2020-07-27,2020072701027968,NICLBSL,48,41,20,822.00,"16,440.00"
2020-07-27,2020072701027967,NICLBSL,48,10,10,822.00,"8,220.00"
2020-07-27,2020072701027966,NICLBSL,48,4,10,822.00,"8,220.00"
2020-07-27,2020072701027977,NICLBSL,48,40,10,822.00,"8,220.00"
2020-07-27,2020072701027976,NICLBSL,48,40,10,822.00,"8,220.00"
2020-07-27,2020072701027975,NICLBSL,48,40,10,822.00,"8,220.00"
2020-07-27,2020072701027974,NICLBSL,48,40,10,822.00,"8,220.00"
2020-07-27,2020072701027973,NICLBSL,48,40,10,822.00,"8,220.00"
2020-07-27,2020072701027972,NICLBSL,48,40,10,822.00,"8,220.00"
2020-07-27,2020072701027799,NIL,3,35,36,647.00,"23,292.00"
2020-07-27,2020072701027662,NIL,45,37,500,653.00,"326,500.00"
2020-07-27,2020072701027661,NIL,45,37,190,653.00,"124,070.00"
2020-07-27,2020072701027622,NIL,3,35,50,647.00,"32,350.00"
2020-07-27,2020072701027641,NLBBL,10,44,129,751.00,"96,879.00"
2020-07-27,2020072701027948,NLIC,29,45,227,"1,380.00","313,260.00"
2020-07-27,2020072701027936,NLIC,28,45,73,"1,380.00","100,740.00"
2020-07-27,2020072701027916,NLIC,28,39,24,"1,380.00","33,120.00"
2020-07-27,2020072701027915,NLIC,28,39,20,"1,380.00","27,600.00"
2020-07-27,2020072701027914,NLIC,28,39,30,"1,380.00","41,400.00"
2020-07-27,2020072701027913,NLIC,28,39,30,"1,380.00","41,400.00"
2020-07-27,2020072701027534,NLIC,19,39,20,"1,375.00","27,500.00"
2020-07-27,2020072701027701,NLIC,36,39,20,"1,379.00","27,580.00"
2020-07-27,2020072701027629,NLIC,1,38,300,"1,378.00","413,400.00"
2020-07-27,2020072701027628,NLIC,1,6,20,"1,377.00","27,540.00"
2020-07-27,2020072701027626,NLIC,19,39,20,"1,375.00","27,500.00"
2020-07-27,2020072701027616,NLIC,34,1,20,"1,376.00","27,520.00"
2020-07-27,2020072701027599,NLIC,50,39,21,"1,376.00","28,896.00"
2020-07-27,2020072701027727,NLIC,57,39,20,"1,380.00","27,600.00"
2020-07-27,2020072701027726,NLIC,57,39,100,"1,380.00","138,000.00"
2020-07-27,2020072701027725,NLIC,57,39,10,"1,380.00","13,800.00"
2020-07-27,2020072701027724,NLIC,57,38,18,"1,379.00","24,822.00"
2020-07-27,2020072701027703,NLIC,36,38,12,"1,379.00","16,548.00"
2020-07-27,2020072701027702,NLIC,36,35,68,"1,379.00","93,772.00"
2020-07-27,2020072701027734,NLIC,1,39,135,"1,378.00","186,030.00"
2020-07-27,2020072701027732,NLIC,57,25,267,"1,380.00","368,460.00"
2020-07-27,2020072701027731,NLIC,57,39,30,"1,380.00","41,400.00"
2020-07-27,2020072701027730,NLIC,57,39,20,"1,380.00","27,600.00"
2020-07-27,2020072701027729,NLIC,57,39,15,"1,380.00","20,700.00"
2020-07-27,2020072701027728,NLIC,57,39,20,"1,380.00","27,600.00"
2020-07-27,2020072701027912,NLIC,28,39,20,"1,380.00","27,600.00"
2020-07-27,2020072701027911,NLIC,28,39,20,"1,380.00","27,600.00"
2020-07-27,2020072701027910,NLIC,28,25,33,"1,380.00","45,540.00"
2020-07-27,2020072701027880,NLIC,41,39,70,"1,379.00","96,530.00"
2020-07-27,2020072701027879,NLIC,18,39,30,"1,379.00","41,370.00"
2020-07-27,2020072701027798,NLIC,18,39,50,"1,379.00","68,950.00"
2020-07-27,2020072701027583,NLICL,11,53,100,716.00,"71,600.00"
2020-07-27,2020072701027582,NLICL,11,38,500,715.00,"357,500.00"
2020-07-27,2020072701027581,NLICL,11,34,300,714.00,"214,200.00"
2020-07-27,2020072701027917,NMB,49,44,25,438.00,"10,950.00"
2020-07-27,2020072701027848,NMB,14,44,100,438.00,"43,800.00"
2020-07-27,2020072701027821,NMB,17,44,50,438.00,"21,900.00"
2020-07-27,2020072701027777,NMB,58,44,10,438.00,"4,380.00"
2020-07-27,2020072701027776,NMB,13,44,200,438.00,"87,600.00"
2020-07-27,2020072701027691,NMB,50,49,15,437.00,"6,555.00"
2020-07-27,2020072701027590,NMB,50,38,58,437.00,"25,346.00"
2020-07-27,2020072701027992,NRIC,37,58,10,558.00,"5,580.00"
2020-07-27,2020072701027991,NRIC,3,58,30,558.00,"16,740.00"
2020-07-27,2020072701027985,NRIC,3,49,40,558.00,"22,320.00"
2020-07-27,2020072701027940,NRIC,3,29,40,558.00,"22,320.00"
2020-07-27,2020072701027934,NRIC,3,14,40,558.00,"22,320.00"
2020-07-27,2020072701027926,NRIC,44,38,600,560.00,"336,000.00"
2020-07-27,2020072701027514,NRIC,28,16,20,558.00,"11,160.00"
2020-07-27,2020072701027513,NRIC,38,16,10,558.00,"5,580.00"
2020-07-27,2020072701027512,NRIC,38,44,40,558.00,"22,320.00"
2020-07-27,2020072701027706,NRIC,58,50,20,560.00,"11,200.00"
2020-07-27,2020072701027690,NRIC,28,28,40,558.00,"22,320.00"
2020-07-27,2020072701027668,NRIC,28,49,50,558.00,"27,900.00"
2020-07-27,2020072701027625,NRIC,28,16,10,558.00,"5,580.00"
2020-07-27,2020072701027600,NRIC,28,29,40,558.00,"22,320.00"
2020-07-27,2020072701027536,NRIC,28,29,40,558.00,"22,320.00"
2020-07-27,2020072701027750,NRIC,3,11,20,558.00,"11,160.00"
2020-07-27,2020072701027749,NRIC,56,11,20,558.00,"11,160.00"
2020-07-27,2020072701027745,NRIC,56,14,30,558.00,"16,740.00"
2020-07-27,2020072701027744,NRIC,28,14,10,558.00,"5,580.00"
2020-07-27,2020072701027743,NRIC,28,29,40,558.00,"22,320.00"
2020-07-27,2020072701027723,NRIC,28,52,50,558.00,"27,900.00"
2020-07-27,2020072701027849,NRIC,25,58,40,559.00,"22,360.00"
2020-07-27,2020072701027825,NRIC,6,49,50,559.00,"27,950.00"
2020-07-27,2020072701027816,NRIC,6,28,50,559.00,"27,950.00"
2020-07-27,2020072701027781,NRIC,3,29,40,558.00,"22,320.00"
2020-07-27,2020072701027764,NRIC,3,44,40,558.00,"22,320.00"
2020-07-27,2020072701027760,NRIC,3,49,50,558.00,"27,900.00"
2020-07-27,2020072701027876,NRIC,3,28,40,558.00,"22,320.00"
2020-07-27,2020072701027873,NRIC,3,53,40,558.00,"22,320.00"
2020-07-27,2020072701027868,NRIC,3,11,50,558.00,"27,900.00"
2020-07-27,2020072701027852,NRIC,25,50,80,560.00,"44,800.00"
2020-07-27,2020072701027851,NRIC,25,41,50,560.00,"28,000.00"
2020-07-27,2020072701027850,NRIC,25,50,130,560.00,"72,800.00"
2020-07-27,2020072701027920,NRIC,3,58,50,558.00,"27,900.00"
2020-07-27,2020072701027900,NRIC,3,49,40,558.00,"22,320.00"
2020-07-27,2020072701027897,NRIC,3,29,40,558.00,"22,320.00"
2020-07-27,2020072701027894,NRIC,50,38,80,560.00,"44,800.00"
2020-07-27,2020072701027893,NRIC,50,50,20,560.00,"11,200.00"
2020-07-27,2020072701027881,NRIC,3,47,40,558.00,"22,320.00"
2020-07-27,2020072701027752,NUBL,6,38,180,"1,008.00","181,440.00"
2020-07-27,2020072701027787,OHL,50,50,34,381.00,"12,954.00"
2020-07-27,2020072701027929,PCBL,47,8,44,284.00,"12,496.00"
2020-07-27,2020072701027694,PCBL,47,51,10,284.00,"2,840.00"
2020-07-27,2020072701027693,PCBL,47,51,50,284.00,"14,200.00"
2020-07-27,2020072701027692,PCBL,58,51,50,284.00,"14,200.00"
2020-07-27,2020072701027578,PCBL,58,8,50,284.00,"14,200.00"
2020-07-27,2020072701027577,PCBL,22,8,100,284.00,"28,400.00"
2020-07-27,2020072701027570,PCBL,47,8,50,284.00,"14,200.00"
2020-07-27,2020072701027569,PCBL,47,8,35,284.00,"9,940.00"
2020-07-27,2020072701027568,PCBL,47,8,50,284.00,"14,200.00"
2020-07-27,2020072701027567,PCBL,47,8,40,284.00,"11,360.00"
2020-07-27,2020072701027566,PCBL,47,8,108,284.00,"30,672.00"
2020-07-27,2020072701027576,PCBL,33,8,300,284.00,"85,200.00"
2020-07-27,2020072701027575,PCBL,47,8,75,284.00,"21,300.00"
2020-07-27,2020072701027574,PCBL,10,8,300,284.00,"85,200.00"
2020-07-27,2020072701027573,PCBL,47,8,128,284.00,"36,352.00"
2020-07-27,2020072701027572,PCBL,47,8,53,284.00,"15,052.00"
2020-07-27,2020072701027571,PCBL,47,8,50,284.00,"14,200.00"
2020-07-27,2020072701027956,PIC,51,38,50,655.00,"32,750.00"
2020-07-27,2020072701027884,PIC,38,38,100,655.00,"65,500.00"
2020-07-27,2020072701027719,PIC,49,38,75,655.00,"49,125.00"
2020-07-27,2020072701027614,PIC,33,38,20,654.00,"13,080.00"
2020-07-27,2020072701027535,PIC,34,55,20,650.00,"13,000.00"
2020-07-27,2020072701027640,PPCL,58,6,30,113.00,"3,390.00"
2020-07-27,2020072701027840,PRIN,21,35,69,514.00,"35,466.00"
2020-07-27,2020072701027839,PRIN,21,57,46,514.00,"23,644.00"
2020-07-27,2020072701027877,PRVU,32,38,20,251.00,"5,020.00"
2020-07-27,2020072701027832,PRVU,42,35,62,250.00,"15,500.00"
2020-07-27,2020072701027646,PRVU,42,16,25,250.00,"6,250.00"
2020-07-27,2020072701027922,RBCL,7,36,10,"9,800.00","98,000.00"
2020-07-27,2020072701027921,RBCL,35,36,10,"9,800.00","98,000.00"
2020-07-27,2020072701027933,RHPC,43,5,239,81.00,"19,359.00"
2020-07-27,2020072701027587,RLFL,6,41,65,123.00,"7,995.00"
2020-07-27,2020072701027589,SABSL,33,45,62,824.00,"51,088.00"
2020-07-27,2020072701027588,SABSL,33,36,11,824.00,"9,064.00"
2020-07-27,2020072701027528,SABSL,33,35,11,820.00,"9,020.00"
2020-07-27,2020072701027527,SABSL,33,57,11,820.00,"9,020.00"
2020-07-27,2020072701027526,SABSL,33,46,11,819.00,"9,009.00"
2020-07-27,2020072701027525,SABSL,33,16,11,817.00,"8,987.00"
2020-07-27,2020072701027524,SABSL,33,16,11,817.00,"8,987.00"
2020-07-27,2020072701027523,SABSL,33,19,11,817.00,"8,987.00"
2020-07-27,2020072701027522,SABSL,33,38,11,816.00,"8,976.00"
2020-07-27,2020072701027521,SABSL,33,34,11,815.00,"8,965.00"
2020-07-27,2020072701027520,SABSL,33,42,11,815.00,"8,965.00"
2020-07-27,2020072701027519,SABSL,33,33,11,814.00,"8,954.00"
2020-07-27,2020072701027584,SANIMA,38,38,165,371.00,"61,215.00"
2020-07-27,2020072701027689,SBI,33,57,28,453.00,"12,684.00"
2020-07-27,2020072701027688,SBI,49,57,46,453.00,"20,838.00"
2020-07-27,2020072701027687,SBI,41,57,100,453.00,"45,300.00"
2020-07-27,2020072701027686,SBI,17,57,13,453.00,"5,889.00"
2020-07-27,2020072701027685,SBI,34,57,28,454.00,"12,712.00"
2020-07-27,2020072701027565,SBI,34,49,172,454.00,"78,088.00"
2020-07-27,2020072701027982,SBL,14,49,50,320.00,"16,000.00"
2020-07-27,2020072701027981,SBL,14,17,794,320.00,"254,080.00"
2020-07-27,2020072701027835,SBL,4,17,206,320.00,"65,920.00"
2020-07-27,2020072701027834,SBL,4,6,94,320.00,"30,080.00"
2020-07-27,2020072701027810,SCB,36,34,50,699.00,"34,950.00"
2020-07-27,2020072701027896,SHINE,17,34,100,250.00,"25,000.00"
2020-07-27,2020072701027742,SHIVM,11,52,50,625.00,"31,250.00"
2020-07-27,2020072701027533,SHIVM,56,52,10,625.00,"6,250.00"
2020-07-27,2020072701027775,SHPC,51,28,23,221.00,"5,083.00"
2020-07-27,2020072701027774,SHPC,56,28,100,221.00,"22,100.00"
2020-07-27,2020072701027773,SHPC,45,28,50,221.00,"11,050.00"
2020-07-27,2020072701027772,SHPC,4,28,27,222.00,"5,994.00"
2020-07-27,2020072701027925,SIC,6,44,50,775.00,"38,750.00"
2020-07-27,2020072701027924,SIC,6,34,100,775.00,"77,500.00"
2020-07-27,2020072701027923,SIC,6,37,125,774.00,"96,750.00"
2020-07-27,2020072701027890,SICL,33,47,40,"1,245.00","49,800.00"
2020-07-27,2020072701027889,SICL,14,47,30,"1,246.00","37,380.00"
2020-07-27,2020072701027888,SICL,56,47,20,"1,246.00","24,920.00"
2020-07-27,2020072701027887,SICL,8,47,50,"1,247.00","62,350.00"
2020-07-27,2020072701027804,SICL,47,59,100,"1,259.00","125,900.00"
2020-07-27,2020072701027644,SICL,44,59,100,"1,259.00","125,900.00"
2020-07-27,2020072701027643,SICL,44,1,10,"1,259.00","12,590.00"
2020-07-27,2020072701027642,SICL,10,43,100,"1,250.00","125,000.00"
2020-07-27,2020072701027990,SIL,44,1,50,620.00,"31,000.00"
2020-07-27,2020072701027870,SIL,55,52,100,625.00,"62,500.00"
2020-07-27,2020072701027869,SIL,55,44,900,625.00,"562,500.00"
2020-07-27,2020072701027623,SIL,29,44,100,626.00,"62,600.00"
2020-07-27,2020072701027561,SIL,44,25,777,620.00,"481,740.00"
2020-07-27,2020072701027560,SIL,20,25,100,620.00,"62,000.00"
2020-07-27,2020072701027559,SIL,44,25,40,620.00,"24,800.00"
2020-07-27,2020072701027558,SIL,33,25,500,621.00,"310,500.00"
2020-07-27,2020072701027557,SIL,42,25,100,625.00,"62,500.00"
2020-07-27,2020072701027556,SIL,35,25,40,625.00,"25,000.00"
2020-07-27,2020072701027699,SLBS,13,4,38,"1,022.00","38,836.00"
2020-07-27,2020072701027903,SLICL,44,44,129,466.00,"60,114.00"
2020-07-27,2020072701027902,SLICL,26,44,41,467.00,"19,147.00"
2020-07-27,2020072701027901,SLICL,46,44,30,468.00,"14,040.00"
2020-07-27,2020072701027705,SMB,19,38,10,897.00,"8,970.00"
2020-07-27,2020072701027704,SMB,19,3,10,895.00,"8,950.00"
2020-07-27,2020072701027845,SPARS,25,52,50,887.00,"44,350.00"
2020-07-27,2020072701027604,SPARS,25,50,10,887.00,"8,870.00"
2020-07-27,2020072701027603,SPARS,49,50,20,887.00,"17,740.00"
2020-07-27,2020072701027602,SPARS,26,50,10,888.00,"8,880.00"
2020-07-27,2020072701027882,STC,16,35,100,"2,800.00","280,000.00"
2020-07-27,2020072701027812,STC,22,51,20,"2,800.00","56,000.00"
2020-07-27,2020072701027660,STC,22,51,20,"2,800.00","56,000.00"
2020-07-27,2020072701027831,SWBBL,43,14,10,"1,252.00","12,520.00"
2020-07-27,2020072701027755,SWBBL,43,57,83,"1,241.00","103,003.00"
2020-07-27,2020072701027619,SWBBL,44,59,190,"1,240.00","235,600.00"
2020-07-27,2020072701027618,SWBBL,34,59,10,"1,240.00","12,400.00"
2020-07-27,2020072701027886,TRH,3,5,50,238.00,"11,900.00"
2020-07-27,2020072701027885,TRH,51,5,150,240.00,"36,000.00"
2020-07-27,2020072701027695,TRH,58,4,15,242.00,"3,630.00"
2020-07-27,2020072701027988,UIC,53,26,200,389.00,"77,800.00"
2020-07-27,2020072701027718,UNHPL,43,45,50,51.00,"2,550.00"
2020-07-27,2020072701027717,UNHPL,43,16,100,51.00,"5,100.00"
2020-07-27,2020072701027820,UPPER,41,4,40,231.00,"9,240.00"
2020-07-27,2020072701027819,UPPER,41,45,50,231.00,"11,550.00"
2020-07-27,2020072701027818,UPPER,41,5,50,231.00,"11,550.00"
2020-07-27,2020072701027817,UPPER,41,1,260,231.00,"60,060.00"
2020-07-27,2020072701027720,UPPER,25,1,62,231.00,"14,322.00"
2020-07-27,2020072701027708,UPPER,37,6,500,230.00,"115,000.00"
2020-07-27,2020072701027658,UPPER,37,38,171,230.00,"39,330.00"
2020-07-27,2020072701027427,ADBL,22,39,25,433.00,"10,825.00"
2020-07-27,2020072701027405,ADBL,22,39,30,433.00,"12,990.00"
2020-07-27,2020072701027357,ADBL,14,39,50,433.00,"21,650.00"
2020-07-27,2020072701027170,ADBL,54,39,100,433.00,"43,300.00"
2020-07-27,2020072701027088,AKJCL,44,49,20,48.00,960.00
2020-07-27,2020072701027071,ALICL,6,49,201,654.00,"131,454.00"
2020-07-27,2020072701027013,ALICL,6,49,255,654.00,"166,770.00"
2020-07-27,2020072701027012,ALICL,6,54,45,653.00,"29,385.00"
2020-07-27,2020072701027164,API,14,14,27,108.00,"2,916.00"
2020-07-27,2020072701027058,BOKL,13,13,"4,775",240.00,"1,146,000.00"
2020-07-27,2020072701027447,CBBL,34,54,400,"1,097.00","438,800.00"
2020-07-27,2020072701027443,CBBL,34,17,205,"1,097.00","224,885.00"
2020-07-27,2020072701027360,CBBL,50,50,3,"1,099.00","3,297.00"
2020-07-27,2020072701027157,CBBL,44,17,200,"1,098.00","219,600.00"
2020-07-27,2020072701027156,CBBL,6,17,50,"1,098.00","54,900.00"
2020-07-27,2020072701027155,CBBL,57,17,90,"1,099.00","98,910.00"
2020-07-27,2020072701027110,CBBL,57,38,10,"1,099.00","10,990.00"
2020-07-27,2020072701027402,CBL,48,38,25,147.00,"3,675.00"
2020-07-27,2020072701027450,CCBL,4,49,654,178.00,"116,412.00"
2020-07-27,2020072701027408,CCBL,17,53,100,179.00,"17,900.00"
2020-07-27,2020072701027457,CHCL,38,37,10,406.00,"4,060.00"
2020-07-27,2020072701027437,CHCL,25,53,50,405.00,"20,250.00"
2020-07-27,2020072701027277,CHCL,25,53,30,406.00,"12,180.00"
2020-07-27,2020072701027082,CIT,35,16,40,"2,583.00","103,320.00"
2020-07-27,2020072701027375,CLBSL,57,51,10,740.00,"7,400.00"
2020-07-27,2020072701027252,CMF1,7,44,100,9.78,978.00
2020-07-27,2020072701027065,CORBL,37,6,"1,000",114.00,"114,000.00"
2020-07-27,2020072701027064,CORBL,48,6,100,114.00,"11,400.00"
2020-07-27,2020072701027063,CORBL,55,6,100,114.00,"11,400.00"
2020-07-27,2020072701027062,CORBL,20,6,50,114.00,"5,700.00"
2020-07-27,2020072701027061,CORBL,47,6,200,114.00,"22,800.00"
2020-07-27,2020072701027361,CZBIL,41,6,10,201.00,"2,010.00"
2020-07-27,2020072701027292,CZBIL,51,6,100,201.00,"20,100.00"
2020-07-27,2020072701027289,CZBIL,13,6,200,201.00,"40,200.00"
2020-07-27,2020072701027367,DDBL,16,19,58,871.00,"50,518.00"
2020-07-27,2020072701027366,DDBL,38,19,92,873.00,"80,316.00"
2020-07-27,2020072701027338,DDBL,38,19,210,873.00,"183,330.00"
2020-07-27,2020072701027046,DDBL,25,36,163,874.00,"142,462.00"
2020-07-27,2020072701027456,EBL,36,42,100,772.00,"77,200.00"
2020-07-27,2020072701027151,EBL,58,42,50,772.00,"38,600.00"
2020-07-27,2020072701027123,EBL,34,1,50,769.00,"38,450.00"
2020-07-27,2020072701027011,EBL,14,49,501,770.00,"385,770.00"
2020-07-27,2020072701027340,EDBL,42,56,100,338.00,"33,800.00"
2020-07-27,2020072701027339,EDBL,42,35,50,338.00,"16,900.00"
2020-07-27,2020072701027472,FMDBL,50,56,100,556.00,"55,600.00"
2020-07-27,2020072701027439,GBBL,40,48,20,250.00,"5,000.00"
2020-07-27,2020072701027371,GBBL,14,48,160,250.00,"40,000.00"
2020-07-27,2020072701027370,GBBL,14,34,740,250.00,"185,000.00"
2020-07-27,2020072701027389,GBIME,25,44,10,267.00,"2,670.00"
2020-07-27,2020072701027074,GBIME,34,21,50,266.00,"13,300.00"
2020-07-27,2020072701027410,GBLBS,44,22,400,525.00,"210,000.00"
2020-07-27,2020072701027373,GBLBS,44,28,15,525.00,"7,875.00"
2020-07-27,2020072701027349,GBLBS,33,21,810,525.00,"425,250.00"
2020-07-27,2020072701027429,GILB,16,57,30,"1,310.00","39,300.00"
2020-07-27,2020072701027341,GILB,39,57,20,"1,310.00","26,200.00"
2020-07-27,2020072701027294,GIMES1,53,49,"1,000",8.74,"8,740.00"
2020-07-27,2020072701027470,GLBSL,43,34,130,887.00,"115,310.00"
2020-07-27,2020072701027469,GLBSL,43,17,10,886.00,"8,860.00"
2020-07-27,2020072701027468,GLBSL,43,32,236,881.00,"207,916.00"
2020-07-27,2020072701027381,GLBSL,43,28,10,880.00,"8,800.00"
2020-07-27,2020072701027192,GLBSL,46,43,10,863.00,"8,630.00"
2020-07-27,2020072701027210,GLICL,22,42,31,487.00,"15,097.00"
2020-07-27,2020072701027267,GMFBS,26,34,10,830.00,"8,300.00"
2020-07-27,2020072701027052,HBL,48,5,300,577.00,"173,100.00"
2020-07-27,2020072701027163,HDL,25,19,50,"1,744.00","87,200.00"
2020-07-27,2020072701027060,HDL,16,19,50,"1,741.00","87,050.00"
2020-07-27,2020072701027201,HGI,26,57,70,427.00,"29,890.00"
2020-07-27,2020072701027203,HIDCL,26,28,49,132.00,"6,468.00"
2020-07-27,2020072701027202,HIDCL,26,45,51,132.00,"6,732.00"
2020-07-27,2020072701027154,HIDCL,26,51,31,130.00,"4,030.00"
2020-07-27,2020072701027480,HPPL,42,8,20,132.00,"2,640.00"
2020-07-27,2020072701027348,HPPL,42,16,10,132.00,"1,320.00"
2020-07-27,2020072701027396,ILBS,52,57,11,792.00,"8,712.00"
2020-07-27,2020072701027107,JBBL,5,1,70,181.00,"12,670.00"
2020-07-27,2020072701027106,JBBL,1,1,100,181.00,"18,100.00"
2020-07-27,2020072701027105,JBBL,4,1,50,181.00,"9,050.00"
2020-07-27,2020072701027104,JBBL,19,1,280,182.00,"50,960.00"
2020-07-27,2020072701027079,JBBL,19,32,20,182.00,"3,640.00"
2020-07-27,2020072701027078,JBBL,48,32,20,182.00,"3,640.00"
2020-07-27,2020072701027077,JBBL,14,32,20,182.00,"3,640.00"
2020-07-27,2020072701027076,JBBL,44,32,183,182.00,"33,306.00"
2020-07-27,2020072701027317,KMCDB,7,36,50,865.00,"43,250.00"
2020-07-27,2020072701027153,KMCDB,52,26,10,860.00,"8,600.00"
2020-07-27,2020072701027477,LBL,34,39,15,237.00,"3,555.00"
2020-07-27,2020072701027476,LBL,14,39,185,237.00,"43,845.00"
2020-07-27,2020072701027307,LGIL,49,13,78,474.00,"36,972.00"
2020-07-27,2020072701027306,LGIL,28,13,50,475.00,"23,750.00"
2020-07-27,2020072701027116,LGIL,52,35,71,476.00,"33,796.00"
2020-07-27,2020072701027100,LGIL,49,10,22,474.00,"10,428.00"
2020-07-27,2020072701027301,LICN,25,59,30,"1,480.00","44,400.00"
2020-07-27,2020072701027300,LICN,25,7,70,"1,475.00","103,250.00"
2020-07-27,2020072701027265,LICN,50,7,80,"1,475.00","118,000.00"
2020-07-27,2020072701027264,LICN,50,57,20,"1,475.00","29,500.00"
2020-07-27,2020072701027382,LLBS,57,6,27,"1,180.00","31,860.00"
2020-07-27,2020072701027172,LLBS,33,5,15,"1,178.00","17,670.00"
2020-07-27,2020072701027098,LLBS,33,57,52,"1,180.00","61,360.00"
2020-07-27,2020072701027066,LLBS,26,57,50,"1,181.00","59,050.00"
2020-07-27,2020072701027109,MBL,6,28,34,240.00,"8,160.00"
2020-07-27,2020072701027479,MDB,59,58,500,330.00,"165,000.00"
2020-07-27,2020072701027478,MDB,14,58,200,331.00,"66,200.00"
2020-07-27,2020072701027446,MEGA,33,6,200,237.00,"47,400.00"
2020-07-27,2020072701027428,MEGA,25,6,12,237.00,"2,844.00"
2020-07-27,2020072701027191,MEGA,14,35,200,236.00,"47,200.00"
2020-07-27,2020072701027117,MERO,51,46,43,653.00,"28,079.00"
2020-07-27,2020072701027051,MERO,50,43,50,652.00,"32,600.00"
2020-07-27,2020072701027297,MERO,34,34,53,655.00,"34,715.00"
2020-07-27,2020072701027368,MNBBL,53,6,10,342.00,"3,420.00"
2020-07-27,2020072701027458,NABIL,33,4,50,862.00,"43,100.00"
2020-07-27,2020072701027394,NABIL,40,57,30,864.00,"25,920.00"
2020-07-27,2020072701027393,NABIL,40,57,65,864.00,"56,160.00"
2020-07-27,2020072701027278,NABIL,54,4,10,865.00,"8,650.00"
2020-07-27,2020072701027122,NABIL,28,5,90,861.00,"77,490.00"
2020-07-27,2020072701027121,NABIL,17,5,50,863.00,"43,150.00"
2020-07-27,2020072701027253,NBB,52,10,107,211.00,"22,577.00"
2020-07-27,2020072701027043,NBB,38,1,200,212.00,"42,400.00"
2020-07-27,2020072701027263,NBF2,11,57,"10,000",9.49,"94,900.00"
2020-07-27,2020072701027209,NBF2,21,26,500,9.47,"4,735.00"
2020-07-27,2020072701027049,NBF2,57,57,"40,000",9.46,"378,400.00"
2020-07-27,2020072701027048,NBF2,49,57,"31,000",9.46,"293,260.00"
2020-07-27,2020072701027047,NBF2,8,57,"5,000",9.47,"47,350.00"
2020-07-27,2020072701027471,NBL,29,59,62,267.00,"16,554.00"
2020-07-27,2020072701027069,NBL,39,53,100,266.00,"26,600.00"
2020-07-27,2020072701027298,NCCB,58,56,122,200.00,"24,400.00"
2020-07-27,2020072701027174,NCCB,58,20,78,199.00,"15,522.00"
2020-07-27,2020072701027120,NCCB,58,58,"25,000",200.00,"5,000,000.00"
2020-07-27,2020072701027009,NCCB,58,7,150,200.00,"30,000.00"
2020-07-27,2020072701027483,NGPL,53,17,"2,000",120.00,"240,000.00"
2020-07-27,2020072701027482,NGPL,53,33,973,120.00,"116,760.00"
2020-07-27,2020072701027271,NGPL,53,10,105,118.00,"12,390.00"
2020-07-27,2020072701027270,NGPL,28,10,100,119.00,"11,900.00"
2020-07-27,2020072701027195,NGPL,45,51,11,119.00,"1,309.00"
2020-07-27,2020072701027417,NIB,38,49,10,470.00,"4,700.00"
2020-07-27,2020072701027305,NIB,54,10,19,469.00,"8,911.00"
2020-07-27,2020072701027304,NIB,34,10,50,470.00,"23,500.00"
2020-07-27,2020072701027303,NIB,58,10,51,470.00,"23,970.00"
2020-07-27,2020072701027251,NIB,58,51,49,470.00,"23,030.00"
2020-07-27,2020072701027081,NIB,33,42,50,469.00,"23,450.00"
2020-07-27,2020072701027276,NIBPO,51,33,80,395.00,"31,600.00"
2020-07-27,2020072701027275,NIBPO,28,33,20,395.00,"7,900.00"
2020-07-27,2020072701027464,NICA,55,13,100,587.00,"58,700.00"
2020-07-27,2020072701027359,NICA,25,36,30,588.00,"17,640.00"
2020-07-27,2020072701027329,NICA,55,49,50,587.00,"29,350.00"
2020-07-27,2020072701027328,NICA,55,1,70,587.00,"41,090.00"
2020-07-27,2020072701027266,NICA,43,1,500,587.00,"293,500.00"
2020-07-27,2020072701027130,NICA,40,1,20,587.00,"11,740.00"
2020-07-27,2020072701027126,NICA,35,1,100,587.00,"58,700.00"
2020-07-27,2020072701027118,NICA,19,1,400,587.00,"234,800.00"
2020-07-27,2020072701027094,NICA,38,1,16,587.00,"9,392.00"
2020-07-27,2020072701027075,NICA,49,1,50,587.00,"29,350.00"
2020-07-27,2020072701027019,NICBF,49,16,300,9.59,"2,877.00"
2020-07-27,2020072701027018,NICBF,58,16,500,9.60,"4,800.00"
2020-07-27,2020072701027152,NICGF,58,35,160,9.96,"1,593.60"
2020-07-27,2020072701027302,NICL,58,57,10,476.00,"4,760.00"
2020-07-27,2020072701027068,NICL,50,34,507,474.00,"240,318.00"
2020-07-27,2020072701027067,NICL,50,38,325,474.00,"154,050.00"
2020-07-27,2020072701027045,NICL,50,38,"1,000",474.00,"474,000.00"
2020-07-27,2020072701027495,NICLBSL,34,43,10,820.00,"8,200.00"
2020-07-27,2020072701027494,NICLBSL,34,56,10,820.00,"8,200.00"
2020-07-27,2020072701027493,NICLBSL,34,41,10,819.00,"8,190.00"
2020-07-27,2020072701027492,NICLBSL,34,41,10,819.00,"8,190.00"
2020-07-27,2020072701027491,NICLBSL,34,25,10,819.00,"8,190.00"
2020-07-27,2020072701027490,NICLBSL,34,45,10,819.00,"8,190.00"
2020-07-27,2020072701026996,NICLBSL,40,21,10,812.00,"8,120.00"
2020-07-27,2020072701027002,NICLBSL,40,40,10,812.00,"8,120.00"
2020-07-27,2020072701027001,NICLBSL,40,40,10,812.00,"8,120.00"
2020-07-27,2020072701027000,NICLBSL,40,40,10,812.00,"8,120.00"
2020-07-27,2020072701026999,NICLBSL,40,40,10,812.00,"8,120.00"
2020-07-27,2020072701026998,NICLBSL,40,35,10,812.00,"8,120.00"
2020-07-27,2020072701026997,NICLBSL,40,53,10,812.00,"8,120.00"
2020-07-27,2020072701027024,NICLBSL,57,40,10,813.00,"8,130.00"
2020-07-27,2020072701027023,NICLBSL,57,13,10,813.00,"8,130.00"
2020-07-27,2020072701027022,NICLBSL,57,53,10,813.00,"8,130.00"
2020-07-27,2020072701027021,NICLBSL,57,55,10,811.00,"8,110.00"
2020-07-27,2020072701027020,NICLBSL,57,49,10,811.00,"8,110.00"
2020-07-27,2020072701027003,NICLBSL,40,35,10,812.00,"8,120.00"
2020-07-27,2020072701027030,NICLBSL,57,40,10,813.00,"8,130.00"
2020-07-27,2020072701027029,NICLBSL,57,40,10,813.00,"8,130.00"
2020-07-27,2020072701027028,NICLBSL,57,57,10,813.00,"8,130.00"
2020-07-27,2020072701027027,NICLBSL,57,57,10,813.00,"8,130.00"
2020-07-27,2020072701027026,NICLBSL,57,40,10,813.00,"8,130.00"
2020-07-27,2020072701027025,NICLBSL,57,40,10,813.00,"8,130.00"
2020-07-27,2020072701027036,NICLBSL,48,57,10,813.00,"8,130.00"
2020-07-27,2020072701027035,NICLBSL,48,57,10,813.00,"8,130.00"
2020-07-27,2020072701027034,NICLBSL,57,57,10,813.00,"8,130.00"
2020-07-27,2020072701027033,NICLBSL,57,57,10,813.00,"8,130.00"
2020-07-27,2020072701027032,NICLBSL,57,40,10,813.00,"8,130.00"
2020-07-27,2020072701027031,NICLBSL,57,57,10,813.00,"8,130.00"
2020-07-27,2020072701027044,NICLBSL,5,21,10,813.00,"8,130.00"
2020-07-27,2020072701027042,NICLBSL,5,34,40,813.00,"32,520.00"
2020-07-27,2020072701027041,NICLBSL,51,14,10,810.00,"8,100.00"
2020-07-27,2020072701027039,NICLBSL,48,34,460,813.00,"373,980.00"
2020-07-27,2020072701027038,NICLBSL,48,47,10,813.00,"8,130.00"
2020-07-27,2020072701027037,NICLBSL,48,42,10,813.00,"8,130.00"
2020-07-27,2020072701027114,NICLBSL,11,40,10,814.00,"8,140.00"
2020-07-27,2020072701027113,NICLBSL,11,40,10,814.00,"8,140.00"
2020-07-27,2020072701027112,NICLBSL,11,40,10,814.00,"8,140.00"
2020-07-27,2020072701027111,NICLBSL,11,40,10,814.00,"8,140.00"
2020-07-27,2020072701027080,NICLBSL,5,51,10,813.00,"8,130.00"
2020-07-27,2020072701027072,NICLBSL,5,21,10,813.00,"8,130.00"
2020-07-27,2020072701027135,NICLBSL,5,28,10,815.00,"8,150.00"
2020-07-27,2020072701027134,NICLBSL,5,28,10,815.00,"8,150.00"
2020-07-27,2020072701027133,NICLBSL,5,22,10,815.00,"8,150.00"
2020-07-27,2020072701027127,NICLBSL,50,21,20,814.00,"16,280.00"
2020-07-27,2020072701027125,NICLBSL,50,34,10,814.00,"8,140.00"
2020-07-27,2020072701027115,NICLBSL,11,40,10,814.00,"8,140.00"
2020-07-27,2020072701027141,NICLBSL,5,52,10,815.00,"8,150.00"
2020-07-27,2020072701027140,NICLBSL,5,49,10,815.00,"8,150.00"
2020-07-27,2020072701027139,NICLBSL,5,48,50,815.00,"40,750.00"
2020-07-27,2020072701027138,NICLBSL,5,57,10,815.00,"8,150.00"
2020-07-27,2020072701027137,NICLBSL,5,40,10,815.00,"8,150.00"
2020-07-27,2020072701027136,NICLBSL,5,6,10,815.00,"8,150.00"
2020-07-27,2020072701027147,NICLBSL,5,14,10,815.00,"8,150.00"
2020-07-27,2020072701027146,NICLBSL,5,29,10,815.00,"8,150.00"
2020-07-27,2020072701027145,NICLBSL,5,14,10,815.00,"8,150.00"
2020-07-27,2020072701027144,NICLBSL,5,41,10,815.00,"8,150.00"
2020-07-27,2020072701027143,NICLBSL,5,34,10,815.00,"8,150.00"
2020-07-27,2020072701027142,NICLBSL,5,48,20,815.00,"16,300.00"
2020-07-27,2020072701027176,NICLBSL,40,10,10,816.00,"8,160.00"
2020-07-27,2020072701027175,NICLBSL,40,38,10,816.00,"8,160.00"
2020-07-27,2020072701027169,NICLBSL,40,21,10,815.00,"8,150.00"
2020-07-27,2020072701027162,NICLBSL,40,10,10,815.00,"8,150.00"
2020-07-27,2020072701027150,NICLBSL,40,14,10,815.00,"8,150.00"
2020-07-27,2020072701027148,NICLBSL,40,34,100,815.00,"81,500.00"
2020-07-27,2020072701027182,NICLBSL,40,10,10,816.00,"8,160.00"
2020-07-27,2020072701027181,NICLBSL,40,10,10,816.00,"8,160.00"
2020-07-27,2020072701027180,NICLBSL,40,10,10,816.00,"8,160.00"
2020-07-27,2020072701027179,NICLBSL,40,10,10,816.00,"8,160.00"
2020-07-27,2020072701027178,NICLBSL,40,42,10,816.00,"8,160.00"
2020-07-27,2020072701027177,NICLBSL,40,10,10,816.00,"8,160.00"
2020-07-27,2020072701027188,NICLBSL,40,57,20,816.00,"16,320.00"
2020-07-27,2020072701027187,NICLBSL,40,10,10,816.00,"8,160.00"
2020-07-27,2020072701027186,NICLBSL,40,10,10,816.00,"8,160.00"
2020-07-27,2020072701027185,NICLBSL,40,10,10,816.00,"8,160.00"
2020-07-27,2020072701027184,NICLBSL,40,10,10,816.00,"8,160.00"
2020-07-27,2020072701027183,NICLBSL,40,10,10,816.00,"8,160.00"
2020-07-27,2020072701027282,NICLBSL,57,58,10,817.00,"8,170.00"
2020-07-27,2020072701027281,NICLBSL,57,6,10,817.00,"8,170.00"
2020-07-27,2020072701027280,NICLBSL,57,28,10,817.00,"8,170.00"
2020-07-27,2020072701027273,NICLBSL,40,21,10,815.00,"8,150.00"
2020-07-27,2020072701027204,NICLBSL,40,49,10,815.00,"8,150.00"
2020-07-27,2020072701027196,NICLBSL,40,14,10,815.00,"8,150.00"
2020-07-27,2020072701027295,NICLBSL,56,44,10,817.00,"8,170.00"
2020-07-27,2020072701027293,NICLBSL,56,21,10,817.00,"8,170.00"
2020-07-27,2020072701027287,NICLBSL,40,28,10,815.00,"8,150.00"
2020-07-27,2020072701027285,NICLBSL,57,19,10,817.00,"8,170.00"
2020-07-27,2020072701027284,NICLBSL,57,43,10,817.00,"8,170.00"
2020-07-27,2020072701027283,NICLBSL,57,42,10,817.00,"8,170.00"
2020-07-27,2020072701027324,NICLBSL,48,57,10,819.00,"8,190.00"
2020-07-27,2020072701027323,NICLBSL,48,20,10,819.00,"8,190.00"
2020-07-27,2020072701027322,NICLBSL,48,49,10,818.00,"8,180.00"
2020-07-27,2020072701027321,NICLBSL,48,55,10,818.00,"8,180.00"
2020-07-27,2020072701027320,NICLBSL,48,34,10,817.00,"8,170.00"
2020-07-27,2020072701027296,NICLBSL,56,29,10,817.00,"8,170.00"
2020-07-27,2020072701027354,NICLBSL,6,44,10,816.00,"8,160.00"
2020-07-27,2020072701027350,NICLBSL,6,21,10,816.00,"8,160.00"
2020-07-27,2020072701027330,NICLBSL,6,47,10,816.00,"8,160.00"
2020-07-27,2020072701027327,NICLBSL,6,52,10,816.00,"8,160.00"
2020-07-27,2020072701027326,NICLBSL,48,34,240,819.00,"196,560.00"
2020-07-27,2020072701027325,NICLBSL,48,6,10,819.00,"8,190.00"
2020-07-27,2020072701027409,NICLBSL,6,41,10,816.00,"8,160.00"
2020-07-27,2020072701027395,NICLBSL,6,21,20,816.00,"16,320.00"
2020-07-27,2020072701027391,NICLBSL,6,29,10,816.00,"8,160.00"
2020-07-27,2020072701027374,NICLBSL,6,41,20,816.00,"16,320.00"
2020-07-27,2020072701027369,NICLBSL,6,29,10,816.00,"8,160.00"
2020-07-27,2020072701027362,NICLBSL,34,34,10,818.00,"8,180.00"
2020-07-27,2020072701027460,NICLBSL,38,47,10,817.00,"8,170.00"
2020-07-27,2020072701027459,NICLBSL,48,29,10,816.00,"8,160.00"
2020-07-27,2020072701027455,NICLBSL,34,17,10,817.00,"8,170.00"
2020-07-27,2020072701027453,NICLBSL,6,44,10,816.00,"8,160.00"
2020-07-27,2020072701027448,NICLBSL,6,34,10,816.00,"8,160.00"
2020-07-27,2020072701027420,NICLBSL,6,44,10,816.00,"8,160.00"
2020-07-27,2020072701027489,NICLBSL,34,21,10,819.00,"8,190.00"
2020-07-27,2020072701027488,NICLBSL,34,34,760,819.00,"622,440.00"
2020-07-27,2020072701027487,NICLBSL,38,29,10,818.00,"8,180.00"
2020-07-27,2020072701027486,NICLBSL,38,34,100,818.00,"81,800.00"
2020-07-27,2020072701027485,NICLBSL,38,47,20,818.00,"16,360.00"
2020-07-27,2020072701027484,NICLBSL,38,38,50,818.00,"40,900.00"
2020-07-27,2020072701027466,NIL,34,37,10,653.00,"6,530.00"
2020-07-27,2020072701027286,NIL,3,35,80,647.00,"51,760.00"
2020-07-27,2020072701027254,NIL,3,50,100,650.00,"65,000.00"
2020-07-27,2020072701027108,NIL,28,6,210,646.00,"135,660.00"
2020-07-27,2020072701027070,NIL,46,6,500,646.00,"323,000.00"
2020-07-27,2020072701027465,NLIC,19,39,30,"1,375.00","41,250.00"
2020-07-27,2020072701027461,NLIC,19,57,100,"1,375.00","137,500.00"
2020-07-27,2020072701027436,NLIC,46,39,30,"1,376.00","41,280.00"
2020-07-27,2020072701027435,NLIC,46,39,20,"1,376.00","27,520.00"
2020-07-27,2020072701027411,NLIC,19,39,30,"1,375.00","41,250.00"
2020-07-27,2020072701027386,NLIC,19,4,200,"1,375.00","275,000.00"
2020-07-27,2020072701027015,NLIC,28,17,200,"1,376.00","275,200.00"
2020-07-27,2020072701027099,NLIC,41,39,20,"1,376.00","27,520.00"
2020-07-27,2020072701027059,NLIC,11,39,30,"1,376.00","41,280.00"
2020-07-27,2020072701027056,NLIC,11,34,100,"1,376.00","137,600.00"
2020-07-27,2020072701027055,NLIC,11,17,100,"1,376.00","137,600.00"
2020-07-27,2020072701027054,NLIC,11,17,150,"1,376.00","206,400.00"
2020-07-27,2020072701027016,NLIC,28,17,50,"1,376.00","68,800.00"
2020-07-27,2020072701027380,NLIC,18,4,500,"1,375.00","687,500.00"
2020-07-27,2020072701027372,NLIC,42,39,30,"1,374.00","41,220.00"
2020-07-27,2020072701027288,NLIC,5,4,100,"1,375.00","137,500.00"
2020-07-27,2020072701027279,NLIC,28,4,200,"1,375.00","275,000.00"
2020-07-27,2020072701027197,NLIC,41,39,10,"1,376.00","13,760.00"
2020-07-27,2020072701027128,NLIC,41,39,20,"1,376.00","27,520.00"
2020-07-27,2020072701027442,NLICL,42,1,50,712.00,"35,600.00"
2020-07-27,2020072701027473,NMB,50,38,300,437.00,"131,100.00"
2020-07-27,2020072701027412,NMB,50,10,220,436.00,"95,920.00"
2020-07-27,2020072701027332,NMB,28,35,100,436.00,"43,600.00"
2020-07-27,2020072701027331,NMB,49,35,100,436.00,"43,600.00"
2020-07-27,2020072701027199,NMB,43,44,355,438.00,"155,490.00"
2020-07-27,2020072701027198,NMB,43,37,145,438.00,"63,510.00"
2020-07-27,2020072701027190,NMB,40,37,455,438.00,"199,290.00"
2020-07-27,2020072701027189,NMB,40,19,45,438.00,"19,710.00"
2020-07-27,2020072701027129,NMB50,58,16,500,9.35,"4,675.00"
2020-07-27,2020072701027085,NMBMF,26,7,20,771.00,"15,420.00"
2020-07-27,2020072701027084,NMBMF,26,53,80,771.00,"61,680.00"
2020-07-27,2020072701027006,NMFBS,33,54,10,"1,720.00","17,200.00"
2020-07-27,2020072701027462,NRIC,38,44,40,558.00,"22,320.00"
2020-07-27,2020072701027444,NRIC,38,29,40,558.00,"22,320.00"
2020-07-27,2020072701027416,NRIC,38,21,50,558.00,"27,900.00"
2020-07-27,2020072701027415,NRIC,38,29,40,558.00,"22,320.00"
2020-07-27,2020072701027414,NRIC,38,33,40,558.00,"22,320.00"
2020-07-27,2020072701027407,NRIC,38,44,40,558.00,"22,320.00"
2020-07-27,2020072701027092,NRIC,11,14,40,557.00,"22,280.00"
2020-07-27,2020072701027087,NRIC,11,21,40,557.00,"22,280.00"
2020-07-27,2020072701027086,NRIC,11,10,40,557.00,"22,280.00"
2020-07-27,2020072701027050,NRIC,49,40,100,559.00,"55,900.00"
2020-07-27,2020072701027010,NRIC,49,21,40,558.00,"22,320.00"
2020-07-27,2020072701027168,NRIC,58,26,40,557.00,"22,280.00"
2020-07-27,2020072701027167,NRIC,25,26,460,557.00,"256,220.00"
2020-07-27,2020072701027149,NRIC,25,14,40,557.00,"22,280.00"
2020-07-27,2020072701027119,NRIC,11,21,40,557.00,"22,280.00"
2020-07-27,2020072701027103,NRIC,11,49,40,557.00,"22,280.00"
2020-07-27,2020072701027093,NRIC,11,6,40,557.00,"22,280.00"
2020-07-27,2020072701027214,NRIC,36,48,40,559.00,"22,360.00"
2020-07-27,2020072701027213,NRIC,36,48,40,559.00,"22,360.00"
2020-07-27,2020072701027212,NRIC,36,48,40,559.00,"22,360.00"
2020-07-27,2020072701027211,NRIC,36,40,240,559.00,"134,160.00"
2020-07-27,2020072701027200,NRIC,21,21,40,558.00,"22,320.00"
2020-07-27,2020072701027194,NRIC,21,41,570,558.00,"318,060.00"
2020-07-27,2020072701027220,NRIC,36,14,40,560.00,"22,400.00"
2020-07-27,2020072701027219,NRIC,36,45,400,560.00,"224,000.00"
2020-07-27,2020072701027218,NRIC,36,14,40,560.00,"22,400.00"
2020-07-27,2020072701027217,NRIC,36,14,40,560.00,"22,400.00"
2020-07-27,2020072701027216,NRIC,36,28,40,560.00,"22,400.00"
2020-07-27,2020072701027215,NRIC,36,48,40,559.00,"22,360.00"
2020-07-27,2020072701027226,NRIC,36,14,40,560.00,"22,400.00"
2020-07-27,2020072701027225,NRIC,36,14,40,560.00,"22,400.00"
2020-07-27,2020072701027224,NRIC,36,14,40,560.00,"22,400.00"
2020-07-27,2020072701027223,NRIC,36,14,50,560.00,"28,000.00"
2020-07-27,2020072701027222,NRIC,36,14,50,560.00,"28,000.00"
2020-07-27,2020072701027221,NRIC,36,14,40,560.00,"22,400.00"
2020-07-27,2020072701027232,NRIC,36,46,50,560.00,"28,000.00"
2020-07-27,2020072701027231,NRIC,36,14,40,560.00,"22,400.00"
2020-07-27,2020072701027230,NRIC,36,14,40,560.00,"22,400.00"
2020-07-27,2020072701027229,NRIC,36,14,40,560.00,"22,400.00"
2020-07-27,2020072701027228,NRIC,36,42,50,560.00,"28,000.00"
2020-07-27,2020072701027227,NRIC,36,14,40,560.00,"22,400.00"
2020-07-27,2020072701027238,NRIC,36,16,10,560.00,"5,600.00"
2020-07-27,2020072701027237,NRIC,36,45,40,560.00,"22,400.00"
2020-07-27,2020072701027236,NRIC,36,49,500,560.00,"280,000.00"
2020-07-27,2020072701027235,NRIC,36,7,200,560.00,"112,000.00"
2020-07-27,2020072701027234,NRIC,36,32,200,560.00,"112,000.00"
2020-07-27,2020072701027233,NRIC,36,14,40,560.00,"22,400.00"
2020-07-27,2020072701027244,NRIC,36,38,50,560.00,"28,000.00"
2020-07-27,2020072701027243,NRIC,36,34,40,560.00,"22,400.00"
2020-07-27,2020072701027242,NRIC,36,59,50,560.00,"28,000.00"
2020-07-27,2020072701027241,NRIC,36,59,40,560.00,"22,400.00"
2020-07-27,2020072701027240,NRIC,36,42,50,560.00,"28,000.00"
2020-07-27,2020072701027239,NRIC,36,1,200,560.00,"112,000.00"
2020-07-27,2020072701027290,NRIC,21,47,40,558.00,"22,320.00"
2020-07-27,2020072701027274,NRIC,21,44,40,558.00,"22,320.00"
2020-07-27,2020072701027260,NRIC,21,21,20,558.00,"11,160.00"
2020-07-27,2020072701027259,NRIC,36,21,20,560.00,"11,200.00"
2020-07-27,2020072701027246,NRIC,36,16,40,560.00,"22,400.00"
2020-07-27,2020072701027245,NRIC,36,34,40,560.00,"22,400.00"
2020-07-27,2020072701027376,NRIC,21,44,40,558.00,"22,320.00"
2020-07-27,2020072701027358,NRIC,21,16,30,558.00,"16,740.00"
2020-07-27,2020072701027353,NRIC,21,29,40,558.00,"22,320.00"
2020-07-27,2020072701027352,NRIC,21,6,40,558.00,"22,320.00"
2020-07-27,2020072701027319,NRIC,21,29,40,558.00,"22,320.00"
2020-07-27,2020072701027313,NRIC,39,35,"1,040",560.00,"582,400.00"
2020-07-27,2020072701027406,NUBL,29,58,140,"1,010.00","141,400.00"
2020-07-27,2020072701027454,OHL,47,58,150,383.00,"57,450.00"
2020-07-27,2020072701027083,OHL,21,58,200,383.00,"76,600.00"
2020-07-27,2020072701027452,PCBL,47,41,71,284.00,"20,164.00"
2020-07-27,2020072701027316,PCBL,47,28,21,284.00,"5,964.00"
2020-07-27,2020072701027315,PCBL,22,28,34,284.00,"9,656.00"
2020-07-27,2020072701027161,PCBL,22,1,100,284.00,"28,400.00"
2020-07-27,2020072701027132,PCBL,22,37,366,284.00,"103,944.00"
2020-07-27,2020072701027131,PCBL,32,37,134,284.00,"38,056.00"
2020-07-27,2020072701027017,PCBL,32,32,595,284.00,"168,980.00"
2020-07-27,2020072701027423,PIC,4,36,849,648.00,"550,152.00"
2020-07-27,2020072701027422,PIC,4,36,130,648.00,"84,240.00"
2020-07-27,2020072701027421,PIC,49,36,21,649.00,"13,629.00"
2020-07-27,2020072701027310,PIC,33,57,80,650.00,"52,000.00"
2020-07-27,2020072701027208,PIC,48,57,50,650.00,"32,500.00"
2020-07-27,2020072701027207,PIC,6,57,300,650.00,"195,000.00"
2020-07-27,2020072701027206,PIC,6,57,25,650.00,"16,250.00"
2020-07-27,2020072701027205,PIC,34,57,39,651.00,"25,389.00"
2020-07-27,2020072701027124,PIC,34,6,11,651.00,"7,161.00"
2020-07-27,2020072701027387,PLIC,45,35,30,568.00,"17,040.00"
2020-07-27,2020072701027312,PLIC,6,57,44,573.00,"25,212.00"
2020-07-27,2020072701027311,PLIC,6,34,56,573.00,"32,088.00"
2020-07-27,2020072701027291,PPCL,32,34,10,112.00,"1,120.00"
2020-07-27,2020072701027356,PRIN,49,41,360,510.00,"183,600.00"
2020-07-27,2020072701027355,PRIN,7,41,40,511.00,"20,440.00"
2020-07-27,2020072701027262,PRIN,7,13,460,511.00,"235,060.00"
2020-07-27,2020072701027261,PRIN,35,13,30,512.00,"15,360.00"
2020-07-27,2020072701027434,PRVU,42,16,317,250.00,"79,250.00"
2020-07-27,2020072701027433,PRVU,42,5,10,250.00,"2,500.00"
2020-07-27,2020072701027432,PRVU,42,55,200,250.00,"50,000.00"
2020-07-27,2020072701027431,PRVU,42,37,95,250.00,"23,750.00"
2020-07-27,2020072701027430,PRVU,42,19,380,250.00,"95,000.00"
2020-07-27,2020072701027040,RHPC,25,53,40,80.00,"3,200.00"
2020-07-27,2020072701027342,RHPL,52,6,40,142.00,"5,680.00"
2020-07-27,2020072701027299,RHPL,52,53,30,142.00,"4,260.00"
2020-07-27,2020072701027249,RHPL,52,45,40,142.00,"5,680.00"
2020-07-27,2020072701027158,RHPL,41,6,10,142.00,"1,420.00"
2020-07-27,2020072701027165,RLFL,19,34,150,124.00,"18,600.00"
2020-07-27,2020072701027073,RMDC,49,53,56,735.00,"41,160.00"
2020-07-27,2020072701027347,RSDC,40,21,12,525.00,"6,300.00"
2020-07-27,2020072701027346,RSDC,40,42,10,525.00,"5,250.00"
2020-07-27,2020072701027345,RSDC,40,53,50,525.00,"26,250.00"
2020-07-27,2020072701027344,RSDC,40,53,28,525.00,"14,700.00"
2020-07-27,2020072701027005,RSDC,34,37,15,524.00,"7,860.00"
2020-07-27,2020072701027004,RSDC,34,53,13,524.00,"6,812.00"
2020-07-27,2020072701027314,SABSL,29,6,11,806.00,"8,866.00"
2020-07-27,2020072701027467,SANIMA,38,44,"1,500",371.00,"556,500.00"
2020-07-27,2020072701027438,SANIMA,38,35,100,371.00,"37,100.00"
2020-07-27,2020072701027413,SANIMA,38,49,127,371.00,"47,117.00"
2020-07-27,2020072701027173,SANIMA,38,26,400,371.00,"148,400.00"
2020-07-27,2020072701027014,SANIMA,38,33,42,371.00,"15,582.00"
2020-07-27,2020072701027481,SBI,33,49,50,454.00,"22,700.00"
2020-07-27,2020072701027441,SBL,14,26,500,319.00,"159,500.00"
2020-07-27,2020072701027309,SBL,14,41,40,319.00,"12,760.00"
2020-07-27,2020072701027308,SBL,14,44,151,319.00,"48,169.00"
2020-07-27,2020072701027440,SCB,34,42,500,695.00,"347,500.00"
2020-07-27,2020072701027419,SCB,34,56,100,695.00,"69,500.00"
2020-07-27,2020072701027385,SCB,34,49,279,695.00,"193,905.00"
2020-07-27,2020072701027384,SCB,22,49,130,696.00,"90,480.00"
2020-07-27,2020072701027383,SCB,26,49,11,697.00,"7,667.00"
2020-07-27,2020072701027248,SCB,36,41,11,700.00,"7,700.00"
2020-07-27,2020072701027247,SCB,36,45,43,698.00,"30,014.00"
2020-07-27,2020072701027193,SCB,22,6,20,696.00,"13,920.00"
2020-07-27,2020072701027257,SDESI,37,53,11,896.00,"9,856.00"
2020-07-27,2020072701027256,SDESI,19,53,10,897.00,"8,970.00"
2020-07-27,2020072701027255,SDESI,25,53,10,905.00,"9,050.00"
2020-07-27,2020072701027269,SHIVM,56,51,50,623.00,"31,150.00"
2020-07-27,2020072701027268,SHIVM,56,33,100,623.00,"62,300.00"
2020-07-27,2020072701027364,SHL,42,22,135,167.00,"22,545.00"
2020-07-27,2020072701027363,SHL,35,22,300,167.00,"50,100.00"
2020-07-27,2020072701027388,SHPC,58,58,200,223.00,"44,600.00"
2020-07-27,2020072701027258,SHPC,4,48,"2,000",222.00,"444,000.00"
2020-07-27,2020072701027102,SHPC,4,53,42,222.00,"9,324.00"
2020-07-27,2020072701027091,SIC,54,37,50,770.00,"38,500.00"
2020-07-27,2020072701027090,SIC,53,37,200,770.00,"154,000.00"
2020-07-27,2020072701027089,SIC,41,37,25,770.00,"19,250.00"
2020-07-27,2020072701027426,SICL,33,29,65,"1,245.00","80,925.00"
2020-07-27,2020072701027425,SICL,50,29,80,"1,246.00","99,680.00"
2020-07-27,2020072701027404,SICL,44,36,90,"1,265.00","113,850.00"
2020-07-27,2020072701027403,SICL,44,1,10,"1,256.00","12,560.00"
2020-07-27,2020072701027392,SICL,50,11,20,"1,246.00","24,920.00"
2020-07-27,2020072701027378,SICL,44,1,50,"1,260.00","63,000.00"
2020-07-27,2020072701027057,SICL,58,50,50,"1,250.00","62,500.00"
2020-07-27,2020072701027377,SICL,44,14,100,"1,257.00","125,700.00"
2020-07-27,2020072701027337,SICL,44,7,50,"1,250.00","62,500.00"
2020-07-27,2020072701027336,SICL,44,50,250,"1,250.00","312,500.00"
2020-07-27,2020072701027335,SICL,44,53,50,"1,249.00","62,450.00"
2020-07-27,2020072701027334,SICL,44,42,20,"1,249.00","24,980.00"
2020-07-27,2020072701027424,SIL,35,35,10,625.00,"6,250.00"
2020-07-27,2020072701027159,SIL,11,44,50,634.00,"31,700.00"
2020-07-27,2020072701027343,SINDU,44,6,47,128.00,"6,016.00"
2020-07-27,2020072701027333,SJCL,52,48,10,134.00,"1,340.00"
2020-07-27,2020072701027250,SJCL,52,6,20,134.00,"2,680.00"
2020-07-27,2020072701027160,SJCL,52,53,20,134.00,"2,680.00"
2020-07-27,2020072701027101,SJCL,52,37,20,134.00,"2,680.00"
2020-07-27,2020072701027463,SKBBL,20,41,30,"1,290.00","38,700.00"
2020-07-27,2020072701027418,SLBBL,52,25,32,903.00,"28,896.00"
2020-07-27,2020072701027401,SLBBL,13,25,300,903.00,"270,900.00"
2020-07-27,2020072701027400,SLBBL,42,25,20,903.00,"18,060.00"
2020-07-27,2020072701027399,SLBBL,29,25,20,903.00,"18,060.00"
2020-07-27,2020072701027398,SLBBL,28,25,78,903.00,"70,434.00"
2020-07-27,2020072701027397,SLBBL,51,25,50,905.00,"45,250.00"
2020-07-27,2020072701027365,SLBSL,38,3,10,895.00,"8,950.00"
2020-07-27,2020072701027390,SRBL,32,16,70,245.00,"17,150.00"
2020-07-27,2020072701027008,SRBL,32,47,300,245.00,"73,500.00"
2020-07-27,2020072701027007,SRBL,32,45,130,245.00,"31,850.00"
2020-07-27,2020072701027379,STC,36,7,50,"2,798.00","139,900.00"
2020-07-27,2020072701027351,UFL,6,33,10,187.00,"1,870.00"
2020-07-27,2020072701027475,UIC,26,39,50,387.00,"19,350.00"
2020-07-27,2020072701027474,UIC,41,39,50,387.00,"19,350.00"
2020-07-27,2020072701027449,UIC,41,16,50,387.00,"19,350.00"
2020-07-27,2020072701027166,UIC,7,53,250,388.00,"97,000.00"
2020-07-27,2020072701027053,UPCL,54,48,100,69.00,"6,900.00"
2020-07-27,2020072701027451,UPPER,37,38,20,230.00,"4,600.00"
2020-07-27,2020072701027318,UPPER,37,51,40,230.00,"9,200.00"
2020-07-27,2020072701027445,VLBS,20,21,13,990.00,"12,870.00"
2020-07-27,2020072701027097,VLBS,20,58,21,990.00,"20,790.00"
2020-07-27,2020072701027096,VLBS,49,58,10,990.00,"9,900.00"
2020-07-27,2020072701027095,VLBS,37,58,19,990.00,"18,810.00"
2020-07-27,2020072701027272,WOMI,36,39,100,985.00,"98,500.00"
2020-07-27,2020072701027171,WOMI,36,46,48,981.00,"47,088.00"
2020-07-27,2020072701026686,ADBL,14,25,64,433.00,"27,712.00"
2020-07-27,2020072701026627,AHPC,13,28,242,92.00,"22,264.00"
2020-07-27,2020072701026626,AHPC,55,28,500,92.00,"46,000.00"
2020-07-27,2020072701026625,AHPC,1,28,"1,000",92.00,"92,000.00"
2020-07-27,2020072701026624,AHPC,58,28,20,92.00,"1,840.00"
2020-07-27,2020072701026623,AHPC,28,28,200,92.00,"18,400.00"
2020-07-27,2020072701026622,AHPC,35,28,"1,837",92.00,"169,004.00"
2020-07-27,2020072701026854,AKPL,51,40,500,116.00,"58,000.00"
2020-07-27,2020072701026853,AKPL,55,40,649,116.00,"75,284.00"
2020-07-27,2020072701026676,AKPL,55,57,110,116.00,"12,760.00"
2020-07-27,2020072701026678,ALBSL,18,49,11,732.00,"8,052.00"
2020-07-27,2020072701026705,ALICL,57,38,250,650.00,"162,500.00"
2020-07-27,2020072701026704,ALICL,38,38,100,650.00,"65,000.00"
2020-07-27,2020072701026703,ALICL,57,38,150,650.00,"97,500.00"
2020-07-27,2020072701026665,ALICL,57,37,50,650.00,"32,500.00"
2020-07-27,2020072701026542,ALICL,25,37,200,651.00,"130,200.00"
2020-07-27,2020072701026965,API,25,51,16,110.00,"1,760.00"
2020-07-27,2020072701026883,API,19,34,28,109.00,"3,052.00"
2020-07-27,2020072701026882,API,19,41,18,108.00,"1,944.00"
2020-07-27,2020072701026672,API,38,53,24,107.00,"2,568.00"
2020-07-27,2020072701026687,BARUN,28,53,10,81.00,810.00
2020-07-27,2020072701026949,BOKL,32,6,485,241.00,"116,885.00"
2020-07-27,2020072701026948,BOKL,32,1,65,241.00,"15,665.00"
2020-07-27,2020072701026947,BOKL,32,11,950,240.00,"228,000.00"
2020-07-27,2020072701026586,BOKL,49,11,50,240.00,"12,000.00"
2020-07-27,2020072701026981,CBBL,57,51,50,"1,099.00","54,950.00"
2020-07-27,2020072701026833,CBBL,57,51,50,"1,099.00","54,950.00"
2020-07-27,2020072701026636,CBBL,41,54,400,"1,100.00","440,000.00"
2020-07-27,2020072701026635,CBBL,44,54,200,"1,100.00","220,000.00"
2020-07-27,2020072701026634,CBBL,29,54,13,"1,100.00","14,300.00"
2020-07-27,2020072701026633,CBBL,8,54,137,"1,102.00","150,974.00"
2020-07-27,2020072701026816,CBL,43,38,10,147.00,"1,470.00"
2020-07-27,2020072701026560,CHCL,46,14,22,404.00,"8,888.00"
2020-07-27,2020072701026559,CHCL,59,14,10,406.00,"4,060.00"
2020-07-27,2020072701026985,CIT,35,11,90,"2,583.00","232,470.00"
2020-07-27,2020072701026916,CIT,35,11,110,"2,583.00","284,130.00"
2020-07-27,2020072701026881,CIT,35,34,120,"2,583.00","309,960.00"
2020-07-27,2020072701026974,CORBL,20,50,50,116.00,"5,800.00"
2020-07-27,2020072701026765,CORBL,49,50,250,116.00,"29,000.00"
2020-07-27,2020072701026717,CZBIL,38,33,45,200.00,"9,000.00"
2020-07-27,2020072701026910,DDBL,38,38,100,873.00,"87,300.00"
2020-07-27,2020072701026878,DDBL,38,58,68,873.00,"59,364.00"
2020-07-27,2020072701026877,DDBL,38,51,30,873.00,"26,190.00"
2020-07-27,2020072701026953,EBL,35,5,250,770.00,"192,500.00"
2020-07-27,2020072701026685,EBL,34,5,152,769.00,"116,888.00"
2020-07-27,2020072701026935,FMDBL,45,37,100,554.00,"55,400.00"
2020-07-27,2020072701026822,FMDBL,45,6,30,554.00,"16,620.00"
2020-07-27,2020072701026796,FMDBL,45,1,200,554.00,"110,800.00"
2020-07-27,2020072701026795,FMDBL,41,1,50,555.00,"27,750.00"
2020-07-27,2020072701026571,FMDBL,41,7,100,555.00,"55,500.00"
2020-07-27,2020072701026557,FMDBL,41,48,150,555.00,"83,250.00"
2020-07-27,2020072701026724,FOWAD,6,13,19,"1,588.00","30,172.00"
2020-07-27,2020072701026951,GBIME,34,46,30,265.00,"7,950.00"
2020-07-27,2020072701026771,GBIME,34,45,20,265.00,"5,300.00"
2020-07-27,2020072701026561,GBIME,32,34,"1,976",265.00,"523,640.00"
2020-07-27,2020072701026519,GBIME,33,34,300,265.00,"79,500.00"
2020-07-27,2020072701026806,GBLBS,33,33,190,525.00,"99,750.00"
2020-07-27,2020072701026961,GLBSL,43,17,10,880.00,"8,800.00"
2020-07-27,2020072701026960,GLBSL,43,17,50,880.00,"44,000.00"
2020-07-27,2020072701026933,GLBSL,43,29,10,875.00,"8,750.00"
2020-07-27,2020072701026932,GLBSL,43,6,10,870.00,"8,700.00"
2020-07-27,2020072701026753,GLBSL,18,36,10,862.00,"8,620.00"
2020-07-27,2020072701026927,GLICL,17,25,269,487.00,"131,003.00"
2020-07-27,2020072701026697,GLICL,46,7,50,486.00,"24,300.00"
2020-07-27,2020072701026577,GMFBS,34,34,10,830.00,"8,300.00"
2020-07-27,2020072701026695,GMFIL,11,32,10,122.00,"1,220.00"
2020-07-27,2020072701026859,GRDBL,50,4,500,110.00,"55,000.00"
2020-07-27,2020072701026667,HBL,14,39,200,576.00,"115,200.00"
2020-07-27,2020072701026819,HDL,19,4,190,"1,743.00","331,170.00"
2020-07-27,2020072701026799,HDL,16,4,50,"1,743.00","87,150.00"
2020-07-27,2020072701026707,HDL,58,38,190,"1,740.00","330,600.00"
2020-07-27,2020072701026702,HDL,44,4,260,"1,743.00","453,180.00"
2020-07-27,2020072701026701,HDL,44,25,40,"1,743.00","69,720.00"
2020-07-27,2020072701026706,HPPL,42,53,10,132.00,"1,320.00"
2020-07-27,2020072701026808,HURJA,19,6,20,92.00,"1,840.00"
2020-07-27,2020072701026501,HURJA,19,6,20,92.00,"1,840.00"
2020-07-27,2020072701026526,ICFC,14,44,500,190.00,"95,000.00"
2020-07-27,2020072701026525,ICFC,14,4,50,190.00,"9,500.00"
2020-07-27,2020072701026524,ICFC,14,42,25,190.00,"4,750.00"
2020-07-27,2020072701026523,ICFC,14,5,686,190.00,"130,340.00"
2020-07-27,2020072701026522,ICFC,14,49,63,187.00,"11,781.00"
2020-07-27,2020072701026652,IGI,29,38,215,454.00,"97,610.00"
2020-07-27,2020072701026510,IGI,19,34,10,462.00,"4,620.00"
2020-07-27,2020072701026651,IGI,42,38,20,455.00,"9,100.00"
2020-07-27,2020072701026747,ILBS,16,57,11,791.00,"8,701.00"
2020-07-27,2020072701026746,ILBS,44,53,1,794.00,794.00
2020-07-27,2020072701026745,ILBS,37,53,10,794.00,"7,940.00"
2020-07-27,2020072701026642,ILBS,1,33,11,794.00,"8,734.00"
2020-07-27,2020072701026653,KBL,10,50,200,200.00,"40,000.00"
2020-07-27,2020072701026875,KMCDB,7,1,10,855.00,"8,550.00"
2020-07-27,2020072701026792,KMCDB,40,53,21,852.00,"17,892.00"
2020-07-27,2020072701026828,KPCL,34,45,10,106.00,"1,060.00"
2020-07-27,2020072701026769,KSBBL,38,47,20,159.00,"3,180.00"
2020-07-27,2020072701026768,KSBBL,38,48,100,159.00,"15,900.00"
2020-07-27,2020072701026767,KSBBL,38,52,38,159.00,"6,042.00"
2020-07-27,2020072701026513,LBL,14,49,315,237.00,"74,655.00"
2020-07-27,2020072701026805,LGIL,57,35,200,476.00,"95,200.00"
2020-07-27,2020072701026696,LICN,25,57,10,"1,475.00","14,750.00"
2020-07-27,2020072701026632,LICN,26,49,50,"1,468.00","73,400.00"
2020-07-27,2020072701026926,MBL,6,26,160,240.00,"38,400.00"
2020-07-27,2020072701026925,MBL,6,51,50,240.00,"12,000.00"
2020-07-27,2020072701026763,MBL,43,51,"1,000",240.00,"240,000.00"
2020-07-27,2020072701026762,MBL,39,51,450,240.00,"108,000.00"
2020-07-27,2020072701026757,MBL,39,53,100,240.00,"24,000.00"
2020-07-27,2020072701026773,MEGA,43,6,10,237.00,"2,370.00"
2020-07-27,2020072701026575,MEGA,14,29,200,236.00,"47,200.00"
2020-07-27,2020072701026574,MEGA,14,50,500,236.00,"118,000.00"
2020-07-27,2020072701026573,MEGA,14,13,200,236.00,"47,200.00"
2020-07-27,2020072701026572,MEGA,14,36,250,236.00,"59,000.00"
2020-07-27,2020072701026770,MHNL,36,48,30,81.00,"2,430.00"
2020-07-27,2020072701026582,MNBBL,17,14,100,343.00,"34,300.00"
2020-07-27,2020072701026500,MNBBL,53,7,203,342.00,"69,426.00"
2020-07-27,2020072701026886,NABIL,58,4,50,865.00,"43,250.00"
2020-07-27,2020072701026885,NABIL,58,34,100,864.00,"86,400.00"
