Date,Transact. No.,Symbol,Buyer,Seller,Quantity,Rate,Amount
2020-03-17,2020031701018156,ADBL,14,6,50,378.00,"18,900.00"
2020-03-17,2020031701018155,ADBL,14,57,250,377.00,"94,250.00"
2020-03-17,2020031701017955,ADBL,52,49,21,375.00,"7,875.00"
2020-03-17,2020031701017858,ADBL,38,49,47,375.00,"17,625.00"
2020-03-17,2020031701017834,ADBL,6,49,28,375.00,"10,500.00"
2020-03-17,2020031701017833,ADBL,6,38,112,375.00,"42,000.00"
2020-03-17,2020031701017855,AKJCL,55,50,10,52.00,520.00
2020-03-17,2020031701018232,ALICL,29,37,35,481.00,"16,835.00"
2020-03-17,2020031701018231,ALICL,38,37,100,482.00,"48,200.00"
2020-03-17,2020031701018230,ALICL,14,37,200,482.00,"96,400.00"
2020-03-17,2020031701018229,ALICL,58,37,15,482.00,"7,230.00"
2020-03-17,2020031701018228,ALICL,50,37,50,483.00,"24,150.00"
2020-03-17,2020031701018197,ALICL,57,55,50,484.00,"24,200.00"
2020-03-17,2020031701018115,ALICL,14,38,100,489.00,"48,900.00"
2020-03-17,2020031701017976,ALICL,50,38,50,489.00,"24,450.00"
2020-03-17,2020031701017942,ALICL,58,45,85,482.00,"40,970.00"
2020-03-17,2020031701017941,ALICL,45,45,15,482.00,"7,230.00"
2020-03-17,2020031701017940,ALICL,22,45,50,482.00,"24,100.00"
2020-03-17,2020031701017878,API,25,5,50,106.00,"5,300.00"
2020-03-17,2020031701017877,API,25,33,950,105.00,"99,750.00"
2020-03-17,2020031701018174,BOKL,8,10,200,222.00,"44,400.00"
2020-03-17,2020031701018158,BOKL,8,10,200,222.00,"44,400.00"
2020-03-17,2020031701018042,BOKL,36,42,925,220.00,"203,500.00"
2020-03-17,2020031701018041,BOKL,48,42,200,220.00,"44,000.00"
2020-03-17,2020031701018040,BOKL,42,42,250,220.00,"55,000.00"
2020-03-17,2020031701018039,BOKL,21,42,20,220.00,"4,400.00"
2020-03-17,2020031701017763,BOKL,57,44,10,221.00,"2,210.00"
2020-03-17,2020031701017762,BOKL,34,44,100,221.00,"22,100.00"
2020-03-17,2020031701017761,BOKL,26,44,10,221.00,"2,210.00"
2020-03-17,2020031701017760,BOKL,22,44,475,221.00,"104,975.00"
2020-03-17,2020031701018026,BOKL,50,10,30,222.00,"6,660.00"
2020-03-17,2020031701018001,BOKL,39,17,55,221.00,"12,155.00"
2020-03-17,2020031701018000,BOKL,21,17,645,221.00,"142,545.00"
2020-03-17,2020031701017953,BOKL,44,10,100,222.00,"22,200.00"
2020-03-17,2020031701017765,BOKL,21,44,355,221.00,"78,455.00"
2020-03-17,2020031701017764,BOKL,52,44,50,221.00,"11,050.00"
2020-03-17,2020031701018032,BOKL,44,42,105,221.00,"23,205.00"
2020-03-17,2020031701018031,BOKL,56,42,"2,000",221.00,"442,000.00"
2020-03-17,2020031701018030,BOKL,56,42,"2,000",221.00,"442,000.00"
2020-03-17,2020031701018029,BOKL,55,42,500,221.00,"110,500.00"
2020-03-17,2020031701018028,BOKL,46,42,200,221.00,"44,200.00"
2020-03-17,2020031701018027,BOKL,39,42,45,221.00,"9,945.00"
2020-03-17,2020031701018038,BOKL,25,42,"1,000",220.00,"220,000.00"
2020-03-17,2020031701018037,BOKL,8,42,"2,100",220.00,"462,000.00"
2020-03-17,2020031701018036,BOKL,34,42,190,220.00,"41,800.00"
2020-03-17,2020031701018035,BOKL,59,42,500,220.00,"110,000.00"
2020-03-17,2020031701018034,BOKL,10,42,100,220.00,"22,000.00"
2020-03-17,2020031701018033,BOKL,35,42,500,221.00,"110,500.00"
2020-03-17,2020031701018173,BPCL,13,6,269,325.00,"87,425.00"
2020-03-17,2020031701018172,BPCL,25,6,30,326.00,"9,780.00"
2020-03-17,2020031701018250,CBL,33,38,10,138.00,"1,380.00"
2020-03-17,2020031701018105,CBL,33,56,"2,856",137.00,"391,272.00"
2020-03-17,2020031701018104,CBL,33,22,40,137.00,"5,480.00"
2020-03-17,2020031701018103,CBL,33,58,"2,104",137.00,"288,248.00"
2020-03-17,2020031701017975,CBL,49,58,"1,000",137.00,"137,000.00"
2020-03-17,2020031701017960,CBL,28,58,10,137.00,"1,370.00"
2020-03-17,2020031701017959,CBL,1,58,500,137.00,"68,500.00"
2020-03-17,2020031701017958,CBL,48,58,700,137.00,"95,900.00"
2020-03-17,2020031701017957,CBL,6,58,"1,000",137.00,"137,000.00"
2020-03-17,2020031701017956,CBL,42,58,186,137.00,"25,482.00"
2020-03-17,2020031701017865,CBL,42,52,114,137.00,"15,618.00"
2020-03-17,2020031701017864,CBL,13,52,386,137.00,"52,882.00"
2020-03-17,2020031701018233,CCBL,32,45,"1,000",160.00,"160,000.00"
2020-03-17,2020031701018198,CCBL,33,45,10,160.00,"1,600.00"
2020-03-17,2020031701018129,CCBL,48,41,147,159.00,"23,373.00"
2020-03-17,2020031701018128,CCBL,25,41,50,159.00,"7,950.00"
2020-03-17,2020031701018127,CCBL,44,41,58,159.00,"9,222.00"
2020-03-17,2020031701018085,CCBL,26,45,200,160.00,"32,000.00"
2020-03-17,2020031701018019,CCBL,44,21,47,159.00,"7,473.00"
2020-03-17,2020031701018018,CCBL,50,21,173,159.00,"27,507.00"
2020-03-17,2020031701018067,CFCL,33,4,746,126.00,"93,996.00"
2020-03-17,2020031701018066,CFCL,53,4,500,126.00,"63,000.00"
2020-03-17,2020031701018065,CFCL,33,4,"1,000",126.00,"126,000.00"
2020-03-17,2020031701018064,CFCL,59,4,200,126.00,"25,200.00"
2020-03-17,2020031701018063,CFCL,53,4,200,127.00,"25,400.00"
2020-03-17,2020031701018062,CFCL,4,4,200,127.00,"25,400.00"
2020-03-17,2020031701018068,CHCL,50,6,100,375.00,"37,500.00"
2020-03-17,2020031701017926,CHCL,49,36,20,377.00,"7,540.00"
2020-03-17,2020031701017849,CHCL,50,6,673,375.00,"252,375.00"
2020-03-17,2020031701018187,CLBSL,43,43,10,996.00,"9,960.00"
2020-03-17,2020031701018160,CLBSL,8,43,10,981.00,"9,810.00"
2020-03-17,2020031701018086,CLBSL,38,19,60,962.00,"57,720.00"
2020-03-17,2020031701018022,CLBSL,38,19,20,965.00,"19,300.00"
2020-03-17,2020031701018021,CLBSL,50,19,20,966.00,"19,320.00"
2020-03-17,2020031701018020,CLBSL,53,19,50,966.00,"48,300.00"
2020-03-17,2020031701017796,CLBSL,53,19,100,970.00,"97,000.00"
2020-03-17,2020031701017904,CZBIL,52,11,200,186.00,"37,200.00"
2020-03-17,2020031701018043,DDBL,57,55,10,775.00,"7,750.00"
2020-03-17,2020031701017881,DDBL,32,41,15,765.00,"11,475.00"
2020-03-17,2020031701017862,DDBL,57,55,10,775.00,"7,750.00"
2020-03-17,2020031701017759,DHPL,48,36,400,49.00,"19,600.00"
2020-03-17,2020031701018050,EBL,32,22,200,640.00,"128,000.00"
2020-03-17,2020031701017972,EDBL,33,53,10,369.00,"3,690.00"
2020-03-17,2020031701018218,EIC,42,36,100,344.00,"34,400.00"
2020-03-17,2020031701018087,FMDBL,58,43,10,450.00,"4,500.00"
2020-03-17,2020031701017989,FMDBL,55,59,10,432.00,"4,320.00"
2020-03-17,2020031701018150,FOWAD,58,22,10,"1,335.00","13,350.00"
2020-03-17,2020031701017974,GBBL,35,39,200,221.00,"44,200.00"
2020-03-17,2020031701018183,GBIME,57,59,20,259.00,"5,180.00"
2020-03-17,2020031701018161,GBIME,47,59,50,259.00,"12,950.00"
2020-03-17,2020031701018143,GBIME,13,59,100,259.00,"25,900.00"
2020-03-17,2020031701018102,GBIME,52,59,30,259.00,"7,770.00"
2020-03-17,2020031701018047,GBIME,11,59,300,259.00,"77,700.00"
2020-03-17,2020031701017951,GBIME,43,59,50,259.00,"12,950.00"
2020-03-17,2020031701017783,GBIME,26,6,50,259.00,"12,950.00"
2020-03-17,2020031701017944,GBIME,16,59,17,259.00,"4,403.00"
2020-03-17,2020031701017925,GBIME,16,19,233,259.00,"60,347.00"
2020-03-17,2020031701017924,GBIME,56,19,90,259.00,"23,310.00"
2020-03-17,2020031701017923,GBIME,51,19,177,259.00,"45,843.00"
2020-03-17,2020031701017786,GBIME,51,39,73,259.00,"18,907.00"
2020-03-17,2020031701017785,GBIME,26,39,427,259.00,"110,593.00"
2020-03-17,2020031701017950,GBIME,50,59,500,259.00,"129,500.00"
2020-03-17,2020031701017949,GBIME,49,59,"1,000",259.00,"259,000.00"
2020-03-17,2020031701017948,GBIME,44,59,100,259.00,"25,900.00"
2020-03-17,2020031701017947,GBIME,57,59,200,259.00,"51,800.00"
2020-03-17,2020031701017946,GBIME,22,59,100,259.00,"25,900.00"
2020-03-17,2020031701017945,GBIME,41,59,100,259.00,"25,900.00"
2020-03-17,2020031701018089,GBLBS,44,52,500,425.00,"212,500.00"
2020-03-17,2020031701018080,GBLBS,58,52,"1,000",425.00,"425,000.00"
2020-03-17,2020031701018079,GBLBS,39,52,20,425.00,"8,500.00"
2020-03-17,2020031701017880,GBLBS,39,52,10,425.00,"4,250.00"
2020-03-17,2020031701017879,GBLBS,39,52,10,426.00,"4,260.00"
2020-03-17,2020031701018009,GFCL,45,28,"1,000",138.00,"138,000.00"
2020-03-17,2020031701018008,GFCL,1,28,400,138.00,"55,200.00"
2020-03-17,2020031701018007,GFCL,59,28,300,138.00,"41,400.00"
2020-03-17,2020031701018006,GFCL,45,28,200,138.00,"27,600.00"
2020-03-17,2020031701018005,GFCL,45,28,"1,000",140.00,"140,000.00"
2020-03-17,2020031701018004,GFCL,11,28,50,140.00,"7,000.00"
2020-03-17,2020031701018226,GGBSL,11,48,50,735.00,"36,750.00"
2020-03-17,2020031701018252,GILB,57,34,10,"1,146.00","11,460.00"
2020-03-17,2020031701018202,GILB,58,7,10,"1,158.00","11,580.00"
2020-03-17,2020031701018178,GILB,28,34,10,"1,147.00","11,470.00"
2020-03-17,2020031701018072,GILB,57,39,10,"1,159.00","11,590.00"
2020-03-17,2020031701018251,GLICL,59,5,10,397.00,"3,970.00"
2020-03-17,2020031701018195,GLICL,32,50,400,392.00,"156,800.00"
2020-03-17,2020031701018194,GLICL,53,50,100,393.00,"39,300.00"
2020-03-17,2020031701018147,GLICL,59,5,10,397.00,"3,970.00"
2020-03-17,2020031701018052,GLICL,42,34,100,391.00,"39,100.00"
2020-03-17,2020031701018051,GLICL,53,34,300,392.00,"117,600.00"
2020-03-17,2020031701017861,GLICL,55,45,10,393.00,"3,930.00"
2020-03-17,2020031701017860,GLICL,54,45,40,393.00,"15,720.00"
2020-03-17,2020031701017769,GLICL,46,19,100,396.00,"39,600.00"
2020-03-17,2020031701018003,GLICL,52,5,50,397.00,"19,850.00"
2020-03-17,2020031701018002,GLICL,52,6,50,396.00,"19,800.00"
2020-03-17,2020031701017930,GLICL,42,38,310,391.00,"121,210.00"
2020-03-17,2020031701017929,GLICL,39,38,100,391.00,"39,100.00"
2020-03-17,2020031701017928,GLICL,41,38,50,391.00,"19,550.00"
2020-03-17,2020031701017927,GLICL,55,38,40,393.00,"15,720.00"
2020-03-17,2020031701018223,HDL,5,58,10,"1,359.00","13,590.00"
2020-03-17,2020031701018181,HDL,48,53,160,"1,345.00","215,200.00"
2020-03-17,2020031701018180,HDL,1,53,10,"1,345.00","13,450.00"
2020-03-17,2020031701018179,HDL,7,53,20,"1,346.00","26,920.00"
2020-03-17,2020031701018159,HDL,5,53,300,"1,350.00","405,000.00"
2020-03-17,2020031701018118,HDL,37,53,150,"1,346.00","201,900.00"
2020-03-17,2020031701017792,HDL,5,49,140,"1,365.00","191,100.00"
2020-03-17,2020031701017791,HDL,5,55,95,"1,364.00","129,580.00"
2020-03-17,2020031701017790,HDL,5,49,35,"1,360.00","47,600.00"
2020-03-17,2020031701017789,HDL,5,55,49,"1,359.00","66,591.00"
2020-03-17,2020031701017788,HDL,5,36,100,"1,358.00","135,800.00"
2020-03-17,2020031701017889,HDL,29,55,50,"1,350.00","67,500.00"
2020-03-17,2020031701017801,HDL,39,25,380,"1,347.00","511,860.00"
2020-03-17,2020031701017800,HDL,41,25,20,"1,348.00","26,960.00"
2020-03-17,2020031701017799,HDL,35,25,100,"1,348.00","134,800.00"
2020-03-17,2020031701017798,HDL,48,25,100,"1,350.00","135,000.00"
2020-03-17,2020031701017797,HDL,41,25,100,"1,350.00","135,000.00"
2020-03-17,2020031701018117,HDL,56,53,100,"1,346.00","134,600.00"
2020-03-17,2020031701018116,HDL,10,53,100,"1,346.00","134,600.00"
2020-03-17,2020031701018091,HDL,5,53,10,"1,350.00","13,500.00"
2020-03-17,2020031701018071,HDL,39,29,120,"1,347.00","161,640.00"
2020-03-17,2020031701018025,HDL,5,53,10,"1,360.00","13,600.00"
2020-03-17,2020031701017999,HDL,5,55,40,"1,350.00","54,000.00"
2020-03-17,2020031701018157,HGI,57,11,50,340.00,"17,000.00"
2020-03-17,2020031701018088,HGI,59,34,200,336.00,"67,200.00"
2020-03-17,2020031701018119,HIDCL,47,14,100,131.00,"13,100.00"
2020-03-17,2020031701017807,ICFC,41,28,60,165.00,"9,900.00"
2020-03-17,2020031701018205,IGI,39,11,50,361.00,"18,050.00"
2020-03-17,2020031701018204,IGI,22,11,50,361.00,"18,050.00"
2020-03-17,2020031701018227,ILBS,45,11,10,685.00,"6,850.00"
2020-03-17,2020031701017882,ILBS,51,28,10,683.00,"6,830.00"
2020-03-17,2020031701018217,JBBL,21,46,10,170.00,"1,700.00"
2020-03-17,2020031701018176,JSLBB,58,21,10,"1,425.00","14,250.00"
2020-03-17,2020031701017840,JSLBB,45,22,15,"1,401.00","21,015.00"
2020-03-17,2020031701018175,KBL,49,41,138,183.00,"25,254.00"
2020-03-17,2020031701017952,KBL,13,58,300,184.00,"55,200.00"
2020-03-17,2020031701017921,KBL,1,58,125,184.00,"23,000.00"
2020-03-17,2020031701017847,KBL,14,58,50,184.00,"9,200.00"
2020-03-17,2020031701017773,KBL,56,8,25,183.00,"4,575.00"
2020-03-17,2020031701017772,KBL,19,8,200,183.00,"36,600.00"
2020-03-17,2020031701017771,KBL,46,8,400,183.00,"73,200.00"
2020-03-17,2020031701017770,KBL,55,8,374,183.00,"68,442.00"
2020-03-17,2020031701017903,KMCDB,36,7,100,730.00,"73,000.00"
2020-03-17,2020031701017902,KMCDB,52,7,50,730.00,"36,500.00"
2020-03-17,2020031701017901,KMCDB,29,7,10,735.00,"7,350.00"
2020-03-17,2020031701017900,KMCDB,29,7,90,735.00,"66,150.00"
2020-03-17,2020031701017883,KMCDB,29,16,10,735.00,"7,350.00"
2020-03-17,2020031701017787,KMCDB,21,16,80,740.00,"59,200.00"
2020-03-17,2020031701018208,KPCL,25,25,40,108.00,"4,320.00"
2020-03-17,2020031701018207,KPCL,25,50,10,106.00,"1,060.00"
2020-03-17,2020031701017884,KSBBL,28,34,115,151.00,"17,365.00"
2020-03-17,2020031701018241,LBBL,8,14,234,178.00,"41,652.00"
2020-03-17,2020031701017806,LBBL,25,34,10,179.00,"1,790.00"
2020-03-17,2020031701017871,LBL,52,46,30,209.00,"6,270.00"
2020-03-17,2020031701017854,LBL,34,41,226,208.00,"47,008.00"
2020-03-17,2020031701017853,LBL,25,41,90,208.00,"18,720.00"
2020-03-17,2020031701017852,LBL,46,41,74,208.00,"15,392.00"
2020-03-17,2020031701017767,LBL,46,39,500,208.00,"104,000.00"
2020-03-17,2020031701018247,LICN,33,14,42,"1,202.00","50,484.00"
2020-03-17,2020031701018246,LICN,38,14,200,"1,202.00","240,400.00"
2020-03-17,2020031701018245,LICN,51,14,50,"1,205.00","60,250.00"
2020-03-17,2020031701018244,LICN,22,14,108,"1,205.00","130,140.00"
2020-03-17,2020031701018188,LICN,25,52,10,"1,217.00","12,170.00"
2020-03-17,2020031701018109,LICN,10,34,50,"1,207.00","60,350.00"
2020-03-17,2020031701018108,LICN,5,34,50,"1,207.00","60,350.00"
2020-03-17,2020031701018192,MEGA,32,13,849,204.00,"173,196.00"
2020-03-17,2020031701018164,MEGA,48,13,500,204.00,"102,000.00"
2020-03-17,2020031701018111,MEGA,50,13,250,204.00,"51,000.00"
2020-03-17,2020031701017932,MEGA,43,13,10,204.00,"2,040.00"
2020-03-17,2020031701017758,MEGA,59,13,300,204.00,"61,200.00"
2020-03-17,2020031701018201,MERO,58,25,100,556.00,"55,600.00"
2020-03-17,2020031701018093,MLBBL,45,25,25,626.00,"15,650.00"
2020-03-17,2020031701017872,MLBBL,28,25,10,631.00,"6,310.00"
2020-03-17,2020031701017776,MLBBL,50,57,48,637.00,"30,576.00"
2020-03-17,2020031701017775,MLBBL,50,25,10,637.00,"6,370.00"
2020-03-17,2020031701018234,MLBL,21,5,10,200.00,"2,000.00"
2020-03-17,2020031701018171,MNBBL,44,34,25,304.00,"7,600.00"
2020-03-17,2020031701018170,MNBBL,34,34,100,304.00,"30,400.00"
2020-03-17,2020031701018169,MNBBL,59,34,100,304.00,"30,400.00"
2020-03-17,2020031701018168,MNBBL,41,34,150,304.00,"45,600.00"
2020-03-17,2020031701018167,MNBBL,16,34,37,304.00,"11,248.00"
2020-03-17,2020031701017891,MNBBL,48,34,100,305.00,"30,500.00"
2020-03-17,2020031701017890,MNBBL,43,34,66,305.00,"20,130.00"
2020-03-17,2020031701017832,MNBBL,25,13,20,308.00,"6,160.00"
2020-03-17,2020031701017897,MNBBL,41,34,50,305.00,"15,250.00"
2020-03-17,2020031701017896,MNBBL,58,34,50,305.00,"15,250.00"
2020-03-17,2020031701017895,MNBBL,38,34,200,305.00,"61,000.00"
2020-03-17,2020031701017894,MNBBL,43,34,200,305.00,"61,000.00"
2020-03-17,2020031701017893,MNBBL,49,34,200,305.00,"61,000.00"
2020-03-17,2020031701017892,MNBBL,45,34,10,305.00,"3,050.00"
2020-03-17,2020031701018142,MNBBL,25,13,20,308.00,"6,160.00"
2020-03-17,2020031701018024,MNBBL,16,44,163,304.00,"49,552.00"
2020-03-17,2020031701018023,MNBBL,1,44,137,304.00,"41,648.00"
2020-03-17,2020031701018017,MNBBL,1,28,63,304.00,"19,152.00"
2020-03-17,2020031701017899,MNBBL,44,34,25,305.00,"7,625.00"
2020-03-17,2020031701017898,MNBBL,14,34,200,305.00,"61,000.00"
2020-03-17,2020031701018257,MPFL,33,43,10,121.00,"1,210.00"
2020-03-17,2020031701017995,NABIL,6,3,181,731.00,"132,311.00"
2020-03-17,2020031701017887,NABIL,44,3,50,731.00,"36,550.00"
2020-03-17,2020031701017836,NABIL,36,3,25,731.00,"18,275.00"
2020-03-17,2020031701017835,NABIL,10,3,50,731.00,"36,550.00"
2020-03-17,2020031701017794,NABIL,49,26,34,732.00,"24,888.00"
2020-03-17,2020031701018166,NADEP,37,25,10,555.00,"5,550.00"
2020-03-17,2020031701017991,NADEP,3,25,90,555.00,"49,950.00"
2020-03-17,2020031701018237,NBB,22,45,10,200.00,"2,000.00"
2020-03-17,2020031701017803,NBB,11,57,200,199.00,"39,800.00"
2020-03-17,2020031701017777,NBB,59,57,500,199.00,"99,500.00"
2020-03-17,2020031701018075,NBB,29,34,357,198.00,"70,686.00"
2020-03-17,2020031701018074,NBB,6,34,100,198.00,"19,800.00"
2020-03-17,2020031701018073,NBB,28,34,43,198.00,"8,514.00"
2020-03-17,2020031701017931,NBB,22,45,10,200.00,"2,000.00"
2020-03-17,2020031701017869,NBB,34,57,290,199.00,"57,710.00"
2020-03-17,2020031701017818,NBB,22,57,10,199.00,"1,990.00"
2020-03-17,2020031701018238,NBL,33,21,10,260.00,"2,600.00"
2020-03-17,2020031701018145,NBL,32,21,25,260.00,"6,500.00"
2020-03-17,2020031701018083,NBL,43,21,10,260.00,"2,600.00"
2020-03-17,2020031701017922,NBL,48,41,320,259.00,"82,880.00"
2020-03-17,2020031701017919,NBL,51,41,30,259.00,"7,770.00"
2020-03-17,2020031701017816,NBL,52,41,50,259.00,"12,950.00"
2020-03-17,2020031701017766,NBL,34,41,50,259.00,"12,950.00"
2020-03-17,2020031701018081,NCCB,33,32,10,178.00,"1,780.00"
2020-03-17,2020031701017886,NCCB,35,39,500,176.00,"88,000.00"
2020-03-17,2020031701017863,NCCB,52,32,500,178.00,"89,000.00"
2020-03-17,2020031701018163,NGPL,40,37,200,107.00,"21,400.00"
2020-03-17,2020031701018046,NGPL,57,39,200,105.00,"21,000.00"
2020-03-17,2020031701018107,NHDL,45,28,10,127.00,"1,270.00"
2020-03-17,2020031701017839,NHPC,45,39,20,52.00,"1,040.00"
2020-03-17,2020031701017838,NHPC,41,39,81,53.00,"4,293.00"
2020-03-17,2020031701017837,NHPC,48,39,390,53.00,"20,670.00"
2020-03-17,2020031701018184,NIB,7,55,90,380.00,"34,200.00"
2020-03-17,2020031701018078,NIB,34,39,86,378.00,"32,508.00"
2020-03-17,2020031701018077,NIB,58,39,50,379.00,"18,950.00"
2020-03-17,2020031701018076,NIB,34,39,64,379.00,"24,256.00"
2020-03-17,2020031701017936,NIB,34,11,36,379.00,"13,644.00"
2020-03-17,2020031701017935,NIB,58,11,100,379.00,"37,900.00"
2020-03-17,2020031701018219,NIBSF1,7,34,"5,000",9.00,"45,000.00"
2020-03-17,2020031701017973,NIBSF1,7,21,500,9.00,"4,500.00"
2020-03-17,2020031701018149,NICA,28,51,10,508.00,"5,080.00"
2020-03-17,2020031701017888,NICA,4,35,330,506.00,"166,980.00"
2020-03-17,2020031701017851,NICA,4,41,"1,000",506.00,"506,000.00"
2020-03-17,2020031701017850,NICA,4,10,500,506.00,"253,000.00"
2020-03-17,2020031701017841,NICA,54,10,500,506.00,"253,000.00"
2020-03-17,2020031701018249,NICL,52,34,100,357.00,"35,700.00"
2020-03-17,2020031701017859,NICL,43,34,100,357.00,"35,700.00"
2020-03-17,2020031701017774,NICL,57,34,50,357.00,"17,850.00"
2020-03-17,2020031701018058,NIL,41,41,14,482.00,"6,748.00"
2020-03-17,2020031701018057,NIL,53,41,100,482.00,"48,200.00"
2020-03-17,2020031701018056,NIL,13,41,50,483.00,"24,150.00"
2020-03-17,2020031701018055,NIL,59,41,200,483.00,"96,600.00"
2020-03-17,2020031701018054,NIL,49,41,36,483.00,"17,388.00"
2020-03-17,2020031701018053,NIL,52,41,100,484.00,"48,400.00"
2020-03-17,2020031701017781,NIL,49,41,64,483.00,"30,912.00"
2020-03-17,2020031701017780,NIL,53,41,166,483.00,"80,178.00"
2020-03-17,2020031701017779,NIL,42,41,50,485.00,"24,250.00"
2020-03-17,2020031701017988,NLG,25,33,10,569.00,"5,690.00"
2020-03-17,2020031701017768,NLG,8,29,230,563.00,"129,490.00"
2020-03-17,2020031701018240,NLIC,58,8,200,"1,057.00","211,400.00"
2020-03-17,2020031701018239,NLIC,58,5,200,"1,057.00","211,400.00"
2020-03-17,2020031701018216,NLIC,34,5,10,"1,057.00","10,570.00"
2020-03-17,2020031701018061,NLIC,35,57,100,"1,052.00","105,200.00"
2020-03-17,2020031701018011,NLIC,34,5,10,"1,057.00","10,570.00"
2020-03-17,2020031701018010,NLIC,35,6,100,"1,052.00","105,200.00"
2020-03-17,2020031701017906,NLIC,4,29,10,"1,056.00","10,560.00"
2020-03-17,2020031701017845,NLIC,1,34,50,"1,053.00","52,650.00"
2020-03-17,2020031701017844,NLIC,38,34,50,"1,054.00","52,700.00"
2020-03-17,2020031701017804,NLIC,38,5,90,"1,057.00","95,130.00"
2020-03-17,2020031701017916,NLIC,48,33,20,"1,052.00","21,040.00"
2020-03-17,2020031701017915,NLIC,50,33,25,"1,052.00","26,300.00"
2020-03-17,2020031701017914,NLIC,11,33,147,"1,052.00","154,644.00"
2020-03-17,2020031701017913,NLIC,36,33,30,"1,053.00","31,590.00"
2020-03-17,2020031701017912,NLIC,1,33,150,"1,053.00","157,950.00"
2020-03-17,2020031701017911,NLIC,33,33,14,"1,054.00","14,756.00"
2020-03-17,2020031701017983,NLIC,14,36,21,"1,051.00","22,071.00"
2020-03-17,2020031701017982,NLIC,57,36,100,"1,051.00","105,100.00"
2020-03-17,2020031701017981,NLIC,51,36,129,"1,051.00","135,579.00"
2020-03-17,2020031701017980,NLIC,51,39,38,"1,051.00","39,938.00"
2020-03-17,2020031701017918,NLIC,51,33,33,"1,051.00","34,683.00"
2020-03-17,2020031701017917,NLIC,40,33,81,"1,051.00","85,131.00"
2020-03-17,2020031701018214,NLICL,55,57,100,583.00,"58,300.00"
2020-03-17,2020031701018049,NLICL,43,57,10,583.00,"5,830.00"
2020-03-17,2020031701017954,NLICL,8,44,100,582.00,"58,200.00"
2020-03-17,2020031701017943,NLICL,8,44,90,582.00,"52,380.00"
2020-03-17,2020031701017875,NLICL,8,22,410,582.00,"238,620.00"
2020-03-17,2020031701017874,NLICL,8,22,90,582.00,"52,380.00"
2020-03-17,2020031701017870,NLICL,8,4,150,582.00,"87,300.00"
2020-03-17,2020031701017808,NLICL,8,54,100,582.00,"58,200.00"
2020-03-17,2020031701018209,NMB,28,58,10,388.00,"3,880.00"
2020-03-17,2020031701018200,NMB,6,58,"1,800",386.00,"694,800.00"
2020-03-17,2020031701018199,NMB,51,58,200,387.00,"77,400.00"
2020-03-17,2020031701018196,NMB,59,58,85,388.00,"32,980.00"
2020-03-17,2020031701018110,NMB,28,58,10,388.00,"3,880.00"
2020-03-17,2020031701018084,NMB,6,8,12,386.00,"4,632.00"
2020-03-17,2020031701018070,NMB,14,58,450,388.00,"174,600.00"
2020-03-17,2020031701018069,NMB,14,55,50,387.00,"19,350.00"
2020-03-17,2020031701018048,NMB,25,55,100,387.00,"38,700.00"
2020-03-17,2020031701018153,NMBMF,58,58,185,730.00,"135,050.00"
2020-03-17,2020031701018152,NMBMF,44,58,65,731.00,"47,515.00"
2020-03-17,2020031701017994,NMBMF,8,53,300,735.00,"220,500.00"
2020-03-17,2020031701017985,NMBMF,44,55,35,731.00,"25,585.00"
2020-03-17,2020031701017984,NMBMF,36,55,10,731.00,"7,310.00"
2020-03-17,2020031701018256,NTC,21,6,40,609.00,"24,360.00"
2020-03-17,2020031701018255,NTC,41,6,20,610.00,"12,200.00"
2020-03-17,2020031701018254,NTC,41,6,30,610.00,"18,300.00"
2020-03-17,2020031701018253,NTC,57,6,10,612.00,"6,120.00"
2020-03-17,2020031701018146,NTC,58,5,10,615.00,"6,150.00"
2020-03-17,2020031701018154,PCBL,34,32,850,271.00,"230,350.00"
2020-03-17,2020031701018148,PCBL,43,32,150,271.00,"40,650.00"
2020-03-17,2020031701017910,PCBL,39,43,84,270.00,"22,680.00"
2020-03-17,2020031701017909,PCBL,57,43,111,270.00,"29,970.00"
2020-03-17,2020031701017908,PCBL,45,43,50,270.00,"13,500.00"
2020-03-17,2020031701017907,PCBL,55,43,755,270.00,"203,850.00"
2020-03-17,2020031701018236,PLIC,58,34,125,505.00,"63,125.00"
2020-03-17,2020031701018235,PLIC,34,34,10,505.00,"5,050.00"
2020-03-17,2020031701018126,PLIC,43,43,378,497.00,"187,866.00"
2020-03-17,2020031701018125,PLIC,53,43,34,500.00,"17,000.00"
2020-03-17,2020031701017990,PLIC,53,34,200,500.00,"100,000.00"
2020-03-17,2020031701017885,PLIC,53,45,16,500.00,"8,000.00"
2020-03-17,2020031701017793,PLIC,6,45,40,500.00,"20,000.00"
2020-03-17,2020031701018016,PMHPL,35,36,10,76.00,760.00
2020-03-17,2020031701017905,PPCL,34,8,10,107.00,"1,070.00"
2020-03-17,2020031701018185,PRIN,17,45,15,370.00,"5,550.00"
2020-03-17,2020031701018082,PROFL,19,41,200,104.00,"20,800.00"
2020-03-17,2020031701018206,PRVU,16,34,25,228.00,"5,700.00"
2020-03-17,2020031701018141,PRVU,41,58,27,227.00,"6,129.00"
2020-03-17,2020031701018140,PRVU,58,58,200,227.00,"45,400.00"
2020-03-17,2020031701018139,PRVU,43,58,100,227.00,"22,700.00"
2020-03-17,2020031701018138,PRVU,48,58,100,227.00,"22,700.00"
2020-03-17,2020031701018137,PRVU,5,58,"2,000",227.00,"454,000.00"
2020-03-17,2020031701017987,PRVU,58,34,150,228.00,"34,200.00"
2020-03-17,2020031701017986,PRVU,58,45,100,228.00,"22,800.00"
2020-03-17,2020031701017920,PRVU,52,45,100,228.00,"22,800.00"
2020-03-17,2020031701018136,PRVU,44,58,"1,000",227.00,"227,000.00"
2020-03-17,2020031701018135,PRVU,53,58,50,227.00,"11,350.00"
2020-03-17,2020031701018134,PRVU,41,58,150,227.00,"34,050.00"
2020-03-17,2020031701018133,PRVU,50,58,"1,000",227.00,"227,000.00"
2020-03-17,2020031701018132,PRVU,41,58,100,227.00,"22,700.00"
2020-03-17,2020031701018131,PRVU,42,58,673,227.00,"152,771.00"
2020-03-17,2020031701018222,RBCL,36,43,40,"8,815.00","352,600.00"
2020-03-17,2020031701018221,RBCL,44,43,10,"8,816.00","88,160.00"
2020-03-17,2020031701018220,RBCL,35,43,10,"8,825.00","88,250.00"
2020-03-17,2020031701018224,RBCLPO,34,14,10,"7,800.00","78,000.00"
2020-03-17,2020031701018182,RBCLPO,41,57,10,"7,651.00","76,510.00"
2020-03-17,2020031701018015,RHPL,50,17,200,153.00,"30,600.00"
2020-03-17,2020031701018014,RHPL,50,51,30,153.00,"4,590.00"
2020-03-17,2020031701018013,RHPL,50,53,70,152.00,"10,640.00"
2020-03-17,2020031701017795,RHPL,50,57,70,151.00,"10,570.00"
2020-03-17,2020031701018193,RSDC,45,54,15,442.00,"6,630.00"
2020-03-17,2020031701017939,SADBL,43,39,300,148.00,"44,400.00"
2020-03-17,2020031701018243,SANIMA,43,41,30,325.00,"9,750.00"
2020-03-17,2020031701018242,SANIMA,19,41,52,326.00,"16,952.00"
2020-03-17,2020031701017993,SANIMA,19,39,100,326.00,"32,600.00"
2020-03-17,2020031701017992,SANIMA,43,39,100,327.00,"32,700.00"
2020-03-17,2020031701017842,SANIMA,1,35,10,328.00,"3,280.00"
2020-03-17,2020031701017805,SANIMA,17,35,50,328.00,"16,400.00"
2020-03-17,2020031701017784,SANIMA,25,35,10,328.00,"3,280.00"
2020-03-17,2020031701018215,SBI,18,53,83,412.00,"34,196.00"
2020-03-17,2020031701018151,SBI,18,57,200,412.00,"82,400.00"
2020-03-17,2020031701017815,SBI,18,32,183,412.00,"75,396.00"
2020-03-17,2020031701017814,SBI,41,32,50,412.00,"20,600.00"
2020-03-17,2020031701017813,SBI,42,32,100,412.00,"41,200.00"
2020-03-17,2020031701018095,SBL,44,41,350,294.00,"102,900.00"
2020-03-17,2020031701018094,SBL,49,41,180,295.00,"53,100.00"
2020-03-17,2020031701017843,SBL,49,36,20,295.00,"5,900.00"
2020-03-17,2020031701018248,SCB,33,36,50,608.00,"30,400.00"
2020-03-17,2020031701018213,SCB,33,36,50,608.00,"30,400.00"
2020-03-17,2020031701018165,SCB,33,33,175,608.00,"106,400.00"
2020-03-17,2020031701018114,SCB,33,53,50,608.00,"30,400.00"
2020-03-17,2020031701018098,SCB,33,39,52,608.00,"31,616.00"
2020-03-17,2020031701017876,SCB,32,36,100,610.00,"61,000.00"
2020-03-17,2020031701018177,SHINE,4,25,20,264.00,"5,280.00"
2020-03-17,2020031701018144,SHINE,10,4,900,262.00,"235,800.00"
2020-03-17,2020031701018101,SHINE,16,4,"2,000",262.00,"524,000.00"
2020-03-17,2020031701018100,SHINE,38,4,100,263.00,"26,300.00"
2020-03-17,2020031701018099,SHINE,26,4,"1,000",263.00,"263,000.00"
2020-03-17,2020031701017857,SHINE,28,25,279,264.00,"73,656.00"
2020-03-17,2020031701017856,SHINE,28,4,221,264.00,"58,344.00"
2020-03-17,2020031701017802,SHINE,53,4,200,264.00,"52,800.00"
2020-03-17,2020031701018191,SHIVM,14,38,100,514.00,"51,400.00"
2020-03-17,2020031701018162,SHIVM,14,25,500,514.00,"257,000.00"
2020-03-17,2020031701018092,SHIVM,14,21,400,514.00,"205,600.00"
2020-03-17,2020031701018060,SHIVM,4,21,100,514.00,"51,400.00"
2020-03-17,2020031701018044,SHIVM,4,14,100,513.00,"51,300.00"
2020-03-17,2020031701017979,SHIVM,38,38,100,508.00,"50,800.00"
2020-03-17,2020031701017978,SHIVM,52,38,190,508.00,"96,520.00"
2020-03-17,2020031701017977,SHIVM,17,38,90,510.00,"45,900.00"
2020-03-17,2020031701017934,SHIVM,17,42,10,510.00,"5,100.00"
2020-03-17,2020031701017782,SHL,58,42,100,159.00,"15,900.00"
2020-03-17,2020031701017971,SHPC,57,43,900,192.00,"172,800.00"
2020-03-17,2020031701017970,SHPC,14,43,500,192.00,"96,000.00"
2020-03-17,2020031701017969,SHPC,53,43,100,193.00,"19,300.00"
2020-03-17,2020031701017968,SHPC,38,43,"1,000",193.00,"193,000.00"
2020-03-17,2020031701017961,SHPC,26,43,200,195.00,"39,000.00"
2020-03-17,2020031701017967,SHPC,39,43,200,194.00,"38,800.00"
2020-03-17,2020031701017966,SHPC,25,43,500,194.00,"97,000.00"
2020-03-17,2020031701017965,SHPC,33,43,200,194.00,"38,800.00"
2020-03-17,2020031701017964,SHPC,25,43,100,194.00,"19,400.00"
2020-03-17,2020031701017963,SHPC,22,43,300,194.00,"58,200.00"
2020-03-17,2020031701017962,SHPC,32,43,"1,000",195.00,"195,000.00"
2020-03-17,2020031701018097,SICL,53,51,10,855.00,"8,550.00"
2020-03-17,2020031701018096,SICL,53,34,50,843.00,"42,150.00"
2020-03-17,2020031701017933,SICL,38,34,50,843.00,"42,150.00"
2020-03-17,2020031701017778,SICL,59,34,100,843.00,"84,300.00"
2020-03-17,2020031701017867,SIFC,6,10,400,151.00,"60,400.00"
2020-03-17,2020031701017866,SIFC,43,10,100,152.00,"15,200.00"
2020-03-17,2020031701017812,SIL,44,35,440,459.00,"201,960.00"
2020-03-17,2020031701017811,SIL,41,35,410,459.00,"188,190.00"
2020-03-17,2020031701017810,SIL,45,35,100,460.00,"46,000.00"
2020-03-17,2020031701017809,SIL,49,35,50,461.00,"23,050.00"
2020-03-17,2020031701018203,SKBBL,5,57,20,"1,000.00","20,000.00"
2020-03-17,2020031701018045,SKBBL,19,7,19,998.00,"18,962.00"
2020-03-17,2020031701017848,SKBBL,5,57,20,"1,000.00","20,000.00"
2020-03-17,2020031701018113,SLBBL,29,44,100,765.00,"76,500.00"
2020-03-17,2020031701018112,SLBBL,11,44,20,765.00,"15,300.00"
2020-03-17,2020031701017938,SLBBL,57,42,100,766.00,"76,600.00"
2020-03-17,2020031701017937,SLBBL,38,42,88,766.00,"67,408.00"
2020-03-17,2020031701018059,SLBSL,17,28,10,735.00,"7,350.00"
2020-03-17,2020031701018190,SLICL,36,16,200,376.00,"75,200.00"
2020-03-17,2020031701018189,SLICL,55,16,15,376.00,"5,640.00"
2020-03-17,2020031701018186,SLICL,45,34,11,378.00,"4,158.00"
2020-03-17,2020031701018130,SLICL,55,39,50,376.00,"18,800.00"
2020-03-17,2020031701018090,SLICL,55,43,135,376.00,"50,760.00"
2020-03-17,2020031701017998,SLICL,1,43,300,376.00,"112,800.00"
2020-03-17,2020031701017997,SLICL,6,43,65,377.00,"24,505.00"
2020-03-17,2020031701017996,SLICL,45,34,200,378.00,"75,600.00"
2020-03-17,2020031701017873,SLICL,51,34,100,378.00,"37,800.00"
2020-03-17,2020031701017846,SLICL,45,34,100,378.00,"37,800.00"
2020-03-17,2020031701018225,SMATA,58,33,10,650.00,"6,500.00"
2020-03-17,2020031701018212,SMATA,34,33,10,650.00,"6,500.00"
2020-03-17,2020031701018211,SMATA,34,39,50,649.00,"32,450.00"
2020-03-17,2020031701018210,SMATA,34,29,50,645.00,"32,250.00"
2020-03-17,2020031701018012,SMATA,34,32,20,640.00,"12,800.00"
2020-03-17,2020031701017817,SMB,43,45,10,799.00,"7,990.00"
2020-03-17,2020031701018124,TRH,46,42,400,217.00,"86,800.00"
2020-03-17,2020031701018123,TRH,13,42,200,217.00,"43,400.00"
2020-03-17,2020031701018122,TRH,56,42,20,217.00,"4,340.00"
2020-03-17,2020031701018121,TRH,43,42,100,218.00,"21,800.00"
2020-03-17,2020031701018120,TRH,48,42,10,218.00,"2,180.00"
2020-03-17,2020031701017831,UIC,57,42,300,311.00,"93,300.00"
2020-03-17,2020031701017830,UIC,20,42,100,311.00,"31,100.00"
2020-03-17,2020031701017829,UIC,44,42,25,311.00,"7,775.00"
2020-03-17,2020031701017828,UIC,35,42,500,311.00,"155,500.00"
2020-03-17,2020031701017827,UIC,17,42,300,311.00,"93,300.00"
2020-03-17,2020031701017826,UIC,43,42,"3,000",311.00,"933,000.00"
2020-03-17,2020031701017819,UIC,21,42,100,312.00,"31,200.00"
2020-03-17,2020031701017825,UIC,34,42,100,311.00,"31,100.00"
2020-03-17,2020031701017824,UIC,29,42,200,311.00,"62,200.00"
2020-03-17,2020031701017823,UIC,41,42,500,311.00,"155,500.00"
2020-03-17,2020031701017822,UIC,50,42,95,311.00,"29,545.00"
2020-03-17,2020031701017821,UIC,57,42,100,312.00,"31,200.00"
2020-03-17,2020031701017820,UIC,6,42,75,312.00,"23,400.00"
2020-03-17,2020031701018106,UPPER,49,41,107,231.00,"24,717.00"
2020-03-17,2020031701017868,VLBS,58,45,93,875.00,"81,375.00"
2020-03-17,2020031701017698,ADBL,39,1,82,374.00,"30,668.00"
2020-03-17,2020031701017697,ADBL,56,1,46,374.00,"17,204.00"
2020-03-17,2020031701017696,ADBL,45,49,50,375.00,"18,750.00"
2020-03-17,2020031701017349,ADBL,6,11,20,374.00,"7,480.00"
2020-03-17,2020031701017348,ADBL,6,21,69,374.00,"25,806.00"
2020-03-17,2020031701017341,ADBL,11,21,20,374.00,"7,480.00"
2020-03-17,2020031701017691,AHPC,33,17,10,93.00,930.00
2020-03-17,2020031701017486,AHPC,52,8,100,92.00,"9,200.00"
2020-03-17,2020031701017753,ALBSL,16,58,20,630.00,"12,600.00"
2020-03-17,2020031701017752,ALBSL,42,58,10,630.00,"6,300.00"
2020-03-17,2020031701017751,ALBSL,25,58,23,631.00,"14,513.00"
2020-03-17,2020031701017750,ALBSL,17,58,40,632.00,"25,280.00"
2020-03-17,2020031701017431,ALICL,57,1,100,488.00,"48,800.00"
2020-03-17,2020031701017474,API,42,33,100,105.00,"10,500.00"
2020-03-17,2020031701017315,BFC,45,39,106,96.00,"10,176.00"
2020-03-17,2020031701017314,BFC,26,39,500,96.00,"48,000.00"
2020-03-17,2020031701017313,BFC,59,39,100,96.00,"9,600.00"
2020-03-17,2020031701017312,BFC,13,39,"1,000",96.00,"96,000.00"
2020-03-17,2020031701017311,BFC,57,39,294,96.00,"28,224.00"
2020-03-17,2020031701017469,BOKL,36,10,200,222.00,"44,400.00"
2020-03-17,2020031701017636,CBBL,13,38,67,980.00,"65,660.00"
2020-03-17,2020031701017610,CBBL,13,51,16,978.00,"15,648.00"
2020-03-17,2020031701017440,CBBL,34,58,59,977.00,"57,643.00"
2020-03-17,2020031701017439,CBBL,39,58,20,977.00,"19,540.00"
2020-03-17,2020031701017438,CBBL,57,58,50,979.00,"48,950.00"
2020-03-17,2020031701017354,CBBL,41,38,10,980.00,"9,800.00"
2020-03-17,2020031701017353,CBBL,6,38,16,980.00,"15,680.00"
2020-03-17,2020031701017352,CBBL,34,38,47,980.00,"46,060.00"
2020-03-17,2020031701017710,CBL,13,21,11,137.00,"1,507.00"
2020-03-17,2020031701017323,CBL,33,38,50,138.00,"6,900.00"
2020-03-17,2020031701017424,CCBL,50,39,27,159.00,"4,293.00"
2020-03-17,2020031701017423,CCBL,6,39,73,159.00,"11,607.00"
2020-03-17,2020031701017719,CFCL,4,34,300,127.00,"38,100.00"
2020-03-17,2020031701017718,CFCL,58,34,200,127.00,"25,400.00"
2020-03-17,2020031701017267,CIT,34,34,100,"2,451.00","245,100.00"
2020-03-17,2020031701017576,CZBIL,34,36,282,185.00,"52,170.00"
2020-03-17,2020031701017367,CZBIL,43,36,500,185.00,"92,500.00"
2020-03-17,2020031701017712,DDBL,32,22,100,770.00,"77,000.00"
2020-03-17,2020031701017711,EBL,35,25,75,639.00,"47,925.00"
2020-03-17,2020031701017557,EBL,35,39,20,639.00,"12,780.00"
2020-03-17,2020031701017544,EBL,32,22,200,640.00,"128,000.00"
2020-03-17,2020031701017426,EBL,49,22,50,641.00,"32,050.00"
2020-03-17,2020031701017425,EBL,11,22,10,642.00,"6,420.00"
2020-03-17,2020031701017355,EBL,49,35,100,641.00,"64,100.00"
2020-03-17,2020031701017699,EDBL,35,53,30,369.00,"11,070.00"
2020-03-17,2020031701017652,EDBL,19,45,200,364.00,"72,800.00"
2020-03-17,2020031701017754,EIC,21,34,100,345.00,"34,500.00"
2020-03-17,2020031701017264,EIC,39,34,277,345.00,"95,565.00"
2020-03-17,2020031701017735,FMDBL,55,36,25,439.00,"10,975.00"
2020-03-17,2020031701017547,FMDBL,41,36,25,439.00,"10,975.00"
2020-03-17,2020031701017399,GBBL,35,39,611,221.00,"135,031.00"
2020-03-17,2020031701017398,GBBL,28,39,10,221.00,"2,210.00"
2020-03-17,2020031701017397,GBBL,14,39,100,222.00,"22,200.00"
2020-03-17,2020031701017324,GBBL,44,13,80,224.00,"17,920.00"
2020-03-17,2020031701017708,GBIME,26,16,523,259.00,"135,457.00"
2020-03-17,2020031701017707,GBIME,47,16,50,259.00,"12,950.00"
2020-03-17,2020031701017706,GBIME,51,16,250,259.00,"64,750.00"
2020-03-17,2020031701017705,GBIME,57,16,50,259.00,"12,950.00"
2020-03-17,2020031701017704,GBIME,6,16,100,259.00,"25,900.00"
2020-03-17,2020031701017703,GBIME,34,16,27,259.00,"6,993.00"
2020-03-17,2020031701017608,GBIME,35,13,50,260.00,"13,000.00"
2020-03-17,2020031701017514,GBIME,1,13,200,260.00,"52,000.00"
2020-03-17,2020031701017403,GBIME,37,13,500,260.00,"130,000.00"
2020-03-17,2020031701017363,GILB,38,34,60,"1,146.00","68,760.00"
2020-03-17,2020031701017307,GILB,38,34,240,"1,146.00","275,040.00"
2020-03-17,2020031701017306,GILB,17,34,10,"1,146.00","11,460.00"
2020-03-17,2020031701017305,GILB,34,34,970,"1,156.00","1,121,320.00"
2020-03-17,2020031701017642,GMFBS,42,36,10,770.00,"7,700.00"
2020-03-17,2020031701017442,GMFBS,42,4,10,770.00,"7,700.00"
2020-03-17,2020031701017542,GRDBL,35,46,125,110.00,"13,750.00"
2020-03-17,2020031701017541,GRDBL,45,46,10,110.00,"1,100.00"
2020-03-17,2020031701017462,HBL,6,45,19,525.00,"9,975.00"
2020-03-17,2020031701017461,HBL,34,45,31,525.00,"16,275.00"
2020-03-17,2020031701017351,HBL,34,32,469,525.00,"246,225.00"
2020-03-17,2020031701017539,HDL,45,55,100,"1,357.00","135,700.00"
2020-03-17,2020031701017366,HDL,57,25,200,"1,355.00","271,000.00"
2020-03-17,2020031701017356,HDL,48,14,40,"1,348.00","53,920.00"
2020-03-17,2020031701017317,HDL,45,14,10,"1,350.00","13,500.00"
2020-03-17,2020031701017535,HGI,11,22,204,335.00,"68,340.00"
2020-03-17,2020031701017534,HGI,51,22,56,336.00,"18,816.00"
2020-03-17,2020031701017533,HGI,51,22,24,338.00,"8,112.00"
2020-03-17,2020031701017331,HIDCL,13,25,567,130.00,"73,710.00"
2020-03-17,2020031701017330,HIDCL,17,25,200,130.00,"26,000.00"
2020-03-17,2020031701017329,HIDCL,38,25,"4,357",130.00,"566,410.00"
2020-03-17,2020031701017298,HIDCL,38,25,643,130.00,"83,590.00"
2020-03-17,2020031701017297,HIDCL,42,25,50,130.00,"6,500.00"
2020-03-17,2020031701017296,HIDCL,55,25,145,130.00,"18,850.00"
2020-03-17,2020031701017289,HIDCL,59,25,50,131.00,"6,550.00"
2020-03-17,2020031701017288,HIDCL,49,25,"1,000",131.00,"131,000.00"
2020-03-17,2020031701017287,HIDCL,14,25,90,131.00,"11,790.00"
2020-03-17,2020031701017286,HIDCL,52,25,206,131.00,"26,986.00"
2020-03-17,2020031701017295,HIDCL,11,25,200,130.00,"26,000.00"
2020-03-17,2020031701017294,HIDCL,5,25,100,130.00,"13,000.00"
2020-03-17,2020031701017293,HIDCL,41,25,50,130.00,"6,500.00"
2020-03-17,2020031701017292,HIDCL,41,25,400,130.00,"52,000.00"
2020-03-17,2020031701017291,HIDCL,11,25,66,130.00,"8,580.00"
2020-03-17,2020031701017290,HIDCL,40,25,"2,000",131.00,"262,000.00"
2020-03-17,2020031701017516,ICFC,45,28,80,166.00,"13,280.00"
2020-03-17,2020031701017437,ICFC,16,28,"1,000",166.00,"166,000.00"
2020-03-17,2020031701017436,ICFC,57,28,100,166.00,"16,600.00"
2020-03-17,2020031701017435,ICFC,34,28,"1,000",166.00,"166,000.00"
2020-03-17,2020031701017434,ICFC,59,28,320,166.00,"53,120.00"
2020-03-17,2020031701017433,ICFC,22,28,300,167.00,"50,100.00"
2020-03-17,2020031701017432,ICFC,34,28,200,167.00,"33,400.00"
2020-03-17,2020031701017259,JBBL,26,39,450,167.00,"75,150.00"
2020-03-17,2020031701017258,JBBL,19,39,300,167.00,"50,100.00"
2020-03-17,2020031701017662,JSLBB,45,22,20,"1,401.00","28,020.00"
2020-03-17,2020031701017661,JSLBB,45,22,10,"1,401.00","14,010.00"
2020-03-17,2020031701017687,KBL,16,50,390,184.00,"71,760.00"
2020-03-17,2020031701017686,KBL,16,32,538,184.00,"98,992.00"
2020-03-17,2020031701017667,KBL,45,32,100,184.00,"18,400.00"
2020-03-17,2020031701017640,KBL,25,32,50,184.00,"9,200.00"
2020-03-17,2020031701017454,KBL,52,32,375,184.00,"69,000.00"
2020-03-17,2020031701017757,KMCDB,7,16,10,754.00,"7,540.00"
2020-03-17,2020031701017518,KMCDB,21,19,20,740.00,"14,800.00"
2020-03-17,2020031701017517,KMCDB,52,19,30,741.00,"22,230.00"
2020-03-17,2020031701017402,KMCDB,52,25,10,741.00,"7,410.00"
2020-03-17,2020031701017372,KMCDB,52,25,10,741.00,"7,410.00"
2020-03-17,2020031701017602,KPCL,17,59,200,104.00,"20,800.00"
2020-03-17,2020031701017601,KPCL,17,59,70,106.00,"7,420.00"
2020-03-17,2020031701017568,KRBL,22,46,48,101.00,"4,848.00"
2020-03-17,2020031701017429,KRBL,22,55,434,101.00,"43,834.00"
2020-03-17,2020031701017738,KSBBL,14,34,385,151.00,"58,135.00"
2020-03-17,2020031701017612,LBBL,8,38,500,178.00,"89,000.00"
2020-03-17,2020031701017717,LBL,52,46,20,209.00,"4,180.00"
2020-03-17,2020031701017359,LBL,46,37,426,208.00,"88,608.00"
2020-03-17,2020031701017358,LBL,54,37,"1,574",208.00,"327,392.00"
2020-03-17,2020031701017716,LGIL,52,14,117,405.00,"47,385.00"
2020-03-17,2020031701017715,LGIL,52,4,40,404.00,"16,160.00"
2020-03-17,2020031701017714,LGIL,52,57,200,404.00,"80,800.00"
2020-03-17,2020031701017713,LGIL,52,11,143,403.00,"57,629.00"
2020-03-17,2020031701017586,LGIL,16,22,225,396.00,"89,100.00"
2020-03-17,2020031701017585,LGIL,33,22,100,396.00,"39,600.00"
2020-03-17,2020031701017511,LGIL,13,5,143,402.00,"57,486.00"
2020-03-17,2020031701017281,LLBS,51,36,200,969.00,"193,800.00"
2020-03-17,2020031701017280,LLBS,34,36,300,970.00,"291,000.00"
2020-03-17,2020031701017279,LLBS,43,36,10,971.00,"9,710.00"
2020-03-17,2020031701017582,MBL,10,38,198,218.00,"43,164.00"
2020-03-17,2020031701017460,MBL,10,48,87,217.00,"18,879.00"
2020-03-17,2020031701017459,MBL,58,48,100,217.00,"21,700.00"
2020-03-17,2020031701017458,MBL,42,48,100,217.00,"21,700.00"
2020-03-17,2020031701017457,MBL,34,48,500,217.00,"108,500.00"
2020-03-17,2020031701017456,MBL,51,48,"1,213",217.00,"263,221.00"
2020-03-17,2020031701017445,MBL,49,38,200,218.00,"43,600.00"
2020-03-17,2020031701017444,MBL,40,38,102,218.00,"22,236.00"
2020-03-17,2020031701017739,MEGA,54,39,100,203.00,"20,300.00"
2020-03-17,2020031701017729,MEGA,54,34,70,203.00,"14,210.00"
2020-03-17,2020031701017728,MEGA,45,34,500,203.00,"101,500.00"
2020-03-17,2020031701017727,MEGA,17,34,50,203.00,"10,150.00"
2020-03-17,2020031701017726,MEGA,47,34,30,203.00,"6,090.00"
2020-03-17,2020031701017725,MEGA,45,34,350,203.00,"71,050.00"
2020-03-17,2020031701017269,MEGA,10,13,100,204.00,"20,400.00"
2020-03-17,2020031701017268,MEGA,17,13,581,204.00,"118,524.00"
2020-03-17,2020031701017273,MEGA,11,13,20,204.00,"4,080.00"
2020-03-17,2020031701017272,MEGA,39,13,100,204.00,"20,400.00"
2020-03-17,2020031701017271,MEGA,41,13,100,204.00,"20,400.00"
2020-03-17,2020031701017270,MEGA,41,13,150,204.00,"30,600.00"
2020-03-17,2020031701017515,MEGA,14,13,117,203.00,"23,751.00"
2020-03-17,2020031701017473,MEGA,14,36,50,203.00,"10,150.00"
2020-03-17,2020031701017396,MEGA,45,13,45,204.00,"9,180.00"
2020-03-17,2020031701017674,MEGA,14,55,44,203.00,"8,932.00"
2020-03-17,2020031701017724,MEGA,45,56,650,203.00,"131,950.00"
2020-03-17,2020031701017723,MEGA,53,56,30,203.00,"6,090.00"
2020-03-17,2020031701017722,MEGA,13,56,250,203.00,"50,750.00"
2020-03-17,2020031701017721,MEGA,52,56,20,203.00,"4,060.00"
2020-03-17,2020031701017720,MEGA,28,56,50,203.00,"10,150.00"
2020-03-17,2020031701017668,MFIL,28,14,400,265.00,"106,000.00"
2020-03-17,2020031701017620,MFIL,28,42,500,265.00,"132,500.00"
2020-03-17,2020031701017609,MHNL,49,50,30,77.00,"2,310.00"
2020-03-17,2020031701017749,MLBL,20,59,150,197.00,"29,550.00"
2020-03-17,2020031701017300,MLBL,20,41,363,197.00,"71,511.00"
2020-03-17,2020031701017299,MLBL,45,41,24,197.00,"4,728.00"
2020-03-17,2020031701017332,MLBL,20,59,300,197.00,"59,100.00"
2020-03-17,2020031701017676,MNBBL,43,4,34,305.00,"10,370.00"
2020-03-17,2020031701017675,MNBBL,32,4,466,305.00,"142,130.00"
2020-03-17,2020031701017569,MNBBL,25,13,15,308.00,"4,620.00"
2020-03-17,2020031701017551,MNBBL,53,49,70,307.00,"21,490.00"
2020-03-17,2020031701017494,MNBBL,32,41,234,305.00,"71,370.00"
2020-03-17,2020031701017386,MNBBL,13,58,100,305.00,"30,500.00"
2020-03-17,2020031701017385,MNBBL,32,58,"1,000",305.00,"305,000.00"
2020-03-17,2020031701017384,MNBBL,20,58,20,305.00,"6,100.00"
2020-03-17,2020031701017383,MNBBL,53,58,30,305.00,"9,150.00"
2020-03-17,2020031701017382,MNBBL,11,58,20,306.00,"6,120.00"
2020-03-17,2020031701017392,MNBBL,57,58,100,305.00,"30,500.00"
2020-03-17,2020031701017391,MNBBL,42,58,20,305.00,"6,100.00"
2020-03-17,2020031701017390,MNBBL,57,58,10,305.00,"3,050.00"
2020-03-17,2020031701017389,MNBBL,34,58,100,305.00,"30,500.00"
2020-03-17,2020031701017388,MNBBL,6,58,30,305.00,"9,150.00"
2020-03-17,2020031701017387,MNBBL,52,58,200,305.00,"61,000.00"
2020-03-17,2020031701017493,MNBBL,49,41,100,306.00,"30,600.00"
2020-03-17,2020031701017468,MNBBL,49,55,400,306.00,"122,400.00"
2020-03-17,2020031701017467,MNBBL,14,55,100,306.00,"30,600.00"
2020-03-17,2020031701017395,MNBBL,32,58,300,305.00,"91,500.00"
2020-03-17,2020031701017394,MNBBL,21,58,50,305.00,"15,250.00"
2020-03-17,2020031701017393,MNBBL,1,58,20,305.00,"6,100.00"
2020-03-17,2020031701017619,NABIL,10,39,20,731.00,"14,620.00"
2020-03-17,2020031701017584,NABIL,10,45,30,731.00,"21,930.00"
2020-03-17,2020031701017583,NABIL,59,45,100,731.00,"73,100.00"
2020-03-17,2020031701017428,NABIL,33,26,116,732.00,"84,912.00"
2020-03-17,2020031701017427,NABIL,33,26,90,732.00,"65,880.00"
2020-03-17,2020031701017377,NABIL,11,26,10,732.00,"7,320.00"
2020-03-17,2020031701017370,NABIL,22,48,12,730.00,"8,760.00"
2020-03-17,2020031701017369,NABIL,39,48,38,730.00,"27,740.00"
2020-03-17,2020031701017368,NABIL,39,48,200,731.00,"146,200.00"
2020-03-17,2020031701017308,NABIL,39,39,50,730.00,"36,500.00"
2020-03-17,2020031701017266,NABIL,39,39,12,730.00,"8,760.00"
2020-03-17,2020031701017263,NABIL,57,3,740,730.00,"540,200.00"
2020-03-17,2020031701017325,NADEP,22,11,54,556.00,"30,024.00"
2020-03-17,2020031701017641,NBB,5,57,500,199.00,"99,500.00"
2020-03-17,2020031701017361,NBB,28,11,150,198.00,"29,700.00"
2020-03-17,2020031701017283,NBB,28,41,107,198.00,"21,186.00"
2020-03-17,2020031701017282,NBB,34,41,93,198.00,"18,414.00"
2020-03-17,2020031701017309,NBF2,58,46,200,8.26,"1,652.00"
2020-03-17,2020031701017756,NBL,25,41,50,259.00,"12,950.00"
2020-03-17,2020031701017666,NBL,49,33,320,259.00,"82,880.00"
2020-03-17,2020031701017365,NBL,35,33,300,259.00,"77,700.00"
2020-03-17,2020031701017364,NBL,45,33,380,259.00,"98,420.00"
2020-03-17,2020031701017745,NCCB,35,44,385,176.00,"67,760.00"
2020-03-17,2020031701017744,NCCB,25,44,50,176.00,"8,800.00"
2020-03-17,2020031701017743,NCCB,17,44,"1,000",176.00,"176,000.00"
2020-03-17,2020031701017742,NCCB,58,44,50,176.00,"8,800.00"
2020-03-17,2020031701017741,NCCB,32,44,30,176.00,"5,280.00"
2020-03-17,2020031701017740,NCCB,37,44,35,176.00,"6,160.00"
2020-03-17,2020031701017688,NCCB,59,44,"1,000",177.00,"177,000.00"
2020-03-17,2020031701017632,NCCB,37,41,465,176.00,"81,840.00"
2020-03-17,2020031701017631,NCCB,49,41,110,176.00,"19,360.00"
2020-03-17,2020031701017579,NCCB,32,44,100,177.00,"17,700.00"
2020-03-17,2020031701017525,NCCB,33,44,300,177.00,"53,100.00"
2020-03-17,2020031701017342,NCCB,49,39,33,176.00,"5,808.00"
2020-03-17,2020031701017407,NHPC,48,55,500,53.00,"26,500.00"
2020-03-17,2020031701017639,NIB,34,26,350,378.00,"132,300.00"
2020-03-17,2020031701017638,NIB,38,26,100,378.00,"37,800.00"
2020-03-17,2020031701017637,NIB,45,26,50,378.00,"18,900.00"
2020-03-17,2020031701017596,NIB,48,53,94,378.00,"35,532.00"
2020-03-17,2020031701017595,NIB,51,53,50,378.00,"18,900.00"
2020-03-17,2020031701017594,NIB,22,53,10,378.00,"3,780.00"
2020-03-17,2020031701017587,NIB,21,53,68,379.00,"25,772.00"
2020-03-17,2020031701017447,NIB,21,25,132,379.00,"50,028.00"
2020-03-17,2020031701017446,NIB,19,25,100,379.00,"37,900.00"
2020-03-17,2020031701017593,NIB,46,53,20,378.00,"7,560.00"
2020-03-17,2020031701017592,NIB,50,53,50,378.00,"18,900.00"
2020-03-17,2020031701017591,NIB,6,53,"1,138",378.00,"430,164.00"
2020-03-17,2020031701017590,NIB,45,53,100,379.00,"37,900.00"
2020-03-17,2020031701017589,NIB,21,53,20,379.00,"7,580.00"
2020-03-17,2020031701017588,NIB,34,53,50,379.00,"18,950.00"
2020-03-17,2020031701017690,NICA,49,34,161,505.00,"81,305.00"
2020-03-17,2020031701017689,NICA,6,34,239,505.00,"120,695.00"
2020-03-17,2020031701017599,NICA,6,41,511,505.00,"258,055.00"
2020-03-17,2020031701017598,NICA,6,49,40,505.00,"20,200.00"
2020-03-17,2020031701017597,NICA,6,42,210,505.00,"106,050.00"
2020-03-17,2020031701017572,NICA,14,42,50,505.00,"25,250.00"
2020-03-17,2020031701017465,NICA,34,42,20,505.00,"10,100.00"
2020-03-17,2020031701017463,NICA,53,42,200,505.00,"101,000.00"
2020-03-17,2020031701017405,NICA,4,41,363,504.00,"182,952.00"
2020-03-17,2020031701017400,NICA,34,42,20,505.00,"10,100.00"
2020-03-17,2020031701017333,NICA,52,56,50,504.00,"25,200.00"
2020-03-17,2020031701017549,NICL,1,34,50,357.00,"17,850.00"
2020-03-17,2020031701017490,NICL,1,34,50,357.00,"17,850.00"
2020-03-17,2020031701017443,NICL,43,34,500,357.00,"178,500.00"
2020-03-17,2020031701017340,NICL,42,34,150,357.00,"53,550.00"
2020-03-17,2020031701017339,NICL,45,34,500,357.00,"178,500.00"
2020-03-17,2020031701017338,NICL,33,34,200,357.00,"71,400.00"
2020-03-17,2020031701017337,NICL,14,34,300,357.00,"107,100.00"
2020-03-17,2020031701017336,NICL,7,34,20,357.00,"7,140.00"
2020-03-17,2020031701017335,NICL,35,34,20,357.00,"7,140.00"
2020-03-17,2020031701017406,NICL,38,34,100,357.00,"35,700.00"
2020-03-17,2020031701017464,NIL,53,11,50,483.00,"24,150.00"
2020-03-17,2020031701017422,NIL,53,39,284,483.00,"137,172.00"
2020-03-17,2020031701017421,NIL,44,39,25,484.00,"12,100.00"
2020-03-17,2020031701017420,NIL,58,39,100,484.00,"48,400.00"
2020-03-17,2020031701017413,NIL,7,39,914,485.00,"443,290.00"
2020-03-17,2020031701017419,NIL,56,39,100,484.00,"48,400.00"
2020-03-17,2020031701017418,NIL,46,39,100,484.00,"48,400.00"
2020-03-17,2020031701017417,NIL,39,39,200,484.00,"96,800.00"
2020-03-17,2020031701017416,NIL,45,39,50,484.00,"24,200.00"
2020-03-17,2020031701017415,NIL,43,39,100,484.00,"48,400.00"
2020-03-17,2020031701017414,NIL,49,39,200,485.00,"97,000.00"
2020-03-17,2020031701017695,NLIC,11,22,53,"1,052.00","55,756.00"
2020-03-17,2020031701017692,NLIC,17,5,10,"1,057.00","10,570.00"
2020-03-17,2020031701017630,NLIC,47,59,35,"1,053.00","36,855.00"
2020-03-17,2020031701017629,NLIC,35,59,50,"1,053.00","52,650.00"
2020-03-17,2020031701017628,NLIC,34,59,85,"1,053.00","89,505.00"
2020-03-17,2020031701017627,NLIC,48,59,30,"1,055.00","31,650.00"
2020-03-17,2020031701017319,NLIC,26,16,51,"1,051.00","53,601.00"
2020-03-17,2020031701017318,NLIC,49,16,150,"1,052.00","157,800.00"
2020-03-17,2020031701017316,NLIC,52,17,62,"1,053.00","65,286.00"
2020-03-17,2020031701017512,NLIC,47,10,89,"1,053.00","93,717.00"
2020-03-17,2020031701017360,NLIC,10,57,100,"1,052.00","105,200.00"
2020-03-17,2020031701017347,NLIC,34,5,180,"1,057.00","190,260.00"
2020-03-17,2020031701017346,NLIC,34,22,20,"1,054.00","21,080.00"
2020-03-17,2020031701017321,NLIC,40,16,169,"1,051.00","177,619.00"
2020-03-17,2020031701017320,NLIC,53,16,30,"1,051.00","31,530.00"
2020-03-17,2020031701017709,NLICL,32,57,100,583.00,"58,300.00"
2020-03-17,2020031701017694,NLICL,28,57,200,583.00,"116,600.00"
2020-03-17,2020031701017527,NLICL,8,21,100,582.00,"58,200.00"
2020-03-17,2020031701017448,NLICL,25,44,10,589.00,"5,890.00"
2020-03-17,2020031701017430,NLICL,8,34,60,582.00,"34,920.00"
2020-03-17,2020031701017412,NLICL,48,34,40,582.00,"23,280.00"
2020-03-17,2020031701017404,NLICL,45,34,200,582.00,"116,400.00"
2020-03-17,2020031701017702,NMB,49,7,10,389.00,"3,890.00"
2020-03-17,2020031701017670,NMB,33,7,10,389.00,"3,890.00"
2020-03-17,2020031701017649,NMB,6,39,40,386.00,"15,440.00"
2020-03-17,2020031701017648,NMB,34,39,100,386.00,"38,600.00"
2020-03-17,2020031701017647,NMB,13,39,100,386.00,"38,600.00"
2020-03-17,2020031701017646,NMB,6,39,70,387.00,"27,090.00"
2020-03-17,2020031701017275,NMB,56,50,432,385.00,"166,320.00"
2020-03-17,2020031701017274,NMB,18,50,68,385.00,"26,180.00"
2020-03-17,2020031701017645,NMB,26,39,100,387.00,"38,700.00"
2020-03-17,2020031701017506,NMB,53,1,200,387.00,"77,400.00"
2020-03-17,2020031701017453,NMB,49,44,"1,572",386.00,"606,792.00"
2020-03-17,2020031701017357,NMB,11,44,20,386.00,"7,720.00"
2020-03-17,2020031701017343,NMB,56,41,385,385.00,"148,225.00"
2020-03-17,2020031701017304,NMB,1,44,500,386.00,"193,000.00"
2020-03-17,2020031701017411,NSEWA,45,19,45,604.00,"27,180.00"
2020-03-17,2020031701017410,NSEWA,45,47,40,604.00,"24,160.00"
2020-03-17,2020031701017409,NSEWA,45,17,10,604.00,"6,040.00"
2020-03-17,2020031701017574,NTC,33,53,30,612.00,"18,360.00"
2020-03-17,2020031701017328,NTC,52,43,50,610.00,"30,500.00"
2020-03-17,2020031701017580,NUBL,34,52,500,916.00,"458,000.00"
2020-03-17,2020031701017472,NUBL,34,38,200,916.00,"183,200.00"
2020-03-17,2020031701017450,NUBL,34,39,50,916.00,"45,800.00"
2020-03-17,2020031701017669,PCBL,17,16,295,271.00,"79,945.00"
2020-03-17,2020031701017537,PCBL,17,19,500,271.00,"135,500.00"
2020-03-17,2020031701017513,PCBL,17,39,50,271.00,"13,550.00"
2020-03-17,2020031701017374,PCBL,17,41,155,271.00,"42,005.00"
2020-03-17,2020031701017373,PCBL,40,41,425,271.00,"115,175.00"
2020-03-17,2020031701017285,PCBL,40,37,575,271.00,"155,825.00"
2020-03-17,2020031701017284,PCBL,34,37,925,271.00,"250,675.00"
2020-03-17,2020031701017540,PFL,51,58,776,150.00,"116,400.00"
2020-03-17,2020031701017693,PIC,58,16,24,490.00,"11,760.00"
2020-03-17,2020031701017657,PIC,42,16,50,490.00,"24,500.00"
2020-03-17,2020031701017656,PIC,13,16,10,490.00,"4,900.00"
2020-03-17,2020031701017655,PIC,42,16,50,490.00,"24,500.00"
2020-03-17,2020031701017654,PIC,6,16,50,490.00,"24,500.00"
2020-03-17,2020031701017653,PIC,56,16,16,490.00,"7,840.00"
2020-03-17,2020031701017498,PIC,41,39,100,492.00,"49,200.00"
2020-03-17,2020031701017497,PIC,49,39,219,495.00,"108,405.00"
2020-03-17,2020031701017487,PIC,49,39,50,495.00,"24,750.00"
2020-03-17,2020031701017452,PIC,49,39,111,495.00,"54,945.00"
2020-03-17,2020031701017451,PIC,6,39,50,496.00,"24,800.00"
2020-03-17,2020031701017504,PIC,56,39,484,490.00,"237,160.00"
2020-03-17,2020031701017503,PIC,35,39,100,490.00,"49,000.00"
2020-03-17,2020031701017502,PIC,22,39,10,490.00,"4,900.00"
2020-03-17,2020031701017501,PIC,10,39,500,491.00,"245,500.00"
2020-03-17,2020031701017500,PIC,34,39,25,491.00,"12,275.00"
2020-03-17,2020031701017499,PIC,45,39,30,491.00,"14,730.00"
2020-03-17,2020031701017536,PLIC,44,54,100,497.00,"49,700.00"
2020-03-17,2020031701017401,PLIC,55,37,155,497.00,"77,035.00"
2020-03-17,2020031701017543,PPCL,34,36,30,107.00,"3,210.00"
2020-03-17,2020031701017492,PPCL,34,50,30,107.00,"3,210.00"
2020-03-17,2020031701017734,PRIN,17,22,146,370.00,"54,020.00"
2020-03-17,2020031701017546,PRIN,17,41,284,370.00,"105,080.00"
2020-03-17,2020031701017545,PRIN,33,41,100,370.00,"37,000.00"
2020-03-17,2020031701017371,PROFL,44,51,"1,565",104.00,"162,760.00"
2020-03-17,2020031701017701,PRVU,58,44,"1,000",228.00,"228,000.00"
2020-03-17,2020031701017700,PRVU,58,16,750,228.00,"171,000.00"
2020-03-17,2020031701017570,PRVU,34,16,250,228.00,"57,000.00"
2020-03-17,2020031701017455,PRVU,42,39,100,227.00,"22,700.00"
2020-03-17,2020031701017265,RADHI,55,8,12,160.00,"1,920.00"
2020-03-17,2020031701017618,RBCL,3,18,10,"8,900.00","89,000.00"
2020-03-17,2020031701017665,RBCLPO,3,14,10,"7,800.00","78,000.00"
2020-03-17,2020031701017350,RBCLPO,3,14,10,"7,650.00","76,500.00"
2020-03-17,2020031701017303,RHPL,50,8,10,151.00,"1,510.00"
2020-03-17,2020031701017523,RMDC,39,53,512,616.00,"315,392.00"
2020-03-17,2020031701017522,RMDC,21,53,200,616.00,"123,200.00"
2020-03-17,2020031701017521,RMDC,36,53,100,617.00,"61,700.00"
2020-03-17,2020031701017520,RMDC,45,53,100,617.00,"61,700.00"
2020-03-17,2020031701017485,RMDC,36,34,50,620.00,"31,000.00"
2020-03-17,2020031701017484,RMDC,43,34,20,620.00,"12,400.00"
2020-03-17,2020031701017483,RMDC,25,34,100,620.00,"62,000.00"
2020-03-17,2020031701017482,RMDC,45,34,104,620.00,"64,480.00"
2020-03-17,2020031701017481,RMDC,21,34,50,621.00,"31,050.00"
2020-03-17,2020031701017480,RMDC,32,34,100,621.00,"62,100.00"
2020-03-17,2020031701017262,RMDC,11,53,30,625.00,"18,750.00"
2020-03-17,2020031701017322,RRHP,42,8,10,88.00,880.00
2020-03-17,2020031701017658,RSDC,42,55,53,439.00,"23,267.00"
2020-03-17,2020031701017626,RSDC,57,55,32,439.00,"14,048.00"
2020-03-17,2020031701017548,RSDC,57,21,18,439.00,"7,902.00"
2020-03-17,2020031701017408,RSDC,36,21,100,439.00,"43,900.00"
2020-03-17,2020031701017334,SAEF,26,45,"1,500",8.82,"13,230.00"
2020-03-17,2020031701017673,SANIMA,57,35,308,328.00,"101,024.00"
2020-03-17,2020031701017672,SANIMA,57,13,192,326.00,"62,592.00"
2020-03-17,2020031701017635,SANIMA,19,45,200,326.00,"65,200.00"
2020-03-17,2020031701017634,SANIMA,19,51,148,326.00,"48,248.00"
2020-03-17,2020031701017550,SAPDBL,1,39,18,125.00,"2,250.00"
2020-03-17,2020031701017737,SBL,32,11,100,297.00,"29,700.00"
2020-03-17,2020031701017733,SBL,44,41,30,294.00,"8,820.00"
2020-03-17,2020031701017732,SBL,22,41,200,295.00,"59,000.00"
2020-03-17,2020031701017731,SBL,5,41,100,295.00,"29,500.00"
2020-03-17,2020031701017730,SBL,53,41,16,295.00,"4,720.00"
2020-03-17,2020031701017748,SCB,33,22,20,608.00,"12,160.00"
2020-03-17,2020031701017747,SCB,17,22,40,609.00,"24,360.00"
2020-03-17,2020031701017746,SCB,17,8,10,609.00,"6,090.00"
2020-03-17,2020031701017573,SCB,33,48,50,608.00,"30,400.00"
2020-03-17,2020031701017538,SCB,5,48,300,608.00,"182,400.00"
2020-03-17,2020031701017381,SCB,5,22,100,608.00,"60,800.00"
2020-03-17,2020031701017380,SCB,45,22,50,608.00,"30,400.00"
2020-03-17,2020031701017379,SCB,33,22,100,608.00,"60,800.00"
2020-03-17,2020031701017378,SCB,56,22,250,608.00,"152,000.00"
2020-03-17,2020031701017345,SCB,11,8,10,609.00,"6,090.00"
2020-03-17,2020031701017617,SDESI,43,19,50,809.00,"40,450.00"
2020-03-17,2020031701017616,SDESI,43,21,28,809.00,"22,652.00"
2020-03-17,2020031701017615,SDESI,43,45,50,809.00,"40,450.00"
2020-03-17,2020031701017614,SDESI,43,41,500,809.00,"404,500.00"
2020-03-17,2020031701017613,SDESI,43,33,323,809.00,"261,307.00"
2020-03-17,2020031701017578,SEF,17,14,"4,000",8.75,"35,000.00"
2020-03-17,2020031701017577,SEF,52,14,"2,000",8.75,"17,500.00"
2020-03-17,2020031701017327,SEF,57,29,"10,000",8.82,"88,200.00"
2020-03-17,2020031701017326,SEF,8,29,"6,000",8.83,"52,980.00"
2020-03-17,2020031701017671,SHINE,41,4,50,264.00,"13,200.00"
2020-03-17,2020031701017611,SHIVM,52,38,660,512.00,"337,920.00"
2020-03-17,2020031701017556,SHIVM,52,34,420,512.00,"215,040.00"
2020-03-17,2020031701017555,SHIVM,52,59,150,511.00,"76,650.00"
2020-03-17,2020031701017554,SHIVM,52,36,70,511.00,"35,770.00"
2020-03-17,2020031701017441,SHIVM,42,51,100,508.00,"50,800.00"
2020-03-17,2020031701017553,SHIVM,52,36,100,509.00,"50,900.00"
2020-03-17,2020031701017552,SHIVM,52,25,600,509.00,"305,400.00"
2020-03-17,2020031701017524,SHIVM,52,51,260,508.00,"132,080.00"
2020-03-17,2020031701017505,SHIVM,43,51,50,508.00,"25,400.00"
2020-03-17,2020031701017471,SHIVM,49,51,100,508.00,"50,800.00"
2020-03-17,2020031701017376,SIC,52,39,65,589.00,"38,285.00"
2020-03-17,2020031701017261,SIC,53,37,177,588.00,"104,076.00"
2020-03-17,2020031701017260,SIC,53,37,190,588.00,"111,720.00"
2020-03-17,2020031701017567,SICL,34,37,201,841.00,"169,041.00"
2020-03-17,2020031701017566,SICL,54,37,50,841.00,"42,050.00"
2020-03-17,2020031701017565,SICL,50,37,60,842.00,"50,520.00"
2020-03-17,2020031701017564,SICL,34,37,10,842.00,"8,420.00"
2020-03-17,2020031701017563,SICL,43,37,200,843.00,"168,600.00"
2020-03-17,2020031701017562,SICL,11,37,30,843.00,"25,290.00"
2020-03-17,2020031701017561,SICL,49,37,100,843.00,"84,300.00"
2020-03-17,2020031701017560,SICL,51,37,80,843.00,"67,440.00"
2020-03-17,2020031701017559,SICL,26,37,50,843.00,"42,150.00"
2020-03-17,2020031701017558,SICL,54,37,19,843.00,"16,017.00"
2020-03-17,2020031701017659,SIL,44,49,590,461.00,"271,990.00"
2020-03-17,2020031701017651,SIL,41,35,90,459.00,"41,310.00"
2020-03-17,2020031701017650,SIL,59,35,10,459.00,"4,590.00"
2020-03-17,2020031701017508,SIL,38,35,100,460.00,"46,000.00"
2020-03-17,2020031701017277,SJCL,41,38,100,143.00,"14,300.00"
2020-03-17,2020031701017276,SJCL,26,38,60,143.00,"8,580.00"
2020-03-17,2020031701017633,SJCL,6,39,10,143.00,"1,430.00"
2020-03-17,2020031701017575,SJCL,6,8,10,143.00,"1,430.00"
2020-03-17,2020031701017278,SJCL,6,38,100,143.00,"14,300.00"
2020-03-17,2020031701017681,SJCL,51,54,200,143.00,"28,600.00"
2020-03-17,2020031701017680,SJCL,58,54,100,143.00,"14,300.00"
2020-03-17,2020031701017679,SJCL,19,54,200,143.00,"28,600.00"
2020-03-17,2020031701017678,SJCL,36,54,"1,000",143.00,"143,000.00"
2020-03-17,2020031701017677,SJCL,6,54,20,143.00,"2,860.00"
2020-03-17,2020031701017682,SJCL,52,54,300,143.00,"42,900.00"
2020-03-17,2020031701017375,SKBBL,19,19,50,998.00,"49,900.00"
2020-03-17,2020031701017736,SLBBL,38,55,205,766.00,"157,030.00"
2020-03-17,2020031701017685,SLBBL,38,41,207,766.00,"158,562.00"
2020-03-17,2020031701017684,SLBBL,33,41,200,767.00,"153,400.00"
2020-03-17,2020031701017683,SLBBL,58,41,93,767.00,"71,331.00"
2020-03-17,2020031701017625,SLICL,6,58,117,375.00,"43,875.00"
2020-03-17,2020031701017624,SLICL,33,58,124,375.00,"46,500.00"
2020-03-17,2020031701017623,SLICL,1,58,100,376.00,"37,600.00"
2020-03-17,2020031701017622,SLICL,58,58,100,377.00,"37,700.00"
2020-03-17,2020031701017621,SLICL,38,58,50,378.00,"18,900.00"
2020-03-17,2020031701017510,SLICL,38,17,150,378.00,"56,700.00"
2020-03-17,2020031701017509,SLICL,45,11,145,377.00,"54,665.00"
2020-03-17,2020031701017302,SLICL,1,32,100,376.00,"37,600.00"
2020-03-17,2020031701017532,SMATA,46,37,40,628.00,"25,120.00"
2020-03-17,2020031701017531,SMATA,34,37,50,628.00,"31,400.00"
2020-03-17,2020031701017530,SMATA,39,37,50,628.00,"31,400.00"
2020-03-17,2020031701017529,SMATA,21,37,50,629.00,"31,450.00"
2020-03-17,2020031701017526,SMB,34,51,10,815.00,"8,150.00"
2020-03-17,2020031701017496,SMB,34,44,120,800.00,"96,000.00"
2020-03-17,2020031701017495,SMB,34,19,10,784.00,"7,840.00"
2020-03-17,2020031701017479,SPDL,43,25,176,92.00,"16,192.00"
2020-03-17,2020031701017478,SPDL,34,25,10,92.00,920.00
2020-03-17,2020031701017477,SPDL,45,25,600,93.00,"55,800.00"
2020-03-17,2020031701017476,SPDL,38,25,43,93.00,"3,999.00"
2020-03-17,2020031701017755,SRBL,6,41,218,234.00,"51,012.00"
2020-03-17,2020031701017571,SRBL,6,38,142,234.00,"33,228.00"
2020-03-17,2020031701017507,SRBL,21,38,19,235.00,"4,465.00"
2020-03-17,2020031701017489,SRBL,26,38,113,235.00,"26,555.00"
2020-03-17,2020031701017488,SRBL,26,6,87,235.00,"20,445.00"
2020-03-17,2020031701017475,SRBL,52,6,27,235.00,"6,345.00"
2020-03-17,2020031701017470,SRBL,6,4,10,234.00,"2,340.00"
2020-03-17,2020031701017310,TMDBL,52,38,58,177.00,"10,266.00"
2020-03-17,2020031701017528,TRH,48,38,50,218.00,"10,900.00"
2020-03-17,2020031701017344,TRH,48,11,40,218.00,"8,720.00"
2020-03-17,2020031701017660,UIC,57,6,50,315.00,"15,750.00"
2020-03-17,2020031701017607,UIC,50,39,105,311.00,"32,655.00"
2020-03-17,2020031701017606,UIC,36,39,50,311.00,"15,550.00"
2020-03-17,2020031701017605,UIC,43,39,20,311.00,"6,220.00"
2020-03-17,2020031701017604,UIC,49,39,200,312.00,"62,400.00"
2020-03-17,2020031701017603,UIC,43,39,300,313.00,"93,900.00"
2020-03-17,2020031701017519,UIC,43,38,180,311.00,"55,980.00"
2020-03-17,2020031701017301,UIC,55,46,43,315.00,"13,545.00"
2020-03-17,2020031701017581,UNHPL,51,19,500,55.00,"27,500.00"
2020-03-17,2020031701017664,UPPER,25,41,50,231.00,"11,550.00"
2020-03-17,2020031701017663,UPPER,25,11,150,230.00,"34,500.00"
2020-03-17,2020031701017600,UPPER,45,8,40,229.00,"9,160.00"
2020-03-17,2020031701017491,UPPER,45,46,432,229.00,"98,928.00"
2020-03-17,2020031701017466,UPPER,14,14,500,230.00,"115,000.00"
2020-03-17,2020031701017362,UPPER,45,11,50,229.00,"11,450.00"
2020-03-17,2020031701017644,VLBS,51,45,50,876.00,"43,800.00"
2020-03-17,2020031701017643,VLBS,29,45,10,876.00,"8,760.00"
2020-03-17,2020031701017449,VLBS,33,45,100,877.00,"87,700.00"
2020-03-17,2020031701017207,ADBL,6,52,300,373.00,"111,900.00"
2020-03-17,2020031701017205,ADBL,6,51,100,373.00,"37,300.00"
2020-03-17,2020031701017169,ADBL,6,5,200,373.00,"74,600.00"
2020-03-17,2020031701017049,ADBL,6,39,200,373.00,"74,600.00"
2020-03-17,2020031701016969,ADBL,6,14,200,373.00,"74,600.00"
2020-03-17,2020031701016928,ADBL,6,14,524,373.00,"195,452.00"
2020-03-17,2020031701016760,ADBL,6,39,50,373.00,"18,650.00"
2020-03-17,2020031701016832,AKPL,34,45,"2,207",114.00,"251,598.00"
2020-03-17,2020031701016831,AKPL,56,45,100,114.00,"11,400.00"
2020-03-17,2020031701016830,AKPL,7,45,193,114.00,"22,002.00"
2020-03-17,2020031701017166,ALICL,29,41,150,481.00,"72,150.00"
2020-03-17,2020031701017165,ALICL,48,41,100,482.00,"48,200.00"
2020-03-17,2020031701016982,ALICL,48,36,400,482.00,"192,800.00"
2020-03-17,2020031701016981,ALICL,36,36,100,486.00,"48,600.00"
2020-03-17,2020031701016860,ALICL,41,38,300,484.00,"145,200.00"
2020-03-17,2020031701016859,ALICL,47,38,100,485.00,"48,500.00"
2020-03-17,2020031701017163,BOKL,22,29,200,221.00,"44,200.00"
2020-03-17,2020031701017132,BOKL,17,10,200,222.00,"44,400.00"
2020-03-17,2020031701017062,BOKL,22,45,100,221.00,"22,100.00"
2020-03-17,2020031701017032,BOKL,45,42,500,222.00,"111,000.00"
2020-03-17,2020031701017031,BOKL,49,42,500,222.00,"111,000.00"
2020-03-17,2020031701017227,CBBL,34,58,"1,000",980.00,"980,000.00"
2020-03-17,2020031701017224,CBBL,34,20,100,980.00,"98,000.00"
2020-03-17,2020031701017201,CBBL,34,39,50,980.00,"49,000.00"
2020-03-17,2020031701017200,CBBL,34,20,500,980.00,"490,000.00"
2020-03-17,2020031701016793,CBBL,43,42,50,981.00,"49,050.00"
2020-03-17,2020031701017167,CBBL,34,39,52,980.00,"50,960.00"
2020-03-17,2020031701017059,CBBL,34,34,18,980.00,"17,640.00"
2020-03-17,2020031701017058,CBBL,44,34,59,981.00,"57,879.00"
2020-03-17,2020031701017057,CBBL,43,34,92,981.00,"90,252.00"
2020-03-17,2020031701016923,CBBL,44,4,20,985.00,"19,700.00"
2020-03-17,2020031701016922,CBBL,44,26,21,984.00,"20,664.00"
2020-03-17,2020031701017009,CBL,13,39,300,137.00,"41,100.00"
2020-03-17,2020031701017212,CCBL,6,58,"1,927",159.00,"306,393.00"
2020-03-17,2020031701017211,CCBL,58,58,73,159.00,"11,607.00"
2020-03-17,2020031701017077,CCBL,58,45,27,159.00,"4,293.00"
2020-03-17,2020031701017076,CCBL,36,45,76,159.00,"12,084.00"
2020-03-17,2020031701016990,CCBL,36,39,24,159.00,"3,816.00"
2020-03-17,2020031701016989,CCBL,17,39,276,159.00,"43,884.00"
2020-03-17,2020031701016763,CCBL,26,21,876,159.00,"139,284.00"
2020-03-17,2020031701016983,CCBL,17,58,"4,000",159.00,"636,000.00"
2020-03-17,2020031701016956,CCBL,1,45,100,160.00,"16,000.00"
2020-03-17,2020031701016767,CCBL,17,21,724,159.00,"115,116.00"
2020-03-17,2020031701016766,CCBL,49,21,"1,000",159.00,"159,000.00"
2020-03-17,2020031701016765,CCBL,6,21,100,159.00,"15,900.00"
2020-03-17,2020031701016764,CCBL,57,21,200,159.00,"31,800.00"
2020-03-17,2020031701017068,CHCL,50,55,200,375.00,"75,000.00"
2020-03-17,2020031701017017,CHCL,34,45,100,376.00,"37,600.00"
2020-03-17,2020031701016762,CHCL,36,52,100,376.00,"37,600.00"
2020-03-17,2020031701017024,CIT,35,37,18,"2,455.00","44,190.00"
2020-03-17,2020031701016820,CIT,52,37,22,"2,455.00","54,010.00"
2020-03-17,2020031701016792,CLBSL,38,19,50,962.00,"48,100.00"
2020-03-17,2020031701016791,CLBSL,49,19,20,962.00,"19,240.00"
2020-03-17,2020031701016790,CLBSL,13,19,20,962.00,"19,240.00"
2020-03-17,2020031701016789,CLBSL,46,19,100,962.00,"96,200.00"
2020-03-17,2020031701016788,CLBSL,36,19,50,963.00,"48,150.00"
2020-03-17,2020031701016787,CLBSL,57,19,10,963.00,"9,630.00"
2020-03-17,2020031701016777,CLBSL,57,19,40,963.00,"38,520.00"
2020-03-17,2020031701016776,CLBSL,34,19,10,967.00,"9,670.00"
2020-03-17,2020031701017186,CZBIL,38,45,590,185.00,"109,150.00"
2020-03-17,2020031701017185,CZBIL,38,11,69,185.00,"12,765.00"
2020-03-17,2020031701017184,CZBIL,38,35,760,185.00,"140,600.00"
2020-03-17,2020031701016920,CZBIL,17,35,40,185.00,"7,400.00"
2020-03-17,2020031701016919,CZBIL,17,29,110,185.00,"20,350.00"
2020-03-17,2020031701017140,EDBL,19,39,100,364.00,"36,400.00"
2020-03-17,2020031701017139,EDBL,10,39,50,365.00,"18,250.00"
2020-03-17,2020031701017195,EIC,39,26,223,345.00,"76,935.00"
2020-03-17,2020031701017183,EIC,26,54,100,344.00,"34,400.00"
2020-03-17,2020031701017182,EIC,48,54,100,344.00,"34,400.00"
2020-03-17,2020031701017181,EIC,47,54,200,344.00,"68,800.00"
2020-03-17,2020031701017180,EIC,8,54,100,344.00,"34,400.00"
2020-03-17,2020031701017210,FMDBL,51,59,10,431.00,"4,310.00"
2020-03-17,2020031701017209,FMDBL,57,59,200,431.00,"86,200.00"
2020-03-17,2020031701017208,FMDBL,33,59,100,432.00,"43,200.00"
2020-03-17,2020031701016918,FMDBL,6,59,480,430.00,"206,400.00"
2020-03-17,2020031701016917,FMDBL,19,59,25,431.00,"10,775.00"
2020-03-17,2020031701016916,FMDBL,39,59,200,431.00,"86,200.00"
2020-03-17,2020031701016805,FMDBL,55,59,45,433.00,"19,485.00"
2020-03-17,2020031701016909,FMDBL,45,59,20,433.00,"8,660.00"
2020-03-17,2020031701016908,FMDBL,57,59,705,433.00,"305,265.00"
2020-03-17,2020031701016869,FMDBL,57,10,295,433.00,"127,735.00"
2020-03-17,2020031701016868,FMDBL,55,10,55,433.00,"23,815.00"
2020-03-17,2020031701016867,FMDBL,36,10,50,434.00,"21,700.00"
2020-03-17,2020031701016838,FMDBL,55,48,100,433.00,"43,300.00"
2020-03-17,2020031701016915,FMDBL,36,59,300,432.00,"129,600.00"
2020-03-17,2020031701016914,FMDBL,58,59,500,432.00,"216,000.00"
2020-03-17,2020031701016913,FMDBL,58,59,500,432.00,"216,000.00"
2020-03-17,2020031701016912,FMDBL,53,59,50,432.00,"21,600.00"
2020-03-17,2020031701016911,FMDBL,45,59,20,432.00,"8,640.00"
2020-03-17,2020031701016910,FMDBL,39,59,200,432.00,"86,400.00"
2020-03-17,2020031701017231,FOWAD,49,25,10,"1,318.00","13,180.00"
2020-03-17,2020031701017223,FOWAD,38,25,178,"1,322.00","235,316.00"
2020-03-17,2020031701017073,FOWAD,38,57,19,"1,322.00","25,118.00"
2020-03-17,2020031701016978,FOWAD,16,43,90,"1,318.00","118,620.00"
2020-03-17,2020031701017245,GBBL,44,22,20,224.00,"4,480.00"
2020-03-17,2020031701016842,GBBL,28,39,90,221.00,"19,890.00"
2020-03-17,2020031701016841,GBBL,1,39,50,222.00,"11,100.00"
2020-03-17,2020031701016840,GBBL,45,39,160,222.00,"35,520.00"
2020-03-17,2020031701016839,GBBL,43,39,200,223.00,"44,600.00"
2020-03-17,2020031701017172,GBIME,34,39,23,259.00,"5,957.00"
2020-03-17,2020031701017171,GBIME,6,39,55,259.00,"14,245.00"
2020-03-17,2020031701017170,GBIME,48,39,22,259.00,"5,698.00"
2020-03-17,2020031701017159,GBIME,44,13,121,260.00,"31,460.00"
2020-03-17,2020031701016884,GBIME,44,19,"1,000",260.00,"260,000.00"
2020-03-17,2020031701016883,GBIME,44,38,100,260.00,"26,000.00"
2020-03-17,2020031701016876,GBIME,44,58,110,260.00,"28,600.00"
2020-03-17,2020031701016875,GBIME,44,25,316,260.00,"82,160.00"
2020-03-17,2020031701016865,GBIME,45,25,500,260.00,"130,000.00"
2020-03-17,2020031701016882,GBIME,44,13,507,260.00,"131,820.00"
2020-03-17,2020031701016881,GBIME,44,48,"1,000",260.00,"260,000.00"
2020-03-17,2020031701016880,GBIME,44,1,100,260.00,"26,000.00"
2020-03-17,2020031701016879,GBIME,44,59,500,260.00,"130,000.00"
2020-03-17,2020031701016878,GBIME,44,39,"1,000",260.00,"260,000.00"
2020-03-17,2020031701016877,GBIME,44,17,246,260.00,"63,960.00"
2020-03-17,2020031701016997,GBLBS,35,52,"4,800",424.00,"2,035,200.00"
2020-03-17,2020031701016996,GBLBS,38,52,200,425.00,"85,000.00"
2020-03-17,2020031701016974,GBLBS,35,19,200,424.00,"84,800.00"
2020-03-17,2020031701016897,GBLBS,44,52,400,425.00,"170,000.00"
2020-03-17,2020031701016796,GBLBS,20,52,700,425.00,"297,500.00"
2020-03-17,2020031701016795,GBLBS,25,52,100,425.00,"42,500.00"
2020-03-17,2020031701016794,GBLBS,34,52,421,425.00,"178,925.00"
2020-03-17,2020031701016808,GFCL,1,28,100,140.00,"14,000.00"
2020-03-17,2020031701016807,GFCL,1,28,400,140.00,"56,000.00"
2020-03-17,2020031701016806,GFCL,16,28,100,141.00,"14,100.00"
2020-03-17,2020031701016935,GILB,34,17,30,"1,156.00","34,680.00"
2020-03-17,2020031701016934,GILB,38,17,15,"1,156.00","17,340.00"
2020-03-17,2020031701017064,GLICL,54,26,60,393.00,"23,580.00"
2020-03-17,2020031701017016,GLICL,13,51,10,392.00,"3,920.00"
2020-03-17,2020031701017015,GLICL,59,51,90,392.00,"35,280.00"
2020-03-17,2020031701016809,GLICL,35,26,40,393.00,"15,720.00"
2020-03-17,2020031701016803,GMFBS,42,28,40,770.00,"30,800.00"
2020-03-17,2020031701017008,GRDBL,45,46,200,111.00,"22,200.00"
2020-03-17,2020031701017007,GRDBL,19,46,100,111.00,"11,100.00"
2020-03-17,2020031701017006,GRDBL,58,46,100,111.00,"11,100.00"
2020-03-17,2020031701017005,GRDBL,45,46,740,111.00,"82,140.00"
2020-03-17,2020031701016988,GRDBL,32,46,40,112.00,"4,480.00"
2020-03-17,2020031701017232,HBL,49,32,131,526.00,"68,906.00"
2020-03-17,2020031701017254,HDL,1,7,15,"1,350.00","20,250.00"
2020-03-17,2020031701017253,HDL,5,7,100,"1,350.00","135,000.00"
2020-03-17,2020031701017252,HDL,57,7,20,"1,350.00","27,000.00"
2020-03-17,2020031701017251,HDL,34,7,200,"1,350.00","270,000.00"
2020-03-17,2020031701017250,HDL,6,7,25,"1,350.00","33,750.00"
2020-03-17,2020031701017249,HDL,53,7,20,"1,351.00","27,020.00"
2020-03-17,2020031701016819,HDL,34,44,75,"1,350.00","101,250.00"
2020-03-17,2020031701016818,HDL,22,44,25,"1,351.00","33,775.00"
2020-03-17,2020031701016800,HDL,32,54,100,"1,352.00","135,200.00"
2020-03-17,2020031701016782,HDL,32,54,100,"1,352.00","135,200.00"
2020-03-17,2020031701016769,HDL,45,54,80,"1,352.00","108,160.00"
2020-03-17,2020031701017248,HDL,33,7,10,"1,351.00","13,510.00"
2020-03-17,2020031701017247,HDL,40,7,10,"1,351.00","13,510.00"
2020-03-17,2020031701016927,HDL,6,54,75,"1,350.00","101,250.00"
2020-03-17,2020031701016926,HDL,34,54,45,"1,350.00","60,750.00"
2020-03-17,2020031701016899,HDL,34,19,140,"1,350.00","189,000.00"
2020-03-17,2020031701016898,HDL,40,19,10,"1,351.00","13,510.00"
2020-03-17,2020031701016995,HGI,51,34,210,338.00,"70,980.00"
2020-03-17,2020031701016994,HGI,57,34,50,339.00,"16,950.00"
2020-03-17,2020031701016993,HGI,7,34,100,340.00,"34,000.00"
2020-03-17,2020031701017241,ICFC,25,28,500,168.00,"84,000.00"
2020-03-17,2020031701017240,ICFC,45,28,30,168.00,"5,040.00"
2020-03-17,2020031701017239,ICFC,34,28,500,168.00,"84,000.00"
2020-03-17,2020031701017238,ICFC,35,28,200,169.00,"33,800.00"
2020-03-17,2020031701017237,ICFC,14,28,300,169.00,"50,700.00"
2020-03-17,2020031701017236,ICFC,48,28,50,169.00,"8,450.00"
2020-03-17,2020031701017235,ICFC,29,28,"1,300",169.00,"219,700.00"
2020-03-17,2020031701017234,ICFC,1,28,300,170.00,"51,000.00"
2020-03-17,2020031701017233,ICFC,52,28,500,170.00,"85,000.00"
2020-03-17,2020031701017197,IGI,10,41,255,360.00,"91,800.00"
2020-03-17,2020031701017196,IGI,34,41,457,360.00,"164,520.00"
2020-03-17,2020031701016826,IGI,34,1,300,360.00,"108,000.00"
2020-03-17,2020031701016991,ILBS,38,22,10,685.00,"6,850.00"
2020-03-17,2020031701017257,JBBL,22,39,53,167.00,"8,851.00"
2020-03-17,2020031701017256,JBBL,22,39,30,168.00,"5,040.00"
2020-03-17,2020031701017128,JBBL,22,58,247,167.00,"41,249.00"
2020-03-17,2020031701017127,JBBL,14,58,300,167.00,"50,100.00"
2020-03-17,2020031701017126,JBBL,58,58,500,167.00,"83,500.00"
2020-03-17,2020031701017125,JBBL,29,58,"1,000",167.00,"167,000.00"
2020-03-17,2020031701016817,JBBL,35,26,112,170.00,"19,040.00"
2020-03-17,2020031701016816,JBBL,35,14,459,170.00,"78,030.00"
2020-03-17,2020031701016815,JBBL,35,6,38,170.00,"6,460.00"
2020-03-17,2020031701017100,JBBL,6,58,300,169.00,"50,700.00"
2020-03-17,2020031701017099,JBBL,25,58,100,169.00,"16,900.00"
2020-03-17,2020031701017098,JBBL,46,58,20,169.00,"3,380.00"
2020-03-17,2020031701017097,JBBL,14,58,43,169.00,"7,267.00"
2020-03-17,2020031701017096,JBBL,35,58,289,169.00,"48,841.00"
2020-03-17,2020031701017095,JBBL,35,58,391,170.00,"66,470.00"
2020-03-17,2020031701017106,JBBL,35,58,300,168.00,"50,400.00"
2020-03-17,2020031701017105,JBBL,17,58,300,168.00,"50,400.00"
2020-03-17,2020031701017104,JBBL,42,58,100,169.00,"16,900.00"
2020-03-17,2020031701017103,JBBL,20,58,"1,000",169.00,"169,000.00"
2020-03-17,2020031701017102,JBBL,45,58,150,169.00,"25,350.00"
2020-03-17,2020031701017101,JBBL,25,58,50,169.00,"8,450.00"
2020-03-17,2020031701017112,JBBL,45,58,50,168.00,"8,400.00"
2020-03-17,2020031701017111,JBBL,17,58,200,168.00,"33,600.00"
2020-03-17,2020031701017110,JBBL,25,58,300,168.00,"50,400.00"
2020-03-17,2020031701017109,JBBL,14,58,300,168.00,"50,400.00"
2020-03-17,2020031701017108,JBBL,45,58,100,168.00,"16,800.00"
2020-03-17,2020031701017107,JBBL,29,58,100,168.00,"16,800.00"
2020-03-17,2020031701017118,JBBL,35,58,"2,000",167.00,"334,000.00"
2020-03-17,2020031701017117,JBBL,26,58,100,167.00,"16,700.00"
2020-03-17,2020031701017116,JBBL,41,58,200,167.00,"33,400.00"
2020-03-17,2020031701017115,JBBL,51,58,260,168.00,"43,680.00"
2020-03-17,2020031701017114,JBBL,25,58,100,168.00,"16,800.00"
2020-03-17,2020031701017113,JBBL,18,58,"2,000",168.00,"336,000.00"
2020-03-17,2020031701017124,JBBL,59,58,100,167.00,"16,700.00"
2020-03-17,2020031701017123,JBBL,51,58,200,167.00,"33,400.00"
2020-03-17,2020031701017122,JBBL,11,58,500,167.00,"83,500.00"
2020-03-17,2020031701017121,JBBL,59,58,100,167.00,"16,700.00"
2020-03-17,2020031701017120,JBBL,1,58,400,167.00,"66,800.00"
2020-03-17,2020031701017119,JBBL,21,58,400,167.00,"66,800.00"
2020-03-17,2020031701017225,JOSHI,35,1,20,56.00,"1,120.00"
2020-03-17,2020031701017135,JOSHI,35,8,20,56.00,"1,120.00"
2020-03-17,2020031701017004,JOSHI,35,8,20,56.00,"1,120.00"
2020-03-17,2020031701017220,KBL,22,32,20,184.00,"3,680.00"
2020-03-17,2020031701017168,KBL,45,32,100,184.00,"18,400.00"
2020-03-17,2020031701017131,KBL,50,32,50,184.00,"9,200.00"
2020-03-17,2020031701017063,KBL,45,32,100,184.00,"18,400.00"
2020-03-17,2020031701016970,KKHC,41,47,118,52.00,"6,136.00"
2020-03-17,2020031701016992,KMCDB,57,33,15,750.00,"11,250.00"
2020-03-17,2020031701016955,KMCDB,57,45,35,750.00,"26,250.00"
2020-03-17,2020031701016954,KMCDB,36,45,25,750.00,"18,750.00"
2020-03-17,2020031701016953,KMCDB,34,45,20,752.00,"15,040.00"
2020-03-17,2020031701016939,KMCDB,42,45,20,756.00,"15,120.00"
2020-03-17,2020031701017164,KPCL,17,8,10,106.00,"1,060.00"
2020-03-17,2020031701016827,KPCL,17,49,110,106.00,"11,660.00"
2020-03-17,2020031701017134,KRBL,25,55,50,101.00,"5,050.00"
2020-03-17,2020031701017133,KRBL,19,55,16,101.00,"1,616.00"
2020-03-17,2020031701016873,KSBBL,14,17,215,150.00,"32,250.00"
2020-03-17,2020031701017246,LBBL,50,34,50,179.00,"8,950.00"
2020-03-17,2020031701017065,LBBL,8,34,500,178.00,"89,000.00"
2020-03-17,2020031701017028,LBL,54,37,426,208.00,"88,608.00"
2020-03-17,2020031701017027,LBL,53,37,100,208.00,"20,800.00"
2020-03-17,2020031701016907,LICN,25,52,10,"1,231.00","12,310.00"
2020-03-17,2020031701017174,LLBS,19,10,45,972.00,"43,740.00"
2020-03-17,2020031701017012,LLBS,34,19,200,970.00,"194,000.00"
2020-03-17,2020031701017202,MBL,40,13,563,218.00,"122,734.00"
2020-03-17,2020031701017072,MBL,40,46,10,218.00,"2,180.00"
2020-03-17,2020031701017071,MBL,40,42,325,218.00,"70,850.00"
2020-03-17,2020031701016837,MBL,51,10,787,217.00,"170,779.00"
2020-03-17,2020031701016836,MBL,11,10,213,217.00,"46,221.00"
2020-03-17,2020031701016833,MBL,48,42,375,218.00,"81,750.00"
2020-03-17,2020031701017243,MEGA,17,41,419,204.00,"85,476.00"
2020-03-17,2020031701017242,MEGA,49,41,140,204.00,"28,560.00"
2020-03-17,2020031701016825,MEGA,49,44,110,204.00,"22,440.00"
2020-03-17,2020031701016804,MEGA,32,8,182,204.00,"37,128.00"
2020-03-17,2020031701016998,MERO,32,42,39,554.00,"21,606.00"
2020-03-17,2020031701016799,MFIL,1,43,30,267.00,"8,010.00"
2020-03-17,2020031701017219,MHNL,49,52,45,77.00,"3,465.00"
2020-03-17,2020031701017226,MLBL,45,39,50,197.00,"9,850.00"
2020-03-17,2020031701016835,MLBL,45,14,426,197.00,"83,922.00"
2020-03-17,2020031701016834,MLBL,14,14,74,199.00,"14,726.00"
2020-03-17,2020031701017014,MNBBL,38,56,36,306.00,"11,016.00"
2020-03-17,2020031701016943,MNBBL,47,56,200,306.00,"61,200.00"
2020-03-17,2020031701016942,MNBBL,43,56,82,306.00,"25,092.00"
2020-03-17,2020031701017199,NABIL,57,52,240,730.00,"175,200.00"
2020-03-17,2020031701017198,NABIL,57,45,38,730.00,"27,740.00"
2020-03-17,2020031701017175,NADEP,22,8,23,556.00,"12,788.00"
2020-03-17,2020031701017000,NBB,34,37,107,198.00,"21,186.00"
2020-03-17,2020031701016999,NBB,45,37,483,198.00,"95,634.00"
2020-03-17,2020031701016758,NBB,45,52,100,198.00,"19,800.00"
2020-03-17,2020031701017142,NBL,16,55,450,258.00,"116,100.00"
2020-03-17,2020031701017023,NBL,16,39,200,258.00,"51,600.00"
2020-03-17,2020031701016930,NBL,44,26,500,259.00,"129,500.00"
2020-03-17,2020031701017147,NCCB,49,34,857,176.00,"150,832.00"
2020-03-17,2020031701017146,NCCB,41,34,100,176.00,"17,600.00"
2020-03-17,2020031701017145,NCCB,37,34,43,176.00,"7,568.00"
2020-03-17,2020031701016924,NCCB,37,19,209,176.00,"36,784.00"
2020-03-17,2020031701016921,NCCB,29,44,500,177.00,"88,500.00"
2020-03-17,2020031701017204,NEF,34,55,"2,614",7.91,"20,676.74"
2020-03-17,2020031701017061,NHPC,48,47,110,53.00,"5,830.00"
2020-03-17,2020031701017060,NHPC,19,47,40,53.00,"2,120.00"
2020-03-17,2020031701017026,NIB,48,55,200,379.00,"75,800.00"
2020-03-17,2020031701016945,NIB,7,49,50,380.00,"19,000.00"
2020-03-17,2020031701016944,NIB,7,1,222,380.00,"84,360.00"
2020-03-17,2020031701017084,NIBLPF,34,26,"30,000",7.90,"237,000.00"
2020-03-17,2020031701017083,NIBLPF,42,26,"3,010",7.93,"23,869.30"
2020-03-17,2020031701017082,NICA,33,21,100,503.00,"50,300.00"
2020-03-17,2020031701017081,NICA,1,21,200,503.00,"100,600.00"
2020-03-17,2020031701017080,NICA,49,21,500,503.00,"251,500.00"
2020-03-17,2020031701017079,NICA,29,21,200,504.00,"100,800.00"
2020-03-17,2020031701016759,NICA,4,10,"1,000",504.00,"504,000.00"
2020-03-17,2020031701017244,NICL,22,50,100,359.00,"35,900.00"
2020-03-17,2020031701017229,NICL,55,34,200,358.00,"71,600.00"
2020-03-17,2020031701017179,NIL,7,34,86,485.00,"41,710.00"
2020-03-17,2020031701017178,NIL,34,34,100,485.00,"48,500.00"
2020-03-17,2020031701017177,NIL,39,34,100,485.00,"48,500.00"
2020-03-17,2020031701017176,NIL,29,34,14,485.00,"6,790.00"
2020-03-17,2020031701016937,NIL,8,1,100,486.00,"48,600.00"
2020-03-17,2020031701017228,NLIC,54,17,50,"1,053.00","52,650.00"
2020-03-17,2020031701017162,NLIC,26,59,259,"1,051.00","272,209.00"
2020-03-17,2020031701017161,NLIC,52,59,10,"1,052.00","10,520.00"
2020-03-17,2020031701017160,NLIC,56,59,31,"1,052.00","32,612.00"
2020-03-17,2020031701017130,NLIC,56,57,22,"1,052.00","23,144.00"
2020-03-17,2020031701017085,NLIC,44,5,100,"1,055.00","105,500.00"
2020-03-17,2020031701016822,NLIC,26,19,100,"1,051.00","105,100.00"
2020-03-17,2020031701016802,NLIC,26,22,200,"1,051.00","210,200.00"
2020-03-17,2020031701016801,NLIC,56,22,100,"1,052.00","105,200.00"
2020-03-17,2020031701016972,NLIC,5,59,11,"1,052.00","11,572.00"
2020-03-17,2020031701016958,NLIC,55,5,200,"1,055.00","211,000.00"
2020-03-17,2020031701016929,NLIC,5,22,39,"1,052.00","41,028.00"
2020-03-17,2020031701016904,NLIC,34,5,100,"1,055.00","105,500.00"
2020-03-17,2020031701016903,NLIC,56,51,200,"1,052.00","210,400.00"
2020-03-17,2020031701016872,NLIC,34,5,100,"1,055.00","105,500.00"
2020-03-17,2020031701017075,NLIC,56,45,22,"1,052.00","23,144.00"
2020-03-17,2020031701017070,NLIC,56,43,25,"1,052.00","26,300.00"
2020-03-17,2020031701017069,NLIC,50,43,25,"1,052.00","26,300.00"
2020-03-17,2020031701017022,NLIC,1,42,37,"1,052.00","38,924.00"
2020-03-17,2020031701017013,NLIC,1,57,40,"1,052.00","42,080.00"
2020-03-17,2020031701016973,NLIC,1,59,122,"1,052.00","128,344.00"
2020-03-17,2020031701016786,NLICL,54,45,150,580.00,"87,000.00"
2020-03-17,2020031701016785,NLICL,41,45,50,581.00,"29,050.00"
2020-03-17,2020031701016784,NLICL,8,45,300,581.00,"174,300.00"
2020-03-17,2020031701017203,NMB,18,8,12,385.00,"4,620.00"
2020-03-17,2020031701017173,NMB,18,36,100,385.00,"38,500.00"
2020-03-17,2020031701017048,NMB,18,22,20,385.00,"7,700.00"
2020-03-17,2020031701017030,NMB,48,45,76,384.00,"29,184.00"
2020-03-17,2020031701017029,NMB,14,45,50,385.00,"19,250.00"
2020-03-17,2020031701016977,NMB,48,49,140,384.00,"53,760.00"
2020-03-17,2020031701016976,NMB,17,49,10,385.00,"3,850.00"
2020-03-17,2020031701016975,NMB,38,49,50,385.00,"19,250.00"
2020-03-17,2020031701016941,NMB,49,44,40,386.00,"15,440.00"
2020-03-17,2020031701016823,NMB,48,56,299,384.00,"114,816.00"
2020-03-17,2020031701016778,NMB,19,44,100,385.00,"38,500.00"
2020-03-17,2020031701017046,NMBMF,36,19,90,731.00,"65,790.00"
2020-03-17,2020031701017045,NMBMF,39,19,20,731.00,"14,620.00"
2020-03-17,2020031701017044,NMBMF,54,19,50,732.00,"36,600.00"
2020-03-17,2020031701017043,NMBMF,17,19,50,735.00,"36,750.00"
2020-03-17,2020031701017042,NMBMF,14,19,20,735.00,"14,700.00"
2020-03-17,2020031701016783,NMBMF,33,55,62,735.00,"45,570.00"
2020-03-17,2020031701017094,NTC,35,25,200,608.00,"121,600.00"
2020-03-17,2020031701017054,NTC,35,25,"1,000",608.00,"608,000.00"
2020-03-17,2020031701017053,NTC,20,25,"1,000",609.00,"609,000.00"
2020-03-17,2020031701016885,NTC,40,43,50,610.00,"30,500.00"
2020-03-17,2020031701017047,PCBL,34,42,89,271.00,"24,119.00"
2020-03-17,2020031701016866,PCBL,34,22,486,271.00,"131,706.00"
2020-03-17,2020031701016814,PCBL,55,39,245,270.00,"66,150.00"
2020-03-17,2020031701016813,PCBL,42,39,20,270.00,"5,400.00"
2020-03-17,2020031701016812,PCBL,42,39,100,270.00,"27,000.00"
2020-03-17,2020031701016811,PCBL,54,39,100,270.00,"27,000.00"
2020-03-17,2020031701016810,PCBL,5,39,35,270.00,"9,450.00"
2020-03-17,2020031701017206,PIC,49,36,100,495.00,"49,500.00"
2020-03-17,2020031701016856,PIC,49,8,20,495.00,"9,900.00"
2020-03-17,2020031701017216,PLIC,51,37,100,497.00,"49,700.00"
2020-03-17,2020031701017215,PLIC,50,37,50,498.00,"24,900.00"
2020-03-17,2020031701017214,PLIC,18,37,195,498.00,"97,110.00"
2020-03-17,2020031701017190,PLIC,18,39,25,498.00,"12,450.00"
2020-03-17,2020031701017189,PLIC,34,39,75,499.00,"37,425.00"
2020-03-17,2020031701017093,PLIC,34,41,25,499.00,"12,475.00"
2020-03-17,2020031701017086,PLIC,13,41,685,501.00,"343,185.00"
2020-03-17,2020031701016843,PLIC,13,16,620,503.00,"311,860.00"
2020-03-17,2020031701017092,PLIC,35,41,400,499.00,"199,600.00"
2020-03-17,2020031701017091,PLIC,45,41,20,500.00,"10,000.00"
2020-03-17,2020031701017090,PLIC,17,41,100,500.00,"50,000.00"
2020-03-17,2020031701017089,PLIC,44,41,100,500.00,"50,000.00"
2020-03-17,2020031701017088,PLIC,45,41,20,500.00,"10,000.00"
2020-03-17,2020031701017087,PLIC,48,41,150,501.00,"75,150.00"
2020-03-17,2020031701017222,PMHPL,35,8,10,76.00,760.00
2020-03-17,2020031701017230,PPCL,34,8,10,107.00,"1,070.00"
2020-03-17,2020031701017066,PPCL,34,26,10,107.00,"1,070.00"
2020-03-17,2020031701016886,PPCL,34,8,10,107.00,"1,070.00"
2020-03-17,2020031701017221,PROFL,21,51,150,104.00,"15,600.00"
2020-03-17,2020031701017148,PRVU,52,19,211,228.00,"48,108.00"
2020-03-17,2020031701016986,PRVU,22,19,89,228.00,"20,292.00"
2020-03-17,2020031701016957,PRVU,4,54,10,229.00,"2,290.00"
2020-03-17,2020031701016933,PRVU,22,39,11,228.00,"2,508.00"
2020-03-17,2020031701016932,PRVU,4,39,289,228.00,"65,892.00"
2020-03-17,2020031701017141,RBCL,45,18,10,"8,851.00","88,510.00"
2020-03-17,2020031701017056,RBCL,41,38,10,"8,860.00","88,600.00"
2020-03-17,2020031701017037,RBCL,45,38,17,"8,865.00","150,705.00"
2020-03-17,2020031701017036,RBCL,10,38,20,"8,870.00","177,400.00"
2020-03-17,2020031701017035,RBCL,38,38,10,"8,875.00","88,750.00"
2020-03-17,2020031701016931,RHPL,50,8,10,151.00,"1,510.00"
2020-03-17,2020031701016761,SABSL,25,44,11,710.00,"7,810.00"
2020-03-17,2020031701016980,SADBL,43,39,250,148.00,"37,000.00"
2020-03-17,2020031701016979,SADBL,45,39,50,148.00,"7,400.00"
2020-03-17,2020031701017218,SANIMA,58,45,150,324.00,"48,600.00"
2020-03-17,2020031701017074,SANIMA,58,39,150,324.00,"48,600.00"
2020-03-17,2020031701016870,SANIMA,56,51,52,326.00,"16,952.00"
2020-03-17,2020031701017003,SAPDBL,1,13,482,125.00,"60,250.00"
2020-03-17,2020031701017002,SAPDBL,1,13,100,126.00,"12,600.00"
2020-03-17,2020031701017001,SAPDBL,10,13,200,126.00,"25,200.00"
2020-03-17,2020031701017052,SBI,42,22,100,412.00,"41,200.00"
2020-03-17,2020031701017051,SBI,13,22,300,413.00,"123,900.00"
2020-03-17,2020031701017040,SBI,13,13,106,415.00,"43,990.00"
2020-03-17,2020031701017039,SBI,13,7,29,415.00,"12,035.00"
2020-03-17,2020031701017038,SBI,13,57,308,414.00,"127,512.00"
2020-03-17,2020031701017188,SBL,53,45,34,295.00,"10,030.00"
2020-03-17,2020031701017187,SBL,39,45,66,295.00,"19,470.00"
2020-03-17,2020031701016768,SBL,39,28,200,295.00,"59,000.00"
2020-03-17,2020031701017143,SCB,32,57,50,610.00,"30,500.00"
2020-03-17,2020031701016952,SCB,11,8,20,609.00,"12,180.00"
2020-03-17,2020031701016940,SCB,39,45,70,610.00,"42,700.00"
2020-03-17,2020031701017011,SHINE,32,22,289,261.00,"75,429.00"
2020-03-17,2020031701017010,SHINE,43,22,80,262.00,"20,960.00"
2020-03-17,2020031701016775,SHINE,57,4,300,262.00,"78,600.00"
2020-03-17,2020031701016774,SHINE,38,4,"2,000",262.00,"524,000.00"
2020-03-17,2020031701016773,SHINE,34,4,500,262.00,"131,000.00"
2020-03-17,2020031701016772,SHINE,55,4,300,263.00,"78,900.00"
2020-03-17,2020031701016771,SHINE,26,4,"1,000",263.00,"263,000.00"
2020-03-17,2020031701016770,SHINE,1,4,100,263.00,"26,300.00"
2020-03-17,2020031701017255,SHIVM,52,39,50,504.00,"25,200.00"
2020-03-17,2020031701017129,SHIVM,6,57,200,504.00,"100,800.00"
2020-03-17,2020031701017021,SHIVM,26,17,40,503.00,"20,120.00"
2020-03-17,2020031701017020,SHIVM,1,17,300,503.00,"150,900.00"
2020-03-17,2020031701017019,SHIVM,49,17,10,504.00,"5,040.00"
2020-03-17,2020031701017018,SHIVM,25,17,150,504.00,"75,600.00"
2020-03-17,2020031701016848,SHIVM,26,42,300,508.00,"152,400.00"
2020-03-17,2020031701016847,SHIVM,35,42,300,508.00,"152,400.00"
2020-03-17,2020031701016846,SHIVM,51,42,100,509.00,"50,900.00"
2020-03-17,2020031701016845,SHIVM,48,42,240,509.00,"122,160.00"
2020-03-17,2020031701016890,SHIVM,35,38,50,506.00,"25,300.00"
2020-03-17,2020031701016889,SHIVM,57,38,50,507.00,"25,350.00"
2020-03-17,2020031701016888,SHIVM,40,38,200,507.00,"101,400.00"
2020-03-17,2020031701016887,SHIVM,48,38,"1,000",507.00,"507,000.00"
2020-03-17,2020031701016871,SHIVM,25,42,50,508.00,"25,400.00"
2020-03-17,2020031701016849,SHIVM,1,42,10,508.00,"5,080.00"
2020-03-17,2020031701016938,SHIVM,52,19,200,503.00,"100,600.00"
2020-03-17,2020031701016895,SHIVM,1,38,100,505.00,"50,500.00"
2020-03-17,2020031701016894,SHIVM,57,38,300,505.00,"151,500.00"
2020-03-17,2020031701016893,SHIVM,34,38,50,505.00,"25,250.00"
2020-03-17,2020031701016892,SHIVM,45,38,50,505.00,"25,250.00"
2020-03-17,2020031701016891,SHIVM,21,38,200,505.00,"101,000.00"
2020-03-17,2020031701016936,SHL,8,42,100,159.00,"15,900.00"
2020-03-17,2020031701016821,SHL,45,42,100,159.00,"15,900.00"
2020-03-17,2020031701016906,SIC,6,39,50,589.00,"29,450.00"
2020-03-17,2020031701016905,SIC,56,39,85,589.00,"50,065.00"
2020-03-17,2020031701017194,SICL,54,37,31,843.00,"26,133.00"
2020-03-17,2020031701017193,SICL,41,37,100,844.00,"84,400.00"
2020-03-17,2020031701017192,SICL,42,37,10,845.00,"8,450.00"
2020-03-17,2020031701017191,SICL,6,37,59,845.00,"49,855.00"
2020-03-17,2020031701017158,SICL,6,25,41,845.00,"34,645.00"
2020-03-17,2020031701016874,SICL,43,54,200,850.00,"170,000.00"
2020-03-17,2020031701016951,SICL,43,33,333,847.00,"282,051.00"
2020-03-17,2020031701016950,SICL,13,33,200,847.00,"169,400.00"
2020-03-17,2020031701016949,SICL,34,33,"1,000",849.00,"849,000.00"
2020-03-17,2020031701016948,SICL,42,33,80,850.00,"68,000.00"
2020-03-17,2020031701016947,SICL,41,33,10,850.00,"8,500.00"
2020-03-17,2020031701016946,SICL,43,33,300,850.00,"255,000.00"
2020-03-17,2020031701017151,SICL,51,25,80,847.00,"67,760.00"
2020-03-17,2020031701017150,SICL,26,25,10,847.00,"8,470.00"
2020-03-17,2020031701017149,SICL,43,25,67,847.00,"56,749.00"
2020-03-17,2020031701017067,SICL,43,57,50,847.00,"42,350.00"
2020-03-17,2020031701017050,SICL,43,28,50,847.00,"42,350.00"
2020-03-17,2020031701017157,SICL,49,25,47,845.00,"39,715.00"
2020-03-17,2020031701017156,SICL,49,25,10,845.00,"8,450.00"
2020-03-17,2020031701017155,SICL,51,25,100,845.00,"84,500.00"
2020-03-17,2020031701017154,SICL,34,25,355,845.00,"299,975.00"
2020-03-17,2020031701017153,SICL,43,25,500,846.00,"423,000.00"
2020-03-17,2020031701017152,SICL,51,25,80,846.00,"67,680.00"
2020-03-17,2020031701017213,SIL,25,49,13,461.00,"5,993.00"
2020-03-17,2020031701017144,SIL,45,42,68,459.00,"31,212.00"
2020-03-17,2020031701016968,SIL,21,49,200,461.00,"92,200.00"
2020-03-17,2020031701016967,SIL,13,49,10,461.00,"4,610.00"
2020-03-17,2020031701016966,SIL,35,49,100,462.00,"46,200.00"
2020-03-17,2020031701016965,SIL,41,49,500,462.00,"231,000.00"
2020-03-17,2020031701016779,SIL,41,44,200,470.00,"94,000.00"
2020-03-17,2020031701016964,SIL,50,49,30,462.00,"13,860.00"
2020-03-17,2020031701016963,SIL,14,49,200,463.00,"92,600.00"
2020-03-17,2020031701016962,SIL,51,49,100,465.00,"46,500.00"
2020-03-17,2020031701016961,SIL,57,49,50,466.00,"23,300.00"
2020-03-17,2020031701016960,SIL,20,49,100,466.00,"46,600.00"
2020-03-17,2020031701016959,SIL,44,49,107,466.00,"49,862.00"
2020-03-17,2020031701017055,SINDU,43,55,10,130.00,"1,300.00"
2020-03-17,2020031701017034,SJCL,32,54,630,144.00,"90,720.00"
2020-03-17,2020031701017033,SJCL,14,54,"1,320",144.00,"190,080.00"
2020-03-17,2020031701016971,SJCL,14,8,10,144.00,"1,440.00"
2020-03-17,2020031701016844,SKBBL,5,55,10,"1,017.00","10,170.00"
2020-03-17,2020031701016824,SKBBL,5,21,40,"1,000.00","40,000.00"
2020-03-17,2020031701016781,SKBBL,19,39,50,992.00,"49,600.00"
2020-03-17,2020031701016780,SKBBL,47,39,50,992.00,"49,600.00"
2020-03-17,2020031701016987,SLBBL,58,19,200,767.00,"153,400.00"
2020-03-17,2020031701016798,SLBBL,58,6,40,767.00,"30,680.00"
2020-03-17,2020031701016797,SLBBL,26,6,10,771.00,"7,710.00"
2020-03-17,2020031701016858,SLBSL,25,44,60,740.00,"44,400.00"
2020-03-17,2020031701016857,SLBSL,25,48,50,740.00,"37,000.00"
2020-03-17,2020031701017078,SLICL,33,42,31,375.00,"11,625.00"
2020-03-17,2020031701016902,SLICL,33,39,45,375.00,"16,875.00"
2020-03-17,2020031701016901,SLICL,29,39,20,376.00,"7,520.00"
2020-03-17,2020031701016900,SLICL,55,39,285,376.00,"107,160.00"
2020-03-17,2020031701016896,SLICL,55,4,15,376.00,"5,640.00"
2020-03-17,2020031701016864,SLICL,34,4,109,376.00,"40,984.00"
2020-03-17,2020031701016863,SLICL,57,4,50,376.00,"18,800.00"
2020-03-17,2020031701016862,SLICL,10,4,100,376.00,"37,600.00"
2020-03-17,2020031701016861,SLICL,36,4,733,376.00,"275,608.00"
2020-03-17,2020031701016829,SLICL,59,36,60,377.00,"22,620.00"
2020-03-17,2020031701017138,SMATA,5,33,25,635.00,"15,875.00"
2020-03-17,2020031701017137,SMATA,58,33,50,635.00,"31,750.00"
2020-03-17,2020031701017136,SMATA,42,33,10,635.00,"6,350.00"
2020-03-17,2020031701016925,SMATA,34,25,10,637.00,"6,370.00"
2020-03-17,2020031701016985,SPARS,45,8,10,703.00,"7,030.00"
2020-03-17,2020031701017217,SRBL,6,34,100,234.00,"23,400.00"
2020-03-17,2020031701016850,SRBL,58,6,86,235.00,"20,210.00"
2020-03-17,2020031701017025,STC,46,40,20,"2,300.00","46,000.00"
2020-03-17,2020031701016984,TRH,51,22,30,219.00,"6,570.00"
2020-03-17,2020031701017041,UIC,34,28,200,312.00,"62,400.00"
2020-03-17,2020031701016855,UPPER,45,13,405,229.00,"92,745.00"
2020-03-17,2020031701016854,UPPER,54,13,250,229.00,"57,250.00"
2020-03-17,2020031701016853,UPPER,47,13,300,229.00,"68,700.00"
2020-03-17,2020031701016852,UPPER,52,13,60,229.00,"13,740.00"
2020-03-17,2020031701016851,UPPER,19,13,35,229.00,"8,015.00"
2020-03-17,2020031701016828,UPPER,37,50,40,230.00,"9,200.00"
2020-03-17,2020031701016591,ALBSL,17,17,10,632.00,"6,320.00"
2020-03-17,2020031701016617,ALICL,14,38,12,490.00,"5,880.00"
2020-03-17,2020031701016540,ALICL,47,52,50,485.00,"24,250.00"
2020-03-17,2020031701016539,ALICL,26,52,100,486.00,"48,600.00"
2020-03-17,2020031701016518,ALICL,14,35,10,490.00,"4,900.00"
2020-03-17,2020031701016275,ALICL,45,35,100,486.00,"48,600.00"
2020-03-17,2020031701016274,ALICL,47,35,88,486.00,"42,768.00"
2020-03-17,2020031701016273,ALICL,14,35,12,490.00,"5,880.00"
2020-03-17,2020031701016741,API,7,44,29,105.00,"3,045.00"
2020-03-17,2020031701016446,API,55,42,"1,179",104.00,"122,616.00"
2020-03-17,2020031701016445,API,44,42,821,104.00,"85,384.00"
2020-03-17,2020031701016325,BOKL,22,6,225,221.00,"49,725.00"
2020-03-17,2020031701016324,BOKL,58,6,75,221.00,"16,575.00"
2020-03-17,2020031701016272,BOKL,58,49,25,221.00,"5,525.00"
2020-03-17,2020031701016271,BOKL,32,49,50,221.00,"11,050.00"
2020-03-17,2020031701016270,BOKL,36,49,25,221.00,"5,525.00"
2020-03-17,2020031701016269,BOKL,26,49,100,221.00,"22,100.00"
2020-03-17,2020031701016268,BOKL,32,49,500,221.00,"110,500.00"
2020-03-17,2020031701016267,BOKL,26,49,100,221.00,"22,100.00"
2020-03-17,2020031701016266,BOKL,37,49,200,222.00,"44,400.00"
2020-03-17,2020031701016438,BPCL,13,43,220,325.00,"71,500.00"
2020-03-17,2020031701016355,BPCL,13,42,500,325.00,"162,500.00"
2020-03-17,2020031701016353,BPCL,13,17,11,325.00,"3,575.00"
2020-03-17,2020031701016352,BPCL,49,6,100,325.00,"32,500.00"
2020-03-17,2020031701016389,CBBL,43,33,451,981.00,"442,431.00"
2020-03-17,2020031701016388,CBBL,14,33,100,981.00,"98,100.00"
2020-03-17,2020031701016387,CBBL,54,33,50,981.00,"49,050.00"
2020-03-17,2020031701016386,CBBL,43,33,14,981.00,"13,734.00"
2020-03-17,2020031701016385,CBBL,43,33,285,982.00,"279,870.00"
2020-03-17,2020031701016260,CBBL,43,48,215,982.00,"211,130.00"
2020-03-17,2020031701016259,CBBL,42,48,20,982.00,"19,640.00"
2020-03-17,2020031701016258,CBBL,29,48,35,982.00,"34,370.00"
2020-03-17,2020031701016356,CBL,37,38,180,138.00,"24,840.00"
2020-03-17,2020031701016307,CBL,37,17,20,138.00,"2,760.00"
2020-03-17,2020031701016756,CCBL,26,48,50,159.00,"7,950.00"
2020-03-17,2020031701016739,CCBL,26,39,50,159.00,"7,950.00"
2020-03-17,2020031701016436,CCBL,26,39,24,159.00,"3,816.00"
2020-03-17,2020031701016435,CCBL,46,39,10,159.00,"1,590.00"
2020-03-17,2020031701016434,CCBL,36,39,90,159.00,"14,310.00"
2020-03-17,2020031701016433,CCBL,34,39,200,159.00,"31,800.00"
2020-03-17,2020031701016432,CCBL,25,39,176,159.00,"27,984.00"
2020-03-17,2020031701016379,CCBL,25,17,14,159.00,"2,226.00"
2020-03-17,2020031701016381,CFCL,58,6,300,127.00,"38,100.00"
2020-03-17,2020031701016372,CHCL,50,42,359,375.00,"134,625.00"
2020-03-17,2020031701016371,CHCL,56,42,141,375.00,"52,875.00"
2020-03-17,2020031701016589,CIT,45,37,10,"2,455.00","24,550.00"
2020-03-17,2020031701016467,CIT,41,57,35,"2,450.00","85,750.00"
2020-03-17,2020031701016466,CIT,6,57,20,"2,450.00","49,000.00"
2020-03-17,2020031701016465,CIT,36,57,35,"2,450.00","85,750.00"
2020-03-17,2020031701016464,CIT,34,57,10,"2,451.00","24,510.00"
2020-03-17,2020031701016405,CIT,41,37,30,"2,455.00","73,650.00"
2020-03-17,2020031701016404,CIT,51,45,15,"2,451.00","36,765.00"
2020-03-17,2020031701016403,CIT,34,45,25,"2,451.00","61,275.00"
2020-03-17,2020031701016382,CIT,43,37,50,"2,455.00","122,750.00"
2020-03-17,2020031701016373,CIT,39,37,15,"2,455.00","36,825.00"
2020-03-17,2020031701016610,CORBL,44,22,50,119.00,"5,950.00"
2020-03-17,2020031701016492,CZBIL,45,29,100,185.00,"18,500.00"
2020-03-17,2020031701016354,CZBIL,50,29,200,185.00,"37,000.00"
2020-03-17,2020031701016349,CZBIL,6,29,90,185.00,"16,650.00"
2020-03-17,2020031701016437,DDBL,26,6,50,763.00,"38,150.00"
2020-03-17,2020031701016719,EIC,34,26,200,345.00,"69,000.00"
2020-03-17,2020031701016718,EIC,42,26,27,345.00,"9,315.00"
2020-03-17,2020031701016717,EIC,43,26,50,345.00,"17,250.00"
2020-03-17,2020031701016716,EIC,45,26,100,345.00,"34,500.00"
2020-03-17,2020031701016715,EIC,38,26,100,345.00,"34,500.00"
2020-03-17,2020031701016714,EIC,38,26,200,345.00,"69,000.00"
2020-03-17,2020031701016713,EIC,45,26,100,345.00,"34,500.00"
2020-03-17,2020031701016752,FMDBL,55,59,100,435.00,"43,500.00"
2020-03-17,2020031701016751,FMDBL,11,59,200,435.00,"87,000.00"
2020-03-17,2020031701016750,FMDBL,45,59,50,435.00,"21,750.00"
2020-03-17,2020031701016749,FMDBL,59,59,35,435.00,"15,225.00"
2020-03-17,2020031701016748,FMDBL,45,59,50,436.00,"21,800.00"
2020-03-17,2020031701016747,FMDBL,13,59,50,436.00,"21,800.00"
2020-03-17,2020031701016667,FMDBL,58,59,100,441.00,"44,100.00"
2020-03-17,2020031701016666,FMDBL,45,59,50,442.00,"22,100.00"
2020-03-17,2020031701016552,FMDBL,42,46,100,446.00,"44,600.00"
2020-03-17,2020031701016519,FMDBL,6,33,40,445.00,"17,800.00"
2020-03-17,2020031701016673,FMDBL,45,59,50,440.00,"22,000.00"
2020-03-17,2020031701016672,FMDBL,21,59,10,440.00,"4,400.00"
2020-03-17,2020031701016671,FMDBL,42,59,30,440.00,"13,200.00"
2020-03-17,2020031701016670,FMDBL,50,59,50,440.00,"22,000.00"
2020-03-17,2020031701016669,FMDBL,16,59,20,440.00,"8,800.00"
2020-03-17,2020031701016668,FMDBL,50,59,100,441.00,"44,100.00"
2020-03-17,2020031701016746,FMDBL,17,59,200,437.00,"87,400.00"
2020-03-17,2020031701016745,FMDBL,43,59,250,438.00,"109,500.00"
2020-03-17,2020031701016744,FMDBL,26,59,20,439.00,"8,780.00"
2020-03-17,2020031701016676,FMDBL,26,59,80,439.00,"35,120.00"
2020-03-17,2020031701016675,FMDBL,26,59,500,440.00,"220,000.00"
2020-03-17,2020031701016674,FMDBL,21,59,10,440.00,"4,400.00"
2020-03-17,2020031701016431,FOWAD,34,43,10,"1,318.00","13,180.00"
2020-03-17,2020031701016323,FOWAD,14,43,20,"1,318.00","26,360.00"
2020-03-17,2020031701016322,FOWAD,42,43,10,"1,320.00","13,200.00"
2020-03-17,2020031701016321,FOWAD,42,43,20,"1,320.00","26,400.00"
2020-03-17,2020031701016320,FOWAD,3,43,150,"1,321.00","198,150.00"
2020-03-17,2020031701016532,GBBL,45,45,340,222.00,"75,480.00"
2020-03-17,2020031701016531,GBBL,43,45,160,222.00,"35,520.00"
2020-03-17,2020031701016503,GBBL,43,28,140,222.00,"31,080.00"
2020-03-17,2020031701016502,GBBL,35,28,"2,000",222.00,"444,000.00"
2020-03-17,2020031701016501,GBBL,7,28,500,222.00,"111,000.00"
2020-03-17,2020031701016500,GBBL,48,28,100,222.00,"22,200.00"
2020-03-17,2020031701016499,GBBL,14,28,110,222.00,"24,420.00"
2020-03-17,2020031701016607,GBIME,42,25,100,260.00,"26,000.00"
2020-03-17,2020031701016505,GBIME,37,25,500,260.00,"130,000.00"
2020-03-17,2020031701016457,GBIME,48,6,78,259.00,"20,202.00"
2020-03-17,2020031701016456,GBIME,10,6,10,259.00,"2,590.00"
2020-03-17,2020031701016455,GBIME,25,6,412,259.00,"106,708.00"
2020-03-17,2020031701016454,GBIME,25,57,100,259.00,"25,900.00"
2020-03-17,2020031701016383,GBIME,25,57,322,259.00,"83,398.00"
2020-03-17,2020031701016327,GBIME,6,25,100,260.00,"26,000.00"
2020-03-17,2020031701016604,GBLBS,34,52,79,425.00,"33,575.00"
2020-03-17,2020031701016603,GBLBS,32,52,30,425.00,"12,750.00"
2020-03-17,2020031701016602,GBLBS,1,52,100,427.00,"42,700.00"
