Date,Transact. No.,Symbol,Buyer,Seller,Quantity,Rate,Amount
2020-12-30,2020123004001746,BBC,45,22,10,"2,678.00","26,780.00"
2020-12-30,2020123004001720,BBC,47,44,10,"2,677.00","26,770.00"
2020-12-30,2020123004001474,BBC,47,5,10,"2,650.00","26,500.00"
2020-12-30,2020123004001473,BBC,47,20,10,"2,648.00","26,480.00"
2020-12-30,2020123004001455,BBC,47,20,100,"2,630.00","263,000.00"
2020-12-30,2020123004001415,BBC,16,20,100,"2,630.00","263,000.00"
2020-12-30,2020123004001821,CCBLPO,34,37,"12,036",112.00,"1,348,032.00"
2020-12-30,2020123004001761,CCBLPO,34,37,"46,577",112.00,"5,216,624.00"
2020-12-30,2020123004001757,CCBLPO,34,37,"29,989",112.00,"3,358,768.00"
2020-12-30,2020123004001748,CCBLPO,34,37,"12,394",112.00,"1,388,128.00"
2020-12-30,2020123004001740,CCBLPO,34,49,"17,353",112.00,"1,943,536.00"
2020-12-30,2020123004001778,CMF1,43,11,200,9.90,"1,980.00"
2020-12-30,2020123004001774,CMF1,43,8,"1,000",9.87,"9,870.00"
2020-12-30,2020123004001773,CMF1,41,14,300,9.86,"2,958.00"
2020-12-30,2020123004001397,CMF1,41,58,"3,500",9.86,"34,510.00"
2020-12-30,2020123004001396,CMF1,34,58,500,9.89,"4,945.00"
2020-12-30,2020123004001866,GIC,49,6,160,534.00,"85,440.00"
2020-12-30,2020123004001856,GIC,21,58,10,533.00,"5,330.00"
2020-12-30,2020123004001855,GIC,29,6,30,534.00,"16,020.00"
2020-12-30,2020123004001843,GIC,21,10,10,533.00,"5,330.00"
2020-12-30,2020123004001842,GIC,21,11,10,533.00,"5,330.00"
2020-12-30,2020123004001840,GIC,21,50,10,533.00,"5,330.00"
2020-12-30,2020123004001387,GIC,29,38,10,534.00,"5,340.00"
2020-12-30,2020123004001386,GIC,29,58,10,534.00,"5,340.00"
2020-12-30,2020123004001385,GIC,29,35,10,534.00,"5,340.00"
2020-12-30,2020123004001384,GIC,29,38,10,534.00,"5,340.00"
2020-12-30,2020123004001370,GIC,29,38,10,534.00,"5,340.00"
2020-12-30,2020123004001412,GIC,29,38,10,534.00,"5,340.00"
2020-12-30,2020123004001400,GIC,3,41,10,535.00,"5,350.00"
2020-12-30,2020123004001399,GIC,3,58,10,535.00,"5,350.00"
2020-12-30,2020123004001398,GIC,3,49,10,535.00,"5,350.00"
2020-12-30,2020123004001394,GIC,29,38,10,534.00,"5,340.00"
2020-12-30,2020123004001393,GIC,29,38,10,534.00,"5,340.00"
2020-12-30,2020123004001439,GIC,6,38,10,534.00,"5,340.00"
2020-12-30,2020123004001438,GIC,6,38,10,534.00,"5,340.00"
2020-12-30,2020123004001435,GIC,6,38,10,534.00,"5,340.00"
2020-12-30,2020123004001434,GIC,6,45,10,534.00,"5,340.00"
2020-12-30,2020123004001431,GIC,29,38,10,534.00,"5,340.00"
2020-12-30,2020123004001414,GIC,29,39,10,534.00,"5,340.00"
2020-12-30,2020123004001471,GIC,42,3,10,534.00,"5,340.00"
2020-12-30,2020123004001470,GIC,42,47,10,534.00,"5,340.00"
2020-12-30,2020123004001469,GIC,42,47,10,534.00,"5,340.00"
2020-12-30,2020123004001468,GIC,42,47,10,534.00,"5,340.00"
2020-12-30,2020123004001467,GIC,42,45,10,534.00,"5,340.00"
2020-12-30,2020123004001454,GIC,6,38,10,534.00,"5,340.00"
2020-12-30,2020123004001487,GIC,55,38,10,533.00,"5,330.00"
2020-12-30,2020123004001486,GIC,55,38,10,533.00,"5,330.00"
2020-12-30,2020123004001485,GIC,55,3,10,533.00,"5,330.00"
2020-12-30,2020123004001478,GIC,55,45,10,533.00,"5,330.00"
2020-12-30,2020123004001477,GIC,55,3,10,533.00,"5,330.00"
2020-12-30,2020123004001475,GIC,55,38,10,533.00,"5,330.00"
2020-12-30,2020123004001525,GIC,33,46,10,534.00,"5,340.00"
2020-12-30,2020123004001515,GIC,33,45,10,534.00,"5,340.00"
2020-12-30,2020123004001507,GIC,33,46,10,534.00,"5,340.00"
2020-12-30,2020123004001502,GIC,33,47,10,534.00,"5,340.00"
2020-12-30,2020123004001500,GIC,53,8,10,534.00,"5,340.00"
2020-12-30,2020123004001491,GIC,55,38,10,533.00,"5,330.00"
2020-12-30,2020123004001532,GIC,33,35,20,534.00,"10,680.00"
2020-12-30,2020123004001530,GIC,33,38,10,534.00,"5,340.00"
2020-12-30,2020123004001529,GIC,33,32,10,534.00,"5,340.00"
2020-12-30,2020123004001528,GIC,52,21,10,535.00,"5,350.00"
2020-12-30,2020123004001527,GIC,52,19,10,535.00,"5,350.00"
2020-12-30,2020123004001526,GIC,33,52,10,534.00,"5,340.00"
2020-12-30,2020123004001554,GIC,33,21,10,534.00,"5,340.00"
2020-12-30,2020123004001553,GIC,33,38,10,534.00,"5,340.00"
2020-12-30,2020123004001546,GIC,33,38,10,534.00,"5,340.00"
2020-12-30,2020123004001545,GIC,33,21,10,534.00,"5,340.00"
2020-12-30,2020123004001540,GIC,33,17,10,534.00,"5,340.00"
2020-12-30,2020123004001539,GIC,33,21,10,534.00,"5,340.00"
2020-12-30,2020123004001578,GIC,39,11,10,534.00,"5,340.00"
2020-12-30,2020123004001577,GIC,39,26,10,534.00,"5,340.00"
2020-12-30,2020123004001572,GIC,21,38,10,534.00,"5,340.00"
2020-12-30,2020123004001567,GIC,33,17,10,534.00,"5,340.00"
2020-12-30,2020123004001562,GIC,33,26,10,534.00,"5,340.00"
2020-12-30,2020123004001556,GIC,33,46,10,534.00,"5,340.00"
2020-12-30,2020123004001600,GIC,45,19,10,535.00,"5,350.00"
2020-12-30,2020123004001595,GIC,39,49,10,534.00,"5,340.00"
2020-12-30,2020123004001594,GIC,39,57,10,534.00,"5,340.00"
2020-12-30,2020123004001593,GIC,39,45,10,534.00,"5,340.00"
2020-12-30,2020123004001585,GIC,39,21,10,534.00,"5,340.00"
2020-12-30,2020123004001580,GIC,39,38,10,534.00,"5,340.00"
2020-12-30,2020123004001613,GIC,39,57,10,534.00,"5,340.00"
2020-12-30,2020123004001611,GIC,39,38,10,534.00,"5,340.00"
2020-12-30,2020123004001605,GIC,39,57,10,534.00,"5,340.00"
2020-12-30,2020123004001603,GIC,45,57,10,535.00,"5,350.00"
2020-12-30,2020123004001602,GIC,45,58,10,535.00,"5,350.00"
2020-12-30,2020123004001601,GIC,45,36,10,535.00,"5,350.00"
2020-12-30,2020123004001626,GIC,34,38,10,534.00,"5,340.00"
2020-12-30,2020123004001625,GIC,34,20,10,534.00,"5,340.00"
2020-12-30,2020123004001622,GIC,34,38,10,534.00,"5,340.00"
2020-12-30,2020123004001619,GIC,54,38,10,534.00,"5,340.00"
2020-12-30,2020123004001617,GIC,54,38,10,534.00,"5,340.00"
2020-12-30,2020123004001614,GIC,54,38,10,534.00,"5,340.00"
2020-12-30,2020123004001649,GIC,55,44,10,533.00,"5,330.00"
2020-12-30,2020123004001648,GIC,55,40,10,533.00,"5,330.00"
2020-12-30,2020123004001647,GIC,55,44,10,533.00,"5,330.00"
2020-12-30,2020123004001644,GIC,41,57,10,534.00,"5,340.00"
2020-12-30,2020123004001630,GIC,34,38,10,534.00,"5,340.00"
2020-12-30,2020123004001627,GIC,34,11,10,534.00,"5,340.00"
2020-12-30,2020123004001681,GIC,7,38,10,534.00,"5,340.00"
2020-12-30,2020123004001679,GIC,7,29,10,534.00,"5,340.00"
2020-12-30,2020123004001678,GIC,7,16,10,534.00,"5,340.00"
2020-12-30,2020123004001654,GIC,43,52,10,534.00,"5,340.00"
2020-12-30,2020123004001653,GIC,43,57,10,534.00,"5,340.00"
2020-12-30,2020123004001652,GIC,43,17,10,534.00,"5,340.00"
2020-12-30,2020123004001724,GIC,34,33,20,533.00,"10,660.00"
2020-12-30,2020123004001722,GIC,6,33,50,534.00,"26,700.00"
2020-12-30,2020123004001708,GIC,55,50,10,533.00,"5,330.00"
2020-12-30,2020123004001705,GIC,41,33,10,534.00,"5,340.00"
2020-12-30,2020123004001704,GIC,32,33,40,534.00,"21,360.00"
2020-12-30,2020123004001682,GIC,32,16,10,534.00,"5,340.00"
2020-12-30,2020123004001731,GIC,21,36,10,533.00,"5,330.00"
2020-12-30,2020123004001729,GIC,21,33,110,533.00,"58,630.00"
2020-12-30,2020123004001728,GIC,16,33,"1,000",533.00,"533,000.00"
2020-12-30,2020123004001727,GIC,50,33,40,533.00,"21,320.00"
2020-12-30,2020123004001726,GIC,55,33,130,533.00,"69,290.00"
2020-12-30,2020123004001725,GIC,17,33,100,533.00,"53,300.00"
2020-12-30,2020123004001765,GIC,21,21,10,533.00,"5,330.00"
2020-12-30,2020123004001758,GIC,21,20,10,533.00,"5,330.00"
2020-12-30,2020123004001754,GIC,38,6,50,534.00,"26,700.00"
2020-12-30,2020123004001749,GIC,21,29,10,533.00,"5,330.00"
2020-12-30,2020123004001747,GIC,21,50,10,533.00,"5,330.00"
2020-12-30,2020123004001737,GIC,21,29,10,533.00,"5,330.00"
2020-12-30,2020123004001796,GIC,21,49,10,533.00,"5,330.00"
2020-12-30,2020123004001794,GIC,21,33,500,533.00,"266,500.00"
2020-12-30,2020123004001793,GIC,21,11,10,533.00,"5,330.00"
2020-12-30,2020123004001790,GIC,21,58,10,533.00,"5,330.00"
2020-12-30,2020123004001784,GIC,21,11,10,533.00,"5,330.00"
2020-12-30,2020123004001768,GIC,25,6,75,534.00,"40,050.00"
2020-12-30,2020123004001829,GIC,21,58,10,533.00,"5,330.00"
2020-12-30,2020123004001824,GIC,5,6,50,534.00,"26,700.00"
2020-12-30,2020123004001820,GIC,21,53,10,533.00,"5,330.00"
2020-12-30,2020123004001817,GIC,21,58,10,533.00,"5,330.00"
2020-12-30,2020123004001802,GIC,21,11,10,533.00,"5,330.00"
2020-12-30,2020123004001797,GIC,21,20,10,533.00,"5,330.00"
2020-12-30,2020123004001753,GIMES1,50,26,"3,500",11.50,"40,250.00"
2020-12-30,2020123004001739,GIMES1,50,49,"6,500",11.50,"74,750.00"
2020-12-30,2020123004001717,GIMES1,50,26,"32,207",11.48,"369,736.36"
2020-12-30,2020123004001716,GIMES1,50,51,"4,000",11.48,"45,920.00"
2020-12-30,2020123004001715,GIMES1,50,42,"5,000",11.48,"57,400.00"
2020-12-30,2020123004001714,GIMES1,50,38,"1,000",11.48,"11,480.00"
2020-12-30,2020123004001481,GIMES1,3,42,"10,000",11.20,"112,000.00"
2020-12-30,2020123004001479,GIMES1,26,42,"50,000",11.20,"560,000.00"
2020-12-30,2020123004001476,GIMES1,26,42,"25,000",11.20,"280,000.00"
2020-12-30,2020123004001713,GIMES1,50,3,"5,000",11.48,"57,400.00"
2020-12-30,2020123004001712,GIMES1,50,42,993,11.40,"11,320.20"
2020-12-30,2020123004001710,GIMES1,50,57,"1,800",11.36,"20,448.00"
2020-12-30,2020123004001490,GIMES1,26,42,"17,235",11.20,"193,032.00"
2020-12-30,2020123004001488,GIMES1,26,42,"100,000",11.20,"1,120,000.00"
2020-12-30,2020123004001483,GIMES1,26,42,"50,000",11.20,"560,000.00"
2020-12-30,2020123004001436,LEMF,6,50,800,9.80,"7,840.00"
2020-12-30,2020123004001798,LUK,38,42,300,9.22,"2,766.00"
2020-12-30,2020123004001592,LUK,45,50,100,9.21,921.00
2020-12-30,2020123004001464,LUK,6,19,500,9.39,"4,695.00"
2020-12-30,2020123004001458,LUK,6,4,200,9.38,"1,876.00"
2020-12-30,2020123004001457,LUK,6,48,100,9.30,930.00
2020-12-30,2020123004001851,NBF2,41,45,200,10.04,"2,008.00"
2020-12-30,2020123004001850,NBF2,41,29,500,10.03,"5,015.00"
2020-12-30,2020123004001849,NBF2,41,39,200,10.02,"2,004.00"
2020-12-30,2020123004001775,NBF2,56,10,"9,000",10.00,"90,000.00"
2020-12-30,2020123004001772,NBF2,41,19,"1,960",10.01,"19,619.60"
2020-12-30,2020123004001743,NBF2,14,45,"20,000",10.00,"200,000.00"
2020-12-30,2020123004001417,NBF2,3,56,"2,400",9.75,"23,400.00"
2020-12-30,2020123004001506,NBF2,10,42,100,10.00,"1,000.00"
2020-12-30,2020123004001501,NBF2,10,53,200,9.85,"1,970.00"
2020-12-30,2020123004001420,NBF2,3,26,100,9.75,975.00
2020-12-30,2020123004001419,NBF2,3,16,200,9.75,"1,950.00"
2020-12-30,2020123004001418,NBF2,3,42,250,9.75,"2,437.50"
2020-12-30,2020123004001695,NBF2,41,29,500,10.00,"5,000.00"
2020-12-30,2020123004001687,NBF2,41,43,100,10.00,"1,000.00"
2020-12-30,2020123004001616,NBF2,41,16,200,10.00,"2,000.00"
2020-12-30,2020123004001615,NBF2,41,42,"1,700",10.00,"17,000.00"
2020-12-30,2020123004001612,NBF2,3,51,"15,110",9.90,"149,589.00"
2020-12-30,2020123004001588,NBF2,3,50,100,9.90,990.00
2020-12-30,2020123004001742,NBF2,14,58,"2,000",10.00,"20,000.00"
2020-12-30,2020123004001738,NBF2,41,58,"2,000",10.00,"20,000.00"
2020-12-30,2020123004001733,NBF2,14,58,"22,000",10.00,"220,000.00"
2020-12-30,2020123004001732,NBF2,14,58,"8,000",9.99,"79,920.00"
2020-12-30,2020123004001723,NBF2,41,58,"2,000",10.00,"20,000.00"
2020-12-30,2020123004001721,NBF2,41,58,"2,000",10.00,"20,000.00"
2020-12-30,2020123004001822,NEF,56,44,100,10.10,"1,010.00"
2020-12-30,2020123004001804,NEF,41,26,"1,000",10.20,"10,200.00"
2020-12-30,2020123004001777,NEF,17,26,"32,103",10.20,"327,450.60"
2020-12-30,2020123004001776,NEF,17,47,"1,000",10.20,"10,200.00"
2020-12-30,2020123004001745,NEF,41,11,"2,414",10.24,"24,719.36"
2020-12-30,2020123004001694,NEF,8,49,"95,000",10.25,"973,750.00"
2020-12-30,2020123004001371,NEF,17,28,483,10.14,"4,897.62"
2020-12-30,2020123004001377,NEF,17,51,"2,414",10.15,"24,502.10"
2020-12-30,2020123004001376,NEF,17,51,"2,414",10.15,"24,502.10"
2020-12-30,2020123004001375,NEF,17,51,"2,414",10.15,"24,502.10"
2020-12-30,2020123004001374,NEF,17,45,"2,414",10.14,"24,477.96"
2020-12-30,2020123004001373,NEF,17,45,"2,414",10.14,"24,477.96"
2020-12-30,2020123004001372,NEF,17,51,521,10.14,"5,282.94"
2020-12-30,2020123004001383,NEF,17,42,966,10.19,"9,843.54"
2020-12-30,2020123004001382,NEF,17,47,"3,483",10.19,"35,491.77"
2020-12-30,2020123004001381,NEF,17,54,"2,414",10.19,"24,598.66"
2020-12-30,2020123004001380,NEF,17,38,"5,000",10.16,"50,800.00"
2020-12-30,2020123004001379,NEF,17,17,966,10.15,"9,804.90"
2020-12-30,2020123004001378,NEF,17,51,"2,414",10.15,"24,502.10"
2020-12-30,2020123004001411,NEF,17,57,"2,414",10.20,"24,622.80"
2020-12-30,2020123004001392,NEF,17,45,"1,000",10.20,"10,200.00"
2020-12-30,2020123004001391,NEF,17,45,"2,414",10.20,"24,622.80"
2020-12-30,2020123004001390,NEF,17,57,"1,207",10.20,"12,311.40"
2020-12-30,2020123004001389,NEF,17,57,"1,207",10.20,"12,311.40"
2020-12-30,2020123004001388,NEF,17,50,"11,440",10.20,"116,688.00"
2020-12-30,2020123004001547,NEF,17,51,"2,414",10.20,"24,622.80"
2020-12-30,2020123004001535,NEF,17,19,"1,448",10.20,"14,769.60"
2020-12-30,2020123004001510,NEF,17,39,966,10.20,"9,853.20"
2020-12-30,2020123004001430,NEF,3,49,"13,276",10.25,"136,079.00"
2020-12-30,2020123004001429,NEF,3,58,724,10.25,"7,421.00"
2020-12-30,2020123004001413,NEF,17,57,"2,414",10.20,"24,622.80"
2020-12-30,2020123004001693,NEF,8,38,"5,000",10.24,"51,200.00"
2020-12-30,2020123004001650,NEF,17,38,"9,000",10.20,"91,800.00"
2020-12-30,2020123004001635,NEF,17,39,483,10.20,"4,926.60"
2020-12-30,2020123004001599,NEF,17,11,"1,207",10.20,"12,311.40"
2020-12-30,2020123004001573,NEF,17,20,966,10.20,"9,853.20"
2020-12-30,2020123004001568,NEF,41,11,241,10.22,"2,463.02"
2020-12-30,2020123004001868,NIBLPF,26,54,"1,130",10.30,"11,639.00"
2020-12-30,2020123004001863,NIBLPF,26,51,505,10.30,"5,201.50"
2020-12-30,2020123004001862,NIBLPF,26,18,"1,263",10.30,"13,008.90"
2020-12-30,2020123004001861,NIBLPF,26,59,253,10.30,"2,605.90"
2020-12-30,2020123004001860,NIBLPF,26,38,505,10.30,"5,201.50"
2020-12-30,2020123004001859,NIBLPF,26,22,"2,525",10.30,"26,007.50"
2020-12-30,2020123004001517,NIBLPF,6,39,"1,010",10.21,"10,312.10"
2020-12-30,2020123004001858,NIBLPF,26,42,354,10.30,"3,646.20"
2020-12-30,2020123004001848,NIBLPF,26,6,"2,525",10.29,"25,982.25"
2020-12-30,2020123004001838,NIBLPF,26,6,"2,525",10.29,"25,982.25"
2020-12-30,2020123004001831,NIBLPF,26,17,"1,652",10.29,"16,999.08"
2020-12-30,2020123004001788,NIBLPF,26,17,848,10.29,"8,725.92"
2020-12-30,2020123004001519,NIBLPF,26,11,152,10.25,"1,558.00"
2020-12-30,2020123004001867,NIBPO,11,14,288,446.00,"128,448.00"
2020-12-30,2020123004001854,NIBPO,34,14,10,446.00,"4,460.00"
2020-12-30,2020123004001852,NIBPO,11,58,160,445.00,"71,200.00"
2020-12-30,2020123004001847,NIBPO,11,58,25,445.00,"11,125.00"
2020-12-30,2020123004001846,NIBPO,11,17,"1,066",445.00,"474,370.00"
2020-12-30,2020123004001845,NIBPO,11,17,215,445.00,"95,675.00"
2020-12-30,2020123004001643,NIBPO,1,35,"1,000",443.00,"443,000.00"
2020-12-30,2020123004001558,NIBPO,16,10,280,442.00,"123,760.00"
2020-12-30,2020123004001557,NIBPO,34,10,750,442.00,"331,500.00"
2020-12-30,2020123004001503,NIBPO,7,35,500,443.00,"221,500.00"
2020-12-30,2020123004001783,NIBPO,34,58,50,443.00,"22,150.00"
2020-12-30,2020123004001782,NIBPO,34,35,"3,490",443.00,"1,546,070.00"
2020-12-30,2020123004001764,NIBPO,11,59,306,442.00,"135,252.00"
2020-12-30,2020123004001763,NIBPO,16,59,968,442.00,"427,856.00"
2020-12-30,2020123004001707,NIBPO,16,28,32,442.00,"14,144.00"
2020-12-30,2020123004001706,NIBPO,16,28,320,442.00,"141,440.00"
2020-12-30,2020123004001844,NIBPO,11,32,694,445.00,"308,830.00"
2020-12-30,2020123004001835,NIBPO,11,17,331,444.00,"146,964.00"
2020-12-30,2020123004001828,NIBPO,11,11,700,443.00,"310,100.00"
2020-12-30,2020123004001826,NIBPO,11,20,215,443.00,"95,245.00"
2020-12-30,2020123004001825,NIBPO,34,20,10,443.00,"4,430.00"
2020-12-30,2020123004001799,NIBPO,34,46,50,443.00,"22,150.00"
2020-12-30,2020123004001830,NIBSF1,17,38,"10,000",11.35,"113,500.00"
2020-12-30,2020123004001680,NIBSF1,59,22,"20,000",11.40,"228,000.00"
2020-12-30,2020123004001634,NIBSF1,17,18,"5,217",11.35,"59,212.95"
2020-12-30,2020123004001493,NIBSF1,17,43,"1,000",11.35,"11,350.00"
2020-12-30,2020123004001492,NIBSF1,17,57,500,11.35,"5,675.00"
2020-12-30,2020123004001489,NIBSF1,47,11,100,11.28,"1,128.00"
2020-12-30,2020123004001805,NICGF,17,11,200,10.60,"2,120.00"
2020-12-30,2020123004001770,NICGF,17,41,500,10.60,"5,300.00"
2020-12-30,2020123004001508,NICGF,17,35,"1,000",10.60,"10,600.00"
2020-12-30,2020123004001463,NICGF,3,56,"2,500",10.61,"26,525.00"
2020-12-30,2020123004001462,NICGF,3,55,100,10.61,"1,061.00"
2020-12-30,2020123004001461,NICGF,3,3,"1,000",10.61,"10,610.00"
2020-12-30,2020123004001404,NICGF,17,56,500,10.56,"5,280.00"
2020-12-30,2020123004001403,NICGF,17,59,100,10.55,"1,055.00"
2020-12-30,2020123004001402,NICGF,17,45,300,10.45,"3,135.00"
2020-12-30,2020123004001460,NICGF,3,10,"10,000",10.61,"106,100.00"
2020-12-30,2020123004001409,NICGF,17,45,800,10.60,"8,480.00"
2020-12-30,2020123004001408,NICGF,17,48,"4,500",10.60,"47,700.00"
2020-12-30,2020123004001407,NICGF,17,38,"1,400",10.60,"14,840.00"
2020-12-30,2020123004001406,NICGF,17,58,100,10.59,"1,059.00"
2020-12-30,2020123004001405,NICGF,17,26,"25,000",10.59,"264,750.00"
2020-12-30,2020123004001523,NMB50,8,43,"2,500",10.40,"26,000.00"
2020-12-30,2020123004001522,NMB50,8,3,100,10.40,"1,040.00"
2020-12-30,2020123004001521,NMB50,8,28,900,10.40,"9,360.00"
2020-12-30,2020123004001520,NMB50,8,34,"3,800",10.40,"39,520.00"
2020-12-30,2020123004001452,NMB50,56,34,"9,300",10.40,"96,720.00"
2020-12-30,2020123004001451,NMB50,56,58,100,10.40,"1,040.00"
2020-12-30,2020123004001450,NMB50,56,47,100,10.40,"1,040.00"
2020-12-30,2020123004001449,NMB50,56,42,200,10.39,"2,078.00"
2020-12-30,2020123004001448,NMB50,56,48,100,10.30,"1,030.00"
2020-12-30,2020123004001447,NMB50,56,29,100,10.30,"1,030.00"
2020-12-30,2020123004001446,NMB50,56,8,100,10.14,"1,014.00"
2020-12-30,2020123004001857,NMBHF1,17,18,"1,248",10.10,"12,604.80"
2020-12-30,2020123004001779,NMBHF1,17,19,"4,161",10.10,"42,026.10"
2020-12-30,2020123004001719,NMBHF1,17,35,"2,900",10.10,"29,290.00"
2020-12-30,2020123004001499,NMBHF1,8,11,333,10.10,"3,363.30"
2020-12-30,2020123004001498,NMBHF1,8,45,"4,161",10.10,"42,026.10"
2020-12-30,2020123004001497,NMBHF1,8,35,"8,010",10.10,"80,901.00"
2020-12-30,2020123004001496,NMBHF1,8,56,"4,161",10.10,"42,026.10"
2020-12-30,2020123004001495,NMBHF1,8,56,"1,146",10.10,"11,574.60"
2020-12-30,2020123004001444,NMBHF1,59,56,"2,000",10.10,"20,200.00"
2020-12-30,2020123004001718,RBCLPO,26,59,10,"13,925.00","139,250.00"
2020-12-30,2020123004001636,RBCLPO,43,56,10,"13,929.00","139,290.00"
2020-12-30,2020123004001610,RBCLPO,58,43,10,"13,900.00","139,000.00"
2020-12-30,2020123004001609,RBCLPO,58,59,10,"13,895.00","138,950.00"
2020-12-30,2020123004001608,RBCLPO,58,28,40,"13,890.00","555,600.00"
2020-12-30,2020123004001552,RBCLPO,33,28,40,"13,890.00","555,600.00"
2020-12-30,2020123004001504,RBCLPO,43,28,10,"13,890.00","138,900.00"
2020-12-30,2020123004001833,SAEF,50,13,"1,700",11.60,"19,720.00"
2020-12-30,2020123004001806,SAEF,50,13,"5,000",11.60,"58,000.00"
2020-12-30,2020123004001791,SAEF,50,22,500,11.60,"5,800.00"
2020-12-30,2020123004001771,SAEF,50,5,"1,500",11.60,"17,400.00"
2020-12-30,2020123004001703,SAEF,50,41,"2,000",11.60,"23,200.00"
2020-12-30,2020123004001702,SAEF,50,55,"2,500",11.60,"29,000.00"
2020-12-30,2020123004001442,SAEF,17,43,500,11.37,"5,685.00"
2020-12-30,2020123004001441,SAEF,17,35,"14,000",11.37,"159,180.00"
2020-12-30,2020123004001440,SAEF,17,57,"10,000",11.35,"113,500.00"
2020-12-30,2020123004001428,SAEF,11,57,"5,000",11.25,"56,250.00"
2020-12-30,2020123004001691,SAEF,50,34,"20,000",11.50,"230,000.00"
2020-12-30,2020123004001690,SAEF,50,43,"5,000",11.49,"57,450.00"
2020-12-30,2020123004001689,SAEF,50,11,"5,000",11.47,"57,350.00"
2020-12-30,2020123004001472,SAEF,17,57,"35,000",11.40,"399,000.00"
2020-12-30,2020123004001456,SAEF,17,45,500,11.40,"5,700.00"
2020-12-30,2020123004001443,SAEF,17,45,500,11.40,"5,700.00"
2020-12-30,2020123004001701,SAEF,50,51,"4,600",11.60,"53,360.00"
2020-12-30,2020123004001700,SAEF,50,41,"5,000",11.60,"58,000.00"
2020-12-30,2020123004001699,SAEF,50,47,"1,000",11.60,"11,600.00"
2020-12-30,2020123004001698,SAEF,50,58,"1,000",11.59,"11,590.00"
2020-12-30,2020123004001697,SAEF,50,43,200,11.59,"2,318.00"
2020-12-30,2020123004001696,SAEF,50,13,"5,000",11.55,"57,750.00"
2020-12-30,2020123004001853,SAND2085,42,22,25,"1,040.00","26,000.00"
2020-12-30,2020123004001662,SBIBD86,17,6,500,"1,065.00","532,500.00"
2020-12-30,2020123004001864,SBLD2082,45,34,20,"1,075.00","21,500.00"
2020-12-30,2020123004001841,SEF,17,38,"5,000",10.45,"52,250.00"
2020-12-30,2020123004001741,SEF,17,42,"1,000",10.45,"10,450.00"
2020-12-30,2020123004001730,SEF,17,56,500,10.45,"5,225.00"
2020-12-30,2020123004001675,SEF,17,29,"20,000",10.45,"209,000.00"
2020-12-30,2020123004001583,SEF,17,50,"5,000",10.45,"52,250.00"
2020-12-30,2020123004001544,SEF,17,52,"20,700",10.45,"216,315.00"
2020-12-30,2020123004001422,SEF,17,56,350,10.35,"3,622.50"
2020-12-30,2020123004001421,SEF,17,57,"10,000",10.35,"103,500.00"
2020-12-30,2020123004001512,SEF,3,7,500,10.41,"5,205.00"
2020-12-30,2020123004001511,SEF,3,7,"1,000",10.41,"10,410.00"
2020-12-30,2020123004001482,SEF,17,57,"30,000",10.40,"312,000.00"
2020-12-30,2020123004001425,SEF,17,43,500,10.40,"5,200.00"
2020-12-30,2020123004001424,SEF,17,17,"1,450",10.40,"15,080.00"
2020-12-30,2020123004001423,SEF,17,34,"5,000",10.35,"51,750.00"
2020-12-30,2020123004001543,SEF,17,52,"79,300",10.45,"828,685.00"
2020-12-30,2020123004001542,SEF,17,43,700,10.44,"7,308.00"
2020-12-30,2020123004001541,SEF,17,35,"20,000",10.43,"208,600.00"
2020-12-30,2020123004001533,SEF,3,47,"1,000",10.43,"10,430.00"
2020-12-30,2020123004001514,SEF,3,51,"1,100",10.43,"11,473.00"
2020-12-30,2020123004001513,SEF,3,59,250,10.41,"2,602.50"
2020-12-30,2020123004001834,SFMF,50,4,500,10.20,"5,100.00"
2020-12-30,2020123004001755,SFMF,50,36,"1,000",10.20,"10,200.00"
2020-12-30,2020123004001865,SGI,45,21,10,559.00,"5,590.00"
2020-12-30,2020123004001839,SGI,8,26,10,558.00,"5,580.00"
2020-12-30,2020123004001837,SGI,25,49,10,560.00,"5,600.00"
2020-12-30,2020123004001836,SGI,25,28,10,560.00,"5,600.00"
2020-12-30,2020123004001832,SGI,8,11,10,558.00,"5,580.00"
2020-12-30,2020123004001827,SGI,8,11,10,558.00,"5,580.00"
2020-12-30,2020123004001369,SGI,34,10,10,558.00,"5,580.00"
2020-12-30,2020123004001432,SGI,34,56,10,558.00,"5,580.00"
2020-12-30,2020123004001427,SGI,34,58,10,558.00,"5,580.00"
2020-12-30,2020123004001426,SGI,34,47,10,558.00,"5,580.00"
2020-12-30,2020123004001416,SGI,34,38,10,558.00,"5,580.00"
2020-12-30,2020123004001410,SGI,34,3,10,558.00,"5,580.00"
2020-12-30,2020123004001401,SGI,34,58,10,558.00,"5,580.00"
2020-12-30,2020123004001465,SGI,34,47,10,558.00,"5,580.00"
2020-12-30,2020123004001459,SGI,34,4,10,558.00,"5,580.00"
2020-12-30,2020123004001453,SGI,34,47,10,558.00,"5,580.00"
2020-12-30,2020123004001445,SGI,34,17,10,558.00,"5,580.00"
2020-12-30,2020123004001437,SGI,34,47,10,558.00,"5,580.00"
2020-12-30,2020123004001433,SGI,34,39,10,558.00,"5,580.00"
2020-12-30,2020123004001509,SGI,56,58,10,559.00,"5,590.00"
2020-12-30,2020123004001505,SGI,34,46,10,558.00,"5,580.00"
2020-12-30,2020123004001494,SGI,34,58,10,558.00,"5,580.00"
2020-12-30,2020123004001484,SGI,34,58,10,558.00,"5,580.00"
2020-12-30,2020123004001480,SGI,34,47,10,558.00,"5,580.00"
2020-12-30,2020123004001466,SGI,34,57,10,558.00,"5,580.00"
2020-12-30,2020123004001536,SGI,35,46,10,558.00,"5,580.00"
2020-12-30,2020123004001534,SGI,5,6,25,559.00,"13,975.00"
2020-12-30,2020123004001531,SGI,35,17,10,558.00,"5,580.00"
2020-12-30,2020123004001524,SGI,35,38,10,558.00,"5,580.00"
2020-12-30,2020123004001518,SGI,34,45,10,558.00,"5,580.00"
2020-12-30,2020123004001516,SGI,34,38,10,558.00,"5,580.00"
2020-12-30,2020123004001551,SGI,11,58,10,558.00,"5,580.00"
2020-12-30,2020123004001550,SGI,52,17,10,558.00,"5,580.00"
2020-12-30,2020123004001549,SGI,52,38,10,558.00,"5,580.00"
2020-12-30,2020123004001548,SGI,52,38,10,558.00,"5,580.00"
2020-12-30,2020123004001538,SGI,35,17,10,558.00,"5,580.00"
2020-12-30,2020123004001537,SGI,35,19,10,558.00,"5,580.00"
2020-12-30,2020123004001564,SGI,11,38,10,558.00,"5,580.00"
2020-12-30,2020123004001563,SGI,11,21,10,558.00,"5,580.00"
2020-12-30,2020123004001561,SGI,11,17,10,558.00,"5,580.00"
2020-12-30,2020123004001560,SGI,11,38,10,558.00,"5,580.00"
2020-12-30,2020123004001559,SGI,11,13,10,558.00,"5,580.00"
2020-12-30,2020123004001555,SGI,11,42,10,558.00,"5,580.00"
2020-12-30,2020123004001574,SGI,11,11,10,558.00,"5,580.00"
2020-12-30,2020123004001571,SGI,11,21,10,558.00,"5,580.00"
2020-12-30,2020123004001570,SGI,11,38,10,558.00,"5,580.00"
2020-12-30,2020123004001569,SGI,11,45,10,558.00,"5,580.00"
2020-12-30,2020123004001566,SGI,11,38,10,558.00,"5,580.00"
2020-12-30,2020123004001565,SGI,11,17,10,558.00,"5,580.00"
2020-12-30,2020123004001584,SGI,11,11,10,558.00,"5,580.00"
2020-12-30,2020123004001582,SGI,11,57,10,558.00,"5,580.00"
2020-12-30,2020123004001581,SGI,11,38,10,558.00,"5,580.00"
2020-12-30,2020123004001579,SGI,11,21,10,558.00,"5,580.00"
2020-12-30,2020123004001576,SGI,11,21,10,558.00,"5,580.00"
2020-12-30,2020123004001575,SGI,11,48,10,558.00,"5,580.00"
2020-12-30,2020123004001597,SGI,42,43,10,558.00,"5,580.00"
2020-12-30,2020123004001596,SGI,42,13,10,558.00,"5,580.00"
2020-12-30,2020123004001591,SGI,42,48,10,558.00,"5,580.00"
2020-12-30,2020123004001590,SGI,42,13,10,558.00,"5,580.00"
2020-12-30,2020123004001589,SGI,11,20,10,558.00,"5,580.00"
2020-12-30,2020123004001586,SGI,58,39,10,559.00,"5,590.00"
2020-12-30,2020123004001620,SGI,16,21,10,557.00,"5,570.00"
2020-12-30,2020123004001618,SGI,16,11,10,557.00,"5,570.00"
2020-12-30,2020123004001607,SGI,5,29,40,558.00,"22,320.00"
2020-12-30,2020123004001606,SGI,5,11,10,558.00,"5,580.00"
2020-12-30,2020123004001604,SGI,16,20,10,557.00,"5,570.00"
2020-12-30,2020123004001598,SGI,16,21,10,557.00,"5,570.00"
2020-12-30,2020123004001633,SGI,38,29,10,558.00,"5,580.00"
2020-12-30,2020123004001632,SGI,16,11,10,557.00,"5,570.00"
2020-12-30,2020123004001628,SGI,16,39,10,557.00,"5,570.00"
2020-12-30,2020123004001624,SGI,16,40,10,557.00,"5,570.00"
2020-12-30,2020123004001623,SGI,16,48,10,557.00,"5,570.00"
2020-12-30,2020123004001621,SGI,16,19,10,557.00,"5,570.00"
2020-12-30,2020123004001642,SGI,16,57,10,557.00,"5,570.00"
2020-12-30,2020123004001641,SGI,16,11,10,557.00,"5,570.00"
2020-12-30,2020123004001640,SGI,16,48,10,557.00,"5,570.00"
2020-12-30,2020123004001639,SGI,16,56,10,557.00,"5,570.00"
2020-12-30,2020123004001638,SGI,16,57,10,557.00,"5,570.00"
2020-12-30,2020123004001637,SGI,38,57,10,558.00,"5,580.00"
2020-12-30,2020123004001657,SGI,47,42,10,560.00,"5,600.00"
2020-12-30,2020123004001656,SGI,47,34,40,560.00,"22,400.00"
2020-12-30,2020123004001655,SGI,47,41,10,559.00,"5,590.00"
2020-12-30,2020123004001651,SGI,38,53,10,558.00,"5,580.00"
2020-12-30,2020123004001646,SGI,16,59,10,557.00,"5,570.00"
2020-12-30,2020123004001645,SGI,16,57,10,557.00,"5,570.00"
2020-12-30,2020123004001683,SGI,17,20,10,558.00,"5,580.00"
2020-12-30,2020123004001676,SGI,38,17,10,558.00,"5,580.00"
2020-12-30,2020123004001661,SGI,47,28,10,560.00,"5,600.00"
2020-12-30,2020123004001660,SGI,47,45,10,560.00,"5,600.00"
2020-12-30,2020123004001659,SGI,47,45,10,560.00,"5,600.00"
2020-12-30,2020123004001658,SGI,47,45,10,560.00,"5,600.00"
2020-12-30,2020123004001711,SGI,16,10,10,557.00,"5,570.00"
2020-12-30,2020123004001709,SGI,16,29,10,557.00,"5,570.00"
2020-12-30,2020123004001692,SGI,16,20,10,557.00,"5,570.00"
2020-12-30,2020123004001688,SGI,16,45,10,557.00,"5,570.00"
2020-12-30,2020123004001686,SGI,17,20,10,558.00,"5,580.00"
2020-12-30,2020123004001685,SGI,17,29,10,558.00,"5,580.00"
2020-12-30,2020123004001760,SGI,34,4,10,558.00,"5,580.00"
2020-12-30,2020123004001759,SGI,38,14,10,558.00,"5,580.00"
2020-12-30,2020123004001756,SGI,38,29,10,558.00,"5,580.00"
2020-12-30,2020123004001744,SGI,38,29,10,558.00,"5,580.00"
2020-12-30,2020123004001735,SGI,38,20,10,558.00,"5,580.00"
2020-12-30,2020123004001734,SGI,38,36,10,558.00,"5,580.00"
2020-12-30,2020123004001792,SGI,34,38,10,558.00,"5,580.00"
2020-12-30,2020123004001789,SGI,34,49,10,558.00,"5,580.00"
2020-12-30,2020123004001786,SGI,34,48,10,558.00,"5,580.00"
2020-12-30,2020123004001781,SGI,34,20,10,558.00,"5,580.00"
2020-12-30,2020123004001780,SGI,34,11,10,558.00,"5,580.00"
2020-12-30,2020123004001762,SGI,34,58,10,558.00,"5,580.00"
2020-12-30,2020123004001816,SGI,16,53,10,557.00,"5,570.00"
2020-12-30,2020123004001814,SGI,16,29,10,557.00,"5,570.00"
2020-12-30,2020123004001803,SGI,34,58,10,558.00,"5,580.00"
2020-12-30,2020123004001801,SGI,5,44,10,560.00,"5,600.00"
2020-12-30,2020123004001800,SGI,34,35,10,558.00,"5,580.00"
2020-12-30,2020123004001795,SGI,34,59,10,558.00,"5,580.00"
2020-12-30,2020123004001785,SRBLD83,13,6,200,"1,071.00","214,200.00"
2020-12-30,2020123004001823,STC,56,10,10,"5,710.00","57,100.00"
2020-12-30,2020123004001819,STC,56,10,80,"5,710.00","456,800.00"
2020-12-30,2020123004001818,STC,34,10,50,"5,710.00","285,500.00"
2020-12-30,2020123004001815,STC,56,10,100,"5,710.00","571,000.00"
2020-12-30,2020123004001813,STC,52,10,30,"5,710.00","171,300.00"
2020-12-30,2020123004001812,STC,38,10,50,"5,710.00","285,500.00"
2020-12-30,2020123004001395,STC,52,53,30,"5,710.00","171,300.00"
2020-12-30,2020123004001665,STC,56,10,50,"5,710.00","285,500.00"
2020-12-30,2020123004001664,STC,45,10,50,"5,710.00","285,500.00"
2020-12-30,2020123004001663,STC,52,10,10,"5,710.00","57,100.00"
2020-12-30,2020123004001631,STC,52,52,30,"5,710.00","171,300.00"
2020-12-30,2020123004001629,STC,52,51,10,"5,710.00","57,100.00"
2020-12-30,2020123004001587,STC,52,36,20,"5,710.00","114,200.00"
2020-12-30,2020123004001671,STC,5,10,20,"5,710.00","114,200.00"
2020-12-30,2020123004001670,STC,34,10,50,"5,710.00","285,500.00"
2020-12-30,2020123004001669,STC,7,10,10,"5,710.00","57,100.00"
2020-12-30,2020123004001668,STC,5,10,50,"5,710.00","285,500.00"
2020-12-30,2020123004001667,STC,34,10,100,"5,710.00","571,000.00"
2020-12-30,2020123004001666,STC,43,10,10,"5,710.00","57,100.00"
2020-12-30,2020123004001736,STC,13,13,"3,000","5,710.00","17,130,000.00"
2020-12-30,2020123004001684,STC,38,10,79,"5,710.00","451,090.00"
2020-12-30,2020123004001677,STC,34,10,50,"5,710.00","285,500.00"
2020-12-30,2020123004001674,STC,19,10,11,"5,710.00","62,810.00"
2020-12-30,2020123004001673,STC,19,10,11,"5,710.00","62,810.00"
2020-12-30,2020123004001672,STC,56,10,100,"5,710.00","571,000.00"
2020-12-30,2020123004001769,STC,39,58,10,"5,710.00","57,100.00"
2020-12-30,2020123004001767,STC,34,55,20,"5,710.00","114,200.00"
2020-12-30,2020123004001766,STC,38,55,20,"5,710.00","114,200.00"
2020-12-30,2020123004001752,STC,39,59,10,"5,710.00","57,100.00"
2020-12-30,2020123004001751,STC,38,59,50,"5,710.00","285,500.00"
2020-12-30,2020123004001750,STC,59,59,40,"5,710.00","228,400.00"
2020-12-30,2020123004001811,STC,49,10,100,"5,710.00","571,000.00"
2020-12-30,2020123004001810,STC,39,10,40,"5,710.00","228,400.00"
2020-12-30,2020123004001809,STC,41,10,40,"5,710.00","228,400.00"
2020-12-30,2020123004001808,STC,39,10,10,"5,710.00","57,100.00"
2020-12-30,2020123004001807,STC,39,10,10,"5,710.00","57,100.00"
2020-12-30,2020123004001787,STC,39,46,10,"5,710.00","57,100.00"
2020-12-30,2020123004001275,BBC,17,20,200,"2,650.00","530,000.00"
2020-12-30,2020123004001274,BBC,17,57,20,"2,649.00","52,980.00"
2020-12-30,2020123004001273,BBC,17,38,10,"2,648.00","26,480.00"
2020-12-30,2020123004001272,BBC,17,14,10,"2,645.00","26,450.00"
2020-12-30,2020123004001261,BBC,49,53,10,"2,600.00","26,000.00"
2020-12-30,2020123004001213,BBC,21,53,10,"2,600.00","26,000.00"
2020-12-30,2020123004001128,BBC,21,38,10,"2,600.00","26,000.00"
2020-12-30,2020123004001353,CCBLPO,34,14,"28,069",112.00,"3,143,728.00"
2020-12-30,2020123004001352,CCBLPO,34,14,"80,000",112.00,"8,960,000.00"
2020-12-30,2020123004001119,CCBLPO,34,37,"7,383",112.00,"826,896.00"
2020-12-30,2020123004001197,CMF1,41,45,"1,000",9.86,"9,860.00"
2020-12-30,2020123004001139,CMF1,25,48,"2,500",9.85,"24,625.00"
2020-12-30,2020123004001138,CMF1,34,48,"2,000",9.85,"19,700.00"
2020-12-30,2020123004001367,GIC,29,38,10,534.00,"5,340.00"
2020-12-30,2020123004001366,GIC,29,32,10,534.00,"5,340.00"
2020-12-30,2020123004001365,GIC,29,32,10,534.00,"5,340.00"
2020-12-30,2020123004001363,GIC,29,6,10,534.00,"5,340.00"
2020-12-30,2020123004001354,GIC,29,35,60,534.00,"32,040.00"
2020-12-30,2020123004001347,GIC,29,42,10,534.00,"5,340.00"
2020-12-30,2020123004000879,GIC,28,38,10,533.00,"5,330.00"
2020-12-30,2020123004000877,GIC,45,28,10,533.00,"5,330.00"
2020-12-30,2020123004000872,GIC,45,33,10,533.00,"5,330.00"
2020-12-30,2020123004000896,GIC,16,34,10,534.00,"5,340.00"
2020-12-30,2020123004000891,GIC,16,26,10,534.00,"5,340.00"
2020-12-30,2020123004000890,GIC,16,22,10,534.00,"5,340.00"
2020-12-30,2020123004000889,GIC,16,58,10,534.00,"5,340.00"
2020-12-30,2020123004000888,GIC,16,22,10,534.00,"5,340.00"
2020-12-30,2020123004000887,GIC,16,22,10,534.00,"5,340.00"
2020-12-30,2020123004000914,GIC,16,25,10,534.00,"5,340.00"
2020-12-30,2020123004000912,GIC,16,32,10,534.00,"5,340.00"
2020-12-30,2020123004000911,GIC,16,26,10,534.00,"5,340.00"
2020-12-30,2020123004000909,GIC,16,47,10,534.00,"5,340.00"
2020-12-30,2020123004000903,GIC,16,52,10,534.00,"5,340.00"
2020-12-30,2020123004000898,GIC,16,22,10,534.00,"5,340.00"
2020-12-30,2020123004000941,GIC,16,47,10,534.00,"5,340.00"
2020-12-30,2020123004000937,GIC,16,46,10,534.00,"5,340.00"
2020-12-30,2020123004000936,GIC,16,16,10,534.00,"5,340.00"
2020-12-30,2020123004000935,GIC,16,17,10,534.00,"5,340.00"
2020-12-30,2020123004000932,GIC,16,39,10,534.00,"5,340.00"
2020-12-30,2020123004000915,GIC,16,32,10,534.00,"5,340.00"
2020-12-30,2020123004000954,GIC,16,42,10,535.00,"5,350.00"
2020-12-30,2020123004000953,GIC,16,42,10,535.00,"5,350.00"
2020-12-30,2020123004000952,GIC,16,41,10,535.00,"5,350.00"
2020-12-30,2020123004000950,GIC,16,39,10,534.00,"5,340.00"
2020-12-30,2020123004000946,GIC,16,39,10,534.00,"5,340.00"
2020-12-30,2020123004000945,GIC,16,43,10,534.00,"5,340.00"
2020-12-30,2020123004000983,GIC,16,40,10,535.00,"5,350.00"
2020-12-30,2020123004000968,GIC,16,50,10,535.00,"5,350.00"
2020-12-30,2020123004000964,GIC,16,39,10,534.00,"5,340.00"
2020-12-30,2020123004000957,GIC,16,34,10,535.00,"5,350.00"
2020-12-30,2020123004000956,GIC,16,16,10,535.00,"5,350.00"
2020-12-30,2020123004000955,GIC,16,29,10,535.00,"5,350.00"
2020-12-30,2020123004001015,GIC,16,50,10,534.00,"5,340.00"
2020-12-30,2020123004001013,GIC,16,32,10,534.00,"5,340.00"
2020-12-30,2020123004001012,GIC,16,45,10,534.00,"5,340.00"
2020-12-30,2020123004001004,GIC,16,34,10,534.00,"5,340.00"
2020-12-30,2020123004001003,GIC,16,16,10,535.00,"5,350.00"
2020-12-30,2020123004000992,GIC,16,34,10,535.00,"5,350.00"
2020-12-30,2020123004001026,GIC,16,38,10,534.00,"5,340.00"
2020-12-30,2020123004001025,GIC,16,38,10,534.00,"5,340.00"
2020-12-30,2020123004001023,GIC,16,38,10,534.00,"5,340.00"
2020-12-30,2020123004001020,GIC,16,38,10,534.00,"5,340.00"
2020-12-30,2020123004001017,GIC,16,36,10,534.00,"5,340.00"
2020-12-30,2020123004001016,GIC,16,1,10,534.00,"5,340.00"
2020-12-30,2020123004001032,GIC,16,58,10,534.00,"5,340.00"
2020-12-30,2020123004001031,GIC,16,38,10,534.00,"5,340.00"
2020-12-30,2020123004001030,GIC,16,38,10,534.00,"5,340.00"
2020-12-30,2020123004001029,GIC,16,58,10,534.00,"5,340.00"
2020-12-30,2020123004001028,GIC,16,38,10,534.00,"5,340.00"
2020-12-30,2020123004001027,GIC,16,3,10,534.00,"5,340.00"
2020-12-30,2020123004001039,GIC,16,38,10,534.00,"5,340.00"
2020-12-30,2020123004001038,GIC,16,58,10,534.00,"5,340.00"
2020-12-30,2020123004001037,GIC,16,58,10,534.00,"5,340.00"
2020-12-30,2020123004001035,GIC,16,58,10,534.00,"5,340.00"
2020-12-30,2020123004001034,GIC,16,38,10,534.00,"5,340.00"
2020-12-30,2020123004001033,GIC,16,38,10,534.00,"5,340.00"
2020-12-30,2020123004001067,GIC,16,43,10,534.00,"5,340.00"
2020-12-30,2020123004001064,GIC,16,14,10,534.00,"5,340.00"
2020-12-30,2020123004001058,GIC,16,55,10,534.00,"5,340.00"
2020-12-30,2020123004001049,GIC,16,38,10,534.00,"5,340.00"
2020-12-30,2020123004001048,GIC,16,38,10,534.00,"5,340.00"
2020-12-30,2020123004001040,GIC,16,38,10,534.00,"5,340.00"
2020-12-30,2020123004001074,GIC,38,16,10,534.00,"5,340.00"
2020-12-30,2020123004001073,GIC,38,46,53,534.00,"28,302.00"
2020-12-30,2020123004001072,GIC,55,46,50,534.00,"26,700.00"
2020-12-30,2020123004001071,GIC,58,46,10,534.00,"5,340.00"
2020-12-30,2020123004001070,GIC,42,46,20,534.00,"10,680.00"
2020-12-30,2020123004001069,GIC,59,46,17,534.00,"9,078.00"
2020-12-30,2020123004001089,GIC,26,38,10,534.00,"5,340.00"
2020-12-30,2020123004001086,GIC,26,38,10,534.00,"5,340.00"
2020-12-30,2020123004001080,GIC,26,14,10,534.00,"5,340.00"
2020-12-30,2020123004001079,GIC,26,36,10,534.00,"5,340.00"
2020-12-30,2020123004001078,GIC,26,38,10,534.00,"5,340.00"
2020-12-30,2020123004001077,GIC,26,17,10,534.00,"5,340.00"
2020-12-30,2020123004001101,GIC,28,38,10,533.00,"5,330.00"
2020-12-30,2020123004001097,GIC,28,38,10,533.00,"5,330.00"
2020-12-30,2020123004001095,GIC,26,38,10,534.00,"5,340.00"
2020-12-30,2020123004001094,GIC,26,38,10,534.00,"5,340.00"
2020-12-30,2020123004001093,GIC,26,38,10,534.00,"5,340.00"
2020-12-30,2020123004001091,GIC,26,38,10,534.00,"5,340.00"
2020-12-30,2020123004001110,GIC,28,38,10,533.00,"5,330.00"
2020-12-30,2020123004001109,GIC,28,38,10,533.00,"5,330.00"
2020-12-30,2020123004001108,GIC,28,38,10,533.00,"5,330.00"
2020-12-30,2020123004001107,GIC,28,38,10,533.00,"5,330.00"
2020-12-30,2020123004001105,GIC,28,38,10,533.00,"5,330.00"
2020-12-30,2020123004001103,GIC,28,38,10,533.00,"5,330.00"
2020-12-30,2020123004001116,GIC,58,21,10,535.00,"5,350.00"
2020-12-30,2020123004001115,GIC,58,3,10,535.00,"5,350.00"
2020-12-30,2020123004001114,GIC,34,38,10,533.00,"5,330.00"
2020-12-30,2020123004001113,GIC,34,38,10,533.00,"5,330.00"
2020-12-30,2020123004001112,GIC,34,38,10,533.00,"5,330.00"
2020-12-30,2020123004001111,GIC,28,38,10,533.00,"5,330.00"
2020-12-30,2020123004001124,GIC,34,38,10,533.00,"5,330.00"
2020-12-30,2020123004001122,GIC,34,38,10,533.00,"5,330.00"
2020-12-30,2020123004001121,GIC,34,38,10,533.00,"5,330.00"
2020-12-30,2020123004001120,GIC,58,38,10,535.00,"5,350.00"
2020-12-30,2020123004001118,GIC,58,44,10,535.00,"5,350.00"
2020-12-30,2020123004001117,GIC,58,22,10,535.00,"5,350.00"
2020-12-30,2020123004001133,GIC,34,38,10,533.00,"5,330.00"
2020-12-30,2020123004001131,GIC,34,38,10,533.00,"5,330.00"
2020-12-30,2020123004001130,GIC,34,38,10,533.00,"5,330.00"
2020-12-30,2020123004001129,GIC,34,38,10,533.00,"5,330.00"
2020-12-30,2020123004001127,GIC,34,38,10,533.00,"5,330.00"
2020-12-30,2020123004001125,GIC,34,38,10,533.00,"5,330.00"
2020-12-30,2020123004001150,GIC,34,16,10,533.00,"5,330.00"
2020-12-30,2020123004001149,GIC,34,38,10,533.00,"5,330.00"
2020-12-30,2020123004001145,GIC,19,16,10,534.00,"5,340.00"
2020-12-30,2020123004001136,GIC,34,53,10,533.00,"5,330.00"
2020-12-30,2020123004001135,GIC,45,38,10,534.00,"5,340.00"
2020-12-30,2020123004001134,GIC,34,38,10,533.00,"5,330.00"
2020-12-30,2020123004001167,GIC,34,38,10,533.00,"5,330.00"
2020-12-30,2020123004001162,GIC,34,38,10,533.00,"5,330.00"
2020-12-30,2020123004001160,GIC,34,52,10,533.00,"5,330.00"
2020-12-30,2020123004001159,GIC,34,44,10,533.00,"5,330.00"
2020-12-30,2020123004001152,GIC,38,38,10,534.00,"5,340.00"
2020-12-30,2020123004001151,GIC,34,38,10,533.00,"5,330.00"
2020-12-30,2020123004001186,GIC,34,3,10,533.00,"5,330.00"
2020-12-30,2020123004001185,GIC,34,38,10,533.00,"5,330.00"
2020-12-30,2020123004001181,GIC,34,38,10,533.00,"5,330.00"
2020-12-30,2020123004001178,GIC,34,38,10,533.00,"5,330.00"
2020-12-30,2020123004001171,GIC,34,38,10,533.00,"5,330.00"
2020-12-30,2020123004001170,GIC,34,38,10,533.00,"5,330.00"
2020-12-30,2020123004001206,GIC,4,58,10,534.00,"5,340.00"
2020-12-30,2020123004001198,GIC,55,10,10,533.00,"5,330.00"
2020-12-30,2020123004001195,GIC,55,38,10,533.00,"5,330.00"
2020-12-30,2020123004001194,GIC,55,34,10,533.00,"5,330.00"
2020-12-30,2020123004001189,GIC,55,16,10,533.00,"5,330.00"
2020-12-30,2020123004001188,GIC,34,26,10,533.00,"5,330.00"
2020-12-30,2020123004001212,GIC,55,50,10,533.00,"5,330.00"
2020-12-30,2020123004001211,GIC,4,44,60,535.00,"32,100.00"
2020-12-30,2020123004001210,GIC,4,58,10,535.00,"5,350.00"
2020-12-30,2020123004001209,GIC,4,41,10,535.00,"5,350.00"
2020-12-30,2020123004001208,GIC,4,13,10,534.00,"5,340.00"
2020-12-30,2020123004001207,GIC,4,13,10,534.00,"5,340.00"
2020-12-30,2020123004001284,GIC,29,38,10,534.00,"5,340.00"
2020-12-30,2020123004001280,GIC,29,38,10,534.00,"5,340.00"
2020-12-30,2020123004001269,GIC,29,33,10,534.00,"5,340.00"
2020-12-30,2020123004001266,GIC,29,38,10,534.00,"5,340.00"
2020-12-30,2020123004001247,GIC,55,59,10,533.00,"5,330.00"
2020-12-30,2020123004001246,GIC,47,29,10,534.00,"5,340.00"
2020-12-30,2020123004001301,GIC,29,26,10,534.00,"5,340.00"
2020-12-30,2020123004001296,GIC,29,38,10,534.00,"5,340.00"
2020-12-30,2020123004001293,GIC,29,8,10,534.00,"5,340.00"
2020-12-30,2020123004001292,GIC,29,46,10,534.00,"5,340.00"
2020-12-30,2020123004001288,GIC,29,38,10,534.00,"5,340.00"
2020-12-30,2020123004001285,GIC,29,46,10,534.00,"5,340.00"
2020-12-30,2020123004001320,GIC,29,58,10,534.00,"5,340.00"
2020-12-30,2020123004001316,GIC,29,19,10,534.00,"5,340.00"
2020-12-30,2020123004001311,GIC,29,38,10,534.00,"5,340.00"
2020-12-30,2020123004001310,GIC,29,5,10,534.00,"5,340.00"
2020-12-30,2020123004001306,GIC,29,8,10,534.00,"5,340.00"
2020-12-30,2020123004001304,GIC,29,16,10,534.00,"5,340.00"
2020-12-30,2020123004001346,GIC,29,38,10,534.00,"5,340.00"
2020-12-30,2020123004001329,GIC,29,32,10,534.00,"5,340.00"
2020-12-30,2020123004001327,GIC,29,41,10,534.00,"5,340.00"
2020-12-30,2020123004001326,GIC,29,59,10,534.00,"5,340.00"
2020-12-30,2020123004001322,GIC,29,58,20,534.00,"10,680.00"
2020-12-30,2020123004001321,GIC,43,58,50,534.00,"26,700.00"
2020-12-30,2020123004001364,GIMES1,3,52,"1,100",11.16,"12,276.00"
2020-12-30,2020123004001319,GIMES1,17,42,"47,500",11.20,"532,000.00"
2020-12-30,2020123004001318,GIMES1,7,42,"8,000",11.21,"89,680.00"
2020-12-30,2020123004001317,GIMES1,51,42,500,11.25,"5,625.00"
2020-12-30,2020123004001283,GIMES1,45,42,"8,500",11.40,"96,900.00"
2020-12-30,2020123004001282,GIMES1,45,41,"8,500",11.40,"96,900.00"
2020-12-30,2020123004001281,GIMES1,45,26,"3,000",11.34,"34,020.00"
2020-12-30,2020123004001203,GIMES1,51,46,500,11.25,"5,625.00"
2020-12-30,2020123004000918,GIMES1,47,37,500,11.26,"5,630.00"
2020-12-30,2020123004000913,GIMES1,45,37,"2,000",11.26,"22,520.00"
2020-12-30,2020123004000905,GIMES1,17,34,"1,500",11.20,"16,800.00"
2020-12-30,2020123004001180,KSBBLP,1,32,"26,035",123.00,"3,202,305.00"
2020-12-30,2020123004000971,LEMF,53,42,"1,000",9.76,"9,760.00"
2020-12-30,2020123004000940,LEMF,53,42,"1,000",9.76,"9,760.00"
2020-12-30,2020123004000931,LEMF,53,49,"1,000",9.76,"9,760.00"
2020-12-30,2020123004000944,MEGAPO,57,49,"24,452",126.00,"3,080,952.00"
2020-12-30,2020123004001258,NBF2,41,10,"1,000",9.94,"9,940.00"
2020-12-30,2020123004001144,NBF2,41,45,"1,000",9.94,"9,940.00"
2020-12-30,2020123004001142,NBF2,41,10,500,9.83,"4,915.00"
2020-12-30,2020123004001068,NBF2,41,58,200,9.64,"1,928.00"
2020-12-30,2020123004001065,NBF2,41,10,500,9.83,"4,915.00"
2020-12-30,2020123004001041,NBF2,41,10,100,9.64,964.00
2020-12-30,2020123004000881,NBF2,41,39,100,9.56,956.00
2020-12-30,2020123004000906,NBF2,41,6,"1,000",9.46,"9,460.00"
2020-12-30,2020123004000885,NBF2,58,6,500,9.46,"4,730.00"
2020-12-30,2020123004000882,NBF2,41,6,"1,700",9.56,"16,252.00"
2020-12-30,2020123004001349,NEF,58,34,"2,414",10.00,"24,140.00"
2020-12-30,2020123004001333,NEF,58,34,"1,127",10.00,"11,270.00"
2020-12-30,2020123004001289,NEF,58,50,"1,448",10.00,"14,480.00"
2020-12-30,2020123004001250,NEF,58,22,713,10.00,"7,130.00"
2020-12-30,2020123004001249,NEF,41,22,414,10.10,"4,181.40"
2020-12-30,2020123004001104,NEF,41,38,"2,000",10.10,"20,200.00"
2020-12-30,2020123004001066,NEF,58,45,"1,000",10.11,"10,110.00"
2020-12-30,2020123004001051,NEF,58,45,"2,414",10.10,"24,381.40"
2020-12-30,2020123004000995,NEF,41,41,"2,414",10.10,"24,381.40"
2020-12-30,2020123004000985,NEF,41,28,"4,517",10.14,"45,802.38"
2020-12-30,2020123004000984,NEF,41,22,483,10.12,"4,887.96"
2020-12-30,2020123004000894,NEF,58,32,"1,690",10.00,"16,900.00"
2020-12-30,2020123004001358,NIBLPF,22,42,"2,020",10.30,"20,806.00"
2020-12-30,2020123004001312,NIBLPF,6,41,"1,010",10.21,"10,312.10"
2020-12-30,2020123004001303,NIBLPF,16,59,"2,525",10.26,"25,906.50"
2020-12-30,2020123004001302,NIBLPF,16,51,505,10.25,"5,176.25"
2020-12-30,2020123004001299,NIBLPF,6,50,"1,515",10.21,"15,468.15"
2020-12-30,2020123004001173,NIBLPF,58,4,"2,908",10.25,"29,807.00"
2020-12-30,2020123004000875,NIBLPF,58,49,"13,132",10.25,"134,603.00"
2020-12-30,2020123004000874,NIBLPF,58,42,353,10.25,"3,618.25"
2020-12-30,2020123004000873,NIBLPF,58,22,"1,515",10.25,"15,528.75"
2020-12-30,2020123004001172,NIBLPF,58,49,"40,360",10.25,"413,690.00"
2020-12-30,2020123004001169,NIBLPF,58,49,"96,508",10.25,"989,207.00"
2020-12-30,2020123004001168,NIBLPF,58,58,"3,492",10.22,"35,688.24"
2020-12-30,2020123004001166,NIBLPF,58,58,"13,475",10.22,"137,714.50"
2020-12-30,2020123004001165,NIBLPF,58,3,"2,525",10.21,"25,780.25"
2020-12-30,2020123004000963,NIBLPF,6,25,"1,212",10.14,"12,289.68"
2020-12-30,2020123004001257,NIBPO,34,25,250,442.00,"110,500.00"
2020-12-30,2020123004001256,NIBPO,25,25,50,442.00,"22,100.00"
2020-12-30,2020123004001255,NIBPO,48,25,150,442.00,"66,300.00"
2020-12-30,2020123004001254,NIBPO,48,25,150,442.00,"66,300.00"
2020-12-30,2020123004001205,NIBPO,7,35,10,443.00,"4,430.00"
2020-12-30,2020123004001014,NIBPO,25,35,"1,700",444.00,"754,800.00"
2020-12-30,2020123004000929,NIBPO,28,48,33,441.00,"14,553.00"
2020-12-30,2020123004001356,NIBSF1,47,42,"3,500",11.28,"39,480.00"
2020-12-30,2020123004001355,NIBSF1,47,42,"1,500",11.28,"16,920.00"
2020-12-30,2020123004001350,NICBF,39,16,100,9.86,986.00
2020-12-30,2020123004001360,NICGF,17,42,600,10.41,"6,246.00"
2020-12-30,2020123004001201,NICGF,17,45,"1,000",10.41,"10,410.00"
2020-12-30,2020123004001148,NICGF,17,45,100,10.41,"1,041.00"
2020-12-30,2020123004001047,NICGF,58,38,"3,600",10.60,"38,160.00"
2020-12-30,2020123004001046,NICGF,58,49,"2,000",10.60,"21,200.00"
2020-12-30,2020123004001045,NICGF,58,58,100,10.60,"1,060.00"
2020-12-30,2020123004000990,NICGF,45,33,200,10.59,"2,118.00"
2020-12-30,2020123004000948,NICGF,45,50,"1,000",10.58,"10,580.00"
2020-12-30,2020123004000947,NICGF,17,32,100,10.41,"1,041.00"
2020-12-30,2020123004001044,NICGF,58,50,"1,000",10.60,"10,600.00"
2020-12-30,2020123004001043,NICGF,58,17,800,10.59,"8,472.00"
2020-12-30,2020123004001042,NICGF,58,35,500,10.58,"5,290.00"
2020-12-30,2020123004001001,NICGF,45,50,"1,000",10.58,"10,580.00"
2020-12-30,2020123004000997,NICGF,45,17,"1,200",10.59,"12,708.00"
2020-12-30,2020123004000996,NICGF,45,33,800,10.59,"8,472.00"
2020-12-30,2020123004000925,NMB50,8,34,"36,900",10.20,"376,380.00"
2020-12-30,2020123004000922,NMB50,8,34,"42,100",10.20,"429,420.00"
2020-12-30,2020123004000921,NMB50,17,34,"50,000",10.21,"510,500.00"
2020-12-30,2020123004000920,NMB50,34,34,"3,000",10.21,"30,630.00"
2020-12-30,2020123004000919,NMB50,34,34,"4,900",10.22,"50,078.00"
2020-12-30,2020123004001361,NMBHF1,7,42,"4,161",10.08,"41,942.88"
2020-12-30,2020123004001359,NMBHF1,7,13,334,10.08,"3,366.72"
2020-12-30,2020123004001252,NMBHF1,7,14,"8,000",10.08,"80,640.00"
2020-12-30,2020123004001248,NMBHF1,7,57,161,10.08,"1,622.88"
2020-12-30,2020123004001140,NMBHF1,7,45,"4,161",10.08,"41,942.88"
2020-12-30,2020123004000999,NMBHF1,34,39,416,10.06,"4,184.96"
2020-12-30,2020123004000988,NMBHF1,34,39,832,10.06,"8,369.92"
2020-12-30,2020123004000966,NMBHF1,34,39,832,10.06,"8,369.92"
2020-12-30,2020123004000899,NMBHF1,17,34,832,10.05,"8,361.60"
2020-12-30,2020123004000871,NMBHF1,34,56,"1,015",10.10,"10,251.50"
2020-12-30,2020123004001146,RBCLPO,26,22,10,"13,934.00","139,340.00"
2020-12-30,2020123004001132,RBCLPO,43,28,10,"13,921.00","139,210.00"
2020-12-30,2020123004001100,RBCLPO,54,54,100,"13,900.00","1,390,000.00"
2020-12-30,2020123004001099,RBCLPO,54,6,10,"13,895.00","138,950.00"
2020-12-30,2020123004001098,RBCLPO,54,42,10,"13,890.00","138,900.00"
2020-12-30,2020123004001096,RBCLPO,43,42,10,"13,890.00","138,900.00"
2020-12-30,2020123004001262,SAEF,5,57,"10,000",11.22,"112,200.00"
2020-12-30,2020123004001253,SAEF,11,42,"1,000",11.25,"11,250.00"
2020-12-30,2020123004000959,SAEF,7,32,400,11.15,"4,460.00"
2020-12-30,2020123004000958,SAEF,34,32,100,11.21,"1,121.00"
2020-12-30,2020123004000902,SAEF,17,34,"65,500",11.37,"744,735.00"
2020-12-30,2020123004000901,SAEF,47,34,"17,000",11.39,"193,630.00"
2020-12-30,2020123004000900,SAEF,5,34,"7,800",11.41,"88,998.00"
2020-12-30,2020123004001263,SEF,35,57,"10,000",10.25,"102,500.00"
2020-12-30,2020123004001158,SEF,47,45,500,10.30,"5,150.00"
2020-12-30,2020123004001085,SEF,47,32,100,10.36,"1,036.00"
2020-12-30,2020123004000928,SFMF,10,58,100,10.28,"1,028.00"
2020-12-30,2020123004001368,SGI,34,58,10,558.00,"5,580.00"
2020-12-30,2020123004001362,SGI,34,58,10,558.00,"5,580.00"
2020-12-30,2020123004001357,SGI,34,50,10,558.00,"5,580.00"
2020-12-30,2020123004001351,SGI,34,33,10,558.00,"5,580.00"
2020-12-30,2020123004001348,SGI,34,18,10,558.00,"5,580.00"
2020-12-30,2020123004001345,SGI,34,42,10,558.00,"5,580.00"
2020-12-30,2020123004000883,SGI,20,45,10,557.00,"5,570.00"
2020-12-30,2020123004000880,SGI,20,58,10,557.00,"5,570.00"
2020-12-30,2020123004000878,SGI,20,58,10,557.00,"5,570.00"
2020-12-30,2020123004000876,SGI,20,58,10,557.00,"5,570.00"
2020-12-30,2020123004000870,SGI,20,52,10,557.00,"5,570.00"
2020-12-30,2020123004000869,SGI,20,22,10,557.00,"5,570.00"
2020-12-30,2020123004000897,SGI,28,22,10,558.00,"5,580.00"
2020-12-30,2020123004000895,SGI,28,47,10,558.00,"5,580.00"
2020-12-30,2020123004000893,SGI,20,33,10,557.00,"5,570.00"
2020-12-30,2020123004000892,SGI,20,22,10,557.00,"5,570.00"
2020-12-30,2020123004000886,SGI,20,34,10,557.00,"5,570.00"
2020-12-30,2020123004000884,SGI,20,38,10,557.00,"5,570.00"
2020-12-30,2020123004000917,SGI,28,38,10,558.00,"5,580.00"
2020-12-30,2020123004000916,SGI,28,34,10,558.00,"5,580.00"
2020-12-30,2020123004000910,SGI,28,38,10,558.00,"5,580.00"
2020-12-30,2020123004000908,SGI,28,58,10,558.00,"5,580.00"
2020-12-30,2020123004000907,SGI,28,22,10,558.00,"5,580.00"
2020-12-30,2020123004000904,SGI,28,52,10,558.00,"5,580.00"
2020-12-30,2020123004000933,SGI,28,16,10,558.00,"5,580.00"
2020-12-30,2020123004000930,SGI,28,38,10,558.00,"5,580.00"
2020-12-30,2020123004000927,SGI,28,32,10,558.00,"5,580.00"
2020-12-30,2020123004000926,SGI,28,38,10,558.00,"5,580.00"
2020-12-30,2020123004000924,SGI,28,34,10,558.00,"5,580.00"
2020-12-30,2020123004000923,SGI,28,32,10,558.00,"5,580.00"
2020-12-30,2020123004000951,SGI,28,59,10,558.00,"5,580.00"
2020-12-30,2020123004000949,SGI,28,58,10,558.00,"5,580.00"
2020-12-30,2020123004000943,SGI,28,11,10,558.00,"5,580.00"
2020-12-30,2020123004000942,SGI,28,39,10,558.00,"5,580.00"
2020-12-30,2020123004000939,SGI,28,34,10,558.00,"5,580.00"
2020-12-30,2020123004000938,SGI,28,32,10,558.00,"5,580.00"
2020-12-30,2020123004000970,SGI,20,38,10,557.00,"5,570.00"
2020-12-30,2020123004000969,SGI,28,11,10,558.00,"5,580.00"
2020-12-30,2020123004000967,SGI,28,42,10,558.00,"5,580.00"
2020-12-30,2020123004000962,SGI,28,39,10,558.00,"5,580.00"
2020-12-30,2020123004000961,SGI,28,41,10,558.00,"5,580.00"
2020-12-30,2020123004000960,SGI,28,39,10,558.00,"5,580.00"
2020-12-30,2020123004000977,SGI,29,44,10,560.00,"5,600.00"
2020-12-30,2020123004000976,SGI,29,42,10,560.00,"5,600.00"
2020-12-30,2020123004000975,SGI,29,51,10,560.00,"5,600.00"
2020-12-30,2020123004000974,SGI,29,3,10,559.00,"5,590.00"
2020-12-30,2020123004000973,SGI,20,16,10,557.00,"5,570.00"
2020-12-30,2020123004000972,SGI,20,38,10,557.00,"5,570.00"
2020-12-30,2020123004000986,SGI,29,38,10,560.00,"5,600.00"
2020-12-30,2020123004000982,SGI,29,59,10,560.00,"5,600.00"
2020-12-30,2020123004000981,SGI,29,21,100,560.00,"56,000.00"
2020-12-30,2020123004000980,SGI,29,49,10,560.00,"5,600.00"
2020-12-30,2020123004000979,SGI,29,44,10,560.00,"5,600.00"
2020-12-30,2020123004000978,SGI,29,42,10,560.00,"5,600.00"
2020-12-30,2020123004000998,SGI,29,17,10,560.00,"5,600.00"
2020-12-30,2020123004000994,SGI,29,39,10,560.00,"5,600.00"
2020-12-30,2020123004000993,SGI,29,57,10,560.00,"5,600.00"
2020-12-30,2020123004000991,SGI,29,40,10,560.00,"5,600.00"
2020-12-30,2020123004000989,SGI,29,16,10,560.00,"5,600.00"
2020-12-30,2020123004000987,SGI,29,26,10,560.00,"5,600.00"
2020-12-30,2020123004001008,SGI,29,21,10,561.00,"5,610.00"
2020-12-30,2020123004001007,SGI,29,49,570,561.00,"319,770.00"
2020-12-30,2020123004001006,SGI,29,44,10,560.00,"5,600.00"
2020-12-30,2020123004001005,SGI,29,45,10,560.00,"5,600.00"
2020-12-30,2020123004001002,SGI,26,49,150,561.00,"84,150.00"
2020-12-30,2020123004001000,SGI,29,42,10,560.00,"5,600.00"
2020-12-30,2020123004001022,SGI,29,13,10,560.00,"5,600.00"
2020-12-30,2020123004001021,SGI,29,26,10,560.00,"5,600.00"
2020-12-30,2020123004001019,SGI,29,50,10,560.00,"5,600.00"
2020-12-30,2020123004001018,SGI,29,40,10,560.00,"5,600.00"
2020-12-30,2020123004001011,SGI,29,58,10,561.00,"5,610.00"
2020-12-30,2020123004001009,SGI,29,35,10,561.00,"5,610.00"
2020-12-30,2020123004001054,SGI,58,58,10,561.00,"5,610.00"
2020-12-30,2020123004001053,SGI,58,58,10,561.00,"5,610.00"
2020-12-30,2020123004001052,SGI,58,44,10,561.00,"5,610.00"
2020-12-30,2020123004001050,SGI,29,17,10,560.00,"5,600.00"
2020-12-30,2020123004001036,SGI,29,42,10,560.00,"5,600.00"
2020-12-30,2020123004001024,SGI,29,42,10,560.00,"5,600.00"
2020-12-30,2020123004001063,SGI,29,3,10,562.00,"5,620.00"
2020-12-30,2020123004001062,SGI,29,44,10,562.00,"5,620.00"
2020-12-30,2020123004001061,SGI,29,35,10,562.00,"5,620.00"
2020-12-30,2020123004001060,SGI,29,58,10,562.00,"5,620.00"
2020-12-30,2020123004001059,SGI,29,41,10,561.00,"5,610.00"
2020-12-30,2020123004001055,SGI,55,35,10,561.00,"5,610.00"
2020-12-30,2020123004001090,SGI,39,16,10,558.00,"5,580.00"
2020-12-30,2020123004001088,SGI,39,36,10,558.00,"5,580.00"
2020-12-30,2020123004001084,SGI,55,41,10,561.00,"5,610.00"
2020-12-30,2020123004001083,SGI,55,36,10,561.00,"5,610.00"
2020-12-30,2020123004001082,SGI,55,43,10,561.00,"5,610.00"
2020-12-30,2020123004001081,SGI,55,45,10,561.00,"5,610.00"
2020-12-30,2020123004001143,SGI,38,38,10,559.00,"5,590.00"
2020-12-30,2020123004001137,SGI,39,29,10,558.00,"5,580.00"
2020-12-30,2020123004001126,SGI,39,29,10,558.00,"5,580.00"
2020-12-30,2020123004001123,SGI,39,53,10,558.00,"5,580.00"
2020-12-30,2020123004001106,SGI,39,37,10,558.00,"5,580.00"
2020-12-30,2020123004001102,SGI,39,37,10,558.00,"5,580.00"
2020-12-30,2020123004001164,SGI,51,22,10,558.00,"5,580.00"
2020-12-30,2020123004001163,SGI,17,38,10,558.00,"5,580.00"
2020-12-30,2020123004001157,SGI,39,53,10,558.00,"5,580.00"
2020-12-30,2020123004001156,SGI,39,43,10,558.00,"5,580.00"
2020-12-30,2020123004001153,SGI,39,14,10,558.00,"5,580.00"
2020-12-30,2020123004001147,SGI,38,38,10,559.00,"5,590.00"
2020-12-30,2020123004001182,SGI,47,45,10,558.00,"5,580.00"
2020-12-30,2020123004001179,SGI,47,26,10,558.00,"5,580.00"
2020-12-30,2020123004001177,SGI,47,38,10,558.00,"5,580.00"
2020-12-30,2020123004001176,SGI,47,44,10,558.00,"5,580.00"
2020-12-30,2020123004001175,SGI,51,38,10,558.00,"5,580.00"
2020-12-30,2020123004001174,SGI,51,38,10,558.00,"5,580.00"
2020-12-30,2020123004001192,SGI,20,50,10,557.00,"5,570.00"
2020-12-30,2020123004001191,SGI,20,21,10,557.00,"5,570.00"
2020-12-30,2020123004001190,SGI,20,10,10,557.00,"5,570.00"
2020-12-30,2020123004001187,SGI,20,22,10,557.00,"5,570.00"
2020-12-30,2020123004001184,SGI,20,38,10,557.00,"5,570.00"
2020-12-30,2020123004001183,SGI,47,38,10,558.00,"5,580.00"
2020-12-30,2020123004001204,SGI,20,57,10,557.00,"5,570.00"
2020-12-30,2020123004001202,SGI,26,38,20,558.00,"11,160.00"
2020-12-30,2020123004001200,SGI,26,26,10,558.00,"5,580.00"
2020-12-30,2020123004001199,SGI,26,45,10,558.00,"5,580.00"
2020-12-30,2020123004001196,SGI,26,10,10,558.00,"5,580.00"
2020-12-30,2020123004001193,SGI,20,53,10,557.00,"5,570.00"
2020-12-30,2020123004001259,SGI,20,16,10,557.00,"5,570.00"
2020-12-30,2020123004001245,SGI,20,55,10,557.00,"5,570.00"
2020-12-30,2020123004001244,SGI,20,3,10,557.00,"5,570.00"
2020-12-30,2020123004001243,SGI,20,3,10,557.00,"5,570.00"
2020-12-30,2020123004001242,SGI,3,38,20,558.00,"11,160.00"
2020-12-30,2020123004001241,SGI,20,22,10,557.00,"5,570.00"
2020-12-30,2020123004001270,SGI,20,44,10,557.00,"5,570.00"
2020-12-30,2020123004001268,SGI,20,44,10,557.00,"5,570.00"
2020-12-30,2020123004001267,SGI,20,32,10,557.00,"5,570.00"
2020-12-30,2020123004001265,SGI,20,44,10,557.00,"5,570.00"
2020-12-30,2020123004001264,SGI,20,38,10,557.00,"5,570.00"
2020-12-30,2020123004001260,SGI,26,38,20,558.00,"11,160.00"
2020-12-30,2020123004001287,SGI,34,16,10,558.00,"5,580.00"
2020-12-30,2020123004001286,SGI,34,46,10,558.00,"5,580.00"
2020-12-30,2020123004001279,SGI,34,42,10,558.00,"5,580.00"
2020-12-30,2020123004001278,SGI,34,38,40,558.00,"22,320.00"
2020-12-30,2020123004001277,SGI,16,44,10,557.00,"5,570.00"
2020-12-30,2020123004001276,SGI,20,44,10,557.00,"5,570.00"
2020-12-30,2020123004001298,SGI,34,8,10,558.00,"5,580.00"
2020-12-30,2020123004001297,SGI,34,38,10,558.00,"5,580.00"
2020-12-30,2020123004001295,SGI,34,19,10,558.00,"5,580.00"
2020-12-30,2020123004001294,SGI,34,58,10,558.00,"5,580.00"
2020-12-30,2020123004001291,SGI,34,16,10,558.00,"5,580.00"
2020-12-30,2020123004001290,SGI,34,19,10,558.00,"5,580.00"
2020-12-30,2020123004001313,SGI,51,19,10,559.00,"5,590.00"
2020-12-30,2020123004001309,SGI,51,45,10,559.00,"5,590.00"
2020-12-30,2020123004001308,SGI,51,39,10,559.00,"5,590.00"
2020-12-30,2020123004001307,SGI,34,42,10,558.00,"5,580.00"
2020-12-30,2020123004001305,SGI,34,37,10,558.00,"5,580.00"
2020-12-30,2020123004001300,SGI,34,49,10,558.00,"5,580.00"
2020-12-30,2020123004001328,SGI,34,18,10,558.00,"5,580.00"
2020-12-30,2020123004001325,SGI,34,19,10,558.00,"5,580.00"
2020-12-30,2020123004001324,SGI,34,58,10,558.00,"5,580.00"
2020-12-30,2020123004001323,SGI,34,13,10,558.00,"5,580.00"
2020-12-30,2020123004001315,SGI,34,13,10,558.00,"5,580.00"
2020-12-30,2020123004001314,SGI,34,13,10,558.00,"5,580.00"
2020-12-30,2020123004001338,SGI,4,51,10,560.00,"5,600.00"
2020-12-30,2020123004001337,SGI,4,48,10,560.00,"5,600.00"
2020-12-30,2020123004001336,SGI,4,41,10,560.00,"5,600.00"
2020-12-30,2020123004001335,SGI,4,14,10,560.00,"5,600.00"
2020-12-30,2020123004001334,SGI,34,32,10,558.00,"5,580.00"
2020-12-30,2020123004001330,SGI,34,38,10,558.00,"5,580.00"
2020-12-30,2020123004001344,SGI,4,34,210,560.00,"117,600.00"
2020-12-30,2020123004001343,SGI,4,38,10,560.00,"5,600.00"
2020-12-30,2020123004001342,SGI,4,51,10,560.00,"5,600.00"
2020-12-30,2020123004001341,SGI,4,38,10,560.00,"5,600.00"
2020-12-30,2020123004001340,SGI,4,25,10,560.00,"5,600.00"
2020-12-30,2020123004001339,SGI,4,52,10,560.00,"5,600.00"
2020-12-30,2020123004001332,STC,45,21,20,"5,710.00","114,200.00"
2020-12-30,2020123004001331,STC,34,21,50,"5,710.00","285,500.00"
2020-12-30,2020123004001271,STC,34,44,20,"5,710.00","114,200.00"
2020-12-30,2020123004001251,STC,56,25,50,"5,710.00","285,500.00"
2020-12-30,2020123004001240,STC,58,6,13,"5,710.00","74,230.00"
2020-12-30,2020123004001239,STC,58,51,10,"5,710.00","57,100.00"
2020-12-30,2020123004000965,STC,34,55,10,"5,533.00","55,330.00"
2020-12-30,2020123004000934,STC,26,25,50,"5,540.00","277,000.00"
2020-12-30,2020123004001087,STC,45,55,20,"5,500.00","110,000.00"
2020-12-30,2020123004001076,STC,58,50,20,"5,500.00","110,000.00"
2020-12-30,2020123004001075,STC,58,10,40,"5,495.00","219,800.00"
2020-12-30,2020123004001057,STC,38,10,50,"5,440.00","272,000.00"
2020-12-30,2020123004001056,STC,26,10,50,"5,440.00","272,000.00"
2020-12-30,2020123004001010,STC,38,55,50,"5,505.00","275,250.00"
2020-12-30,2020123004001214,STC,35,55,10,"5,610.00","56,100.00"
2020-12-30,2020123004001161,STC,16,49,10,"5,615.00","56,150.00"
2020-12-30,2020123004001155,STC,34,10,40,"5,609.00","224,360.00"
2020-12-30,2020123004001154,STC,34,58,10,"5,600.00","56,000.00"
2020-12-30,2020123004001141,STC,38,48,100,"5,510.00","551,000.00"
2020-12-30,2020123004001092,STC,45,55,10,"5,500.00","55,000.00"
2020-12-30,2020123004001220,STC,58,28,10,"5,639.00","56,390.00"
2020-12-30,2020123004001219,STC,58,28,270,"5,639.00","1,522,530.00"
2020-12-30,2020123004001218,STC,58,55,50,"5,636.00","281,800.00"
2020-12-30,2020123004001217,STC,58,54,10,"5,635.00","56,350.00"
2020-12-30,2020123004001216,STC,58,45,10,"5,625.00","56,250.00"
2020-12-30,2020123004001215,STC,58,38,10,"5,620.00","56,200.00"
2020-12-30,2020123004001226,STC,58,17,10,"5,700.00","57,000.00"
2020-12-30,2020123004001225,STC,58,49,20,"5,700.00","114,000.00"
2020-12-30,2020123004001224,STC,58,43,20,"5,699.00","113,980.00"
2020-12-30,2020123004001223,STC,58,17,10,"5,650.00","56,500.00"
2020-12-30,2020123004001222,STC,58,43,10,"5,644.00","56,440.00"
2020-12-30,2020123004001221,STC,58,28,206,"5,640.00","1,161,840.00"
2020-12-30,2020123004001232,STC,58,47,20,"5,710.00","114,200.00"
2020-12-30,2020123004001231,STC,58,25,10,"5,710.00","57,100.00"
2020-12-30,2020123004001230,STC,58,40,10,"5,710.00","57,100.00"
2020-12-30,2020123004001229,STC,58,59,165,"5,710.00","942,150.00"
2020-12-30,2020123004001228,STC,58,43,10,"5,709.00","57,090.00"
2020-12-30,2020123004001227,STC,58,39,10,"5,708.00","57,080.00"
2020-12-30,2020123004001238,STC,58,43,50,"5,710.00","285,500.00"
2020-12-30,2020123004001237,STC,58,32,25,"5,710.00","142,750.00"
2020-12-30,2020123004001236,STC,58,43,20,"5,710.00","114,200.00"
2020-12-30,2020123004001235,STC,58,7,20,"5,710.00","114,200.00"
2020-12-30,2020123004001234,STC,58,41,20,"5,710.00","114,200.00"
2020-12-30,2020123004001233,STC,58,40,10,"5,710.00","57,100.00"
2020-12-30,2020123004000771,BBC,36,53,20,"2,629.00","52,580.00"
2020-12-30,2020123004000762,BBC,36,33,35,"2,629.00","92,015.00"
2020-12-30,2020123004000761,BBC,33,33,20,"2,630.00","52,600.00"
2020-12-30,2020123004000656,BBC,16,14,10,"2,645.00","26,450.00"
2020-12-30,2020123004000606,BBC,42,44,10,"2,648.00","26,480.00"
2020-12-30,2020123004000579,BBC,55,44,20,"2,648.00","52,960.00"
2020-12-30,2020123004000390,BBC,1,44,10,"2,597.00","25,970.00"
2020-12-30,2020123004000578,BBC,55,55,20,"2,648.00","52,960.00"
2020-12-30,2020123004000501,BBC,1,22,10,"2,647.00","26,470.00"
2020-12-30,2020123004000463,BBC,17,20,150,"2,598.00","389,700.00"
2020-12-30,2020123004000417,BBC,7,20,20,"2,598.00","51,960.00"
2020-12-30,2020123004000412,BBC,14,20,30,"2,598.00","77,940.00"
2020-12-30,2020123004000395,BBC,54,44,10,"2,597.00","25,970.00"
2020-12-30,2020123004000460,CMF1,34,33,"2,000",9.85,"19,700.00"
2020-12-30,2020123004000372,CMF1,34,33,"1,000",9.85,"9,850.00"
2020-12-30,2020123004000866,GIC,52,43,10,534.00,"5,340.00"
2020-12-30,2020123004000864,GIC,53,22,10,534.00,"5,340.00"
2020-12-30,2020123004000863,GIC,53,55,10,534.00,"5,340.00"
2020-12-30,2020123004000862,GIC,53,28,10,534.00,"5,340.00"
2020-12-30,2020123004000856,GIC,17,25,10,535.00,"5,350.00"
2020-12-30,2020123004000843,GIC,17,45,10,535.00,"5,350.00"
2020-12-30,2020123004000378,GIC,21,26,10,535.00,"5,350.00"
2020-12-30,2020123004000377,GIC,21,16,10,535.00,"5,350.00"
2020-12-30,2020123004000376,GIC,52,43,10,536.00,"5,360.00"
2020-12-30,2020123004000375,GIC,52,45,120,536.00,"64,320.00"
2020-12-30,2020123004000374,GIC,45,38,10,534.00,"5,340.00"
2020-12-30,2020123004000396,GIC,45,6,10,534.00,"5,340.00"
2020-12-30,2020123004000394,GIC,45,57,10,534.00,"5,340.00"
2020-12-30,2020123004000387,GIC,45,59,10,535.00,"5,350.00"
2020-12-30,2020123004000386,GIC,52,57,10,535.00,"5,350.00"
2020-12-30,2020123004000381,GIC,52,32,10,535.00,"5,350.00"
2020-12-30,2020123004000380,GIC,45,16,10,535.00,"5,350.00"
2020-12-30,2020123004000430,GIC,28,6,90,536.00,"48,240.00"
2020-12-30,2020123004000404,GIC,3,42,10,535.00,"5,350.00"
2020-12-30,2020123004000401,GIC,3,16,10,535.00,"5,350.00"
2020-12-30,2020123004000400,GIC,3,37,10,535.00,"5,350.00"
2020-12-30,2020123004000399,GIC,21,59,10,534.00,"5,340.00"
2020-12-30,2020123004000398,GIC,52,32,10,535.00,"5,350.00"
2020-12-30,2020123004000443,GIC,59,58,10,535.00,"5,350.00"
2020-12-30,2020123004000442,GIC,58,25,40,536.00,"21,440.00"
2020-12-30,2020123004000441,GIC,58,4,10,536.00,"5,360.00"
2020-12-30,2020123004000435,GIC,3,51,10,535.00,"5,350.00"
2020-12-30,2020123004000434,GIC,3,26,10,535.00,"5,350.00"
2020-12-30,2020123004000431,GIC,28,49,10,536.00,"5,360.00"
2020-12-30,2020123004000457,GIC,59,38,10,535.00,"5,350.00"
2020-12-30,2020123004000452,GIC,59,38,10,535.00,"5,350.00"
2020-12-30,2020123004000450,GIC,59,38,10,535.00,"5,350.00"
2020-12-30,2020123004000447,GIC,59,54,10,535.00,"5,350.00"
2020-12-30,2020123004000446,GIC,59,38,10,535.00,"5,350.00"
2020-12-30,2020123004000444,GIC,59,14,10,535.00,"5,350.00"
2020-12-30,2020123004000471,GIC,59,39,10,535.00,"5,350.00"
2020-12-30,2020123004000466,GIC,59,38,10,535.00,"5,350.00"
2020-12-30,2020123004000462,GIC,59,33,10,535.00,"5,350.00"
2020-12-30,2020123004000461,GIC,59,38,10,535.00,"5,350.00"
2020-12-30,2020123004000459,GIC,59,38,10,535.00,"5,350.00"
2020-12-30,2020123004000458,GIC,59,38,10,535.00,"5,350.00"
2020-12-30,2020123004000481,GIC,59,38,10,535.00,"5,350.00"
2020-12-30,2020123004000480,GIC,59,38,10,535.00,"5,350.00"
2020-12-30,2020123004000478,GIC,59,40,10,535.00,"5,350.00"
2020-12-30,2020123004000477,GIC,59,38,10,535.00,"5,350.00"
2020-12-30,2020123004000474,GIC,59,38,10,535.00,"5,350.00"
2020-12-30,2020123004000472,GIC,59,38,10,535.00,"5,350.00"
2020-12-30,2020123004000496,GIC,26,34,10,535.00,"5,350.00"
2020-12-30,2020123004000495,GIC,26,54,10,535.00,"5,350.00"
2020-12-30,2020123004000491,GIC,26,36,10,535.00,"5,350.00"
2020-12-30,2020123004000489,GIC,26,54,10,535.00,"5,350.00"
2020-12-30,2020123004000488,GIC,26,55,10,535.00,"5,350.00"
2020-12-30,2020123004000482,GIC,59,38,10,535.00,"5,350.00"
2020-12-30,2020123004000530,GIC,26,36,10,535.00,"5,350.00"
2020-12-30,2020123004000525,GIC,26,36,10,535.00,"5,350.00"
2020-12-30,2020123004000523,GIC,34,6,10,537.00,"5,370.00"
2020-12-30,2020123004000522,GIC,26,25,10,535.00,"5,350.00"
2020-12-30,2020123004000503,GIC,26,42,10,535.00,"5,350.00"
2020-12-30,2020123004000499,GIC,26,38,10,535.00,"5,350.00"
2020-12-30,2020123004000545,GIC,52,38,155,537.00,"83,235.00"
2020-12-30,2020123004000544,GIC,32,57,10,535.00,"5,350.00"
2020-12-30,2020123004000535,GIC,42,38,80,537.00,"42,960.00"
2020-12-30,2020123004000534,GIC,42,39,10,537.00,"5,370.00"
2020-12-30,2020123004000533,GIC,42,50,10,537.00,"5,370.00"
2020-12-30,2020123004000532,GIC,32,13,10,535.00,"5,350.00"
2020-12-30,2020123004000567,GIC,21,54,10,534.00,"5,340.00"
2020-12-30,2020123004000556,GIC,6,59,10,535.00,"5,350.00"
2020-12-30,2020123004000555,GIC,26,54,10,535.00,"5,350.00"
2020-12-30,2020123004000553,GIC,32,34,10,535.00,"5,350.00"
2020-12-30,2020123004000552,GIC,32,54,10,535.00,"5,350.00"
2020-12-30,2020123004000551,GIC,32,4,10,535.00,"5,350.00"
2020-12-30,2020123004000605,GIC,21,56,10,534.00,"5,340.00"
2020-12-30,2020123004000602,GIC,21,41,10,534.00,"5,340.00"
2020-12-30,2020123004000601,GIC,21,51,10,534.00,"5,340.00"
2020-12-30,2020123004000598,GIC,21,29,10,534.00,"5,340.00"
2020-12-30,2020123004000571,GIC,21,59,10,534.00,"5,340.00"
2020-12-30,2020123004000568,GIC,21,54,10,534.00,"5,340.00"
2020-12-30,2020123004000628,GIC,21,32,10,535.00,"5,350.00"
2020-12-30,2020123004000626,GIC,42,57,10,537.00,"5,370.00"
2020-12-30,2020123004000625,GIC,42,16,10,537.00,"5,370.00"
2020-12-30,2020123004000624,GIC,42,38,20,537.00,"10,740.00"
2020-12-30,2020123004000614,GIC,21,25,10,534.00,"5,340.00"
2020-12-30,2020123004000608,GIC,21,53,10,534.00,"5,340.00"
2020-12-30,2020123004000645,GIC,51,42,10,535.00,"5,350.00"
2020-12-30,2020123004000644,GIC,51,19,10,535.00,"5,350.00"
2020-12-30,2020123004000638,GIC,51,52,10,535.00,"5,350.00"
2020-12-30,2020123004000637,GIC,51,6,10,535.00,"5,350.00"
2020-12-30,2020123004000635,GIC,51,29,10,535.00,"5,350.00"
2020-12-30,2020123004000630,GIC,21,38,10,535.00,"5,350.00"
2020-12-30,2020123004000665,GIC,33,38,10,534.00,"5,340.00"
2020-12-30,2020123004000659,GIC,33,38,10,534.00,"5,340.00"
2020-12-30,2020123004000658,GIC,45,16,10,534.00,"5,340.00"
2020-12-30,2020123004000657,GIC,45,35,10,534.00,"5,340.00"
2020-12-30,2020123004000655,GIC,45,38,10,534.00,"5,340.00"
2020-12-30,2020123004000650,GIC,45,38,10,534.00,"5,340.00"
2020-12-30,2020123004000699,GIC,48,57,10,535.00,"5,350.00"
2020-12-30,2020123004000693,GIC,48,28,10,535.00,"5,350.00"
2020-12-30,2020123004000689,GIC,34,47,10,534.00,"5,340.00"
2020-12-30,2020123004000685,GIC,34,51,10,534.00,"5,340.00"
2020-12-30,2020123004000681,GIC,34,44,10,534.00,"5,340.00"
2020-12-30,2020123004000674,GIC,33,16,10,534.00,"5,340.00"
2020-12-30,2020123004000722,GIC,48,38,10,535.00,"5,350.00"
2020-12-30,2020123004000721,GIC,48,32,10,535.00,"5,350.00"
2020-12-30,2020123004000717,GIC,48,38,10,535.00,"5,350.00"
2020-12-30,2020123004000711,GIC,48,38,10,535.00,"5,350.00"
2020-12-30,2020123004000704,GIC,48,38,10,535.00,"5,350.00"
2020-12-30,2020123004000703,GIC,48,13,10,535.00,"5,350.00"
2020-12-30,2020123004000755,GIC,11,57,150,535.00,"80,250.00"
2020-12-30,2020123004000754,GIC,11,52,10,535.00,"5,350.00"
2020-12-30,2020123004000751,GIC,34,38,10,534.00,"5,340.00"
2020-12-30,2020123004000750,GIC,34,35,10,534.00,"5,340.00"
2020-12-30,2020123004000739,GIC,48,10,10,535.00,"5,350.00"
2020-12-30,2020123004000725,GIC,48,57,10,535.00,"5,350.00"
2020-12-30,2020123004000787,GIC,17,34,10,535.00,"5,350.00"
2020-12-30,2020123004000780,GIC,17,22,10,535.00,"5,350.00"
2020-12-30,2020123004000779,GIC,58,38,10,535.00,"5,350.00"
2020-12-30,2020123004000778,GIC,34,51,10,534.00,"5,340.00"
2020-12-30,2020123004000770,GIC,34,51,10,534.00,"5,340.00"
2020-12-30,2020123004000768,GIC,34,57,10,534.00,"5,340.00"
2020-12-30,2020123004000807,GIC,17,39,10,535.00,"5,350.00"
2020-12-30,2020123004000806,GIC,17,17,10,535.00,"5,350.00"
2020-12-30,2020123004000797,GIC,17,38,10,535.00,"5,350.00"
2020-12-30,2020123004000795,GIC,17,26,10,535.00,"5,350.00"
2020-12-30,2020123004000792,GIC,17,57,10,535.00,"5,350.00"
2020-12-30,2020123004000791,GIC,17,32,10,535.00,"5,350.00"
2020-12-30,2020123004000839,GIC,17,38,10,535.00,"5,350.00"
2020-12-30,2020123004000835,GIC,17,22,10,535.00,"5,350.00"
2020-12-30,2020123004000823,GIC,17,22,10,535.00,"5,350.00"
2020-12-30,2020123004000814,GIC,17,57,10,535.00,"5,350.00"
2020-12-30,2020123004000813,GIC,17,34,10,535.00,"5,350.00"
2020-12-30,2020123004000812,GIC,17,26,10,535.00,"5,350.00"
2020-12-30,2020123004000848,GIMES1,7,58,400,11.21,"4,484.00"
2020-12-30,2020123004000753,GIMES1,17,21,"1,000",11.20,"11,200.00"
2020-12-30,2020123004000697,GIMES1,58,58,"1,600",11.21,"17,936.00"
2020-12-30,2020123004000858,LUK,34,32,400,9.20,"3,680.00"
2020-12-30,2020123004000827,LUK,58,32,200,9.20,"1,840.00"
2020-12-30,2020123004000800,LUK,58,38,100,9.20,920.00
2020-12-30,2020123004000752,LUK,28,32,600,9.15,"5,490.00"
2020-12-30,2020123004000698,LUK,34,6,500,9.20,"4,600.00"
2020-12-30,2020123004000692,LUK,45,6,500,9.20,"4,600.00"
2020-12-30,2020123004000473,LUK,28,26,100,9.07,907.00
2020-12-30,2020123004000547,MEGAPO,28,17,"10,654",126.00,"1,342,404.00"
2020-12-30,2020123004000528,MEGAPO,28,17,"3,552",126.00,"447,552.00"
2020-12-30,2020123004000498,MEGAPO,28,17,"4,735",126.00,"596,610.00"
2020-12-30,2020123004000798,NBF2,41,45,"1,000",9.75,"9,750.00"
2020-12-30,2020123004000789,NBF2,41,10,500,9.79,"4,895.00"
2020-12-30,2020123004000737,NBF2,41,54,200,9.60,"1,920.00"
2020-12-30,2020123004000730,NBF2,41,37,"1,550",9.45,"14,647.50"
2020-12-30,2020123004000688,NBF2,41,1,100,9.45,945.00
2020-12-30,2020123004000612,NBF2,41,1,100,9.58,958.00
2020-12-30,2020123004000550,NBF2,41,13,"2,000",9.77,"19,540.00"
2020-12-30,2020123004000470,NBF2,41,48,100,9.58,958.00
2020-12-30,2020123004000465,NBF2,41,1,200,9.58,"1,916.00"
2020-12-30,2020123004000464,NBF2,41,56,100,9.50,950.00
2020-12-30,2020123004000832,NEF,58,45,483,10.00,"4,830.00"
2020-12-30,2020123004000805,NEF,41,38,"5,000",10.18,"50,900.00"
2020-12-30,2020123004000742,NEF,17,50,"25,786",10.20,"263,017.20"
2020-12-30,2020123004000736,NEF,17,1,"2,736",10.20,"27,907.20"
2020-12-30,2020123004000727,NEF,17,10,"8,704",10.20,"88,780.80"
2020-12-30,2020123004000709,NEF,17,37,983,10.20,"10,026.60"
2020-12-30,2020123004000536,NEF,17,57,"4,505",10.17,"45,815.85"
2020-12-30,2020123004000502,NEF,41,22,"1,517",10.19,"15,458.23"
2020-12-30,2020123004000486,NEF,41,56,483,10.19,"4,921.77"
2020-12-30,2020123004000403,NEF,58,19,500,10.00,"5,000.00"
2020-12-30,2020123004000388,NEF,17,58,"2,414",9.99,"24,115.86"
2020-12-30,2020123004000543,NEF,17,58,500,10.20,"5,100.00"
2020-12-30,2020123004000541,NEF,17,54,"5,230",10.20,"53,346.00"
2020-12-30,2020123004000540,NEF,17,44,"26,268",10.19,"267,670.92"
2020-12-30,2020123004000539,NEF,17,35,"7,000",10.18,"71,260.00"
2020-12-30,2020123004000538,NEF,17,22,897,10.18,"9,131.46"
2020-12-30,2020123004000537,NEF,17,57,724,10.17,"7,363.08"
2020-12-30,2020123004000604,NEF,41,35,"1,414",10.37,"14,663.18"
2020-12-30,2020123004000599,NEF,41,35,"1,000",10.37,"10,370.00"
2020-12-30,2020123004000591,NEF,41,32,"1,738",10.35,"17,988.30"
2020-12-30,2020123004000590,NEF,17,36,"12,000",10.20,"122,400.00"
2020-12-30,2020123004000569,NEF,41,17,"1,678",10.38,"17,417.64"
2020-12-30,2020123004000557,NEF,17,28,"2,253",10.20,"22,980.60"
2020-12-30,2020123004000673,NEF,41,42,"2,414",10.30,"24,864.20"
2020-12-30,2020123004000642,NEF,41,1,"1,207",10.30,"12,432.10"
2020-12-30,2020123004000629,NEF,41,10,"1,296",10.35,"13,413.60"
2020-12-30,2020123004000623,NEF,41,46,"3,058",10.37,"31,711.46"
2020-12-30,2020123004000622,NEF,41,45,966,10.35,"9,998.10"
2020-12-30,2020123004000611,NEF,41,47,"1,000",10.35,"10,350.00"
2020-12-30,2020123004000775,NIBLPF,16,37,"2,525",10.24,"25,856.00"
2020-12-30,2020123004000774,NIBLPF,16,3,"2,523",10.24,"25,835.52"
2020-12-30,2020123004000757,NIBLPF,16,22,"2,525",10.23,"25,830.75"
2020-12-30,2020123004000747,NIBLPF,16,17,"5,000",10.22,"51,100.00"
2020-12-30,2020123004000744,NIBLPF,16,1,"1,729",10.21,"17,653.09"
2020-12-30,2020123004000613,NIBLPF,58,1,101,10.05,"1,015.05"
2020-12-30,2020123004000593,NIBLPF,58,57,"2,525",10.05,"25,376.25"
2020-12-30,2020123004000549,NIBLPF,58,32,"2,475",10.10,"24,997.50"
2020-12-30,2020123004000476,NIBLPF,6,57,"5,000",10.06,"50,300.00"
2020-12-30,2020123004000373,NIBLPF,58,5,"1,956",10.10,"19,755.60"
2020-12-30,2020123004000861,NIBPO,11,35,300,444.00,"133,200.00"
2020-12-30,2020123004000527,NIBPO,28,35,300,444.00,"133,200.00"
2020-12-30,2020123004000526,NIBPO,28,35,500,444.00,"222,000.00"
2020-12-30,2020123004000524,NIBPO,28,35,"1,000",444.00,"444,000.00"
2020-12-30,2020123004000468,NIBPO,49,35,200,444.00,"88,800.00"
2020-12-30,2020123004000563,NIBSF1,17,25,"2,500",11.35,"28,375.00"
2020-12-30,2020123004000562,NIBSF1,17,22,"19,700",11.35,"223,595.00"
2020-12-30,2020123004000561,NIBSF1,17,38,"3,695",11.34,"41,901.30"
2020-12-30,2020123004000560,NIBSF1,17,38,"3,695",11.34,"41,901.30"
2020-12-30,2020123004000559,NIBSF1,17,37,"4,000",11.34,"45,360.00"
2020-12-30,2020123004000429,NIBSF1,43,37,"1,000",11.34,"11,340.00"
2020-12-30,2020123004000564,NICBF,58,44,500,9.89,"4,945.00"
2020-12-30,2020123004000483,NICBF,28,42,460,9.82,"4,517.20"
2020-12-30,2020123004000796,NICGF,17,38,100,10.41,"1,041.00"
2020-12-30,2020123004000748,NICGF,17,34,300,10.41,"3,123.00"
2020-12-30,2020123004000627,NICGF,17,45,100,10.41,"1,041.00"
2020-12-30,2020123004000566,NICGF,47,32,"10,000",10.42,"104,200.00"
2020-12-30,2020123004000565,NICGF,47,38,500,10.42,"5,210.00"
2020-12-30,2020123004000508,NICGF,17,45,100,10.41,"1,041.00"
2020-12-30,2020123004000475,NICGF,17,33,"2,000",10.41,"20,820.00"
2020-12-30,2020123004000385,NICGF,17,33,900,10.40,"9,360.00"
2020-12-30,2020123004000384,NICGF,17,33,100,10.60,"1,060.00"
2020-12-30,2020123004000840,NMB50,34,26,100,10.22,"1,022.00"
2020-12-30,2020123004000841,NMBHF1,17,34,250,10.05,"2,512.50"
2020-12-30,2020123004000820,NMBHF1,17,35,"2,303",10.05,"23,145.15"
2020-12-30,2020123004000819,NMBHF1,34,35,397,10.05,"3,989.85"
2020-12-30,2020123004000760,NMBHF1,34,34,333,10.05,"3,346.65"
2020-12-30,2020123004000668,NMBHF1,34,16,416,10.05,"4,180.80"
2020-12-30,2020123004000641,NMBHF1,34,1,960,10.05,"9,648.00"
2020-12-30,2020123004000521,NMBHF1,34,11,416,10.05,"4,180.80"
2020-12-30,2020123004000519,NMBHF1,34,38,"2,478",10.05,"24,903.90"
2020-12-30,2020123004000518,NMBHF1,17,38,"1,683",10.19,"17,149.77"
2020-12-30,2020123004000487,NMBHF1,8,35,"3,745",10.20,"38,199.00"
2020-12-30,2020123004000416,NMBHF1,17,14,"1,168",10.19,"11,901.92"
2020-12-30,2020123004000389,NMBHF1,17,58,"4,161",10.19,"42,400.59"
2020-12-30,2020123004000600,RBCLPO,33,6,10,"13,985.00","139,850.00"
2020-12-30,2020123004000514,RBCLPO,33,28,10,"13,756.00","137,560.00"
2020-12-30,2020123004000513,RBCLPO,33,6,10,"13,700.00","137,000.00"
2020-12-30,2020123004000512,RBCLPO,33,33,10,"13,690.00","136,900.00"
2020-12-30,2020123004000511,RBCLPO,33,33,22,"13,500.00","297,000.00"
2020-12-30,2020123004000509,RBCLPO,26,42,10,"13,496.00","134,960.00"
2020-12-30,2020123004000467,RBCLPO,26,45,10,"13,490.00","134,900.00"
2020-12-30,2020123004000845,SAEF,5,38,200,11.41,"2,282.00"
2020-12-30,2020123004000838,SAEF,47,38,"1,500",11.42,"17,130.00"
2020-12-30,2020123004000837,SAEF,34,38,"3,000",11.42,"34,260.00"
2020-12-30,2020123004000834,SAEF,34,38,"6,000",11.42,"68,520.00"
2020-12-30,2020123004000817,SAEF,50,44,500,11.45,"5,725.00"
2020-12-30,2020123004000816,SAEF,50,44,500,11.45,"5,725.00"
2020-12-30,2020123004000422,SAEF,17,50,500,11.50,"5,750.00"
2020-12-30,2020123004000428,SAEF,17,34,"2,500",11.60,"29,000.00"
2020-12-30,2020123004000427,SAEF,17,26,"5,000",11.60,"58,000.00"
2020-12-30,2020123004000426,SAEF,17,49,"20,000",11.59,"231,800.00"
2020-12-30,2020123004000425,SAEF,17,13,"5,000",11.53,"57,650.00"
2020-12-30,2020123004000424,SAEF,17,17,500,11.53,"5,765.00"
2020-12-30,2020123004000423,SAEF,17,22,"1,000",11.52,"11,520.00"
2020-12-30,2020123004000738,SAEF,50,40,"5,000",11.43,"57,150.00"
2020-12-30,2020123004000707,SAEF,50,1,"2,500",11.43,"28,575.00"
2020-12-30,2020123004000691,SAEF,50,58,"1,000",11.50,"11,500.00"
2020-12-30,2020123004000690,SAEF,50,54,"1,000",11.50,"11,500.00"
2020-12-30,2020123004000572,SAEF,47,49,"3,000",11.39,"34,170.00"
2020-12-30,2020123004000548,SAEF,50,34,"2,000",11.38,"22,760.00"
2020-12-30,2020123004000402,SBLD2082,26,38,50,"1,058.00","52,900.00"
2020-12-30,2020123004000857,SEF,16,38,100,10.36,"1,036.00"
2020-12-30,2020123004000846,SEF,17,29,"89,800",10.40,"933,920.00"
2020-12-30,2020123004000811,SEF,17,35,"5,000",10.40,"52,000.00"
2020-12-30,2020123004000743,SEF,50,51,350,10.48,"3,668.00"
2020-12-30,2020123004000664,SEF,50,16,500,10.45,"5,225.00"
2020-12-30,2020123004000661,SEF,50,47,550,10.45,"5,747.50"
2020-12-30,2020123004000451,SEF,50,35,100,10.36,"1,036.00"
2020-12-30,2020123004000408,SEF,50,33,"2,000",10.36,"20,720.00"
2020-12-30,2020123004000391,SEF,50,32,"5,000",10.36,"51,800.00"
2020-12-30,2020123004000643,SEF,50,42,"3,000",10.45,"31,350.00"
2020-12-30,2020123004000639,SEF,17,40,"1,000",10.40,"10,400.00"
2020-12-30,2020123004000621,SEF,17,45,200,10.40,"2,080.00"
2020-12-30,2020123004000603,SEF,50,16,500,10.36,"5,180.00"
2020-12-30,2020123004000529,SEF,50,45,"1,000",10.36,"10,360.00"
2020-12-30,2020123004000484,SEF,50,33,"5,000",10.36,"51,800.00"
2020-12-30,2020123004000654,SFMF,58,38,"2,000",10.08,"20,160.00"
2020-12-30,2020123004000653,SFMF,58,49,100,10.08,"1,008.00"
2020-12-30,2020123004000652,SFMF,58,8,"1,000",10.00,"10,000.00"
2020-12-30,2020123004000651,SFMF,58,29,150,10.00,"1,500.00"
2020-12-30,2020123004000868,SGI,20,28,10,557.00,"5,570.00"
2020-12-30,2020123004000867,SGI,20,22,10,557.00,"5,570.00"
2020-12-30,2020123004000865,SGI,20,22,10,557.00,"5,570.00"
2020-12-30,2020123004000855,SGI,56,38,10,558.00,"5,580.00"
2020-12-30,2020123004000854,SGI,47,38,10,558.00,"5,580.00"
2020-12-30,2020123004000853,SGI,47,38,10,558.00,"5,580.00"
2020-12-30,2020123004000370,SGI,47,42,10,560.00,"5,600.00"
2020-12-30,2020123004000369,SGI,47,42,10,560.00,"5,600.00"
2020-12-30,2020123004000393,SGI,47,49,10,560.00,"5,600.00"
2020-12-30,2020123004000392,SGI,47,58,10,560.00,"5,600.00"
2020-12-30,2020123004000383,SGI,47,32,10,560.00,"5,600.00"
2020-12-30,2020123004000382,SGI,47,59,10,560.00,"5,600.00"
2020-12-30,2020123004000379,SGI,47,34,10,560.00,"5,600.00"
2020-12-30,2020123004000371,SGI,47,42,10,560.00,"5,600.00"
2020-12-30,2020123004000410,SGI,26,38,10,561.00,"5,610.00"
2020-12-30,2020123004000409,SGI,26,14,10,561.00,"5,610.00"
2020-12-30,2020123004000407,SGI,26,7,10,561.00,"5,610.00"
2020-12-30,2020123004000406,SGI,26,46,10,561.00,"5,610.00"
2020-12-30,2020123004000405,SGI,47,45,10,560.00,"5,600.00"
2020-12-30,2020123004000397,SGI,47,59,10,560.00,"5,600.00"
2020-12-30,2020123004000432,SGI,47,16,10,560.00,"5,600.00"
2020-12-30,2020123004000421,SGI,47,38,10,560.00,"5,600.00"
2020-12-30,2020123004000420,SGI,47,42,10,560.00,"5,600.00"
2020-12-30,2020123004000419,SGI,37,13,50,561.00,"28,050.00"
2020-12-30,2020123004000418,SGI,26,13,50,561.00,"28,050.00"
2020-12-30,2020123004000411,SGI,26,21,10,561.00,"5,610.00"
2020-12-30,2020123004000440,SGI,47,34,10,560.00,"5,600.00"
2020-12-30,2020123004000439,SGI,47,34,10,560.00,"5,600.00"
2020-12-30,2020123004000438,SGI,47,34,10,560.00,"5,600.00"
2020-12-30,2020123004000437,SGI,47,10,10,560.00,"5,600.00"
2020-12-30,2020123004000436,SGI,47,34,10,560.00,"5,600.00"
2020-12-30,2020123004000433,SGI,11,38,10,561.00,"5,610.00"
2020-12-30,2020123004000505,SGI,20,29,10,562.00,"5,620.00"
2020-12-30,2020123004000504,SGI,22,57,10,561.00,"5,610.00"
2020-12-30,2020123004000497,SGI,22,54,10,561.00,"5,610.00"
2020-12-30,2020123004000492,SGI,22,36,10,561.00,"5,610.00"
2020-12-30,2020123004000469,SGI,47,4,10,560.00,"5,600.00"
2020-12-30,2020123004000449,SGI,47,54,10,560.00,"5,600.00"
2020-12-30,2020123004000517,SGI,22,42,10,561.00,"5,610.00"
2020-12-30,2020123004000516,SGI,22,35,10,561.00,"5,610.00"
2020-12-30,2020123004000515,SGI,22,11,10,561.00,"5,610.00"
2020-12-30,2020123004000510,SGI,20,59,10,562.00,"5,620.00"
2020-12-30,2020123004000507,SGI,20,57,10,562.00,"5,620.00"
2020-12-30,2020123004000506,SGI,20,16,10,562.00,"5,620.00"
2020-12-30,2020123004000558,SGI,32,57,10,562.00,"5,620.00"
2020-12-30,2020123004000554,SGI,32,38,10,562.00,"5,620.00"
2020-12-30,2020123004000546,SGI,32,38,10,562.00,"5,620.00"
2020-12-30,2020123004000542,SGI,32,36,10,562.00,"5,620.00"
2020-12-30,2020123004000531,SGI,32,4,10,562.00,"5,620.00"
2020-12-30,2020123004000520,SGI,32,8,10,562.00,"5,620.00"
2020-12-30,2020123004000584,SGI,58,34,10,563.00,"5,630.00"
2020-12-30,2020123004000583,SGI,58,34,10,563.00,"5,630.00"
2020-12-30,2020123004000582,SGI,58,34,10,563.00,"5,630.00"
2020-12-30,2020123004000581,SGI,58,34,10,563.00,"5,630.00"
2020-12-30,2020123004000580,SGI,22,58,10,561.00,"5,610.00"
2020-12-30,2020123004000570,SGI,32,42,10,562.00,"5,620.00"
2020-12-30,2020123004000592,SGI,58,36,10,563.00,"5,630.00"
2020-12-30,2020123004000589,SGI,58,42,10,563.00,"5,630.00"
2020-12-30,2020123004000588,SGI,58,14,10,563.00,"5,630.00"
2020-12-30,2020123004000587,SGI,58,43,10,563.00,"5,630.00"
2020-12-30,2020123004000586,SGI,58,6,10,563.00,"5,630.00"
2020-12-30,2020123004000585,SGI,58,57,10,563.00,"5,630.00"
2020-12-30,2020123004000662,SGI,58,44,10,563.00,"5,630.00"
2020-12-30,2020123004000660,SGI,58,8,10,563.00,"5,630.00"
2020-12-30,2020123004000649,SGI,58,29,10,563.00,"5,630.00"
2020-12-30,2020123004000648,SGI,58,38,10,563.00,"5,630.00"
2020-12-30,2020123004000646,SGI,58,19,10,563.00,"5,630.00"
2020-12-30,2020123004000636,SGI,58,58,10,563.00,"5,630.00"
2020-12-30,2020123004000675,SGI,58,38,10,563.00,"5,630.00"
2020-12-30,2020123004000670,SGI,58,38,10,563.00,"5,630.00"
2020-12-30,2020123004000669,SGI,58,38,10,563.00,"5,630.00"
2020-12-30,2020123004000667,SGI,58,16,10,563.00,"5,630.00"
2020-12-30,2020123004000666,SGI,58,38,10,563.00,"5,630.00"
2020-12-30,2020123004000663,SGI,58,38,10,563.00,"5,630.00"
2020-12-30,2020123004000694,SGI,58,38,10,563.00,"5,630.00"
2020-12-30,2020123004000687,SGI,58,41,10,563.00,"5,630.00"
2020-12-30,2020123004000682,SGI,58,38,10,563.00,"5,630.00"
2020-12-30,2020123004000680,SGI,58,38,10,563.00,"5,630.00"
2020-12-30,2020123004000679,SGI,58,25,10,563.00,"5,630.00"
2020-12-30,2020123004000676,SGI,58,44,10,563.00,"5,630.00"
2020-12-30,2020123004000708,SGI,58,38,10,563.00,"5,630.00"
2020-12-30,2020123004000706,SGI,58,59,10,563.00,"5,630.00"
2020-12-30,2020123004000705,SGI,58,38,10,563.00,"5,630.00"
2020-12-30,2020123004000702,SGI,58,38,10,563.00,"5,630.00"
2020-12-30,2020123004000701,SGI,58,19,10,563.00,"5,630.00"
2020-12-30,2020123004000696,SGI,58,38,10,563.00,"5,630.00"
2020-12-30,2020123004000719,SGI,26,38,10,561.00,"5,610.00"
2020-12-30,2020123004000716,SGI,26,49,10,561.00,"5,610.00"
2020-12-30,2020123004000715,SGI,26,38,10,561.00,"5,610.00"
2020-12-30,2020123004000714,SGI,22,38,10,561.00,"5,610.00"
2020-12-30,2020123004000713,SGI,22,38,10,561.00,"5,610.00"
2020-12-30,2020123004000712,SGI,22,13,10,561.00,"5,610.00"
2020-12-30,2020123004000731,SGI,26,47,10,561.00,"5,610.00"
2020-12-30,2020123004000729,SGI,26,38,10,561.00,"5,610.00"
2020-12-30,2020123004000728,SGI,26,38,10,561.00,"5,610.00"
2020-12-30,2020123004000726,SGI,26,38,10,561.00,"5,610.00"
2020-12-30,2020123004000724,SGI,26,13,10,561.00,"5,610.00"
2020-12-30,2020123004000723,SGI,26,44,10,561.00,"5,610.00"
2020-12-30,2020123004000745,SGI,22,38,10,560.00,"5,600.00"
2020-12-30,2020123004000741,SGI,26,49,70,561.00,"39,270.00"
2020-12-30,2020123004000740,SGI,26,34,10,561.00,"5,610.00"
2020-12-30,2020123004000735,SGI,26,38,10,561.00,"5,610.00"
2020-12-30,2020123004000733,SGI,26,45,10,561.00,"5,610.00"
2020-12-30,2020123004000732,SGI,26,42,10,561.00,"5,610.00"
2020-12-30,2020123004000765,SGI,22,34,10,560.00,"5,600.00"
2020-12-30,2020123004000764,SGI,22,38,10,560.00,"5,600.00"
2020-12-30,2020123004000759,SGI,22,55,10,560.00,"5,600.00"
2020-12-30,2020123004000756,SGI,22,38,10,560.00,"5,600.00"
2020-12-30,2020123004000749,SGI,22,38,10,560.00,"5,600.00"
2020-12-30,2020123004000746,SGI,22,38,10,560.00,"5,600.00"
2020-12-30,2020123004000776,SGI,22,38,10,560.00,"5,600.00"
2020-12-30,2020123004000773,SGI,22,38,10,560.00,"5,600.00"
2020-12-30,2020123004000772,SGI,22,38,10,560.00,"5,600.00"
2020-12-30,2020123004000769,SGI,22,38,10,560.00,"5,600.00"
2020-12-30,2020123004000767,SGI,22,38,10,560.00,"5,600.00"
2020-12-30,2020123004000766,SGI,22,38,10,560.00,"5,600.00"
2020-12-30,2020123004000785,SGI,22,38,10,560.00,"5,600.00"
2020-12-30,2020123004000784,SGI,22,38,10,560.00,"5,600.00"
2020-12-30,2020123004000783,SGI,22,22,10,560.00,"5,600.00"
2020-12-30,2020123004000782,SGI,22,38,10,560.00,"5,600.00"
2020-12-30,2020123004000781,SGI,22,38,10,560.00,"5,600.00"
2020-12-30,2020123004000777,SGI,22,38,10,560.00,"5,600.00"
2020-12-30,2020123004000799,SGI,38,49,10,561.00,"5,610.00"
2020-12-30,2020123004000794,SGI,21,8,10,560.00,"5,600.00"
2020-12-30,2020123004000793,SGI,21,35,10,560.00,"5,600.00"
2020-12-30,2020123004000790,SGI,21,38,10,560.00,"5,600.00"
2020-12-30,2020123004000788,SGI,21,38,10,560.00,"5,600.00"
2020-12-30,2020123004000786,SGI,22,38,10,560.00,"5,600.00"
2020-12-30,2020123004000810,SGI,38,22,10,560.00,"5,600.00"
2020-12-30,2020123004000809,SGI,38,46,10,560.00,"5,600.00"
2020-12-30,2020123004000804,SGI,38,39,70,560.00,"39,200.00"
2020-12-30,2020123004000803,SGI,49,39,40,560.00,"22,400.00"
2020-12-30,2020123004000802,SGI,49,57,10,560.00,"5,600.00"
2020-12-30,2020123004000801,SGI,21,38,10,560.00,"5,600.00"
2020-12-30,2020123004000826,SGI,11,45,20,558.00,"11,160.00"
2020-12-30,2020123004000825,SGI,37,45,30,558.00,"16,740.00"
2020-12-30,2020123004000824,SGI,11,26,10,558.00,"5,580.00"
2020-12-30,2020123004000822,SGI,11,38,10,558.00,"5,580.00"
2020-12-30,2020123004000818,SGI,11,38,10,558.00,"5,580.00"
2020-12-30,2020123004000815,SGI,38,45,10,560.00,"5,600.00"
2020-12-30,2020123004000842,SGI,47,38,10,558.00,"5,580.00"
2020-12-30,2020123004000833,SGI,47,38,10,558.00,"5,580.00"
2020-12-30,2020123004000831,SGI,11,45,10,558.00,"5,580.00"
2020-12-30,2020123004000830,SGI,11,17,10,558.00,"5,580.00"
2020-12-30,2020123004000829,SGI,11,56,10,558.00,"5,580.00"
2020-12-30,2020123004000828,SGI,11,38,10,558.00,"5,580.00"
2020-12-30,2020123004000852,SGI,47,25,10,558.00,"5,580.00"
2020-12-30,2020123004000851,SGI,47,38,10,558.00,"5,580.00"
2020-12-30,2020123004000850,SGI,47,55,10,558.00,"5,580.00"
2020-12-30,2020123004000849,SGI,47,38,10,558.00,"5,580.00"
2020-12-30,2020123004000847,SGI,47,38,10,558.00,"5,580.00"
2020-12-30,2020123004000844,SGI,47,38,10,558.00,"5,580.00"
2020-12-30,2020123004000610,SLICLP,44,55,"50,000",310.00,"15,500,000.00"
2020-12-30,2020123004000860,STC,38,21,25,"5,645.00","141,125.00"
2020-12-30,2020123004000859,STC,38,26,10,"5,645.00","56,450.00"
2020-12-30,2020123004000836,STC,25,26,10,"5,645.00","56,450.00"
2020-12-30,2020123004000821,STC,41,26,10,"5,645.00","56,450.00"
2020-12-30,2020123004000808,STC,42,25,10,"5,600.00","56,000.00"
2020-12-30,2020123004000763,STC,26,22,10,"5,600.00","56,000.00"
2020-12-30,2020123004000445,STC,10,33,10,"5,289.00","52,890.00"
2020-12-30,2020123004000415,STC,52,6,10,"5,289.00","52,890.00"
2020-12-30,2020123004000414,STC,52,33,10,"5,289.00","52,890.00"
2020-12-30,2020123004000413,STC,52,22,10,"5,250.00","52,500.00"
2020-12-30,2020123004000479,STC,7,3,10,"5,393.00","53,930.00"
2020-12-30,2020123004000456,STC,58,35,10,"5,294.00","52,940.00"
2020-12-30,2020123004000455,STC,58,36,60,"5,294.00","317,640.00"
2020-12-30,2020123004000454,STC,58,10,83,"5,293.00","439,319.00"
2020-12-30,2020123004000453,STC,58,10,100,"5,293.00","529,300.00"
2020-12-30,2020123004000448,STC,10,55,30,"5,290.00","158,700.00"
2020-12-30,2020123004000573,STC,39,22,10,"5,498.00","54,980.00"
2020-12-30,2020123004000500,STC,7,33,10,"5,398.00","53,980.00"
2020-12-30,2020123004000494,STC,56,50,15,"5,406.00","81,090.00"
2020-12-30,2020123004000493,STC,56,41,10,"5,406.00","54,060.00"
2020-12-30,2020123004000490,STC,41,25,20,"5,399.00","107,980.00"
2020-12-30,2020123004000485,STC,56,17,10,"5,300.00","53,000.00"
2020-12-30,2020123004000595,STC,39,45,10,"5,505.00","55,050.00"
2020-12-30,2020123004000594,STC,39,41,10,"5,504.00","55,040.00"
2020-12-30,2020123004000577,STC,39,58,10,"5,504.00","55,040.00"
2020-12-30,2020123004000576,STC,39,56,10,"5,500.00","55,000.00"
2020-12-30,2020123004000575,STC,39,58,10,"5,500.00","55,000.00"
2020-12-30,2020123004000574,STC,39,33,10,"5,499.00","54,990.00"
2020-12-30,2020123004000616,STC,38,39,10,"5,710.00","57,100.00"
2020-12-30,2020123004000615,STC,38,25,10,"5,710.00","57,100.00"
2020-12-30,2020123004000609,STC,38,22,10,"5,614.00","56,140.00"
2020-12-30,2020123004000607,STC,38,11,17,"5,614.00","95,438.00"
2020-12-30,2020123004000597,STC,39,56,10,"5,505.00","55,050.00"
2020-12-30,2020123004000596,STC,39,1,20,"5,505.00","110,100.00"
2020-12-30,2020123004000632,STC,46,25,10,"5,710.00","57,100.00"
2020-12-30,2020123004000631,STC,46,25,10,"5,710.00","57,100.00"
2020-12-30,2020123004000620,STC,38,1,10,"5,710.00","57,100.00"
2020-12-30,2020123004000619,STC,38,22,10,"5,710.00","57,100.00"
2020-12-30,2020123004000618,STC,38,25,10,"5,710.00","57,100.00"
2020-12-30,2020123004000617,STC,38,59,10,"5,710.00","57,100.00"
2020-12-30,2020123004000672,STC,39,32,40,"5,710.00","228,400.00"
2020-12-30,2020123004000671,STC,39,39,10,"5,710.00","57,100.00"
2020-12-30,2020123004000647,STC,38,25,10,"5,710.00","57,100.00"
2020-12-30,2020123004000640,STC,26,25,10,"5,710.00","57,100.00"
2020-12-30,2020123004000634,STC,39,25,10,"5,710.00","57,100.00"
2020-12-30,2020123004000633,STC,39,39,10,"5,710.00","57,100.00"
2020-12-30,2020123004000695,STC,38,59,10,"5,710.00","57,100.00"
2020-12-30,2020123004000686,STC,29,59,100,"5,710.00","571,000.00"
2020-12-30,2020123004000684,STC,38,32,10,"5,710.00","57,100.00"
2020-12-30,2020123004000683,STC,5,32,10,"5,710.00","57,100.00"
2020-12-30,2020123004000678,STC,5,32,50,"5,710.00","285,500.00"
2020-12-30,2020123004000677,STC,59,32,10,"5,710.00","57,100.00"
2020-12-30,2020123004000758,STC,37,25,20,"5,650.00","113,000.00"
2020-12-30,2020123004000734,STC,5,59,50,"5,710.00","285,500.00"
2020-12-30,2020123004000720,STC,56,59,15,"5,710.00","85,650.00"
2020-12-30,2020123004000718,STC,26,59,50,"5,710.00","285,500.00"
2020-12-30,2020123004000710,STC,26,59,100,"5,710.00","571,000.00"
2020-12-30,2020123004000700,STC,39,59,10,"5,710.00","57,100.00"
2020-12-30,2020123003012742,ALBSL,40,43,10,979.00,"9,790.00"
2020-12-30,2020123004000363,BBC,7,42,10,"2,548.00","25,480.00"
2020-12-30,2020123003012803,BFC,47,42,20,132.00,"2,640.00"
2020-12-30,2020123003012759,CBBL,25,33,20,"1,174.00","23,480.00"
2020-12-30,2020123004000247,CCBLPO,34,37,"60,910",112.00,"6,821,920.00"
2020-12-30,2020123004000089,CCBLPO,34,33,"30,268",112.00,"3,390,016.00"
2020-12-30,2020123004000149,CMF1,38,56,500,9.80,"4,900.00"
2020-12-30,2020123004000080,CMF1,53,33,"1,000",9.67,"9,670.00"
2020-12-30,2020123004000016,CMF1,25,19,100,9.66,966.00
2020-12-30,2020123003012835,DDBL,53,34,48,"1,410.00","67,680.00"
2020-12-30,2020123003012834,DDBL,53,34,67,"1,410.00","94,470.00"
2020-12-30,2020123003012833,DDBL,53,32,85,"1,409.00","119,765.00"
2020-12-30,2020123003012823,DDBL,42,35,50,"1,409.00","70,450.00"
2020-12-30,2020123003012804,FMDBL,56,16,100,585.00,"58,500.00"
2020-12-30,2020123003012755,FMDBL,52,26,10,587.00,"5,870.00"
2020-12-30,2020123003012754,FMDBL,52,41,90,587.00,"52,830.00"
2020-12-30,2020123003012707,GBLBS,56,34,200,584.00,"116,800.00"
2020-12-30,2020123004000362,GIC,22,49,10,535.00,"5,350.00"
2020-12-30,2020123004000360,GIC,38,45,110,536.00,"58,960.00"
2020-12-30,2020123004000351,GIC,38,32,10,536.00,"5,360.00"
2020-12-30,2020123004000350,GIC,38,40,10,536.00,"5,360.00"
2020-12-30,2020123004000348,GIC,38,48,10,536.00,"5,360.00"
2020-12-30,2020123004000347,GIC,38,7,10,536.00,"5,360.00"
2020-12-30,2020123004000020,GIC,38,53,10,534.00,"5,340.00"
2020-12-30,2020123004000019,GIC,38,47,10,534.00,"5,340.00"
2020-12-30,2020123004000006,GIC,42,58,10,535.00,"5,350.00"
2020-12-30,2020123004000003,GIC,45,25,10,540.00,"5,400.00"
2020-12-30,2020123004000001,GIC,42,4,10,535.00,"5,350.00"
2020-12-30,2020123004000035,GIC,38,45,10,535.00,"5,350.00"
2020-12-30,2020123004000032,GIC,38,47,10,535.00,"5,350.00"
2020-12-30,2020123004000030,GIC,38,45,10,535.00,"5,350.00"
2020-12-30,2020123004000028,GIC,38,6,10,535.00,"5,350.00"
2020-12-30,2020123004000027,GIC,38,53,10,535.00,"5,350.00"
2020-12-30,2020123004000024,GIC,38,45,10,535.00,"5,350.00"
2020-12-30,2020123004000051,GIC,49,41,10,536.00,"5,360.00"
2020-12-30,2020123004000047,GIC,49,4,10,536.00,"5,360.00"
2020-12-30,2020123004000046,GIC,49,48,10,536.00,"5,360.00"
2020-12-30,2020123004000041,GIC,45,46,10,535.00,"5,350.00"
2020-12-30,2020123004000038,GIC,17,34,10,540.00,"5,400.00"
2020-12-30,2020123004000036,GIC,45,42,10,535.00,"5,350.00"
2020-12-30,2020123004000074,GIC,45,59,10,535.00,"5,350.00"
2020-12-30,2020123004000073,GIC,45,38,10,535.00,"5,350.00"
2020-12-30,2020123004000071,GIC,45,1,10,535.00,"5,350.00"
2020-12-30,2020123004000069,GIC,45,26,10,535.00,"5,350.00"
2020-12-30,2020123004000056,GIC,45,56,10,535.00,"5,350.00"
2020-12-30,2020123004000055,GIC,49,4,10,536.00,"5,360.00"
2020-12-30,2020123004000094,GIC,52,58,10,535.00,"5,350.00"
2020-12-30,2020123004000093,GIC,52,57,10,535.00,"5,350.00"
2020-12-30,2020123004000084,GIC,52,22,10,535.00,"5,350.00"
2020-12-30,2020123004000083,GIC,45,47,10,535.00,"5,350.00"
2020-12-30,2020123004000076,GIC,45,7,10,535.00,"5,350.00"
2020-12-30,2020123004000075,GIC,45,52,10,535.00,"5,350.00"
2020-12-30,2020123004000114,GIC,28,4,10,536.00,"5,360.00"
2020-12-30,2020123004000112,GIC,52,52,10,535.00,"5,350.00"
2020-12-30,2020123004000105,GIC,52,48,10,535.00,"5,350.00"
2020-12-30,2020123004000098,GIC,52,48,10,535.00,"5,350.00"
2020-12-30,2020123004000097,GIC,52,57,10,535.00,"5,350.00"
2020-12-30,2020123004000095,GIC,52,37,55,535.00,"29,425.00"
2020-12-30,2020123004000125,GIC,52,52,10,535.00,"5,350.00"
2020-12-30,2020123004000123,GIC,52,38,10,535.00,"5,350.00"
2020-12-30,2020123004000122,GIC,52,47,10,535.00,"5,350.00"
2020-12-30,2020123004000120,GIC,52,21,10,535.00,"5,350.00"
2020-12-30,2020123004000116,GIC,52,57,10,535.00,"5,350.00"
2020-12-30,2020123004000115,GIC,28,57,10,536.00,"5,360.00"
2020-12-30,2020123004000141,GIC,45,21,10,536.00,"5,360.00"
2020-12-30,2020123004000133,GIC,45,48,10,536.00,"5,360.00"
2020-12-30,2020123004000131,GIC,45,57,10,536.00,"5,360.00"
2020-12-30,2020123004000130,GIC,45,48,10,536.00,"5,360.00"
2020-12-30,2020123004000127,GIC,52,38,10,535.00,"5,350.00"
2020-12-30,2020123004000126,GIC,52,7,10,535.00,"5,350.00"
2020-12-30,2020123004000162,GIC,45,11,10,536.00,"5,360.00"
2020-12-30,2020123004000153,GIC,45,48,10,536.00,"5,360.00"
2020-12-30,2020123004000151,GIC,45,52,10,536.00,"5,360.00"
2020-12-30,2020123004000147,GIC,45,38,10,536.00,"5,360.00"
2020-12-30,2020123004000143,GIC,45,48,10,536.00,"5,360.00"
2020-12-30,2020123004000142,GIC,45,42,10,536.00,"5,360.00"
2020-12-30,2020123004000175,GIC,22,52,10,536.00,"5,360.00"
2020-12-30,2020123004000173,GIC,38,28,10,537.00,"5,370.00"
2020-12-30,2020123004000168,GIC,38,39,10,537.00,"5,370.00"
2020-12-30,2020123004000165,GIC,22,6,10,536.00,"5,360.00"
2020-12-30,2020123004000164,GIC,52,47,10,537.00,"5,370.00"
2020-12-30,2020123004000163,GIC,52,38,10,537.00,"5,370.00"
2020-12-30,2020123004000193,GIC,22,52,10,536.00,"5,360.00"
2020-12-30,2020123004000192,GIC,8,48,10,538.00,"5,380.00"
2020-12-30,2020123004000190,GIC,22,45,10,536.00,"5,360.00"
2020-12-30,2020123004000189,GIC,22,52,10,536.00,"5,360.00"
2020-12-30,2020123004000187,GIC,22,35,10,536.00,"5,360.00"
2020-12-30,2020123004000182,GIC,22,40,10,536.00,"5,360.00"
2020-12-30,2020123004000211,GIC,22,1,10,536.00,"5,360.00"
2020-12-30,2020123004000202,GIC,22,49,10,536.00,"5,360.00"
2020-12-30,2020123004000201,GIC,22,57,10,536.00,"5,360.00"
2020-12-30,2020123004000200,GIC,22,45,10,536.00,"5,360.00"
2020-12-30,2020123004000196,GIC,22,5,10,536.00,"5,360.00"
2020-12-30,2020123004000194,GIC,22,5,10,536.00,"5,360.00"
2020-12-30,2020123004000219,GIC,22,40,10,536.00,"5,360.00"
2020-12-30,2020123004000218,GIC,22,44,10,536.00,"5,360.00"
2020-12-30,2020123004000215,GIC,22,42,10,536.00,"5,360.00"
2020-12-30,2020123004000214,GIC,22,16,10,536.00,"5,360.00"
2020-12-30,2020123004000213,GIC,36,56,10,537.00,"5,370.00"
2020-12-30,2020123004000212,GIC,22,28,10,536.00,"5,360.00"
2020-12-30,2020123004000253,GIC,13,44,10,536.00,"5,360.00"
2020-12-30,2020123004000243,GIC,52,38,10,535.00,"5,350.00"
2020-12-30,2020123004000236,GIC,52,40,10,535.00,"5,350.00"
2020-12-30,2020123004000230,GIC,52,57,10,535.00,"5,350.00"
2020-12-30,2020123004000228,GIC,22,45,10,536.00,"5,360.00"
2020-12-30,2020123004000226,GIC,22,57,110,536.00,"58,960.00"
2020-12-30,2020123004000274,GIC,20,47,10,536.00,"5,360.00"
2020-12-30,2020123004000271,GIC,20,17,10,536.00,"5,360.00"
2020-12-30,2020123004000270,GIC,20,17,10,536.00,"5,360.00"
2020-12-30,2020123004000263,GIC,20,34,10,536.00,"5,360.00"
2020-12-30,2020123004000255,GIC,13,22,10,536.00,"5,360.00"
2020-12-30,2020123004000254,GIC,13,16,10,536.00,"5,360.00"
2020-12-30,2020123004000296,GIC,42,45,20,535.00,"10,700.00"
2020-12-30,2020123004000295,GIC,45,45,10,535.00,"5,350.00"
2020-12-30,2020123004000294,GIC,51,45,24,535.00,"12,840.00"
2020-12-30,2020123004000293,GIC,52,45,30,535.00,"16,050.00"
2020-12-30,2020123004000276,GIC,52,36,10,535.00,"5,350.00"
2020-12-30,2020123004000275,GIC,20,32,10,536.00,"5,360.00"
2020-12-30,2020123004000311,GIC,21,19,10,535.00,"5,350.00"
2020-12-30,2020123004000310,GIC,21,17,10,535.00,"5,350.00"
2020-12-30,2020123004000309,GIC,43,7,10,535.00,"5,350.00"
2020-12-30,2020123004000305,GIC,43,7,10,535.00,"5,350.00"
2020-12-30,2020123004000301,GIC,43,21,10,535.00,"5,350.00"
2020-12-30,2020123004000297,GIC,43,45,16,535.00,"8,560.00"
2020-12-30,2020123004000325,GIC,19,45,100,535.00,"53,500.00"
2020-12-30,2020123004000324,GIC,21,45,40,535.00,"21,400.00"
2020-12-30,2020123004000317,GIC,21,19,10,535.00,"5,350.00"
2020-12-30,2020123004000314,GIC,21,43,10,535.00,"5,350.00"
2020-12-30,2020123004000313,GIC,21,53,10,535.00,"5,350.00"
2020-12-30,2020123004000312,GIC,21,19,10,535.00,"5,350.00"
2020-12-30,2020123004000336,GIC,22,56,10,535.00,"5,350.00"
2020-12-30,2020123004000335,GIC,22,7,10,535.00,"5,350.00"
2020-12-30,2020123004000332,GIC,22,45,10,535.00,"5,350.00"
2020-12-30,2020123004000331,GIC,22,46,10,535.00,"5,350.00"
2020-12-30,2020123004000328,GIC,22,17,10,535.00,"5,350.00"
2020-12-30,2020123004000326,GIC,22,45,30,535.00,"16,050.00"
2020-12-30,2020123004000344,GIC,38,10,10,536.00,"5,360.00"
2020-12-30,2020123004000343,GIC,38,51,10,536.00,"5,360.00"
