Date,Transact. No.,Symbol,Buyer,Seller,Quantity,Rate,Amount
2019-01-20,2019012001015745,ADBL,52,55,200,345.00,"69,000.00"
2019-01-20,2019012001015534,ADBL,40,6,742,342.00,"253,764.00"
2019-01-20,2019012001015533,ADBL,49,6,63,342.00,"21,546.00"
2019-01-20,2019012001015532,ADBL,52,6,200,343.00,"68,600.00"
2019-01-20,2019012001015531,ADBL,42,6,895,343.00,"306,985.00"
2019-01-20,2019012001015366,ADBL,42,26,105,343.00,"36,015.00"
2019-01-20,2019012001015365,ADBL,52,26,59,343.00,"20,237.00"
2019-01-20,2019012001015467,AKJCL,34,25,10,87.00,870.00
2019-01-20,2019012001015541,ALICL,47,39,38,620.00,"23,560.00"
2019-01-20,2019012001015540,ALICL,34,39,18,620.00,"11,160.00"
2019-01-20,2019012001015470,ALICL,34,17,62,620.00,"38,440.00"
2019-01-20,2019012001015702,AMFI,45,50,10,725.00,"7,250.00"
2019-01-20,2019012001015265,AMFI,38,36,10,712.00,"7,120.00"
2019-01-20,2019012001015615,API,25,1,21,153.00,"3,213.00"
2019-01-20,2019012001015521,API,34,25,480,150.00,"72,000.00"
2019-01-20,2019012001015520,API,39,25,10,150.00,"1,500.00"
2019-01-20,2019012001015717,CBBL,39,34,10,893.00,"8,930.00"
2019-01-20,2019012001015656,CBBL,45,42,200,890.00,"178,000.00"
2019-01-20,2019012001015573,CBBL,35,35,"12,470",890.00,"11,098,300.00"
2019-01-20,2019012001015300,CBBL,28,29,100,886.00,"88,600.00"
2019-01-20,2019012001015690,CBL,43,16,10,162.00,"1,620.00"
2019-01-20,2019012001015598,CBL,49,49,"3,052",160.00,"488,320.00"
2019-01-20,2019012001015597,CBL,37,49,"1,000",160.00,"160,000.00"
2019-01-20,2019012001015596,CBL,22,49,500,160.00,"80,000.00"
2019-01-20,2019012001015595,CBL,21,49,50,160.00,"8,000.00"
2019-01-20,2019012001015594,CBL,42,49,500,160.00,"80,000.00"
2019-01-20,2019012001015593,CBL,6,49,278,160.00,"44,480.00"
2019-01-20,2019012001015592,CBL,39,49,20,161.00,"3,220.00"
2019-01-20,2019012001015664,CCBL,17,47,500,170.00,"85,000.00"
2019-01-20,2019012001015663,CCBL,21,47,308,170.00,"52,360.00"
2019-01-20,2019012001015327,CCBL,29,29,225,171.00,"38,475.00"
2019-01-20,2019012001015326,CCBL,8,29,36,171.00,"6,156.00"
2019-01-20,2019012001015256,CHCL,42,29,30,535.00,"16,050.00"
2019-01-20,2019012001015255,CHCL,45,29,100,536.00,"53,600.00"
2019-01-20,2019012001015254,CHCL,49,29,10,536.00,"5,360.00"
2019-01-20,2019012001015589,CHL,22,41,10,107.00,"1,070.00"
2019-01-20,2019012001015588,CHL,22,44,10,105.00,"1,050.00"
2019-01-20,2019012001015587,CHL,22,33,15,105.00,"1,575.00"
2019-01-20,2019012001015742,CIT,22,16,25,"2,571.00","64,275.00"
2019-01-20,2019012001015705,CIT,13,16,50,"2,571.00","128,550.00"
2019-01-20,2019012001015660,CIT,14,16,100,"2,571.00","257,100.00"
2019-01-20,2019012001015647,CIT,35,16,275,"2,571.00","707,025.00"
2019-01-20,2019012001015646,CIT,34,16,50,"2,572.00","128,600.00"
2019-01-20,2019012001015559,CIT,35,58,75,"2,571.00","192,825.00"
2019-01-20,2019012001015353,CIT,17,16,10,"2,582.00","25,820.00"
2019-01-20,2019012001015330,CIT,45,32,20,"2,599.00","51,980.00"
2019-01-20,2019012001015359,CIT,45,16,50,"2,574.00","128,700.00"
2019-01-20,2019012001015358,CIT,26,16,300,"2,575.00","772,500.00"
2019-01-20,2019012001015357,CIT,35,16,50,"2,575.00","128,750.00"
2019-01-20,2019012001015356,CIT,10,16,50,"2,576.00","128,800.00"
2019-01-20,2019012001015355,CIT,17,16,40,"2,580.00","103,200.00"
2019-01-20,2019012001015354,CIT,28,16,10,"2,581.00","25,810.00"
2019-01-20,2019012001015558,CIT,4,58,425,"2,571.00","1,092,675.00"
2019-01-20,2019012001015387,CIT,4,19,20,"2,571.00","51,420.00"
2019-01-20,2019012001015363,CIT,4,16,555,"2,571.00","1,426,905.00"
2019-01-20,2019012001015362,CIT,4,16,655,"2,572.00","1,684,660.00"
2019-01-20,2019012001015361,CIT,16,16,111,"2,573.00","285,603.00"
2019-01-20,2019012001015360,CIT,8,16,200,"2,574.00","514,800.00"
2019-01-20,2019012001015614,DDBL,44,57,50,580.00,"29,000.00"
2019-01-20,2019012001015574,FOWAD,57,26,10,"1,557.00","15,570.00"
2019-01-20,2019012001015557,FOWAD,57,34,10,"1,549.00","15,490.00"
2019-01-20,2019012001015515,FOWAD,57,44,20,"1,549.00","30,980.00"
2019-01-20,2019012001015514,FOWAD,57,57,20,"1,539.00","30,780.00"
2019-01-20,2019012001015444,FOWAD,28,34,10,"1,526.00","15,260.00"
2019-01-20,2019012001015653,GBIME,42,42,60,266.00,"15,960.00"
2019-01-20,2019012001015460,GBIME,57,42,60,266.00,"15,960.00"
2019-01-20,2019012001015721,GILB,50,32,19,"1,200.00","22,800.00"
2019-01-20,2019012001015720,GILB,50,32,19,"1,200.00","22,800.00"
2019-01-20,2019012001015384,GLICL,59,48,35,715.00,"25,025.00"
2019-01-20,2019012001015383,GLICL,53,48,300,716.00,"214,800.00"
2019-01-20,2019012001015382,GLICL,50,48,25,717.00,"17,925.00"
2019-01-20,2019012001015266,HATH,4,14,10,121.00,"1,210.00"
2019-01-20,2019012001015678,HGI,56,58,269,400.00,"107,600.00"
2019-01-20,2019012001015677,HGI,25,58,150,401.00,"60,150.00"
2019-01-20,2019012001015291,IGI,57,42,100,453.00,"45,300.00"
2019-01-20,2019012001015726,IGI,57,52,50,445.00,"22,250.00"
2019-01-20,2019012001015424,KBBL,29,25,75,214.00,"16,050.00"
2019-01-20,2019012001015643,KBL,5,44,302,247.00,"74,594.00"
2019-01-20,2019012001015642,KBL,11,44,144,247.00,"35,568.00"
2019-01-20,2019012001015553,KBL,49,33,100,249.00,"24,900.00"
2019-01-20,2019012001015443,KBL,51,33,214,249.00,"53,286.00"
2019-01-20,2019012001015442,KBL,51,55,186,249.00,"46,314.00"
2019-01-20,2019012001015441,KPCL,45,51,10,99.00,990.00
2019-01-20,2019012001015463,KPCL,45,51,10,99.00,990.00
2019-01-20,2019012001015475,KPCL,45,28,10,99.00,990.00
2019-01-20,2019012001015485,KPCL,45,51,10,99.00,990.00
2019-01-20,2019012001015500,KPCL,45,51,10,99.00,990.00
2019-01-20,2019012001015681,LBBL,50,58,300,173.00,"51,900.00"
2019-01-20,2019012001015680,LBBL,50,57,"1,155",173.00,"199,815.00"
2019-01-20,2019012001015679,LBBL,50,57,500,173.00,"86,500.00"
2019-01-20,2019012001015612,LBBL,14,32,300,172.00,"51,600.00"
2019-01-20,2019012001015671,LBL,42,49,551,220.00,"121,220.00"
2019-01-20,2019012001015630,LBL,22,49,50,220.00,"11,000.00"
2019-01-20,2019012001015535,LBL,55,49,25,220.00,"5,500.00"
2019-01-20,2019012001015513,LBL,49,49,100,220.00,"22,000.00"
2019-01-20,2019012001015445,LBL,47,49,200,220.00,"44,000.00"
2019-01-20,2019012001015641,LGIL,43,42,10,547.00,"5,470.00"
2019-01-20,2019012001015542,LGIL,17,45,50,545.00,"27,250.00"
2019-01-20,2019012001015602,LICN,34,14,43,"1,752.00","75,336.00"
2019-01-20,2019012001015545,LICN,59,14,100,"1,753.00","175,300.00"
2019-01-20,2019012001015581,MBL,34,44,326,210.00,"68,460.00"
2019-01-20,2019012001015580,MBL,6,44,100,210.00,"21,000.00"
2019-01-20,2019012001015579,MBL,57,44,200,210.00,"42,000.00"
2019-01-20,2019012001015578,MBL,14,44,374,210.00,"78,540.00"
2019-01-20,2019012001015504,MBL,22,44,500,211.00,"105,500.00"
2019-01-20,2019012001015471,MBL,29,44,75,211.00,"15,825.00"
2019-01-20,2019012001015388,MBL,25,44,200,211.00,"42,200.00"
2019-01-20,2019012001015667,MEGA,43,29,10,170.00,"1,700.00"
2019-01-20,2019012001015727,MERO,45,58,10,"1,160.00","11,600.00"
2019-01-20,2019012001015674,MERO,45,11,10,"1,138.00","11,380.00"
2019-01-20,2019012001015634,MERO,45,42,85,"1,120.00","95,200.00"
2019-01-20,2019012001015543,MERO,45,42,18,"1,120.00","20,160.00"
2019-01-20,2019012001015292,MNBBL,37,28,100,350.00,"35,000.00"
2019-01-20,2019012001015655,NABIL,21,3,20,850.00,"17,000.00"
2019-01-20,2019012001015316,NABIL,45,55,40,847.00,"33,880.00"
2019-01-20,2019012001015261,NABIL,17,3,10,850.00,"8,500.00"
2019-01-20,2019012001015373,NABILP,19,44,20,729.00,"14,580.00"
2019-01-20,2019012001015492,NADEP,53,28,10,791.00,"7,910.00"
2019-01-20,2019012001015271,NADEP,53,28,10,791.00,"7,910.00"
2019-01-20,2019012001015716,NBB,32,51,100,188.00,"18,800.00"
2019-01-20,2019012001015661,NBB,55,13,267,187.00,"49,929.00"
2019-01-20,2019012001015448,NBB,29,51,75,188.00,"14,100.00"
2019-01-20,2019012001015601,NBL,10,58,"1,310",292.00,"382,520.00"
2019-01-20,2019012001015600,NBL,10,32,690,292.00,"201,480.00"
2019-01-20,2019012001015729,NCCB,46,41,456,216.00,"98,496.00"
2019-01-20,2019012001015728,NCCB,46,34,369,216.00,"79,704.00"
2019-01-20,2019012001015503,NCCB,19,38,213,215.00,"45,795.00"
2019-01-20,2019012001015502,NCCB,49,38,50,215.00,"10,750.00"
2019-01-20,2019012001015501,NCCB,57,38,737,215.00,"158,455.00"
2019-01-20,2019012001015730,NIB,25,50,37,539.00,"19,943.00"
2019-01-20,2019012001015714,NIB,33,45,200,540.00,"108,000.00"
2019-01-20,2019012001015493,NIB,14,45,50,540.00,"27,000.00"
2019-01-20,2019012001015440,NIB,19,45,50,540.00,"27,000.00"
2019-01-20,2019012001015283,NIB,1,45,500,540.00,"270,000.00"
2019-01-20,2019012001015282,NIB,54,45,35,540.00,"18,900.00"
2019-01-20,2019012001015275,NIB,7,45,100,541.00,"54,100.00"
2019-01-20,2019012001015274,NIB,51,45,20,541.00,"10,820.00"
2019-01-20,2019012001015281,NIB,1,45,50,540.00,"27,000.00"
2019-01-20,2019012001015280,NIB,7,45,10,540.00,"5,400.00"
2019-01-20,2019012001015279,NIB,42,45,100,540.00,"54,000.00"
2019-01-20,2019012001015278,NIB,34,45,730,540.00,"394,200.00"
2019-01-20,2019012001015277,NIB,34,45,50,540.00,"27,000.00"
2019-01-20,2019012001015276,NIB,34,45,491,540.00,"265,140.00"
2019-01-20,2019012001015739,NIBPO,14,37,50,480.00,"24,000.00"
2019-01-20,2019012001015700,NIBPO,22,37,200,480.00,"96,000.00"
2019-01-20,2019012001015628,NIBPO,29,37,500,480.00,"240,000.00"
2019-01-20,2019012001015627,NIBPO,28,37,250,480.00,"120,000.00"
2019-01-20,2019012001015315,NIBPO,28,37,250,480.00,"120,000.00"
2019-01-20,2019012001015314,NIBPO,22,37,500,480.00,"240,000.00"
2019-01-20,2019012001015313,NIBPO,35,37,50,480.00,"24,000.00"
2019-01-20,2019012001015736,NICA,25,14,100,392.00,"39,200.00"
2019-01-20,2019012001015735,NICA,7,14,65,392.00,"25,480.00"
2019-01-20,2019012001015429,NICA,7,19,135,392.00,"52,920.00"
2019-01-20,2019012001015428,NICA,42,19,100,392.00,"39,200.00"
2019-01-20,2019012001015427,NICA,28,19,500,392.00,"196,000.00"
2019-01-20,2019012001015426,NICA,36,19,352,392.00,"137,984.00"
2019-01-20,2019012001015319,NICL,22,28,20,570.00,"11,400.00"
2019-01-20,2019012001015743,NIL,10,37,50,539.00,"26,950.00"
2019-01-20,2019012001015670,NIL,42,33,100,544.00,"54,400.00"
2019-01-20,2019012001015480,NLIC,26,56,50,"1,114.00","55,700.00"
2019-01-20,2019012001015285,NLIC,25,49,17,"1,113.00","18,921.00"
2019-01-20,2019012001015651,NMB,56,50,152,321.00,"48,792.00"
2019-01-20,2019012001015635,NMB,11,50,20,323.00,"6,460.00"
2019-01-20,2019012001015591,NMB,11,41,450,323.00,"145,350.00"
2019-01-20,2019012001015603,NMBMF,41,21,10,"1,090.00","10,900.00"
2019-01-20,2019012001015685,NMFBS,33,38,15,"1,734.00","26,010.00"
2019-01-20,2019012001015684,NMFBS,33,14,38,"1,733.00","65,854.00"
2019-01-20,2019012001015683,NMFBS,33,51,50,"1,730.00","86,500.00"
2019-01-20,2019012001015682,NMFBS,33,50,50,"1,725.00","86,250.00"
2019-01-20,2019012001015505,NSEWA,17,28,10,600.00,"6,000.00"
2019-01-20,2019012001015293,NSEWA,17,28,10,600.00,"6,000.00"
2019-01-20,2019012001015286,NUBL,28,44,50,780.00,"39,000.00"
2019-01-20,2019012001015740,PIC,46,14,10,"1,070.00","10,700.00"
2019-01-20,2019012001015654,PIC,56,50,134,"1,051.00","140,834.00"
2019-01-20,2019012001015608,PIC,6,50,100,"1,051.00","105,100.00"
2019-01-20,2019012001015607,PIC,6,50,100,"1,051.00","105,100.00"
2019-01-20,2019012001015606,PIC,42,50,20,"1,051.00","21,020.00"
2019-01-20,2019012001015605,PIC,14,50,100,"1,052.00","105,200.00"
2019-01-20,2019012001015303,PIC,48,48,91,"1,056.00","96,096.00"
2019-01-20,2019012001015302,PIC,45,48,39,"1,056.00","41,184.00"
2019-01-20,2019012001015439,PLIC,57,17,46,495.00,"22,770.00"
2019-01-20,2019012001015310,PMHPL,26,21,10,110.00,"1,100.00"
2019-01-20,2019012001015270,PMHPL,26,17,10,110.00,"1,100.00"
2019-01-20,2019012001015732,PRVU,28,38,500,242.00,"121,000.00"
2019-01-20,2019012001015731,PRVU,42,38,434,242.00,"105,028.00"
2019-01-20,2019012001015432,RBCL,52,5,10,"9,424.00","94,240.00"
2019-01-20,2019012001015341,RBCL,6,50,20,"9,450.00","189,000.00"
2019-01-20,2019012001015697,RMDC,55,51,80,541.00,"43,280.00"
2019-01-20,2019012001015696,RMDC,22,51,20,541.00,"10,820.00"
2019-01-20,2019012001015317,RRHP,58,44,10,102.00,"1,020.00"
2019-01-20,2019012001015294,RRHP,58,33,10,100.00,"1,000.00"
2019-01-20,2019012001015260,RRHP,49,7,10,99.00,990.00
2019-01-20,2019012001015712,SADBL,41,33,100,143.00,"14,300.00"
2019-01-20,2019012001015711,SADBL,37,33,100,143.00,"14,300.00"
2019-01-20,2019012001015710,SADBL,59,33,90,143.00,"12,870.00"
2019-01-20,2019012001015351,SADBL,59,1,10,143.00,"1,430.00"
2019-01-20,2019012001015577,SANIMA,48,36,30,305.00,"9,150.00"
2019-01-20,2019012001015392,SBI,19,53,20,387.00,"7,740.00"
2019-01-20,2019012001015530,SCB,25,56,70,575.00,"40,250.00"
2019-01-20,2019012001015529,SCB,42,56,30,577.00,"17,310.00"
2019-01-20,2019012001015459,SCB,49,33,100,580.00,"58,000.00"
2019-01-20,2019012001015430,SHL,42,51,100,205.00,"20,500.00"
2019-01-20,2019012001015321,SHPC,26,22,64,240.00,"15,360.00"
2019-01-20,2019012001015253,SHPC,26,50,936,240.00,"224,640.00"
2019-01-20,2019012001015252,SHPC,26,36,300,240.00,"72,000.00"
2019-01-20,2019012001015744,SICL,42,5,50,921.00,"46,050.00"
2019-01-20,2019012001015698,SICL,42,47,59,921.00,"54,339.00"
2019-01-20,2019012001015447,SICL,10,5,60,924.00,"55,440.00"
2019-01-20,2019012001015338,SICL,42,5,200,925.00,"185,000.00"
2019-01-20,2019012001015611,SLBBL,43,42,50,527.00,"26,350.00"
2019-01-20,2019012001015662,SLBBL,43,48,73,530.00,"38,690.00"
2019-01-20,2019012001015689,SLBS,29,21,11,"1,030.00","11,330.00"
2019-01-20,2019012001015629,SLICL,25,10,224,557.00,"124,768.00"
2019-01-20,2019012001015308,SLICL,39,52,15,559.00,"8,385.00"
2019-01-20,2019012001015267,SMB,59,7,10,635.00,"6,350.00"
2019-01-20,2019012001015747,SMFDB,6,39,32,700.00,"22,400.00"
2019-01-20,2019012001015638,SRBL,50,17,50,215.00,"10,750.00"
2019-01-20,2019012001015637,SRBL,50,39,77,215.00,"16,555.00"
2019-01-20,2019012001015636,SRBL,50,26,72,215.00,"15,480.00"
2019-01-20,2019012001015489,SRBL,1,26,228,215.00,"49,020.00"
2019-01-20,2019012001015488,SRBL,1,6,72,215.00,"15,480.00"
2019-01-20,2019012001015547,SWBBL,46,21,10,851.00,"8,510.00"
2019-01-20,2019012001015746,UPPER,39,8,50,292.00,"14,600.00"
2019-01-20,2019012001015741,UPPER,39,26,20,292.00,"5,840.00"
2019-01-20,2019012001015738,UPPER,11,58,50,291.00,"14,550.00"
2019-01-20,2019012001015737,UPPER,11,45,50,291.00,"14,550.00"
2019-01-20,2019012001015734,UPPER,11,42,40,291.00,"11,640.00"
2019-01-20,2019012001015733,UPPER,11,21,50,291.00,"14,550.00"
2019-01-20,2019012001015249,UPPER,49,58,50,291.00,"14,550.00"
2019-01-20,2019012001015248,UPPER,49,29,40,291.00,"11,640.00"
2019-01-20,2019012001015262,UPPER,36,57,50,290.00,"14,500.00"
2019-01-20,2019012001015259,UPPER,49,39,40,291.00,"11,640.00"
2019-01-20,2019012001015258,UPPER,49,16,40,291.00,"11,640.00"
2019-01-20,2019012001015257,UPPER,49,42,40,291.00,"11,640.00"
2019-01-20,2019012001015251,UPPER,49,44,40,291.00,"11,640.00"
2019-01-20,2019012001015250,UPPER,49,17,50,291.00,"14,550.00"
2019-01-20,2019012001015273,UPPER,58,47,40,290.00,"11,600.00"
2019-01-20,2019012001015272,UPPER,58,39,40,290.00,"11,600.00"
2019-01-20,2019012001015269,UPPER,58,58,50,290.00,"14,500.00"
2019-01-20,2019012001015268,UPPER,58,47,50,290.00,"14,500.00"
2019-01-20,2019012001015264,UPPER,58,48,20,290.00,"5,800.00"
2019-01-20,2019012001015263,UPPER,36,48,20,290.00,"5,800.00"
2019-01-20,2019012001015290,UPPER,34,29,40,291.00,"11,640.00"
2019-01-20,2019012001015289,UPPER,34,13,50,291.00,"14,550.00"
2019-01-20,2019012001015288,UPPER,32,42,40,290.00,"11,600.00"
2019-01-20,2019012001015287,UPPER,32,39,40,290.00,"11,600.00"
2019-01-20,2019012001015284,UPPER,6,39,10,290.00,"2,900.00"
2019-01-20,2019012001015301,UPPER,14,39,40,292.00,"11,680.00"
2019-01-20,2019012001015299,UPPER,14,22,50,292.00,"14,600.00"
2019-01-20,2019012001015298,UPPER,14,58,50,292.00,"14,600.00"
2019-01-20,2019012001015297,UPPER,14,29,50,292.00,"14,600.00"
2019-01-20,2019012001015296,UPPER,14,58,50,292.00,"14,600.00"
2019-01-20,2019012001015295,UPPER,14,58,50,292.00,"14,600.00"
2019-01-20,2019012001015311,UPPER,35,48,50,292.00,"14,600.00"
2019-01-20,2019012001015309,UPPER,14,47,40,292.00,"11,680.00"
2019-01-20,2019012001015307,UPPER,14,35,50,292.00,"14,600.00"
2019-01-20,2019012001015306,UPPER,14,58,40,292.00,"11,680.00"
2019-01-20,2019012001015305,UPPER,14,17,40,292.00,"11,680.00"
2019-01-20,2019012001015304,UPPER,14,47,40,292.00,"11,680.00"
2019-01-20,2019012001015324,UPPER,1,29,10,293.00,"2,930.00"
2019-01-20,2019012001015323,UPPER,1,29,50,293.00,"14,650.00"
2019-01-20,2019012001015322,UPPER,1,47,40,293.00,"11,720.00"
2019-01-20,2019012001015320,UPPER,35,43,50,292.00,"14,600.00"
2019-01-20,2019012001015318,UPPER,35,21,40,292.00,"11,680.00"
2019-01-20,2019012001015312,UPPER,35,58,50,292.00,"14,600.00"
2019-01-20,2019012001015336,UPPER,43,17,40,291.00,"11,640.00"
2019-01-20,2019012001015332,UPPER,43,37,40,291.00,"11,640.00"
2019-01-20,2019012001015331,UPPER,32,58,40,290.00,"11,600.00"
2019-01-20,2019012001015329,UPPER,35,50,20,292.00,"5,840.00"
2019-01-20,2019012001015328,UPPER,35,39,40,292.00,"11,680.00"
2019-01-20,2019012001015325,UPPER,35,10,50,292.00,"14,600.00"
2019-01-20,2019012001015344,UPPER,43,55,50,291.00,"14,550.00"
2019-01-20,2019012001015343,UPPER,43,8,40,291.00,"11,640.00"
2019-01-20,2019012001015342,UPPER,43,17,40,291.00,"11,640.00"
2019-01-20,2019012001015340,UPPER,43,26,50,291.00,"14,550.00"
2019-01-20,2019012001015339,UPPER,43,47,50,291.00,"14,550.00"
2019-01-20,2019012001015337,UPPER,43,42,50,291.00,"14,550.00"
2019-01-20,2019012001015350,UPPER,43,21,40,292.00,"11,680.00"
2019-01-20,2019012001015349,UPPER,43,40,40,292.00,"11,680.00"
2019-01-20,2019012001015348,UPPER,43,50,20,292.00,"5,840.00"
2019-01-20,2019012001015347,UPPER,43,28,50,291.00,"14,550.00"
2019-01-20,2019012001015346,UPPER,43,10,40,291.00,"11,640.00"
2019-01-20,2019012001015345,UPPER,43,18,50,291.00,"14,550.00"
2019-01-20,2019012001015370,UPPER,13,48,50,291.00,"14,550.00"
2019-01-20,2019012001015369,UPPER,13,58,50,291.00,"14,550.00"
2019-01-20,2019012001015368,UPPER,13,29,40,291.00,"11,640.00"
2019-01-20,2019012001015367,UPPER,13,57,40,291.00,"11,640.00"
2019-01-20,2019012001015364,UPPER,32,44,40,290.00,"11,600.00"
2019-01-20,2019012001015352,UPPER,32,21,10,290.00,"2,900.00"
2019-01-20,2019012001015377,UPPER,49,47,50,291.00,"14,550.00"
2019-01-20,2019012001015376,UPPER,32,42,50,290.00,"14,500.00"
2019-01-20,2019012001015375,UPPER,32,32,20,290.00,"5,800.00"
2019-01-20,2019012001015374,UPPER,13,32,30,291.00,"8,730.00"
2019-01-20,2019012001015372,UPPER,13,29,40,291.00,"11,640.00"
2019-01-20,2019012001015371,UPPER,13,17,40,291.00,"11,640.00"
2019-01-20,2019012001015386,UPPER,49,21,10,291.00,"2,910.00"
2019-01-20,2019012001015385,UPPER,49,48,50,291.00,"14,550.00"
2019-01-20,2019012001015381,UPPER,49,34,40,291.00,"11,640.00"
2019-01-20,2019012001015380,UPPER,49,17,50,291.00,"14,550.00"
2019-01-20,2019012001015379,UPPER,49,39,40,291.00,"11,640.00"
2019-01-20,2019012001015378,UPPER,49,7,50,291.00,"14,550.00"
2019-01-20,2019012001015395,UPPER,55,26,50,292.00,"14,600.00"
2019-01-20,2019012001015394,UPPER,55,44,50,292.00,"14,600.00"
2019-01-20,2019012001015393,UPPER,55,42,40,292.00,"11,680.00"
2019-01-20,2019012001015391,UPPER,49,42,40,291.00,"11,640.00"
2019-01-20,2019012001015390,UPPER,49,10,40,291.00,"11,640.00"
2019-01-20,2019012001015389,UPPER,49,29,40,291.00,"11,640.00"
2019-01-20,2019012001015401,UPPER,52,29,50,293.00,"14,650.00"
2019-01-20,2019012001015400,UPPER,52,47,50,293.00,"14,650.00"
2019-01-20,2019012001015399,UPPER,52,29,40,293.00,"11,720.00"
2019-01-20,2019012001015398,UPPER,52,29,40,293.00,"11,720.00"
2019-01-20,2019012001015397,UPPER,55,58,40,292.00,"11,680.00"
2019-01-20,2019012001015396,UPPER,55,47,50,292.00,"14,600.00"
2019-01-20,2019012001015407,UPPER,52,29,50,293.00,"14,650.00"
2019-01-20,2019012001015406,UPPER,52,45,50,293.00,"14,650.00"
2019-01-20,2019012001015405,UPPER,52,29,40,293.00,"11,720.00"
2019-01-20,2019012001015404,UPPER,52,58,40,293.00,"11,720.00"
2019-01-20,2019012001015403,UPPER,52,29,40,293.00,"11,720.00"
2019-01-20,2019012001015402,UPPER,52,47,50,293.00,"14,650.00"
2019-01-20,2019012001015413,UPPER,52,40,40,294.00,"11,760.00"
2019-01-20,2019012001015412,UPPER,52,29,40,294.00,"11,760.00"
2019-01-20,2019012001015411,UPPER,52,29,40,294.00,"11,760.00"
2019-01-20,2019012001015410,UPPER,52,29,30,294.00,"8,820.00"
2019-01-20,2019012001015409,UPPER,52,29,40,293.00,"11,720.00"
2019-01-20,2019012001015408,UPPER,52,40,40,293.00,"11,720.00"
2019-01-20,2019012001015419,UPPER,52,48,50,294.00,"14,700.00"
2019-01-20,2019012001015418,UPPER,52,17,40,294.00,"11,760.00"
2019-01-20,2019012001015417,UPPER,52,21,50,294.00,"14,700.00"
2019-01-20,2019012001015416,UPPER,52,29,40,294.00,"11,760.00"
2019-01-20,2019012001015415,UPPER,52,21,40,294.00,"11,760.00"
2019-01-20,2019012001015414,UPPER,52,48,40,294.00,"11,760.00"
2019-01-20,2019012001015431,UPPER,49,39,40,291.00,"11,640.00"
2019-01-20,2019012001015425,UPPER,55,34,50,292.00,"14,600.00"
2019-01-20,2019012001015423,UPPER,55,44,50,292.00,"14,600.00"
2019-01-20,2019012001015422,UPPER,55,18,20,292.00,"5,840.00"
2019-01-20,2019012001015421,UPPER,52,18,20,294.00,"5,880.00"
2019-01-20,2019012001015420,UPPER,52,8,40,294.00,"11,760.00"
2019-01-20,2019012001015438,UPPER,49,58,20,291.00,"5,820.00"
2019-01-20,2019012001015437,UPPER,49,26,50,291.00,"14,550.00"
2019-01-20,2019012001015436,UPPER,49,48,50,291.00,"14,550.00"
2019-01-20,2019012001015435,UPPER,49,10,40,291.00,"11,640.00"
2019-01-20,2019012001015434,UPPER,49,21,10,291.00,"2,910.00"
2019-01-20,2019012001015433,UPPER,49,47,40,291.00,"11,640.00"
2019-01-20,2019012001015452,UPPER,45,39,40,290.00,"11,600.00"
2019-01-20,2019012001015451,UPPER,45,58,40,290.00,"11,600.00"
2019-01-20,2019012001015450,UPPER,45,7,30,290.00,"8,700.00"
2019-01-20,2019012001015449,UPPER,32,7,10,290.00,"2,900.00"
2019-01-20,2019012001015446,UPPER,32,26,50,290.00,"14,500.00"
2019-01-20,2019012001015458,UPPER,19,17,50,291.00,"14,550.00"
2019-01-20,2019012001015457,UPPER,19,45,40,291.00,"11,640.00"
2019-01-20,2019012001015456,UPPER,19,29,40,291.00,"11,640.00"
2019-01-20,2019012001015455,UPPER,19,58,20,291.00,"5,820.00"
2019-01-20,2019012001015454,UPPER,45,48,40,290.00,"11,600.00"
2019-01-20,2019012001015453,UPPER,45,44,50,290.00,"14,500.00"
2019-01-20,2019012001015466,UPPER,19,38,50,291.00,"14,550.00"
2019-01-20,2019012001015465,UPPER,19,26,50,291.00,"14,550.00"
2019-01-20,2019012001015464,UPPER,19,29,40,291.00,"11,640.00"
2019-01-20,2019012001015462,UPPER,19,47,40,291.00,"11,640.00"
2019-01-20,2019012001015461,UPPER,19,28,50,291.00,"14,550.00"
2019-01-20,2019012001015474,UPPER,45,34,40,290.00,"11,600.00"
2019-01-20,2019012001015473,UPPER,58,40,10,291.00,"2,910.00"
2019-01-20,2019012001015472,UPPER,19,40,30,291.00,"8,730.00"
2019-01-20,2019012001015469,UPPER,19,58,40,291.00,"11,640.00"
2019-01-20,2019012001015468,UPPER,19,48,50,291.00,"14,550.00"
2019-01-20,2019012001015482,UPPER,13,13,40,290.00,"11,600.00"
2019-01-20,2019012001015481,UPPER,42,13,10,290.00,"2,900.00"
2019-01-20,2019012001015479,UPPER,42,49,40,290.00,"11,600.00"
2019-01-20,2019012001015478,UPPER,42,41,50,290.00,"14,500.00"
2019-01-20,2019012001015477,UPPER,42,26,30,290.00,"8,700.00"
2019-01-20,2019012001015476,UPPER,45,26,10,290.00,"2,900.00"
2019-01-20,2019012001015490,UPPER,14,45,10,292.00,"2,920.00"
2019-01-20,2019012001015487,UPPER,14,29,50,292.00,"14,600.00"
2019-01-20,2019012001015486,UPPER,14,14,40,292.00,"11,680.00"
2019-01-20,2019012001015484,UPPER,13,16,50,290.00,"14,500.00"
2019-01-20,2019012001015483,UPPER,13,58,50,290.00,"14,500.00"
2019-01-20,2019012001015498,UPPER,52,58,40,291.00,"11,640.00"
2019-01-20,2019012001015497,UPPER,52,26,40,291.00,"11,640.00"
2019-01-20,2019012001015496,UPPER,52,26,40,291.00,"11,640.00"
2019-01-20,2019012001015495,UPPER,52,39,40,291.00,"11,640.00"
2019-01-20,2019012001015494,UPPER,52,48,40,291.00,"11,640.00"
2019-01-20,2019012001015491,UPPER,52,47,40,291.00,"11,640.00"
2019-01-20,2019012001015509,UPPER,52,21,40,291.00,"11,640.00"
2019-01-20,2019012001015508,UPPER,40,22,20,292.00,"5,840.00"
2019-01-20,2019012001015507,UPPER,40,45,40,292.00,"11,680.00"
2019-01-20,2019012001015506,UPPER,40,45,50,292.00,"14,600.00"
2019-01-20,2019012001015499,UPPER,52,42,40,291.00,"11,640.00"
2019-01-20,2019012001015518,UPPER,52,48,40,291.00,"11,640.00"
2019-01-20,2019012001015517,UPPER,52,17,40,291.00,"11,640.00"
2019-01-20,2019012001015516,UPPER,52,58,40,291.00,"11,640.00"
2019-01-20,2019012001015512,UPPER,52,58,50,291.00,"14,550.00"
2019-01-20,2019012001015511,UPPER,52,48,50,291.00,"14,550.00"
2019-01-20,2019012001015510,UPPER,52,26,40,291.00,"11,640.00"
2019-01-20,2019012001015526,UPPER,19,26,40,291.00,"11,640.00"
2019-01-20,2019012001015525,UPPER,19,39,30,291.00,"8,730.00"
2019-01-20,2019012001015524,UPPER,52,39,10,291.00,"2,910.00"
2019-01-20,2019012001015523,UPPER,52,51,50,291.00,"14,550.00"
2019-01-20,2019012001015522,UPPER,52,39,50,291.00,"14,550.00"
2019-01-20,2019012001015519,UPPER,52,34,40,291.00,"11,640.00"
2019-01-20,2019012001015539,UPPER,34,45,50,292.00,"14,600.00"
2019-01-20,2019012001015538,UPPER,34,45,40,292.00,"11,680.00"
2019-01-20,2019012001015537,UPPER,34,22,30,292.00,"8,760.00"
2019-01-20,2019012001015536,UPPER,34,45,40,292.00,"11,680.00"
2019-01-20,2019012001015528,UPPER,19,26,40,291.00,"11,640.00"
2019-01-20,2019012001015527,UPPER,19,21,40,291.00,"11,640.00"
2019-01-20,2019012001015551,UPPER,19,26,40,291.00,"11,640.00"
2019-01-20,2019012001015550,UPPER,19,26,40,291.00,"11,640.00"
2019-01-20,2019012001015549,UPPER,19,58,40,291.00,"11,640.00"
2019-01-20,2019012001015548,UPPER,19,39,40,291.00,"11,640.00"
2019-01-20,2019012001015546,UPPER,19,58,50,291.00,"14,550.00"
2019-01-20,2019012001015544,UPPER,19,47,50,291.00,"14,550.00"
2019-01-20,2019012001015561,UPPER,44,5,20,292.00,"5,840.00"
2019-01-20,2019012001015560,UPPER,1,5,30,293.00,"8,790.00"
2019-01-20,2019012001015556,UPPER,1,29,40,293.00,"11,720.00"
2019-01-20,2019012001015555,UPPER,1,29,40,293.00,"11,720.00"
2019-01-20,2019012001015554,UPPER,1,29,50,293.00,"14,650.00"
2019-01-20,2019012001015552,UPPER,19,17,50,291.00,"14,550.00"
2019-01-20,2019012001015567,UPPER,46,40,50,295.00,"14,750.00"
2019-01-20,2019012001015566,UPPER,46,40,40,295.00,"11,800.00"
2019-01-20,2019012001015565,UPPER,46,53,40,295.00,"11,800.00"
2019-01-20,2019012001015564,UPPER,46,45,50,295.00,"14,750.00"
2019-01-20,2019012001015563,UPPER,46,40,50,295.00,"14,750.00"
2019-01-20,2019012001015562,UPPER,46,45,50,295.00,"14,750.00"
2019-01-20,2019012001015575,UPPER,44,47,50,292.00,"14,600.00"
2019-01-20,2019012001015572,UPPER,46,40,50,295.00,"14,750.00"
2019-01-20,2019012001015571,UPPER,46,40,40,295.00,"11,800.00"
2019-01-20,2019012001015570,UPPER,46,41,50,295.00,"14,750.00"
2019-01-20,2019012001015569,UPPER,46,40,40,295.00,"11,800.00"
2019-01-20,2019012001015568,UPPER,46,41,40,295.00,"11,800.00"
2019-01-20,2019012001015586,UPPER,44,13,40,292.00,"11,680.00"
2019-01-20,2019012001015585,UPPER,44,26,30,292.00,"8,760.00"
2019-01-20,2019012001015584,UPPER,44,26,10,292.00,"2,920.00"
2019-01-20,2019012001015583,UPPER,44,26,40,292.00,"11,680.00"
2019-01-20,2019012001015582,UPPER,44,39,40,292.00,"11,680.00"
2019-01-20,2019012001015576,UPPER,44,48,40,292.00,"11,680.00"
2019-01-20,2019012001015610,UPPER,51,21,40,294.00,"11,760.00"
2019-01-20,2019012001015609,UPPER,51,18,40,294.00,"11,760.00"
2019-01-20,2019012001015604,UPPER,51,58,40,294.00,"11,760.00"
2019-01-20,2019012001015599,UPPER,44,58,40,292.00,"11,680.00"
2019-01-20,2019012001015590,UPPER,44,44,40,292.00,"11,680.00"
2019-01-20,2019012001015620,UPPER,44,32,40,295.00,"11,800.00"
2019-01-20,2019012001015619,UPPER,44,40,50,295.00,"14,750.00"
2019-01-20,2019012001015618,UPPER,44,32,40,295.00,"11,800.00"
2019-01-20,2019012001015617,UPPER,44,40,50,295.00,"14,750.00"
2019-01-20,2019012001015616,UPPER,44,33,50,295.00,"14,750.00"
2019-01-20,2019012001015613,UPPER,51,17,50,294.00,"14,700.00"
2019-01-20,2019012001015626,UPPER,45,26,40,293.00,"11,720.00"
2019-01-20,2019012001015625,UPPER,45,13,50,293.00,"14,650.00"
2019-01-20,2019012001015624,UPPER,51,48,30,294.00,"8,820.00"
2019-01-20,2019012001015623,UPPER,44,47,20,295.00,"5,900.00"
2019-01-20,2019012001015622,UPPER,44,47,50,295.00,"14,750.00"
2019-01-20,2019012001015621,UPPER,44,47,50,295.00,"14,750.00"
2019-01-20,2019012001015644,UPPER,1,48,10,294.00,"2,940.00"
2019-01-20,2019012001015640,UPPER,16,44,40,292.00,"11,680.00"
2019-01-20,2019012001015639,UPPER,16,21,50,292.00,"14,600.00"
2019-01-20,2019012001015633,UPPER,16,58,30,292.00,"8,760.00"
2019-01-20,2019012001015632,UPPER,45,58,20,293.00,"5,860.00"
2019-01-20,2019012001015631,UPPER,45,16,50,293.00,"14,650.00"
2019-01-20,2019012001015657,UPPER,39,47,50,293.00,"14,650.00"
2019-01-20,2019012001015652,UPPER,16,51,50,292.00,"14,600.00"
2019-01-20,2019012001015650,UPPER,16,48,40,292.00,"11,680.00"
2019-01-20,2019012001015649,UPPER,16,39,40,292.00,"11,680.00"
2019-01-20,2019012001015648,UPPER,16,18,40,292.00,"11,680.00"
2019-01-20,2019012001015645,UPPER,1,47,40,294.00,"11,760.00"
2019-01-20,2019012001015668,UPPER,16,16,50,292.00,"14,600.00"
2019-01-20,2019012001015666,UPPER,16,48,50,292.00,"14,600.00"
2019-01-20,2019012001015665,UPPER,16,58,40,292.00,"11,680.00"
2019-01-20,2019012001015659,UPPER,16,26,40,292.00,"11,680.00"
2019-01-20,2019012001015658,UPPER,39,21,50,293.00,"14,650.00"
2019-01-20,2019012001015686,UPPER,16,18,50,292.00,"14,600.00"
2019-01-20,2019012001015676,UPPER,16,26,30,292.00,"8,760.00"
2019-01-20,2019012001015675,UPPER,1,26,10,293.00,"2,930.00"
2019-01-20,2019012001015673,UPPER,1,39,30,293.00,"8,790.00"
2019-01-20,2019012001015672,UPPER,19,39,10,293.00,"2,930.00"
2019-01-20,2019012001015669,UPPER,19,40,40,293.00,"11,720.00"
2019-01-20,2019012001015694,UPPER,16,29,30,292.00,"8,760.00"
2019-01-20,2019012001015693,UPPER,16,58,50,292.00,"14,600.00"
2019-01-20,2019012001015692,UPPER,16,48,40,292.00,"11,680.00"
2019-01-20,2019012001015691,UPPER,16,48,40,292.00,"11,680.00"
2019-01-20,2019012001015688,UPPER,16,21,50,292.00,"14,600.00"
2019-01-20,2019012001015687,UPPER,16,26,40,292.00,"11,680.00"
2019-01-20,2019012001015706,UPPER,39,42,50,292.00,"14,600.00"
2019-01-20,2019012001015704,UPPER,16,58,40,292.00,"11,680.00"
2019-01-20,2019012001015703,UPPER,16,26,40,292.00,"11,680.00"
2019-01-20,2019012001015701,UPPER,16,47,40,292.00,"11,680.00"
2019-01-20,2019012001015699,UPPER,16,56,40,292.00,"11,680.00"
2019-01-20,2019012001015695,UPPER,16,45,40,292.00,"11,680.00"
2019-01-20,2019012001015718,UPPER,19,45,40,291.00,"11,640.00"
2019-01-20,2019012001015715,UPPER,34,26,20,292.00,"5,840.00"
2019-01-20,2019012001015713,UPPER,34,29,30,292.00,"8,760.00"
2019-01-20,2019012001015709,UPPER,34,26,50,292.00,"14,600.00"
2019-01-20,2019012001015708,UPPER,34,16,50,292.00,"14,600.00"
2019-01-20,2019012001015707,UPPER,34,16,50,292.00,"14,600.00"
2019-01-20,2019012001015725,UPPER,11,45,50,291.00,"14,550.00"
2019-01-20,2019012001015724,UPPER,11,26,40,291.00,"11,640.00"
2019-01-20,2019012001015723,UPPER,11,56,40,291.00,"11,640.00"
2019-01-20,2019012001015722,UPPER,11,45,40,291.00,"11,640.00"
2019-01-20,2019012001015719,UPPER,11,45,10,291.00,"2,910.00"
2019-01-20,2019012001015335,WOMI,34,37,32,"1,156.00","36,992.00"
2019-01-20,2019012001015007,ADBL,52,55,116,343.00,"39,788.00"
2019-01-20,2019012001015005,AHPC,34,50,980,104.00,"101,920.00"
2019-01-20,2019012001014822,AHPC,39,50,20,104.00,"2,080.00"
2019-01-20,2019012001015003,AKJCL,37,37,10,86.00,860.00
2019-01-20,2019012001014994,AKJCL,37,51,10,86.00,860.00
2019-01-20,2019012001015100,AKPL,22,59,80,190.00,"15,200.00"
2019-01-20,2019012001015202,API,25,58,29,152.00,"4,408.00"
2019-01-20,2019012001015103,API,39,25,10,150.00,"1,500.00"
2019-01-20,2019012001014774,BARUN,35,39,490,108.00,"52,920.00"
2019-01-20,2019012001015233,BOKL,17,8,10,265.00,"2,650.00"
2019-01-20,2019012001015012,BOKL,1,10,10,263.00,"2,630.00"
2019-01-20,2019012001014964,BOKL,18,6,470,260.00,"122,200.00"
2019-01-20,2019012001014963,BOKL,43,6,20,260.00,"5,200.00"
2019-01-20,2019012001014962,BOKL,49,6,100,260.00,"26,000.00"
2019-01-20,2019012001014961,BOKL,6,6,50,260.00,"13,000.00"
2019-01-20,2019012001014960,BOKL,6,6,500,260.00,"130,000.00"
2019-01-20,2019012001014959,BOKL,52,6,60,260.00,"15,600.00"
2019-01-20,2019012001014958,BOKL,38,6,200,260.00,"52,000.00"
2019-01-20,2019012001014957,BOKL,26,6,100,261.00,"26,100.00"
2019-01-20,2019012001014899,BOKL,26,35,300,261.00,"78,300.00"
2019-01-20,2019012001014761,BOKL,26,10,86,263.00,"22,618.00"
2019-01-20,2019012001014907,CCBL,8,6,"1,964",171.00,"335,844.00"
2019-01-20,2019012001014906,CCBL,8,6,60,171.00,"10,260.00"
2019-01-20,2019012001014905,CCBL,56,6,200,171.00,"34,200.00"
2019-01-20,2019012001014904,CCBL,10,6,76,171.00,"12,996.00"
2019-01-20,2019012001014788,CHCL,49,51,10,540.00,"5,400.00"
2019-01-20,2019012001014769,CHCL,49,51,10,540.00,"5,400.00"
2019-01-20,2019012001014828,CZBIL,16,4,300,216.00,"64,800.00"
2019-01-20,2019012001014785,CZBIL,6,6,"2,000",214.00,"428,000.00"
2019-01-20,2019012001014784,CZBIL,29,6,200,214.00,"42,800.00"
2019-01-20,2019012001014783,CZBIL,33,6,735,214.00,"157,290.00"
2019-01-20,2019012001014782,CZBIL,51,6,60,215.00,"12,900.00"
2019-01-20,2019012001015045,EBL,35,45,31,530.00,"16,430.00"
2019-01-20,2019012001015044,EBL,35,6,50,530.00,"26,500.00"
2019-01-20,2019012001014835,EBL,35,1,19,529.00,"10,051.00"
2019-01-20,2019012001015215,EDBL,17,17,15,278.00,"4,170.00"
2019-01-20,2019012001014887,GBIME,14,49,28,265.00,"7,420.00"
2019-01-20,2019012001014777,GBIME,1,47,30,265.00,"7,950.00"
2019-01-20,2019012001014989,GBLBS,49,17,10,433.00,"4,330.00"
2019-01-20,2019012001014967,GBLBS,51,22,10,439.00,"4,390.00"
2019-01-20,2019012001014937,GLICL,58,56,28,720.00,"20,160.00"
2019-01-20,2019012001014821,GLICL,50,10,100,725.00,"72,500.00"
2019-01-20,2019012001014886,HGI,26,39,500,399.00,"199,500.00"
2019-01-20,2019012001015144,HIDCL,57,44,100,148.00,"14,800.00"
2019-01-20,2019012001015143,HIDCL,28,44,904,148.00,"133,792.00"
2019-01-20,2019012001014780,HIDCL,36,36,46,149.00,"6,854.00"
2019-01-20,2019012001015218,HPPL,53,7,10,183.00,"1,830.00"
2019-01-20,2019012001015030,HPPL,53,46,10,183.00,"1,830.00"
2019-01-20,2019012001014942,IGI,53,52,100,446.00,"44,600.00"
2019-01-20,2019012001015221,JBNL,17,26,500,168.00,"84,000.00"
2019-01-20,2019012001014818,JBNL,22,35,10,169.00,"1,690.00"
2019-01-20,2019012001014972,KBBL,22,19,50,211.00,"10,550.00"
2019-01-20,2019012001015109,KBL,22,55,50,249.00,"12,450.00"
2019-01-20,2019012001014975,KBL,52,55,20,249.00,"4,980.00"
2019-01-20,2019012001015245,KPCL,40,7,10,100.00,"1,000.00"
2019-01-20,2019012001014754,KPCL,45,48,10,99.00,990.00
2019-01-20,2019012001014833,KPCL,45,48,10,99.00,990.00
2019-01-20,2019012001014877,KPCL,45,48,10,99.00,990.00
2019-01-20,2019012001014948,KPCL,45,58,10,99.00,990.00
2019-01-20,2019012001014946,KPCL,45,51,10,99.00,990.00
2019-01-20,2019012001015014,KPCL,45,51,10,99.00,990.00
2019-01-20,2019012001015176,KPCL,45,51,10,99.00,990.00
2019-01-20,2019012001015199,KPCL,45,40,10,99.00,990.00
2019-01-20,2019012001015198,KPCL,45,51,10,99.00,990.00
2019-01-20,2019012001015203,KPCL,45,7,10,99.00,990.00
2019-01-20,2019012001015001,LBL,53,41,310,219.00,"67,890.00"
2019-01-20,2019012001015000,LBL,16,41,90,220.00,"19,800.00"
2019-01-20,2019012001014854,LBL,16,49,110,220.00,"24,200.00"
2019-01-20,2019012001015126,LICN,25,5,14,"1,755.00","24,570.00"
2019-01-20,2019012001015209,MBL,14,44,626,210.00,"131,460.00"
2019-01-20,2019012001015208,MBL,57,44,100,210.00,"21,000.00"
2019-01-20,2019012001015207,MBL,48,44,"1,000",210.00,"210,000.00"
2019-01-20,2019012001015206,MBL,41,44,200,210.00,"42,000.00"
2019-01-20,2019012001015205,MBL,28,44,74,210.00,"15,540.00"
2019-01-20,2019012001015127,MBL,28,53,150,210.00,"31,500.00"
2019-01-20,2019012001014793,MBL,51,44,60,211.00,"12,660.00"
2019-01-20,2019012001014916,MBL,28,42,235,210.00,"49,350.00"
2019-01-20,2019012001014802,MBL,28,44,41,210.00,"8,610.00"
2019-01-20,2019012001014801,MBL,5,44,100,210.00,"21,000.00"
2019-01-20,2019012001014800,MBL,1,44,200,210.00,"42,000.00"
2019-01-20,2019012001014799,MBL,21,44,100,210.00,"21,000.00"
2019-01-20,2019012001014798,MBL,38,44,559,210.00,"117,390.00"
2019-01-20,2019012001014966,MEGA,21,39,100,169.00,"16,900.00"
2019-01-20,2019012001014797,MEGA,49,29,100,170.00,"17,000.00"
2019-01-20,2019012001015244,MERO,45,46,16,"1,116.00","17,856.00"
2019-01-20,2019012001015243,MERO,45,58,54,"1,115.00","60,210.00"
2019-01-20,2019012001015242,MERO,45,6,11,"1,114.00","12,254.00"
2019-01-20,2019012001015241,MERO,45,10,16,"1,110.00","17,760.00"
2019-01-20,2019012001015240,MERO,45,36,16,"1,110.00","17,760.00"
2019-01-20,2019012001014969,MLBBL,58,42,30,665.00,"19,950.00"
2019-01-20,2019012001014913,MLBBL,58,6,20,665.00,"13,300.00"
2019-01-20,2019012001015219,MLBL,50,38,"1,360",171.00,"232,560.00"
2019-01-20,2019012001015135,NABIL,48,22,140,849.00,"118,860.00"
2019-01-20,2019012001015085,NABIL,48,29,104,849.00,"88,296.00"
2019-01-20,2019012001014892,NABIL,48,3,200,849.00,"169,800.00"
2019-01-20,2019012001014891,NABIL,48,13,350,849.00,"297,150.00"
2019-01-20,2019012001014890,NABIL,48,34,100,848.00,"84,800.00"
2019-01-20,2019012001015139,NADEP,53,50,10,791.00,"7,910.00"
2019-01-20,2019012001015213,NBB,55,33,"2,000",187.00,"374,000.00"
2019-01-20,2019012001015042,NBB,55,49,292,187.00,"54,604.00"
2019-01-20,2019012001015212,NBL,17,32,10,292.00,"2,920.00"
2019-01-20,2019012001015147,NBL,59,32,300,292.00,"87,600.00"
2019-01-20,2019012001015056,NBL,59,19,700,292.00,"204,400.00"
2019-01-20,2019012001014973,NBL,49,19,300,292.00,"87,600.00"
2019-01-20,2019012001014839,NBL,33,44,510,291.00,"148,410.00"
2019-01-20,2019012001014838,NBL,21,44,100,291.00,"29,100.00"
2019-01-20,2019012001014837,NBL,26,44,710,291.00,"206,610.00"
2019-01-20,2019012001014861,NCCB,33,34,20,216.00,"4,320.00"
2019-01-20,2019012001014894,NIB,34,57,239,540.00,"129,060.00"
2019-01-20,2019012001014893,NIB,42,57,42,540.00,"22,680.00"
2019-01-20,2019012001014849,NIB,42,6,33,540.00,"17,820.00"
2019-01-20,2019012001014848,NIB,54,6,20,540.00,"10,800.00"
2019-01-20,2019012001014847,NIB,45,6,70,540.00,"37,800.00"
2019-01-20,2019012001014846,NIB,57,6,64,540.00,"34,560.00"
2019-01-20,2019012001014845,NIB,45,6,433,540.00,"233,820.00"
2019-01-20,2019012001014795,NIBPO,29,37,100,485.00,"48,500.00"
2019-01-20,2019012001014794,NIBPO,22,37,100,486.00,"48,600.00"
2019-01-20,2019012001015228,NICA,28,19,100,393.00,"39,300.00"
2019-01-20,2019012001014953,NICA,57,45,300,393.00,"117,900.00"
2019-01-20,2019012001014815,NICA,36,10,10,392.00,"3,920.00"
2019-01-20,2019012001015216,NIL,50,52,200,543.00,"108,600.00"
2019-01-20,2019012001014926,NLIC,42,8,50,"1,119.00","55,950.00"
2019-01-20,2019012001014816,NLIC,59,43,100,"1,113.00","111,300.00"
2019-01-20,2019012001014764,NMB,11,42,230,322.00,"74,060.00"
2019-01-20,2019012001015194,NMBMF,7,41,35,"1,095.00","38,325.00"
2019-01-20,2019012001015193,NMBMF,7,41,35,"1,095.00","38,325.00"
2019-01-20,2019012001015078,NMFBS,33,14,10,"1,733.00","17,330.00"
2019-01-20,2019012001015077,NMFBS,33,45,40,"1,710.00","68,400.00"
2019-01-20,2019012001015076,NMFBS,33,42,10,"1,709.00","17,090.00"
2019-01-20,2019012001015145,NSEWA,17,7,10,600.00,"6,000.00"
2019-01-20,2019012001014939,NSEWA,11,17,10,599.00,"5,990.00"
2019-01-20,2019012001014914,NSEWA,11,10,10,599.00,"5,990.00"
2019-01-20,2019012001015016,NTC,59,55,10,735.00,"7,350.00"
2019-01-20,2019012001014938,PFL,13,33,25,133.00,"3,325.00"
2019-01-20,2019012001014862,PFL,13,10,37,133.00,"4,921.00"
2019-01-20,2019012001015083,PIC,45,51,11,"1,056.00","11,616.00"
2019-01-20,2019012001015192,PLIC,50,42,50,497.00,"24,850.00"
2019-01-20,2019012001015184,PMHPL,26,7,10,110.00,"1,100.00"
2019-01-20,2019012001015138,PMHPL,26,51,10,110.00,"1,100.00"
2019-01-20,2019012001014982,PMHPL,40,25,10,111.00,"1,110.00"
2019-01-20,2019012001014965,PMHPL,26,40,10,110.00,"1,100.00"
2019-01-20,2019012001014943,PMHPL,26,58,10,110.00,"1,100.00"
2019-01-20,2019012001015118,PRIN,6,22,100,453.00,"45,300.00"
2019-01-20,2019012001015117,PRIN,6,51,192,450.00,"86,400.00"
2019-01-20,2019012001015116,PRIN,6,6,50,449.00,"22,450.00"
2019-01-20,2019012001014776,PURBL,25,10,232,148.00,"34,336.00"
2019-01-20,2019012001014775,PURBL,13,10,500,148.00,"74,000.00"
2019-01-20,2019012001015091,RADHI,13,51,11,167.00,"1,837.00"
2019-01-20,2019012001015027,RADHI,40,40,10,168.00,"1,680.00"
2019-01-20,2019012001015006,RADHI,13,50,11,167.00,"1,837.00"
2019-01-20,2019012001015048,RBCL,58,50,30,"9,450.00","283,500.00"
2019-01-20,2019012001014858,RBCL,17,49,10,"9,415.00","94,150.00"
2019-01-20,2019012001014830,RBCL,52,6,34,"9,416.00","320,144.00"
2019-01-20,2019012001014791,RBCLPO,59,33,10,"8,788.00","87,880.00"
2019-01-20,2019012001014790,RBCLPO,59,33,10,"8,788.00","87,880.00"
2019-01-20,2019012001015152,RRHP,40,3,10,100.00,"1,000.00"
2019-01-20,2019012001015119,RRHP,49,40,10,99.00,990.00
2019-01-20,2019012001015038,RRHP,49,51,10,99.00,990.00
2019-01-20,2019012001014932,RRHP,49,58,10,99.00,990.00
2019-01-20,2019012001014855,RRHP,49,48,10,99.00,990.00
2019-01-20,2019012001014787,RRHP,49,48,10,99.00,990.00
2019-01-20,2019012001015002,SANIMA,47,10,12,303.00,"3,636.00"
2019-01-20,2019012001014762,SANIMA,34,49,116,304.00,"35,264.00"
2019-01-20,2019012001015059,SBI,17,49,230,386.00,"88,780.00"
2019-01-20,2019012001014931,SBL,53,6,781,290.00,"226,490.00"
2019-01-20,2019012001014930,SBL,53,17,100,290.00,"29,000.00"
2019-01-20,2019012001014929,SBL,53,45,30,290.00,"8,700.00"
2019-01-20,2019012001014928,SBL,53,25,25,290.00,"7,250.00"
2019-01-20,2019012001014879,SBL,29,25,75,290.00,"21,750.00"
2019-01-20,2019012001014878,SBL,29,53,175,290.00,"50,750.00"
2019-01-20,2019012001015051,SCB,35,33,200,580.00,"116,000.00"
2019-01-20,2019012001014760,SCB,41,33,300,580.00,"174,000.00"
2019-01-20,2019012001014759,SCB,58,33,100,582.00,"58,200.00"
2019-01-20,2019012001014758,SCB,49,33,100,582.00,"58,200.00"
2019-01-20,2019012001014757,SCB,22,33,100,583.00,"58,300.00"
2019-01-20,2019012001014756,SCB,50,33,100,584.00,"58,400.00"
2019-01-20,2019012001014996,SDESI,33,43,50,620.00,"31,000.00"
2019-01-20,2019012001014910,SDESI,45,50,27,622.00,"16,794.00"
2019-01-20,2019012001014882,SDESI,45,39,13,621.00,"8,073.00"
2019-01-20,2019012001014869,SDESI,45,49,23,620.00,"14,260.00"
2019-01-20,2019012001014868,SDESI,45,49,23,620.00,"14,260.00"
2019-01-20,2019012001015191,SHL,42,1,100,206.00,"20,600.00"
2019-01-20,2019012001014936,SHPC,26,6,39,237.00,"9,243.00"
2019-01-20,2019012001014935,SHPC,26,17,11,234.00,"2,574.00"
2019-01-20,2019012001014853,SKBBL,13,55,50,882.00,"44,100.00"
2019-01-20,2019012001014752,SKBBL,55,54,100,883.00,"88,300.00"
2019-01-20,2019012001014865,SLBS,14,39,35,"1,031.00","36,085.00"
2019-01-20,2019012001015031,SMATA,22,58,38,"1,181.00","44,878.00"
2019-01-20,2019012001014983,SMATA,22,43,16,"1,181.00","18,896.00"
2019-01-20,2019012001015158,UIC,25,58,150,780.00,"117,000.00"
2019-01-20,2019012001015247,UPPER,36,26,50,290.00,"14,500.00"
2019-01-20,2019012001015246,UPPER,36,46,40,290.00,"11,600.00"
2019-01-20,2019012001015239,UPPER,36,40,40,290.00,"11,600.00"
2019-01-20,2019012001015238,UPPER,36,48,50,290.00,"14,500.00"
2019-01-20,2019012001015237,UPPER,52,37,40,291.00,"11,640.00"
2019-01-20,2019012001014751,UPPER,47,51,40,292.00,"11,680.00"
2019-01-20,2019012001014750,UPPER,47,13,10,292.00,"2,920.00"
2019-01-20,2019012001014749,UPPER,33,13,40,292.00,"11,680.00"
2019-01-20,2019012001014748,UPPER,33,39,50,292.00,"14,600.00"
2019-01-20,2019012001014766,UPPER,7,17,50,291.00,"14,550.00"
2019-01-20,2019012001014765,UPPER,7,13,50,291.00,"14,550.00"
2019-01-20,2019012001014763,UPPER,7,17,30,291.00,"8,730.00"
2019-01-20,2019012001014755,UPPER,47,17,50,292.00,"14,600.00"
2019-01-20,2019012001014753,UPPER,47,47,50,292.00,"14,600.00"
2019-01-20,2019012001014773,UPPER,7,21,40,291.00,"11,640.00"
2019-01-20,2019012001014772,UPPER,7,1,50,291.00,"14,550.00"
2019-01-20,2019012001014771,UPPER,7,1,40,291.00,"11,640.00"
2019-01-20,2019012001014770,UPPER,7,58,50,291.00,"14,550.00"
2019-01-20,2019012001014768,UPPER,7,17,50,291.00,"14,550.00"
2019-01-20,2019012001014767,UPPER,7,39,50,291.00,"14,550.00"
2019-01-20,2019012001014792,UPPER,13,18,40,290.00,"11,600.00"
2019-01-20,2019012001014789,UPPER,35,8,50,291.00,"14,550.00"
2019-01-20,2019012001014786,UPPER,35,58,50,291.00,"14,550.00"
2019-01-20,2019012001014781,UPPER,13,1,50,290.00,"14,500.00"
2019-01-20,2019012001014779,UPPER,7,51,50,291.00,"14,550.00"
2019-01-20,2019012001014778,UPPER,7,43,40,291.00,"11,640.00"
2019-01-20,2019012001014807,UPPER,1,1,40,290.00,"11,600.00"
2019-01-20,2019012001014806,UPPER,13,1,10,290.00,"2,900.00"
2019-01-20,2019012001014805,UPPER,13,51,40,290.00,"11,600.00"
2019-01-20,2019012001014804,UPPER,13,17,40,290.00,"11,600.00"
2019-01-20,2019012001014803,UPPER,13,1,50,290.00,"14,500.00"
2019-01-20,2019012001014796,UPPER,13,16,50,290.00,"14,500.00"
2019-01-20,2019012001014813,UPPER,1,43,40,290.00,"11,600.00"
2019-01-20,2019012001014812,UPPER,49,29,10,292.00,"2,920.00"
2019-01-20,2019012001014811,UPPER,49,29,40,292.00,"11,680.00"
2019-01-20,2019012001014810,UPPER,49,42,50,292.00,"14,600.00"
2019-01-20,2019012001014809,UPPER,49,42,50,291.00,"14,550.00"
2019-01-20,2019012001014808,UPPER,49,13,50,291.00,"14,550.00"
2019-01-20,2019012001014824,UPPER,55,1,40,291.00,"11,640.00"
2019-01-20,2019012001014823,UPPER,55,1,40,291.00,"11,640.00"
2019-01-20,2019012001014820,UPPER,56,1,20,292.00,"5,840.00"
2019-01-20,2019012001014819,UPPER,56,17,50,292.00,"14,600.00"
2019-01-20,2019012001014817,UPPER,56,29,30,292.00,"8,760.00"
2019-01-20,2019012001014814,UPPER,1,21,40,290.00,"11,600.00"
2019-01-20,2019012001014832,UPPER,55,29,40,291.00,"11,640.00"
2019-01-20,2019012001014831,UPPER,55,43,40,291.00,"11,640.00"
2019-01-20,2019012001014829,UPPER,55,42,50,291.00,"14,550.00"
2019-01-20,2019012001014827,UPPER,55,18,50,291.00,"14,550.00"
2019-01-20,2019012001014826,UPPER,55,18,40,291.00,"11,640.00"
2019-01-20,2019012001014825,UPPER,55,17,40,291.00,"11,640.00"
2019-01-20,2019012001014842,UPPER,1,1,50,290.00,"14,500.00"
2019-01-20,2019012001014841,UPPER,1,28,26,290.00,"7,540.00"
2019-01-20,2019012001014840,UPPER,55,28,24,291.00,"6,984.00"
2019-01-20,2019012001014836,UPPER,55,43,50,291.00,"14,550.00"
2019-01-20,2019012001014834,UPPER,55,17,40,291.00,"11,640.00"
2019-01-20,2019012001014856,UPPER,1,21,50,290.00,"14,500.00"
2019-01-20,2019012001014852,UPPER,34,29,50,292.00,"14,600.00"
2019-01-20,2019012001014851,UPPER,34,13,40,292.00,"11,680.00"
2019-01-20,2019012001014850,UPPER,34,1,20,292.00,"5,840.00"
2019-01-20,2019012001014844,UPPER,1,1,50,290.00,"14,500.00"
2019-01-20,2019012001014843,UPPER,1,18,50,290.00,"14,500.00"
2019-01-20,2019012001014866,UPPER,57,51,40,291.00,"11,640.00"
2019-01-20,2019012001014864,UPPER,57,1,50,291.00,"14,550.00"
2019-01-20,2019012001014863,UPPER,57,18,50,291.00,"14,550.00"
2019-01-20,2019012001014860,UPPER,57,42,40,291.00,"11,640.00"
2019-01-20,2019012001014859,UPPER,1,17,50,290.00,"14,500.00"
2019-01-20,2019012001014857,UPPER,1,22,40,290.00,"11,600.00"
2019-01-20,2019012001014874,UPPER,57,43,50,291.00,"14,550.00"
2019-01-20,2019012001014873,UPPER,57,58,50,291.00,"14,550.00"
2019-01-20,2019012001014872,UPPER,57,1,50,291.00,"14,550.00"
2019-01-20,2019012001014871,UPPER,57,40,40,291.00,"11,640.00"
2019-01-20,2019012001014870,UPPER,57,21,50,291.00,"14,550.00"
2019-01-20,2019012001014867,UPPER,57,42,40,291.00,"11,640.00"
2019-01-20,2019012001014883,UPPER,28,58,50,292.00,"14,600.00"
2019-01-20,2019012001014881,UPPER,11,51,40,291.00,"11,640.00"
2019-01-20,2019012001014880,UPPER,11,33,40,291.00,"11,640.00"
2019-01-20,2019012001014876,UPPER,11,42,10,291.00,"2,910.00"
2019-01-20,2019012001014875,UPPER,57,42,40,291.00,"11,640.00"
2019-01-20,2019012001014896,UPPER,19,17,30,291.00,"8,730.00"
2019-01-20,2019012001014895,UPPER,19,29,40,291.00,"11,640.00"
2019-01-20,2019012001014889,UPPER,19,17,30,291.00,"8,730.00"
2019-01-20,2019012001014888,UPPER,11,17,10,291.00,"2,910.00"
2019-01-20,2019012001014885,UPPER,11,28,50,291.00,"14,550.00"
2019-01-20,2019012001014884,UPPER,28,29,50,292.00,"14,600.00"
2019-01-20,2019012001014903,UPPER,19,1,40,290.00,"11,600.00"
2019-01-20,2019012001014902,UPPER,19,58,36,290.00,"10,440.00"
2019-01-20,2019012001014901,UPPER,1,58,14,290.00,"4,060.00"
2019-01-20,2019012001014900,UPPER,1,21,50,290.00,"14,500.00"
2019-01-20,2019012001014898,UPPER,29,1,30,291.00,"8,730.00"
2019-01-20,2019012001014897,UPPER,29,17,20,291.00,"5,820.00"
2019-01-20,2019012001014917,UPPER,34,1,10,291.00,"2,910.00"
2019-01-20,2019012001014915,UPPER,48,26,50,290.00,"14,500.00"
2019-01-20,2019012001014912,UPPER,48,17,40,290.00,"11,600.00"
2019-01-20,2019012001014911,UPPER,48,17,40,290.00,"11,600.00"
2019-01-20,2019012001014909,UPPER,48,59,16,290.00,"4,640.00"
2019-01-20,2019012001014908,UPPER,19,59,24,290.00,"6,960.00"
2019-01-20,2019012001014923,UPPER,34,29,50,292.00,"14,600.00"
2019-01-20,2019012001014922,UPPER,34,13,50,292.00,"14,600.00"
2019-01-20,2019012001014921,UPPER,34,56,40,292.00,"11,680.00"
2019-01-20,2019012001014920,UPPER,34,4,50,292.00,"14,600.00"
2019-01-20,2019012001014919,UPPER,34,47,40,291.00,"11,640.00"
2019-01-20,2019012001014918,UPPER,34,26,50,291.00,"14,550.00"
2019-01-20,2019012001014941,UPPER,32,17,40,291.00,"11,640.00"
2019-01-20,2019012001014940,UPPER,32,28,50,291.00,"14,550.00"
2019-01-20,2019012001014934,UPPER,32,1,40,291.00,"11,640.00"
2019-01-20,2019012001014933,UPPER,48,21,40,290.00,"11,600.00"
2019-01-20,2019012001014927,UPPER,48,51,40,290.00,"11,600.00"
2019-01-20,2019012001014925,UPPER,48,28,50,290.00,"14,500.00"
2019-01-20,2019012001014947,UPPER,32,28,50,291.00,"14,550.00"
2019-01-20,2019012001014945,UPPER,32,51,40,291.00,"11,640.00"
2019-01-20,2019012001014944,UPPER,32,59,50,291.00,"14,550.00"
2019-01-20,2019012001014955,UPPER,39,47,10,291.00,"2,910.00"
2019-01-20,2019012001014954,UPPER,57,47,30,291.00,"8,730.00"
2019-01-20,2019012001014952,UPPER,57,17,10,291.00,"2,910.00"
2019-01-20,2019012001014951,UPPER,32,17,30,291.00,"8,730.00"
2019-01-20,2019012001014950,UPPER,32,39,50,291.00,"14,550.00"
2019-01-20,2019012001014949,UPPER,32,1,50,291.00,"14,550.00"
2019-01-20,2019012001014976,UPPER,48,29,40,290.00,"11,600.00"
2019-01-20,2019012001014974,UPPER,48,39,40,290.00,"11,600.00"
2019-01-20,2019012001014971,UPPER,48,28,40,290.00,"11,600.00"
2019-01-20,2019012001014970,UPPER,39,35,10,291.00,"2,910.00"
2019-01-20,2019012001014968,UPPER,39,1,40,291.00,"11,640.00"
2019-01-20,2019012001014956,UPPER,39,41,40,291.00,"11,640.00"
2019-01-20,2019012001014984,UPPER,26,35,30,291.00,"8,730.00"
2019-01-20,2019012001014981,UPPER,45,58,25,290.00,"7,250.00"
2019-01-20,2019012001014980,UPPER,57,58,25,290.00,"7,250.00"
2019-01-20,2019012001014979,UPPER,57,28,25,290.00,"7,250.00"
2019-01-20,2019012001014978,UPPER,48,28,15,290.00,"4,350.00"
2019-01-20,2019012001014977,UPPER,48,1,50,290.00,"14,500.00"
2019-01-20,2019012001014991,UPPER,45,1,25,290.00,"7,250.00"
2019-01-20,2019012001014990,UPPER,45,21,40,290.00,"11,600.00"
2019-01-20,2019012001014988,UPPER,45,39,40,290.00,"11,600.00"
2019-01-20,2019012001014987,UPPER,45,39,50,290.00,"14,500.00"
2019-01-20,2019012001014986,UPPER,45,26,20,290.00,"5,800.00"
2019-01-20,2019012001014985,UPPER,26,26,20,291.00,"5,820.00"
2019-01-20,2019012001014999,UPPER,1,26,15,290.00,"4,350.00"
2019-01-20,2019012001014998,UPPER,25,26,25,290.00,"7,250.00"
2019-01-20,2019012001014997,UPPER,58,26,10,291.00,"2,910.00"
2019-01-20,2019012001014995,UPPER,58,40,40,291.00,"11,640.00"
2019-01-20,2019012001014993,UPPER,58,35,50,291.00,"14,550.00"
2019-01-20,2019012001014992,UPPER,25,1,25,290.00,"7,250.00"
2019-01-20,2019012001015013,UPPER,1,39,50,290.00,"14,500.00"
2019-01-20,2019012001015011,UPPER,1,1,50,290.00,"14,500.00"
2019-01-20,2019012001015010,UPPER,37,58,30,291.00,"8,730.00"
2019-01-20,2019012001015009,UPPER,1,54,40,290.00,"11,600.00"
2019-01-20,2019012001015008,UPPER,1,21,40,290.00,"11,600.00"
2019-01-20,2019012001015004,UPPER,1,17,40,290.00,"11,600.00"
2019-01-20,2019012001015020,UPPER,34,58,10,291.00,"2,910.00"
2019-01-20,2019012001015019,UPPER,34,59,40,291.00,"11,640.00"
2019-01-20,2019012001015018,UPPER,1,58,40,290.00,"11,600.00"
2019-01-20,2019012001015017,UPPER,1,26,40,290.00,"11,600.00"
2019-01-20,2019012001015015,UPPER,1,13,50,290.00,"14,500.00"
2019-01-20,2019012001015026,UPPER,11,21,40,291.00,"11,640.00"
2019-01-20,2019012001015025,UPPER,34,29,50,292.00,"14,600.00"
2019-01-20,2019012001015024,UPPER,34,47,40,292.00,"11,680.00"
2019-01-20,2019012001015023,UPPER,34,47,50,292.00,"14,600.00"
2019-01-20,2019012001015022,UPPER,34,47,40,292.00,"11,680.00"
2019-01-20,2019012001015021,UPPER,34,13,40,292.00,"11,680.00"
2019-01-20,2019012001015035,UPPER,22,29,40,292.00,"11,680.00"
2019-01-20,2019012001015034,UPPER,11,58,50,291.00,"14,550.00"
2019-01-20,2019012001015033,UPPER,11,17,40,291.00,"11,640.00"
2019-01-20,2019012001015032,UPPER,11,28,40,291.00,"11,640.00"
2019-01-20,2019012001015029,UPPER,11,28,50,291.00,"14,550.00"
2019-01-20,2019012001015028,UPPER,11,39,50,291.00,"14,550.00"
2019-01-20,2019012001015043,UPPER,11,21,40,291.00,"11,640.00"
2019-01-20,2019012001015041,UPPER,11,26,20,291.00,"5,820.00"
2019-01-20,2019012001015040,UPPER,22,26,30,292.00,"8,760.00"
2019-01-20,2019012001015039,UPPER,22,13,40,292.00,"11,680.00"
2019-01-20,2019012001015037,UPPER,22,59,40,292.00,"11,680.00"
2019-01-20,2019012001015036,UPPER,22,51,50,292.00,"14,600.00"
2019-01-20,2019012001015053,UPPER,1,57,40,290.00,"11,600.00"
2019-01-20,2019012001015052,UPPER,11,57,10,291.00,"2,910.00"
2019-01-20,2019012001015050,UPPER,11,39,10,291.00,"2,910.00"
2019-01-20,2019012001015049,UPPER,11,39,50,291.00,"14,550.00"
2019-01-20,2019012001015047,UPPER,11,35,50,291.00,"14,550.00"
2019-01-20,2019012001015046,UPPER,11,28,50,291.00,"14,550.00"
2019-01-20,2019012001015061,UPPER,42,58,50,292.00,"14,600.00"
2019-01-20,2019012001015060,UPPER,42,29,40,292.00,"11,680.00"
2019-01-20,2019012001015058,UPPER,1,21,40,290.00,"11,600.00"
2019-01-20,2019012001015057,UPPER,1,1,40,290.00,"11,600.00"
2019-01-20,2019012001015055,UPPER,1,28,40,290.00,"11,600.00"
2019-01-20,2019012001015054,UPPER,1,58,40,290.00,"11,600.00"
2019-01-20,2019012001015067,UPPER,1,55,40,290.00,"11,600.00"
2019-01-20,2019012001015066,UPPER,1,43,50,290.00,"14,500.00"
2019-01-20,2019012001015065,UPPER,1,58,50,290.00,"14,500.00"
2019-01-20,2019012001015064,UPPER,1,21,40,290.00,"11,600.00"
2019-01-20,2019012001015063,UPPER,1,42,50,290.00,"14,500.00"
2019-01-20,2019012001015062,UPPER,42,58,10,292.00,"2,920.00"
2019-01-20,2019012001015073,UPPER,50,10,100,290.00,"29,000.00"
2019-01-20,2019012001015072,UPPER,1,10,15,290.00,"4,350.00"
2019-01-20,2019012001015071,UPPER,1,48,50,290.00,"14,500.00"
2019-01-20,2019012001015070,UPPER,1,57,50,290.00,"14,500.00"
2019-01-20,2019012001015069,UPPER,1,28,40,290.00,"11,600.00"
2019-01-20,2019012001015068,UPPER,1,17,50,290.00,"14,500.00"
2019-01-20,2019012001015082,UPPER,39,58,26,290.00,"7,540.00"
2019-01-20,2019012001015081,UPPER,32,58,24,290.00,"6,960.00"
2019-01-20,2019012001015080,UPPER,32,39,30,290.00,"8,700.00"
2019-01-20,2019012001015079,UPPER,32,35,50,290.00,"14,500.00"
2019-01-20,2019012001015075,UPPER,32,21,40,290.00,"11,600.00"
2019-01-20,2019012001015074,UPPER,32,10,56,290.00,"16,240.00"
2019-01-20,2019012001015090,UPPER,58,44,50,289.00,"14,450.00"
2019-01-20,2019012001015089,UPPER,58,55,40,289.00,"11,560.00"
2019-01-20,2019012001015088,UPPER,58,39,50,289.00,"14,450.00"
2019-01-20,2019012001015087,UPPER,58,36,40,289.00,"11,560.00"
2019-01-20,2019012001015086,UPPER,58,28,40,289.00,"11,560.00"
2019-01-20,2019012001015084,UPPER,39,56,24,290.00,"6,960.00"
2019-01-20,2019012001015097,UPPER,54,6,40,290.00,"11,600.00"
2019-01-20,2019012001015096,UPPER,54,56,16,290.00,"4,640.00"
2019-01-20,2019012001015095,UPPER,58,47,50,289.00,"14,450.00"
2019-01-20,2019012001015094,UPPER,58,52,175,289.00,"50,575.00"
2019-01-20,2019012001015093,UPPER,58,35,40,289.00,"11,560.00"
2019-01-20,2019012001015092,UPPER,58,21,40,289.00,"11,560.00"
2019-01-20,2019012001015105,UPPER,54,1,50,290.00,"14,500.00"
2019-01-20,2019012001015104,UPPER,54,28,50,290.00,"14,500.00"
2019-01-20,2019012001015102,UPPER,54,32,50,290.00,"14,500.00"
2019-01-20,2019012001015101,UPPER,54,34,50,290.00,"14,500.00"
2019-01-20,2019012001015099,UPPER,54,48,50,290.00,"14,500.00"
2019-01-20,2019012001015098,UPPER,54,29,50,290.00,"14,500.00"
2019-01-20,2019012001015112,UPPER,32,58,40,291.00,"11,640.00"
2019-01-20,2019012001015111,UPPER,32,13,50,291.00,"14,550.00"
2019-01-20,2019012001015110,UPPER,32,59,50,291.00,"14,550.00"
2019-01-20,2019012001015108,UPPER,54,21,40,290.00,"11,600.00"
2019-01-20,2019012001015107,UPPER,54,48,50,290.00,"14,500.00"
2019-01-20,2019012001015106,UPPER,54,43,50,290.00,"14,500.00"
2019-01-20,2019012001015122,UPPER,21,17,40,290.00,"11,600.00"
2019-01-20,2019012001015121,UPPER,21,32,50,290.00,"14,500.00"
2019-01-20,2019012001015120,UPPER,21,48,40,290.00,"11,600.00"
2019-01-20,2019012001015115,UPPER,58,58,50,289.00,"14,450.00"
2019-01-20,2019012001015114,UPPER,58,47,40,289.00,"11,560.00"
2019-01-20,2019012001015113,UPPER,32,29,40,291.00,"11,640.00"
2019-01-20,2019012001015130,UPPER,21,1,50,290.00,"14,500.00"
2019-01-20,2019012001015129,UPPER,21,39,40,290.00,"11,600.00"
2019-01-20,2019012001015128,UPPER,21,22,50,290.00,"14,500.00"
2019-01-20,2019012001015125,UPPER,21,36,40,290.00,"11,600.00"
2019-01-20,2019012001015124,UPPER,21,29,40,290.00,"11,600.00"
2019-01-20,2019012001015123,UPPER,21,48,40,290.00,"11,600.00"
2019-01-20,2019012001015137,UPPER,28,48,30,290.00,"8,700.00"
2019-01-20,2019012001015136,UPPER,28,44,50,290.00,"14,500.00"
2019-01-20,2019012001015134,UPPER,28,6,20,290.00,"5,800.00"
2019-01-20,2019012001015133,UPPER,21,6,20,290.00,"5,800.00"
2019-01-20,2019012001015132,UPPER,21,16,40,290.00,"11,600.00"
2019-01-20,2019012001015131,UPPER,21,42,50,290.00,"14,500.00"
2019-01-20,2019012001015151,UPPER,42,47,10,290.00,"2,900.00"
2019-01-20,2019012001015150,UPPER,42,17,10,290.00,"2,900.00"
2019-01-20,2019012001015149,UPPER,6,17,30,290.00,"8,700.00"
2019-01-20,2019012001015148,UPPER,6,48,20,290.00,"5,800.00"
2019-01-20,2019012001015146,UPPER,58,58,40,289.00,"11,560.00"
2019-01-20,2019012001015142,UPPER,58,26,40,289.00,"11,560.00"
2019-01-20,2019012001015159,UPPER,52,47,30,290.00,"8,700.00"
2019-01-20,2019012001015157,UPPER,58,56,40,289.00,"11,560.00"
2019-01-20,2019012001015156,UPPER,58,39,40,289.00,"11,560.00"
2019-01-20,2019012001015155,UPPER,58,21,40,289.00,"11,560.00"
2019-01-20,2019012001015154,UPPER,58,43,40,289.00,"11,560.00"
2019-01-20,2019012001015153,UPPER,58,49,40,289.00,"11,560.00"
2019-01-20,2019012001015165,UPPER,22,56,50,290.00,"14,500.00"
2019-01-20,2019012001015164,UPPER,22,1,30,290.00,"8,700.00"
2019-01-20,2019012001015163,UPPER,58,39,50,289.00,"14,450.00"
2019-01-20,2019012001015162,UPPER,52,1,20,290.00,"5,800.00"
2019-01-20,2019012001015161,UPPER,52,43,50,290.00,"14,500.00"
2019-01-20,2019012001015160,UPPER,52,16,40,290.00,"11,600.00"
2019-01-20,2019012001015171,UPPER,22,58,50,292.00,"14,600.00"
2019-01-20,2019012001015170,UPPER,22,47,50,292.00,"14,600.00"
2019-01-20,2019012001015169,UPPER,22,13,50,292.00,"14,600.00"
2019-01-20,2019012001015168,UPPER,22,58,40,292.00,"11,680.00"
2019-01-20,2019012001015167,UPPER,22,13,50,291.00,"14,550.00"
2019-01-20,2019012001015166,UPPER,22,48,50,290.00,"14,500.00"
2019-01-20,2019012001015177,UPPER,56,29,40,290.00,"11,600.00"
2019-01-20,2019012001015175,UPPER,58,5,50,289.00,"14,450.00"
2019-01-20,2019012001015174,UPPER,22,58,50,292.00,"14,600.00"
2019-01-20,2019012001015173,UPPER,22,58,40,292.00,"11,680.00"
2019-01-20,2019012001015172,UPPER,22,13,40,292.00,"11,680.00"
2019-01-20,2019012001015183,UPPER,56,29,40,290.00,"11,600.00"
2019-01-20,2019012001015182,UPPER,56,16,50,290.00,"14,500.00"
2019-01-20,2019012001015181,UPPER,56,44,40,290.00,"11,600.00"
2019-01-20,2019012001015180,UPPER,56,10,50,290.00,"14,500.00"
2019-01-20,2019012001015179,UPPER,56,47,50,290.00,"14,500.00"
2019-01-20,2019012001015178,UPPER,56,26,50,290.00,"14,500.00"
2019-01-20,2019012001015190,UPPER,54,49,50,290.00,"14,500.00"
2019-01-20,2019012001015189,UPPER,54,17,50,290.00,"14,500.00"
2019-01-20,2019012001015188,UPPER,56,48,50,290.00,"14,500.00"
2019-01-20,2019012001015187,UPPER,56,58,40,290.00,"11,600.00"
2019-01-20,2019012001015186,UPPER,56,35,40,290.00,"11,600.00"
2019-01-20,2019012001015185,UPPER,56,26,50,290.00,"14,500.00"
2019-01-20,2019012001015201,UPPER,36,36,40,290.00,"11,600.00"
2019-01-20,2019012001015200,UPPER,54,36,10,290.00,"2,900.00"
2019-01-20,2019012001015196,UPPER,54,26,50,290.00,"14,500.00"
2019-01-20,2019012001015195,UPPER,54,57,40,290.00,"11,600.00"
2019-01-20,2019012001015217,UPPER,36,29,50,290.00,"14,500.00"
2019-01-20,2019012001015214,UPPER,36,49,50,290.00,"14,500.00"
2019-01-20,2019012001015211,UPPER,36,48,50,290.00,"14,500.00"
2019-01-20,2019012001015210,UPPER,36,26,50,290.00,"14,500.00"
2019-01-20,2019012001015204,UPPER,36,21,40,290.00,"11,600.00"
2019-01-20,2019012001015227,UPPER,36,35,40,290.00,"11,600.00"
2019-01-20,2019012001015225,UPPER,36,48,50,290.00,"14,500.00"
2019-01-20,2019012001015224,UPPER,36,26,50,290.00,"14,500.00"
2019-01-20,2019012001015223,UPPER,36,10,50,290.00,"14,500.00"
2019-01-20,2019012001015222,UPPER,36,58,50,290.00,"14,500.00"
2019-01-20,2019012001015220,UPPER,36,44,40,290.00,"11,600.00"
2019-01-20,2019012001015236,UPPER,52,29,50,291.00,"14,550.00"
2019-01-20,2019012001015235,UPPER,52,58,40,291.00,"11,640.00"
2019-01-20,2019012001015232,UPPER,36,39,40,290.00,"11,600.00"
2019-01-20,2019012001015231,UPPER,36,13,50,290.00,"14,500.00"
2019-01-20,2019012001015230,UPPER,36,22,50,290.00,"14,500.00"
2019-01-20,2019012001015229,UPPER,36,49,50,290.00,"14,500.00"
2019-01-20,2019012001015141,WOMI,55,49,25,"1,150.00","28,750.00"
2019-01-20,2019012001015140,WOMI,55,49,25,"1,150.00","28,750.00"
2019-01-20,2019012001014370,AHPC,44,52,"1,000",104.00,"104,000.00"
2019-01-20,2019012001014277,AKPL,39,59,10,189.00,"1,890.00"
2019-01-20,2019012001014609,API,42,25,100,149.00,"14,900.00"
2019-01-20,2019012001014553,API,38,25,"3,000",149.00,"447,000.00"
2019-01-20,2019012001014552,API,52,25,10,149.00,"1,490.00"
2019-01-20,2019012001014551,API,57,25,200,150.00,"30,000.00"
2019-01-20,2019012001014550,API,18,25,55,150.00,"8,250.00"
2019-01-20,2019012001014549,API,35,25,111,151.00,"16,761.00"
2019-01-20,2019012001014522,API,35,48,131,151.00,"19,781.00"
2019-01-20,2019012001014378,API,35,26,18,151.00,"2,718.00"
2019-01-20,2019012001014320,API,35,48,250,151.00,"37,750.00"
2019-01-20,2019012001014740,BOKL,51,8,50,265.00,"13,250.00"
2019-01-20,2019012001014566,BOKL,58,8,20,265.00,"5,300.00"
2019-01-20,2019012001014366,BOKL,38,33,200,264.00,"52,800.00"
2019-01-20,2019012001014488,BPCL,40,40,20,370.00,"7,400.00"
2019-01-20,2019012001014436,BPCL,16,34,980,370.00,"362,600.00"
2019-01-20,2019012001014435,BPCL,42,34,40,370.00,"14,800.00"
2019-01-20,2019012001014691,CBL,6,6,"1,722",160.00,"275,520.00"
2019-01-20,2019012001014690,CBL,18,6,500,160.00,"80,000.00"
2019-01-20,2019012001014689,CBL,16,6,400,160.00,"64,000.00"
2019-01-20,2019012001014688,CBL,22,6,368,160.00,"58,880.00"
2019-01-20,2019012001014687,CBL,52,6,200,161.00,"32,200.00"
2019-01-20,2019012001014686,CBL,44,6,210,161.00,"33,810.00"
2019-01-20,2019012001014587,CBL,44,42,90,161.00,"14,490.00"
2019-01-20,2019012001014586,CBL,22,42,10,161.00,"1,610.00"
2019-01-20,2019012001014506,CCBL,10,11,100,171.00,"17,100.00"
2019-01-20,2019012001014461,CCBL,10,11,100,171.00,"17,100.00"
2019-01-20,2019012001014437,CCBL,10,11,100,171.00,"17,100.00"
2019-01-20,2019012001014412,CCBL,10,11,100,171.00,"17,100.00"
2019-01-20,2019012001014384,CCBL,10,11,24,171.00,"4,104.00"
2019-01-20,2019012001014383,CCBL,10,11,76,171.00,"12,996.00"
2019-01-20,2019012001014663,CIT,16,57,240,"2,573.00","617,520.00"
2019-01-20,2019012001014662,CIT,37,57,50,"2,575.00","128,750.00"
2019-01-20,2019012001014661,CIT,58,57,50,"2,576.00","128,800.00"
2019-01-20,2019012001014660,CIT,1,57,100,"2,576.00","257,600.00"
2019-01-20,2019012001014659,CIT,17,57,50,"2,577.00","128,850.00"
2019-01-20,2019012001014649,CIT,17,50,50,"2,577.00","128,850.00"
2019-01-20,2019012001014565,CIT,25,33,10,"2,600.00","26,000.00"
2019-01-20,2019012001014564,CIT,25,33,190,"2,599.00","493,810.00"
2019-01-20,2019012001014673,CZBIL,34,45,161,215.00,"34,615.00"
2019-01-20,2019012001014439,CZBIL,38,45,250,215.00,"53,750.00"
2019-01-20,2019012001014259,CZBIL,59,45,50,215.00,"10,750.00"
2019-01-20,2019012001014556,GBIME,58,47,20,265.00,"5,300.00"
2019-01-20,2019012001014400,GBIME,37,54,30,264.00,"7,920.00"
2019-01-20,2019012001014310,GBIME,6,54,10,264.00,"2,640.00"
2019-01-20,2019012001014286,GBIME,41,54,50,264.00,"13,200.00"
2019-01-20,2019012001014285,GBIME,59,54,10,264.00,"2,640.00"
2019-01-20,2019012001014520,GLICL,58,58,638,717.00,"457,446.00"
2019-01-20,2019012001014346,GLICL,16,58,50,725.00,"36,250.00"
2019-01-20,2019012001014388,HBL,6,26,55,448.00,"24,640.00"
2019-01-20,2019012001014728,HGI,26,22,100,399.00,"39,900.00"
2019-01-20,2019012001014470,HIDCL,28,10,40,148.00,"5,920.00"
2019-01-20,2019012001014731,JBNL,22,35,20,169.00,"3,380.00"
2019-01-20,2019012001014454,JEFL,6,32,81,129.00,"10,449.00"
2019-01-20,2019012001014371,KBBL,14,19,150,212.00,"31,800.00"
2019-01-20,2019012001014319,KBBL,14,54,50,212.00,"10,600.00"
2019-01-20,2019012001014357,KBL,11,46,20,250.00,"5,000.00"
2019-01-20,2019012001014328,KMFL,28,57,21,941.00,"19,761.00"
2019-01-20,2019012001014525,KPCL,45,40,10,99.00,990.00
2019-01-20,2019012001014555,KPCL,40,21,10,100.00,"1,000.00"
2019-01-20,2019012001014422,KSBBL,1,26,58,137.00,"7,946.00"
2019-01-20,2019012001014421,KSBBL,38,26,300,138.00,"41,400.00"
2019-01-20,2019012001014696,LBBL,35,45,500,172.00,"86,000.00"
2019-01-20,2019012001014648,MBL,38,29,250,210.00,"52,500.00"
2019-01-20,2019012001014559,MBL,38,34,100,210.00,"21,000.00"
2019-01-20,2019012001014489,MBL,38,44,200,211.00,"42,200.00"
2019-01-20,2019012001014614,MEGA,25,1,800,168.00,"134,400.00"
2019-01-20,2019012001014613,MEGA,56,1,200,168.00,"33,600.00"
2019-01-20,2019012001014601,MEGA,52,1,700,168.00,"117,600.00"
2019-01-20,2019012001014600,MEGA,13,1,500,168.00,"84,000.00"
2019-01-20,2019012001014599,MEGA,17,1,177,168.00,"29,736.00"
2019-01-20,2019012001014598,MEGA,28,1,100,169.00,"16,900.00"
2019-01-20,2019012001014597,MEGA,36,1,17,169.00,"2,873.00"
2019-01-20,2019012001014596,MEGA,36,34,100,169.00,"16,900.00"
2019-01-20,2019012001014571,MIDBL,59,21,50,147.00,"7,350.00"
2019-01-20,2019012001014505,MIDBL,59,57,200,149.00,"29,800.00"
2019-01-20,2019012001014558,MNBBL,47,28,50,350.00,"17,500.00"
2019-01-20,2019012001014575,NABIL,45,33,246,847.00,"208,362.00"
2019-01-20,2019012001014574,NABIL,58,33,40,847.00,"33,880.00"
2019-01-20,2019012001014569,NADEP,53,56,30,795.00,"23,850.00"
2019-01-20,2019012001014457,NADEP,5,37,10,790.00,"7,900.00"
2019-01-20,2019012001014510,NBB,35,51,500,188.00,"94,000.00"
2019-01-20,2019012001014353,NBB,55,54,100,187.00,"18,700.00"
2019-01-20,2019012001014725,NBBL,34,22,100,750.00,"75,000.00"
2019-01-20,2019012001014443,NBL,26,49,100,291.00,"29,100.00"
2019-01-20,2019012001014737,NCCB,45,34,25,216.00,"5,400.00"
2019-01-20,2019012001014557,NCCB,42,34,100,216.00,"21,600.00"
2019-01-20,2019012001014517,NHPC,42,22,10,69.00,690.00
2019-01-20,2019012001014516,NHPC,42,55,50,68.00,"3,400.00"
2019-01-20,2019012001014440,NIB,26,14,300,542.00,"162,600.00"
2019-01-20,2019012001014267,NIB,45,45,234,540.00,"126,360.00"
2019-01-20,2019012001014266,NIB,45,45,50,541.00,"27,050.00"
2019-01-20,2019012001014265,NIB,42,45,50,541.00,"27,050.00"
2019-01-20,2019012001014264,NIB,6,45,200,541.00,"108,200.00"
2019-01-20,2019012001014263,NIB,11,45,226,541.00,"122,266.00"
2019-01-20,2019012001014658,NICA,36,51,100,392.00,"39,200.00"
2019-01-20,2019012001014504,NICA,36,49,38,392.00,"14,896.00"
2019-01-20,2019012001014503,NICA,59,49,22,392.00,"8,624.00"
2019-01-20,2019012001014466,NICA,35,45,250,393.00,"98,250.00"
2019-01-20,2019012001014364,NICL,44,17,100,565.00,"56,500.00"
2019-01-20,2019012001014593,NIL,48,33,200,542.00,"108,400.00"
2019-01-20,2019012001014623,NLICL,48,49,38,693.00,"26,334.00"
2019-01-20,2019012001014622,NLICL,34,49,62,693.00,"42,966.00"
2019-01-20,2019012001014497,NLICL,34,33,38,693.00,"26,334.00"
2019-01-20,2019012001014496,NLICL,8,33,80,693.00,"55,440.00"
2019-01-20,2019012001014495,NLICL,33,33,90,695.00,"62,550.00"
2019-01-20,2019012001014727,NMB,49,42,20,322.00,"6,440.00"
2019-01-20,2019012001014639,NMB,29,42,500,322.00,"161,000.00"
2019-01-20,2019012001014408,NMB,56,26,23,321.00,"7,383.00"
2019-01-20,2019012001014407,NMB,57,26,17,321.00,"5,457.00"
2019-01-20,2019012001014251,NMB,57,57,301,321.00,"96,621.00"
2019-01-20,2019012001014634,NUBL,41,44,50,780.00,"39,000.00"
2019-01-20,2019012001014671,PCBL,29,6,446,326.00,"145,396.00"
2019-01-20,2019012001014670,PCBL,29,56,54,326.00,"17,604.00"
2019-01-20,2019012001014524,PCBL,42,49,55,325.00,"17,875.00"
2019-01-20,2019012001014290,PCBL,42,57,50,325.00,"16,250.00"
2019-01-20,2019012001014448,PICL,6,42,150,707.00,"106,050.00"
2019-01-20,2019012001014406,PMHPL,26,21,10,110.00,"1,100.00"
2019-01-20,2019012001014672,RBCL,52,43,10,"9,416.00","94,160.00"
2019-01-20,2019012001014308,RMDC,10,43,170,550.00,"93,500.00"
2019-01-20,2019012001014307,RMDC,10,33,200,548.00,"109,600.00"
2019-01-20,2019012001014306,RMDC,10,49,13,545.00,"7,085.00"
2019-01-20,2019012001014561,SANIMA,34,1,200,304.00,"60,800.00"
2019-01-20,2019012001014293,SANIMA,1,26,100,304.00,"30,400.00"
2019-01-20,2019012001014351,SBBLJ,1,55,225,204.00,"45,900.00"
2019-01-20,2019012001014433,SHL,44,26,127,204.00,"25,908.00"
2019-01-20,2019012001014399,SHL,44,19,300,204.00,"61,200.00"
2019-01-20,2019012001014322,SKBBL,10,33,200,885.00,"177,000.00"
2019-01-20,2019012001014282,SKBBL,14,52,100,883.00,"88,300.00"
2019-01-20,2019012001014368,SLBBL,57,48,10,530.00,"5,300.00"
2019-01-20,2019012001014367,SLBBL,43,48,22,530.00,"11,660.00"
2019-01-20,2019012001014369,SLBBL,42,48,10,530.00,"5,300.00"
2019-01-20,2019012001014667,SLBBL,10,35,149,528.00,"78,672.00"
2019-01-20,2019012001014253,SMB,11,45,10,640.00,"6,400.00"
2019-01-20,2019012001014474,SRBL,45,26,86,214.00,"18,404.00"
2019-01-20,2019012001014350,SRBL,16,6,128,215.00,"27,520.00"
2019-01-20,2019012001014349,SRBL,16,7,72,215.00,"15,480.00"
2019-01-20,2019012001014348,SRBL,16,45,100,215.00,"21,500.00"
2019-01-20,2019012001014389,UMHL,37,4,68,120.00,"8,160.00"
2019-01-20,2019012001014747,UPPER,33,41,40,292.00,"11,680.00"
2019-01-20,2019012001014746,UPPER,33,18,40,292.00,"11,680.00"
2019-01-20,2019012001014745,UPPER,33,21,40,292.00,"11,680.00"
2019-01-20,2019012001014744,UPPER,33,1,50,292.00,"14,600.00"
2019-01-20,2019012001014743,UPPER,33,58,40,292.00,"11,680.00"
2019-01-20,2019012001014742,UPPER,33,43,40,292.00,"11,680.00"
2019-01-20,2019012001014255,UPPER,22,47,190,284.00,"53,960.00"
2019-01-20,2019012001014254,UPPER,22,16,50,284.00,"14,200.00"
2019-01-20,2019012001014252,UPPER,22,1,50,284.00,"14,200.00"
2019-01-20,2019012001014250,UPPER,22,49,50,284.00,"14,200.00"
2019-01-20,2019012001014249,UPPER,22,13,40,284.00,"11,360.00"
2019-01-20,2019012001014248,UPPER,22,47,50,284.00,"14,200.00"
2019-01-20,2019012001014262,UPPER,14,41,50,285.00,"14,250.00"
2019-01-20,2019012001014261,UPPER,14,21,40,285.00,"11,400.00"
2019-01-20,2019012001014260,UPPER,14,1,40,285.00,"11,400.00"
2019-01-20,2019012001014258,UPPER,14,56,50,285.00,"14,250.00"
2019-01-20,2019012001014257,UPPER,14,45,50,285.00,"14,250.00"
2019-01-20,2019012001014256,UPPER,45,47,103,284.00,"29,252.00"
2019-01-20,2019012001014273,UPPER,14,41,40,285.00,"11,400.00"
2019-01-20,2019012001014272,UPPER,14,58,50,285.00,"14,250.00"
2019-01-20,2019012001014271,UPPER,14,28,40,285.00,"11,400.00"
2019-01-20,2019012001014270,UPPER,14,49,40,285.00,"11,400.00"
2019-01-20,2019012001014269,UPPER,14,37,50,285.00,"14,250.00"
2019-01-20,2019012001014268,UPPER,14,10,50,285.00,"14,250.00"
2019-01-20,2019012001014280,UPPER,49,42,50,285.00,"14,250.00"
2019-01-20,2019012001014279,UPPER,49,32,50,285.00,"14,250.00"
2019-01-20,2019012001014278,UPPER,39,49,50,286.00,"14,300.00"
2019-01-20,2019012001014276,UPPER,49,1,40,285.00,"11,400.00"
2019-01-20,2019012001014275,UPPER,49,13,50,285.00,"14,250.00"
2019-01-20,2019012001014274,UPPER,49,41,10,285.00,"2,850.00"
2019-01-20,2019012001014289,UPPER,32,32,40,286.00,"11,440.00"
2019-01-20,2019012001014288,UPPER,32,18,40,286.00,"11,440.00"
2019-01-20,2019012001014287,UPPER,32,1,40,286.00,"11,440.00"
2019-01-20,2019012001014284,UPPER,49,17,40,285.00,"11,400.00"
2019-01-20,2019012001014283,UPPER,49,42,50,285.00,"14,250.00"
2019-01-20,2019012001014281,UPPER,49,1,50,285.00,"14,250.00"
2019-01-20,2019012001014297,UPPER,45,38,50,288.00,"14,400.00"
2019-01-20,2019012001014296,UPPER,45,36,50,288.00,"14,400.00"
2019-01-20,2019012001014295,UPPER,45,57,50,288.00,"14,400.00"
2019-01-20,2019012001014294,UPPER,45,36,50,288.00,"14,400.00"
2019-01-20,2019012001014292,UPPER,45,17,40,287.00,"11,480.00"
2019-01-20,2019012001014291,UPPER,45,56,50,287.00,"14,350.00"
2019-01-20,2019012001014303,UPPER,45,28,50,289.00,"14,450.00"
2019-01-20,2019012001014302,UPPER,45,28,40,289.00,"11,560.00"
2019-01-20,2019012001014301,UPPER,45,28,40,289.00,"11,560.00"
2019-01-20,2019012001014300,UPPER,45,32,40,289.00,"11,560.00"
2019-01-20,2019012001014299,UPPER,45,22,10,289.00,"2,890.00"
2019-01-20,2019012001014298,UPPER,45,36,40,288.00,"11,520.00"
2019-01-20,2019012001014313,UPPER,45,1,50,287.00,"14,350.00"
2019-01-20,2019012001014312,UPPER,45,1,40,287.00,"11,480.00"
2019-01-20,2019012001014311,UPPER,45,49,50,287.00,"14,350.00"
2019-01-20,2019012001014309,UPPER,45,40,40,287.00,"11,480.00"
2019-01-20,2019012001014305,UPPER,45,28,40,289.00,"11,560.00"
2019-01-20,2019012001014304,UPPER,45,28,40,289.00,"11,560.00"
2019-01-20,2019012001014321,UPPER,32,49,50,286.00,"14,300.00"
2019-01-20,2019012001014318,UPPER,45,47,50,287.00,"14,350.00"
2019-01-20,2019012001014317,UPPER,45,32,40,287.00,"11,480.00"
2019-01-20,2019012001014316,UPPER,45,41,50,287.00,"14,350.00"
2019-01-20,2019012001014315,UPPER,45,42,40,287.00,"11,480.00"
2019-01-20,2019012001014314,UPPER,45,37,50,287.00,"14,350.00"
2019-01-20,2019012001014329,UPPER,32,32,30,286.00,"8,580.00"
2019-01-20,2019012001014327,UPPER,32,58,10,286.00,"2,860.00"
2019-01-20,2019012001014326,UPPER,32,1,50,286.00,"14,300.00"
2019-01-20,2019012001014325,UPPER,32,18,50,286.00,"14,300.00"
2019-01-20,2019012001014324,UPPER,32,1,50,286.00,"14,300.00"
2019-01-20,2019012001014323,UPPER,32,17,40,286.00,"11,440.00"
2019-01-20,2019012001014335,UPPER,44,58,40,286.00,"11,440.00"
2019-01-20,2019012001014334,UPPER,44,1,50,286.00,"14,300.00"
2019-01-20,2019012001014333,UPPER,44,49,50,286.00,"14,300.00"
2019-01-20,2019012001014332,UPPER,44,32,50,286.00,"14,300.00"
2019-01-20,2019012001014331,UPPER,44,42,40,286.00,"11,440.00"
2019-01-20,2019012001014330,UPPER,44,32,20,286.00,"5,720.00"
2019-01-20,2019012001014341,UPPER,44,10,30,286.00,"8,580.00"
2019-01-20,2019012001014340,UPPER,6,10,10,287.00,"2,870.00"
2019-01-20,2019012001014339,UPPER,6,1,40,287.00,"11,480.00"
2019-01-20,2019012001014338,UPPER,6,58,50,287.00,"14,350.00"
2019-01-20,2019012001014337,UPPER,44,38,50,286.00,"14,300.00"
2019-01-20,2019012001014336,UPPER,44,21,40,286.00,"11,440.00"
2019-01-20,2019012001014352,UPPER,58,59,40,286.00,"11,440.00"
2019-01-20,2019012001014347,UPPER,58,48,15,286.00,"4,290.00"
2019-01-20,2019012001014345,UPPER,44,48,25,286.00,"7,150.00"
2019-01-20,2019012001014344,UPPER,44,47,15,286.00,"4,290.00"
2019-01-20,2019012001014343,UPPER,44,49,50,286.00,"14,300.00"
2019-01-20,2019012001014342,UPPER,44,26,40,286.00,"11,440.00"
2019-01-20,2019012001014360,UPPER,36,58,40,287.00,"11,480.00"
2019-01-20,2019012001014359,UPPER,36,32,40,287.00,"11,480.00"
2019-01-20,2019012001014358,UPPER,36,1,40,287.00,"11,480.00"
2019-01-20,2019012001014356,UPPER,36,21,40,287.00,"11,480.00"
2019-01-20,2019012001014355,UPPER,36,18,50,287.00,"14,350.00"
2019-01-20,2019012001014354,UPPER,58,32,50,286.00,"14,300.00"
2019-01-20,2019012001014365,UPPER,36,1,40,287.00,"11,480.00"
2019-01-20,2019012001014363,UPPER,36,17,50,287.00,"14,350.00"
2019-01-20,2019012001014362,UPPER,36,13,50,287.00,"14,350.00"
2019-01-20,2019012001014361,UPPER,36,1,50,287.00,"14,350.00"
2019-01-20,2019012001014376,UPPER,51,18,50,287.00,"14,350.00"
2019-01-20,2019012001014375,UPPER,51,10,50,287.00,"14,350.00"
2019-01-20,2019012001014374,UPPER,51,37,50,287.00,"14,350.00"
2019-01-20,2019012001014373,UPPER,51,1,10,287.00,"2,870.00"
2019-01-20,2019012001014372,UPPER,58,17,40,286.00,"11,440.00"
2019-01-20,2019012001014385,UPPER,51,21,40,287.00,"11,480.00"
2019-01-20,2019012001014382,UPPER,51,21,40,287.00,"11,480.00"
2019-01-20,2019012001014381,UPPER,51,48,40,287.00,"11,480.00"
2019-01-20,2019012001014380,UPPER,51,18,40,287.00,"11,480.00"
2019-01-20,2019012001014379,UPPER,51,39,50,287.00,"14,350.00"
2019-01-20,2019012001014377,UPPER,51,32,50,287.00,"14,350.00"
2019-01-20,2019012001014393,UPPER,45,36,50,289.00,"14,450.00"
2019-01-20,2019012001014392,UPPER,45,28,10,289.00,"2,890.00"
2019-01-20,2019012001014391,UPPER,45,17,40,288.00,"11,520.00"
2019-01-20,2019012001014390,UPPER,51,37,50,287.00,"14,350.00"
2019-01-20,2019012001014387,UPPER,51,1,40,287.00,"11,480.00"
2019-01-20,2019012001014386,UPPER,51,38,50,287.00,"14,350.00"
2019-01-20,2019012001014401,UPPER,58,58,50,286.00,"14,300.00"
2019-01-20,2019012001014398,UPPER,42,43,500,287.00,"143,500.00"
2019-01-20,2019012001014397,UPPER,51,43,440,287.00,"126,280.00"
2019-01-20,2019012001014396,UPPER,45,17,10,289.00,"2,890.00"
2019-01-20,2019012001014395,UPPER,45,56,40,289.00,"11,560.00"
2019-01-20,2019012001014394,UPPER,45,32,50,289.00,"14,450.00"
2019-01-20,2019012001014410,UPPER,58,1,50,286.00,"14,300.00"
2019-01-20,2019012001014409,UPPER,58,13,50,286.00,"14,300.00"
2019-01-20,2019012001014405,UPPER,58,54,50,286.00,"14,300.00"
2019-01-20,2019012001014404,UPPER,58,17,40,286.00,"11,440.00"
2019-01-20,2019012001014403,UPPER,58,32,40,286.00,"11,440.00"
2019-01-20,2019012001014402,UPPER,58,16,50,286.00,"14,300.00"
2019-01-20,2019012001014417,UPPER,58,47,50,286.00,"14,300.00"
2019-01-20,2019012001014416,UPPER,58,1,40,286.00,"11,440.00"
2019-01-20,2019012001014415,UPPER,58,47,50,286.00,"14,300.00"
2019-01-20,2019012001014414,UPPER,58,18,50,286.00,"14,300.00"
2019-01-20,2019012001014413,UPPER,42,43,500,287.00,"143,500.00"
2019-01-20,2019012001014411,UPPER,58,21,40,286.00,"11,440.00"
2019-01-20,2019012001014425,UPPER,41,51,50,287.00,"14,350.00"
2019-01-20,2019012001014424,UPPER,41,32,40,287.00,"11,480.00"
2019-01-20,2019012001014423,UPPER,41,33,50,287.00,"14,350.00"
2019-01-20,2019012001014420,UPPER,41,51,50,287.00,"14,350.00"
2019-01-20,2019012001014419,UPPER,41,47,40,287.00,"11,480.00"
2019-01-20,2019012001014418,UPPER,41,43,560,287.00,"160,720.00"
2019-01-20,2019012001014431,UPPER,58,18,10,286.00,"2,860.00"
2019-01-20,2019012001014430,UPPER,41,18,30,287.00,"8,610.00"
2019-01-20,2019012001014429,UPPER,41,58,40,287.00,"11,480.00"
2019-01-20,2019012001014428,UPPER,41,54,40,287.00,"11,480.00"
2019-01-20,2019012001014427,UPPER,41,49,50,287.00,"14,350.00"
2019-01-20,2019012001014426,UPPER,41,39,50,287.00,"14,350.00"
2019-01-20,2019012001014445,UPPER,58,21,40,286.00,"11,440.00"
2019-01-20,2019012001014444,UPPER,58,13,40,286.00,"11,440.00"
2019-01-20,2019012001014441,UPPER,58,18,50,286.00,"14,300.00"
2019-01-20,2019012001014438,UPPER,56,17,35,287.00,"10,045.00"
2019-01-20,2019012001014434,UPPER,56,47,40,287.00,"11,480.00"
2019-01-20,2019012001014432,UPPER,56,57,25,287.00,"7,175.00"
2019-01-20,2019012001014452,UPPER,14,1,40,287.00,"11,480.00"
2019-01-20,2019012001014451,UPPER,47,47,50,286.00,"14,300.00"
2019-01-20,2019012001014450,UPPER,58,17,5,286.00,"1,430.00"
2019-01-20,2019012001014449,UPPER,58,39,50,286.00,"14,300.00"
2019-01-20,2019012001014447,UPPER,58,51,50,286.00,"14,300.00"
2019-01-20,2019012001014446,UPPER,58,1,50,286.00,"14,300.00"
2019-01-20,2019012001014460,UPPER,47,1,10,286.00,"2,860.00"
2019-01-20,2019012001014459,UPPER,39,1,40,287.00,"11,480.00"
2019-01-20,2019012001014458,UPPER,39,17,40,287.00,"11,480.00"
2019-01-20,2019012001014456,UPPER,47,38,40,286.00,"11,440.00"
2019-01-20,2019012001014455,UPPER,14,17,40,287.00,"11,480.00"
2019-01-20,2019012001014453,UPPER,14,37,40,287.00,"11,480.00"
2019-01-20,2019012001014468,UPPER,47,21,50,286.00,"14,300.00"
2019-01-20,2019012001014467,UPPER,47,18,40,286.00,"11,440.00"
2019-01-20,2019012001014465,UPPER,47,59,50,286.00,"14,300.00"
2019-01-20,2019012001014464,UPPER,47,49,40,286.00,"11,440.00"
2019-01-20,2019012001014463,UPPER,47,29,40,286.00,"11,440.00"
2019-01-20,2019012001014462,UPPER,6,58,40,287.00,"11,480.00"
2019-01-20,2019012001014476,UPPER,29,17,30,289.00,"8,670.00"
2019-01-20,2019012001014475,UPPER,29,58,10,287.00,"2,870.00"
2019-01-20,2019012001014473,UPPER,47,47,50,286.00,"14,300.00"
2019-01-20,2019012001014472,UPPER,47,33,50,286.00,"14,300.00"
2019-01-20,2019012001014471,UPPER,47,13,40,286.00,"11,440.00"
2019-01-20,2019012001014469,UPPER,47,16,40,286.00,"11,440.00"
2019-01-20,2019012001014482,UPPER,29,49,40,289.00,"11,560.00"
2019-01-20,2019012001014481,UPPER,29,57,40,289.00,"11,560.00"
2019-01-20,2019012001014480,UPPER,29,21,40,289.00,"11,560.00"
2019-01-20,2019012001014479,UPPER,29,1,40,289.00,"11,560.00"
2019-01-20,2019012001014478,UPPER,29,56,40,289.00,"11,560.00"
2019-01-20,2019012001014477,UPPER,29,17,40,289.00,"11,560.00"
2019-01-20,2019012001014490,UPPER,29,21,30,289.00,"8,670.00"
2019-01-20,2019012001014487,UPPER,26,43,10,290.00,"2,900.00"
2019-01-20,2019012001014486,UPPER,26,47,40,290.00,"11,600.00"
2019-01-20,2019012001014485,UPPER,26,37,50,290.00,"14,500.00"
2019-01-20,2019012001014484,UPPER,29,10,50,289.00,"14,450.00"
2019-01-20,2019012001014483,UPPER,29,17,40,289.00,"11,560.00"
2019-01-20,2019012001014499,UPPER,29,16,40,289.00,"11,560.00"
2019-01-20,2019012001014498,UPPER,29,21,20,289.00,"5,780.00"
2019-01-20,2019012001014494,UPPER,55,1,16,286.00,"4,576.00"
2019-01-20,2019012001014493,UPPER,48,1,14,286.00,"4,004.00"
2019-01-20,2019012001014492,UPPER,59,1,10,286.00,"2,860.00"
2019-01-20,2019012001014491,UPPER,59,58,40,286.00,"11,440.00"
2019-01-20,2019012001014509,UPPER,29,1,10,289.00,"2,890.00"
2019-01-20,2019012001014508,UPPER,29,38,40,289.00,"11,560.00"
2019-01-20,2019012001014507,UPPER,29,47,50,289.00,"14,450.00"
2019-01-20,2019012001014502,UPPER,29,13,40,289.00,"11,560.00"
2019-01-20,2019012001014501,UPPER,29,34,50,289.00,"14,450.00"
2019-01-20,2019012001014500,UPPER,29,59,50,289.00,"14,450.00"
2019-01-20,2019012001014518,UPPER,3,21,10,287.00,"2,870.00"
2019-01-20,2019012001014515,UPPER,3,58,40,287.00,"11,480.00"
2019-01-20,2019012001014514,UPPER,3,10,50,287.00,"14,350.00"
2019-01-20,2019012001014513,UPPER,32,29,20,289.00,"5,780.00"
2019-01-20,2019012001014512,UPPER,32,1,50,289.00,"14,450.00"
2019-01-20,2019012001014511,UPPER,32,1,30,289.00,"8,670.00"
2019-01-20,2019012001014527,UPPER,36,17,50,289.00,"14,450.00"
2019-01-20,2019012001014526,UPPER,36,29,20,289.00,"5,780.00"
2019-01-20,2019012001014523,UPPER,21,59,40,288.00,"11,520.00"
2019-01-20,2019012001014521,UPPER,58,29,40,287.00,"11,480.00"
2019-01-20,2019012001014519,UPPER,55,21,30,286.00,"8,580.00"
2019-01-20,2019012001014533,UPPER,36,57,50,290.00,"14,500.00"
2019-01-20,2019012001014532,UPPER,36,57,50,290.00,"14,500.00"
2019-01-20,2019012001014531,UPPER,36,57,50,290.00,"14,500.00"
2019-01-20,2019012001014530,UPPER,36,47,50,290.00,"14,500.00"
2019-01-20,2019012001014529,UPPER,36,38,50,290.00,"14,500.00"
2019-01-20,2019012001014528,UPPER,36,43,40,290.00,"11,600.00"
2019-01-20,2019012001014539,UPPER,36,13,50,290.00,"14,500.00"
2019-01-20,2019012001014538,UPPER,36,42,50,290.00,"14,500.00"
2019-01-20,2019012001014537,UPPER,36,36,40,290.00,"11,600.00"
2019-01-20,2019012001014536,UPPER,36,43,40,290.00,"11,600.00"
2019-01-20,2019012001014535,UPPER,36,47,40,290.00,"11,600.00"
2019-01-20,2019012001014534,UPPER,36,57,40,290.00,"11,600.00"
2019-01-20,2019012001014545,UPPER,36,20,40,290.00,"11,600.00"
2019-01-20,2019012001014544,UPPER,36,29,50,290.00,"14,500.00"
2019-01-20,2019012001014543,UPPER,36,48,40,290.00,"11,600.00"
2019-01-20,2019012001014542,UPPER,36,48,40,290.00,"11,600.00"
2019-01-20,2019012001014541,UPPER,36,29,50,290.00,"14,500.00"
2019-01-20,2019012001014540,UPPER,36,21,50,290.00,"14,500.00"
2019-01-20,2019012001014560,UPPER,45,33,40,289.00,"11,560.00"
2019-01-20,2019012001014554,UPPER,21,58,50,288.00,"14,400.00"
2019-01-20,2019012001014548,UPPER,36,48,20,290.00,"5,800.00"
2019-01-20,2019012001014547,UPPER,36,21,50,290.00,"14,500.00"
2019-01-20,2019012001014546,UPPER,36,58,40,290.00,"11,600.00"
2019-01-20,2019012001014572,UPPER,45,51,50,289.00,"14,450.00"
2019-01-20,2019012001014570,UPPER,45,17,50,289.00,"14,450.00"
2019-01-20,2019012001014568,UPPER,45,21,40,289.00,"11,560.00"
2019-01-20,2019012001014567,UPPER,45,1,50,289.00,"14,450.00"
2019-01-20,2019012001014563,UPPER,45,38,50,289.00,"14,450.00"
2019-01-20,2019012001014562,UPPER,45,1,40,289.00,"11,560.00"
2019-01-20,2019012001014580,UPPER,39,59,40,290.00,"11,600.00"
2019-01-20,2019012001014579,UPPER,39,6,40,290.00,"11,600.00"
2019-01-20,2019012001014578,UPPER,39,7,40,290.00,"11,600.00"
2019-01-20,2019012001014577,UPPER,39,1,50,290.00,"14,500.00"
2019-01-20,2019012001014576,UPPER,39,48,30,290.00,"8,700.00"
2019-01-20,2019012001014573,UPPER,45,18,50,289.00,"14,450.00"
2019-01-20,2019012001014588,UPPER,45,40,40,289.00,"11,560.00"
2019-01-20,2019012001014585,UPPER,39,8,40,290.00,"11,600.00"
2019-01-20,2019012001014584,UPPER,39,54,40,290.00,"11,600.00"
2019-01-20,2019012001014583,UPPER,39,48,50,290.00,"14,500.00"
2019-01-20,2019012001014582,UPPER,39,6,50,290.00,"14,500.00"
2019-01-20,2019012001014581,UPPER,39,48,40,290.00,"11,600.00"
2019-01-20,2019012001014595,UPPER,47,51,40,289.00,"11,560.00"
2019-01-20,2019012001014594,UPPER,47,56,50,289.00,"14,450.00"
2019-01-20,2019012001014592,UPPER,47,58,40,289.00,"11,560.00"
2019-01-20,2019012001014591,UPPER,47,33,50,289.00,"14,450.00"
2019-01-20,2019012001014590,UPPER,45,17,50,289.00,"14,450.00"
2019-01-20,2019012001014589,UPPER,45,1,40,289.00,"11,560.00"
2019-01-20,2019012001014607,UPPER,34,59,40,289.00,"11,560.00"
2019-01-20,2019012001014606,UPPER,34,17,50,289.00,"14,450.00"
2019-01-20,2019012001014605,UPPER,34,42,50,289.00,"14,450.00"
2019-01-20,2019012001014604,UPPER,34,47,20,289.00,"5,780.00"
2019-01-20,2019012001014603,UPPER,21,43,50,288.00,"14,400.00"
2019-01-20,2019012001014602,UPPER,47,47,20,289.00,"5,780.00"
2019-01-20,2019012001014616,UPPER,25,39,30,291.00,"8,730.00"
2019-01-20,2019012001014615,UPPER,57,58,50,288.00,"14,400.00"
2019-01-20,2019012001014612,UPPER,57,1,40,288.00,"11,520.00"
2019-01-20,2019012001014611,UPPER,58,21,30,287.00,"8,610.00"
2019-01-20,2019012001014610,UPPER,21,21,10,288.00,"2,880.00"
2019-01-20,2019012001014608,UPPER,34,48,40,290.00,"11,600.00"
2019-01-20,2019012001014624,UPPER,57,18,50,288.00,"14,400.00"
2019-01-20,2019012001014621,UPPER,57,43,40,288.00,"11,520.00"
2019-01-20,2019012001014620,UPPER,57,38,40,288.00,"11,520.00"
2019-01-20,2019012001014619,UPPER,58,17,40,287.00,"11,480.00"
2019-01-20,2019012001014618,UPPER,57,17,10,288.00,"2,880.00"
2019-01-20,2019012001014617,UPPER,25,57,10,291.00,"2,910.00"
2019-01-20,2019012001014630,UPPER,5,45,40,290.00,"11,600.00"
2019-01-20,2019012001014629,UPPER,5,54,50,289.00,"14,450.00"
2019-01-20,2019012001014628,UPPER,57,17,50,288.00,"14,400.00"
2019-01-20,2019012001014627,UPPER,57,1,50,288.00,"14,400.00"
2019-01-20,2019012001014626,UPPER,57,47,40,288.00,"11,520.00"
2019-01-20,2019012001014625,UPPER,57,47,40,288.00,"11,520.00"
2019-01-20,2019012001014637,UPPER,19,1,40,289.00,"11,560.00"
2019-01-20,2019012001014636,UPPER,38,48,30,290.00,"8,700.00"
2019-01-20,2019012001014635,UPPER,38,58,20,290.00,"5,800.00"
2019-01-20,2019012001014633,UPPER,5,58,30,290.00,"8,700.00"
2019-01-20,2019012001014632,UPPER,5,42,40,290.00,"11,600.00"
2019-01-20,2019012001014631,UPPER,5,48,40,290.00,"11,600.00"
2019-01-20,2019012001014644,UPPER,19,48,20,290.00,"5,800.00"
2019-01-20,2019012001014643,UPPER,19,47,50,289.00,"14,450.00"
2019-01-20,2019012001014642,UPPER,19,58,50,289.00,"14,450.00"
2019-01-20,2019012001014641,UPPER,19,13,40,289.00,"11,560.00"
2019-01-20,2019012001014640,UPPER,19,54,50,289.00,"14,450.00"
2019-01-20,2019012001014638,UPPER,19,7,40,289.00,"11,560.00"
2019-01-20,2019012001014652,UPPER,19,1,50,289.00,"14,450.00"
2019-01-20,2019012001014651,UPPER,19,40,40,289.00,"11,560.00"
2019-01-20,2019012001014650,UPPER,19,17,40,289.00,"11,560.00"
2019-01-20,2019012001014647,UPPER,19,1,50,289.00,"14,450.00"
2019-01-20,2019012001014646,UPPER,19,56,30,290.00,"8,700.00"
2019-01-20,2019012001014645,UPPER,19,29,50,290.00,"14,500.00"
2019-01-20,2019012001014664,UPPER,55,38,50,290.00,"14,500.00"
2019-01-20,2019012001014657,UPPER,55,43,40,289.00,"11,560.00"
2019-01-20,2019012001014656,UPPER,34,34,40,290.00,"11,600.00"
2019-01-20,2019012001014655,UPPER,34,47,50,290.00,"14,500.00"
2019-01-20,2019012001014654,UPPER,34,56,10,290.00,"2,900.00"
2019-01-20,2019012001014653,UPPER,19,37,50,289.00,"14,450.00"
2019-01-20,2019012001014674,UPPER,55,17,40,290.00,"11,600.00"
2019-01-20,2019012001014669,UPPER,55,26,40,290.00,"11,600.00"
2019-01-20,2019012001014668,UPPER,55,21,40,290.00,"11,600.00"
2019-01-20,2019012001014666,UPPER,55,29,40,290.00,"11,600.00"
2019-01-20,2019012001014665,UPPER,55,42,50,290.00,"14,500.00"
2019-01-20,2019012001014680,UPPER,38,48,50,291.00,"14,550.00"
2019-01-20,2019012001014679,UPPER,38,48,50,291.00,"14,550.00"
2019-01-20,2019012001014678,UPPER,38,47,40,291.00,"11,640.00"
2019-01-20,2019012001014677,UPPER,38,22,40,291.00,"11,640.00"
2019-01-20,2019012001014676,UPPER,38,57,40,291.00,"11,640.00"
2019-01-20,2019012001014675,UPPER,55,18,50,290.00,"14,500.00"
2019-01-20,2019012001014692,UPPER,13,34,50,290.00,"14,500.00"
2019-01-20,2019012001014685,UPPER,13,38,40,290.00,"11,600.00"
2019-01-20,2019012001014684,UPPER,55,47,50,290.00,"14,500.00"
2019-01-20,2019012001014683,UPPER,55,33,50,290.00,"14,500.00"
2019-01-20,2019012001014682,UPPER,55,1,50,290.00,"14,500.00"
2019-01-20,2019012001014681,UPPER,38,21,50,291.00,"14,550.00"
2019-01-20,2019012001014699,UPPER,33,58,40,292.00,"11,680.00"
2019-01-20,2019012001014698,UPPER,33,37,30,292.00,"8,760.00"
2019-01-20,2019012001014697,UPPER,33,56,40,291.00,"11,640.00"
2019-01-20,2019012001014695,UPPER,13,13,40,290.00,"11,600.00"
2019-01-20,2019012001014694,UPPER,13,41,50,290.00,"14,500.00"
2019-01-20,2019012001014693,UPPER,13,1,40,290.00,"11,600.00"
2019-01-20,2019012001014705,UPPER,33,58,40,292.00,"11,680.00"
2019-01-20,2019012001014704,UPPER,33,58,50,292.00,"14,600.00"
2019-01-20,2019012001014703,UPPER,33,28,40,292.00,"11,680.00"
2019-01-20,2019012001014702,UPPER,33,37,40,292.00,"11,680.00"
2019-01-20,2019012001014701,UPPER,33,58,40,292.00,"11,680.00"
2019-01-20,2019012001014700,UPPER,33,58,50,292.00,"14,600.00"
2019-01-20,2019012001014711,UPPER,33,58,50,292.00,"14,600.00"
2019-01-20,2019012001014710,UPPER,33,58,50,292.00,"14,600.00"
2019-01-20,2019012001014709,UPPER,33,58,50,292.00,"14,600.00"
2019-01-20,2019012001014708,UPPER,33,58,40,292.00,"11,680.00"
2019-01-20,2019012001014707,UPPER,33,28,40,292.00,"11,680.00"
2019-01-20,2019012001014706,UPPER,33,58,40,292.00,"11,680.00"
2019-01-20,2019012001014717,UPPER,33,50,50,292.00,"14,600.00"
2019-01-20,2019012001014716,UPPER,33,50,40,292.00,"11,680.00"
2019-01-20,2019012001014715,UPPER,33,28,40,292.00,"11,680.00"
2019-01-20,2019012001014714,UPPER,33,19,40,292.00,"11,680.00"
2019-01-20,2019012001014713,UPPER,33,58,50,292.00,"14,600.00"
2019-01-20,2019012001014712,UPPER,33,58,40,292.00,"11,680.00"
2019-01-20,2019012001014723,UPPER,33,26,40,292.00,"11,680.00"
2019-01-20,2019012001014722,UPPER,33,29,50,292.00,"14,600.00"
2019-01-20,2019012001014721,UPPER,33,29,50,292.00,"14,600.00"
2019-01-20,2019012001014720,UPPER,33,29,40,292.00,"11,680.00"
2019-01-20,2019012001014719,UPPER,33,48,50,292.00,"14,600.00"
2019-01-20,2019012001014718,UPPER,33,48,40,292.00,"11,680.00"
2019-01-20,2019012001014733,UPPER,33,17,10,292.00,"2,920.00"
2019-01-20,2019012001014732,UPPER,33,17,40,292.00,"11,680.00"
2019-01-20,2019012001014730,UPPER,33,33,50,292.00,"14,600.00"
2019-01-20,2019012001014729,UPPER,33,43,40,292.00,"11,680.00"
2019-01-20,2019012001014726,UPPER,33,29,40,292.00,"11,680.00"
2019-01-20,2019012001014724,UPPER,33,58,40,292.00,"11,680.00"
2019-01-20,2019012001014741,UPPER,33,34,40,292.00,"11,680.00"
2019-01-20,2019012001014739,UPPER,33,26,40,292.00,"11,680.00"
2019-01-20,2019012001014738,UPPER,33,16,50,292.00,"14,600.00"
2019-01-20,2019012001014736,UPPER,33,1,50,292.00,"14,600.00"
2019-01-20,2019012001014735,UPPER,33,47,50,292.00,"14,600.00"
2019-01-20,2019012001014734,UPPER,33,42,40,292.00,"11,680.00"
2019-01-20,2019012001014091,ADBL,33,19,50,345.00,"17,250.00"
2019-01-20,2019012001014090,ADBL,33,39,53,345.00,"18,285.00"
2019-01-20,2019012001013840,ADBL,52,11,25,343.00,"8,575.00"
2019-01-20,2019012001014063,AHPC,45,48,100,105.00,"10,500.00"
2019-01-20,2019012001014224,AKJCL,16,33,10,87.00,870.00
2019-01-20,2019012001014223,AKJCL,16,21,10,87.00,870.00
2019-01-20,2019012001014222,AKJCL,16,21,20,87.00,"1,740.00"
2019-01-20,2019012001014221,AKJCL,16,21,20,87.00,"1,740.00"
2019-01-20,2019012001013917,AMFI,47,14,10,720.00,"7,200.00"
2019-01-20,2019012001013916,AMFI,47,45,10,720.00,"7,200.00"
2019-01-20,2019012001013794,API,35,49,490,151.00,"73,990.00"
2019-01-20,2019012001014115,BOKL,58,33,100,264.00,"26,400.00"
2019-01-20,2019012001013752,CBBL,58,17,50,898.00,"44,900.00"
2019-01-20,2019012001014137,CCBL,34,34,73,172.00,"12,556.00"
2019-01-20,2019012001014065,CCBL,10,17,24,171.00,"4,104.00"
2019-01-20,2019012001013890,CCBL,21,21,5,169.00,845.00
2019-01-20,2019012001014154,CHCL,35,19,21,535.00,"11,235.00"
2019-01-20,2019012001013869,CHCL,45,19,79,535.00,"42,265.00"
2019-01-20,2019012001014193,CIT,38,33,90,"2,600.00","234,000.00"
2019-01-20,2019012001014192,CIT,38,11,20,"2,600.00","52,000.00"
2019-01-20,2019012001014191,CIT,38,34,10,"2,599.00","25,990.00"
2019-01-20,2019012001014190,CIT,38,44,29,"2,599.00","75,371.00"
2019-01-20,2019012001014189,CIT,38,42,20,"2,590.00","51,800.00"
2019-01-20,2019012001014188,CIT,38,49,30,"2,590.00","77,700.00"
2019-01-20,2019012001014138,CIT,4,58,125,"2,572.00","321,500.00"
2019-01-20,2019012001014112,CIT,4,41,220,"2,572.00","565,840.00"
2019-01-20,2019012001014025,CIT,16,19,149,"2,570.00","382,930.00"
2019-01-20,2019012001014024,CIT,42,19,10,"2,570.00","25,700.00"
2019-01-20,2019012001014023,CIT,38,19,31,"2,570.00","79,670.00"
2019-01-20,2019012001014022,CIT,17,19,110,"2,571.00","282,810.00"
2019-01-20,2019012001014106,CZBIL,58,45,100,215.00,"21,500.00"
2019-01-20,2019012001014018,CZBIL,33,58,10,214.00,"2,140.00"
2019-01-20,2019012001013775,EBL,38,50,35,529.00,"18,515.00"
2019-01-20,2019012001013826,FMDBL,42,8,115,385.00,"44,275.00"
2019-01-20,2019012001013832,GBLBS,34,58,70,440.00,"30,800.00"
2019-01-20,2019012001013873,HPPL,53,33,20,183.00,"3,660.00"
2019-01-20,2019012001014070,IGI,57,58,150,445.00,"66,750.00"
2019-01-20,2019012001013924,JEFL,32,47,100,130.00,"13,000.00"
2019-01-20,2019012001013923,JEFL,32,28,650,130.00,"84,500.00"
2019-01-20,2019012001014247,JSLBB,29,1,12,"2,832.00","33,984.00"
2019-01-20,2019012001013970,KBBL,21,21,4,207.00,828.00
2019-01-20,2019012001014147,KBL,44,44,200,250.00,"50,000.00"
2019-01-20,2019012001014146,KBL,26,44,354,250.00,"88,500.00"
2019-01-20,2019012001013969,KBL,26,48,500,250.00,"125,000.00"
2019-01-20,2019012001013803,KPCL,45,48,10,99.00,990.00
2019-01-20,2019012001013798,KPCL,45,47,10,99.00,990.00
2019-01-20,2019012001013863,KPCL,45,51,10,99.00,990.00
2019-01-20,2019012001013913,KPCL,45,33,10,99.00,990.00
2019-01-20,2019012001013949,KPCL,45,48,10,99.00,990.00
2019-01-20,2019012001013980,KPCL,45,21,10,99.00,990.00
2019-01-20,2019012001013988,KPCL,45,51,10,99.00,990.00
2019-01-20,2019012001014012,KPCL,45,51,10,99.00,990.00
2019-01-20,2019012001014029,KPCL,45,51,10,99.00,990.00
2019-01-20,2019012001014043,KPCL,45,51,10,99.00,990.00
2019-01-20,2019012001014082,LLBS,56,32,38,789.00,"29,982.00"
2019-01-20,2019012001014020,LLBS,56,32,38,789.00,"29,982.00"
2019-01-20,2019012001014197,MBL,38,6,91,210.00,"19,110.00"
2019-01-20,2019012001014196,MBL,17,6,100,210.00,"21,000.00"
2019-01-20,2019012001014195,MBL,41,6,50,210.00,"10,500.00"
2019-01-20,2019012001014194,MBL,46,6,343,210.00,"72,030.00"
2019-01-20,2019012001013955,MEGA,36,13,259,169.00,"43,771.00"
2019-01-20,2019012001013831,NABIL,58,41,70,847.00,"59,290.00"
2019-01-20,2019012001013830,NABIL,41,41,30,847.00,"25,410.00"
2019-01-20,2019012001013967,NBBL,34,57,50,765.00,"38,250.00"
2019-01-20,2019012001013966,NBBL,53,57,10,770.00,"7,700.00"
2019-01-20,2019012001013965,NBBL,43,57,10,775.00,"7,750.00"
2019-01-20,2019012001013964,NBBL,28,57,10,780.00,"7,800.00"
2019-01-20,2019012001014014,NBL,26,8,190,291.00,"55,290.00"
2019-01-20,2019012001014013,NBL,20,8,58,291.00,"16,878.00"
2019-01-20,2019012001013987,NBL,20,36,942,291.00,"274,122.00"
2019-01-20,2019012001013986,NBL,34,36,200,291.00,"58,200.00"
2019-01-20,2019012001013985,NBL,17,36,"1,000",291.00,"291,000.00"
2019-01-20,2019012001013984,NBL,17,36,858,291.00,"249,678.00"
2019-01-20,2019012001013940,NBL,17,57,142,291.00,"41,322.00"
2019-01-20,2019012001013939,NBL,50,57,200,291.00,"58,200.00"
2019-01-20,2019012001013938,NBL,17,57,158,291.00,"45,978.00"
2019-01-20,2019012001013796,NBL,17,58,190,291.00,"55,290.00"
2019-01-20,2019012001014244,NCCB,38,34,100,216.00,"21,600.00"
2019-01-20,2019012001014158,NCCB,57,8,263,215.00,"56,545.00"
2019-01-20,2019012001014157,NCCB,42,8,37,215.00,"7,955.00"
2019-01-20,2019012001014019,NICA,59,40,150,392.00,"58,800.00"
2019-01-20,2019012001014149,NLIC,45,57,100,"1,115.00","111,500.00"
2019-01-20,2019012001014220,NLICL,33,42,10,695.00,"6,950.00"
2019-01-20,2019012001014169,NUBL,14,44,100,780.00,"78,000.00"
2019-01-20,2019012001014168,NUBL,42,44,50,780.00,"39,000.00"
2019-01-20,2019012001014167,NUBL,14,44,20,780.00,"15,600.00"
2019-01-20,2019012001014241,PMHPL,26,10,10,110.00,"1,100.00"
2019-01-20,2019012001014240,PMHPL,26,10,10,110.00,"1,100.00"
2019-01-20,2019012001014239,PMHPL,26,10,10,110.00,"1,100.00"
2019-01-20,2019012001014238,PMHPL,26,10,10,110.00,"1,100.00"
2019-01-20,2019012001014237,PMHPL,26,10,10,110.00,"1,100.00"
2019-01-20,2019012001014236,PMHPL,26,10,10,110.00,"1,100.00"
2019-01-20,2019012001013915,PMHPL,37,48,10,108.00,"1,080.00"
2019-01-20,2019012001013897,PMHPL,37,48,10,108.00,"1,080.00"
2019-01-20,2019012001013881,PMHPL,37,48,10,108.00,"1,080.00"
2019-01-20,2019012001013857,PMHPL,37,48,10,108.00,"1,080.00"
2019-01-20,2019012001013835,PMHPL,37,48,10,108.00,"1,080.00"
2019-01-20,2019012001013808,PMHPL,37,48,10,108.00,"1,080.00"
2019-01-20,2019012001014232,PMHPL,25,56,10,109.00,"1,090.00"
2019-01-20,2019012001013999,PMHPL,34,48,10,108.00,"1,080.00"
2019-01-20,2019012001013995,PMHPL,37,21,10,108.00,"1,080.00"
2019-01-20,2019012001013972,PMHPL,37,48,10,108.00,"1,080.00"
2019-01-20,2019012001013958,PMHPL,37,3,10,108.00,"1,080.00"
2019-01-20,2019012001013946,PMHPL,37,48,10,108.00,"1,080.00"
2019-01-20,2019012001013750,RADHI,13,21,11,167.00,"1,837.00"
2019-01-20,2019012001014047,RRHP,49,1,10,99.00,990.00
2019-01-20,2019012001013926,RRHP,49,1,10,99.00,990.00
2019-01-20,2019012001013892,RRHP,58,1,10,99.00,990.00
2019-01-20,2019012001013807,RRHP,58,21,10,99.00,990.00
2019-01-20,2019012001013770,SANIMA,26,26,233,304.00,"70,832.00"
2019-01-20,2019012001013797,SBI,17,53,50,386.00,"19,300.00"
2019-01-20,2019012001013754,SBI,38,53,100,387.00,"38,700.00"
2019-01-20,2019012001013753,SBI,56,53,10,387.00,"3,870.00"
2019-01-20,2019012001014171,SBL,58,53,100,290.00,"29,000.00"
2019-01-20,2019012001013959,SDESI,33,33,13,613.00,"7,969.00"
2019-01-20,2019012001014073,SHINE,34,56,100,245.00,"24,500.00"
2019-01-20,2019012001014072,SHINE,41,56,50,245.00,"12,250.00"
2019-01-20,2019012001013906,SHPC,45,17,11,234.00,"2,574.00"
2019-01-20,2019012001013882,SHPC,45,42,30,233.00,"6,990.00"
2019-01-20,2019012001013755,SICL,57,39,20,925.00,"18,500.00"
2019-01-20,2019012001014216,SIL,37,57,18,650.00,"11,700.00"
2019-01-20,2019012001014215,SIL,6,57,32,650.00,"20,800.00"
2019-01-20,2019012001013786,SKBBL,43,58,200,885.00,"177,000.00"
2019-01-20,2019012001014130,SLBBL,43,6,40,530.00,"21,200.00"
2019-01-20,2019012001014129,SLBBL,45,6,40,530.00,"21,200.00"
2019-01-20,2019012001014212,SLBBL,43,52,60,530.00,"31,800.00"
2019-01-20,2019012001014213,SLBBL,43,52,28,530.00,"14,840.00"
2019-01-20,2019012001013943,SMB,59,33,10,635.00,"6,350.00"
2019-01-20,2019012001013888,SMFDB,38,10,50,710.00,"35,500.00"
2019-01-20,2019012001014033,SWBBL,17,21,14,850.00,"11,900.00"
2019-01-20,2019012001014094,UMHL,37,41,10,120.00,"1,200.00"
