Date,Transact. No.,Symbol,Buyer,Seller,Quantity,Rate,Amount
2020-07-07,2020070701017694,ADBL,57,49,259,374.00,"96,866.00"
2020-07-07,2020070701017663,AKJCL,41,45,10,49.00,490.00
2020-07-07,2020070701017662,AKJCL,7,45,10,49.00,490.00
2020-07-07,2020070701017786,AKPL,58,51,10,120.00,"1,200.00"
2020-07-07,2020070701017740,ALBSL,49,6,10,690.00,"6,900.00"
2020-07-07,2020070701017739,ALBSL,57,6,89,690.00,"61,410.00"
2020-07-07,2020070701018080,ALICL,56,41,10,593.00,"5,930.00"
2020-07-07,2020070701017796,API,25,39,10,110.00,"1,100.00"
2020-07-07,2020070701017781,API,25,50,30,108.00,"3,240.00"
2020-07-07,2020070701017780,API,25,45,270,108.00,"29,160.00"
2020-07-07,2020070701017757,API,18,25,100,106.00,"10,600.00"
2020-07-07,2020070701017756,API,14,25,200,106.00,"21,200.00"
2020-07-07,2020070701017755,API,52,25,171,106.00,"18,126.00"
2020-07-07,2020070701017754,API,43,25,50,106.00,"5,300.00"
2020-07-07,2020070701017753,API,6,25,127,106.00,"13,462.00"
2020-07-07,2020070701017733,API,6,48,73,106.00,"7,738.00"
2020-07-07,2020070701017732,API,44,48,27,106.00,"2,862.00"
2020-07-07,2020070701017735,BBC,18,39,20,"1,615.00","32,300.00"
2020-07-07,2020070701017927,BOKL,10,6,23,215.00,"4,945.00"
2020-07-07,2020070701017745,BOKL,6,6,"4,300",215.00,"924,500.00"
2020-07-07,2020070701017920,BPCL,46,34,100,357.00,"35,700.00"
2020-07-07,2020070701018085,CBBL,49,13,500,"1,010.00","505,000.00"
2020-07-07,2020070701018084,CBBL,29,13,"1,000","1,012.00","1,012,000.00"
2020-07-07,2020070701018083,CBBL,33,13,500,"1,013.00","506,500.00"
2020-07-07,2020070701018082,CBBL,33,13,200,"1,013.00","202,600.00"
2020-07-07,2020070701018081,CBBL,56,13,50,"1,015.00","50,750.00"
2020-07-07,2020070701018045,CBBL,39,50,50,"1,024.00","51,200.00"
2020-07-07,2020070701017664,CBBL,6,40,10,"1,018.00","10,180.00"
2020-07-07,2020070701017760,CBBL,16,28,200,"1,014.00","202,800.00"
2020-07-07,2020070701017759,CBBL,21,28,100,"1,015.00","101,500.00"
2020-07-07,2020070701017758,CBBL,18,28,200,"1,016.00","203,200.00"
2020-07-07,2020070701017731,CBBL,18,40,90,"1,018.00","91,620.00"
2020-07-07,2020070701018013,CBBL,56,13,50,"1,015.00","50,750.00"
2020-07-07,2020070701018012,CBBL,56,13,350,"1,015.00","355,250.00"
2020-07-07,2020070701018011,CBBL,45,13,100,"1,016.00","101,600.00"
2020-07-07,2020070701017946,CBBL,33,44,50,"1,020.00","51,000.00"
2020-07-07,2020070701018131,CCBL,19,13,450,168.00,"75,600.00"
2020-07-07,2020070701018070,CCBL,19,13,550,168.00,"92,400.00"
2020-07-07,2020070701018069,CCBL,19,8,50,168.00,"8,400.00"
2020-07-07,2020070701018068,CCBL,19,39,380,168.00,"63,840.00"
2020-07-07,2020070701018067,CCBL,19,32,20,167.00,"3,340.00"
2020-07-07,2020070701017764,CCBL,21,48,41,166.00,"6,806.00"
2020-07-07,2020070701017763,CCBL,21,50,100,166.00,"16,600.00"
2020-07-07,2020070701017719,CCBL,19,51,200,165.00,"33,000.00"
2020-07-07,2020070701017983,CCBL,11,32,20,167.00,"3,340.00"
2020-07-07,2020070701017805,CCBL,6,32,"1,550",167.00,"258,850.00"
2020-07-07,2020070701017804,CCBL,6,51,200,167.00,"33,400.00"
2020-07-07,2020070701017794,CCBL,21,4,150,166.00,"24,900.00"
2020-07-07,2020070701017710,CFCL,25,33,10,122.00,"1,220.00"
2020-07-07,2020070701017695,CFCL,25,1,525,120.00,"63,000.00"
2020-07-07,2020070701017995,CHCL,58,35,594,379.00,"225,126.00"
2020-07-07,2020070701017994,CHCL,10,35,20,380.00,"7,600.00"
2020-07-07,2020070701017993,CHCL,47,35,200,380.00,"76,000.00"
2020-07-07,2020070701017992,CHCL,43,35,25,380.00,"9,500.00"
2020-07-07,2020070701017991,CHCL,52,35,29,380.00,"11,020.00"
2020-07-07,2020070701017990,CHCL,56,35,100,380.00,"38,000.00"
2020-07-07,2020070701017672,CHCL,35,59,139,383.00,"53,237.00"
2020-07-07,2020070701017989,CHCL,55,35,50,380.00,"19,000.00"
2020-07-07,2020070701017988,CHCL,14,35,20,383.00,"7,660.00"
2020-07-07,2020070701017987,CHCL,35,35,836,383.00,"320,188.00"
2020-07-07,2020070701017982,CHCL,35,59,316,383.00,"121,028.00"
2020-07-07,2020070701017867,CHCL,35,59,229,383.00,"87,707.00"
2020-07-07,2020070701017819,CHCL,35,16,100,383.00,"38,300.00"
2020-07-07,2020070701018134,CIT,38,38,10,"2,478.00","24,780.00"
2020-07-07,2020070701018006,CIT,49,34,30,"2,465.00","73,950.00"
2020-07-07,2020070701018005,CIT,42,34,20,"2,465.00","49,300.00"
2020-07-07,2020070701017751,CIT,54,58,35,"2,463.00","86,205.00"
2020-07-07,2020070701017750,CIT,8,58,165,"2,464.00","406,560.00"
2020-07-07,2020070701017703,CIT,8,54,85,"2,464.00","209,440.00"
2020-07-07,2020070701017671,CIT,48,38,16,"2,478.00","39,648.00"
2020-07-07,2020070701017670,CIT,48,41,20,"2,475.00","49,500.00"
2020-07-07,2020070701017941,CLBSL,46,58,19,690.00,"13,110.00"
2020-07-07,2020070701017828,CLBSL,11,58,10,690.00,"6,900.00"
2020-07-07,2020070701017791,CLBSL,11,58,10,690.00,"6,900.00"
2020-07-07,2020070701017947,DDBL,28,16,100,855.00,"85,500.00"
2020-07-07,2020070701018035,EBL,41,16,246,661.00,"162,606.00"
2020-07-07,2020070701018030,EBL,41,34,354,661.00,"233,994.00"
2020-07-07,2020070701018028,EBL,33,34,75,660.00,"49,500.00"
2020-07-07,2020070701017898,EBL,46,34,25,660.00,"16,500.00"
2020-07-07,2020070701017897,EBL,46,57,50,660.00,"33,000.00"
2020-07-07,2020070701017896,EBL,46,35,25,660.00,"16,500.00"
2020-07-07,2020070701017705,EBL,47,35,200,660.00,"132,000.00"
2020-07-07,2020070701017704,EBL,47,34,100,659.00,"65,900.00"
2020-07-07,2020070701017918,EDBL,22,52,165,290.00,"47,850.00"
2020-07-07,2020070701017917,EDBL,47,52,100,290.00,"29,000.00"
2020-07-07,2020070701017916,EDBL,35,52,200,290.00,"58,000.00"
2020-07-07,2020070701017915,EDBL,37,52,500,290.00,"145,000.00"
2020-07-07,2020070701017914,EDBL,14,52,200,291.00,"58,200.00"
2020-07-07,2020070701017841,EDBL,25,52,100,292.00,"29,200.00"
2020-07-07,2020070701017802,EDBL,25,52,100,293.00,"29,300.00"
2020-07-07,2020070701017801,EDBL,57,52,50,293.00,"14,650.00"
2020-07-07,2020070701017913,EDBL,13,52,135,291.00,"39,285.00"
2020-07-07,2020070701017912,EDBL,33,52,100,292.00,"29,200.00"
2020-07-07,2020070701017845,EDBL,36,52,100,292.00,"29,200.00"
2020-07-07,2020070701017844,EDBL,19,52,200,292.00,"58,400.00"
2020-07-07,2020070701017843,EDBL,26,52,300,292.00,"87,600.00"
2020-07-07,2020070701017842,EDBL,26,52,200,292.00,"58,400.00"
2020-07-07,2020070701018138,EIC,49,14,10,415.00,"4,150.00"
2020-07-07,2020070701017996,EIC,34,38,200,413.00,"82,600.00"
2020-07-07,2020070701017940,EIC,34,14,100,415.00,"41,500.00"
2020-07-07,2020070701017744,EIC,41,14,100,415.00,"41,500.00"
2020-07-07,2020070701018073,FMDBL,19,6,100,507.00,"50,700.00"
2020-07-07,2020070701018072,FMDBL,19,43,100,507.00,"50,700.00"
2020-07-07,2020070701017922,FMDBL,45,38,60,505.00,"30,300.00"
2020-07-07,2020070701017783,FMDBL,32,6,40,506.00,"20,240.00"
2020-07-07,2020070701017785,FOWAD,45,14,25,"1,551.00","38,775.00"
2020-07-07,2020070701017784,FOWAD,45,50,75,"1,550.00","116,250.00"
2020-07-07,2020070701017838,GBBL,41,43,117,218.00,"25,506.00"
2020-07-07,2020070701017712,GBBL,41,47,431,218.00,"93,958.00"
2020-07-07,2020070701017711,GBBL,14,47,69,218.00,"15,042.00"
2020-07-07,2020070701018113,GBIME,17,57,100,245.00,"24,500.00"
2020-07-07,2020070701018016,GBIME,6,57,25,245.00,"6,125.00"
2020-07-07,2020070701017715,GBIME,6,57,50,245.00,"12,250.00"
2020-07-07,2020070701017699,GBLBS,33,45,15,478.00,"7,170.00"
2020-07-07,2020070701017660,GBLBS,33,45,15,478.00,"7,170.00"
2020-07-07,2020070701017692,GLBSL,34,25,173,635.00,"109,855.00"
2020-07-07,2020070701018117,GLICL,4,32,25,491.00,"12,275.00"
2020-07-07,2020070701018047,GLICL,4,6,50,491.00,"24,550.00"
2020-07-07,2020070701018002,GLICL,4,10,10,491.00,"4,910.00"
2020-07-07,2020070701017985,GLICL,13,10,90,491.00,"44,190.00"
2020-07-07,2020070701017984,GLICL,13,59,10,491.00,"4,910.00"
2020-07-07,2020070701017945,GLICL,4,39,100,490.00,"49,000.00"
2020-07-07,2020070701017863,GLICL,42,46,29,484.00,"14,036.00"
2020-07-07,2020070701017862,GLICL,34,46,10,484.00,"4,840.00"
2020-07-07,2020070701017861,GLICL,58,46,17,485.00,"8,245.00"
2020-07-07,2020070701017860,GLICL,42,46,20,487.00,"9,740.00"
2020-07-07,2020070701017856,GLICL,57,6,100,489.00,"48,900.00"
2020-07-07,2020070701017814,GLICL,42,13,130,487.00,"63,310.00"
2020-07-07,2020070701017944,GLICL,4,57,50,490.00,"24,500.00"
2020-07-07,2020070701017883,GLICL,45,57,450,490.00,"220,500.00"
2020-07-07,2020070701017882,GLICL,45,14,50,490.00,"24,500.00"
2020-07-07,2020070701017881,GLICL,45,36,100,490.00,"49,000.00"
2020-07-07,2020070701017880,GLICL,45,22,500,490.00,"245,000.00"
2020-07-07,2020070701017879,GLICL,45,6,400,489.00,"195,600.00"
2020-07-07,2020070701017769,GMFBS,50,52,10,765.00,"7,650.00"
2020-07-07,2020070701017820,HBL,35,44,200,530.00,"106,000.00"
2020-07-07,2020070701018057,HDHPC,35,45,50,89.00,"4,450.00"
2020-07-07,2020070701018133,HDL,14,40,90,"1,530.00","137,700.00"
2020-07-07,2020070701018102,HDL,33,33,100,"1,535.00","153,500.00"
2020-07-07,2020070701018071,HDL,43,56,100,"1,531.00","153,100.00"
2020-07-07,2020070701018038,HDL,14,56,100,"1,530.00","153,000.00"
2020-07-07,2020070701018037,HDL,14,11,10,"1,530.00","15,300.00"
2020-07-07,2020070701017929,HDL,13,58,85,"1,520.00","129,200.00"
2020-07-07,2020070701017928,HDL,48,58,15,"1,525.00","22,875.00"
2020-07-07,2020070701017923,HDL,48,50,115,"1,525.00","175,375.00"
2020-07-07,2020070701017892,HDL,48,50,15,"1,525.00","22,875.00"
2020-07-07,2020070701017718,HPPL,41,45,10,139.00,"1,390.00"
2020-07-07,2020070701017675,HPPL,41,45,10,139.00,"1,390.00"
2020-07-07,2020070701017777,IGI,44,6,100,434.00,"43,400.00"
2020-07-07,2020070701017776,IGI,41,6,20,434.00,"8,680.00"
2020-07-07,2020070701017775,IGI,41,6,25,434.00,"10,850.00"
2020-07-07,2020070701017774,IGI,41,6,50,434.00,"21,700.00"
2020-07-07,2020070701017773,IGI,41,6,50,434.00,"21,700.00"
2020-07-07,2020070701017772,IGI,41,6,50,434.00,"21,700.00"
2020-07-07,2020070701017911,ILBS,55,42,11,725.00,"7,975.00"
2020-07-07,2020070701017816,JBBL,22,16,10,168.00,"1,680.00"
2020-07-07,2020070701017748,JFL,42,32,200,157.00,"31,400.00"
2020-07-07,2020070701017747,JFL,8,32,207,157.00,"32,499.00"
2020-07-07,2020070701017746,JFL,34,32,114,157.00,"17,898.00"
2020-07-07,2020070701017682,JFL,34,16,50,157.00,"7,850.00"
2020-07-07,2020070701018065,JSLBB,17,1,20,"1,608.00","32,160.00"
2020-07-07,2020070701018064,JSLBB,17,48,10,"1,607.00","16,070.00"
2020-07-07,2020070701018063,JSLBB,17,45,50,"1,600.00","80,000.00"
2020-07-07,2020070701018104,KBL,42,42,600,188.00,"112,800.00"
2020-07-07,2020070701018086,KBL,58,39,"2,840",189.00,"536,760.00"
2020-07-07,2020070701017977,KBL,58,38,"1,000",189.00,"189,000.00"
2020-07-07,2020070701017976,KBL,58,49,500,189.00,"94,500.00"
2020-07-07,2020070701017809,KBL,42,21,179,188.00,"33,652.00"
2020-07-07,2020070701017808,KBL,21,21,60,189.00,"11,340.00"
2020-07-07,2020070701017807,KBL,38,21,100,189.00,"18,900.00"
2020-07-07,2020070701017806,KBL,14,21,61,189.00,"11,529.00"
2020-07-07,2020070701017742,KBL,14,34,200,189.00,"37,800.00"
2020-07-07,2020070701018034,KMCDB,52,25,50,810.00,"40,500.00"
2020-07-07,2020070701017974,KMCDB,52,37,50,810.00,"40,500.00"
2020-07-07,2020070701017973,KMCDB,42,37,50,810.00,"40,500.00"
2020-07-07,2020070701017889,KMCDB,25,38,10,815.00,"8,150.00"
2020-07-07,2020070701017853,KMCDB,25,38,10,805.00,"8,050.00"
2020-07-07,2020070701017852,KMCDB,25,38,10,800.00,"8,000.00"
2020-07-07,2020070701017848,KMCDB,56,45,10,795.00,"7,950.00"
2020-07-07,2020070701018066,KPCL,25,52,20,108.00,"2,160.00"
2020-07-07,2020070701017868,KPCL,50,45,10,105.00,"1,050.00"
2020-07-07,2020070701017693,KPCL,50,45,10,105.00,"1,050.00"
2020-07-07,2020070701017673,KPCL,50,47,10,105.00,"1,050.00"
2020-07-07,2020070701017726,KSBBL,33,34,731,146.00,"106,726.00"
2020-07-07,2020070701018079,LBL,17,20,147,209.00,"30,723.00"
2020-07-07,2020070701017689,LBL,17,10,361,209.00,"75,449.00"
2020-07-07,2020070701017688,LBL,6,10,39,209.00,"8,151.00"
2020-07-07,2020070701017830,LGIL,57,35,100,445.00,"44,500.00"
2020-07-07,2020070701018105,LICN,56,50,476,"1,340.00","637,840.00"
2020-07-07,2020070701018042,LICN,56,16,150,"1,330.00","199,500.00"
2020-07-07,2020070701018029,LICN,28,50,14,"1,340.00","18,760.00"
2020-07-07,2020070701018004,LICN,25,50,10,"1,340.00","13,400.00"
2020-07-07,2020070701017954,LICN,13,16,500,"1,329.00","664,500.00"
2020-07-07,2020070701017953,LICN,14,16,50,"1,329.00","66,450.00"
2020-07-07,2020070701017981,MBL,17,56,865,224.00,"193,760.00"
2020-07-07,2020070701017943,MBL,41,57,433,223.00,"96,559.00"
2020-07-07,2020070701017938,MEGA,1,17,605,206.00,"124,630.00"
2020-07-07,2020070701017937,MEGA,53,17,200,206.00,"41,200.00"
2020-07-07,2020070701017936,MEGA,29,17,10,206.00,"2,060.00"
2020-07-07,2020070701017935,MEGA,43,17,85,206.00,"17,510.00"
2020-07-07,2020070701017934,MEGA,45,17,100,207.00,"20,700.00"
2020-07-07,2020070701017788,MEGA,28,29,15,208.00,"3,120.00"
2020-07-07,2020070701017979,MERO,46,25,45,630.00,"28,350.00"
2020-07-07,2020070701017978,MERO,46,57,55,628.00,"34,540.00"
2020-07-07,2020070701017793,MERO,38,57,80,629.00,"50,320.00"
2020-07-07,2020070701017782,MERO,38,40,10,629.00,"6,290.00"
2020-07-07,2020070701017706,MERO,38,1,10,625.00,"6,250.00"
2020-07-07,2020070701018074,MFIL,6,45,10,286.00,"2,860.00"
2020-07-07,2020070701018056,MFIL,26,4,400,285.00,"114,000.00"
2020-07-07,2020070701017956,MFIL,26,28,500,285.00,"142,500.00"
2020-07-07,2020070701017955,MFIL,26,1,50,282.00,"14,100.00"
2020-07-07,2020070701017847,MLBBL,44,26,15,679.00,"10,185.00"
2020-07-07,2020070701018075,MLBL,42,47,100,187.00,"18,700.00"
2020-07-07,2020070701017823,MLBL,14,17,108,185.00,"19,980.00"
2020-07-07,2020070701017651,MLBL,34,50,300,185.00,"55,500.00"
2020-07-07,2020070701017650,MLBL,13,50,72,185.00,"13,320.00"
2020-07-07,2020070701017649,MLBL,17,50,300,185.00,"55,500.00"
2020-07-07,2020070701017648,MLBL,17,50,450,185.00,"83,250.00"
2020-07-07,2020070701017652,MLBL,14,50,378,185.00,"69,930.00"
2020-07-07,2020070701018101,MNBBL,41,43,10,308.00,"3,080.00"
2020-07-07,2020070701018100,MNBBL,43,43,30,308.00,"9,240.00"
2020-07-07,2020070701017899,MNBBL,28,43,448,308.00,"137,984.00"
2020-07-07,2020070701017697,MNBBL,28,51,12,308.00,"3,696.00"
2020-07-07,2020070701017687,MSMBS,56,14,30,672.00,"20,160.00"
2020-07-07,2020070701017686,MSMBS,56,16,11,672.00,"7,392.00"
2020-07-07,2020070701017685,MSMBS,56,32,100,672.00,"67,200.00"
2020-07-07,2020070701017684,MSMBS,56,50,22,666.00,"14,652.00"
2020-07-07,2020070701017683,MSMBS,56,48,22,660.00,"14,520.00"
2020-07-07,2020070701018050,NABIL,41,8,"1,000",744.00,"744,000.00"
2020-07-07,2020070701018048,NABIL,18,28,"1,584",745.00,"1,180,080.00"
2020-07-07,2020070701018019,NABIL,21,42,50,743.00,"37,150.00"
2020-07-07,2020070701018018,NABIL,36,42,50,743.00,"37,150.00"
2020-07-07,2020070701017939,NABIL,17,28,30,745.00,"22,350.00"
2020-07-07,2020070701017855,NABIL,41,28,200,745.00,"149,000.00"
2020-07-07,2020070701017741,NABIL,46,28,800,742.00,"593,600.00"
2020-07-07,2020070701017736,NABIL,49,42,32,743.00,"23,776.00"
2020-07-07,2020070701017837,NABIL,41,28,186,745.00,"138,570.00"
2020-07-07,2020070701017836,NABIL,41,8,106,745.00,"78,970.00"
2020-07-07,2020070701017835,NABIL,41,14,40,744.00,"29,760.00"
2020-07-07,2020070701017834,NABIL,41,42,168,743.00,"124,824.00"
2020-07-07,2020070701017812,NABIL,41,42,300,743.00,"222,900.00"
2020-07-07,2020070701017811,NABIL,41,28,200,742.00,"148,400.00"
2020-07-07,2020070701017707,NBB,40,32,10,198.00,"1,980.00"
2020-07-07,2020070701018137,NBL,33,6,20,247.00,"4,940.00"
2020-07-07,2020070701017846,NBL,41,6,50,247.00,"12,350.00"
2020-07-07,2020070701017821,NBL,34,22,500,246.00,"123,000.00"
2020-07-07,2020070701017725,NBL,34,14,25,246.00,"6,150.00"
2020-07-07,2020070701017721,NBL,34,28,967,246.00,"237,882.00"
2020-07-07,2020070701017720,NBL,17,28,33,246.00,"8,118.00"
2020-07-07,2020070701018126,NCCB,58,52,10,190.00,"1,900.00"
2020-07-07,2020070701018125,NCCB,58,52,101,190.00,"19,190.00"
2020-07-07,2020070701018124,NCCB,58,22,100,190.00,"19,000.00"
2020-07-07,2020070701018123,NCCB,58,47,10,189.00,"1,890.00"
2020-07-07,2020070701018122,NCCB,58,48,"1,000",189.00,"189,000.00"
2020-07-07,2020070701018121,NCCB,58,21,100,189.00,"18,900.00"
2020-07-07,2020070701017761,NCCB,14,34,11,188.00,"2,068.00"
2020-07-07,2020070701017668,NCCB,35,57,"1,118",187.00,"209,066.00"
2020-07-07,2020070701017667,NCCB,35,58,150,187.00,"28,050.00"
2020-07-07,2020070701017666,NCCB,35,41,301,187.00,"56,287.00"
2020-07-07,2020070701017665,NCCB,35,35,500,187.00,"93,500.00"
2020-07-07,2020070701018120,NCCB,58,20,500,189.00,"94,500.00"
2020-07-07,2020070701018119,NCCB,58,34,190,188.00,"35,720.00"
2020-07-07,2020070701018118,NCCB,58,1,"1,999",188.00,"375,812.00"
2020-07-07,2020070701017968,NCCB,33,34,10,188.00,"1,880.00"
2020-07-07,2020070701017967,NCCB,33,21,100,187.00,"18,700.00"
2020-07-07,2020070701017766,NCCB,58,26,"1,000",186.00,"186,000.00"
2020-07-07,2020070701017681,NHDL,34,57,10,116.00,"1,160.00"
2020-07-07,2020070701018024,NHPC,46,1,450,57.00,"25,650.00"
2020-07-07,2020070701018023,NHPC,46,58,50,57.00,"2,850.00"
2020-07-07,2020070701018051,NIB,45,42,500,442.00,"221,000.00"
2020-07-07,2020070701018032,NIB,57,49,53,443.00,"23,479.00"
2020-07-07,2020070701017972,NIB,49,49,10,443.00,"4,430.00"
2020-07-07,2020070701017886,NIB,20,49,100,443.00,"44,300.00"
2020-07-07,2020070701017884,NIB,45,16,51,442.00,"22,542.00"
2020-07-07,2020070701017873,NIB,19,49,60,443.00,"26,580.00"
2020-07-07,2020070701017829,NIB,45,16,500,442.00,"221,000.00"
2020-07-07,2020070701017679,NIB,45,16,100,442.00,"44,200.00"
2020-07-07,2020070701017678,NIB,45,38,43,442.00,"19,006.00"
2020-07-07,2020070701017677,NIB,45,6,57,442.00,"25,194.00"
2020-07-07,2020070701017676,NIB,45,6,107,441.00,"47,187.00"
2020-07-07,2020070701018025,NIBLPF,43,11,170,7.66,"1,302.20"
2020-07-07,2020070701017850,NIBPO,34,56,300,363.00,"108,900.00"
2020-07-07,2020070701017690,NIBPO,13,28,992,365.00,"362,080.00"
2020-07-07,2020070701018055,NIBPO,58,4,37,371.00,"13,727.00"
2020-07-07,2020070701018054,NIBPO,58,51,238,368.00,"87,584.00"
2020-07-07,2020070701018046,NICA,33,5,573,510.00,"292,230.00"
2020-07-07,2020070701017800,NICA,53,49,38,508.00,"19,304.00"
2020-07-07,2020070701017799,NICA,52,49,75,508.00,"38,100.00"
2020-07-07,2020070701017798,NICA,58,49,500,508.00,"254,000.00"
2020-07-07,2020070701017797,NICA,57,49,137,509.00,"69,733.00"
2020-07-07,2020070701017779,NICA,18,48,50,510.00,"25,500.00"
2020-07-07,2020070701017778,NICA,18,35,500,510.00,"255,000.00"
2020-07-07,2020070701017701,NICA,57,14,63,509.00,"32,067.00"
2020-07-07,2020070701017700,NICA,33,14,37,509.00,"18,833.00"
2020-07-07,2020070701017871,NICL,59,5,200,430.00,"86,000.00"
2020-07-07,2020070701017870,NICL,59,42,80,429.00,"34,320.00"
2020-07-07,2020070701018043,NICL,34,44,180,431.00,"77,580.00"
2020-07-07,2020070701017872,NICL,59,44,20,431.00,"8,620.00"
2020-07-07,2020070701018009,NIL,6,34,20,603.00,"12,060.00"
2020-07-07,2020070701018008,NIL,46,34,303,604.00,"183,012.00"
2020-07-07,2020070701018007,NIL,1,34,18,605.00,"10,890.00"
2020-07-07,2020070701018000,NIL,1,47,32,605.00,"19,360.00"
2020-07-07,2020070701017999,NIL,42,47,24,605.00,"14,520.00"
2020-07-07,2020070701017933,NIL,42,58,76,605.00,"45,980.00"
2020-07-07,2020070701017655,NIL,39,44,100,607.00,"60,700.00"
2020-07-07,2020070701017654,NIL,39,44,50,607.00,"30,350.00"
2020-07-07,2020070701017653,NIL,48,44,799,608.00,"485,792.00"
2020-07-07,2020070701017722,NIL,39,44,50,607.00,"30,350.00"
2020-07-07,2020070701017714,NIL,42,35,900,605.00,"544,500.00"
2020-07-07,2020070701017713,NIL,57,35,100,606.00,"60,600.00"
2020-07-07,2020070701017658,NIL,4,44,200,607.00,"121,400.00"
2020-07-07,2020070701017657,NIL,39,44,100,607.00,"60,700.00"
2020-07-07,2020070701017656,NIL,39,44,50,607.00,"30,350.00"
2020-07-07,2020070701018003,NLIC,50,35,100,"1,223.00","122,300.00"
2020-07-07,2020070701017998,NLIC,14,34,156,"1,230.00","191,880.00"
2020-07-07,2020070701017997,NLIC,14,5,44,"1,225.00","53,900.00"
2020-07-07,2020070701017975,NLIC,50,4,200,"1,223.00","244,600.00"
2020-07-07,2020070701017952,NLIC,18,5,156,"1,225.00","191,100.00"
2020-07-07,2020070701017951,NLIC,18,54,344,"1,225.00","421,400.00"
2020-07-07,2020070701017877,NLIC,6,6,22,"1,224.00","26,928.00"
2020-07-07,2020070701017803,NLIC,45,54,50,"1,225.00","61,250.00"
2020-07-07,2020070701017768,NLIC,49,6,22,"1,224.00","26,928.00"
2020-07-07,2020070701017734,NLIC,38,38,22,"1,224.00","26,928.00"
2020-07-07,2020070701017709,NLIC,44,45,22,"1,221.00","26,862.00"
2020-07-07,2020070701017659,NLIC,42,54,50,"1,225.00","61,250.00"
2020-07-07,2020070701017932,NLIC,32,54,56,"1,225.00","68,600.00"
2020-07-07,2020070701017931,NLIC,32,35,44,"1,224.00","53,856.00"
2020-07-07,2020070701017910,NLIC,26,35,22,"1,224.00","26,928.00"
2020-07-07,2020070701017909,NLIC,26,34,28,"1,224.00","34,272.00"
2020-07-07,2020070701017887,NLIC,6,34,22,"1,224.00","26,928.00"
2020-07-07,2020070701017878,NLIC,6,6,22,"1,224.00","26,928.00"
2020-07-07,2020070701018076,NLICL,44,14,500,660.00,"330,000.00"
2020-07-07,2020070701018010,NLICL,33,14,200,660.00,"132,000.00"
2020-07-07,2020070701017965,NLICL,51,14,150,660.00,"99,000.00"
2020-07-07,2020070701017964,NLICL,36,14,35,660.00,"23,100.00"
2020-07-07,2020070701017661,NLICL,44,54,43,660.00,"28,380.00"
2020-07-07,2020070701018116,NMB,28,6,100,392.00,"39,200.00"
2020-07-07,2020070701018115,NMB,28,58,100,392.00,"39,200.00"
2020-07-07,2020070701017942,NMB,7,51,100,391.00,"39,100.00"
2020-07-07,2020070701017885,NMB,7,6,150,391.00,"58,650.00"
2020-07-07,2020070701017874,NMB,57,42,500,390.00,"195,000.00"
2020-07-07,2020070701017849,NMB,28,6,100,391.00,"39,100.00"
2020-07-07,2020070701017716,NMB,41,34,700,390.00,"273,000.00"
2020-07-07,2020070701017702,NMB,41,28,"1,000",390.00,"390,000.00"
2020-07-07,2020070701017680,NMB,41,50,200,391.00,"78,200.00"
2020-07-07,2020070701017840,NMB,50,34,90,390.00,"35,100.00"
2020-07-07,2020070701017839,NMB,35,34,165,390.00,"64,350.00"
2020-07-07,2020070701017827,NMB,35,6,86,390.00,"33,540.00"
2020-07-07,2020070701017826,NMB,55,6,19,390.00,"7,410.00"
2020-07-07,2020070701017825,NMB,55,43,81,390.00,"31,590.00"
2020-07-07,2020070701017717,NMB,41,6,4,390.00,"1,560.00"
2020-07-07,2020070701018001,NMBMF,10,43,200,740.00,"148,000.00"
2020-07-07,2020070701017950,NMBMF,10,16,49,740.00,"36,260.00"
2020-07-07,2020070701017949,NMBMF,42,16,14,742.00,"10,388.00"
2020-07-07,2020070701017919,NMBMF,26,16,41,746.00,"30,586.00"
2020-07-07,2020070701017869,NMBMF,38,38,41,747.00,"30,627.00"
2020-07-07,2020070701017752,NMBMF,26,45,59,746.00,"44,014.00"
2020-07-07,2020070701018022,NMFBS,38,38,50,"1,523.00","76,150.00"
2020-07-07,2020070701017901,NMFBS,33,47,10,"1,526.00","15,260.00"
2020-07-07,2020070701017900,NMFBS,33,26,16,"1,515.00","24,240.00"
2020-07-07,2020070701018110,NRIC,34,48,40,484.00,"19,360.00"
2020-07-07,2020070701018099,NRIC,34,55,40,484.00,"19,360.00"
2020-07-07,2020070701018015,NRIC,34,33,20,484.00,"9,680.00"
2020-07-07,2020070701018014,NRIC,59,33,20,484.00,"9,680.00"
2020-07-07,2020070701017963,NRIC,59,55,40,484.00,"19,360.00"
2020-07-07,2020070701017813,NRIC,59,55,40,484.00,"19,360.00"
2020-07-07,2020070701017669,NRIC,59,48,40,484.00,"19,360.00"
2020-07-07,2020070701017647,NRIC,59,28,40,484.00,"19,360.00"
2020-07-07,2020070701017762,NRIC,59,48,40,484.00,"19,360.00"
2020-07-07,2020070701017723,NRIC,59,6,30,484.00,"14,520.00"
2020-07-07,2020070701017708,NRIC,59,55,40,484.00,"19,360.00"
2020-07-07,2020070701017698,NRIC,59,48,50,484.00,"24,200.00"
2020-07-07,2020070701017691,NRIC,59,43,50,484.00,"24,200.00"
2020-07-07,2020070701017674,NRIC,59,55,40,484.00,"19,360.00"
2020-07-07,2020070701017738,NTC,11,41,25,632.00,"15,800.00"
2020-07-07,2020070701017737,NTC,11,1,100,632.00,"63,200.00"
2020-07-07,2020070701018033,PCBL,8,47,250,249.00,"62,250.00"
2020-07-07,2020070701017961,PCBL,25,57,300,251.00,"75,300.00"
2020-07-07,2020070701017960,PCBL,25,36,200,251.00,"50,200.00"
2020-07-07,2020070701017959,PCBL,25,6,32,250.00,"8,000.00"
2020-07-07,2020070701017875,PCBL,48,6,"1,400",250.00,"350,000.00"
2020-07-07,2020070701017771,PCBL,1,6,"1,908",250.00,"477,000.00"
2020-07-07,2020070701017749,PCBL,6,6,700,250.00,"175,000.00"
2020-07-07,2020070701018139,PIC,54,37,50,615.00,"30,750.00"
2020-07-07,2020070701018041,PIC,25,21,184,612.00,"112,608.00"
2020-07-07,2020070701017792,PIC,10,17,16,608.00,"9,728.00"
2020-07-07,2020070701018039,PLIC,44,34,158,532.00,"84,056.00"
2020-07-07,2020070701017833,PLIC,52,28,216,530.00,"114,480.00"
2020-07-07,2020070701017832,PLIC,25,28,84,530.00,"44,520.00"
2020-07-07,2020070701017831,PLIC,10,28,200,531.00,"106,200.00"
2020-07-07,2020070701017815,PLIC,14,34,242,532.00,"128,744.00"
2020-07-07,2020070701018017,PMHPL,35,45,10,70.00,700.00
2020-07-07,2020070701017646,PRIN,39,6,100,456.00,"45,600.00"
2020-07-07,2020070701017645,PRIN,39,51,200,456.00,"91,200.00"
2020-07-07,2020070701017644,PRIN,39,16,120,456.00,"54,720.00"
2020-07-07,2020070701017643,PRIN,39,47,58,455.00,"26,390.00"
2020-07-07,2020070701018136,PRVU,49,11,20,235.00,"4,700.00"
2020-07-07,2020070701017969,PRVU,44,45,60,233.00,"13,980.00"
2020-07-07,2020070701017966,PRVU,58,34,510,234.00,"119,340.00"
2020-07-07,2020070701017891,PRVU,44,57,621,233.00,"144,693.00"
2020-07-07,2020070701017890,PRVU,49,34,400,234.00,"93,600.00"
2020-07-07,2020070701017767,PRVU,42,34,90,234.00,"21,060.00"
2020-07-07,2020070701017895,RADHI,22,45,12,167.00,"2,004.00"
2020-07-07,2020070701017824,RADHI,42,52,12,166.00,"1,992.00"
2020-07-07,2020070701017787,RADHI,52,45,12,167.00,"2,004.00"
2020-07-07,2020070701018114,RHPL,57,39,30,152.00,"4,560.00"
2020-07-07,2020070701017888,RMDC,53,22,11,649.00,"7,139.00"
2020-07-07,2020070701018044,RSDC,46,36,60,501.00,"30,060.00"
2020-07-07,2020070701017986,RSDC,1,41,24,500.00,"12,000.00"
2020-07-07,2020070701018040,SABSL,19,1,10,804.00,"8,040.00"
2020-07-07,2020070701017818,SABSL,5,57,39,789.00,"30,771.00"
2020-07-07,2020070701017817,SABSL,5,57,39,790.00,"30,810.00"
2020-07-07,2020070701017642,SABSL,5,38,11,790.00,"8,690.00"
2020-07-07,2020070701017894,SANIMA,6,17,335,325.00,"108,875.00"
2020-07-07,2020070701017893,SANIMA,1,17,665,327.00,"217,455.00"
2020-07-07,2020070701017859,SANIMA,1,1,100,327.00,"32,700.00"
2020-07-07,2020070701017858,SANIMA,1,1,900,327.00,"294,300.00"
2020-07-07,2020070701017857,SANIMA,1,39,200,326.00,"65,200.00"
2020-07-07,2020070701018108,SBI,25,13,586,411.00,"240,846.00"
2020-07-07,2020070701018107,SBI,35,13,200,412.00,"82,400.00"
2020-07-07,2020070701018106,SBI,33,13,196,412.00,"80,752.00"
2020-07-07,2020070701017948,SBI,33,34,19,412.00,"7,828.00"
2020-07-07,2020070701017770,SBI,33,52,200,412.00,"82,400.00"
2020-07-07,2020070701017980,SBL,35,34,256,294.00,"75,264.00"
2020-07-07,2020070701017958,SBL,14,34,244,294.00,"71,736.00"
2020-07-07,2020070701017957,SBL,14,47,256,294.00,"75,264.00"
2020-07-07,2020070701017925,SBL,45,47,188,294.00,"55,272.00"
2020-07-07,2020070701017924,SBL,45,51,312,294.00,"91,728.00"
2020-07-07,2020070701018130,SCB,29,42,100,625.00,"62,500.00"
2020-07-07,2020070701018062,SCB,29,22,20,625.00,"12,500.00"
2020-07-07,2020070701018061,SCB,21,22,30,625.00,"18,750.00"
2020-07-07,2020070701018060,SCB,41,22,120,626.00,"75,120.00"
2020-07-07,2020070701018059,SCB,25,22,20,627.00,"12,540.00"
2020-07-07,2020070701018058,SCB,25,22,10,627.00,"6,270.00"
2020-07-07,2020070701017926,SCB,49,43,50,630.00,"31,500.00"
2020-07-07,2020070701017854,SCB,25,16,20,627.00,"12,540.00"
2020-07-07,2020070701018109,SHINE,16,57,"2,000",218.00,"436,000.00"
2020-07-07,2020070701017851,SHINE,57,4,344,217.00,"74,648.00"
2020-07-07,2020070701018129,SHIVM,32,42,200,600.00,"120,000.00"
2020-07-07,2020070701018128,SHIVM,32,16,200,600.00,"120,000.00"
2020-07-07,2020070701018127,SHIVM,32,58,90,600.00,"54,000.00"
2020-07-07,2020070701018111,SHIVM,56,58,10,600.00,"6,000.00"
2020-07-07,2020070701018103,SHIVM,53,58,100,600.00,"60,000.00"
2020-07-07,2020070701018049,SHIVM,52,5,100,598.00,"59,800.00"
2020-07-07,2020070701017795,SHIVM,50,7,400,595.00,"238,000.00"
2020-07-07,2020070701017866,SHIVM,25,14,30,595.00,"17,850.00"
2020-07-07,2020070701017865,SHIVM,50,14,100,595.00,"59,500.00"
2020-07-07,2020070701017864,SHIVM,25,14,107,596.00,"63,772.00"
2020-07-07,2020070701018053,SHL,32,35,100,167.00,"16,700.00"
2020-07-07,2020070701018052,SHL,32,10,100,165.00,"16,500.00"
2020-07-07,2020070701018112,SICL,18,38,27,"1,007.00","27,189.00"
2020-07-07,2020070701017902,SICL,18,53,400,"1,007.00","402,800.00"
2020-07-07,2020070701017765,SICL,18,51,60,"1,007.00","60,420.00"
2020-07-07,2020070701017743,SICL,18,55,13,"1,007.00","13,091.00"
2020-07-07,2020070701018078,SIL,36,35,50,586.00,"29,300.00"
2020-07-07,2020070701018031,SIL,25,52,10,586.00,"5,860.00"
2020-07-07,2020070701018140,SINDU,34,42,10,125.00,"1,250.00"
2020-07-07,2020070701017730,SJCL,53,56,20,140.00,"2,800.00"
2020-07-07,2020070701017729,SJCL,53,29,20,140.00,"2,800.00"
2020-07-07,2020070701017728,SJCL,53,42,20,139.00,"2,780.00"
2020-07-07,2020070701017727,SJCL,53,57,31,138.00,"4,278.00"
2020-07-07,2020070701017641,SJCL,58,57,50,138.00,"6,900.00"
2020-07-07,2020070701017876,SKBBL,10,47,325,"1,192.00","387,400.00"
2020-07-07,2020070701017822,SKBBL,45,47,15,"1,200.00","18,000.00"
2020-07-07,2020070701018132,SLBBL,58,6,20,855.00,"17,100.00"
2020-07-07,2020070701017930,SLBBL,44,34,39,860.00,"33,540.00"
2020-07-07,2020070701018098,SLICL,25,36,139,445.00,"61,855.00"
2020-07-07,2020070701018097,SLICL,21,36,500,445.00,"222,500.00"
2020-07-07,2020070701018096,SLICL,36,36,50,445.00,"22,250.00"
2020-07-07,2020070701018095,SLICL,57,36,104,445.00,"46,280.00"
2020-07-07,2020070701018094,SLICL,42,36,300,445.00,"133,500.00"
2020-07-07,2020070701018093,SLICL,49,36,200,445.00,"89,000.00"
2020-07-07,2020070701017904,SLICL,17,44,50,450.00,"22,500.00"
2020-07-07,2020070701017903,SLICL,14,44,386,451.00,"174,086.00"
2020-07-07,2020070701017908,SLICL,14,44,150,450.00,"67,500.00"
2020-07-07,2020070701017907,SLICL,56,44,100,450.00,"45,000.00"
2020-07-07,2020070701017906,SLICL,35,44,600,450.00,"270,000.00"
2020-07-07,2020070701017905,SLICL,32,44,30,450.00,"13,500.00"
2020-07-07,2020070701018092,SLICL,38,36,317,445.00,"141,065.00"
2020-07-07,2020070701018091,SLICL,41,36,50,446.00,"22,300.00"
2020-07-07,2020070701018090,SLICL,26,36,"1,000",446.00,"446,000.00"
2020-07-07,2020070701018089,SLICL,35,36,200,447.00,"89,400.00"
2020-07-07,2020070701018088,SLICL,42,36,500,447.00,"223,500.00"
2020-07-07,2020070701018087,SLICL,19,36,50,447.00,"22,350.00"
2020-07-07,2020070701017696,SPARS,22,56,10,880.00,"8,800.00"
2020-07-07,2020070701018036,SRBL,26,46,35,228.00,"7,980.00"
2020-07-07,2020070701018026,SRBL,49,36,20,229.00,"4,580.00"
2020-07-07,2020070701018077,STC,39,19,10,"2,750.00","27,500.00"
2020-07-07,2020070701018027,STC,33,10,10,"2,750.00","27,500.00"
2020-07-07,2020070701017921,SWBBL,58,22,200,"1,150.00","230,000.00"
2020-07-07,2020070701017724,SWBBL,58,59,83,"1,150.00","95,450.00"
2020-07-07,2020070701018135,TMDBL,35,57,200,170.00,"34,000.00"
2020-07-07,2020070701017810,TMDBL,35,57,100,168.00,"16,800.00"
2020-07-07,2020070701017790,TMDBL,35,57,10,166.00,"1,660.00"
2020-07-07,2020070701017789,TMDBL,35,53,12,163.00,"1,956.00"
2020-07-07,2020070701018021,UPPER,52,45,500,237.00,"118,500.00"
2020-07-07,2020070701018020,UPPER,52,28,100,237.00,"23,700.00"
2020-07-07,2020070701017971,VLBS,17,47,52,990.00,"51,480.00"
2020-07-07,2020070701017970,VLBS,49,47,47,990.00,"46,530.00"
2020-07-07,2020070701017962,VLBS,50,46,10,"1,000.00","10,000.00"
2020-07-07,2020070701017498,ADBL,41,34,20,379.00,"7,580.00"
2020-07-07,2020070701017493,ADBL,58,34,10,379.00,"3,790.00"
2020-07-07,2020070701017492,ADBL,58,17,40,379.00,"15,160.00"
2020-07-07,2020070701017278,ADBL,41,49,378,377.00,"142,506.00"
2020-07-07,2020070701017277,ADBL,41,51,100,376.00,"37,600.00"
2020-07-07,2020070701017276,ADBL,41,53,170,376.00,"63,920.00"
2020-07-07,2020070701017275,ADBL,41,49,"1,000",375.00,"375,000.00"
2020-07-07,2020070701017274,ADBL,41,57,10,375.00,"3,750.00"
2020-07-07,2020070701017177,ADBL,42,45,19,375.00,"7,125.00"
2020-07-07,2020070701017283,ADBL,41,17,96,379.00,"36,384.00"
2020-07-07,2020070701017282,ADBL,41,48,10,379.00,"3,790.00"
2020-07-07,2020070701017281,ADBL,41,19,168,378.00,"63,504.00"
2020-07-07,2020070701017280,ADBL,41,47,200,377.00,"75,400.00"
2020-07-07,2020070701017279,ADBL,41,40,368,377.00,"138,736.00"
2020-07-07,2020070701017595,AKPL,17,19,"1,000",121.00,"121,000.00"
2020-07-07,2020070701017537,AKPL,58,25,"1,000",120.00,"120,000.00"
2020-07-07,2020070701017214,AKPL,58,17,13,120.00,"1,560.00"
2020-07-07,2020070701017629,ALBSL,57,45,11,690.00,"7,590.00"
2020-07-07,2020070701017398,ALBSL,57,38,11,690.00,"7,590.00"
2020-07-07,2020070701017285,ALICL,28,38,150,590.00,"88,500.00"
2020-07-07,2020070701017284,ALICL,41,38,15,593.00,"8,895.00"
2020-07-07,2020070701017487,API,6,45,400,108.00,"43,200.00"
2020-07-07,2020070701017457,API,25,45,27,108.00,"2,916.00"
2020-07-07,2020070701017383,API,44,39,23,106.00,"2,438.00"
2020-07-07,2020070701017352,API,50,39,250,106.00,"26,500.00"
2020-07-07,2020070701017304,API,55,39,100,106.00,"10,600.00"
2020-07-07,2020070701017240,BARUN,56,17,10,81.00,810.00
2020-07-07,2020070701017534,BOKL,32,49,100,214.00,"21,400.00"
2020-07-07,2020070701017533,BOKL,51,49,100,214.00,"21,400.00"
2020-07-07,2020070701017532,BOKL,25,49,100,214.00,"21,400.00"
2020-07-07,2020070701017514,BOKL,34,49,500,214.00,"107,000.00"
2020-07-07,2020070701017349,BOKL,46,6,50,215.00,"10,750.00"
2020-07-07,2020070701017348,BOKL,1,6,300,215.00,"64,500.00"
2020-07-07,2020070701017347,BOKL,17,6,200,216.00,"43,200.00"
2020-07-07,2020070701017346,BOKL,17,6,200,216.00,"43,200.00"
2020-07-07,2020070701017345,BOKL,44,6,100,216.00,"21,600.00"
2020-07-07,2020070701017344,BOKL,49,6,10,216.00,"2,160.00"
2020-07-07,2020070701017343,BOKL,39,6,50,216.00,"10,800.00"
2020-07-07,2020070701017342,BOKL,34,6,65,216.00,"14,040.00"
2020-07-07,2020070701017618,BPCL,46,6,141,357.00,"50,337.00"
2020-07-07,2020070701017617,BPCL,56,6,100,358.00,"35,800.00"
2020-07-07,2020070701017553,CBBL,6,50,490,"1,018.00","498,820.00"
2020-07-07,2020070701017552,CBBL,45,50,10,"1,020.00","10,200.00"
2020-07-07,2020070701017419,CBL,33,26,150,138.00,"20,700.00"
2020-07-07,2020070701017213,CBL,33,52,150,138.00,"20,700.00"
2020-07-07,2020070701017571,CFCL,26,28,721,118.00,"85,078.00"
2020-07-07,2020070701017157,CFCL,42,28,19,118.00,"2,242.00"
2020-07-07,2020070701017630,CHCL,35,59,138,383.00,"52,854.00"
2020-07-07,2020070701017590,CHCL,39,59,12,384.00,"4,608.00"
2020-07-07,2020070701017413,CHCL,7,19,35,387.00,"13,545.00"
2020-07-07,2020070701017401,CHCL,39,14,188,384.00,"72,192.00"
2020-07-07,2020070701017400,CHCL,11,14,300,384.00,"115,200.00"
2020-07-07,2020070701017399,CHCL,28,14,12,385.00,"4,620.00"
2020-07-07,2020070701017374,CHCL,7,19,100,387.00,"38,700.00"
2020-07-07,2020070701017517,CIT,49,8,23,"2,472.00","56,856.00"
2020-07-07,2020070701017407,CIT,49,18,80,"2,472.00","197,760.00"
2020-07-07,2020070701017406,CIT,49,41,20,"2,472.00","49,440.00"
2020-07-07,2020070701017405,CIT,49,26,17,"2,466.00","41,922.00"
2020-07-07,2020070701017404,CIT,49,41,20,"2,465.00","49,300.00"
2020-07-07,2020070701017259,CIT,6,26,133,"2,466.00","327,978.00"
2020-07-07,2020070701017255,CIT,6,33,127,"2,466.00","313,182.00"
2020-07-07,2020070701017254,CIT,6,11,40,"2,466.00","98,640.00"
2020-07-07,2020070701017606,CLBSL,39,58,20,690.00,"13,800.00"
2020-07-07,2020070701017568,CLBSL,39,43,30,690.00,"20,700.00"
2020-07-07,2020070701017390,CLBSL,56,36,30,691.00,"20,730.00"
2020-07-07,2020070701017389,CLBSL,53,36,20,691.00,"13,820.00"
2020-07-07,2020070701017198,CLBSL,53,57,20,691.00,"13,820.00"
2020-07-07,2020070701017243,CZBIL,8,44,210,191.00,"40,110.00"
2020-07-07,2020070701017238,DDBL,34,28,30,850.00,"25,500.00"
2020-07-07,2020070701017206,DDBL,28,28,374,849.00,"317,526.00"
2020-07-07,2020070701017205,DDBL,48,28,50,850.00,"42,500.00"
2020-07-07,2020070701017204,DDBL,22,28,20,850.00,"17,000.00"
2020-07-07,2020070701017203,DDBL,21,28,56,854.00,"47,824.00"
2020-07-07,2020070701017164,DDBL,21,17,34,854.00,"29,036.00"
2020-07-07,2020070701017397,EBL,21,11,100,656.00,"65,600.00"
2020-07-07,2020070701017628,EDBL,33,52,100,294.00,"29,400.00"
2020-07-07,2020070701017501,EDBL,56,52,100,294.00,"29,400.00"
2020-07-07,2020070701017500,EDBL,19,52,90,294.00,"26,460.00"
2020-07-07,2020070701017148,EDBL,6,57,312,299.00,"93,288.00"
2020-07-07,2020070701017147,EDBL,6,6,90,299.00,"26,910.00"
2020-07-07,2020070701017576,EIC,39,14,500,415.00,"207,500.00"
2020-07-07,2020070701017548,EIC,59,32,50,412.00,"20,600.00"
2020-07-07,2020070701017523,EIC,57,32,100,413.00,"41,300.00"
2020-07-07,2020070701017335,EIC,49,14,200,415.00,"83,000.00"
2020-07-07,2020070701017334,EIC,57,14,90,415.00,"37,350.00"
2020-07-07,2020070701017160,EIC,57,40,100,415.00,"41,500.00"
2020-07-07,2020070701017159,EIC,14,40,300,416.00,"124,800.00"
2020-07-07,2020070701017158,EIC,28,40,100,417.00,"41,700.00"
2020-07-07,2020070701017636,FMDBL,20,6,60,506.00,"30,360.00"
2020-07-07,2020070701017559,FMDBL,14,49,354,504.00,"178,416.00"
2020-07-07,2020070701017554,FMDBL,16,50,10,505.00,"5,050.00"
2020-07-07,2020070701017463,FMDBL,14,38,500,505.00,"252,500.00"
2020-07-07,2020070701017462,FMDBL,42,38,50,506.00,"25,300.00"
2020-07-07,2020070701017461,FMDBL,45,43,100,507.00,"50,700.00"
2020-07-07,2020070701017409,FMDBL,45,43,100,507.00,"50,700.00"
2020-07-07,2020070701017202,FMDBL,57,49,246,508.00,"124,968.00"
2020-07-07,2020070701017200,FMDBL,57,40,254,508.00,"129,032.00"
2020-07-07,2020070701017199,FMDBL,48,40,46,508.00,"23,368.00"
2020-07-07,2020070701017184,FMDBL,48,6,117,508.00,"59,436.00"
2020-07-07,2020070701017593,FOWAD,28,14,13,"1,551.00","20,163.00"
2020-07-07,2020070701017592,FOWAD,28,41,17,"1,540.00","26,180.00"
2020-07-07,2020070701017215,FOWAD,33,41,100,"1,521.00","152,100.00"
2020-07-07,2020070701017442,GBBL,14,49,31,218.00,"6,758.00"
2020-07-07,2020070701017441,GBBL,48,49,21,218.00,"4,578.00"
2020-07-07,2020070701017235,GBBL,48,52,179,218.00,"39,022.00"
2020-07-07,2020070701017234,GBBL,29,52,500,218.00,"109,000.00"
2020-07-07,2020070701017233,GBBL,56,52,346,218.00,"75,428.00"
2020-07-07,2020070701017232,GBBL,25,52,125,219.00,"27,375.00"
2020-07-07,2020070701017580,GBIME,13,14,63,244.00,"15,372.00"
2020-07-07,2020070701017569,GBIME,58,57,300,245.00,"73,500.00"
2020-07-07,2020070701017516,GBIME,25,45,300,244.00,"73,200.00"
2020-07-07,2020070701017446,GBIME,59,45,200,244.00,"48,800.00"
2020-07-07,2020070701017384,GBIME,45,57,100,245.00,"24,500.00"
2020-07-07,2020070701017379,GBIME,26,57,200,245.00,"49,000.00"
2020-07-07,2020070701017230,GBIME,53,38,312,245.00,"76,440.00"
2020-07-07,2020070701017229,GBIME,53,47,157,244.00,"38,308.00"
2020-07-07,2020070701017228,GBIME,53,34,191,244.00,"46,604.00"
2020-07-07,2020070701017175,GBIME,57,36,172,243.00,"41,796.00"
2020-07-07,2020070701017174,GBIME,41,36,10,243.00,"2,430.00"
2020-07-07,2020070701017173,GBIME,34,36,"3,180",243.00,"772,740.00"
2020-07-07,2020070701017242,GBLBS,8,36,200,480.00,"96,000.00"
2020-07-07,2020070701017241,GBLBS,59,36,300,483.00,"144,900.00"
2020-07-07,2020070701017196,GBLBS,42,34,220,488.00,"107,360.00"
2020-07-07,2020070701017170,GBLBS,59,36,200,483.00,"96,600.00"
2020-07-07,2020070701017169,GBLBS,52,36,300,483.00,"144,900.00"
2020-07-07,2020070701017373,GGBSL,57,45,50,748.00,"37,400.00"
2020-07-07,2020070701017372,GGBSL,57,45,10,748.00,"7,480.00"
2020-07-07,2020070701017264,GGBSL,45,45,20,752.00,"15,040.00"
2020-07-07,2020070701017263,GGBSL,7,45,30,766.00,"22,980.00"
2020-07-07,2020070701017371,GGBSL,43,45,50,749.00,"37,450.00"
2020-07-07,2020070701017370,GGBSL,48,45,50,750.00,"37,500.00"
2020-07-07,2020070701017266,GGBSL,47,45,200,751.00,"150,200.00"
2020-07-07,2020070701017265,GGBSL,55,45,10,751.00,"7,510.00"
2020-07-07,2020070701017570,GHL,25,58,20,56.00,"1,120.00"
2020-07-07,2020070701017589,GILB,57,34,10,"1,271.00","12,710.00"
2020-07-07,2020070701017454,GILB,39,36,150,"1,292.00","193,800.00"
2020-07-07,2020070701017574,GLICL,58,32,25,485.00,"12,125.00"
2020-07-07,2020070701017549,GLICL,58,47,58,485.00,"28,130.00"
2020-07-07,2020070701017640,GMFBS,39,52,10,765.00,"7,650.00"
2020-07-07,2020070701017639,GMFBS,41,52,50,765.00,"38,250.00"
2020-07-07,2020070701017494,GMFIL,35,57,45,124.00,"5,580.00"
2020-07-07,2020070701017543,HBL,46,44,750,530.00,"397,500.00"
2020-07-07,2020070701017542,HBL,1,44,100,531.00,"53,100.00"
2020-07-07,2020070701017541,HBL,45,44,400,531.00,"212,400.00"
2020-07-07,2020070701017583,HDL,33,36,300,"1,516.00","454,800.00"
2020-07-07,2020070701017547,HDL,33,59,330,"1,520.00","501,600.00"
2020-07-07,2020070701017511,HDL,42,59,50,"1,521.00","76,050.00"
2020-07-07,2020070701017510,HDL,28,59,120,"1,521.00","182,520.00"
2020-07-07,2020070701017491,HDL,28,58,50,"1,521.00","76,050.00"
2020-07-07,2020070701017469,HDL,28,40,330,"1,521.00","501,930.00"
2020-07-07,2020070701017434,HDL,28,50,500,"1,526.00","763,000.00"
2020-07-07,2020070701017416,HDL,14,37,100,"1,528.00","152,800.00"
2020-07-07,2020070701017415,HDL,14,14,50,"1,528.00","76,400.00"
2020-07-07,2020070701017315,HDL,25,14,50,"1,528.00","76,400.00"
2020-07-07,2020070701017314,HDL,21,14,50,"1,528.00","76,400.00"
2020-07-07,2020070701017468,HDL,39,40,100,"1,522.00","152,200.00"
2020-07-07,2020070701017467,HDL,28,40,270,"1,523.00","411,210.00"
2020-07-07,2020070701017453,HDL,39,21,100,"1,524.00","152,400.00"
2020-07-07,2020070701017449,HDL,5,50,100,"1,525.00","152,500.00"
2020-07-07,2020070701017436,HDL,25,50,100,"1,525.00","152,500.00"
2020-07-07,2020070701017435,HDL,59,50,20,"1,525.00","30,500.00"
2020-07-07,2020070701017433,HIDCL,34,45,300,135.00,"40,500.00"
2020-07-07,2020070701017432,HIDCL,34,44,500,135.00,"67,500.00"
2020-07-07,2020070701017431,HIDCL,34,16,"2,700",135.00,"364,500.00"
2020-07-07,2020070701017430,HIDCL,34,42,61,135.00,"8,235.00"
2020-07-07,2020070701017429,HIDCL,34,44,500,134.00,"67,000.00"
2020-07-07,2020070701017428,HIDCL,34,42,100,134.00,"13,400.00"
2020-07-07,2020070701017410,HIDCL,6,17,52,131.00,"6,812.00"
2020-07-07,2020070701017427,HIDCL,34,1,"1,000",134.00,"134,000.00"
2020-07-07,2020070701017426,HIDCL,34,16,50,134.00,"6,700.00"
2020-07-07,2020070701017425,HIDCL,34,1,489,134.00,"65,526.00"
2020-07-07,2020070701017424,HIDCL,34,54,10,133.00,"1,330.00"
2020-07-07,2020070701017423,HIDCL,34,42,100,133.00,"13,300.00"
2020-07-07,2020070701017422,HIDCL,34,44,17,133.00,"2,261.00"
2020-07-07,2020070701017522,HPPL,42,21,10,140.00,"1,400.00"
2020-07-07,2020070701017521,HPPL,42,28,10,140.00,"1,400.00"
2020-07-07,2020070701017331,HPPL,42,45,10,139.00,"1,390.00"
2020-07-07,2020070701017414,IGI,14,32,100,434.00,"43,400.00"
2020-07-07,2020070701017530,ILBS,21,10,200,711.00,"142,200.00"
2020-07-07,2020070701017529,ILBS,52,10,100,711.00,"71,100.00"
2020-07-07,2020070701017502,ILBS,32,10,50,716.00,"35,800.00"
2020-07-07,2020070701017465,ILBS,52,10,50,717.00,"35,850.00"
2020-07-07,2020070701017455,ILBS,50,10,168,717.00,"120,456.00"
2020-07-07,2020070701017444,ILBS,52,10,50,726.00,"36,300.00"
2020-07-07,2020070701017201,ILBS,35,49,100,740.00,"74,000.00"
2020-07-07,2020070701017195,ILBS,55,38,58,741.00,"42,978.00"
2020-07-07,2020070701017194,ILBS,57,38,17,750.00,"12,750.00"
2020-07-07,2020070701017411,JBBL,22,47,49,168.00,"8,232.00"
2020-07-07,2020070701017408,JBBL,22,47,106,168.00,"17,808.00"
2020-07-07,2020070701017154,JBBL,34,34,188,166.00,"31,208.00"
2020-07-07,2020070701017153,JBBL,20,34,150,167.00,"25,050.00"
2020-07-07,2020070701017614,KBL,14,49,239,189.00,"45,171.00"
2020-07-07,2020070701017613,KBL,21,49,100,189.00,"18,900.00"
2020-07-07,2020070701017612,KBL,22,49,"1,661",189.00,"313,929.00"
2020-07-07,2020070701017464,KBL,22,57,50,189.00,"9,450.00"
2020-07-07,2020070701017369,KBL,22,50,93,189.00,"17,577.00"
2020-07-07,2020070701017353,KBL,53,42,100,190.00,"19,000.00"
2020-07-07,2020070701017609,KMCDB,50,52,10,794.00,"7,940.00"
2020-07-07,2020070701017560,KMCDB,34,38,10,795.00,"7,950.00"
2020-07-07,2020070701017402,KMCDB,34,58,60,800.00,"48,000.00"
2020-07-07,2020070701017168,KMCDB,6,25,100,801.00,"80,100.00"
2020-07-07,2020070701017167,KMCDB,38,25,70,801.00,"56,070.00"
2020-07-07,2020070701017301,KMCDB,34,39,10,800.00,"8,000.00"
2020-07-07,2020070701017366,KPCL,50,45,10,105.00,"1,050.00"
2020-07-07,2020070701017351,KSBBL,33,34,269,146.00,"39,274.00"
2020-07-07,2020070701017624,LBL,6,28,70,210.00,"14,700.00"
2020-07-07,2020070701017623,LBL,6,51,100,210.00,"21,000.00"
2020-07-07,2020070701017622,LBL,6,45,28,210.00,"5,880.00"
2020-07-07,2020070701017621,LBL,6,14,400,210.00,"84,000.00"
2020-07-07,2020070701017620,LBL,6,45,"1,552",210.00,"325,920.00"
2020-07-07,2020070701017513,LBL,6,37,26,209.00,"5,434.00"
2020-07-07,2020070701017512,LBL,6,37,39,209.00,"8,151.00"
2020-07-07,2020070701017474,LBL,6,58,711,209.00,"148,599.00"
2020-07-07,2020070701017581,LGIL,8,45,40,443.00,"17,720.00"
2020-07-07,2020070701017499,LGIL,57,34,300,444.00,"133,200.00"
2020-07-07,2020070701017380,LGIL,28,34,100,444.00,"44,400.00"
2020-07-07,2020070701017604,LICN,28,7,11,"1,345.00","14,795.00"
2020-07-07,2020070701017475,LICN,39,50,10,"1,328.00","13,280.00"
2020-07-07,2020070701017440,LICN,25,52,10,"1,350.00","13,500.00"
2020-07-07,2020070701017601,MBL,45,56,100,224.00,"22,400.00"
2020-07-07,2020070701017256,MEGA,43,39,50,206.00,"10,300.00"
2020-07-07,2020070701017616,MFIL,6,51,10,280.00,"2,800.00"
2020-07-07,2020070701017615,MFIL,6,34,275,280.00,"77,000.00"
2020-07-07,2020070701017472,MLBL,55,42,300,186.00,"55,800.00"
2020-07-07,2020070701017471,MLBL,14,42,50,186.00,"9,300.00"
2020-07-07,2020070701017473,MLBL,48,42,500,186.00,"93,000.00"
2020-07-07,2020070701017573,MNBBL,28,47,40,308.00,"12,320.00"
2020-07-07,2020070701017572,MNBBL,34,47,30,308.00,"9,240.00"
2020-07-07,2020070701017375,MNBBL,34,47,20,308.00,"6,160.00"
2020-07-07,2020070701017368,MSMBS,38,38,22,659.00,"14,498.00"
2020-07-07,2020070701017186,NABIL,49,1,18,743.00,"13,374.00"
2020-07-07,2020070701017185,NABIL,46,1,82,743.00,"60,926.00"
2020-07-07,2020070701017385,NBB,55,28,200,199.00,"39,800.00"
2020-07-07,2020070701017216,NBB,40,57,168,198.00,"33,264.00"
2020-07-07,2020070701017515,NBL,21,6,100,247.00,"24,700.00"
2020-07-07,2020070701017505,NBL,45,6,100,247.00,"24,700.00"
2020-07-07,2020070701017290,NBL,43,6,500,247.00,"123,500.00"
2020-07-07,2020070701017272,NBL,59,6,100,247.00,"24,700.00"
2020-07-07,2020070701017443,NCCB,38,38,38,186.00,"7,068.00"
2020-07-07,2020070701017223,NCCB,58,58,150,187.00,"28,050.00"
2020-07-07,2020070701017466,NHDL,11,49,10,116.00,"1,160.00"
2020-07-07,2020070701017596,NIB,1,6,143,441.00,"63,063.00"
2020-07-07,2020070701017535,NIB,38,6,43,442.00,"19,006.00"
2020-07-07,2020070701017488,NIB,35,16,500,441.00,"220,500.00"
2020-07-07,2020070701017447,NIB,59,45,50,442.00,"22,100.00"
2020-07-07,2020070701017317,NIB,1,25,357,441.00,"157,437.00"
2020-07-07,2020070701017567,NIBPO,13,4,50,365.00,"18,250.00"
2020-07-07,2020070701017566,NIBPO,35,4,500,366.00,"183,000.00"
2020-07-07,2020070701017269,NIBPO,13,1,158,365.00,"57,670.00"
2020-07-07,2020070701017268,NIBPO,47,1,50,365.00,"18,250.00"
2020-07-07,2020070701017267,NIBPO,58,1,456,365.00,"166,440.00"
2020-07-07,2020070701017562,NICA,33,14,333,509.00,"169,497.00"
2020-07-07,2020070701017490,NICA,33,47,10,509.00,"5,090.00"
2020-07-07,2020070701017387,NICA,33,47,10,509.00,"5,090.00"
2020-07-07,2020070701017311,NICA,11,6,292,509.00,"148,628.00"
2020-07-07,2020070701017310,NICA,3,6,100,509.00,"50,900.00"
2020-07-07,2020070701017309,NICA,58,6,40,510.00,"20,400.00"
2020-07-07,2020070701017245,NICA,49,38,111,510.00,"56,610.00"
2020-07-07,2020070701017193,NICA,49,50,189,510.00,"96,390.00"
2020-07-07,2020070701017192,NICA,21,50,50,510.00,"25,500.00"
2020-07-07,2020070701017191,NICA,44,50,161,510.00,"82,110.00"
2020-07-07,2020070701017152,NICA,44,34,250,510.00,"127,500.00"
2020-07-07,2020070701017308,NICA,57,6,71,510.00,"36,210.00"
2020-07-07,2020070701017291,NICA,57,47,100,510.00,"51,000.00"
2020-07-07,2020070701017249,NICA,57,21,129,510.00,"65,790.00"
2020-07-07,2020070701017248,NICA,50,21,10,510.00,"5,100.00"
2020-07-07,2020070701017247,NICA,47,21,61,510.00,"31,110.00"
2020-07-07,2020070701017246,NICA,47,38,239,510.00,"121,890.00"
2020-07-07,2020070701017558,NICBF,51,49,"1,000",8.60,"8,600.00"
2020-07-07,2020070701017557,NICBF,22,49,"1,000",8.60,"8,600.00"
2020-07-07,2020070701017356,NICGF,40,22,100,9.18,918.00
2020-07-07,2020070701017355,NICGF,40,39,"1,500",9.18,"13,770.00"
2020-07-07,2020070701017588,NICL,58,10,600,423.00,"253,800.00"
2020-07-07,2020070701017587,NICL,6,10,50,423.00,"21,150.00"
2020-07-07,2020070701017586,NICL,57,10,50,424.00,"21,200.00"
2020-07-07,2020070701017585,NICL,57,10,300,424.00,"127,200.00"
2020-07-07,2020070701017222,NICL,56,10,400,425.00,"170,000.00"
2020-07-07,2020070701017221,NICL,4,10,200,427.00,"85,400.00"
2020-07-07,2020070701017220,NICL,56,10,50,427.00,"21,350.00"
2020-07-07,2020070701017219,NICL,4,10,100,427.00,"42,700.00"
2020-07-07,2020070701017460,NICL,20,42,70,429.00,"30,030.00"
2020-07-07,2020070701017394,NICL,5,42,200,429.00,"85,800.00"
2020-07-07,2020070701017363,NICL,57,13,159,430.00,"68,370.00"
2020-07-07,2020070701017324,NICL,32,44,250,431.00,"107,750.00"
2020-07-07,2020070701017271,NICL,57,44,"1,200",430.00,"516,000.00"
2020-07-07,2020070701017270,NICL,57,10,250,425.00,"106,250.00"
2020-07-07,2020070701017637,NIL,48,44,124,608.00,"75,392.00"
2020-07-07,2020070701017550,NIL,48,22,77,608.00,"46,816.00"
2020-07-07,2020070701017507,NIL,39,41,150,607.00,"91,050.00"
2020-07-07,2020070701017506,NIL,39,41,50,607.00,"30,350.00"
2020-07-07,2020070701017484,NIL,39,35,49,607.00,"29,743.00"
2020-07-07,2020070701017483,NIL,39,35,100,607.00,"60,700.00"
2020-07-07,2020070701017142,NIL,39,41,100,607.00,"60,700.00"
2020-07-07,2020070701017141,NIL,39,41,100,607.00,"60,700.00"
2020-07-07,2020070701017338,NIL,39,10,50,607.00,"30,350.00"
2020-07-07,2020070701017337,NIL,39,10,61,607.00,"37,027.00"
2020-07-07,2020070701017146,NIL,39,6,39,607.00,"23,673.00"
2020-07-07,2020070701017145,NIL,39,6,50,607.00,"30,350.00"
2020-07-07,2020070701017144,NIL,39,6,13,607.00,"7,891.00"
2020-07-07,2020070701017143,NIL,39,41,87,607.00,"52,809.00"
2020-07-07,2020070701017476,NIL,39,35,31,607.00,"18,817.00"
2020-07-07,2020070701017396,NIL,39,7,69,607.00,"41,883.00"
2020-07-07,2020070701017395,NIL,39,7,331,607.00,"200,917.00"
2020-07-07,2020070701017341,NIL,39,10,169,607.00,"102,583.00"
2020-07-07,2020070701017340,NIL,39,10,100,607.00,"60,700.00"
2020-07-07,2020070701017339,NIL,39,10,100,607.00,"60,700.00"
2020-07-07,2020070701017482,NIL,39,35,60,607.00,"36,420.00"
2020-07-07,2020070701017481,NIL,39,35,60,607.00,"36,420.00"
2020-07-07,2020070701017480,NIL,39,35,200,607.00,"121,400.00"
2020-07-07,2020070701017479,NIL,39,35,100,607.00,"60,700.00"
2020-07-07,2020070701017478,NIL,39,35,200,607.00,"121,400.00"
2020-07-07,2020070701017477,NIL,39,35,200,607.00,"121,400.00"
2020-07-07,2020070701017626,NLG,38,38,52,622.00,"32,344.00"
2020-07-07,2020070701017603,NLIC,42,47,50,"1,225.00","61,250.00"
2020-07-07,2020070701017485,NLIC,49,50,200,"1,220.00","244,000.00"
2020-07-07,2020070701017452,NLIC,49,14,63,"1,220.00","76,860.00"
2020-07-07,2020070701017437,NLIC,49,57,31,"1,220.00","37,820.00"
2020-07-07,2020070701017417,NLIC,34,57,22,"1,227.00","26,994.00"
2020-07-07,2020070701017365,NLIC,49,6,22,"1,220.00","26,840.00"
2020-07-07,2020070701017176,NLIC,13,6,22,"1,227.00","26,994.00"
2020-07-07,2020070701017162,NLIC,13,28,200,"1,227.00","245,400.00"
2020-07-07,2020070701017151,NLIC,13,6,22,"1,227.00","26,994.00"
2020-07-07,2020070701017236,NLIC,35,57,40,"1,225.00","49,000.00"
2020-07-07,2020070701017212,NLIC,35,4,22,"1,225.00","26,950.00"
2020-07-07,2020070701017211,NLIC,21,4,44,"1,226.00","53,944.00"
2020-07-07,2020070701017210,NLIC,13,4,34,"1,227.00","41,718.00"
2020-07-07,2020070701017190,NLIC,13,6,22,"1,227.00","26,994.00"
2020-07-07,2020070701017178,NLIC,13,49,100,"1,227.00","122,700.00"
2020-07-07,2020070701017295,NLIC,21,34,100,"1,221.00","122,100.00"
2020-07-07,2020070701017294,NLIC,38,34,100,"1,225.00","122,500.00"
2020-07-07,2020070701017293,NLIC,51,34,150,"1,225.00","183,750.00"
2020-07-07,2020070701017292,NLIC,46,34,18,"1,225.00","22,050.00"
2020-07-07,2020070701017261,NLIC,46,6,22,"1,225.00","26,950.00"
2020-07-07,2020070701017237,NLIC,46,57,260,"1,225.00","318,500.00"
2020-07-07,2020070701017336,NLIC,49,6,22,"1,220.00","26,840.00"
2020-07-07,2020070701017300,NLIC,49,34,48,"1,220.00","58,560.00"
2020-07-07,2020070701017299,NLIC,17,34,50,"1,220.00","61,000.00"
2020-07-07,2020070701017298,NLIC,49,34,934,"1,220.00","1,139,480.00"
2020-07-07,2020070701017297,NLIC,51,34,250,"1,221.00","305,250.00"
2020-07-07,2020070701017296,NLIC,57,34,50,"1,221.00","61,050.00"
2020-07-07,2020070701017627,NLICL,32,54,57,660.00,"37,620.00"
2020-07-07,2020070701017582,NLICL,48,54,100,661.00,"66,100.00"
2020-07-07,2020070701017635,NMB,41,16,100,391.00,"39,100.00"
2020-07-07,2020070701017528,NMB,41,14,63,390.00,"24,570.00"
2020-07-07,2020070701017403,NMB,41,13,157,390.00,"61,230.00"
2020-07-07,2020070701017321,NMB,41,50,576,390.00,"224,640.00"
2020-07-07,2020070701017320,NMB,47,50,50,391.00,"19,550.00"
2020-07-07,2020070701017319,NMB,45,50,864,391.00,"337,824.00"
2020-07-07,2020070701017306,NMB,49,49,8,385.00,"3,080.00"
2020-07-07,2020070701017257,NMB,39,58,500,392.00,"196,000.00"
2020-07-07,2020070701017156,NMB,45,42,67,391.00,"26,197.00"
2020-07-07,2020070701017367,NMBMF,16,6,24,750.00,"18,000.00"
2020-07-07,2020070701017302,NMBMF,16,25,100,750.00,"75,000.00"
2020-07-07,2020070701017239,NMBMF,16,41,326,750.00,"244,500.00"
2020-07-07,2020070701017171,NMBMF,16,6,50,750.00,"37,500.00"
2020-07-07,2020070701017625,NRIC,59,55,40,484.00,"19,360.00"
2020-07-07,2020070701017594,NRIC,59,48,40,484.00,"19,360.00"
2020-07-07,2020070701017591,NRIC,59,55,40,484.00,"19,360.00"
2020-07-07,2020070701017584,NRIC,59,38,40,484.00,"19,360.00"
2020-07-07,2020070701017563,NRIC,59,55,40,484.00,"19,360.00"
2020-07-07,2020070701017561,NRIC,59,28,40,484.00,"19,360.00"
2020-07-07,2020070701017161,NRIC,59,21,10,484.00,"4,840.00"
2020-07-07,2020070701017149,NRIC,59,52,40,484.00,"19,360.00"
2020-07-07,2020070701017313,NRIC,59,41,50,484.00,"24,200.00"
2020-07-07,2020070701017260,NRIC,59,40,40,484.00,"19,360.00"
2020-07-07,2020070701017218,NRIC,59,40,40,484.00,"19,360.00"
2020-07-07,2020070701017197,NRIC,59,40,40,484.00,"19,360.00"
2020-07-07,2020070701017188,NRIC,59,52,40,484.00,"19,360.00"
2020-07-07,2020070701017163,NRIC,59,40,40,484.00,"19,360.00"
2020-07-07,2020070701017445,NRIC,59,55,40,484.00,"19,360.00"
2020-07-07,2020070701017412,NRIC,59,28,40,484.00,"19,360.00"
2020-07-07,2020070701017378,NRIC,59,1,40,484.00,"19,360.00"
2020-07-07,2020070701017376,NRIC,59,42,10,484.00,"4,840.00"
2020-07-07,2020070701017362,NRIC,59,55,40,484.00,"19,360.00"
2020-07-07,2020070701017330,NRIC,59,40,50,484.00,"24,200.00"
2020-07-07,2020070701017531,NRIC,59,38,40,484.00,"19,360.00"
2020-07-07,2020070701017520,NRIC,59,55,40,484.00,"19,360.00"
2020-07-07,2020070701017518,NRIC,59,28,40,484.00,"19,360.00"
2020-07-07,2020070701017496,NRIC,59,55,40,484.00,"19,360.00"
2020-07-07,2020070701017486,NRIC,59,40,40,484.00,"19,360.00"
2020-07-07,2020070701017458,NRIC,59,28,40,484.00,"19,360.00"
2020-07-07,2020070701017172,NTC,25,33,80,630.00,"50,400.00"
2020-07-07,2020070701017579,NUBL,38,50,50,976.00,"48,800.00"
2020-07-07,2020070701017578,NUBL,21,50,50,980.00,"49,000.00"
2020-07-07,2020070701017577,NUBL,48,50,400,981.00,"392,400.00"
2020-07-07,2020070701017503,NUBL,25,52,100,982.00,"98,200.00"
2020-07-07,2020070701017546,PCBL,34,34,19,248.00,"4,712.00"
2020-07-07,2020070701017545,PCBL,42,34,120,248.00,"29,760.00"
2020-07-07,2020070701017544,PCBL,51,34,61,249.00,"15,189.00"
2020-07-07,2020070701017391,PCBL,51,26,939,249.00,"233,811.00"
2020-07-07,2020070701017364,PCBL,26,26,268,249.00,"66,732.00"
2020-07-07,2020070701017307,PCBL,26,14,100,249.00,"24,900.00"
2020-07-07,2020070701017305,PCBL,38,6,500,250.00,"125,000.00"
2020-07-07,2020070701017262,PCBL,58,6,"3,000",250.00,"750,000.00"
2020-07-07,2020070701017258,PCBL,26,50,200,249.00,"49,800.00"
2020-07-07,2020070701017619,PIC,10,17,84,608.00,"51,072.00"
2020-07-07,2020070701017575,PIC,10,17,84,608.00,"51,072.00"
2020-07-07,2020070701017303,PICL,58,32,50,451.00,"22,550.00"
2020-07-07,2020070701017634,PLIC,14,10,58,532.00,"30,856.00"
2020-07-07,2020070701017633,PLIC,33,10,500,533.00,"266,500.00"
2020-07-07,2020070701017632,PLIC,3,10,170,534.00,"90,780.00"
2020-07-07,2020070701017631,PLIC,32,10,272,535.00,"145,520.00"
2020-07-07,2020070701017448,PLIC,32,53,78,535.00,"41,730.00"
2020-07-07,2020070701017509,PPCL,45,25,30,111.00,"3,330.00"
2020-07-07,2020070701017508,PPCL,45,25,30,111.00,"3,330.00"
2020-07-07,2020070701017217,PRIN,44,32,100,454.00,"45,400.00"
2020-07-07,2020070701017556,PRVU,44,4,70,233.00,"16,310.00"
2020-07-07,2020070701017470,PRVU,44,25,10,233.00,"2,330.00"
2020-07-07,2020070701017421,PRVU,57,25,6,234.00,"1,404.00"
2020-07-07,2020070701017420,PRVU,57,21,24,234.00,"5,616.00"
2020-07-07,2020070701017325,PRVU,44,42,"1,160",233.00,"270,280.00"
2020-07-07,2020070701017225,PRVU,44,51,"1,000",233.00,"233,000.00"
2020-07-07,2020070701017459,RBCLPO,37,17,50,"8,150.00","407,500.00"
2020-07-07,2020070701017519,RHPL,58,37,20,151.00,"3,020.00"
2020-07-07,2020070701017504,RHPL,58,11,40,150.00,"6,000.00"
2020-07-07,2020070701017551,RSDC,1,56,200,500.00,"100,000.00"
2020-07-07,2020070701017386,RSDC,1,43,300,500.00,"150,000.00"
2020-07-07,2020070701017602,SABSL,8,8,1,788.00,788.00
2020-07-07,2020070701017451,SADBL,19,39,200,145.00,"29,000.00"
2020-07-07,2020070701017605,SANIMA,14,42,270,324.00,"87,480.00"
2020-07-07,2020070701017418,SANIMA,39,26,416,324.00,"134,784.00"
2020-07-07,2020070701017382,SBI,33,39,585,412.00,"241,020.00"
2020-07-07,2020070701017381,SBI,45,39,415,413.00,"171,395.00"
2020-07-07,2020070701017611,SBL,11,51,10,294.00,"2,940.00"
2020-07-07,2020070701017438,SBL,33,47,14,293.00,"4,102.00"
2020-07-07,2020070701017155,SBL,33,43,100,293.00,"29,300.00"
2020-07-07,2020070701017456,SDESI,43,45,23,912.00,"20,976.00"
2020-07-07,2020070701017600,SHINE,36,4,250,217.00,"54,250.00"
2020-07-07,2020070701017599,SHINE,4,4,50,217.00,"10,850.00"
2020-07-07,2020070701017598,SHINE,45,4,200,217.00,"43,400.00"
2020-07-07,2020070701017597,SHINE,41,4,156,217.00,"33,852.00"
2020-07-07,2020070701017610,SHIVM,5,7,100,597.00,"59,700.00"
2020-07-07,2020070701017439,SHIVM,39,7,200,598.00,"119,600.00"
2020-07-07,2020070701017393,SHIVM,53,53,130,600.00,"78,000.00"
2020-07-07,2020070701017392,SHIVM,38,53,160,600.00,"96,000.00"
2020-07-07,2020070701017360,SHIVM,38,25,200,600.00,"120,000.00"
2020-07-07,2020070701017354,SHIVM,38,49,94,600.00,"56,400.00"
2020-07-07,2020070701017244,SHIVM,44,56,200,600.00,"120,000.00"
2020-07-07,2020070701017209,SHIVM,44,48,490,600.00,"294,000.00"
2020-07-07,2020070701017208,SHIVM,28,48,10,601.00,"6,010.00"
2020-07-07,2020070701017187,SHIVM,44,58,300,600.00,"180,000.00"
2020-07-07,2020070701017183,SHIVM,44,7,200,600.00,"120,000.00"
2020-07-07,2020070701017333,SHIVM,38,56,100,600.00,"60,000.00"
2020-07-07,2020070701017288,SHIVM,38,7,306,600.00,"183,600.00"
2020-07-07,2020070701017287,SHIVM,38,7,194,600.00,"116,400.00"
2020-07-07,2020070701017273,SHIVM,38,25,100,600.00,"60,000.00"
2020-07-07,2020070701017253,SHIVM,38,50,206,600.00,"123,600.00"
2020-07-07,2020070701017252,SHIVM,44,50,294,600.00,"176,400.00"
2020-07-07,2020070701017189,SHPC,48,28,"1,000",218.00,"218,000.00"
2020-07-07,2020070701017638,SICL,34,6,100,"1,006.00","100,600.00"
2020-07-07,2020070701017608,SICL,25,17,30,"1,010.00","30,300.00"
2020-07-07,2020070701017607,SICL,25,28,100,"1,010.00","101,000.00"
2020-07-07,2020070701017565,SICL,29,28,50,"1,010.00","50,500.00"
2020-07-07,2020070701017564,SICL,25,28,50,"1,010.00","50,500.00"
2020-07-07,2020070701017555,SICL,25,14,100,"1,010.00","101,000.00"
2020-07-07,2020070701017182,SICL,58,14,160,"1,014.00","162,240.00"
2020-07-07,2020070701017181,SICL,58,14,400,"1,014.00","405,600.00"
2020-07-07,2020070701017180,SICL,58,14,250,"1,014.00","253,500.00"
2020-07-07,2020070701017179,SICL,22,14,40,"1,015.00","40,600.00"
2020-07-07,2020070701017150,SICL,58,7,150,"1,014.00","152,100.00"
2020-07-07,2020070701017361,SICL,41,55,10,"1,013.00","10,130.00"
2020-07-07,2020070701017328,SICL,35,55,650,"1,013.00","658,450.00"
2020-07-07,2020070701017327,SICL,25,55,300,"1,014.00","304,200.00"
2020-07-07,2020070701017326,SICL,58,55,40,"1,014.00","40,560.00"
2020-07-07,2020070701017527,SICL,25,7,50,"1,010.00","50,500.00"
2020-07-07,2020070701017526,SICL,48,7,100,"1,010.00","101,000.00"
2020-07-07,2020070701017525,SICL,26,7,100,"1,011.00","101,100.00"
2020-07-07,2020070701017524,SICL,52,7,50,"1,012.00","50,600.00"
2020-07-07,2020070701017495,SICL,41,46,10,"1,015.00","10,150.00"
2020-07-07,2020070701017388,SIL,36,35,150,577.00,"86,550.00"
2020-07-07,2020070701017289,SIL,6,35,50,582.00,"29,100.00"
2020-07-07,2020070701017536,SJCL,58,57,50,138.00,"6,900.00"
2020-07-07,2020070701017497,SJCL,58,11,20,136.00,"2,720.00"
2020-07-07,2020070701017231,SJCL,58,48,20,136.00,"2,720.00"
2020-07-07,2020070701017489,SLBSL,22,45,10,818.00,"8,180.00"
2020-07-07,2020070701017540,SLICL,14,33,14,451.00,"6,314.00"
2020-07-07,2020070701017539,SLICL,29,33,20,451.00,"9,020.00"
2020-07-07,2020070701017538,SLICL,17,33,66,451.00,"29,766.00"
2020-07-07,2020070701017332,SLICL,17,59,200,451.00,"90,200.00"
2020-07-07,2020070701017165,SLICL,29,32,50,453.00,"22,650.00"
2020-07-07,2020070701017251,SLICL,17,13,234,451.00,"105,534.00"
2020-07-07,2020070701017250,SLICL,52,13,100,452.00,"45,200.00"
2020-07-07,2020070701017207,SLICL,29,52,50,453.00,"22,650.00"
2020-07-07,2020070701017450,SMFBS,43,34,10,950.00,"9,500.00"
2020-07-07,2020070701017377,SPDL,45,6,300,102.00,"30,600.00"
2020-07-07,2020070701017316,SPDL,45,45,500,102.00,"51,000.00"
2020-07-07,2020070701017312,SPDL,45,17,15,102.00,"1,530.00"
2020-07-07,2020070701017323,STC,10,19,30,"2,700.00","81,000.00"
2020-07-07,2020070701017322,STC,57,19,45,"2,701.00","121,545.00"
2020-07-07,2020070701017166,TMDBL,33,53,50,163.00,"8,150.00"
2020-07-07,2020070701017350,TRH,14,46,10,215.00,"2,150.00"
2020-07-07,2020070701017329,UMHL,35,17,14,101.00,"1,414.00"
2020-07-07,2020070701017286,UNHPL,56,48,50,49.00,"2,450.00"
2020-07-07,2020070701017359,UPCL,6,48,40,69.00,"2,760.00"
2020-07-07,2020070701017358,UPCL,33,48,60,69.00,"4,140.00"
2020-07-07,2020070701017357,UPCL,50,48,400,70.00,"28,000.00"
2020-07-07,2020070701017227,UPCL,50,11,50,70.00,"3,500.00"
2020-07-07,2020070701017318,UPPER,21,25,20,236.00,"4,720.00"
2020-07-07,2020070701017226,UPPER,21,32,40,236.00,"9,440.00"
2020-07-07,2020070701017224,UPPER,21,44,40,236.00,"9,440.00"
2020-07-07,2020070701016697,ADBL,57,37,127,374.00,"47,498.00"
2020-07-07,2020070701016858,AKJCL,7,51,10,49.00,490.00
2020-07-07,2020070701016806,AKJCL,7,46,20,49.00,980.00
2020-07-07,2020070701016938,AKPL,43,1,783,121.00,"94,743.00"
2020-07-07,2020070701016906,AKPL,43,52,108,121.00,"13,068.00"
2020-07-07,2020070701016661,AKPL,43,39,99,121.00,"11,979.00"
2020-07-07,2020070701017127,ALICL,41,57,985,593.00,"584,105.00"
2020-07-07,2020070701017126,ALICL,21,57,15,594.00,"8,910.00"
2020-07-07,2020070701016920,ALICL,50,34,500,595.00,"297,500.00"
2020-07-07,2020070701016747,ALICL,41,5,100,595.00,"59,500.00"
2020-07-07,2020070701016980,API,38,39,250,106.00,"26,500.00"
2020-07-07,2020070701016979,API,38,39,"1,000",106.00,"106,000.00"
2020-07-07,2020070701016978,API,47,39,100,106.00,"10,600.00"
2020-07-07,2020070701016977,API,45,39,500,106.00,"53,000.00"
2020-07-07,2020070701016976,API,46,39,200,106.00,"21,200.00"
2020-07-07,2020070701016975,API,22,39,500,107.00,"53,500.00"
2020-07-07,2020070701016974,API,47,39,60,107.00,"6,420.00"
2020-07-07,2020070701016973,API,38,39,150,107.00,"16,050.00"
2020-07-07,2020070701017104,BOKL,34,6,35,216.00,"7,560.00"
2020-07-07,2020070701017103,BOKL,34,6,200,216.00,"43,200.00"
2020-07-07,2020070701017102,BOKL,46,6,50,216.00,"10,800.00"
2020-07-07,2020070701016780,BOKL,34,39,122,217.00,"26,474.00"
2020-07-07,2020070701016741,BOKL,34,37,198,217.00,"42,966.00"
2020-07-07,2020070701017004,CBBL,25,44,100,"1,025.00","102,500.00"
2020-07-07,2020070701017131,CBL,49,6,100,137.00,"13,700.00"
2020-07-07,2020070701017130,CBL,49,34,"1,107",137.00,"151,659.00"
2020-07-07,2020070701016842,CBL,14,34,500,137.00,"68,500.00"
2020-07-07,2020070701017101,CCBL,4,43,100,166.00,"16,600.00"
2020-07-07,2020070701016923,CCBL,49,49,3,162.00,486.00
2020-07-07,2020070701016791,CFCL,17,28,160,118.00,"18,880.00"
2020-07-07,2020070701016790,CFCL,42,28,10,120.00,"1,200.00"
2020-07-07,2020070701016789,CFCL,42,28,90,120.00,"10,800.00"
2020-07-07,2020070701016854,CHCL,49,45,600,387.00,"232,200.00"
2020-07-07,2020070701016801,CHCL,28,14,250,385.00,"96,250.00"
2020-07-07,2020070701016775,CHCL,28,51,50,385.00,"19,250.00"
2020-07-07,2020070701016905,CIT,56,52,100,"2,465.00","246,500.00"
2020-07-07,2020070701016836,CIT,56,38,50,"2,465.00","123,250.00"
2020-07-07,2020070701017035,CLBSL,53,45,10,691.00,"6,910.00"
2020-07-07,2020070701017034,CLBSL,46,45,10,691.00,"6,910.00"
2020-07-07,2020070701017058,CZBIL,49,11,22,190.00,"4,180.00"
2020-07-07,2020070701016768,CZBIL,49,37,226,190.00,"42,940.00"
2020-07-07,2020070701016718,DDBL,28,44,20,855.00,"17,100.00"
2020-07-07,2020070701016674,DDBL,56,54,235,856.00,"201,160.00"
2020-07-07,2020070701017020,DHPL,19,35,11,48.00,528.00
2020-07-07,2020070701017071,EBL,56,35,500,660.00,"330,000.00"
2020-07-07,2020070701017070,EBL,26,35,50,660.00,"33,000.00"
2020-07-07,2020070701017069,EBL,32,35,18,660.00,"11,880.00"
2020-07-07,2020070701016841,EBL,32,25,82,660.00,"54,120.00"
2020-07-07,2020070701016840,EBL,33,25,218,660.00,"143,880.00"
2020-07-07,2020070701016717,EBL,41,34,346,661.00,"228,706.00"
2020-07-07,2020070701016716,EBL,41,7,144,661.00,"95,184.00"
2020-07-07,2020070701017111,EDBL,6,36,46,298.00,"13,708.00"
2020-07-07,2020070701016884,EIC,42,57,350,418.00,"146,300.00"
2020-07-07,2020070701016746,EIC,38,43,100,417.00,"41,700.00"
2020-07-07,2020070701016720,EIC,45,57,100,418.00,"41,800.00"
2020-07-07,2020070701016653,EIC,10,17,500,419.00,"209,500.00"
2020-07-07,2020070701017026,FMDBL,48,43,100,508.00,"50,800.00"
2020-07-07,2020070701016921,FMDBL,48,48,60,508.00,"30,480.00"
2020-07-07,2020070701016797,FMDBL,48,34,100,508.00,"50,800.00"
2020-07-07,2020070701016654,FOWAD,43,5,10,"1,539.00","15,390.00"
2020-07-07,2020070701017137,GBBL,25,48,375,219.00,"82,125.00"
2020-07-07,2020070701017136,GBBL,4,48,323,219.00,"70,737.00"
2020-07-07,2020070701017068,GBBL,25,39,528,220.00,"116,160.00"
2020-07-07,2020070701017055,GBBL,25,21,170,220.00,"37,400.00"
2020-07-07,2020070701017010,GBBL,18,16,161,221.00,"35,581.00"
2020-07-07,2020070701016958,GBBL,25,47,302,220.00,"66,440.00"
2020-07-07,2020070701016665,GBBL,58,16,39,221.00,"8,619.00"
2020-07-07,2020070701016645,GBBL,58,47,59,221.00,"13,039.00"
2020-07-07,2020070701017084,GBIME,42,34,30,244.00,"7,320.00"
2020-07-07,2020070701016940,GBIME,34,52,109,243.00,"26,487.00"
2020-07-07,2020070701016919,GBIME,34,6,"1,711",243.00,"415,773.00"
2020-07-07,2020070701016918,GBIME,34,6,"4,620",243.00,"1,122,660.00"
2020-07-07,2020070701016828,GBIME,22,34,300,244.00,"73,200.00"
2020-07-07,2020070701016756,GBIME,34,52,90,243.00,"21,870.00"
2020-07-07,2020070701016722,GBIME,6,59,100,245.00,"24,500.00"
2020-07-07,2020070701016721,GBIME,50,59,500,245.00,"122,500.00"
2020-07-07,2020070701016682,GBIME,38,7,129,245.00,"31,605.00"
2020-07-07,2020070701016641,GBIME,38,52,129,245.00,"31,605.00"
2020-07-07,2020070701016728,GBIME,48,59,200,244.00,"48,800.00"
2020-07-07,2020070701016727,GBIME,57,59,"3,000",244.00,"732,000.00"
2020-07-07,2020070701016726,GBIME,29,59,500,244.00,"122,000.00"
2020-07-07,2020070701016725,GBIME,29,59,450,244.00,"109,800.00"
2020-07-07,2020070701016724,GBIME,33,59,100,244.00,"24,400.00"
2020-07-07,2020070701016723,GBIME,28,59,110,244.00,"26,840.00"
2020-07-07,2020070701016755,GBIME,34,28,290,243.00,"70,470.00"
2020-07-07,2020070701016754,GBIME,45,28,300,243.00,"72,900.00"
2020-07-07,2020070701016753,GBIME,34,28,30,243.00,"7,290.00"
2020-07-07,2020070701016752,GBIME,44,28,10,243.00,"2,430.00"
2020-07-07,2020070701016738,GBIME,57,38,286,245.00,"70,070.00"
2020-07-07,2020070701016729,GBIME,44,59,40,243.00,"9,720.00"
2020-07-07,2020070701017077,GBLBS,10,25,300,488.00,"146,400.00"
2020-07-07,2020070701016948,GBLBS,10,36,200,490.00,"98,000.00"
2020-07-07,2020070701016947,GBLBS,16,36,185,490.00,"90,650.00"
2020-07-07,2020070701016897,GBLBS,16,55,200,490.00,"98,000.00"
2020-07-07,2020070701016826,GBLBS,16,44,15,490.00,"7,350.00"
2020-07-07,2020070701016732,GGBSL,7,40,10,766.00,"7,660.00"
2020-07-07,2020070701016838,GHL,33,48,30,55.00,"1,650.00"
2020-07-07,2020070701017128,GILB,34,34,10,"1,293.00","12,930.00"
2020-07-07,2020070701016886,GILB,34,34,10,"1,302.00","13,020.00"
2020-07-07,2020070701017030,GLICL,32,32,100,486.00,"48,600.00"
2020-07-07,2020070701016881,GLICL,58,45,100,485.00,"48,500.00"
2020-07-07,2020070701016784,GLICL,32,46,24,490.00,"11,760.00"
2020-07-07,2020070701016688,GLICL,32,6,10,490.00,"4,900.00"
2020-07-07,2020070701016687,GLICL,32,17,100,490.00,"49,000.00"
2020-07-07,2020070701016686,GLICL,32,20,116,490.00,"56,840.00"
2020-07-07,2020070701016658,GLICL,32,45,50,489.00,"24,450.00"
2020-07-07,2020070701016910,GMFBS,41,50,10,780.00,"7,800.00"
2020-07-07,2020070701017091,HBL,46,11,250,530.00,"132,500.00"
2020-07-07,2020070701017090,HBL,53,11,100,530.00,"53,000.00"
2020-07-07,2020070701017115,HDL,21,58,50,"1,528.00","76,400.00"
2020-07-07,2020070701017085,HDL,5,56,50,"1,537.00","76,850.00"
2020-07-07,2020070701017003,HDL,21,56,200,"1,530.00","306,000.00"
2020-07-07,2020070701016898,HDL,53,44,30,"1,536.00","46,080.00"
2020-07-07,2020070701016664,HDL,53,14,50,"1,536.00","76,800.00"
2020-07-07,2020070701016949,HGI,32,45,100,386.00,"38,600.00"
2020-07-07,2020070701016917,HGI,32,46,319,386.00,"123,134.00"
2020-07-07,2020070701016916,HGI,45,46,100,386.00,"38,600.00"
2020-07-07,2020070701016915,HGI,34,46,35,386.00,"13,510.00"
2020-07-07,2020070701016914,HGI,54,46,200,386.00,"77,200.00"
2020-07-07,2020070701016913,HGI,13,46,500,386.00,"193,000.00"
2020-07-07,2020070701016912,HGI,16,46,346,386.00,"133,556.00"
2020-07-07,2020070701017059,HIDCL,6,48,60,131.00,"7,860.00"
2020-07-07,2020070701017114,IGI,14,14,893,434.00,"387,562.00"
2020-07-07,2020070701017113,IGI,14,14,105,434.00,"45,570.00"
2020-07-07,2020070701016816,ILBS,57,35,11,750.00,"8,250.00"
2020-07-07,2020070701016642,ILBS,25,26,20,750.00,"15,000.00"
2020-07-07,2020070701016954,JBBL,48,47,150,168.00,"25,200.00"
2020-07-07,2020070701016890,JBBL,45,47,10,168.00,"1,680.00"
2020-07-07,2020070701016889,JBBL,48,47,22,168.00,"3,696.00"
2020-07-07,2020070701016710,JBBL,47,45,205,169.00,"34,645.00"
2020-07-07,2020070701016956,JOSHI,20,48,20,50.00,"1,000.00"
2020-07-07,2020070701016907,JOSHI,20,51,20,50.00,"1,000.00"
2020-07-07,2020070701016937,KBL,53,42,100,190.00,"19,000.00"
2020-07-07,2020070701017050,KKHC,11,35,16,50.00,800.00
2020-07-07,2020070701017073,KMCDB,38,51,10,801.00,"8,010.00"
2020-07-07,2020070701016657,KMCDB,7,50,10,805.00,"8,050.00"
2020-07-07,2020070701016656,KMCDB,7,56,10,804.00,"8,040.00"
2020-07-07,2020070701017112,KPCL,50,34,10,105.00,"1,050.00"
2020-07-07,2020070701016927,KPCL,47,51,10,106.00,"1,060.00"
2020-07-07,2020070701016951,KSBBL,33,35,731,146.00,"106,726.00"
2020-07-07,2020070701016950,KSBBL,17,35,269,146.00,"39,274.00"
2020-07-07,2020070701016660,KSBBL,17,34,31,146.00,"4,526.00"
2020-07-07,2020070701016659,KSBBL,41,34,969,146.00,"141,474.00"
2020-07-07,2020070701016651,LBBL,46,38,500,182.00,"91,000.00"
2020-07-07,2020070701016650,LBBL,16,38,"1,000",182.00,"182,000.00"
2020-07-07,2020070701016649,LBBL,56,38,394,182.00,"71,708.00"
2020-07-07,2020070701017002,LBL,42,58,10,209.00,"2,090.00"
2020-07-07,2020070701016946,LBL,14,58,500,209.00,"104,500.00"
2020-07-07,2020070701016994,LGIL,8,14,427,443.00,"189,161.00"
2020-07-07,2020070701016993,LGIL,40,14,200,444.00,"88,800.00"
2020-07-07,2020070701016992,LGIL,49,14,50,445.00,"22,250.00"
2020-07-07,2020070701016991,LGIL,16,14,323,445.00,"143,735.00"
2020-07-07,2020070701016864,LGIL,16,25,81,445.00,"36,045.00"
2020-07-07,2020070701016855,LGIL,16,49,16,445.00,"7,120.00"
2020-07-07,2020070701017132,LICN,47,41,10,"1,335.00","13,350.00"
2020-07-07,2020070701016868,LICN,7,14,100,"1,340.00","134,000.00"
2020-07-07,2020070701016867,LICN,57,14,50,"1,340.00","67,000.00"
2020-07-07,2020070701016866,LICN,45,14,10,"1,340.00","13,400.00"
2020-07-07,2020070701016865,LICN,56,14,11,"1,345.00","14,795.00"
2020-07-07,2020070701017098,LLBS,58,26,19,"1,100.00","20,900.00"
2020-07-07,2020070701017097,LLBS,58,45,30,"1,100.00","33,000.00"
2020-07-07,2020070701017096,LLBS,58,34,337,"1,099.00","370,363.00"
2020-07-07,2020070701016957,LLBS,43,34,10,"1,099.00","10,990.00"
2020-07-07,2020070701017135,MBL,41,35,20,223.00,"4,460.00"
2020-07-07,2020070701016860,MBL,53,56,50,224.00,"11,200.00"
2020-07-07,2020070701016859,MBL,54,56,244,224.00,"54,656.00"
2020-07-07,2020070701017122,MEGA,43,21,65,206.00,"13,390.00"
2020-07-07,2020070701017121,MEGA,34,21,735,206.00,"151,410.00"
2020-07-07,2020070701017120,MEGA,19,21,200,207.00,"41,400.00"
2020-07-07,2020070701016997,MEGA,34,51,265,206.00,"54,590.00"
2020-07-07,2020070701016996,MEGA,38,51,635,206.00,"130,810.00"
2020-07-07,2020070701016760,MEGA,53,6,"2,000",208.00,"416,000.00"
2020-07-07,2020070701016759,MEGA,7,6,300,208.00,"62,400.00"
2020-07-07,2020070701016652,MEGA,45,49,20,209.00,"4,180.00"
2020-07-07,2020070701016766,MEGA,28,6,"1,950",207.00,"403,650.00"
2020-07-07,2020070701016765,MEGA,42,6,"1,000",207.00,"207,000.00"
2020-07-07,2020070701016764,MEGA,47,6,50,207.00,"10,350.00"
2020-07-07,2020070701016763,MEGA,22,6,100,207.00,"20,700.00"
2020-07-07,2020070701016762,MEGA,34,6,"2,000",207.00,"414,000.00"
2020-07-07,2020070701016761,MEGA,36,6,100,207.00,"20,700.00"
2020-07-07,2020070701016995,MEGA,49,51,100,207.00,"20,700.00"
2020-07-07,2020070701016983,MEGA,38,34,410,206.00,"84,460.00"
2020-07-07,2020070701016982,MEGA,17,34,190,206.00,"39,140.00"
2020-07-07,2020070701016981,MEGA,28,34,50,207.00,"10,350.00"
2020-07-07,2020070701017001,MHNL,54,48,40,86.00,"3,440.00"
2020-07-07,2020070701016943,MHNL,54,43,30,86.00,"2,580.00"
2020-07-07,2020070701017075,MLBL,47,47,20,187.00,"3,740.00"
2020-07-07,2020070701016933,MNBBL,17,37,200,307.00,"61,400.00"
2020-07-07,2020070701016800,MPFL,14,16,50,117.00,"5,850.00"
2020-07-07,2020070701017009,NABIL,46,57,918,743.00,"682,074.00"
2020-07-07,2020070701017008,NABIL,46,57,482,743.00,"358,126.00"
2020-07-07,2020070701016945,NABIL,35,8,15,744.00,"11,160.00"
2020-07-07,2020070701016944,NABIL,19,8,620,744.00,"461,280.00"
2020-07-07,2020070701016875,NABIL,57,8,250,745.00,"186,250.00"
2020-07-07,2020070701016744,NABIL,19,43,30,744.00,"22,320.00"
2020-07-07,2020070701016743,NABIL,22,43,10,744.00,"7,440.00"
2020-07-07,2020070701016742,NABIL,48,43,60,744.00,"44,640.00"
2020-07-07,2020070701016811,NADEP,48,5,20,600.00,"12,000.00"
2020-07-07,2020070701016810,NADEP,45,5,50,600.00,"30,000.00"
2020-07-07,2020070701016809,NADEP,21,5,100,603.00,"60,300.00"
2020-07-07,2020070701016808,NADEP,11,5,23,604.00,"13,892.00"
2020-07-07,2020070701016896,NBB,59,37,150,198.00,"29,700.00"
2020-07-07,2020070701016895,NBB,29,37,50,198.00,"9,900.00"
2020-07-07,2020070701017067,NBL,28,6,"1,000",247.00,"247,000.00"
2020-07-07,2020070701017066,NBL,25,6,100,247.00,"24,700.00"
2020-07-07,2020070701017065,NBL,51,6,100,247.00,"24,700.00"
2020-07-07,2020070701017064,NBL,38,6,50,247.00,"12,350.00"
2020-07-07,2020070701017063,NBL,43,6,776,247.00,"191,672.00"
2020-07-07,2020070701017062,NBL,34,6,348,248.00,"86,304.00"
2020-07-07,2020070701016648,NBL,33,6,20,250.00,"5,000.00"
2020-07-07,2020070701017061,NBL,42,6,304,248.00,"75,392.00"
2020-07-07,2020070701017012,NBL,42,47,96,248.00,"23,808.00"
2020-07-07,2020070701016783,NBL,34,37,30,249.00,"7,470.00"
2020-07-07,2020070701016782,NBL,4,37,135,249.00,"33,615.00"
2020-07-07,2020070701016778,NBL,4,41,150,249.00,"37,350.00"
2020-07-07,2020070701016681,NBL,4,25,45,249.00,"11,205.00"
2020-07-07,2020070701016787,NCCB,52,35,300,186.00,"55,800.00"
2020-07-07,2020070701016757,NCCB,52,1,200,186.00,"37,200.00"
2020-07-07,2020070701016952,NGPL,42,51,11,111.00,"1,221.00"
2020-07-07,2020070701017000,NIB,32,35,40,440.00,"17,600.00"
2020-07-07,2020070701016893,NIB,54,46,81,440.00,"35,640.00"
2020-07-07,2020070701016892,NIB,50,46,100,441.00,"44,100.00"
2020-07-07,2020070701016891,NIB,35,46,181,441.00,"79,821.00"
2020-07-07,2020070701016785,NIB,35,16,19,441.00,"8,379.00"
2020-07-07,2020070701016731,NIB,33,16,13,441.00,"5,733.00"
2020-07-07,2020070701016696,NIB,54,16,419,440.00,"184,360.00"
2020-07-07,2020070701016695,NIB,39,16,29,440.00,"12,760.00"
2020-07-07,2020070701016689,NIB,33,16,17,441.00,"7,497.00"
2020-07-07,2020070701016644,NIB,39,45,11,440.00,"4,840.00"
2020-07-07,2020070701017057,NIBPO,58,4,74,365.00,"27,010.00"
2020-07-07,2020070701017056,NIBPO,49,4,26,365.00,"9,490.00"
2020-07-07,2020070701017039,NIBPO,41,4,"1,000",367.00,"367,000.00"
2020-07-07,2020070701017007,NIBPO,17,51,300,368.00,"110,400.00"
2020-07-07,2020070701017006,NIBPO,39,51,462,369.00,"170,478.00"
2020-07-07,2020070701016987,NIBPO,8,56,20,371.00,"7,420.00"
2020-07-07,2020070701016986,NIBPO,6,56,261,371.00,"96,831.00"
2020-07-07,2020070701016792,NIBPO,6,59,85,371.00,"31,535.00"
2020-07-07,2020070701017107,NICA,44,44,165,510.00,"84,150.00"
2020-07-07,2020070701016972,NICA,22,38,100,511.00,"51,100.00"
2020-07-07,2020070701016971,NICA,41,38,50,511.00,"25,550.00"
2020-07-07,2020070701016970,NICA,39,38,19,511.00,"9,709.00"
2020-07-07,2020070701016908,NICA,19,38,54,512.00,"27,648.00"
2020-07-07,2020070701016796,NICA,39,39,81,511.00,"41,391.00"
2020-07-07,2020070701016795,NICA,41,39,"1,419",511.00,"725,109.00"
2020-07-07,2020070701016767,NICA,41,47,50,511.00,"25,550.00"
2020-07-07,2020070701017083,NICL,4,42,100,427.00,"42,700.00"
2020-07-07,2020070701017082,NICL,13,42,100,427.00,"42,700.00"
2020-07-07,2020070701017081,NICL,39,42,200,428.00,"85,600.00"
2020-07-07,2020070701017017,NICL,58,44,"1,000",430.00,"430,000.00"
2020-07-07,2020070701016805,NICL,55,44,100,430.00,"43,000.00"
2020-07-07,2020070701016804,NICL,58,44,500,430.00,"215,000.00"
2020-07-07,2020070701016713,NICL,58,44,"1,000",431.00,"431,000.00"
2020-07-07,2020070701016712,NICL,45,44,500,432.00,"216,000.00"
2020-07-07,2020070701016711,NICL,1,44,50,433.00,"21,650.00"
2020-07-07,2020070701017140,NIL,39,41,100,607.00,"60,700.00"
2020-07-07,2020070701017041,NIL,39,43,50,607.00,"30,350.00"
2020-07-07,2020070701016820,NIL,35,22,200,608.00,"121,600.00"
2020-07-07,2020070701016703,NIL,35,43,50,608.00,"30,400.00"
2020-07-07,2020070701016670,NIL,40,57,342,610.00,"208,620.00"
2020-07-07,2020070701016647,NIL,40,43,30,610.00,"18,300.00"
2020-07-07,2020070701017078,NLG,55,43,20,620.00,"12,400.00"
2020-07-07,2020070701017049,NLG,55,14,75,620.00,"46,500.00"
2020-07-07,2020070701017048,NLG,41,14,100,620.00,"62,000.00"
2020-07-07,2020070701017047,NLG,7,14,100,620.00,"62,000.00"
2020-07-07,2020070701017046,NLG,13,14,52,620.00,"32,240.00"
2020-07-07,2020070701017045,NLG,39,14,173,622.00,"107,606.00"
2020-07-07,2020070701017044,NLG,53,14,100,623.00,"62,300.00"
2020-07-07,2020070701017119,NLIC,13,17,30,"1,227.00","36,810.00"
2020-07-07,2020070701017105,NLIC,57,6,22,"1,228.00","27,016.00"
2020-07-07,2020070701017080,NLIC,57,14,100,"1,228.00","122,800.00"
2020-07-07,2020070701017074,NLIC,57,6,22,"1,228.00","27,016.00"
2020-07-07,2020070701017043,NLIC,57,6,22,"1,228.00","27,016.00"
2020-07-07,2020070701017031,NLIC,57,58,53,"1,228.00","65,084.00"
2020-07-07,2020070701016677,NLIC,7,17,38,"1,230.00","46,740.00"
2020-07-07,2020070701016676,NLIC,37,17,143,"1,231.00","176,033.00"
2020-07-07,2020070701016701,NLIC,49,22,15,"1,230.00","18,450.00"
2020-07-07,2020070701016699,NLIC,51,49,22,"1,230.00","27,060.00"
2020-07-07,2020070701016698,NLIC,45,34,15,"1,234.00","18,510.00"
2020-07-07,2020070701016680,NLIC,49,17,35,"1,230.00","43,050.00"
2020-07-07,2020070701016679,NLIC,42,17,30,"1,230.00","36,900.00"
2020-07-07,2020070701016678,NLIC,14,17,100,"1,230.00","123,000.00"
2020-07-07,2020070701016990,NLIC,57,6,22,"1,228.00","27,016.00"
2020-07-07,2020070701016904,NLIC,13,54,70,"1,227.00","85,890.00"
2020-07-07,2020070701016903,NLIC,45,54,100,"1,227.00","122,700.00"
2020-07-07,2020070701016902,NLIC,5,54,50,"1,228.00","61,400.00"
2020-07-07,2020070701016901,NLIC,5,54,30,"1,228.00","36,840.00"
2020-07-07,2020070701016702,NLIC,51,22,178,"1,230.00","218,940.00"
2020-07-07,2020070701017005,NLICL,32,14,113,660.00,"74,580.00"
2020-07-07,2020070701016776,NLICL,29,43,150,661.00,"99,150.00"
2020-07-07,2020070701016694,NLICL,51,14,30,662.00,"19,860.00"
2020-07-07,2020070701016693,NLICL,55,14,100,662.00,"66,200.00"
2020-07-07,2020070701016692,NLICL,34,14,26,662.00,"17,212.00"
2020-07-07,2020070701016646,NLICL,48,22,400,663.00,"265,200.00"
2020-07-07,2020070701017139,NMB,28,6,260,393.00,"102,180.00"
2020-07-07,2020070701017138,NMB,28,38,240,392.00,"94,080.00"
2020-07-07,2020070701017100,NMB,45,35,69,391.00,"26,979.00"
2020-07-07,2020070701017099,NMB,48,35,31,391.00,"12,121.00"
2020-07-07,2020070701017053,NMB,45,38,100,392.00,"39,200.00"
2020-07-07,2020070701017052,NMB,1,38,100,392.00,"39,200.00"
2020-07-07,2020070701016667,NMB,35,49,159,394.00,"62,646.00"
2020-07-07,2020070701017051,NMB,39,38,60,392.00,"23,520.00"
2020-07-07,2020070701017032,NMB,56,6,20,393.00,"7,860.00"
2020-07-07,2020070701016831,NMB,26,6,100,393.00,"39,300.00"
2020-07-07,2020070701016794,NMB,56,6,100,393.00,"39,300.00"
2020-07-07,2020070701016793,NMB,59,6,68,393.00,"26,724.00"
2020-07-07,2020070701016668,NMB,35,34,41,395.00,"16,195.00"
2020-07-07,2020070701016969,NMBMF,35,14,200,750.00,"150,000.00"
2020-07-07,2020070701016968,NMBMF,55,14,86,750.00,"64,500.00"
2020-07-07,2020070701016967,NMBMF,11,14,90,751.00,"67,590.00"
2020-07-07,2020070701016966,NMBMF,13,14,50,752.00,"37,600.00"
2020-07-07,2020070701016965,NMBMF,17,14,68,755.00,"51,340.00"
2020-07-07,2020070701016955,NMBMF,17,53,200,755.00,"151,000.00"
2020-07-07,2020070701016931,NMBMF,17,57,50,755.00,"37,750.00"
2020-07-07,2020070701016883,NMBMF,28,47,98,757.00,"74,186.00"
2020-07-07,2020070701016880,NMBMF,28,37,102,757.00,"77,214.00"
2020-07-07,2020070701017117,NMFBS,55,33,130,"1,505.00","195,650.00"
2020-07-07,2020070701016709,NMFBS,28,33,100,"1,505.00","150,500.00"
2020-07-07,2020070701016708,NMFBS,26,33,30,"1,505.00","45,150.00"
2020-07-07,2020070701016707,NMFBS,28,33,100,"1,506.00","150,600.00"
2020-07-07,2020070701016706,NMFBS,55,33,200,"1,507.00","301,400.00"
2020-07-07,2020070701017118,NRIC,59,44,50,484.00,"24,200.00"
2020-07-07,2020070701017110,NRIC,59,52,40,484.00,"19,360.00"
2020-07-07,2020070701017076,NRIC,59,32,50,484.00,"24,200.00"
2020-07-07,2020070701017072,NRIC,59,52,40,484.00,"19,360.00"
2020-07-07,2020070701017042,NRIC,59,32,50,484.00,"24,200.00"
2020-07-07,2020070701017027,NRIC,59,40,40,484.00,"19,360.00"
2020-07-07,2020070701016714,NRIC,34,40,50,484.00,"24,200.00"
2020-07-07,2020070701016666,NRIC,34,52,10,484.00,"4,840.00"
2020-07-07,2020070701016788,NRIC,59,52,40,484.00,"19,360.00"
2020-07-07,2020070701016786,NRIC,59,48,40,484.00,"19,360.00"
2020-07-07,2020070701016779,NRIC,59,28,40,484.00,"19,360.00"
2020-07-07,2020070701016739,NRIC,34,48,40,484.00,"19,360.00"
2020-07-07,2020070701016730,NRIC,34,52,50,484.00,"24,200.00"
2020-07-07,2020070701016719,NRIC,34,38,40,484.00,"19,360.00"
2020-07-07,2020070701016837,NRIC,59,10,40,484.00,"19,360.00"
2020-07-07,2020070701016832,NRIC,59,52,40,484.00,"19,360.00"
2020-07-07,2020070701016830,NRIC,59,41,50,484.00,"24,200.00"
2020-07-07,2020070701016829,NRIC,59,48,50,484.00,"24,200.00"
2020-07-07,2020070701016817,NRIC,59,40,50,484.00,"24,200.00"
2020-07-07,2020070701016812,NRIC,59,28,50,484.00,"24,200.00"
2020-07-07,2020070701016900,NRIC,59,10,50,484.00,"24,200.00"
2020-07-07,2020070701016885,NRIC,59,38,10,484.00,"4,840.00"
2020-07-07,2020070701016876,NRIC,59,48,40,484.00,"19,360.00"
2020-07-07,2020070701016870,NRIC,59,52,40,484.00,"19,360.00"
2020-07-07,2020070701016843,NRIC,59,52,10,484.00,"4,840.00"
2020-07-07,2020070701016839,NRIC,59,35,40,484.00,"19,360.00"
2020-07-07,2020070701016964,NRIC,59,52,40,484.00,"19,360.00"
2020-07-07,2020070701016959,NRIC,59,40,40,484.00,"19,360.00"
2020-07-07,2020070701016941,NRIC,59,10,40,484.00,"19,360.00"
2020-07-07,2020070701016936,NRIC,59,48,40,484.00,"19,360.00"
2020-07-07,2020070701016911,NRIC,59,52,40,484.00,"19,360.00"
2020-07-07,2020070701016909,NRIC,59,52,10,484.00,"4,840.00"
2020-07-07,2020070701016705,NTC,51,33,30,630.00,"18,900.00"
2020-07-07,2020070701016662,NTC,49,33,70,630.00,"44,100.00"
2020-07-07,2020070701016873,NUBL,48,52,100,981.00,"98,100.00"
2020-07-07,2020070701016872,NUBL,6,52,100,982.00,"98,200.00"
2020-07-07,2020070701016871,NUBL,45,52,20,982.00,"19,640.00"
2020-07-07,2020070701016672,NUBL,45,47,10,990.00,"9,900.00"
2020-07-07,2020070701016813,OHL,57,43,15,319.00,"4,785.00"
2020-07-07,2020070701017134,PCBL,26,25,192,249.00,"47,808.00"
2020-07-07,2020070701017129,PCBL,26,57,100,249.00,"24,900.00"
2020-07-07,2020070701016985,PCBL,26,58,500,249.00,"124,500.00"
2020-07-07,2020070701016925,PCBL,26,32,100,249.00,"24,900.00"
2020-07-07,2020070701016899,PCBL,26,32,500,249.00,"124,500.00"
2020-07-07,2020070701016888,PCBL,26,19,40,249.00,"9,960.00"
2020-07-07,2020070701016799,PCBL,26,53,28,250.00,"7,000.00"
2020-07-07,2020070701016798,PCBL,35,53,64,250.00,"16,000.00"
2020-07-07,2020070701016879,PCBL,26,21,"1,000",249.00,"249,000.00"
2020-07-07,2020070701016835,PCBL,49,6,"1,000",250.00,"250,000.00"
2020-07-07,2020070701016834,PCBL,29,6,701,250.00,"175,250.00"
2020-07-07,2020070701016807,PCBL,29,46,10,250.00,"2,500.00"
2020-07-07,2020070701016803,PCBL,29,37,89,250.00,"22,250.00"
2020-07-07,2020070701016802,PCBL,26,37,172,250.00,"43,000.00"
2020-07-07,2020070701017106,PIC,10,32,50,608.00,"30,400.00"
2020-07-07,2020070701016815,PIC,48,14,105,617.00,"64,785.00"
2020-07-07,2020070701016814,PIC,25,14,200,617.00,"123,400.00"
2020-07-07,2020070701016737,PIC,42,50,100,620.00,"62,000.00"
2020-07-07,2020070701016736,PIC,34,50,68,620.00,"42,160.00"
2020-07-07,2020070701016735,PIC,34,50,37,621.00,"22,977.00"
2020-07-07,2020070701016734,PIC,34,50,190,622.00,"118,180.00"
2020-07-07,2020070701017123,PLIC,3,43,30,534.00,"16,020.00"
2020-07-07,2020070701017013,PLIC,3,4,300,534.00,"160,200.00"
2020-07-07,2020070701016984,PMHPL,35,51,10,70.00,700.00
2020-07-07,2020070701016882,PPCL,33,43,10,109.00,"1,090.00"
2020-07-07,2020070701017125,PRIN,51,22,200,456.00,"91,200.00"
2020-07-07,2020070701017124,PRIN,51,48,300,456.00,"136,800.00"
2020-07-07,2020070701016751,PRIN,22,41,70,456.00,"31,920.00"
2020-07-07,2020070701017089,PRVU,28,21,500,234.00,"117,000.00"
2020-07-07,2020070701017088,PRVU,58,21,476,234.00,"111,384.00"
2020-07-07,2020070701017086,PRVU,58,25,"1,009",234.00,"236,106.00"
2020-07-07,2020070701016853,PRVU,58,43,46,234.00,"10,764.00"
2020-07-07,2020070701016777,PRVU,58,44,"1,799",234.00,"420,966.00"
2020-07-07,2020070701016671,PRVU,5,1,238,235.00,"55,930.00"
2020-07-07,2020070701016643,PRVU,5,11,12,235.00,"2,820.00"
2020-07-07,2020070701016999,RADHI,52,51,11,167.00,"1,837.00"
2020-07-07,2020070701017092,RHPL,58,48,40,150.00,"6,000.00"
2020-07-07,2020070701017054,RHPL,58,40,30,150.00,"4,500.00"
2020-07-07,2020070701016863,RHPL,58,40,30,150.00,"4,500.00"
2020-07-07,2020070701016861,RHPL,58,35,40,150.00,"6,000.00"
2020-07-07,2020070701016852,RHPL,58,34,330,150.00,"49,500.00"
2020-07-07,2020070701016851,RHPL,58,34,670,150.00,"100,500.00"
2020-07-07,2020070701016845,RHPL,58,46,20,150.00,"3,000.00"
2020-07-07,2020070701016758,RHPL,58,40,30,150.00,"4,500.00"
2020-07-07,2020070701016930,RLFL,34,39,500,126.00,"63,000.00"
2020-07-07,2020070701016929,RLFL,42,39,100,126.00,"12,600.00"
2020-07-07,2020070701016928,RLFL,34,39,93,128.00,"11,904.00"
2020-07-07,2020070701017108,RMDC,38,37,25,642.00,"16,050.00"
2020-07-07,2020070701016924,RMDC,38,25,14,642.00,"8,988.00"
2020-07-07,2020070701016774,RMDC,38,10,18,642.00,"11,556.00"
2020-07-07,2020070701016773,RMDC,35,10,70,642.00,"44,940.00"
2020-07-07,2020070701016772,RMDC,50,10,16,643.00,"10,288.00"
2020-07-07,2020070701016771,RMDC,50,10,21,644.00,"13,524.00"
2020-07-07,2020070701016685,RMDC,50,44,320,644.00,"206,080.00"
2020-07-07,2020070701016684,RMDC,16,44,180,645.00,"116,100.00"
2020-07-07,2020070701017016,RRHP,57,51,10,89.00,890.00
2020-07-07,2020070701017015,RSDC,20,41,76,504.00,"38,304.00"
2020-07-07,2020070701017014,RSDC,20,25,24,504.00,"12,096.00"
2020-07-07,2020070701016989,RSDC,1,53,200,500.00,"100,000.00"
2020-07-07,2020070701016750,RSDC,38,51,260,504.00,"131,040.00"
2020-07-07,2020070701017060,SABSL,19,46,11,804.00,"8,844.00"
2020-07-07,2020070701016894,SABSL,5,35,11,789.00,"8,679.00"
2020-07-07,2020070701017033,SANIMA,50,26,50,324.00,"16,200.00"
2020-07-07,2020070701016824,SANIMA,28,37,38,323.00,"12,274.00"
2020-07-07,2020070701016823,SANIMA,48,37,100,323.00,"32,300.00"
2020-07-07,2020070701016822,SANIMA,33,37,62,323.00,"20,026.00"
2020-07-07,2020070701016683,SANIMA,56,26,50,324.00,"16,200.00"
2020-07-07,2020070701017019,SBI,45,25,13,413.00,"5,369.00"
2020-07-07,2020070701016963,SBI,45,38,72,413.00,"29,736.00"
2020-07-07,2020070701016874,SBI,33,38,276,413.00,"113,988.00"
2020-07-07,2020070701017095,SBL,33,13,"2,704",293.00,"792,272.00"
2020-07-07,2020070701017038,SBL,33,37,10,293.00,"2,930.00"
2020-07-07,2020070701016998,SBL,33,55,"1,000",293.00,"293,000.00"
2020-07-07,2020070701016849,SBL,33,37,161,293.00,"47,173.00"
2020-07-07,2020070701016733,SBL,26,51,16,294.00,"4,704.00"
2020-07-07,2020070701016655,SBL,33,46,11,293.00,"3,223.00"
2020-07-07,2020070701016887,SCB,41,52,20,626.00,"12,520.00"
2020-07-07,2020070701016825,SCB,41,52,20,626.00,"12,520.00"
2020-07-07,2020070701017094,SHINE,41,4,200,217.00,"43,400.00"
2020-07-07,2020070701017093,SHINE,43,4,300,218.00,"65,400.00"
2020-07-07,2020070701016821,SHINE,43,53,200,218.00,"43,600.00"
2020-07-07,2020070701017133,SHIVM,6,35,165,601.00,"99,165.00"
2020-07-07,2020070701016953,SHIVM,6,7,335,601.00,"201,335.00"
2020-07-07,2020070701016862,SHIVM,44,25,500,600.00,"300,000.00"
2020-07-07,2020070701016844,SHIVM,41,25,100,601.00,"60,100.00"
2020-07-07,2020070701016819,SHIVM,41,35,"1,900",601.00,"1,141,900.00"
2020-07-07,2020070701016818,SHIVM,35,35,100,601.00,"60,100.00"
2020-07-07,2020070701016749,SHIVM,35,35,400,601.00,"240,400.00"
2020-07-07,2020070701016748,SHIVM,44,35,"1,600",602.00,"963,200.00"
2020-07-07,2020070701016704,SHIVM,44,56,400,602.00,"240,800.00"
2020-07-07,2020070701016691,SHIVM,56,7,50,603.00,"30,150.00"
2020-07-07,2020070701016690,SHIVM,56,7,25,603.00,"15,075.00"
2020-07-07,2020070701016673,SHIVM,56,35,75,603.00,"45,225.00"
2020-07-07,2020070701017037,SHL,45,52,200,165.00,"33,000.00"
2020-07-07,2020070701017036,SHL,34,52,100,165.00,"16,500.00"
2020-07-07,2020070701017079,SICL,38,49,100,"1,015.00","101,500.00"
2020-07-07,2020070701016962,SICL,46,55,42,"1,020.00","42,840.00"
2020-07-07,2020070701016961,SICL,46,50,108,"1,020.00","110,160.00"
2020-07-07,2020070701016960,SICL,46,7,350,"1,019.00","356,650.00"
2020-07-07,2020070701016781,SICL,41,50,10,"1,020.00","10,200.00"
2020-07-07,2020070701016769,SICL,38,32,50,"1,015.00","50,750.00"
2020-07-07,2020070701016833,SIL,45,32,38,582.00,"22,116.00"
2020-07-07,2020070701017040,SJCL,58,40,20,136.00,"2,720.00"
2020-07-07,2020070701016745,SJCL,58,40,20,136.00,"2,720.00"
2020-07-07,2020070701016922,SJCL,58,35,20,136.00,"2,720.00"
2020-07-07,2020070701016850,SJCL,58,40,20,136.00,"2,720.00"
2020-07-07,2020070701017029,SKBBL,56,28,232,"1,200.00","278,400.00"
2020-07-07,2020070701017028,SKBBL,34,28,168,"1,201.00","201,768.00"
2020-07-07,2020070701017018,SKBBL,34,34,50,"1,201.00","60,050.00"
2020-07-07,2020070701016942,SKBBL,34,39,282,"1,201.00","338,682.00"
2020-07-07,2020070701016848,SLICL,57,28,800,455.00,"364,000.00"
2020-07-07,2020070701016847,SLICL,32,28,50,455.00,"22,750.00"
2020-07-07,2020070701016846,SLICL,1,28,50,455.00,"22,750.00"
2020-07-07,2020070701016663,SLICL,21,52,50,458.00,"22,900.00"
2020-07-07,2020070701016878,SRBL,18,37,181,227.00,"41,087.00"
2020-07-07,2020070701016877,SRBL,45,37,19,228.00,"4,332.00"
2020-07-07,2020070701016857,SRBL,45,39,100,228.00,"22,800.00"
2020-07-07,2020070701016715,SRBL,45,52,505,228.00,"115,140.00"
2020-07-07,2020070701017025,SWBBL,21,59,100,"1,150.00","115,000.00"
2020-07-07,2020070701017024,SWBBL,25,59,50,"1,150.00","57,500.00"
2020-07-07,2020070701017023,SWBBL,36,59,500,"1,155.00","577,500.00"
2020-07-07,2020070701017022,SWBBL,21,59,200,"1,160.00","232,000.00"
2020-07-07,2020070701017021,SWBBL,58,59,67,"1,160.00","77,720.00"
2020-07-07,2020070701016988,SWBBL,58,44,300,"1,160.00","348,000.00"
2020-07-07,2020070701016926,SWBBL,58,44,33,"1,160.00","38,280.00"
2020-07-07,2020070701016856,TMDBL,14,53,138,163.00,"22,494.00"
2020-07-07,2020070701017116,TRH,16,45,10,215.00,"2,150.00"
2020-07-07,2020070701016932,TRH,16,33,10,211.00,"2,110.00"
2020-07-07,2020070701016869,TRH,16,45,10,211.00,"2,110.00"
2020-07-07,2020070701016770,TRH,16,4,490,207.00,"101,430.00"
2020-07-07,2020070701017109,UIC,58,45,100,360.00,"36,000.00"
2020-07-07,2020070701016935,UIC,58,36,34,360.00,"12,240.00"
2020-07-07,2020070701016934,UIC,58,36,66,360.00,"23,760.00"
2020-07-07,2020070701016740,UIC,58,14,300,360.00,"108,000.00"
2020-07-07,2020070701016939,UPCL,50,46,50,70.00,"3,500.00"
2020-07-07,2020070701017087,UPPER,21,8,10,236.00,"2,360.00"
2020-07-07,2020070701017011,UPPER,21,46,40,236.00,"9,440.00"
2020-07-07,2020070701016827,UPPER,8,8,30,237.00,"7,110.00"
2020-07-07,2020070701016700,UPPER,8,8,40,237.00,"9,480.00"
2020-07-07,2020070701016675,UPPER,8,8,40,237.00,"9,480.00"
2020-07-07,2020070701016669,UPPER,8,8,40,237.00,"9,480.00"
2020-07-07,2020070701016547,ADBL,57,59,18,374.00,"6,732.00"
2020-07-07,2020070701016546,ADBL,50,59,100,375.00,"37,500.00"
2020-07-07,2020070701016372,ADBL,11,53,20,376.00,"7,520.00"
2020-07-07,2020070701016186,ADBL,57,57,10,375.00,"3,750.00"
2020-07-07,2020070701016185,ADBL,57,49,511,375.00,"191,625.00"
2020-07-07,2020070701016231,AHPC,35,51,10,95.00,950.00
2020-07-07,2020070701016309,AKJCL,7,50,20,49.00,980.00
2020-07-07,2020070701016522,AKPL,43,56,397,123.00,"48,831.00"
2020-07-07,2020070701016521,AKPL,43,43,93,123.00,"11,439.00"
2020-07-07,2020070701016363,AKPL,43,8,10,121.00,"1,210.00"
2020-07-07,2020070701016433,ALBSL,51,26,50,699.00,"34,950.00"
2020-07-07,2020070701016432,ALBSL,51,14,144,699.00,"100,656.00"
2020-07-07,2020070701016431,ALBSL,51,51,18,699.00,"12,582.00"
2020-07-07,2020070701016430,ALBSL,51,53,11,699.00,"7,689.00"
2020-07-07,2020070701016256,ALBSL,51,51,303,695.00,"210,585.00"
2020-07-07,2020070701016255,ALBSL,51,11,11,694.00,"7,634.00"
2020-07-07,2020070701016169,ALBSL,56,51,20,695.00,"13,900.00"
2020-07-07,2020070701016157,ALBSL,14,51,50,695.00,"34,750.00"
2020-07-07,2020070701016565,ALICL,41,34,200,595.00,"119,000.00"
2020-07-07,2020070701016564,ALICL,33,34,300,595.00,"178,500.00"
2020-07-07,2020070701016541,ALICL,13,5,"1,100",597.00,"656,700.00"
2020-07-07,2020070701016529,BFC,38,7,97,87.00,"8,439.00"
2020-07-07,2020070701016444,BFC,34,7,100,87.00,"8,700.00"
2020-07-07,2020070701016443,BFC,56,7,20,87.00,"1,740.00"
2020-07-07,2020070701016442,BFC,10,7,90,87.00,"7,830.00"
2020-07-07,2020070701016217,BOKL,45,32,200,218.00,"43,600.00"
2020-07-07,2020070701016216,BOKL,33,32,300,218.00,"65,400.00"
2020-07-07,2020070701016144,BOKL,45,36,"1,000",219.00,"219,000.00"
2020-07-07,2020070701016143,BOKL,6,36,100,219.00,"21,900.00"
2020-07-07,2020070701016354,BPCL,51,35,14,359.00,"5,026.00"
2020-07-07,2020070701016301,BPCL,25,45,20,356.00,"7,120.00"
2020-07-07,2020070701016252,BPCL,25,34,525,356.00,"186,900.00"
2020-07-07,2020070701016240,BPCL,25,44,491,356.00,"174,796.00"
2020-07-07,2020070701016239,BPCL,57,44,79,357.00,"28,203.00"
2020-07-07,2020070701016238,BPCL,35,44,30,357.00,"10,710.00"
2020-07-07,2020070701016237,BPCL,42,44,388,357.00,"138,516.00"
2020-07-07,2020070701016236,BPCL,56,44,244,358.00,"87,352.00"
2020-07-07,2020070701016172,BPCL,56,44,232,358.00,"83,056.00"
2020-07-07,2020070701016620,CBBL,53,43,18,"1,030.00","18,540.00"
2020-07-07,2020070701016619,CBBL,42,43,32,"1,030.00","32,960.00"
2020-07-07,2020070701016597,CBBL,42,38,58,"1,030.00","59,740.00"
2020-07-07,2020070701016596,CBBL,48,38,25,"1,031.00","25,775.00"
2020-07-07,2020070701016595,CBBL,13,38,170,"1,031.00","175,270.00"
2020-07-07,2020070701016594,CBBL,48,38,40,"1,031.00","41,240.00"
2020-07-07,2020070701016210,CBBL,49,13,"1,000","1,034.00","1,034,000.00"
2020-07-07,2020070701016209,CBBL,49,52,484,"1,033.00","499,972.00"
2020-07-07,2020070701016593,CBBL,6,38,37,"1,031.00","38,147.00"
2020-07-07,2020070701016590,CBBL,6,6,23,"1,031.00","23,713.00"
2020-07-07,2020070701016410,CBBL,26,13,"1,000","1,032.00","1,032,000.00"
2020-07-07,2020070701016399,CBBL,49,26,16,"1,034.00","16,544.00"
2020-07-07,2020070701016273,CBL,49,36,"4,086",136.00,"555,696.00"
2020-07-07,2020070701016224,CBL,40,36,"1,414",137.00,"193,718.00"
2020-07-07,2020070701016561,CCBL,19,59,167,165.00,"27,555.00"
2020-07-07,2020070701016152,CCBL,19,32,40,165.00,"6,600.00"
2020-07-07,2020070701016563,CHCL,28,7,168,385.00,"64,680.00"
2020-07-07,2020070701016425,CHCL,58,14,250,386.00,"96,500.00"
2020-07-07,2020070701016627,CIT,56,1,30,"2,465.00","73,950.00"
2020-07-07,2020070701016560,CIT,11,8,30,"2,470.00","74,100.00"
2020-07-07,2020070701016483,CZBIL,29,56,845,191.00,"161,395.00"
2020-07-07,2020070701016495,DDBL,56,32,165,856.00,"141,240.00"
2020-07-07,2020070701016361,DHPL,51,7,11,47.06,517.66
2020-07-07,2020070701016540,EBL,41,7,110,661.00,"72,710.00"
2020-07-07,2020070701016539,EBL,45,7,90,661.00,"59,490.00"
2020-07-07,2020070701016519,EBL,51,34,50,662.00,"33,100.00"
2020-07-07,2020070701016518,EBL,6,34,50,662.00,"33,100.00"
2020-07-07,2020070701016517,EBL,33,34,230,662.00,"152,260.00"
2020-07-07,2020070701016571,EIC,45,52,140,420.00,"58,800.00"
2020-07-07,2020070701016548,EIC,4,52,179,420.00,"75,180.00"
2020-07-07,2020070701016369,EIC,57,26,265,421.00,"111,565.00"
2020-07-07,2020070701016293,EIC,57,43,35,421.00,"14,735.00"
2020-07-07,2020070701016292,EIC,17,43,65,421.00,"27,365.00"
2020-07-07,2020070701016248,EIC,17,6,40,421.00,"16,840.00"
2020-07-07,2020070701016562,FMDBL,48,16,30,508.00,"15,240.00"
2020-07-07,2020070701016471,FMDBL,48,38,397,508.00,"201,676.00"
2020-07-07,2020070701016389,FMDBL,48,57,150,508.00,"76,200.00"
2020-07-07,2020070701016388,FMDBL,40,57,100,508.00,"50,800.00"
2020-07-07,2020070701016387,FMDBL,41,57,500,508.00,"254,000.00"
2020-07-07,2020070701016386,FMDBL,53,57,50,508.00,"25,400.00"
2020-07-07,2020070701016375,FMDBL,49,53,100,508.00,"50,800.00"
2020-07-07,2020070701016381,FMDBL,53,53,50,508.00,"25,400.00"
2020-07-07,2020070701016380,FMDBL,26,53,200,508.00,"101,600.00"
2020-07-07,2020070701016379,FMDBL,14,53,20,508.00,"10,160.00"
2020-07-07,2020070701016378,FMDBL,35,53,100,508.00,"50,800.00"
2020-07-07,2020070701016377,FMDBL,3,53,100,508.00,"50,800.00"
2020-07-07,2020070701016376,FMDBL,45,53,30,508.00,"15,240.00"
2020-07-07,2020070701016456,FOWAD,49,41,292,"1,520.00","443,840.00"
2020-07-07,2020070701016455,FOWAD,47,41,50,"1,521.00","76,050.00"
2020-07-07,2020070701016454,FOWAD,16,41,100,"1,525.00","152,500.00"
2020-07-07,2020070701016264,FOWAD,49,55,89,"1,520.00","135,280.00"
2020-07-07,2020070701016167,FOWAD,49,40,19,"1,516.00","28,804.00"
2020-07-07,2020070701016503,GBIME,26,26,166,248.00,"41,168.00"
2020-07-07,2020070701016469,GBIME,6,59,500,246.00,"123,000.00"
2020-07-07,2020070701016258,GBIME,42,26,800,248.00,"198,400.00"
2020-07-07,2020070701016200,GBIME,38,42,236,245.00,"57,820.00"
2020-07-07,2020070701016199,GBIME,51,42,100,245.00,"24,500.00"
2020-07-07,2020070701016198,GBIME,34,42,100,245.00,"24,500.00"
2020-07-07,2020070701016191,GBIME,58,42,459,245.00,"112,455.00"
2020-07-07,2020070701016190,GBIME,51,42,50,246.00,"12,300.00"
2020-07-07,2020070701016189,GBIME,56,42,10,246.00,"2,460.00"
2020-07-07,2020070701016188,GBIME,36,42,50,247.00,"12,350.00"
2020-07-07,2020070701016171,GBIME,39,26,341,248.00,"84,568.00"
2020-07-07,2020070701016170,GBIME,39,26,159,248.00,"39,432.00"
2020-07-07,2020070701016197,GBIME,29,42,100,245.00,"24,500.00"
2020-07-07,2020070701016196,GBIME,11,42,300,245.00,"73,500.00"
2020-07-07,2020070701016195,GBIME,38,42,50,245.00,"12,250.00"
2020-07-07,2020070701016194,GBIME,6,42,300,245.00,"73,500.00"
2020-07-07,2020070701016193,GBIME,6,42,300,245.00,"73,500.00"
2020-07-07,2020070701016192,GBIME,55,42,200,245.00,"49,000.00"
2020-07-07,2020070701016639,GBLBS,16,55,300,490.00,"147,000.00"
2020-07-07,2020070701016610,GBLBS,34,44,30,493.00,"14,790.00"
