Date,Transact. No.,Symbol,Buyer,Seller,Quantity,Rate,Amount
2020-08-25,2020082501023992,ACLBSL,34,55,10,717.00,"7,170.00"
2020-08-25,2020082501023991,ACLBSL,34,29,10,716.00,"7,160.00"
2020-08-25,2020082501023922,ACLBSL,32,35,10,714.00,"7,140.00"
2020-08-25,2020082501023779,ADBL,14,17,32,421.00,"13,472.00"
2020-08-25,2020082501023778,ADBL,41,17,68,422.00,"28,696.00"
2020-08-25,2020082501023777,ADBL,41,47,62,422.00,"26,164.00"
2020-08-25,2020082501023721,ADBL,33,47,68,422.00,"28,696.00"
2020-08-25,2020082501023621,ADBL,55,47,100,422.00,"42,200.00"
2020-08-25,2020082501023976,AHPC,26,1,20,95.00,"1,900.00"
2020-08-25,2020082501023690,AHPC,49,1,80,95.00,"7,600.00"
2020-08-25,2020082501023978,AHPC,26,43,10,96.00,960.00
2020-08-25,2020082501023977,AHPC,26,22,100,95.00,"9,500.00"
2020-08-25,2020082501023974,AIL,5,48,50,519.00,"25,950.00"
2020-08-25,2020082501023973,AIL,5,51,40,519.00,"20,760.00"
2020-08-25,2020082501023844,AIL,5,51,100,519.00,"51,900.00"
2020-08-25,2020082501023835,AIL,50,42,10,518.00,"5,180.00"
2020-08-25,2020082501023741,AIL,22,51,160,519.00,"83,040.00"
2020-08-25,2020082501023740,AIL,22,35,40,519.00,"20,760.00"
2020-08-25,2020082501023692,AIL,37,35,30,519.00,"15,570.00"
2020-08-25,2020082501023691,AIL,37,22,10,518.00,"5,180.00"
2020-08-25,2020082501023627,AIL,32,57,500,518.00,"259,000.00"
2020-08-25,2020082501023626,AIL,1,57,10,518.00,"5,180.00"
2020-08-25,2020082501023984,AKJCL,6,45,200,55.00,"11,000.00"
2020-08-25,2020082501024100,ALBSL,28,45,26,738.00,"19,188.00"
2020-08-25,2020082501024099,ALBSL,28,22,124,738.00,"91,512.00"
2020-08-25,2020082501023679,ALBSL,28,22,76,738.00,"56,088.00"
2020-08-25,2020082501023678,ALBSL,28,34,11,737.00,"8,107.00"
2020-08-25,2020082501023677,ALBSL,28,56,20,737.00,"14,740.00"
2020-08-25,2020082501023676,ALBSL,28,57,11,737.00,"8,107.00"
2020-08-25,2020082501023675,ALBSL,28,17,11,737.00,"8,107.00"
2020-08-25,2020082501023674,ALBSL,28,22,100,737.00,"73,700.00"
2020-08-25,2020082501023673,ALBSL,28,1,11,736.00,"8,096.00"
2020-08-25,2020082501023672,ALBSL,28,51,10,736.00,"7,360.00"
2020-08-25,2020082501023663,ALBSL,50,51,85,735.00,"62,475.00"
2020-08-25,2020082501024101,ALICL,14,5,160,695.00,"111,200.00"
2020-08-25,2020082501024032,ALICL,4,44,"3,749",700.00,"2,624,300.00"
2020-08-25,2020082501024031,ALICL,4,11,10,700.00,"7,000.00"
2020-08-25,2020082501024030,ALICL,4,17,250,700.00,"175,000.00"
2020-08-25,2020082501024029,ALICL,4,20,100,700.00,"70,000.00"
2020-08-25,2020082501024028,ALICL,4,22,300,700.00,"210,000.00"
2020-08-25,2020082501023803,ALICL,53,50,50,695.00,"34,750.00"
2020-08-25,2020082501023958,ALICL,49,33,65,696.00,"45,240.00"
2020-08-25,2020082501023888,ALICL,14,37,30,695.00,"20,850.00"
2020-08-25,2020082501023874,ALICL,14,6,25,695.00,"17,375.00"
2020-08-25,2020082501023873,ALICL,14,50,320,695.00,"222,400.00"
2020-08-25,2020082501023841,ALICL,45,50,480,695.00,"333,600.00"
2020-08-25,2020082501023804,ALICL,49,50,50,695.00,"34,750.00"
2020-08-25,2020082501024003,ALICL,4,5,95,696.00,"66,120.00"
2020-08-25,2020082501024002,ALICL,4,35,300,696.00,"208,800.00"
2020-08-25,2020082501024001,ALICL,4,49,136,696.00,"94,656.00"
2020-08-25,2020082501023961,ALICL,49,49,14,696.00,"9,744.00"
2020-08-25,2020082501023960,ALICL,49,46,111,696.00,"77,256.00"
2020-08-25,2020082501023959,ALICL,49,45,10,696.00,"6,960.00"
2020-08-25,2020082501024009,ALICL,4,6,100,698.00,"69,800.00"
2020-08-25,2020082501024008,ALICL,4,55,100,698.00,"69,800.00"
2020-08-25,2020082501024007,ALICL,4,10,50,698.00,"34,900.00"
2020-08-25,2020082501024006,ALICL,4,45,17,697.00,"11,849.00"
2020-08-25,2020082501024005,ALICL,4,50,500,697.00,"348,500.00"
2020-08-25,2020082501024004,ALICL,4,6,400,697.00,"278,800.00"
2020-08-25,2020082501024015,ALICL,4,16,170,699.00,"118,830.00"
2020-08-25,2020082501024014,ALICL,4,55,100,699.00,"69,900.00"
2020-08-25,2020082501024013,ALICL,4,37,25,699.00,"17,475.00"
2020-08-25,2020082501024012,ALICL,4,6,300,698.00,"209,400.00"
2020-08-25,2020082501024011,ALICL,4,18,100,698.00,"69,800.00"
2020-08-25,2020082501024010,ALICL,4,34,"2,335",698.00,"1,629,830.00"
2020-08-25,2020082501024021,ALICL,4,22,35,700.00,"24,500.00"
2020-08-25,2020082501024020,ALICL,4,26,100,699.00,"69,900.00"
2020-08-25,2020082501024019,ALICL,4,59,50,699.00,"34,950.00"
2020-08-25,2020082501024018,ALICL,4,13,50,699.00,"34,950.00"
2020-08-25,2020082501024017,ALICL,4,34,356,699.00,"248,844.00"
2020-08-25,2020082501024016,ALICL,4,55,100,699.00,"69,900.00"
2020-08-25,2020082501024027,ALICL,4,50,"1,000",700.00,"700,000.00"
2020-08-25,2020082501024026,ALICL,4,56,150,700.00,"105,000.00"
2020-08-25,2020082501024025,ALICL,4,14,100,700.00,"70,000.00"
2020-08-25,2020082501024024,ALICL,4,38,332,700.00,"232,400.00"
2020-08-25,2020082501024023,ALICL,4,26,990,700.00,"693,000.00"
2020-08-25,2020082501024022,ALICL,4,58,100,700.00,"70,000.00"
2020-08-25,2020082501023689,API,56,8,50,108.00,"5,400.00"
2020-08-25,2020082501023606,BARUN,34,1,10,85.00,850.00
2020-08-25,2020082501023824,BOKL,44,49,50,229.00,"11,450.00"
2020-08-25,2020082501023823,BOKL,44,45,50,228.00,"11,400.00"
2020-08-25,2020082501023724,BOKL,44,6,225,228.00,"51,300.00"
2020-08-25,2020082501023723,BOKL,44,49,"2,207",228.00,"503,196.00"
2020-08-25,2020082501023624,BOKL,44,49,574,228.00,"130,872.00"
2020-08-25,2020082501023623,BOKL,44,33,200,227.00,"45,400.00"
2020-08-25,2020082501023622,BOKL,44,44,226,227.00,"51,302.00"
2020-08-25,2020082501023605,CBBL,50,17,114,"1,084.00","123,576.00"
2020-08-25,2020082501023817,CBL,43,48,10,145.00,"1,450.00"
2020-08-25,2020082501023614,CBL,49,45,27,144.00,"3,888.00"
2020-08-25,2020082501023755,CIT,57,39,64,"2,875.00","184,000.00"
2020-08-25,2020082501023754,CIT,57,32,"1,049","2,875.00","3,015,880.00"
2020-08-25,2020082501023666,CIT,6,32,20,"2,875.00","57,500.00"
2020-08-25,2020082501023664,CZBIL,38,42,10,193.00,"1,930.00"
2020-08-25,2020082501023999,DDBL,53,26,203,855.00,"173,565.00"
2020-08-25,2020082501023998,DDBL,53,6,57,855.00,"48,735.00"
2020-08-25,2020082501023997,DDBL,53,6,13,855.00,"11,115.00"
2020-08-25,2020082501023996,DDBL,53,34,50,855.00,"42,750.00"
2020-08-25,2020082501023995,DDBL,53,32,100,855.00,"85,500.00"
2020-08-25,2020082501023994,DDBL,53,26,77,855.00,"65,835.00"
2020-08-25,2020082501023618,DDBL,13,26,223,855.00,"190,665.00"
2020-08-25,2020082501023617,DDBL,13,21,37,855.00,"31,635.00"
2020-08-25,2020082501023616,DDBL,13,32,100,854.00,"85,400.00"
2020-08-25,2020082501023615,DDBL,13,50,140,854.00,"119,560.00"
2020-08-25,2020082501023990,EDBL,57,36,102,302.00,"30,804.00"
2020-08-25,2020082501023989,EDBL,35,36,98,302.00,"29,596.00"
2020-08-25,2020082501023949,EIC,50,35,100,475.00,"47,500.00"
2020-08-25,2020082501023753,EIC,39,35,200,475.00,"95,000.00"
2020-08-25,2020082501023685,EIC,34,35,20,475.00,"9,500.00"
2020-08-25,2020082501023628,FMDBL,54,10,50,557.00,"27,850.00"
2020-08-25,2020082501023975,FOWAD,5,6,18,"1,540.00","27,720.00"
2020-08-25,2020082501024084,GBIME,57,44,93,253.00,"23,529.00"
2020-08-25,2020082501024064,GBIME,44,49,48,252.00,"12,096.00"
2020-08-25,2020082501023950,GBIME,26,49,10,252.00,"2,520.00"
2020-08-25,2020082501023750,GBIME,6,49,200,252.00,"50,400.00"
2020-08-25,2020082501023722,GBIME,33,49,600,252.00,"151,200.00"
2020-08-25,2020082501023720,GBIME,33,22,400,252.00,"100,800.00"
2020-08-25,2020082501023719,GBIME,3,22,100,252.00,"25,200.00"
2020-08-25,2020082501023683,GBIME,54,44,20,253.00,"5,060.00"
2020-08-25,2020082501023964,GBLBS,36,32,10,507.00,"5,070.00"
2020-08-25,2020082501023963,GBLBS,36,32,10,505.00,"5,050.00"
2020-08-25,2020082501023806,GBLBS,52,32,300,505.00,"151,500.00"
2020-08-25,2020082501023860,GGBSL,45,35,20,799.00,"15,980.00"
2020-08-25,2020082501023681,GILB,49,17,10,"1,215.00","12,150.00"
2020-08-25,2020082501023878,GLBSL,13,22,50,820.00,"41,000.00"
2020-08-25,2020082501023877,GLBSL,13,14,50,819.00,"40,950.00"
2020-08-25,2020082501023812,GLICL,45,7,70,518.00,"36,260.00"
2020-08-25,2020082501023783,GLICL,44,7,170,518.00,"88,060.00"
2020-08-25,2020082501023782,GLICL,44,42,20,518.00,"10,360.00"
2020-08-25,2020082501023781,GLICL,44,4,50,518.00,"25,900.00"
2020-08-25,2020082501023780,GLICL,44,45,60,518.00,"31,080.00"
2020-08-25,2020082501024076,GMFBS,26,28,50,826.00,"41,300.00"
2020-08-25,2020082501023773,GMFBS,26,47,75,826.00,"61,950.00"
2020-08-25,2020082501023772,GMFBS,26,58,60,825.00,"49,500.00"
2020-08-25,2020082501023771,GMFBS,26,34,10,824.00,"8,240.00"
2020-08-25,2020082501023770,GMFBS,26,1,10,821.00,"8,210.00"
2020-08-25,2020082501023769,GMFBS,26,42,30,820.00,"24,600.00"
2020-08-25,2020082501023762,GMFBS,26,50,21,812.00,"17,052.00"
2020-08-25,2020082501023768,GMFBS,26,22,10,816.00,"8,160.00"
2020-08-25,2020082501023767,GMFBS,26,57,20,816.00,"16,320.00"
2020-08-25,2020082501023766,GMFBS,26,14,100,815.00,"81,500.00"
2020-08-25,2020082501023765,GMFBS,26,16,10,815.00,"8,150.00"
2020-08-25,2020082501023764,GMFBS,26,37,10,815.00,"8,150.00"
2020-08-25,2020082501023763,GMFBS,26,25,72,813.00,"58,536.00"
2020-08-25,2020082501023987,HBL,36,7,102,554.00,"56,508.00"
2020-08-25,2020082501023607,HBL,36,36,100,554.00,"55,400.00"
2020-08-25,2020082501023953,HDL,56,6,100,"1,720.00","172,000.00"
2020-08-25,2020082501023839,HGI,44,29,40,449.00,"17,960.00"
2020-08-25,2020082501023887,HIDCL,22,55,21,128.00,"2,688.00"
2020-08-25,2020082501024085,HPPL,52,56,10,138.00,"1,380.00"
2020-08-25,2020082501023935,HPPL,52,14,10,137.00,"1,370.00"
2020-08-25,2020082501023603,IGI,49,19,50,507.00,"25,350.00"
2020-08-25,2020082501023845,ILBS,16,34,10,755.00,"7,550.00"
2020-08-25,2020082501023830,JBBL,45,49,104,170.00,"17,680.00"
2020-08-25,2020082501023829,JBBL,45,26,96,170.00,"16,320.00"
2020-08-25,2020082501023620,JBBL,45,41,101,169.00,"17,069.00"
2020-08-25,2020082501023899,KBL,22,35,350,187.00,"65,450.00"
2020-08-25,2020082501023898,KBL,22,49,950,187.00,"177,650.00"
2020-08-25,2020082501023816,KBL,22,49,100,187.00,"18,700.00"
2020-08-25,2020082501023868,KMCDB,1,32,44,768.00,"33,792.00"
2020-08-25,2020082501023838,KMCDB,33,40,10,765.00,"7,650.00"
2020-08-25,2020082501023744,KMCDB,33,40,10,765.00,"7,650.00"
2020-08-25,2020082501023636,KMCDB,33,40,10,765.00,"7,650.00"
2020-08-25,2020082501023659,KRBL,16,41,14,103.00,"1,442.00"
2020-08-25,2020082501023658,KRBL,38,41,100,103.00,"10,300.00"
2020-08-25,2020082501024082,LEMF,29,1,"4,500",8.50,"38,250.00"
2020-08-25,2020082501023891,LGIL,39,35,46,491.00,"22,586.00"
2020-08-25,2020082501023890,LGIL,39,17,40,490.00,"19,600.00"
2020-08-25,2020082501023889,LGIL,39,28,14,490.00,"6,860.00"
2020-08-25,2020082501024000,LICN,4,5,55,"1,500.00","82,500.00"
2020-08-25,2020082501023894,LICN,4,5,50,"1,500.00","75,000.00"
2020-08-25,2020082501023870,LICN,50,45,200,"1,490.00","298,000.00"
2020-08-25,2020082501023852,LICN,45,22,100,"1,503.00","150,300.00"
2020-08-25,2020082501023933,LLBS,45,49,259,"1,147.00","297,073.00"
2020-08-25,2020082501023932,LLBS,45,36,11,"1,146.00","12,606.00"
2020-08-25,2020082501023931,LLBS,45,25,50,"1,146.00","57,300.00"
2020-08-25,2020082501023930,LLBS,45,48,29,"1,145.00","33,205.00"
2020-08-25,2020082501023929,LLBS,45,38,50,"1,145.00","57,250.00"
2020-08-25,2020082501023928,LLBS,45,13,63,"1,140.00","71,820.00"
2020-08-25,2020082501023927,LLBS,45,43,11,"1,140.00","12,540.00"
2020-08-25,2020082501023926,LLBS,45,50,27,"1,139.00","30,753.00"
2020-08-25,2020082501023693,MBL,33,32,10,227.00,"2,270.00"
2020-08-25,2020082501023633,MDB,14,45,10,336.00,"3,360.00"
2020-08-25,2020082501023951,MEGA,43,34,10,224.00,"2,240.00"
2020-08-25,2020082501023938,MEGA,35,34,10,224.00,"2,240.00"
2020-08-25,2020082501023716,MEGA,8,48,55,223.00,"12,265.00"
2020-08-25,2020082501023688,MEGA,8,21,11,223.00,"2,453.00"
2020-08-25,2020082501023687,MEGA,52,21,11,223.00,"2,453.00"
2020-08-25,2020082501023686,MEGA,22,21,79,223.00,"17,617.00"
2020-08-25,2020082501023657,MEGA,43,34,10,224.00,"2,240.00"
2020-08-25,2020082501023641,MEGA,22,21,161,223.00,"35,903.00"
2020-08-25,2020082501023856,MERO,48,48,208,664.00,"138,112.00"
2020-08-25,2020082501023920,MLBBL,53,58,90,758.00,"68,220.00"
2020-08-25,2020082501023919,MLBBL,53,36,10,757.00,"7,570.00"
2020-08-25,2020082501023786,MLBBL,34,55,10,755.00,"7,550.00"
2020-08-25,2020082501023785,MLBBL,34,45,190,755.00,"143,450.00"
2020-08-25,2020082501023784,MLBBL,34,16,15,754.00,"11,310.00"
2020-08-25,2020082501023979,NADEP,42,18,30,617.00,"18,510.00"
2020-08-25,2020082501024075,NBB,36,6,380,197.00,"74,860.00"
2020-08-25,2020082501023652,NBB,36,57,"1,600",197.00,"315,200.00"
2020-08-25,2020082501024087,NBL,33,55,50,290.00,"14,500.00"
2020-08-25,2020082501024074,NBL,52,55,"1,000",290.00,"290,000.00"
2020-08-25,2020082501024073,NBL,45,55,100,290.00,"29,000.00"
2020-08-25,2020082501024048,NBL,8,55,100,290.00,"29,000.00"
2020-08-25,2020082501024036,NBL,48,55,250,290.00,"72,500.00"
2020-08-25,2020082501023944,NBL,41,57,240,289.00,"69,360.00"
2020-08-25,2020082501023742,NBL,13,55,500,290.00,"145,000.00"
2020-08-25,2020082501023625,NBL,41,43,500,289.00,"144,500.00"
2020-08-25,2020082501024081,NCCB,44,57,168,192.00,"32,256.00"
2020-08-25,2020082501024080,NCCB,44,49,942,191.00,"179,922.00"
2020-08-25,2020082501024079,NCCB,44,35,130,191.00,"24,830.00"
2020-08-25,2020082501024078,NCCB,44,44,20,191.00,"3,820.00"
2020-08-25,2020082501024077,NCCB,44,50,40,190.00,"7,600.00"
2020-08-25,2020082501023737,NCCB,48,32,83,189.00,"15,687.00"
2020-08-25,2020082501023730,NCCB,49,32,100,189.00,"18,900.00"
2020-08-25,2020082501023729,NCCB,52,32,100,189.00,"18,900.00"
2020-08-25,2020082501023728,NCCB,52,32,500,189.00,"94,500.00"
2020-08-25,2020082501023727,NCCB,34,32,30,189.00,"5,670.00"
2020-08-25,2020082501023631,NCCB,33,32,10,190.00,"1,900.00"
2020-08-25,2020082501023736,NCCB,34,32,100,189.00,"18,900.00"
2020-08-25,2020082501023735,NCCB,21,32,50,189.00,"9,450.00"
2020-08-25,2020082501023734,NCCB,46,32,100,189.00,"18,900.00"
2020-08-25,2020082501023733,NCCB,32,32,200,189.00,"37,800.00"
2020-08-25,2020082501023732,NCCB,58,32,500,189.00,"94,500.00"
2020-08-25,2020082501023731,NCCB,57,32,100,189.00,"18,900.00"
2020-08-25,2020082501023809,NEF,6,1,"2,253",8.95,"20,164.30"
2020-08-25,2020082501024072,NFS,13,22,350,174.00,"60,900.00"
2020-08-25,2020082501024071,NFS,25,22,300,174.00,"52,200.00"
2020-08-25,2020082501024070,NFS,16,22,250,174.00,"43,500.00"
2020-08-25,2020082501024069,NFS,43,22,100,174.00,"17,400.00"
2020-08-25,2020082501024068,NFS,28,22,100,175.00,"17,500.00"
2020-08-25,2020082501024067,NFS,49,22,300,175.00,"52,500.00"
2020-08-25,2020082501024066,NFS,42,22,300,176.00,"52,800.00"
2020-08-25,2020082501024065,NFS,51,22,300,176.00,"52,800.00"
2020-08-25,2020082501023843,NFS,29,38,10,179.00,"1,790.00"
2020-08-25,2020082501023962,NIB,35,16,23,420.00,"9,660.00"
2020-08-25,2020082501023871,NIB,13,16,152,420.00,"63,840.00"
2020-08-25,2020082501023711,NIB,13,33,250,420.00,"105,000.00"
2020-08-25,2020082501023710,NIB,13,7,98,420.00,"41,160.00"
2020-08-25,2020082501023883,NIBSF1,10,29,"3,000",9.00,"27,000.00"
2020-08-25,2020082501023882,NIBSF1,33,29,"5,000",9.00,"45,000.00"
2020-08-25,2020082501023881,NIBSF1,39,29,"1,000",9.01,"9,010.00"
2020-08-25,2020082501023880,NIBSF1,7,29,"1,000",9.02,"9,020.00"
2020-08-25,2020082501023828,NIBSF1,7,29,"4,000",9.02,"36,080.00"
2020-08-25,2020082501023827,NIBSF1,17,29,"1,500",9.02,"13,530.00"
2020-08-25,2020082501023826,NIBSF1,11,29,"1,000",9.03,"9,030.00"
2020-08-25,2020082501023715,NIBSF1,33,29,"1,000",9.10,"9,100.00"
2020-08-25,2020082501023833,NICA,16,45,28,576.00,"16,128.00"
2020-08-25,2020082501023602,NICA,49,4,500,575.00,"287,500.00"
2020-08-25,2020082501024033,NICL,33,20,326,509.00,"165,934.00"
2020-08-25,2020082501023924,NICL,50,29,380,505.00,"191,900.00"
2020-08-25,2020082501023918,NICL,33,20,174,509.00,"88,566.00"
2020-08-25,2020082501023917,NICL,33,29,200,509.00,"101,800.00"
2020-08-25,2020082501023916,NICL,33,1,77,508.00,"39,116.00"
2020-08-25,2020082501023915,NICL,33,59,22,508.00,"11,176.00"
2020-08-25,2020082501023907,NICL,50,48,"1,000",505.00,"505,000.00"
2020-08-25,2020082501023842,NICL,50,45,"1,000",505.00,"505,000.00"
2020-08-25,2020082501023756,NICL,46,35,300,507.00,"152,100.00"
2020-08-25,2020082501023667,NICL,33,49,800,506.00,"404,800.00"
2020-08-25,2020082501023914,NICL,33,36,310,508.00,"157,480.00"
2020-08-25,2020082501023913,NICL,33,22,17,508.00,"8,636.00"
2020-08-25,2020082501023912,NICL,33,34,600,507.00,"304,200.00"
2020-08-25,2020082501023911,NICL,33,35,"2,700",507.00,"1,368,900.00"
2020-08-25,2020082501023910,NICL,33,54,500,506.00,"253,000.00"
2020-08-25,2020082501023909,NICL,33,33,400,506.00,"202,400.00"
2020-08-25,2020082501023855,NIL,34,33,90,731.00,"65,790.00"
2020-08-25,2020082501023854,NIL,34,5,200,731.00,"146,200.00"
2020-08-25,2020082501023853,NIL,34,5,10,731.00,"7,310.00"
2020-08-25,2020082501023850,NIL,10,6,230,727.00,"167,210.00"
2020-08-25,2020082501023849,NIL,48,6,"1,000",728.00,"728,000.00"
2020-08-25,2020082501023848,NIL,33,6,200,728.00,"145,600.00"
2020-08-25,2020082501023655,NIL,49,6,20,730.00,"14,600.00"
2020-08-25,2020082501023637,NIL,55,5,300,729.00,"218,700.00"
2020-08-25,2020082501023847,NIL,1,6,50,728.00,"36,400.00"
2020-08-25,2020082501023846,NIL,14,6,20,728.00,"14,560.00"
2020-08-25,2020082501023836,NIL,49,47,230,730.00,"167,900.00"
2020-08-25,2020082501023656,NIL,49,41,150,730.00,"109,500.00"
2020-08-25,2020082501024035,NLG,51,49,10,717.00,"7,170.00"
2020-08-25,2020082501024034,NLG,51,52,50,714.00,"35,700.00"
2020-08-25,2020082501023925,NLIC,10,44,50,"1,379.00","68,950.00"
2020-08-25,2020082501023906,NLIC,45,44,50,"1,379.00","68,950.00"
2020-08-25,2020082501023905,NLIC,59,44,500,"1,380.00","690,000.00"
2020-08-25,2020082501023904,NLIC,17,44,50,"1,380.00","69,000.00"
2020-08-25,2020082501023903,NLIC,59,44,50,"1,380.00","69,000.00"
2020-08-25,2020082501023902,NLIC,16,44,200,"1,380.00","276,000.00"
2020-08-25,2020082501023643,NLIC,14,45,"1,725","1,382.00","2,383,950.00"
2020-08-25,2020082501023613,NLIC,56,52,50,"1,383.00","69,150.00"
2020-08-25,2020082501023612,NLIC,36,52,30,"1,384.00","41,520.00"
2020-08-25,2020082501023611,NLIC,33,52,41,"1,384.00","56,744.00"
2020-08-25,2020082501023901,NLIC,58,44,50,"1,380.00","69,000.00"
2020-08-25,2020082501023900,NLIC,25,44,50,"1,380.00","69,000.00"
2020-08-25,2020082501023761,NLIC,45,45,50,"1,382.00","69,100.00"
2020-08-25,2020082501023743,NLIC,52,45,10,"1,382.00","13,820.00"
2020-08-25,2020082501023668,NLIC,59,45,50,"1,382.00","69,100.00"
2020-08-25,2020082501023644,NLIC,17,45,50,"1,382.00","69,100.00"
2020-08-25,2020082501023669,NLICL,49,11,68,722.00,"49,096.00"
2020-08-25,2020082501023661,NLICL,49,53,32,722.00,"23,104.00"
2020-08-25,2020082501023885,NMB,25,11,601,421.00,"253,021.00"
2020-08-25,2020082501023863,NMB,25,34,"1,000",421.00,"421,000.00"
2020-08-25,2020082501023862,NMB,14,6,14,422.00,"5,908.00"
2020-08-25,2020082501023642,NMB,43,6,"1,000",422.00,"422,000.00"
2020-08-25,2020082501023635,NMB,18,6,50,422.00,"21,100.00"
2020-08-25,2020082501023634,NMB,45,6,500,422.00,"211,000.00"
2020-08-25,2020082501024083,NRIC,41,28,40,672.00,"26,880.00"
2020-08-25,2020082501023986,NRIC,28,45,50,672.00,"33,600.00"
2020-08-25,2020082501023971,NRIC,44,21,40,671.00,"26,840.00"
2020-08-25,2020082501023970,NRIC,28,21,60,672.00,"40,320.00"
2020-08-25,2020082501023965,NRIC,28,41,50,672.00,"33,600.00"
2020-08-25,2020082501023952,NRIC,28,42,50,672.00,"33,600.00"
2020-08-25,2020082501023608,NRIC,35,49,70,672.00,"47,040.00"
2020-08-25,2020082501023604,NRIC,19,56,50,671.00,"33,550.00"
2020-08-25,2020082501023695,NRIC,19,47,20,671.00,"13,420.00"
2020-08-25,2020082501023694,NRIC,19,49,100,671.00,"67,100.00"
2020-08-25,2020082501023684,NRIC,6,11,10,672.00,"6,720.00"
2020-08-25,2020082501023671,NRIC,19,33,50,671.00,"33,550.00"
2020-08-25,2020082501023640,NRIC,19,47,20,671.00,"13,420.00"
2020-08-25,2020082501023609,NRIC,35,11,30,672.00,"20,160.00"
2020-08-25,2020082501023811,NRIC,33,46,60,671.00,"40,260.00"
2020-08-25,2020082501023810,NRIC,19,46,140,671.00,"93,940.00"
2020-08-25,2020082501023776,NRIC,19,32,250,671.00,"167,750.00"
2020-08-25,2020082501023775,NRIC,42,33,40,672.00,"26,880.00"
2020-08-25,2020082501023774,NRIC,42,11,60,672.00,"40,320.00"
2020-08-25,2020082501023718,NRIC,19,35,10,671.00,"6,710.00"
2020-08-25,2020082501023895,NRIC,28,33,40,672.00,"26,880.00"
2020-08-25,2020082501023864,NRIC,33,33,10,672.00,"6,720.00"
2020-08-25,2020082501023857,NRIC,44,47,20,671.00,"13,420.00"
2020-08-25,2020082501023834,NRIC,44,56,40,671.00,"26,840.00"
2020-08-25,2020082501023832,NRIC,57,33,50,672.00,"33,600.00"
2020-08-25,2020082501023822,NRIC,14,14,300,672.00,"201,600.00"
2020-08-25,2020082501023948,NRIC,28,40,20,672.00,"13,440.00"
2020-08-25,2020082501023947,NRIC,28,49,100,672.00,"67,200.00"
2020-08-25,2020082501023946,NRIC,28,48,200,672.00,"134,400.00"
2020-08-25,2020082501023921,NRIC,42,17,15,672.00,"10,080.00"
2020-08-25,2020082501023897,NRIC,28,17,10,672.00,"6,720.00"
2020-08-25,2020082501023896,NRIC,28,36,50,672.00,"33,600.00"
2020-08-25,2020082501023632,NUBL,47,48,30,952.00,"28,560.00"
2020-08-25,2020082501024098,PCBL,19,45,10,281.00,"2,810.00"
2020-08-25,2020082501023982,PIC,33,44,66,717.00,"47,322.00"
2020-08-25,2020082501023981,PIC,33,39,94,717.00,"67,398.00"
2020-08-25,2020082501023980,PIC,33,55,300,717.00,"215,100.00"
2020-08-25,2020082501023957,PIC,57,44,90,716.00,"64,440.00"
2020-08-25,2020082501023821,PIC,57,50,140,716.00,"100,240.00"
2020-08-25,2020082501023820,PIC,57,41,53,716.00,"37,948.00"
2020-08-25,2020082501023819,PIC,33,41,97,716.00,"69,452.00"
2020-08-25,2020082501023818,PIC,33,7,57,716.00,"40,812.00"
2020-08-25,2020082501023650,PIC,19,7,300,716.00,"214,800.00"
2020-08-25,2020082501023630,PIC,34,7,490,715.00,"350,350.00"
2020-08-25,2020082501023629,PIC,33,7,100,715.00,"71,500.00"
2020-08-25,2020082501023851,PICL,28,46,100,489.00,"48,900.00"
2020-08-25,2020082501023747,PICL,50,46,30,488.00,"14,640.00"
2020-08-25,2020082501023746,PICL,44,46,20,489.00,"9,780.00"
2020-08-25,2020082501023745,PICL,54,46,50,489.00,"24,450.00"
2020-08-25,2020082501024086,PLIC,34,51,20,619.00,"12,380.00"
2020-08-25,2020082501023956,PLIC,28,39,65,611.00,"39,715.00"
2020-08-25,2020082501023955,PLIC,42,39,10,614.00,"6,140.00"
2020-08-25,2020082501023954,PLIC,59,39,25,614.00,"15,350.00"
2020-08-25,2020082501023941,PLIC,40,44,118,615.00,"72,570.00"
2020-08-25,2020082501023940,PLIC,40,57,60,615.00,"36,900.00"
2020-08-25,2020082501023939,PLIC,40,28,500,615.00,"307,500.00"
2020-08-25,2020082501023651,PLIC,59,52,100,614.00,"61,400.00"
2020-08-25,2020082501023886,PRIN,49,8,10,556.00,"5,560.00"
2020-08-25,2020082501023760,PRIN,28,57,496,555.00,"275,280.00"
2020-08-25,2020082501023759,PRIN,28,36,300,555.00,"166,500.00"
2020-08-25,2020082501023758,PRIN,28,57,96,555.00,"53,280.00"
2020-08-25,2020082501023757,PRIN,28,57,235,554.00,"130,190.00"
2020-08-25,2020082501023738,PRIN,34,34,50,552.00,"27,600.00"
2020-08-25,2020082501023665,PRIN,40,34,150,552.00,"82,800.00"
2020-08-25,2020082501023966,PRVU,37,42,300,229.00,"68,700.00"
2020-08-25,2020082501023752,PRVU,37,57,40,229.00,"9,160.00"
2020-08-25,2020082501023639,PRVU,4,6,363,230.00,"83,490.00"
2020-08-25,2020082501023638,PRVU,4,57,137,230.00,"31,510.00"
2020-08-25,2020082501023739,RBCL,35,45,20,"9,662.00","193,240.00"
2020-08-25,2020082501023808,RHPL,22,47,50,147.00,"7,350.00"
2020-08-25,2020082501023825,RMDC,21,13,10,815.00,"8,150.00"
2020-08-25,2020082501024097,RSDC,52,57,106,533.00,"56,498.00"
2020-08-25,2020082501024096,RSDC,52,32,10,532.00,"5,320.00"
2020-08-25,2020082501024095,RSDC,52,17,12,532.00,"6,384.00"
2020-08-25,2020082501024094,RSDC,52,36,100,530.00,"53,000.00"
2020-08-25,2020082501024093,RSDC,52,56,67,530.00,"35,510.00"
2020-08-25,2020082501024092,RSDC,52,11,150,530.00,"79,500.00"
2020-08-25,2020082501023869,RSDC,56,11,42,529.00,"22,218.00"
2020-08-25,2020082501023815,RSDC,47,19,50,530.00,"26,500.00"
2020-08-25,2020082501023619,RSDC,42,19,500,530.00,"265,000.00"
2020-08-25,2020082501024091,RSDC,52,6,50,530.00,"26,500.00"
2020-08-25,2020082501024090,RSDC,52,13,48,530.00,"25,440.00"
2020-08-25,2020082501024089,RSDC,52,19,199,530.00,"105,470.00"
2020-08-25,2020082501024088,RSDC,52,11,58,529.00,"30,682.00"
2020-08-25,2020082501023876,SABSL,46,42,50,793.00,"39,650.00"
2020-08-25,2020082501023875,SABSL,46,22,50,793.00,"39,650.00"
2020-08-25,2020082501023867,SADBL,44,57,"1,612",144.00,"232,128.00"
2020-08-25,2020082501023866,SADBL,56,57,288,144.00,"41,472.00"
2020-08-25,2020082501023865,SADBL,32,57,100,145.00,"14,500.00"
2020-08-25,2020082501023814,SBI,51,42,30,424.00,"12,720.00"
2020-08-25,2020082501023682,SBI,51,42,100,424.00,"42,400.00"
2020-08-25,2020082501023751,SBL,44,36,130,301.00,"39,130.00"
2020-08-25,2020082501023707,SBL,44,42,32,302.00,"9,664.00"
2020-08-25,2020082501023706,SBL,44,4,100,302.00,"30,200.00"
2020-08-25,2020082501023705,SBL,44,34,71,302.00,"21,442.00"
2020-08-25,2020082501023704,SBL,44,6,"4,000",302.00,"1,208,000.00"
2020-08-25,2020082501023703,SBL,44,48,625,302.00,"188,750.00"
2020-08-25,2020082501023945,SCB,8,52,100,648.00,"64,800.00"
2020-08-25,2020082501023943,SDLBSL,29,29,10,831.00,"8,310.00"
2020-08-25,2020082501023840,SDLBSL,29,29,10,831.00,"8,310.00"
2020-08-25,2020082501023837,SFCL,39,28,250,143.00,"35,750.00"
2020-08-25,2020082501023749,SFCL,28,28,500,143.00,"71,500.00"
2020-08-25,2020082501023702,SFCL,53,28,200,143.00,"28,600.00"
2020-08-25,2020082501023701,SFCL,38,28,200,143.00,"28,600.00"
2020-08-25,2020082501023700,SFCL,42,28,50,143.00,"7,150.00"
2020-08-25,2020082501023699,SFCL,25,28,100,143.00,"14,300.00"
2020-08-25,2020082501023698,SFCL,45,28,500,143.00,"71,500.00"
2020-08-25,2020082501023697,SFCL,54,28,500,143.00,"71,500.00"
2020-08-25,2020082501023696,SFCL,21,28,150,143.00,"21,450.00"
2020-08-25,2020082501023654,SHINE,58,36,50,239.00,"11,950.00"
2020-08-25,2020082501023653,SHINE,57,57,198,240.00,"47,520.00"
2020-08-25,2020082501024045,SHIVM,45,32,50,645.00,"32,250.00"
2020-08-25,2020082501024044,SHIVM,45,49,"1,000",645.00,"645,000.00"
2020-08-25,2020082501024043,SHIVM,45,34,500,645.00,"322,500.00"
2020-08-25,2020082501024042,SHIVM,45,37,20,645.00,"12,900.00"
2020-08-25,2020082501024041,SHIVM,45,5,10,645.00,"6,450.00"
2020-08-25,2020082501024040,SHIVM,45,6,300,645.00,"193,500.00"
2020-08-25,2020082501023662,SHIVM,14,45,100,644.00,"64,400.00"
2020-08-25,2020082501023660,SHIVM,32,45,40,644.00,"25,760.00"
2020-08-25,2020082501024039,SHIVM,45,57,500,644.00,"322,000.00"
2020-08-25,2020082501024038,SHIVM,45,48,751,644.00,"483,644.00"
2020-08-25,2020082501024037,SHIVM,45,45,135,644.00,"86,940.00"
2020-08-25,2020082501023988,SHIVM,32,26,10,643.00,"6,430.00"
2020-08-25,2020082501023805,SHIVM,41,45,25,644.00,"16,100.00"
2020-08-25,2020082501023670,SHIVM,47,5,30,643.00,"19,290.00"
2020-08-25,2020082501024047,SIC,14,13,10,840.00,"8,400.00"
2020-08-25,2020082501023969,SIC,47,34,48,836.00,"40,128.00"
2020-08-25,2020082501023968,SIC,48,34,100,836.00,"83,600.00"
2020-08-25,2020082501023967,SIC,47,34,52,837.00,"43,524.00"
2020-08-25,2020082501023680,SIC,47,48,17,837.00,"14,229.00"
2020-08-25,2020082501023908,SICL,32,33,95,"1,245.00","118,275.00"
2020-08-25,2020082501023717,SICL,6,33,50,"1,246.00","62,300.00"
2020-08-25,2020082501023649,SICL,32,18,40,"1,245.00","49,800.00"
2020-08-25,2020082501023648,SICL,57,18,50,"1,245.00","62,250.00"
2020-08-25,2020082501023647,SICL,58,18,10,"1,245.00","12,450.00"
2020-08-25,2020082501023645,SICL,22,33,45,"1,246.00","56,070.00"
2020-08-25,2020082501023813,SIL,3,22,100,690.00,"69,000.00"
2020-08-25,2020082501023714,SIL,39,35,"1,300",685.00,"890,500.00"
2020-08-25,2020082501023713,SIL,14,35,100,686.00,"68,600.00"
2020-08-25,2020082501023712,SIL,59,35,100,686.00,"68,600.00"
2020-08-25,2020082501023709,SIL,3,22,65,690.00,"44,850.00"
2020-08-25,2020082501023708,SIL,3,44,135,689.00,"93,015.00"
2020-08-25,2020082501023937,SKBBL,39,7,50,"1,330.00","66,500.00"
2020-08-25,2020082501023936,SKBBL,49,7,50,"1,330.00","66,500.00"
2020-08-25,2020082501023893,SKBBL,41,45,33,"1,330.00","43,890.00"
2020-08-25,2020082501023726,SKBBL,41,53,17,"1,330.00","22,610.00"
2020-08-25,2020082501023725,SKBBL,45,53,83,"1,330.00","110,390.00"
2020-08-25,2020082501023791,SLBBL,54,39,20,854.00,"17,080.00"
2020-08-25,2020082501023790,SLBBL,54,25,80,852.00,"68,160.00"
2020-08-25,2020082501023983,SLBBL,36,10,100,841.00,"84,100.00"
2020-08-25,2020082501023884,SLBBL,54,39,100,854.00,"85,400.00"
2020-08-25,2020082501023859,SLBSL,42,51,15,834.00,"12,510.00"
2020-08-25,2020082501023858,SLBSL,42,44,10,834.00,"8,340.00"
2020-08-25,2020082501024046,SLICL,49,37,60,520.00,"31,200.00"
2020-08-25,2020082501023985,SLICL,1,42,350,521.00,"182,350.00"
2020-08-25,2020082501023831,SLICL,49,45,90,520.00,"46,800.00"
2020-08-25,2020082501023807,SLICL,16,45,10,520.00,"5,200.00"
2020-08-25,2020082501023789,SLICL,16,17,50,520.00,"26,000.00"
2020-08-25,2020082501023788,SLICL,16,42,200,520.00,"104,000.00"
2020-08-25,2020082501023787,SLICL,16,34,140,520.00,"72,800.00"
2020-08-25,2020082501023610,SLICL,1,34,360,520.00,"187,200.00"
2020-08-25,2020082501023892,SPARS,32,32,11,903.00,"9,933.00"
2020-08-25,2020082501023993,SWBBL,43,53,50,"1,236.00","61,800.00"
2020-08-25,2020082501023879,TMDBL,28,32,263,167.00,"43,921.00"
2020-08-25,2020082501023861,TRH,49,44,20,212.00,"4,240.00"
2020-08-25,2020082501023972,UIC,45,34,500,410.00,"205,000.00"
2020-08-25,2020082501023934,UIC,44,34,605,410.00,"248,050.00"
2020-08-25,2020082501023923,UIC,45,52,50,411.00,"20,550.00"
2020-08-25,2020082501023802,UIC,44,44,20,410.00,"8,200.00"
2020-08-25,2020082501023801,UIC,44,35,50,410.00,"20,500.00"
2020-08-25,2020082501023800,UIC,44,17,75,410.00,"30,750.00"
2020-08-25,2020082501023793,UIC,44,45,100,409.00,"40,900.00"
2020-08-25,2020082501023792,UIC,44,50,40,409.00,"16,360.00"
2020-08-25,2020082501023748,UIC,34,50,10,409.00,"4,090.00"
2020-08-25,2020082501023799,UIC,44,14,"1,000",410.00,"410,000.00"
2020-08-25,2020082501023798,UIC,44,10,530,410.00,"217,300.00"
2020-08-25,2020082501023797,UIC,44,26,80,410.00,"32,800.00"
2020-08-25,2020082501023796,UIC,44,32,"1,000",409.00,"409,000.00"
2020-08-25,2020082501023795,UIC,44,34,500,409.00,"204,500.00"
2020-08-25,2020082501023794,UIC,44,34,"1,000",409.00,"409,000.00"
2020-08-25,2020082501024063,UPPER,36,50,100,226.00,"22,600.00"
2020-08-25,2020082501024062,UPPER,36,45,20,226.00,"4,520.00"
2020-08-25,2020082501024061,UPPER,36,37,40,226.00,"9,040.00"
2020-08-25,2020082501024060,UPPER,36,45,50,226.00,"11,300.00"
2020-08-25,2020082501024059,UPPER,36,55,50,226.00,"11,300.00"
2020-08-25,2020082501024058,UPPER,36,58,40,226.00,"9,040.00"
2020-08-25,2020082501024051,UPPER,36,28,40,226.00,"9,040.00"
2020-08-25,2020082501024050,UPPER,36,58,50,226.00,"11,300.00"
2020-08-25,2020082501024049,UPPER,36,41,190,226.00,"42,940.00"
2020-08-25,2020082501023942,UPPER,46,6,33,225.00,"7,425.00"
2020-08-25,2020082501024057,UPPER,36,11,100,226.00,"22,600.00"
2020-08-25,2020082501024056,UPPER,36,32,72,226.00,"16,272.00"
2020-08-25,2020082501024055,UPPER,36,17,50,226.00,"11,300.00"
2020-08-25,2020082501024054,UPPER,36,46,40,226.00,"9,040.00"
2020-08-25,2020082501024053,UPPER,36,28,40,226.00,"9,040.00"
2020-08-25,2020082501024052,UPPER,36,21,50,226.00,"11,300.00"
2020-08-25,2020082501023872,WOMI,37,17,100,900.00,"90,000.00"
2020-08-25,2020082501023646,WOMI,42,17,100,900.00,"90,000.00"
2020-08-25,2020082501023352,ACLBSL,32,57,10,714.00,"7,140.00"
2020-08-25,2020082501023314,ACLBSL,32,51,24,714.00,"17,136.00"
2020-08-25,2020082501023313,ACLBSL,44,51,40,714.00,"28,560.00"
2020-08-25,2020082501023402,ADBL,48,47,100,422.00,"42,200.00"
2020-08-25,2020082501023366,ADBL,42,47,20,422.00,"8,440.00"
2020-08-25,2020082501023346,ADBL,21,47,150,422.00,"63,300.00"
2020-08-25,2020082501023162,ADBL,21,45,27,422.00,"11,394.00"
2020-08-25,2020082501023161,ADBL,21,57,45,422.00,"18,990.00"
2020-08-25,2020082501023559,AIL,1,48,10,518.00,"5,180.00"
2020-08-25,2020082501023478,AIL,1,36,10,518.00,"5,180.00"
2020-08-25,2020082501023349,AIL,5,52,100,517.00,"51,700.00"
2020-08-25,2020082501023348,AIL,34,52,200,517.00,"103,400.00"
2020-08-25,2020082501023347,AIL,22,52,100,518.00,"51,800.00"
2020-08-25,2020082501023414,ALBSL,28,51,15,735.00,"11,025.00"
2020-08-25,2020082501023413,ALBSL,28,34,100,734.00,"73,400.00"
2020-08-25,2020082501023412,ALBSL,28,5,85,734.00,"62,390.00"
2020-08-25,2020082501023411,ALBSL,28,34,100,733.00,"73,300.00"
2020-08-25,2020082501023231,ALICL,53,41,100,695.00,"69,500.00"
2020-08-25,2020082501023214,ALICL,53,41,50,695.00,"34,750.00"
2020-08-25,2020082501023517,API,58,1,17,107.00,"1,819.00"
2020-08-25,2020082501023492,BOKL,45,44,170,227.00,"38,590.00"
2020-08-25,2020082501023302,BPCL,34,4,100,364.00,"36,400.00"
2020-08-25,2020082501023572,CBBL,50,17,20,"1,084.00","21,680.00"
2020-08-25,2020082501023565,CBBL,51,47,38,"1,080.00","41,040.00"
2020-08-25,2020082501023111,CBBL,50,45,100,"1,085.00","108,500.00"
2020-08-25,2020082501023110,CBBL,50,11,10,"1,085.00","10,850.00"
2020-08-25,2020082501023523,CBL,8,41,100,143.00,"14,300.00"
2020-08-25,2020082501023484,CBL,8,34,10,143.00,"1,430.00"
2020-08-25,2020082501023333,CBL,6,45,23,144.00,"3,312.00"
2020-08-25,2020082501023332,CBL,6,50,200,144.00,"28,800.00"
2020-08-25,2020082501023331,CBL,6,50,300,144.00,"43,200.00"
2020-08-25,2020082501023330,CBL,6,36,"1,000",144.00,"144,000.00"
2020-08-25,2020082501023329,CBL,6,46,777,144.00,"111,888.00"
2020-08-25,2020082501023160,CBL,43,46,10,144.00,"1,440.00"
2020-08-25,2020082501023143,CBL,8,17,185,143.00,"26,455.00"
2020-08-25,2020082501023141,CBL,8,36,692,143.00,"98,956.00"
2020-08-25,2020082501023140,CBL,7,36,308,143.00,"44,044.00"
2020-08-25,2020082501023575,CFCL,36,45,30,122.00,"3,660.00"
2020-08-25,2020082501023574,CFCL,36,45,12,122.00,"1,464.00"
2020-08-25,2020082501023408,CFCL,36,45,40,120.00,"4,800.00"
2020-08-25,2020082501023188,CFCL,52,45,100,120.00,"12,000.00"
2020-08-25,2020082501023187,CFCL,37,45,"1,000",120.00,"120,000.00"
2020-08-25,2020082501023186,CFCL,59,45,100,120.00,"12,000.00"
2020-08-25,2020082501023179,CFCL,1,45,500,121.00,"60,500.00"
2020-08-25,2020082501023178,CFCL,45,45,100,121.00,"12,100.00"
2020-08-25,2020082501023177,CFCL,32,45,200,121.00,"24,200.00"
2020-08-25,2020082501023176,CFCL,34,45,30,121.00,"3,630.00"
2020-08-25,2020082501023175,CFCL,43,45,100,121.00,"12,100.00"
2020-08-25,2020082501023174,CFCL,1,45,500,122.00,"61,000.00"
2020-08-25,2020082501023185,CFCL,42,45,100,120.00,"12,000.00"
2020-08-25,2020082501023184,CFCL,42,45,100,120.00,"12,000.00"
2020-08-25,2020082501023183,CFCL,45,45,100,120.00,"12,000.00"
2020-08-25,2020082501023182,CFCL,59,45,100,120.00,"12,000.00"
2020-08-25,2020082501023181,CFCL,6,45,700,120.00,"84,000.00"
2020-08-25,2020082501023180,CFCL,42,45,30,121.00,"3,630.00"
2020-08-25,2020082501023488,CHCL,33,45,16,395.00,"6,320.00"
2020-08-25,2020082501023345,CHCL,34,6,46,393.00,"18,078.00"
2020-08-25,2020082501023276,CHCL,33,6,200,393.00,"78,600.00"
2020-08-25,2020082501023119,CZBIL,28,45,10,194.00,"1,940.00"
2020-08-25,2020082501023118,CZBIL,28,26,100,194.00,"19,400.00"
2020-08-25,2020082501023117,CZBIL,28,41,500,194.00,"97,000.00"
2020-08-25,2020082501023116,CZBIL,28,14,89,194.00,"17,266.00"
2020-08-25,2020082501023509,DDBL,16,19,100,853.00,"85,300.00"
2020-08-25,2020082501023508,DDBL,16,45,20,853.00,"17,060.00"
2020-08-25,2020082501023486,DDBL,43,48,130,851.00,"110,630.00"
2020-08-25,2020082501023361,EBL,4,14,185,720.00,"133,200.00"
2020-08-25,2020082501023360,EBL,4,21,105,720.00,"75,600.00"
2020-08-25,2020082501023359,EBL,4,26,10,720.00,"7,200.00"
2020-08-25,2020082501023102,EBL,37,34,200,720.00,"144,000.00"
2020-08-25,2020082501023371,EDBL,35,43,21,302.00,"6,342.00"
2020-08-25,2020082501023593,EIC,35,41,10,472.00,"4,720.00"
2020-08-25,2020082501023524,EIC,34,33,45,474.00,"21,330.00"
2020-08-25,2020082501023351,EIC,34,35,50,475.00,"23,750.00"
2020-08-25,2020082501023343,EIC,35,48,25,472.00,"11,800.00"
2020-08-25,2020082501023289,FMDBL,6,45,100,556.00,"55,600.00"
2020-08-25,2020082501023288,FMDBL,14,45,600,556.00,"333,600.00"
2020-08-25,2020082501023287,FMDBL,55,45,200,557.00,"111,400.00"
2020-08-25,2020082501023286,FMDBL,14,45,100,559.00,"55,900.00"
2020-08-25,2020082501023506,GBBL,6,33,43,238.00,"10,234.00"
2020-08-25,2020082501023505,GBBL,6,57,42,238.00,"9,996.00"
2020-08-25,2020082501023504,GBBL,6,57,15,238.00,"3,570.00"
2020-08-25,2020082501023365,GBIME,42,57,5,252.00,"1,260.00"
2020-08-25,2020082501023364,GBIME,54,57,100,252.00,"25,200.00"
2020-08-25,2020082501023324,GBIME,42,32,100,252.00,"25,200.00"
2020-08-25,2020082501023211,GBIME,42,44,30,253.00,"7,590.00"
2020-08-25,2020082501023104,GBIME,13,44,50,253.00,"12,650.00"
2020-08-25,2020082501023479,GBLBS,36,32,10,507.00,"5,070.00"
2020-08-25,2020082501023274,GBLBS,36,32,10,507.00,"5,070.00"
2020-08-25,2020082501023434,GFCL,22,21,110,152.00,"16,720.00"
2020-08-25,2020082501023277,GFCL,22,41,10,152.00,"1,520.00"
2020-08-25,2020082501023192,GGBSL,45,16,10,798.00,"7,980.00"
2020-08-25,2020082501023201,GILB,37,17,30,"1,215.00","36,450.00"
2020-08-25,2020082501023601,GLICL,22,54,500,517.00,"258,500.00"
2020-08-25,2020082501023558,GLICL,22,35,100,517.00,"51,700.00"
2020-08-25,2020082501023372,GLICL,22,32,20,517.00,"10,340.00"
2020-08-25,2020082501023208,GLICL,22,36,60,517.00,"31,020.00"
2020-08-25,2020082501023207,GLICL,22,21,17,517.00,"8,789.00"
2020-08-25,2020082501023206,GLICL,22,39,40,517.00,"20,680.00"
2020-08-25,2020082501023205,GLICL,22,35,100,517.00,"51,700.00"
2020-08-25,2020082501023166,GLICL,19,35,100,517.00,"51,700.00"
2020-08-25,2020082501023587,GMFBS,37,55,71,810.00,"57,510.00"
2020-08-25,2020082501023199,GMFBS,14,28,60,801.00,"48,060.00"
2020-08-25,2020082501023222,HBL,36,49,50,554.00,"27,700.00"
2020-08-25,2020082501023514,HDL,21,55,100,"1,718.00","171,800.00"
2020-08-25,2020082501023124,HDL,47,48,200,"1,719.00","343,800.00"
2020-08-25,2020082501023236,HGI,16,45,50,450.00,"22,500.00"
2020-08-25,2020082501023235,HGI,16,39,500,450.00,"225,000.00"
2020-08-25,2020082501023234,HGI,16,1,50,450.00,"22,500.00"
2020-08-25,2020082501023238,ILBS,11,6,50,756.00,"37,800.00"
2020-08-25,2020082501023237,ILBS,11,48,11,755.00,"8,305.00"
2020-08-25,2020082501023105,ILBS,32,35,10,754.00,"7,540.00"
2020-08-25,2020082501023112,JOSHI,52,52,20,61.00,"1,220.00"
2020-08-25,2020082501023582,JSLBB,56,36,240,"1,385.00","332,400.00"
2020-08-25,2020082501023581,JSLBB,47,36,30,"1,398.00","41,940.00"
2020-08-25,2020082501023229,JSLBB,45,36,10,"1,386.00","13,860.00"
2020-08-25,2020082501023228,JSLBB,6,36,20,"1,386.00","27,720.00"
2020-08-25,2020082501023600,KBL,16,49,350,187.00,"65,450.00"
2020-08-25,2020082501023573,KBL,16,45,50,187.00,"9,350.00"
2020-08-25,2020082501023518,KBL,35,49,100,187.00,"18,700.00"
2020-08-25,2020082501023233,KKHC,58,17,10,51.00,510.00
2020-08-25,2020082501023568,KMCDB,33,40,10,765.00,"7,650.00"
2020-08-25,2020082501023487,KMCDB,33,40,10,765.00,"7,650.00"
2020-08-25,2020082501023425,KMCDB,33,40,10,765.00,"7,650.00"
2020-08-25,2020082501023401,KMCDB,35,16,100,768.00,"76,800.00"
2020-08-25,2020082501023155,KMCDB,33,40,10,765.00,"7,650.00"
2020-08-25,2020082501023344,KMCDB,33,40,10,765.00,"7,650.00"
2020-08-25,2020082501023218,KMCDB,33,40,10,765.00,"7,650.00"
2020-08-25,2020082501023189,KMCDB,33,52,100,767.00,"76,700.00"
2020-08-25,2020082501023580,KPCL,14,14,373,105.00,"39,165.00"
2020-08-25,2020082501023115,KPCL,14,57,10,105.00,"1,050.00"
2020-08-25,2020082501023564,LGIL,5,46,177,489.00,"86,553.00"
2020-08-25,2020082501023312,LGIL,42,28,50,490.00,"24,500.00"
2020-08-25,2020082501023311,LGIL,44,28,186,490.00,"91,140.00"
2020-08-25,2020082501023204,LGIL,39,35,50,491.00,"24,550.00"
2020-08-25,2020082501023109,LGIL,34,35,100,491.00,"49,100.00"
2020-08-25,2020082501023563,LICN,45,14,50,"1,509.00","75,450.00"
2020-08-25,2020082501023562,LICN,45,41,50,"1,507.00","75,350.00"
2020-08-25,2020082501023561,LICN,45,44,100,"1,507.00","150,700.00"
2020-08-25,2020082501023560,LICN,45,1,150,"1,505.00","225,750.00"
2020-08-25,2020082501023489,LICN,4,49,50,"1,503.00","75,150.00"
2020-08-25,2020082501023301,LICN,4,37,25,"1,504.00","37,600.00"
2020-08-25,2020082501023300,LICN,4,10,21,"1,502.00","31,542.00"
2020-08-25,2020082501023152,LICN,4,22,30,"1,498.00","44,940.00"
2020-08-25,2020082501023409,LLBS,41,32,23,"1,135.00","26,105.00"
2020-08-25,2020082501023299,LLBS,14,32,27,"1,135.00","30,645.00"
2020-08-25,2020082501023190,LLBS,45,14,100,"1,138.00","113,800.00"
2020-08-25,2020082501023522,MBL,40,14,64,226.00,"14,464.00"
2020-08-25,2020082501023521,MBL,17,14,100,226.00,"22,600.00"
2020-08-25,2020082501023520,MBL,28,14,200,226.00,"45,200.00"
2020-08-25,2020082501023519,MBL,58,14,136,226.00,"30,736.00"
2020-08-25,2020082501023275,MBL,46,32,50,227.00,"11,350.00"
2020-08-25,2020082501023513,MEGA,22,44,760,223.00,"169,480.00"
2020-08-25,2020082501023512,MEGA,59,44,116,223.00,"25,868.00"
2020-08-25,2020082501023511,MEGA,34,44,24,223.00,"5,352.00"
2020-08-25,2020082501023510,MEGA,59,44,100,223.00,"22,300.00"
2020-08-25,2020082501023496,MEGA,34,57,26,223.00,"5,798.00"
2020-08-25,2020082501023495,MEGA,10,57,100,223.00,"22,300.00"
2020-08-25,2020082501023494,MEGA,22,57,174,223.00,"38,802.00"
2020-08-25,2020082501023232,MERO,49,45,100,664.00,"66,400.00"
2020-08-25,2020082501023432,MFIL,46,59,70,274.00,"19,180.00"
2020-08-25,2020082501023431,MFIL,43,59,30,274.00,"8,220.00"
2020-08-25,2020082501023165,MLBL,42,52,100,190.00,"19,000.00"
2020-08-25,2020082501023138,MLBL,16,16,179,189.00,"33,831.00"
2020-08-25,2020082501023137,MLBL,35,16,100,189.00,"18,900.00"
2020-08-25,2020082501023136,MLBL,52,16,150,189.00,"28,350.00"
2020-08-25,2020082501023135,MLBL,59,16,"1,000",189.00,"189,000.00"
2020-08-25,2020082501023134,MLBL,49,16,575,189.00,"108,675.00"
2020-08-25,2020082501023325,MNBBL,40,52,100,325.00,"32,500.00"
2020-08-25,2020082501023370,MSMBS,48,58,10,677.00,"6,770.00"
2020-08-25,2020082501023577,NABIL,49,57,80,830.00,"66,400.00"
2020-08-25,2020082501023576,NABIL,49,43,920,830.00,"763,600.00"
2020-08-25,2020082501023477,NABIL,35,43,80,830.00,"66,400.00"
2020-08-25,2020082501023476,NABIL,35,57,20,830.00,"16,600.00"
2020-08-25,2020082501023278,NABIL,55,57,30,830.00,"24,900.00"
2020-08-25,2020082501023142,NABIL,18,57,50,830.00,"41,500.00"
2020-08-25,2020082501023566,NADEP,51,18,50,617.00,"30,850.00"
2020-08-25,2020082501023502,NBB,36,49,183,197.00,"36,051.00"
2020-08-25,2020082501023501,NBB,36,44,118,197.00,"23,246.00"
2020-08-25,2020082501023500,NBB,36,51,100,197.00,"19,700.00"
2020-08-25,2020082501023499,NBB,36,6,395,197.00,"77,815.00"
2020-08-25,2020082501023480,NBB,41,6,250,197.00,"49,250.00"
2020-08-25,2020082501023362,NBB,50,6,345,197.00,"67,965.00"
2020-08-25,2020082501023315,NBB,57,6,10,197.00,"1,970.00"
2020-08-25,2020082501023298,NBF2,33,34,"5,000",9.48,"47,400.00"
2020-08-25,2020082501023588,NBL,33,55,100,290.00,"29,000.00"
2020-08-25,2020082501023585,NBL,49,55,100,290.00,"29,000.00"
2020-08-25,2020082501023430,NBL,46,55,400,290.00,"116,000.00"
2020-08-25,2020082501023400,NBL,14,55,100,290.00,"29,000.00"
2020-08-25,2020082501023374,NBL,48,55,50,290.00,"14,500.00"
2020-08-25,2020082501023373,NBL,48,33,100,290.00,"29,000.00"
2020-08-25,2020082501023358,NBL,4,33,100,290.00,"29,000.00"
2020-08-25,2020082501023221,NBL,16,42,262,290.00,"75,980.00"
2020-08-25,2020082501023191,NBL,14,22,50,291.00,"14,550.00"
2020-08-25,2020082501023555,NCCB,34,32,37,190.00,"7,030.00"
2020-08-25,2020082501023378,NCCB,34,13,163,190.00,"30,970.00"
2020-08-25,2020082501023377,NCCB,6,13,300,190.00,"57,000.00"
2020-08-25,2020082501023571,NIB,8,44,103,419.00,"43,157.00"
2020-08-25,2020082501023570,NIB,28,44,100,419.00,"41,900.00"
2020-08-25,2020082501023569,NIB,39,44,76,419.00,"31,844.00"
2020-08-25,2020082501023151,NIB,42,7,168,420.00,"70,560.00"
2020-08-25,2020082501023144,NIBPO,57,4,"2,803",358.00,"1,003,470.00"
2020-08-25,2020082501023266,NIBPO,57,11,875,360.00,"315,000.00"
2020-08-25,2020082501023265,NIBPO,57,13,200,360.00,"72,000.00"
2020-08-25,2020082501023398,NIBPO,1,48,200,357.00,"71,400.00"
2020-08-25,2020082501023369,NIBPO,57,44,10,365.00,"3,650.00"
2020-08-25,2020082501023368,NIBPO,57,47,100,361.00,"36,100.00"
2020-08-25,2020082501023385,NICA,43,4,"1,000",575.00,"575,000.00"
2020-08-25,2020082501023384,NICA,33,4,400,575.00,"230,000.00"
2020-08-25,2020082501023383,NICA,41,4,100,575.00,"57,500.00"
2020-08-25,2020082501023382,NICA,45,45,100,576.00,"57,600.00"
2020-08-25,2020082501023363,NICA,41,45,50,576.00,"28,800.00"
2020-08-25,2020082501023516,NICBF,49,34,"15,000",9.45,"141,750.00"
2020-08-25,2020082501023279,NICL,51,22,50,508.00,"25,400.00"
2020-08-25,2020082501023193,NICL,16,26,1,500.00,500.00
2020-08-25,2020082501023457,NIL,33,43,70,730.00,"51,100.00"
2020-08-25,2020082501023367,NIL,10,43,300,730.00,"219,000.00"
2020-08-25,2020082501023284,NIL,29,5,140,731.00,"102,340.00"
2020-08-25,2020082501023283,NIL,22,5,50,731.00,"36,550.00"
2020-08-25,2020082501023273,NIL,57,35,"1,100",728.00,"800,800.00"
2020-08-25,2020082501023272,NIL,14,35,100,730.00,"73,000.00"
2020-08-25,2020082501023130,NIL,16,55,100,730.00,"73,000.00"
2020-08-25,2020082501023220,NIL,14,50,100,730.00,"73,000.00"
2020-08-25,2020082501023219,NIL,14,34,490,730.00,"357,700.00"
2020-08-25,2020082501023210,NIL,14,34,10,730.00,"7,300.00"
2020-08-25,2020082501023209,NIL,14,55,90,730.00,"65,700.00"
2020-08-25,2020082501023154,NIL,16,5,100,729.00,"72,900.00"
2020-08-25,2020082501023153,NIL,40,5,80,729.00,"58,320.00"
2020-08-25,2020082501023498,NLG,52,29,100,714.00,"71,400.00"
2020-08-25,2020082501023485,NLG,52,45,100,714.00,"71,400.00"
2020-08-25,2020082501023357,NLG,43,22,100,716.00,"71,600.00"
2020-08-25,2020082501023146,NLG,49,49,100,717.00,"71,700.00"
2020-08-25,2020082501023460,NLIC,33,44,259,"1,384.00","358,456.00"
2020-08-25,2020082501023433,NLIC,33,7,100,"1,384.00","138,400.00"
2020-08-25,2020082501023326,NLIC,33,35,50,"1,384.00","69,200.00"
2020-08-25,2020082501023318,NLIC,33,1,250,"1,384.00","346,000.00"
2020-08-25,2020082501023317,NLIC,33,35,250,"1,384.00","346,000.00"
2020-08-25,2020082501023316,NLIC,33,32,50,"1,384.00","69,200.00"
2020-08-25,2020082501023145,NLIC,36,32,50,"1,384.00","69,200.00"
2020-08-25,2020082501023428,NLICL,44,49,50,720.00,"36,000.00"
2020-08-25,2020082501023397,NLICL,49,58,169,725.00,"122,525.00"
2020-08-25,2020082501023396,NLICL,49,45,100,725.00,"72,500.00"
2020-08-25,2020082501023395,NLICL,49,14,150,725.00,"108,750.00"
2020-08-25,2020082501023394,NLICL,49,5,180,725.00,"130,500.00"
2020-08-25,2020082501023393,NLICL,49,41,116,724.00,"83,984.00"
2020-08-25,2020082501023168,NLICL,56,13,200,718.00,"143,600.00"
2020-08-25,2020082501023167,NLICL,58,13,182,719.00,"130,858.00"
2020-08-25,2020082501023159,NLICL,49,51,50,723.00,"36,150.00"
2020-08-25,2020082501023158,NLICL,49,17,493,723.00,"356,439.00"
2020-08-25,2020082501023157,NLICL,49,7,300,722.00,"216,600.00"
2020-08-25,2020082501023156,NLICL,49,52,80,720.00,"57,600.00"
2020-08-25,2020082501023386,NLICL,49,51,50,723.00,"36,150.00"
2020-08-25,2020082501023285,NLICL,28,51,100,723.00,"72,300.00"
2020-08-25,2020082501023282,NLICL,49,51,100,723.00,"72,300.00"
2020-08-25,2020082501023171,NLICL,41,13,18,717.00,"12,906.00"
2020-08-25,2020082501023170,NLICL,56,13,100,717.00,"71,700.00"
2020-08-25,2020082501023169,NLICL,14,13,500,717.00,"358,500.00"
2020-08-25,2020082501023392,NLICL,49,53,100,724.00,"72,400.00"
2020-08-25,2020082501023391,NLICL,49,8,600,724.00,"434,400.00"
2020-08-25,2020082501023390,NLICL,49,44,300,724.00,"217,200.00"
2020-08-25,2020082501023389,NLICL,49,22,200,723.00,"144,600.00"
2020-08-25,2020082501023388,NLICL,49,50,35,723.00,"25,305.00"
2020-08-25,2020082501023387,NLICL,49,21,100,723.00,"72,300.00"
2020-08-25,2020082501023583,NMB,1,57,170,422.00,"71,740.00"
2020-08-25,2020082501023475,NMB,1,6,"5,830",422.00,"2,460,260.00"
2020-08-25,2020082501023470,NMB,25,32,93,421.00,"39,153.00"
2020-08-25,2020082501023353,NMB,34,6,370,422.00,"156,140.00"
2020-08-25,2020082501023338,NMB,17,6,800,422.00,"337,600.00"
2020-08-25,2020082501023114,NMB,50,6,15,422.00,"6,330.00"
2020-08-25,2020082501023113,NMB,51,6,342,422.00,"144,324.00"
2020-08-25,2020082501023596,NMBMF,48,45,24,788.00,"18,912.00"
2020-08-25,2020082501023595,NMBMF,48,45,16,786.00,"12,576.00"
2020-08-25,2020082501023594,NMBMF,48,28,300,779.00,"233,700.00"
2020-08-25,2020082501023264,NMBMF,48,45,34,786.00,"26,724.00"
2020-08-25,2020082501023263,NMBMF,48,49,50,786.00,"39,300.00"
2020-08-25,2020082501023262,NMBMF,48,33,10,786.00,"7,860.00"
2020-08-25,2020082501023127,NMBMF,48,28,20,778.00,"15,560.00"
2020-08-25,2020082501023249,NMBMF,48,48,10,780.00,"7,800.00"
2020-08-25,2020082501023248,NMBMF,48,17,100,780.00,"78,000.00"
2020-08-25,2020082501023247,NMBMF,48,33,104,780.00,"81,120.00"
2020-08-25,2020082501023246,NMBMF,48,36,20,780.00,"15,600.00"
2020-08-25,2020082501023245,NMBMF,48,25,50,780.00,"39,000.00"
2020-08-25,2020082501023244,NMBMF,48,45,10,779.00,"7,790.00"
2020-08-25,2020082501023255,NMBMF,48,43,50,785.00,"39,250.00"
2020-08-25,2020082501023254,NMBMF,48,37,100,785.00,"78,500.00"
2020-08-25,2020082501023253,NMBMF,48,26,50,784.00,"39,200.00"
2020-08-25,2020082501023252,NMBMF,48,45,26,784.00,"20,384.00"
2020-08-25,2020082501023251,NMBMF,48,22,100,783.00,"78,300.00"
2020-08-25,2020082501023250,NMBMF,48,50,20,780.00,"15,600.00"
2020-08-25,2020082501023261,NMBMF,48,57,100,786.00,"78,600.00"
2020-08-25,2020082501023260,NMBMF,48,33,16,786.00,"12,576.00"
2020-08-25,2020082501023259,NMBMF,48,45,10,786.00,"7,860.00"
2020-08-25,2020082501023258,NMBMF,48,50,20,785.00,"15,700.00"
2020-08-25,2020082501023257,NMBMF,48,16,20,785.00,"15,700.00"
2020-08-25,2020082501023256,NMBMF,48,50,100,785.00,"78,500.00"
2020-08-25,2020082501023590,NRIC,19,21,50,671.00,"33,550.00"
2020-08-25,2020082501023579,NRIC,53,49,500,672.00,"336,000.00"
2020-08-25,2020082501023567,NRIC,19,47,20,671.00,"13,420.00"
2020-08-25,2020082501023554,NRIC,19,45,50,671.00,"33,550.00"
2020-08-25,2020082501023528,NRIC,19,56,400,671.00,"268,400.00"
2020-08-25,2020082501023507,NRIC,19,19,250,671.00,"167,750.00"
2020-08-25,2020082501023129,NRIC,33,57,50,671.00,"33,550.00"
2020-08-25,2020082501023128,NRIC,33,43,100,671.00,"67,100.00"
2020-08-25,2020082501023121,NRIC,34,53,10,672.00,"6,720.00"
2020-08-25,2020082501023224,NRIC,34,42,10,672.00,"6,720.00"
2020-08-25,2020082501023223,NRIC,34,53,130,672.00,"87,360.00"
2020-08-25,2020082501023200,NRIC,10,57,100,671.00,"67,100.00"
2020-08-25,2020082501023194,NRIC,1,57,50,671.00,"33,550.00"
2020-08-25,2020082501023132,NRIC,48,8,20,670.00,"13,400.00"
2020-08-25,2020082501023131,NRIC,51,8,30,670.00,"20,100.00"
2020-08-25,2020082501023243,NRIC,51,52,170,670.00,"113,900.00"
2020-08-25,2020082501023242,NRIC,48,52,30,670.00,"20,100.00"
2020-08-25,2020082501023241,NRIC,29,52,100,671.00,"67,100.00"
2020-08-25,2020082501023227,NRIC,34,48,20,672.00,"13,440.00"
2020-08-25,2020082501023226,NRIC,34,29,100,672.00,"67,200.00"
2020-08-25,2020082501023225,NRIC,34,58,40,672.00,"26,880.00"
2020-08-25,2020082501023294,NRIC,46,42,25,672.00,"16,800.00"
2020-08-25,2020082501023293,NRIC,46,36,200,672.00,"134,400.00"
2020-08-25,2020082501023292,NRIC,46,48,120,672.00,"80,640.00"
2020-08-25,2020082501023291,NRIC,46,47,30,671.00,"20,130.00"
2020-08-25,2020082501023281,NRIC,53,1,10,670.00,"6,700.00"
2020-08-25,2020082501023280,NRIC,51,1,30,670.00,"20,100.00"
2020-08-25,2020082501023307,NRIC,39,13,20,672.00,"13,440.00"
2020-08-25,2020082501023306,NRIC,39,49,20,672.00,"13,440.00"
2020-08-25,2020082501023305,NRIC,39,48,75,672.00,"50,400.00"
2020-08-25,2020082501023304,NRIC,39,26,500,671.00,"335,500.00"
2020-08-25,2020082501023303,NRIC,39,47,10,671.00,"6,710.00"
2020-08-25,2020082501023295,NRIC,46,48,25,672.00,"16,800.00"
2020-08-25,2020082501023410,NRIC,19,35,100,671.00,"67,100.00"
2020-08-25,2020082501023376,NRIC,19,47,30,671.00,"20,130.00"
2020-08-25,2020082501023350,NRIC,19,49,50,671.00,"33,550.00"
2020-08-25,2020082501023327,NRIC,19,21,10,671.00,"6,710.00"
2020-08-25,2020082501023309,NRIC,39,45,365,672.00,"245,280.00"
2020-08-25,2020082501023308,NRIC,39,22,10,672.00,"6,720.00"
2020-08-25,2020082501023497,NRIC,19,47,30,671.00,"20,130.00"
2020-08-25,2020082501023471,NRIC,54,49,565,672.00,"379,680.00"
2020-08-25,2020082501023458,NRIC,19,47,30,671.00,"20,130.00"
2020-08-25,2020082501023427,NRIC,36,49,365,672.00,"245,280.00"
2020-08-25,2020082501023426,NRIC,36,45,635,672.00,"426,720.00"
2020-08-25,2020082501023424,NRIC,19,36,40,671.00,"26,840.00"
2020-08-25,2020082501023461,NTC,35,33,100,665.00,"66,500.00"
2020-08-25,2020082501023399,OHL,42,58,10,348.00,"3,480.00"
2020-08-25,2020082501023591,PIC,14,7,11,716.00,"7,876.00"
2020-08-25,2020082501023240,PIC,19,21,50,715.00,"35,750.00"
2020-08-25,2020082501023239,PIC,19,41,42,715.00,"30,030.00"
2020-08-25,2020082501023203,PIC,33,41,158,715.00,"112,970.00"
2020-08-25,2020082501023202,PIC,33,17,42,715.00,"30,030.00"
2020-08-25,2020082501023213,PICL,16,49,30,489.00,"14,670.00"
2020-08-25,2020082501023584,PLIC,59,37,50,614.00,"30,700.00"
2020-08-25,2020082501023407,PLIC,59,58,19,614.00,"11,666.00"
2020-08-25,2020082501023406,PLIC,59,45,117,613.00,"71,721.00"
2020-08-25,2020082501023405,PLIC,59,19,29,613.00,"17,777.00"
2020-08-25,2020082501023375,PLIC,28,48,500,609.00,"304,500.00"
2020-08-25,2020082501023323,PLIC,59,19,221,613.00,"135,473.00"
2020-08-25,2020082501023268,PLIC,14,32,100,610.00,"61,000.00"
2020-08-25,2020082501023267,PLIC,14,45,11,610.00,"6,710.00"
2020-08-25,2020082501023322,PLIC,59,50,27,612.00,"16,524.00"
2020-08-25,2020082501023321,PLIC,59,56,500,612.00,"306,000.00"
2020-08-25,2020082501023320,PLIC,59,34,221,611.00,"135,031.00"
2020-08-25,2020082501023319,PLIC,59,44,31,611.00,"18,941.00"
2020-08-25,2020082501023270,PLIC,14,45,26,610.00,"15,860.00"
2020-08-25,2020082501023269,PLIC,14,44,25,610.00,"15,250.00"
2020-08-25,2020082501023342,PPCL,13,45,10,115.00,"1,150.00"
2020-08-25,2020082501023341,PPCL,13,5,30,115.00,"3,450.00"
2020-08-25,2020082501023340,PPCL,13,19,10,115.00,"1,150.00"
2020-08-25,2020082501023339,PPCL,13,51,10,115.00,"1,150.00"
2020-08-25,2020082501023553,PRIN,28,57,69,555.00,"38,295.00"
2020-08-25,2020082501023552,PRIN,28,34,363,555.00,"201,465.00"
2020-08-25,2020082501023551,PRIN,28,51,129,555.00,"71,595.00"
2020-08-25,2020082501023550,PRIN,28,33,500,555.00,"277,500.00"
2020-08-25,2020082501023549,PRIN,28,53,348,555.00,"193,140.00"
2020-08-25,2020082501023548,PRIN,28,46,50,555.00,"27,750.00"
2020-08-25,2020082501023527,PRIN,40,42,50,552.00,"27,600.00"
2020-08-25,2020082501023290,PRIN,26,34,100,553.00,"55,300.00"
2020-08-25,2020082501023147,PRIN,28,44,"2,550",552.00,"1,407,600.00"
2020-08-25,2020082501023535,PRIN,28,19,300,554.00,"166,200.00"
2020-08-25,2020082501023534,PRIN,28,43,49,554.00,"27,146.00"
2020-08-25,2020082501023533,PRIN,28,57,50,553.00,"27,650.00"
2020-08-25,2020082501023532,PRIN,28,19,100,553.00,"55,300.00"
2020-08-25,2020082501023531,PRIN,28,44,100,553.00,"55,300.00"
2020-08-25,2020082501023530,PRIN,28,34,183,553.00,"101,199.00"
2020-08-25,2020082501023541,PRIN,28,32,300,555.00,"166,500.00"
2020-08-25,2020082501023540,PRIN,28,17,300,555.00,"166,500.00"
2020-08-25,2020082501023539,PRIN,28,6,10,555.00,"5,550.00"
2020-08-25,2020082501023538,PRIN,28,41,61,555.00,"33,855.00"
2020-08-25,2020082501023537,PRIN,28,42,60,555.00,"33,300.00"
2020-08-25,2020082501023536,PRIN,28,47,200,554.00,"110,800.00"
2020-08-25,2020082501023547,PRIN,28,1,500,555.00,"277,500.00"
2020-08-25,2020082501023546,PRIN,28,6,"1,000",555.00,"555,000.00"
2020-08-25,2020082501023545,PRIN,28,25,70,555.00,"38,850.00"
2020-08-25,2020082501023544,PRIN,28,43,110,555.00,"61,050.00"
2020-08-25,2020082501023543,PRIN,28,48,548,555.00,"304,140.00"
2020-08-25,2020082501023542,PRIN,28,17,100,555.00,"55,500.00"
2020-08-25,2020082501023415,RMDC,42,42,50,812.00,"40,600.00"
2020-08-25,2020082501023173,RMDC,11,35,100,812.00,"81,200.00"
2020-08-25,2020082501023172,RMDC,11,6,"1,530",812.00,"1,242,360.00"
2020-08-25,2020082501023493,RSDC,56,35,58,529.00,"30,682.00"
2020-08-25,2020082501023133,RSDC,51,19,100,530.00,"53,000.00"
2020-08-25,2020082501023125,RSDC,53,19,100,530.00,"53,000.00"
2020-08-25,2020082501023468,SABSL,44,21,10,793.00,"7,930.00"
2020-08-25,2020082501023150,SABSL,44,44,1,785.00,785.00
2020-08-25,2020082501023526,SAEF,17,34,"5,000",9.72,"48,600.00"
2020-08-25,2020082501023215,SAPDBL,14,43,10,121.00,"1,210.00"
2020-08-25,2020082501023381,SBI,51,42,170,424.00,"72,080.00"
2020-08-25,2020082501023380,SBI,51,17,50,424.00,"21,200.00"
2020-08-25,2020082501023379,SBI,51,45,30,423.00,"12,690.00"
2020-08-25,2020082501023481,SCB,54,52,10,648.00,"6,480.00"
2020-08-25,2020082501023334,SDLBSL,7,1,10,829.00,"8,290.00"
2020-08-25,2020082501023103,SDLBSL,7,29,10,829.00,"8,290.00"
2020-08-25,2020082501023469,SFCL,57,40,200,144.00,"28,800.00"
2020-08-25,2020082501023217,SFCL,1,40,30,144.00,"4,320.00"
2020-08-25,2020082501023212,SFCL,47,40,50,144.00,"7,200.00"
2020-08-25,2020082501023589,SHIVM,42,45,200,644.00,"128,800.00"
2020-08-25,2020082501023503,SHIVM,47,22,268,643.00,"172,324.00"
2020-08-25,2020082501023459,SHIVM,45,26,30,642.00,"19,260.00"
2020-08-25,2020082501023108,SHIVM,45,29,50,642.00,"32,100.00"
2020-08-25,2020082501023525,SHL,42,1,800,159.00,"127,200.00"
2020-08-25,2020082501023230,SHL,42,17,389,158.00,"61,462.00"
2020-08-25,2020082501023599,SIC,47,52,131,837.00,"109,647.00"
2020-08-25,2020082501023598,SIC,47,52,30,837.00,"25,110.00"
2020-08-25,2020082501023597,SIC,47,52,39,837.00,"32,643.00"
2020-08-25,2020082501023529,SIC,47,7,55,837.00,"46,035.00"
2020-08-25,2020082501023491,SIC,47,8,106,837.00,"88,722.00"
2020-08-25,2020082501023490,SIC,47,8,94,837.00,"78,678.00"
2020-08-25,2020082501023198,SICL,22,49,35,"1,246.00","43,610.00"
2020-08-25,2020082501023483,SIL,44,33,100,689.00,"68,900.00"
2020-08-25,2020082501023482,SIL,44,41,100,686.00,"68,600.00"
2020-08-25,2020082501023404,SJCL,6,14,"1,310",135.00,"176,850.00"
2020-08-25,2020082501023403,SJCL,6,14,"1,360",135.00,"183,600.00"
2020-08-25,2020082501023592,SKBBL,45,43,50,"1,330.00","66,500.00"
2020-08-25,2020082501023467,SKBBL,45,44,63,"1,330.00","83,790.00"
2020-08-25,2020082501023328,SKBBL,59,21,30,"1,331.00","39,930.00"
2020-08-25,2020082501023149,SKBBL,45,28,50,"1,330.00","66,500.00"
2020-08-25,2020082501023416,SLBBL,56,47,10,846.00,"8,460.00"
2020-08-25,2020082501023422,SLBBL,56,14,50,850.00,"42,500.00"
2020-08-25,2020082501023421,SLBBL,56,17,76,850.00,"64,600.00"
2020-08-25,2020082501023420,SLBBL,56,41,22,850.00,"18,700.00"
2020-08-25,2020082501023419,SLBBL,56,7,100,849.00,"84,900.00"
2020-08-25,2020082501023418,SLBBL,56,45,53,848.00,"44,944.00"
2020-08-25,2020082501023417,SLBBL,56,5,80,847.00,"67,760.00"
2020-08-25,2020082501023423,SLBBL,56,25,10,852.00,"8,520.00"
2020-08-25,2020082501023466,SLICL,44,37,85,518.00,"44,030.00"
2020-08-25,2020082501023465,SLICL,44,37,100,518.00,"51,800.00"
2020-08-25,2020082501023464,SLICL,44,37,100,519.00,"51,900.00"
2020-08-25,2020082501023463,SLICL,32,37,200,519.00,"103,800.00"
2020-08-25,2020082501023462,SLICL,49,37,15,519.00,"7,785.00"
2020-08-25,2020082501023429,SLICL,33,3,200,520.00,"104,000.00"
2020-08-25,2020082501023122,SLICL,33,41,10,521.00,"5,210.00"
2020-08-25,2020082501023164,SLICL,32,49,60,520.00,"31,200.00"
2020-08-25,2020082501023163,SLICL,33,49,40,521.00,"20,840.00"
2020-08-25,2020082501023148,SLICL,33,1,200,521.00,"104,200.00"
2020-08-25,2020082501023139,SLICL,33,41,150,521.00,"78,150.00"
2020-08-25,2020082501023123,SLICL,33,36,100,521.00,"52,100.00"
2020-08-25,2020082501023271,SLICL,34,59,10,522.00,"5,220.00"
2020-08-25,2020082501023197,SLICL,44,42,160,520.00,"83,200.00"
2020-08-25,2020082501023196,SLICL,54,42,200,520.00,"104,000.00"
2020-08-25,2020082501023195,SLICL,32,42,40,520.00,"20,800.00"
2020-08-25,2020082501023310,SLICL,32,3,40,520.00,"20,800.00"
2020-08-25,2020082501023297,SLICL,32,49,60,520.00,"31,200.00"
2020-08-25,2020082501023296,SLICL,44,49,40,520.00,"20,800.00"
2020-08-25,2020082501023586,SMB,56,57,40,884.00,"35,360.00"
2020-08-25,2020082501023216,SMB,6,57,50,880.00,"44,000.00"
2020-08-25,2020082501023515,SMFBS,21,53,10,935.00,"9,350.00"
2020-08-25,2020082501023472,SMFBS,21,48,10,934.00,"9,340.00"
2020-08-25,2020082501023557,SRBL,44,49,100,230.00,"23,000.00"
2020-08-25,2020082501023556,SRBL,44,22,39,229.00,"8,931.00"
2020-08-25,2020082501023337,SWBBL,51,42,10,"1,230.00","12,300.00"
2020-08-25,2020082501023336,SWBBL,49,42,40,"1,230.00","49,200.00"
2020-08-25,2020082501023335,SWBBL,41,42,50,"1,231.00","61,550.00"
2020-08-25,2020082501023474,TMDBL,28,33,125,167.00,"20,875.00"
2020-08-25,2020082501023473,TMDBL,4,33,175,167.00,"29,225.00"
2020-08-25,2020082501023120,TRH,36,44,100,212.00,"21,200.00"
2020-08-25,2020082501023578,UIC,33,28,240,408.00,"97,920.00"
2020-08-25,2020082501023356,UIC,45,50,200,409.00,"81,800.00"
2020-08-25,2020082501023355,UIC,57,50,150,409.00,"61,350.00"
2020-08-25,2020082501023354,UIC,50,50,200,409.00,"81,800.00"
2020-08-25,2020082501023107,UIC,33,10,118,408.00,"48,144.00"
2020-08-25,2020082501023106,UIC,20,10,82,409.00,"33,538.00"
2020-08-25,2020082501023456,UPPER,46,41,810,226.00,"183,060.00"
2020-08-25,2020082501023455,UPPER,46,21,40,226.00,"9,040.00"
2020-08-25,2020082501023454,UPPER,46,49,27,226.00,"6,102.00"
2020-08-25,2020082501023453,UPPER,46,32,40,226.00,"9,040.00"
2020-08-25,2020082501023452,UPPER,46,8,40,226.00,"9,040.00"
2020-08-25,2020082501023126,UPPER,5,50,50,226.00,"11,300.00"
2020-08-25,2020082501023439,UPPER,46,56,50,226.00,"11,300.00"
2020-08-25,2020082501023438,UPPER,46,34,24,226.00,"5,424.00"
2020-08-25,2020082501023437,UPPER,46,34,40,226.00,"9,040.00"
2020-08-25,2020082501023436,UPPER,46,16,100,226.00,"22,600.00"
2020-08-25,2020082501023435,UPPER,46,50,237,226.00,"53,562.00"
2020-08-25,2020082501023445,UPPER,46,14,40,226.00,"9,040.00"
2020-08-25,2020082501023444,UPPER,46,25,60,226.00,"13,560.00"
2020-08-25,2020082501023443,UPPER,46,21,50,226.00,"11,300.00"
2020-08-25,2020082501023442,UPPER,46,13,50,226.00,"11,300.00"
2020-08-25,2020082501023441,UPPER,46,42,72,226.00,"16,272.00"
2020-08-25,2020082501023440,UPPER,46,42,50,226.00,"11,300.00"
2020-08-25,2020082501023451,UPPER,46,8,50,226.00,"11,300.00"
2020-08-25,2020082501023450,UPPER,46,58,50,226.00,"11,300.00"
2020-08-25,2020082501023449,UPPER,46,17,10,226.00,"2,260.00"
2020-08-25,2020082501023448,UPPER,46,1,10,226.00,"2,260.00"
2020-08-25,2020082501023447,UPPER,46,52,100,226.00,"22,600.00"
2020-08-25,2020082501023446,UPPER,46,8,50,226.00,"11,300.00"
2020-08-25,2020082501022661,ACLBSL,44,36,60,714.00,"42,840.00"
2020-08-25,2020082501022660,ACLBSL,43,36,140,714.00,"99,960.00"
2020-08-25,2020082501022974,ADBL,53,57,55,422.00,"23,210.00"
2020-08-25,2020082501022973,ADBL,53,13,20,422.00,"8,440.00"
2020-08-25,2020082501022972,ADBL,53,32,75,422.00,"31,650.00"
2020-08-25,2020082501022848,ADBL,32,32,394,422.00,"166,268.00"
2020-08-25,2020082501022847,ADBL,32,57,106,422.00,"44,732.00"
2020-08-25,2020082501022686,ADBL,41,32,100,422.00,"42,200.00"
2020-08-25,2020082501023087,AHPC,49,1,50,95.00,"4,750.00"
2020-08-25,2020082501023052,AIL,34,17,10,517.00,"5,170.00"
2020-08-25,2020082501022970,AIL,34,43,60,517.00,"31,020.00"
2020-08-25,2020082501022969,AIL,57,43,70,518.00,"36,260.00"
2020-08-25,2020082501022968,AIL,1,43,600,518.00,"310,800.00"
2020-08-25,2020082501022967,AIL,45,43,270,518.00,"139,860.00"
2020-08-25,2020082501022947,AIL,45,45,10,518.00,"5,180.00"
2020-08-25,2020082501022693,AIL,34,42,10,517.00,"5,170.00"
2020-08-25,2020082501022901,AIL,45,21,10,518.00,"5,180.00"
2020-08-25,2020082501022883,AIL,45,47,200,518.00,"103,600.00"
2020-08-25,2020082501022882,AIL,45,46,10,518.00,"5,180.00"
2020-08-25,2020082501022784,AIL,34,42,10,517.00,"5,170.00"
2020-08-25,2020082501022752,AIL,34,36,10,517.00,"5,170.00"
2020-08-25,2020082501022706,AIL,34,22,10,517.00,"5,170.00"
2020-08-25,2020082501023076,ALICL,53,39,200,695.00,"139,000.00"
2020-08-25,2020082501022960,ALICL,4,11,250,693.00,"173,250.00"
2020-08-25,2020082501022959,ALICL,59,11,400,693.00,"277,200.00"
2020-08-25,2020082501022958,ALICL,34,11,"1,000",694.00,"694,000.00"
2020-08-25,2020082501022957,ALICL,4,11,712,694.00,"494,128.00"
2020-08-25,2020082501022912,ALICL,4,46,250,694.00,"173,500.00"
2020-08-25,2020082501022830,ALICL,4,16,38,694.00,"26,372.00"
2020-08-25,2020082501022725,ALICL,46,14,200,695.00,"139,000.00"
2020-08-25,2020082501022716,API,58,34,135,107.00,"14,445.00"
2020-08-25,2020082501022715,API,45,34,200,107.00,"21,400.00"
2020-08-25,2020082501022714,API,14,34,10,107.00,"1,070.00"
2020-08-25,2020082501022713,API,37,34,50,107.00,"5,350.00"
2020-08-25,2020082501022712,API,34,34,300,107.00,"32,100.00"
2020-08-25,2020082501022711,API,35,34,15,107.00,"1,605.00"
2020-08-25,2020082501022710,API,49,34,500,107.00,"53,500.00"
2020-08-25,2020082501022709,API,57,34,790,107.00,"84,530.00"
2020-08-25,2020082501022934,BPCL,44,40,363,363.00,"131,769.00"
2020-08-25,2020082501022757,CBBL,49,11,90,"1,085.00","97,650.00"
2020-08-25,2020082501022756,CBBL,49,45,50,"1,085.00","54,250.00"
2020-08-25,2020082501022755,CBBL,49,53,60,"1,084.00","65,040.00"
2020-08-25,2020082501023040,CCBL,42,29,10,174.00,"1,740.00"
2020-08-25,2020082501023039,CCBL,42,17,490,174.00,"85,260.00"
2020-08-25,2020082501023011,CCBL,13,17,10,174.00,"1,740.00"
2020-08-25,2020082501023010,CCBL,13,33,45,174.00,"7,830.00"
2020-08-25,2020082501023009,CCBL,13,7,25,174.00,"4,350.00"
2020-08-25,2020082501022603,CCBL,49,44,51,173.00,"8,823.00"
2020-08-25,2020082501023068,CHCL,29,6,500,393.00,"196,500.00"
2020-08-25,2020082501023067,CHCL,42,6,50,393.00,"19,650.00"
2020-08-25,2020082501023066,CHCL,50,6,300,393.00,"117,900.00"
2020-08-25,2020082501023065,CHCL,59,6,30,393.00,"11,790.00"
2020-08-25,2020082501023064,CHCL,13,6,200,393.00,"78,600.00"
2020-08-25,2020082501023063,CHCL,7,6,199,393.00,"78,207.00"
2020-08-25,2020082501022772,CHCL,43,6,15,395.00,"5,925.00"
2020-08-25,2020082501022771,CHCL,43,44,135,395.00,"53,325.00"
2020-08-25,2020082501022997,CHL,20,55,10,87.00,870.00
2020-08-25,2020082501022801,CIT,33,14,100,"2,872.00","287,200.00"
2020-08-25,2020082501022673,CIT,33,35,10,"2,872.00","28,720.00"
2020-08-25,2020082501022798,CZBIL,38,34,68,193.00,"13,124.00"
2020-08-25,2020082501022797,CZBIL,6,34,100,193.00,"19,300.00"
2020-08-25,2020082501022796,CZBIL,45,34,50,193.00,"9,650.00"
2020-08-25,2020082501022795,CZBIL,51,34,242,193.00,"46,706.00"
2020-08-25,2020082501022794,CZBIL,36,34,540,193.00,"104,220.00"
2020-08-25,2020082501022659,CZBIL,28,14,100,194.00,"19,400.00"
2020-08-25,2020082501022821,EBL,56,34,291,720.00,"209,520.00"
2020-08-25,2020082501022820,EBL,56,52,209,720.00,"150,480.00"
2020-08-25,2020082501022908,EIC,58,28,"5,595",471.00,"2,635,240.00"
2020-08-25,2020082501022907,EIC,36,28,100,471.00,"47,100.00"
2020-08-25,2020082501022906,EIC,34,28,10,471.00,"4,710.00"
2020-08-25,2020082501022905,EIC,34,28,50,472.00,"23,600.00"
2020-08-25,2020082501022904,EIC,49,28,385,472.00,"181,720.00"
2020-08-25,2020082501022903,EIC,54,28,200,473.00,"94,600.00"
2020-08-25,2020082501022898,EIC,28,57,50,474.00,"23,700.00"
2020-08-25,2020082501022871,EIC,28,41,50,474.00,"23,700.00"
2020-08-25,2020082501022849,EIC,34,41,50,474.00,"23,700.00"
2020-08-25,2020082501022640,FMDBL,21,41,100,560.00,"56,000.00"
2020-08-25,2020082501023081,GBIME,42,57,50,252.00,"12,600.00"
2020-08-25,2020082501022940,GBIME,42,53,100,252.00,"25,200.00"
2020-08-25,2020082501022936,GBIME,42,47,64,252.00,"16,128.00"
2020-08-25,2020082501022880,GBIME,42,42,181,252.00,"45,612.00"
2020-08-25,2020082501022879,GBIME,41,42,200,252.00,"50,400.00"
2020-08-25,2020082501022878,GBIME,21,42,200,252.00,"50,400.00"
2020-08-25,2020082501022877,GBIME,54,42,125,252.00,"31,500.00"
2020-08-25,2020082501022876,GBIME,50,42,40,252.00,"10,080.00"
2020-08-25,2020082501022875,GBIME,47,42,200,252.00,"50,400.00"
2020-08-25,2020082501022874,GBIME,50,42,54,252.00,"13,608.00"
2020-08-25,2020082501023001,GBLBS,39,40,70,503.00,"35,210.00"
2020-08-25,2020082501023000,GBLBS,46,40,60,504.00,"30,240.00"
2020-08-25,2020082501022719,GBLBS,36,45,10,508.00,"5,080.00"
2020-08-25,2020082501022887,GILB,49,17,50,"1,215.00","60,750.00"
2020-08-25,2020082501022834,GILB,37,17,70,"1,215.00","85,050.00"
2020-08-25,2020082501022822,GILB,5,5,1,"1,215.00","1,215.00"
2020-08-25,2020082501022654,GILB,32,17,20,"1,215.00","24,300.00"
2020-08-25,2020082501022624,GILB,49,17,20,"1,215.00","24,300.00"
2020-08-25,2020082501023053,GLICL,57,14,100,516.00,"51,600.00"
2020-08-25,2020082501023050,GMFBS,26,28,200,802.00,"160,400.00"
2020-08-25,2020082501023049,GMFBS,14,28,40,808.00,"32,320.00"
2020-08-25,2020082501023031,GMFBS,14,53,60,808.00,"48,480.00"
2020-08-25,2020082501022948,HBL,42,44,20,555.00,"11,100.00"
2020-08-25,2020082501022750,HBL,44,44,100,555.00,"55,500.00"
2020-08-25,2020082501023043,HIDCL,22,52,61,128.00,"7,808.00"
2020-08-25,2020082501022790,HIDCL,22,51,50,128.00,"6,400.00"
2020-08-25,2020082501022789,HIDCL,22,39,268,128.00,"34,304.00"
2020-08-25,2020082501022641,HIDCL,6,13,63,127.00,"8,001.00"
2020-08-25,2020082501022951,HPPL,33,22,"2,000",136.00,"272,000.00"
2020-08-25,2020082501022819,HPPL,45,22,500,137.00,"68,500.00"
2020-08-25,2020082501022818,HPPL,33,22,115,137.00,"15,755.00"
2020-08-25,2020082501022766,HURJA,56,32,180,94.00,"16,920.00"
2020-08-25,2020082501022634,HURJA,56,45,20,94.00,"1,880.00"
2020-08-25,2020082501023082,IGI,49,17,500,506.00,"253,000.00"
2020-08-25,2020082501023072,JOSHI,52,45,20,60.00,"1,200.00"
2020-08-25,2020082501023071,JOSHI,52,1,20,60.00,"1,200.00"
2020-08-25,2020082501022728,JOSHI,52,45,60,59.00,"3,540.00"
2020-08-25,2020082501022979,JSLBB,46,36,100,"1,386.00","138,600.00"
2020-08-25,2020082501022870,JSLBB,10,36,10,"1,386.00","13,860.00"
2020-08-25,2020082501022734,JSLBB,5,36,50,"1,387.00","69,350.00"
2020-08-25,2020082501022639,JSLBB,45,36,10,"1,390.00","13,900.00"
2020-08-25,2020082501022638,JSLBB,11,36,20,"1,390.00","27,800.00"
2020-08-25,2020082501022637,JSLBB,36,36,10,"1,390.00","13,900.00"
2020-08-25,2020082501022977,KMCDB,1,14,34,768.00,"26,112.00"
2020-08-25,2020082501022976,KMCDB,1,45,10,768.00,"7,680.00"
2020-08-25,2020082501022911,KMCDB,33,6,10,765.00,"7,650.00"
2020-08-25,2020082501022702,KMCDB,41,48,10,761.00,"7,610.00"
2020-08-25,2020082501022913,KPCL,14,13,10,105.00,"1,050.00"
2020-08-25,2020082501022730,KPCL,14,57,10,105.00,"1,050.00"
2020-08-25,2020082501023036,LGIL,44,36,128,490.00,"62,720.00"
2020-08-25,2020082501023035,LGIL,35,36,83,490.00,"40,670.00"
2020-08-25,2020082501022667,LGIL,35,16,17,490.00,"8,330.00"
2020-08-25,2020082501022666,LGIL,33,16,683,490.00,"334,670.00"
2020-08-25,2020082501023097,LICN,4,10,20,"1,500.00","30,000.00"
2020-08-25,2020082501022869,LICN,4,28,"1,000","1,500.00","1,500,000.00"
2020-08-25,2020082501022868,LICN,4,17,50,"1,500.00","75,000.00"
2020-08-25,2020082501022867,LICN,4,53,50,"1,500.00","75,000.00"
2020-08-25,2020082501022762,LICN,11,19,100,"1,499.00","149,900.00"
2020-08-25,2020082501022761,LICN,11,48,50,"1,495.00","74,750.00"
2020-08-25,2020082501022760,LICN,11,57,50,"1,495.00","74,750.00"
2020-08-25,2020082501022759,LICN,11,28,"1,000","1,490.00","1,490,000.00"
2020-08-25,2020082501022695,LICN,34,6,300,"1,494.00","448,200.00"
2020-08-25,2020082501022694,LICN,34,39,100,"1,493.00","149,300.00"
2020-08-25,2020082501022866,MEGA,32,34,150,224.00,"33,600.00"
2020-08-25,2020082501022807,MEGA,22,57,50,223.00,"11,150.00"
2020-08-25,2020082501022700,MEGA,22,29,200,223.00,"44,600.00"
2020-08-25,2020082501022682,MEGA,37,34,50,224.00,"11,200.00"
2020-08-25,2020082501023013,MERO,25,48,150,662.00,"99,300.00"
2020-08-25,2020082501023012,MERO,44,48,157,663.00,"104,091.00"
2020-08-25,2020082501022793,MERO,19,17,100,664.00,"66,400.00"
2020-08-25,2020082501022889,MHNL,52,29,30,81.00,"2,430.00"
2020-08-25,2020082501022692,MNBBL,44,52,50,325.00,"16,250.00"
2020-08-25,2020082501023092,NABIL,44,43,"1,000",830.00,"830,000.00"
2020-08-25,2020082501022707,NABIL,14,14,24,831.00,"19,944.00"
2020-08-25,2020082501022705,NABIL,14,41,10,831.00,"8,310.00"
2020-08-25,2020082501022701,NABIL,14,50,200,831.00,"166,200.00"
2020-08-25,2020082501022643,NABIL,14,51,200,831.00,"166,200.00"
2020-08-25,2020082501023099,NBL,33,22,"1,000",291.00,"291,000.00"
2020-08-25,2020082501023005,NBL,16,53,100,290.00,"29,000.00"
2020-08-25,2020082501023004,NBL,16,17,433,290.00,"125,570.00"
2020-08-25,2020082501023003,NBL,41,45,70,289.00,"20,230.00"
2020-08-25,2020082501023002,NBL,43,45,730,289.00,"210,970.00"
2020-08-25,2020082501022981,NBL,16,17,67,290.00,"19,430.00"
2020-08-25,2020082501022980,NBL,16,6,433,290.00,"125,570.00"
2020-08-25,2020082501022852,NBL,16,6,500,290.00,"145,000.00"
2020-08-25,2020082501022846,NBL,16,6,"2,000",290.00,"580,000.00"
2020-08-25,2020082501022720,NBL,43,6,150,290.00,"43,500.00"
2020-08-25,2020082501022949,NCCB,50,32,201,191.00,"38,391.00"
2020-08-25,2020082501022644,NCCB,21,32,"1,000",191.00,"191,000.00"
2020-08-25,2020082501022763,NHPC,21,49,100,52.00,"5,200.00"
2020-08-25,2020082501023032,NIB,47,7,100,420.00,"42,000.00"
2020-08-25,2020082501022978,NIB,21,7,20,420.00,"8,400.00"
2020-08-25,2020082501022684,NIB,52,7,100,420.00,"42,000.00"
2020-08-25,2020082501023088,NIBPO,8,4,197,358.00,"70,526.00"
2020-08-25,2020082501023045,NICA,16,4,722,575.00,"415,150.00"
2020-08-25,2020082501023038,NICA,51,47,40,574.00,"22,960.00"
2020-08-25,2020082501022933,NICA,42,4,50,575.00,"28,750.00"
2020-08-25,2020082501022932,NICA,16,4,20,575.00,"11,500.00"
2020-08-25,2020082501022931,NICA,36,4,172,575.00,"98,900.00"
2020-08-25,2020082501022930,NICA,46,4,300,575.00,"172,500.00"
2020-08-25,2020082501022891,NICA,56,57,256,575.00,"147,200.00"
2020-08-25,2020082501022890,NICA,45,57,80,576.00,"46,080.00"
2020-08-25,2020082501022758,NICA,43,48,"1,000",576.00,"576,000.00"
2020-08-25,2020082501022683,NICA,26,42,200,576.00,"115,200.00"
2020-08-25,2020082501022917,NICA,50,4,15,576.00,"8,640.00"
2020-08-25,2020082501022896,NICA,33,57,34,575.00,"19,550.00"
2020-08-25,2020082501022895,NICA,13,57,20,575.00,"11,500.00"
2020-08-25,2020082501022894,NICA,48,57,100,575.00,"57,500.00"
2020-08-25,2020082501022893,NICA,43,57,10,575.00,"5,750.00"
2020-08-25,2020082501022892,NICA,56,57,500,575.00,"287,500.00"
2020-08-25,2020082501022923,NICA,38,4,30,575.00,"17,250.00"
2020-08-25,2020082501022922,NICA,50,4,15,575.00,"8,625.00"
2020-08-25,2020082501022921,NICA,50,4,10,575.00,"5,750.00"
2020-08-25,2020082501022920,NICA,33,4,50,575.00,"28,750.00"
2020-08-25,2020082501022919,NICA,25,4,500,575.00,"287,500.00"
2020-08-25,2020082501022918,NICA,33,4,66,575.00,"37,950.00"
2020-08-25,2020082501022929,NICA,19,4,200,575.00,"115,000.00"
2020-08-25,2020082501022928,NICA,33,4,50,575.00,"28,750.00"
2020-08-25,2020082501022927,NICA,22,4,500,575.00,"287,500.00"
2020-08-25,2020082501022926,NICA,19,4,800,575.00,"460,000.00"
2020-08-25,2020082501022925,NICA,46,4,300,575.00,"172,500.00"
2020-08-25,2020082501022924,NICA,57,4,200,575.00,"115,000.00"
2020-08-25,2020082501023096,NICGF,56,51,"8,000",10.30,"82,400.00"
2020-08-25,2020082501023095,NICGF,56,28,"2,000",10.30,"20,600.00"
2020-08-25,2020082501023094,NICL,43,22,10,508.00,"5,080.00"
2020-08-25,2020082501022833,NICL,45,11,100,507.00,"50,700.00"
2020-08-25,2020082501022678,NICL,45,22,323,508.00,"164,084.00"
2020-08-25,2020082501022677,NICL,45,44,"1,000",508.00,"508,000.00"
2020-08-25,2020082501022676,NICL,45,50,400,507.00,"202,800.00"
2020-08-25,2020082501022675,NICL,45,36,500,507.00,"253,500.00"
2020-08-25,2020082501022674,NICL,45,48,277,507.00,"140,439.00"
2020-08-25,2020082501022642,NICL,33,5,200,506.00,"101,200.00"
2020-08-25,2020082501023074,NIL,40,43,500,729.00,"364,500.00"
2020-08-25,2020082501023073,NIL,40,5,120,729.00,"87,480.00"
2020-08-25,2020082501023034,NIL,57,43,500,728.00,"364,000.00"
2020-08-25,2020082501023033,NIL,57,6,400,728.00,"291,200.00"
2020-08-25,2020082501022998,NIL,10,29,100,727.00,"72,700.00"
2020-08-25,2020082501022946,NIL,44,43,450,727.00,"327,150.00"
2020-08-25,2020082501022774,NIL,10,43,260,726.00,"188,760.00"
2020-08-25,2020082501022735,NIL,10,49,100,726.00,"72,600.00"
2020-08-25,2020082501022633,NIL,10,4,140,726.00,"101,640.00"
2020-08-25,2020082501022632,NIL,59,4,50,726.00,"36,300.00"
2020-08-25,2020082501022631,NIL,34,4,30,727.00,"21,810.00"
2020-08-25,2020082501022630,NIL,50,4,100,727.00,"72,700.00"
2020-08-25,2020082501022780,NIL,49,43,100,725.00,"72,500.00"
2020-08-25,2020082501022779,NIL,48,43,100,725.00,"72,500.00"
2020-08-25,2020082501022778,NIL,49,43,"3,000",725.00,"2,175,000.00"
2020-08-25,2020082501022777,NIL,45,43,50,725.00,"36,250.00"
2020-08-25,2020082501022776,NIL,49,43,100,725.00,"72,500.00"
2020-08-25,2020082501022775,NIL,14,43,"1,000",726.00,"726,000.00"
2020-08-25,2020082501022909,NIL,14,43,50,727.00,"36,350.00"
2020-08-25,2020082501022812,NIL,16,29,50,727.00,"36,350.00"
2020-08-25,2020082501022799,NIL,3,43,31,725.00,"22,475.00"
2020-08-25,2020082501022783,NIL,52,43,50,725.00,"36,250.00"
2020-08-25,2020082501022782,NIL,41,43,60,725.00,"43,500.00"
2020-08-25,2020082501022781,NIL,32,43,30,725.00,"21,750.00"
2020-08-25,2020082501022873,NLBBL,51,22,50,720.00,"36,000.00"
2020-08-25,2020082501022872,NLBBL,51,26,150,720.00,"108,000.00"
2020-08-25,2020082501022628,NLBBL,18,45,50,719.00,"35,950.00"
2020-08-25,2020082501022963,NLG,49,11,100,717.00,"71,700.00"
2020-08-25,2020082501022888,NLG,51,7,200,716.00,"143,200.00"
2020-08-25,2020082501023079,NLIC,57,32,100,"1,384.00","138,400.00"
2020-08-25,2020082501023070,NLIC,36,32,100,"1,384.00","138,400.00"
2020-08-25,2020082501022971,NLIC,39,14,10,"1,385.00","13,850.00"
2020-08-25,2020082501022810,NLIC,45,14,19,"1,385.00","26,315.00"
2020-08-25,2020082501022736,NLIC,37,14,10,"1,385.00","13,850.00"
2020-08-25,2020082501023075,NLICL,16,52,20,720.00,"14,400.00"
2020-08-25,2020082501022689,NLICL,29,17,507,723.00,"366,561.00"
2020-08-25,2020082501022688,NLICL,29,53,200,722.00,"144,400.00"
2020-08-25,2020082501022910,NMB,51,52,30,422.00,"12,660.00"
2020-08-25,2020082501022844,NMB,51,57,20,422.00,"8,440.00"
2020-08-25,2020082501022813,NMB,51,14,15,422.00,"6,330.00"
2020-08-25,2020082501022811,NMB,51,46,40,422.00,"16,880.00"
2020-08-25,2020082501022729,NMB,51,29,210,422.00,"88,620.00"
2020-08-25,2020082501022902,NMBHF1,7,7,"5,000",9.93,"49,650.00"
2020-08-25,2020082501022996,NMBMF,48,17,101,778.00,"78,578.00"
2020-08-25,2020082501022995,NMBMF,48,5,100,778.00,"77,800.00"
2020-08-25,2020082501022994,NMBMF,48,17,50,777.00,"38,850.00"
2020-08-25,2020082501022993,NMBMF,48,1,18,776.00,"13,968.00"
2020-08-25,2020082501022992,NMBMF,48,11,51,775.00,"39,525.00"
2020-08-25,2020082501022991,NMBMF,48,55,100,775.00,"77,500.00"
2020-08-25,2020082501022803,NMBMF,26,28,50,765.00,"38,250.00"
2020-08-25,2020082501022990,NMBMF,48,33,200,775.00,"155,000.00"
2020-08-25,2020082501022989,NMBMF,48,57,113,774.00,"87,462.00"
2020-08-25,2020082501022988,NMBMF,48,48,12,774.00,"9,288.00"
2020-08-25,2020082501022987,NMBMF,48,28,235,765.00,"179,775.00"
2020-08-25,2020082501022858,NMBMF,1,28,100,763.00,"76,300.00"
2020-08-25,2020082501022857,NMBMF,22,28,20,764.00,"15,280.00"
2020-08-25,2020082501023101,NRIC,51,45,170,670.00,"113,900.00"
2020-08-25,2020082501023100,NRIC,28,45,380,671.00,"254,980.00"
2020-08-25,2020082501023091,NRIC,28,46,100,671.00,"67,100.00"
2020-08-25,2020082501023089,NRIC,28,47,20,671.00,"13,420.00"
2020-08-25,2020082501023085,NRIC,48,53,10,672.00,"6,720.00"
2020-08-25,2020082501023084,NRIC,48,22,290,672.00,"194,880.00"
2020-08-25,2020082501022608,NRIC,39,45,100,670.00,"67,000.00"
2020-08-25,2020082501022607,NRIC,39,47,40,670.00,"26,800.00"
2020-08-25,2020082501022606,NRIC,39,49,40,670.00,"26,800.00"
2020-08-25,2020082501022605,NRIC,39,26,20,670.00,"13,400.00"
2020-08-25,2020082501022604,NRIC,39,49,77,670.00,"51,590.00"
2020-08-25,2020082501022602,NRIC,49,49,10,670.00,"6,700.00"
2020-08-25,2020082501022623,NRIC,54,6,80,669.00,"53,520.00"
2020-08-25,2020082501022613,NRIC,39,59,13,670.00,"8,710.00"
2020-08-25,2020082501022612,NRIC,39,54,20,670.00,"13,400.00"
2020-08-25,2020082501022611,NRIC,39,11,10,670.00,"6,700.00"
2020-08-25,2020082501022610,NRIC,39,34,40,670.00,"26,800.00"
2020-08-25,2020082501022609,NRIC,39,53,40,670.00,"26,800.00"
2020-08-25,2020082501022664,NRIC,54,53,20,669.00,"13,380.00"
2020-08-25,2020082501022658,NRIC,40,53,100,670.00,"67,000.00"
2020-08-25,2020082501022636,NRIC,54,5,40,669.00,"26,760.00"
2020-08-25,2020082501022629,NRIC,54,47,20,669.00,"13,380.00"
2020-08-25,2020082501022627,NRIC,45,53,173,670.00,"115,910.00"
2020-08-25,2020082501022626,NRIC,45,59,27,670.00,"18,090.00"
2020-08-25,2020082501022680,NRIC,14,11,200,670.00,"134,000.00"
2020-08-25,2020082501022672,NRIC,54,47,20,669.00,"13,380.00"
2020-08-25,2020082501022671,NRIC,39,11,13,670.00,"8,710.00"
2020-08-25,2020082501022670,NRIC,39,35,40,670.00,"26,800.00"
2020-08-25,2020082501022669,NRIC,39,11,40,670.00,"26,800.00"
2020-08-25,2020082501022668,NRIC,39,53,107,670.00,"71,690.00"
2020-08-25,2020082501022698,NRIC,28,37,100,670.00,"67,000.00"
2020-08-25,2020082501022697,NRIC,28,11,307,670.00,"205,690.00"
2020-08-25,2020082501022696,NRIC,16,11,200,670.00,"134,000.00"
2020-08-25,2020082501022687,NRIC,21,11,60,670.00,"40,200.00"
2020-08-25,2020082501022685,NRIC,54,36,40,669.00,"26,760.00"
2020-08-25,2020082501022681,NRIC,1,11,220,670.00,"147,400.00"
2020-08-25,2020082501022731,NRIC,35,36,33,670.00,"22,110.00"
2020-08-25,2020082501022726,NRIC,35,47,20,670.00,"13,400.00"
2020-08-25,2020082501022723,NRIC,35,1,447,670.00,"299,490.00"
2020-08-25,2020082501022722,NRIC,28,1,53,670.00,"35,510.00"
2020-08-25,2020082501022703,NRIC,28,47,20,670.00,"13,400.00"
2020-08-25,2020082501022699,NRIC,28,50,20,670.00,"13,400.00"
2020-08-25,2020082501022809,NRIC,26,47,20,670.00,"13,400.00"
2020-08-25,2020082501022808,NRIC,26,57,10,670.00,"6,700.00"
2020-08-25,2020082501022805,NRIC,26,42,10,670.00,"6,700.00"
2020-08-25,2020082501022773,NRIC,26,47,20,670.00,"13,400.00"
2020-08-25,2020082501022733,NRIC,26,22,10,670.00,"6,700.00"
2020-08-25,2020082501022732,NRIC,26,36,17,670.00,"11,390.00"
2020-08-25,2020082501022855,NRIC,26,45,23,670.00,"15,410.00"
2020-08-25,2020082501022853,NRIC,26,47,20,670.00,"13,400.00"
2020-08-25,2020082501022835,NRIC,26,45,10,670.00,"6,700.00"
2020-08-25,2020082501022829,NRIC,26,41,10,670.00,"6,700.00"
2020-08-25,2020082501022816,NRIC,26,21,100,670.00,"67,000.00"
2020-08-25,2020082501022814,NRIC,26,45,50,670.00,"33,500.00"
2020-08-25,2020082501022864,NRIC,3,37,50,671.00,"33,550.00"
2020-08-25,2020082501022863,NRIC,3,54,430,671.00,"288,530.00"
2020-08-25,2020082501022862,NRIC,3,56,200,671.00,"134,200.00"
2020-08-25,2020082501022861,NRIC,3,32,40,671.00,"26,840.00"
2020-08-25,2020082501022860,NRIC,3,10,70,671.00,"46,970.00"
2020-08-25,2020082501022856,NRIC,10,45,27,670.00,"18,090.00"
2020-08-25,2020082501022943,NRIC,44,19,10,672.00,"6,720.00"
2020-08-25,2020082501022942,NRIC,44,50,40,672.00,"26,880.00"
2020-08-25,2020082501022900,NRIC,45,52,50,670.00,"33,500.00"
2020-08-25,2020082501022897,NRIC,10,53,50,670.00,"33,500.00"
2020-08-25,2020082501022886,NRIC,10,41,20,670.00,"13,400.00"
2020-08-25,2020082501022865,NRIC,3,16,30,671.00,"20,130.00"
2020-08-25,2020082501022999,NRIC,8,47,50,671.00,"33,550.00"
2020-08-25,2020082501022961,NRIC,8,29,60,671.00,"40,260.00"
2020-08-25,2020082501022953,NRIC,11,6,50,672.00,"33,600.00"
2020-08-25,2020082501022952,NRIC,8,47,20,671.00,"13,420.00"
2020-08-25,2020082501022950,NRIC,5,6,40,672.00,"26,880.00"
2020-08-25,2020082501022944,NRIC,44,6,100,672.00,"67,200.00"
2020-08-25,2020082501023018,NRIC,45,6,"1,000",670.00,"670,000.00"
2020-08-25,2020082501023017,NRIC,57,6,60,670.00,"40,200.00"
2020-08-25,2020082501023016,NRIC,45,6,150,670.00,"100,500.00"
2020-08-25,2020082501023015,NRIC,1,6,50,671.00,"33,550.00"
2020-08-25,2020082501023014,NRIC,8,6,790,671.00,"530,090.00"
2020-08-25,2020082501023008,NRIC,8,42,10,671.00,"6,710.00"
2020-08-25,2020082501023024,NRIC,36,6,20,670.00,"13,400.00"
2020-08-25,2020082501023023,NRIC,37,6,80,670.00,"53,600.00"
2020-08-25,2020082501023022,NRIC,29,6,500,670.00,"335,000.00"
2020-08-25,2020082501023021,NRIC,34,6,30,670.00,"20,100.00"
2020-08-25,2020082501023020,NRIC,33,6,500,670.00,"335,000.00"
2020-08-25,2020082501023019,NRIC,49,6,50,670.00,"33,500.00"
2020-08-25,2020082501023057,NRIC,28,47,10,671.00,"6,710.00"
2020-08-25,2020082501023056,NRIC,51,47,40,670.00,"26,800.00"
2020-08-25,2020082501023051,NRIC,49,47,30,671.00,"20,130.00"
2020-08-25,2020082501023044,NRIC,49,47,20,671.00,"13,420.00"
2020-08-25,2020082501023026,NRIC,51,6,20,670.00,"13,400.00"
2020-08-25,2020082501023025,NRIC,48,6,"1,000",670.00,"670,000.00"
2020-08-25,2020082501023069,NRIC,51,52,40,670.00,"26,800.00"
2020-08-25,2020082501023062,NRIC,28,22,110,672.00,"73,920.00"
2020-08-25,2020082501023061,NRIC,28,48,40,672.00,"26,880.00"
2020-08-25,2020082501023060,NRIC,28,6,190,672.00,"127,680.00"
2020-08-25,2020082501023059,NRIC,28,39,40,672.00,"26,880.00"
2020-08-25,2020082501023058,NRIC,28,6,110,672.00,"73,920.00"
2020-08-25,2020082501023093,NTC,42,33,20,665.00,"13,300.00"
2020-08-25,2020082501022859,NUBL,42,22,30,951.00,"28,530.00"
2020-08-25,2020082501022765,OHL,18,45,830,345.00,"286,350.00"
2020-08-25,2020082501022764,PFL,22,14,27,149.00,"4,023.00"
2020-08-25,2020082501023078,PIC,33,46,250,714.00,"178,500.00"
2020-08-25,2020082501023077,PIC,33,29,300,714.00,"214,200.00"
2020-08-25,2020082501022665,PIC,49,57,50,715.00,"35,750.00"
2020-08-25,2020082501022662,PIC,52,44,741,713.00,"528,333.00"
2020-08-25,2020082501022614,PIC,45,44,10,713.00,"7,130.00"
2020-08-25,2020082501023098,PICL,57,49,50,489.00,"24,450.00"
2020-08-25,2020082501022751,PICL,34,49,30,489.00,"14,670.00"
2020-08-25,2020082501023007,PLIC,28,26,170,609.00,"103,530.00"
2020-08-25,2020082501022851,PLIC,14,45,42,608.00,"25,536.00"
2020-08-25,2020082501022850,PLIC,58,45,38,608.00,"23,104.00"
2020-08-25,2020082501022767,PLIC,58,39,50,608.00,"30,400.00"
2020-08-25,2020082501022747,PLIC,58,39,50,608.00,"30,400.00"
2020-08-25,2020082501022704,PLIC,58,39,50,608.00,"30,400.00"
2020-08-25,2020082501022655,PLIC,44,26,30,609.00,"18,270.00"
2020-08-25,2020082501022622,PLIC,44,39,100,609.00,"60,900.00"
2020-08-25,2020082501022831,PPCL,32,42,10,113.00,"1,130.00"
2020-08-25,2020082501023042,PRIN,28,5,50,552.00,"27,600.00"
2020-08-25,2020082501022966,PRIN,28,46,50,552.00,"27,600.00"
2020-08-25,2020082501022965,PRIN,28,14,150,552.00,"82,800.00"
2020-08-25,2020082501022964,PRIN,28,57,200,552.00,"110,400.00"
2020-08-25,2020082501022962,PRIN,28,14,300,551.00,"165,300.00"
2020-08-25,2020082501022824,PRIN,28,21,100,551.00,"55,100.00"
2020-08-25,2020082501022788,PRIN,28,43,84,551.00,"46,284.00"
2020-08-25,2020082501022770,PRIN,28,52,389,551.00,"214,339.00"
2020-08-25,2020082501022802,PRVU,37,6,50,230.00,"11,500.00"
2020-08-25,2020082501022617,PRVU,37,34,850,229.00,"194,650.00"
2020-08-25,2020082501022616,PRVU,26,34,100,229.00,"22,900.00"
2020-08-25,2020082501022615,PRVU,41,34,50,229.00,"11,450.00"
2020-08-25,2020082501023006,RHPL,22,55,10,147.00,"1,470.00"
2020-08-25,2020082501022832,RHPL,22,50,20,147.00,"2,940.00"
2020-08-25,2020082501022691,RHPL,22,5,40,147.00,"5,880.00"
2020-08-25,2020082501022945,RLFL,44,41,16,122.00,"1,952.00"
2020-08-25,2020082501022653,RLFL,49,52,250,123.00,"30,750.00"
2020-08-25,2020082501023083,RMDC,41,7,100,811.00,"81,100.00"
2020-08-25,2020082501022956,RMDC,14,6,470,812.00,"381,640.00"
2020-08-25,2020082501022955,RMDC,14,39,20,812.00,"16,240.00"
2020-08-25,2020082501022954,RMDC,14,22,10,812.00,"8,120.00"
2020-08-25,2020082501022787,RMDC,14,22,90,812.00,"73,080.00"
2020-08-25,2020082501022786,RMDC,14,51,10,812.00,"8,120.00"
2020-08-25,2020082501023030,RSDC,47,45,115,529.00,"60,835.00"
2020-08-25,2020082501023029,RSDC,47,21,150,529.00,"79,350.00"
2020-08-25,2020082501023028,RSDC,47,42,50,529.00,"26,450.00"
2020-08-25,2020082501022937,RSDC,52,52,50,528.00,"26,400.00"
2020-08-25,2020082501022827,RSDC,52,53,12,528.00,"6,336.00"
2020-08-25,2020082501022823,RSDC,52,43,37,528.00,"19,536.00"
2020-08-25,2020082501022817,RSDC,14,40,100,528.00,"52,800.00"
2020-08-25,2020082501022916,SABSL,44,41,1,785.00,785.00
2020-08-25,2020082501022828,SAEF,17,34,400,9.72,"3,888.00"
2020-08-25,2020082501022899,SANIMA,13,14,197,341.00,"67,177.00"
2020-08-25,2020082501022885,SBI,36,3,81,422.00,"34,182.00"
2020-08-25,2020082501022884,SBI,6,3,19,422.00,"8,018.00"
2020-08-25,2020082501022652,SBL,44,32,156,302.00,"47,112.00"
2020-08-25,2020082501022651,SBL,44,45,50,302.00,"15,100.00"
2020-08-25,2020082501022650,SBL,44,45,220,302.00,"66,440.00"
2020-08-25,2020082501022649,SBL,44,42,50,302.00,"15,100.00"
2020-08-25,2020082501022648,SBL,44,14,145,302.00,"43,790.00"
2020-08-25,2020082501022690,SBLD2082,35,45,25,"1,010.00","25,250.00"
2020-08-25,2020082501022647,SCB,50,34,39,645.00,"25,155.00"
2020-08-25,2020082501022646,SCB,58,34,25,645.00,"16,125.00"
2020-08-25,2020082501022645,SCB,50,34,36,645.00,"23,220.00"
2020-08-25,2020082501023080,SDLBSL,41,29,10,830.00,"8,300.00"
2020-08-25,2020082501022941,SDLBSL,7,29,10,829.00,"8,290.00"
2020-08-25,2020082501022843,SDLBSL,7,17,140,829.00,"116,060.00"
2020-08-25,2020082501022842,SDLBSL,43,17,100,829.00,"82,900.00"
2020-08-25,2020082501022841,SDLBSL,35,17,140,829.00,"116,060.00"
2020-08-25,2020082501022840,SDLBSL,26,17,10,830.00,"8,300.00"
2020-08-25,2020082501022739,SDLBSL,3,17,20,831.00,"16,620.00"
2020-08-25,2020082501022738,SDLBSL,20,17,80,832.00,"66,560.00"
2020-08-25,2020082501022737,SDLBSL,20,42,10,832.00,"8,320.00"
2020-08-25,2020082501022717,SDLBSL,49,17,10,833.00,"8,330.00"
2020-08-25,2020082501022745,SDLBSL,13,17,10,830.00,"8,300.00"
2020-08-25,2020082501022744,SDLBSL,26,17,30,830.00,"24,900.00"
2020-08-25,2020082501022743,SDLBSL,32,17,100,830.00,"83,000.00"
2020-08-25,2020082501022742,SDLBSL,58,17,200,830.00,"166,000.00"
2020-08-25,2020082501022741,SDLBSL,55,17,20,830.00,"16,600.00"
2020-08-25,2020082501022740,SDLBSL,26,17,100,831.00,"83,100.00"
2020-08-25,2020082501022839,SDLBSL,7,17,20,830.00,"16,600.00"
2020-08-25,2020082501022838,SDLBSL,29,17,50,830.00,"41,500.00"
2020-08-25,2020082501022837,SDLBSL,59,17,10,830.00,"8,300.00"
2020-08-25,2020082501022836,SDLBSL,46,17,30,833.00,"24,990.00"
2020-08-25,2020082501022806,SDLBSL,1,29,10,830.00,"8,300.00"
2020-08-25,2020082501022746,SDLBSL,1,17,30,830.00,"24,900.00"
2020-08-25,2020082501023048,SFCL,43,40,67,144.00,"9,648.00"
2020-08-25,2020082501023047,SFCL,42,40,200,144.00,"28,800.00"
2020-08-25,2020082501023046,SFCL,25,40,264,144.00,"38,016.00"
2020-08-25,2020082501022986,SFCL,42,11,10,145.00,"1,450.00"
2020-08-25,2020082501022985,SFCL,36,11,100,145.00,"14,500.00"
2020-08-25,2020082501022984,SFCL,17,11,40,145.00,"5,800.00"
2020-08-25,2020082501022749,SFCL,41,48,10,146.00,"1,460.00"
2020-08-25,2020082501022727,SFCL,1,48,20,146.00,"2,920.00"
2020-08-25,2020082501022679,SFCL,53,48,50,146.00,"7,300.00"
2020-08-25,2020082501022983,SFCL,32,11,300,145.00,"43,500.00"
2020-08-25,2020082501022982,SFCL,55,11,300,145.00,"43,500.00"
2020-08-25,2020082501022881,SFCL,55,50,"1,000",145.00,"145,000.00"
2020-08-25,2020082501022826,SFCL,55,49,700,145.00,"101,500.00"
2020-08-25,2020082501022825,SFCL,21,49,300,145.00,"43,500.00"
2020-08-25,2020082501022804,SFCL,21,7,290,145.00,"42,050.00"
2020-08-25,2020082501023055,SHIVM,45,52,200,642.00,"128,400.00"
2020-08-25,2020082501023054,SHIVM,47,52,100,643.00,"64,300.00"
2020-08-25,2020082501022914,SHIVM,45,57,50,642.00,"32,100.00"
2020-08-25,2020082501022785,SHIVM,45,13,570,642.00,"365,940.00"
2020-08-25,2020082501022769,SHIVM,45,57,295,642.00,"189,390.00"
2020-08-25,2020082501022768,SHIVM,35,57,205,642.00,"131,610.00"
2020-08-25,2020082501022718,SHIVM,35,52,25,642.00,"16,050.00"
2020-08-25,2020082501022625,SHPC,33,10,400,232.00,"92,800.00"
2020-08-25,2020082501022939,SICL,39,46,55,"1,247.00","68,585.00"
2020-08-25,2020082501022938,SICL,39,49,250,"1,247.00","311,750.00"
2020-08-25,2020082501023090,SJCL,6,34,10,135.00,"1,350.00"
2020-08-25,2020082501022975,SJCL,6,42,10,135.00,"1,350.00"
2020-08-25,2020082501022663,SJCL,6,45,20,135.00,"2,700.00"
2020-08-25,2020082501022656,SJCL,6,51,20,135.00,"2,700.00"
2020-08-25,2020082501022854,SLICL,5,21,21,521.00,"10,941.00"
2020-08-25,2020082501022845,SLICL,44,57,60,520.00,"31,200.00"
2020-08-25,2020082501022748,SLICL,44,32,40,520.00,"20,800.00"
2020-08-25,2020082501022724,SLICL,57,46,200,520.00,"104,000.00"
2020-08-25,2020082501022815,SMB,26,57,30,884.00,"26,520.00"
2020-08-25,2020082501023027,TRH,34,49,"4,700",210.00,"987,000.00"
2020-08-25,2020082501022620,TRH,58,49,200,210.00,"42,000.00"
2020-08-25,2020082501022619,TRH,41,49,50,210.00,"10,500.00"
2020-08-25,2020082501022618,TRH,58,49,50,210.00,"10,500.00"
2020-08-25,2020082501022708,UFL,28,48,10,191.00,"1,910.00"
2020-08-25,2020082501023041,UIC,20,29,100,409.00,"40,900.00"
2020-08-25,2020082501023037,UIC,33,26,100,410.00,"41,000.00"
2020-08-25,2020082501022792,UIC,51,58,500,410.00,"205,000.00"
2020-08-25,2020082501022791,UIC,51,43,500,410.00,"205,000.00"
2020-08-25,2020082501022657,UIC,45,13,380,409.00,"155,420.00"
2020-08-25,2020082501022621,UIC,14,13,100,409.00,"40,900.00"
2020-08-25,2020082501022800,UPCL,37,1,50,71.00,"3,550.00"
2020-08-25,2020082501022935,UPPER,46,42,40,225.00,"9,000.00"
2020-08-25,2020082501022754,UPPER,46,22,27,225.00,"6,075.00"
2020-08-25,2020082501022753,UPPER,46,22,13,225.00,"2,925.00"
2020-08-25,2020082501022721,UPPER,36,5,50,224.00,"11,200.00"
2020-08-25,2020082501022635,UPPER,36,22,50,224.00,"11,200.00"
2020-08-25,2020082501023086,WOMI,45,40,57,899.00,"51,243.00"
2020-08-25,2020082501022915,WOMI,39,40,10,899.00,"8,990.00"
2020-08-25,2020082501022586,ACLBSL,43,5,10,714.00,"7,140.00"
2020-08-25,2020082501022379,ACLBSL,43,44,10,714.00,"7,140.00"
2020-08-25,2020082501022571,ADBL,33,19,32,421.00,"13,472.00"
2020-08-25,2020082501022570,ADBL,55,19,54,421.00,"22,734.00"
2020-08-25,2020082501022476,ADBL,55,42,200,421.00,"84,200.00"
2020-08-25,2020082501022536,AIL,34,36,10,517.00,"5,170.00"
2020-08-25,2020082501022468,AIL,34,43,10,517.00,"5,170.00"
2020-08-25,2020082501022438,AIL,34,36,10,517.00,"5,170.00"
2020-08-25,2020082501022392,AIL,34,43,10,517.00,"5,170.00"
2020-08-25,2020082501022321,AIL,42,35,30,519.00,"15,570.00"
2020-08-25,2020082501022320,AIL,42,46,10,519.00,"5,190.00"
2020-08-25,2020082501022181,AIL,18,44,10,516.00,"5,160.00"
2020-08-25,2020082501022178,AIL,18,36,10,516.00,"5,160.00"
2020-08-25,2020082501022165,AIL,18,57,10,516.00,"5,160.00"
2020-08-25,2020082501022164,AIL,53,57,10,516.00,"5,160.00"
2020-08-25,2020082501022163,AIL,53,57,10,516.00,"5,160.00"
2020-08-25,2020082501022162,AIL,51,57,15,516.00,"7,740.00"
2020-08-25,2020082501022319,AIL,42,13,10,518.00,"5,180.00"
2020-08-25,2020082501022281,AIL,34,48,10,517.00,"5,170.00"
2020-08-25,2020082501022259,AIL,34,36,10,517.00,"5,170.00"
2020-08-25,2020082501022238,AIL,34,36,10,517.00,"5,170.00"
2020-08-25,2020082501022215,AIL,34,17,10,517.00,"5,170.00"
2020-08-25,2020082501022214,AIL,34,48,10,517.00,"5,170.00"
2020-08-25,2020082501022382,AKPL,42,47,10,121.00,"1,210.00"
2020-08-25,2020082501022298,AKPL,33,47,30,119.00,"3,570.00"
2020-08-25,2020082501022490,ALBSL,26,8,481,725.00,"348,725.00"
2020-08-25,2020082501022489,ALBSL,45,8,19,726.00,"13,794.00"
2020-08-25,2020082501022488,ALBSL,28,8,300,726.00,"217,800.00"
2020-08-25,2020082501022187,ALBSL,28,43,11,732.00,"8,052.00"
2020-08-25,2020082501022186,ALBSL,28,44,18,730.00,"13,140.00"
2020-08-25,2020082501022534,ALICL,4,57,"1,500",695.00,"1,042,500.00"
2020-08-25,2020082501022495,ALICL,50,55,109,694.00,"75,646.00"
2020-08-25,2020082501022419,ALICL,50,41,250,694.00,"173,500.00"
2020-08-25,2020082501022302,ALICL,50,16,20,694.00,"13,880.00"
2020-08-25,2020082501022433,BOKL,45,22,100,227.00,"22,700.00"
2020-08-25,2020082501022432,BOKL,45,21,30,227.00,"6,810.00"
2020-08-25,2020082501022582,BPCL,37,4,20,364.00,"7,280.00"
2020-08-25,2020082501022540,BPCL,44,34,583,363.00,"211,629.00"
2020-08-25,2020082501022539,BPCL,7,34,417,363.00,"151,371.00"
2020-08-25,2020082501022237,CBL,7,48,692,143.00,"98,956.00"
2020-08-25,2020082501022236,CBL,8,48,200,143.00,"28,600.00"
2020-08-25,2020082501022235,CBL,56,48,108,143.00,"15,444.00"
2020-08-25,2020082501022118,CBL,56,41,42,143.00,"6,006.00"
2020-08-25,2020082501022424,CCBL,39,7,10,174.00,"1,740.00"
2020-08-25,2020082501022256,CCBL,49,48,100,173.00,"17,300.00"
2020-08-25,2020082501022440,CFCL,10,45,150,122.00,"18,300.00"
2020-08-25,2020082501022182,CFCL,16,45,300,122.00,"36,600.00"
2020-08-25,2020082501022537,CHCL,33,44,500,395.00,"197,500.00"
2020-08-25,2020082501022184,CHCL,26,44,200,395.00,"79,000.00"
2020-08-25,2020082501022234,CHL,50,16,"1,000",87.00,"87,000.00"
2020-08-25,2020082501022596,CIT,7,32,100,"2,875.00","287,500.00"
2020-08-25,2020082501022199,CLBSL,48,6,11,690.00,"7,590.00"
2020-08-25,2020082501022563,CORBL,33,41,87,123.00,"10,701.00"
2020-08-25,2020082501022446,CZBIL,36,21,10,193.00,"1,930.00"
2020-08-25,2020082501022425,CZBIL,36,16,150,193.00,"28,950.00"
2020-08-25,2020082501022105,CZBIL,43,14,111,194.00,"21,534.00"
2020-08-25,2020082501022104,CZBIL,43,52,89,194.00,"17,266.00"
2020-08-25,2020082501022361,EBL,17,28,34,719.00,"24,446.00"
2020-08-25,2020082501022487,EDBL,35,21,82,302.00,"24,764.00"
2020-08-25,2020082501022251,EDBL,52,44,150,303.00,"45,450.00"
2020-08-25,2020082501022579,EIC,49,49,15,472.00,"7,080.00"
2020-08-25,2020082501022578,EIC,44,49,165,472.00,"77,880.00"
2020-08-25,2020082501022577,EIC,34,49,20,473.00,"9,460.00"
2020-08-25,2020082501022193,EIC,1,45,200,474.00,"94,800.00"
2020-08-25,2020082501022381,FMDBL,45,41,79,563.00,"44,477.00"
2020-08-25,2020082501022380,FMDBL,45,36,50,562.00,"28,100.00"
2020-08-25,2020082501022309,FMDBL,45,41,39,563.00,"21,957.00"
2020-08-25,2020082501022308,FMDBL,45,22,161,563.00,"90,643.00"
2020-08-25,2020082501022129,FMDBL,1,22,39,563.00,"21,957.00"
2020-08-25,2020082501022128,FMDBL,1,17,50,563.00,"28,150.00"
2020-08-25,2020082501022121,FMDBL,45,6,100,562.00,"56,200.00"
2020-08-25,2020082501022127,FMDBL,1,42,70,563.00,"39,410.00"
2020-08-25,2020082501022126,FMDBL,1,19,100,563.00,"56,300.00"
2020-08-25,2020082501022125,FMDBL,1,39,551,563.00,"310,213.00"
2020-08-25,2020082501022124,FMDBL,1,14,24,563.00,"13,512.00"
2020-08-25,2020082501022123,FMDBL,1,42,50,563.00,"28,150.00"
2020-08-25,2020082501022122,FMDBL,1,56,116,563.00,"65,308.00"
2020-08-25,2020082501022590,FOWAD,44,57,139,"1,535.00","213,365.00"
2020-08-25,2020082501022589,FOWAD,11,57,20,"1,536.00","30,720.00"
2020-08-25,2020082501022588,FOWAD,41,57,10,"1,537.00","15,370.00"
2020-08-25,2020082501022587,FOWAD,52,57,31,"1,537.00","47,647.00"
2020-08-25,2020082501022595,GBBL,14,50,350,237.00,"82,950.00"
2020-08-25,2020082501022594,GBBL,48,50,150,237.00,"35,550.00"
2020-08-25,2020082501022459,GBIME,50,45,46,252.00,"11,592.00"
2020-08-25,2020082501022458,GBIME,45,45,50,252.00,"12,600.00"
2020-08-25,2020082501022457,GBIME,54,45,50,252.00,"12,600.00"
2020-08-25,2020082501022456,GBIME,39,45,254,252.00,"64,008.00"
2020-08-25,2020082501022485,GBLBS,14,54,25,504.00,"12,600.00"
2020-08-25,2020082501022211,GBLBS,14,42,15,505.00,"7,575.00"
2020-08-25,2020082501022143,GBLBS,56,57,385,510.00,"196,350.00"
2020-08-25,2020082501022142,GBLBS,56,19,50,510.00,"25,500.00"
2020-08-25,2020082501022141,GBLBS,56,51,50,509.00,"25,450.00"
2020-08-25,2020082501022140,GBLBS,56,1,15,509.00,"7,635.00"
2020-08-25,2020082501022108,GBLBS,36,45,50,508.00,"25,400.00"
2020-08-25,2020082501022210,GGBSL,45,17,10,798.00,"7,980.00"
2020-08-25,2020082501022475,GILB,39,37,11,"1,229.00","13,519.00"
2020-08-25,2020082501022402,GILB,26,37,489,"1,229.00","600,981.00"
2020-08-25,2020082501022401,GILB,26,51,31,"1,228.00","38,068.00"
2020-08-25,2020082501022400,GILB,26,51,11,"1,228.00","13,508.00"
2020-08-25,2020082501022399,GILB,26,51,11,"1,227.00","13,497.00"
2020-08-25,2020082501022450,GLBSL,28,22,20,820.00,"16,400.00"
2020-08-25,2020082501022449,GLBSL,28,34,10,811.00,"8,110.00"
2020-08-25,2020082501022408,GLBSL,28,22,40,809.00,"32,360.00"
2020-08-25,2020082501022407,GLBSL,28,51,30,807.00,"24,210.00"
2020-08-25,2020082501022406,GLBSL,28,41,10,805.00,"8,050.00"
2020-08-25,2020082501022405,GLBSL,28,16,10,805.00,"8,050.00"
2020-08-25,2020082501022404,GLBSL,28,16,10,805.00,"8,050.00"
2020-08-25,2020082501022403,GLBSL,28,57,60,804.00,"48,240.00"
2020-08-25,2020082501022297,GLICL,41,35,300,517.00,"155,100.00"
2020-08-25,2020082501022464,GMFBS,37,36,13,800.00,"10,400.00"
2020-08-25,2020082501022300,HBL,36,14,68,554.00,"37,672.00"
2020-08-25,2020082501022299,HBL,36,14,132,554.00,"73,128.00"
2020-08-25,2020082501022231,HBL,16,44,100,555.00,"55,500.00"
2020-08-25,2020082501022483,HDL,55,48,100,"1,719.00","171,900.00"
2020-08-25,2020082501022278,HDL,57,44,350,"1,716.00","600,600.00"
2020-08-25,2020082501022277,HDL,55,44,100,"1,716.00","171,600.00"
