Date,Transact. No.,Symbol,Buyer,Seller,Quantity,Rate,Amount
2019-02-19,2019021901004445,ADBL,33,44,79,333.00,"26,307.00"
2019-02-19,2019021901004403,ADBL,41,41,79,332.00,"26,228.00"
2019-02-19,2019021901004558,AKPL,41,25,18,156.00,"2,808.00"
2019-02-19,2019021901004264,AKPL,22,33,10,153.00,"1,530.00"
2019-02-19,2019021901004322,ALICL,52,35,250,592.00,"148,000.00"
2019-02-19,2019021901004386,AMFI,45,47,20,703.00,"14,060.00"
2019-02-19,2019021901004309,AMFI,45,21,10,703.00,"7,030.00"
2019-02-19,2019021901004252,AMFI,45,45,10,703.00,"7,030.00"
2019-02-19,2019021901004234,API,25,42,400,130.00,"52,000.00"
2019-02-19,2019021901004365,API,25,37,50,133.00,"6,650.00"
2019-02-19,2019021901004361,API,25,34,50,134.00,"6,700.00"
2019-02-19,2019021901004246,API,25,57,100,132.00,"13,200.00"
2019-02-19,2019021901004245,API,25,34,487,132.00,"64,284.00"
2019-02-19,2019021901004235,API,25,42,600,130.00,"78,000.00"
2019-02-19,2019021901004114,BARUN,45,28,10,92.00,920.00
2019-02-19,2019021901004181,BOKL,39,34,296,244.00,"72,224.00"
2019-02-19,2019021901004180,BOKL,39,11,50,244.00,"12,200.00"
2019-02-19,2019021901004179,BOKL,39,59,323,244.00,"78,812.00"
2019-02-19,2019021901004474,BPCL,58,32,50,350.00,"17,500.00"
2019-02-19,2019021901004452,BPCL,58,1,100,349.00,"34,900.00"
2019-02-19,2019021901004446,BPCL,58,28,20,348.00,"6,960.00"
2019-02-19,2019021901004168,BPCL,55,16,100,342.00,"34,200.00"
2019-02-19,2019021901004543,CBBL,50,58,200,879.00,"175,800.00"
2019-02-19,2019021901004310,CBBL,33,6,160,879.00,"140,640.00"
2019-02-19,2019021901004211,CBBL,33,1,39,874.00,"34,086.00"
2019-02-19,2019021901004384,CBL,48,53,100,152.00,"15,200.00"
2019-02-19,2019021901004317,CBL,58,6,"1,408",151.00,"212,608.00"
2019-02-19,2019021901004316,CBL,58,48,500,151.00,"75,500.00"
2019-02-19,2019021901004315,CBL,58,13,645,151.00,"97,395.00"
2019-02-19,2019021901004270,CBL,58,41,200,150.00,"30,000.00"
2019-02-19,2019021901004269,CBL,58,38,"7,056",150.00,"1,058,400.00"
2019-02-19,2019021901004268,CBL,58,55,"1,894",150.00,"284,100.00"
2019-02-19,2019021901004190,CCBL,51,57,261,160.00,"41,760.00"
2019-02-19,2019021901004174,CCBL,25,57,100,160.00,"16,000.00"
2019-02-19,2019021901004172,CCBL,26,57,30,160.00,"4,800.00"
2019-02-19,2019021901004171,CCBL,39,57,149,160.00,"23,840.00"
2019-02-19,2019021901004170,CCBL,39,35,51,160.00,"8,160.00"
2019-02-19,2019021901004126,CCBL,26,35,110,160.00,"17,600.00"
2019-02-19,2019021901004125,CCBL,26,38,525,160.00,"84,000.00"
2019-02-19,2019021901004124,CCBL,26,10,365,160.00,"58,400.00"
2019-02-19,2019021901004083,CCBL,25,10,362,160.00,"57,920.00"
2019-02-19,2019021901004550,CHCL,45,40,200,509.00,"101,800.00"
2019-02-19,2019021901004262,CHCL,51,28,147,506.00,"74,382.00"
2019-02-19,2019021901004554,CIT,58,22,10,"2,590.00","25,900.00"
2019-02-19,2019021901004518,CIT,35,22,30,"2,600.00","78,000.00"
2019-02-19,2019021901004517,CIT,35,34,20,"2,600.00","52,000.00"
2019-02-19,2019021901004516,CIT,35,58,59,"2,599.00","153,341.00"
2019-02-19,2019021901004443,CIT,58,58,38,"2,599.00","98,762.00"
2019-02-19,2019021901004442,CIT,58,47,162,"2,595.00","420,390.00"
2019-02-19,2019021901004389,CIT,58,28,20,"2,585.00","51,700.00"
2019-02-19,2019021901004388,CIT,58,22,40,"2,584.00","103,360.00"
2019-02-19,2019021901004364,CIT,6,22,10,"2,584.00","25,840.00"
2019-02-19,2019021901004089,CIT,22,21,10,"2,587.00","25,870.00"
2019-02-19,2019021901004395,CIT,58,47,38,"2,595.00","98,610.00"
2019-02-19,2019021901004394,CIT,58,28,17,"2,594.00","44,098.00"
2019-02-19,2019021901004393,CIT,58,16,15,"2,590.00","38,850.00"
2019-02-19,2019021901004392,CIT,58,14,50,"2,588.00","129,400.00"
2019-02-19,2019021901004391,CIT,58,21,20,"2,587.00","51,740.00"
2019-02-19,2019021901004390,CIT,58,45,100,"2,585.00","258,500.00"
2019-02-19,2019021901004407,CLBSL,56,45,10,661.00,"6,610.00"
2019-02-19,2019021901004487,CZBIL,36,38,250,203.00,"50,750.00"
2019-02-19,2019021901004105,CZBIL,39,38,50,203.00,"10,150.00"
2019-02-19,2019021901004568,DBBL,58,51,50,124.00,"6,200.00"
2019-02-19,2019021901004545,DBBL,58,51,100,124.00,"12,400.00"
2019-02-19,2019021901004254,DBBL,56,57,320,123.00,"39,360.00"
2019-02-19,2019021901004132,DBBL,45,57,180,123.00,"22,140.00"
2019-02-19,2019021901004131,DBBL,45,50,320,123.00,"39,360.00"
2019-02-19,2019021901004097,DBBL,51,50,50,123.00,"6,150.00"
2019-02-19,2019021901004293,DDBL,58,48,20,600.00,"12,000.00"
2019-02-19,2019021901004256,DDBL,58,44,20,591.00,"11,820.00"
2019-02-19,2019021901004204,DDBL,43,44,180,591.00,"106,380.00"
2019-02-19,2019021901004203,DDBL,43,55,20,590.00,"11,800.00"
2019-02-19,2019021901004176,DDBL,42,59,96,581.00,"55,776.00"
2019-02-19,2019021901004142,DDBL,58,19,30,580.00,"17,400.00"
2019-02-19,2019021901004130,DDBL,43,6,50,580.00,"29,000.00"
2019-02-19,2019021901004129,DDBL,43,55,69,579.00,"39,951.00"
2019-02-19,2019021901004128,DDBL,43,52,10,579.00,"5,790.00"
2019-02-19,2019021901004127,DDBL,43,45,20,575.00,"11,500.00"
2019-02-19,2019021901004107,DDBL,45,45,50,575.00,"28,750.00"
2019-02-19,2019021901004382,EBL,32,17,200,515.00,"103,000.00"
2019-02-19,2019021901004296,EBL,41,17,130,515.00,"66,950.00"
2019-02-19,2019021901004295,EBL,41,19,50,514.00,"25,700.00"
2019-02-19,2019021901004294,EBL,41,56,20,512.00,"10,240.00"
2019-02-19,2019021901004358,EIC,34,57,10,832.00,"8,320.00"
2019-02-19,2019021901004233,EIC,34,44,50,816.00,"40,800.00"
2019-02-19,2019021901004182,EIC,35,28,100,811.00,"81,100.00"
2019-02-19,2019021901004371,FMDBL,41,17,100,369.00,"36,900.00"
2019-02-19,2019021901004145,FOWAD,37,33,100,"1,555.00","155,500.00"
2019-02-19,2019021901004144,FOWAD,37,45,100,"1,555.00","155,500.00"
2019-02-19,2019021901004143,FOWAD,37,32,50,"1,554.00","77,700.00"
2019-02-19,2019021901004437,GBBL,36,39,20,186.00,"3,720.00"
2019-02-19,2019021901004354,GBIME,14,56,300,262.00,"78,600.00"
2019-02-19,2019021901004289,GBIME,6,38,300,261.00,"78,300.00"
2019-02-19,2019021901004288,GBIME,6,43,500,261.00,"130,500.00"
2019-02-19,2019021901004186,GBIME,36,57,450,260.00,"117,000.00"
2019-02-19,2019021901004185,GBIME,36,52,333,260.00,"86,580.00"
2019-02-19,2019021901004184,GBIME,36,35,240,260.00,"62,400.00"
2019-02-19,2019021901004183,GBIME,36,43,476,260.00,"123,760.00"
2019-02-19,2019021901004455,GBLBS,13,8,10,443.00,"4,430.00"
2019-02-19,2019021901004357,GBLBS,28,37,50,442.00,"22,100.00"
2019-02-19,2019021901004261,GBLBS,58,39,40,441.00,"17,640.00"
2019-02-19,2019021901004260,GBLBS,58,28,150,441.00,"66,150.00"
2019-02-19,2019021901004439,GILB,58,44,500,"1,122.00","561,000.00"
2019-02-19,2019021901004438,GILB,58,34,10,"1,122.00","11,220.00"
2019-02-19,2019021901004412,GLICL,59,44,55,691.00,"38,005.00"
2019-02-19,2019021901004411,GLICL,59,43,65,690.00,"44,850.00"
2019-02-19,2019021901004106,GLICL,21,43,10,692.00,"6,920.00"
2019-02-19,2019021901004396,GRDBL,42,22,100,108.00,"10,800.00"
2019-02-19,2019021901004324,GRDBL,8,22,20,108.00,"2,160.00"
2019-02-19,2019021901004259,HBL,10,58,20,436.00,"8,720.00"
2019-02-19,2019021901004078,HBL,21,21,6,430.00,"2,580.00"
2019-02-19,2019021901004343,HGI,34,58,10,388.00,"3,880.00"
2019-02-19,2019021901004321,HGI,34,16,90,384.00,"34,560.00"
2019-02-19,2019021901004320,HGI,34,48,300,384.00,"115,200.00"
2019-02-19,2019021901004319,HGI,34,46,190,384.00,"72,960.00"
2019-02-19,2019021901004529,HIDCL,28,57,100,134.00,"13,400.00"
2019-02-19,2019021901004528,HIDCL,28,53,129,134.00,"17,286.00"
2019-02-19,2019021901004479,HIDCL,28,32,132,133.00,"17,556.00"
2019-02-19,2019021901004478,HIDCL,28,57,200,133.00,"26,600.00"
2019-02-19,2019021901004477,HIDCL,28,46,200,133.00,"26,600.00"
2019-02-19,2019021901004287,HIDCL,56,46,100,133.00,"13,300.00"
2019-02-19,2019021901004277,HIDCL,53,33,48,132.00,"6,336.00"
2019-02-19,2019021901004167,HIDCL,53,28,28,132.00,"3,696.00"
2019-02-19,2019021901004332,HPPL,22,53,"1,000",175.00,"175,000.00"
2019-02-19,2019021901004331,HPPL,22,42,270,175.00,"47,250.00"
2019-02-19,2019021901004325,HPPL,22,39,200,174.00,"34,800.00"
2019-02-19,2019021901004205,IGI,7,28,50,410.00,"20,500.00"
2019-02-19,2019021901004291,IGI,28,22,56,417.00,"23,352.00"
2019-02-19,2019021901004236,IGI,28,22,10,416.00,"4,160.00"
2019-02-19,2019021901004527,JBBL,29,54,176,139.00,"24,464.00"
2019-02-19,2019021901004526,JBBL,29,52,324,138.00,"44,712.00"
2019-02-19,2019021901004444,JBNL,5,10,500,166.00,"83,000.00"
2019-02-19,2019021901004095,JBNL,21,21,1,165.00,165.00
2019-02-19,2019021901004434,JFL,17,35,159,163.00,"25,917.00"
2019-02-19,2019021901004198,JSLBB,47,39,26,"2,400.00","62,400.00"
2019-02-19,2019021901004503,KBL,33,47,200,236.00,"47,200.00"
2019-02-19,2019021901004399,KBL,6,53,150,235.00,"35,250.00"
2019-02-19,2019021901004398,KBL,6,34,100,235.00,"23,500.00"
2019-02-19,2019021901004353,KBL,16,59,"1,921",234.00,"449,514.00"
2019-02-19,2019021901004352,KBL,25,59,91,234.00,"21,294.00"
2019-02-19,2019021901004200,KBL,25,42,279,234.00,"65,286.00"
2019-02-19,2019021901004140,KBL,40,42,100,234.00,"23,400.00"
2019-02-19,2019021901004207,KKHC,11,28,10,77.00,770.00
2019-02-19,2019021901004369,KMCDB,6,17,10,849.00,"8,490.00"
2019-02-19,2019021901004075,KMCDB,48,52,50,836.00,"41,800.00"
2019-02-19,2019021901004074,KMCDB,48,19,50,830.00,"41,500.00"
2019-02-19,2019021901004230,KPCL,20,20,10,91.00,910.00
2019-02-19,2019021901004469,KPCL,39,39,10,90.00,900.00
2019-02-19,2019021901004563,KSBBL,14,49,10,138.00,"1,380.00"
2019-02-19,2019021901004533,KSBBL,14,14,20,137.00,"2,740.00"
2019-02-19,2019021901004360,KSBBL,14,56,490,135.00,"66,150.00"
2019-02-19,2019021901004297,KSBBL,14,56,10,135.00,"1,350.00"
2019-02-19,2019021901004547,LBBL,36,57,20,175.00,"3,500.00"
2019-02-19,2019021901004273,LBBL,36,26,45,173.00,"7,785.00"
2019-02-19,2019021901004272,LBBL,36,32,350,173.00,"60,550.00"
2019-02-19,2019021901004271,LBBL,36,13,400,172.00,"68,800.00"
2019-02-19,2019021901004302,LBL,56,16,390,190.00,"74,100.00"
2019-02-19,2019021901004194,LBL,49,16,110,190.00,"20,900.00"
2019-02-19,2019021901004193,LBL,49,42,190,190.00,"36,100.00"
2019-02-19,2019021901004532,LGIL,52,39,10,520.00,"5,200.00"
2019-02-19,2019021901004476,LGIL,5,39,300,520.00,"156,000.00"
2019-02-19,2019021901004441,LGIL,5,39,250,520.00,"130,000.00"
2019-02-19,2019021901004440,LGIL,5,36,50,520.00,"26,000.00"
2019-02-19,2019021901004376,LGIL,1,36,50,520.00,"26,000.00"
2019-02-19,2019021901004351,LGIL,35,28,125,514.00,"64,250.00"
2019-02-19,2019021901004103,LGIL,55,28,100,513.00,"51,300.00"
2019-02-19,2019021901004102,LGIL,55,48,300,513.00,"153,900.00"
2019-02-19,2019021901004257,LGIL,34,28,275,515.00,"141,625.00"
2019-02-19,2019021901004210,LGIL,51,50,500,516.00,"258,000.00"
2019-02-19,2019021901004209,LGIL,51,42,200,515.00,"103,000.00"
2019-02-19,2019021901004202,LGIL,35,28,75,514.00,"38,550.00"
2019-02-19,2019021901004116,LGIL,4,28,425,514.00,"218,450.00"
2019-02-19,2019021901004115,LGIL,4,34,75,514.00,"38,550.00"
2019-02-19,2019021901004098,LICN,59,50,10,"1,650.00","16,500.00"
2019-02-19,2019021901004178,LLBS,45,17,100,774.00,"77,400.00"
2019-02-19,2019021901004330,MBL,54,56,794,209.00,"165,946.00"
2019-02-19,2019021901004085,MBL,57,55,"1,000",209.00,"209,000.00"
2019-02-19,2019021901004329,MEGA,19,6,13,160.00,"2,080.00"
2019-02-19,2019021901004328,MEGA,37,6,100,160.00,"16,000.00"
2019-02-19,2019021901004327,MEGA,32,6,461,160.00,"73,760.00"
2019-02-19,2019021901004215,MEGA,7,25,100,161.00,"16,100.00"
2019-02-19,2019021901004122,MEGA,25,21,8,160.00,"1,280.00"
2019-02-19,2019021901004161,MERO,34,56,20,601.00,"12,020.00"
2019-02-19,2019021901004156,MERO,21,21,1,601.00,601.00
2019-02-19,2019021901004136,MERO,34,16,20,601.00,"12,020.00"
2019-02-19,2019021901004070,MIDBL,38,59,150,150.00,"22,500.00"
2019-02-19,2019021901004069,MIDBL,38,25,400,150.00,"60,000.00"
2019-02-19,2019021901004298,MLBBL,48,41,10,619.00,"6,190.00"
2019-02-19,2019021901004553,MLBL,50,47,162,162.00,"26,244.00"
2019-02-19,2019021901004552,MLBL,50,22,200,162.00,"32,400.00"
2019-02-19,2019021901004551,MLBL,50,40,500,162.00,"81,000.00"
2019-02-19,2019021901004380,MNBBL,17,40,50,340.00,"17,000.00"
2019-02-19,2019021901004379,MNBBL,49,40,50,340.00,"17,000.00"
2019-02-19,2019021901004557,NABIL,43,17,100,793.00,"79,300.00"
2019-02-19,2019021901004535,NABIL,35,17,450,791.00,"355,950.00"
2019-02-19,2019021901004480,NABIL,38,17,10,793.00,"7,930.00"
2019-02-19,2019021901004337,NABIL,49,17,216,793.00,"171,288.00"
2019-02-19,2019021901004336,NABIL,49,11,34,793.00,"26,962.00"
2019-02-19,2019021901004335,NABIL,42,11,30,793.00,"23,790.00"
2019-02-19,2019021901004307,NABIL,6,11,20,793.00,"15,860.00"
2019-02-19,2019021901004283,NABIL,14,11,16,793.00,"12,688.00"
2019-02-19,2019021901004282,NABIL,14,26,34,792.00,"26,928.00"
2019-02-19,2019021901004549,NABILP,17,32,190,754.00,"143,260.00"
2019-02-19,2019021901004406,NABILP,45,32,10,754.00,"7,540.00"
2019-02-19,2019021901004565,NADEP,17,39,10,745.00,"7,450.00"
2019-02-19,2019021901004402,NADEP,19,59,190,748.00,"142,120.00"
2019-02-19,2019021901004197,NADEP,5,22,65,747.00,"48,555.00"
2019-02-19,2019021901004531,NBB,11,45,100,185.00,"18,500.00"
2019-02-19,2019021901004530,NBB,11,45,500,185.00,"92,500.00"
2019-02-19,2019021901004381,NBB,36,45,500,186.00,"93,000.00"
2019-02-19,2019021901004110,NBB,56,25,"1,000",185.00,"185,000.00"
2019-02-19,2019021901004109,NBB,56,41,380,185.00,"70,300.00"
2019-02-19,2019021901004401,NBL,33,11,10,287.00,"2,870.00"
2019-02-19,2019021901004326,NBL,13,34,320,286.00,"91,520.00"
2019-02-19,2019021901004249,NBL,57,34,680,286.00,"194,480.00"
2019-02-19,2019021901004248,NBL,57,39,200,286.00,"57,200.00"
2019-02-19,2019021901004247,NBL,57,49,120,286.00,"34,320.00"
2019-02-19,2019021901004525,NCCB,11,34,510,209.00,"106,590.00"
2019-02-19,2019021901004524,NCCB,11,48,490,209.00,"102,410.00"
2019-02-19,2019021901004383,NCCB,54,59,401,208.00,"83,408.00"
2019-02-19,2019021901004342,NCCB,7,59,599,208.00,"124,592.00"
2019-02-19,2019021901004339,NCCB,57,48,10,209.00,"2,090.00"
2019-02-19,2019021901004338,NCCB,57,34,490,209.00,"102,410.00"
2019-02-19,2019021901004300,NCCB,7,42,401,208.00,"83,408.00"
2019-02-19,2019021901004276,NCCB,56,34,10,209.00,"2,090.00"
2019-02-19,2019021901004091,NCCB,7,34,500,208.00,"104,000.00"
2019-02-19,2019021901004090,NCCB,7,26,300,208.00,"62,400.00"
2019-02-19,2019021901004240,NGPL,1,38,200,117.00,"23,400.00"
2019-02-19,2019021901004435,NHDL,38,38,10,122.00,"1,220.00"
2019-02-19,2019021901004451,NHPC,56,6,200,62.00,"12,400.00"
2019-02-19,2019021901004450,NHPC,56,42,"1,000",62.00,"62,000.00"
2019-02-19,2019021901004449,NHPC,56,13,800,62.00,"49,600.00"
2019-02-19,2019021901004521,NIB,51,34,70,513.00,"35,910.00"
2019-02-19,2019021901004520,NIB,51,53,130,513.00,"66,690.00"
2019-02-19,2019021901004519,NIB,51,28,100,512.00,"51,200.00"
2019-02-19,2019021901004333,NIB,37,45,200,510.00,"102,000.00"
2019-02-19,2019021901004177,NIB,21,21,1,508.00,508.00
2019-02-19,2019021901004431,NICA,21,59,122,389.00,"47,458.00"
2019-02-19,2019021901004430,NICA,21,35,25,389.00,"9,725.00"
2019-02-19,2019021901004429,NICA,21,11,100,389.00,"38,900.00"
2019-02-19,2019021901004428,NICA,21,38,168,389.00,"65,352.00"
2019-02-19,2019021901004304,NICA,14,38,32,389.00,"12,448.00"
2019-02-19,2019021901004303,NICA,14,13,68,389.00,"26,452.00"
2019-02-19,2019021901004137,NICA,21,26,192,388.00,"74,496.00"
2019-02-19,2019021901004088,NICA,14,14,165,387.00,"63,855.00"
2019-02-19,2019021901004087,NICA,1,14,50,387.00,"19,350.00"
2019-02-19,2019021901004285,NICA,14,13,200,389.00,"77,800.00"
2019-02-19,2019021901004263,NICA,40,57,196,388.00,"76,048.00"
2019-02-19,2019021901004237,NICA,57,57,50,388.00,"19,400.00"
2019-02-19,2019021901004201,NICA,21,21,4,387.00,"1,548.00"
2019-02-19,2019021901004139,NICA,21,57,54,388.00,"20,952.00"
2019-02-19,2019021901004138,NICA,21,26,254,388.00,"98,552.00"
2019-02-19,2019021901004359,NICL,42,44,10,383.00,"3,830.00"
2019-02-19,2019021901004314,NICL,51,57,200,378.00,"75,600.00"
2019-02-19,2019021901004313,NICL,51,41,200,377.00,"75,400.00"
2019-02-19,2019021901004284,NICL,5,7,400,376.00,"150,400.00"
2019-02-19,2019021901004255,NICL,5,7,200,376.00,"75,200.00"
2019-02-19,2019021901004191,NICL,42,7,100,376.00,"37,600.00"
2019-02-19,2019021901004159,NICL,5,7,300,376.00,"112,800.00"
2019-02-19,2019021901004409,NIL,46,38,50,512.00,"25,600.00"
2019-02-19,2019021901004158,NIL,49,49,50,520.00,"26,000.00"
2019-02-19,2019021901004157,NIL,49,34,168,520.00,"87,360.00"
2019-02-19,2019021901004118,NIL,35,34,32,520.00,"16,640.00"
2019-02-19,2019021901004117,NIL,35,50,18,519.00,"9,342.00"
2019-02-19,2019021901004534,NLBBL,5,37,50,475.00,"23,750.00"
2019-02-19,2019021901004471,NLG,45,38,30,804.00,"24,120.00"
2019-02-19,2019021901004133,NLG,52,56,20,813.00,"16,260.00"
2019-02-19,2019021901004081,NLIC,1,8,17,"1,040.00","17,680.00"
2019-02-19,2019021901004080,NLIC,1,38,100,"1,030.00","103,000.00"
2019-02-19,2019021901004079,NLIC,1,50,200,"1,025.00","205,000.00"
2019-02-19,2019021901004405,NMB,14,54,200,309.00,"61,800.00"
2019-02-19,2019021901004387,NMB,57,54,100,309.00,"30,900.00"
2019-02-19,2019021901004363,NMB,54,7,115,308.00,"35,420.00"
2019-02-19,2019021901004362,NMB,54,54,48,308.00,"14,784.00"
2019-02-19,2019021901004340,NMB,16,54,300,308.00,"92,400.00"
2019-02-19,2019021901004301,NMB,44,54,50,308.00,"15,400.00"
2019-02-19,2019021901004275,NMB,13,54,102,308.00,"31,416.00"
2019-02-19,2019021901004274,NMB,13,14,198,308.00,"60,984.00"
2019-02-19,2019021901004224,NMB,21,21,5,307.00,"1,535.00"
2019-02-19,2019021901004475,NMFBS,33,38,10,"1,715.00","17,150.00"
2019-02-19,2019021901004400,NMFBS,45,28,12,"1,690.00","20,280.00"
2019-02-19,2019021901004123,NMFBS,33,46,10,"1,719.00","17,190.00"
2019-02-19,2019021901004546,NNLB,37,40,50,497.00,"24,850.00"
2019-02-19,2019021901004135,NNLB,37,16,100,489.00,"48,900.00"
2019-02-19,2019021901004134,NNLB,37,33,20,484.00,"9,680.00"
2019-02-19,2019021901004104,NSEWA,11,14,10,576.00,"5,760.00"
2019-02-19,2019021901004216,NTC,59,52,10,688.00,"6,880.00"
2019-02-19,2019021901004196,NTC,36,16,65,679.00,"44,135.00"
2019-02-19,2019021901004195,NTC,32,16,35,679.00,"23,765.00"
2019-02-19,2019021901004562,PCBL,46,53,300,313.00,"93,900.00"
2019-02-19,2019021901004561,PCBL,46,38,87,313.00,"27,231.00"
2019-02-19,2019021901004468,PCBL,25,52,163,312.00,"50,856.00"
2019-02-19,2019021901004467,PCBL,25,52,69,312.00,"21,528.00"
2019-02-19,2019021901004350,PCBL,55,55,126,311.00,"39,186.00"
2019-02-19,2019021901004121,PCBL,5,49,500,312.00,"156,000.00"
2019-02-19,2019021901004120,PCBL,5,49,500,312.00,"156,000.00"
2019-02-19,2019021901004119,PCBL,5,19,251,312.00,"78,312.00"
2019-02-19,2019021901004373,PFL,58,40,232,129.00,"29,928.00"
2019-02-19,2019021901004101,PFL,26,40,125,129.00,"16,125.00"
2019-02-19,2019021901004397,PIC,5,55,11,"1,020.00","11,220.00"
2019-02-19,2019021901004239,PIC,51,38,100,"1,020.00","102,000.00"
2019-02-19,2019021901004231,PIC,35,33,100,"1,025.00","102,500.00"
2019-02-19,2019021901004208,PIC,6,33,44,"1,025.00","45,100.00"
2019-02-19,2019021901004146,PIC,7,33,50,"1,025.00","51,250.00"
2019-02-19,2019021901004515,PICL,39,40,200,694.00,"138,800.00"
2019-02-19,2019021901004377,PICL,42,56,20,690.00,"13,800.00"
2019-02-19,2019021901004502,PLIC,34,43,21,450.00,"9,450.00"
2019-02-19,2019021901004433,PLIC,39,38,100,442.00,"44,200.00"
2019-02-19,2019021901004341,PLIC,57,38,100,442.00,"44,200.00"
2019-02-19,2019021901004308,PLIC,51,43,79,450.00,"35,550.00"
2019-02-19,2019021901004281,PLIC,51,19,100,450.00,"45,000.00"
2019-02-19,2019021901004280,PLIC,51,39,501,448.00,"224,448.00"
2019-02-19,2019021901004279,PLIC,51,39,20,445.00,"8,900.00"
2019-02-19,2019021901004165,PLIC,40,39,80,445.00,"35,600.00"
2019-02-19,2019021901004071,PLIC,4,33,160,442.00,"70,720.00"
2019-02-19,2019021901004238,PMHPL,56,28,10,107.00,"1,070.00"
2019-02-19,2019021901004544,PRIN,48,58,500,426.00,"213,000.00"
2019-02-19,2019021901004482,PRIN,32,22,200,425.00,"85,000.00"
2019-02-19,2019021901004481,PRIN,32,20,100,424.00,"42,400.00"
2019-02-19,2019021901004192,PRIN,14,22,200,426.00,"85,200.00"
2019-02-19,2019021901004113,PRIN,40,16,200,420.00,"84,000.00"
2019-02-19,2019021901004112,PRIN,40,41,100,420.00,"42,000.00"
2019-02-19,2019021901004111,PRIN,40,34,404,420.00,"169,680.00"
2019-02-19,2019021901004100,PRIN,28,22,300,419.00,"125,700.00"
2019-02-19,2019021901004099,PRIN,28,28,300,418.00,"125,400.00"
2019-02-19,2019021901004509,PRVU,14,19,20,210.00,"4,200.00"
2019-02-19,2019021901004508,PRVU,14,45,50,210.00,"10,500.00"
2019-02-19,2019021901004507,PRVU,14,29,500,210.00,"105,000.00"
2019-02-19,2019021901004506,PRVU,14,14,34,210.00,"7,140.00"
2019-02-19,2019021901004456,PRVU,43,14,100,210.00,"21,000.00"
2019-02-19,2019021901004436,PRVU,43,14,50,210.00,"10,500.00"
2019-02-19,2019021901004189,PRVU,43,42,80,209.00,"16,720.00"
2019-02-19,2019021901004175,PRVU,43,59,150,210.00,"31,500.00"
2019-02-19,2019021901004155,PRVU,43,59,50,210.00,"10,500.00"
2019-02-19,2019021901004244,PRVU,43,14,200,210.00,"42,000.00"
2019-02-19,2019021901004241,PRVU,6,14,"1,000",210.00,"210,000.00"
2019-02-19,2019021901004229,PRVU,43,14,200,210.00,"42,000.00"
2019-02-19,2019021901004228,PRVU,6,14,951,210.00,"199,710.00"
2019-02-19,2019021901004227,PRVU,6,59,49,210.00,"10,290.00"
2019-02-19,2019021901004212,PRVU,43,42,132,209.00,"27,588.00"
2019-02-19,2019021901004323,PRVU,43,14,100,210.00,"21,000.00"
2019-02-19,2019021901004305,PRVU,43,14,150,210.00,"31,500.00"
2019-02-19,2019021901004290,PRVU,43,14,80,210.00,"16,800.00"
2019-02-19,2019021901004278,PRVU,43,14,80,210.00,"16,800.00"
2019-02-19,2019021901004265,PRVU,43,14,200,210.00,"42,000.00"
2019-02-19,2019021901004258,PRVU,21,14,500,210.00,"105,000.00"
2019-02-19,2019021901004410,PRVU,16,14,"1,000",210.00,"210,000.00"
2019-02-19,2019021901004408,PRVU,43,14,80,210.00,"16,800.00"
2019-02-19,2019021901004385,PRVU,43,14,75,210.00,"15,750.00"
2019-02-19,2019021901004374,PRVU,43,14,100,210.00,"21,000.00"
2019-02-19,2019021901004355,PRVU,43,14,50,210.00,"10,500.00"
2019-02-19,2019021901004344,PRVU,43,14,50,210.00,"10,500.00"
2019-02-19,2019021901004206,RHPC,1,33,30,90.00,"2,700.00"
2019-02-19,2019021901004448,RMDC,41,53,10,550.00,"5,500.00"
2019-02-19,2019021901004447,RMDC,41,1,35,540.00,"18,900.00"
2019-02-19,2019021901004250,RMDC,21,21,3,541.00,"1,623.00"
2019-02-19,2019021901004086,RMDC,41,7,11,541.00,"5,951.00"
2019-02-19,2019021901004084,RMDC,41,5,30,540.00,"16,200.00"
2019-02-19,2019021901004454,RSDC,34,44,30,377.00,"11,310.00"
2019-02-19,2019021901004453,RSDC,34,28,27,376.00,"10,152.00"
2019-02-19,2019021901004292,RSDC,59,28,30,376.00,"11,280.00"
2019-02-19,2019021901004251,RSDC,43,16,22,373.00,"8,206.00"
2019-02-19,2019021901004199,SADBL,5,36,228,139.00,"31,692.00"
2019-02-19,2019021901004076,SANIMA,54,6,150,293.00,"43,950.00"
2019-02-19,2019021901004432,SBI,29,6,50,379.00,"18,950.00"
2019-02-19,2019021901004225,SBL,51,17,300,280.00,"84,000.00"
2019-02-19,2019021901004094,SBL,50,17,"1,000",280.00,"280,000.00"
2019-02-19,2019021901004093,SBL,50,26,407,280.00,"113,960.00"
2019-02-19,2019021901004092,SBL,50,54,400,279.00,"111,600.00"
2019-02-19,2019021901004082,SBL,43,26,150,280.00,"42,000.00"
2019-02-19,2019021901004484,SCB,21,11,50,534.00,"26,700.00"
2019-02-19,2019021901004483,SCB,21,13,75,534.00,"40,050.00"
2019-02-19,2019021901004470,SCB,21,13,25,534.00,"13,350.00"
2019-02-19,2019021901004141,SCB,38,38,20,533.00,"10,660.00"
2019-02-19,2019021901004560,SDESI,21,38,36,609.00,"21,924.00"
2019-02-19,2019021901004559,SDESI,21,38,50,609.00,"30,450.00"
2019-02-19,2019021901004232,SDESI,21,36,14,601.00,"8,414.00"
2019-02-19,2019021901004567,SIL,58,21,10,622.00,"6,220.00"
2019-02-19,2019021901004514,SIL,59,56,12,612.00,"7,344.00"
2019-02-19,2019021901004096,SIL,45,44,200,624.00,"124,800.00"
2019-02-19,2019021901004548,SKBBL,42,54,10,855.00,"8,550.00"
2019-02-19,2019021901004556,SLBSL,58,51,10,832.00,"8,320.00"
2019-02-19,2019021901004555,SLBSL,58,44,10,824.00,"8,240.00"
2019-02-19,2019021901004538,SLBSL,58,55,10,820.00,"8,200.00"
2019-02-19,2019021901004537,SLBSL,58,44,10,820.00,"8,200.00"
2019-02-19,2019021901004536,SLBSL,58,38,40,820.00,"32,800.00"
2019-02-19,2019021901004501,SLBSL,58,38,10,820.00,"8,200.00"
2019-02-19,2019021901004488,SLBSL,58,22,20,814.00,"16,280.00"
2019-02-19,2019021901004494,SLBSL,58,34,90,816.00,"73,440.00"
2019-02-19,2019021901004493,SLBSL,58,37,10,816.00,"8,160.00"
2019-02-19,2019021901004492,SLBSL,58,1,10,815.00,"8,150.00"
2019-02-19,2019021901004491,SLBSL,58,1,10,815.00,"8,150.00"
2019-02-19,2019021901004490,SLBSL,58,1,10,815.00,"8,150.00"
2019-02-19,2019021901004489,SLBSL,58,45,20,814.00,"16,280.00"
2019-02-19,2019021901004500,SLBSL,58,39,10,820.00,"8,200.00"
2019-02-19,2019021901004499,SLBSL,58,39,10,820.00,"8,200.00"
2019-02-19,2019021901004498,SLBSL,58,39,10,820.00,"8,200.00"
2019-02-19,2019021901004497,SLBSL,58,39,10,820.00,"8,200.00"
2019-02-19,2019021901004496,SLBSL,58,22,30,819.00,"24,570.00"
2019-02-19,2019021901004495,SLBSL,58,22,50,816.00,"40,800.00"
2019-02-19,2019021901004372,SLICL,51,48,28,544.00,"15,232.00"
2019-02-19,2019021901004349,SLICL,51,48,72,544.00,"39,168.00"
2019-02-19,2019021901004348,SLICL,51,50,287,543.00,"155,841.00"
2019-02-19,2019021901004347,SLICL,51,25,12,535.00,"6,420.00"
2019-02-19,2019021901004346,SLICL,51,57,329,535.00,"176,015.00"
2019-02-19,2019021901004077,SLICL,32,16,300,534.00,"160,200.00"
2019-02-19,2019021901004504,SMATA,22,17,28,"1,362.00","38,136.00"
2019-02-19,2019021901004370,SMATA,22,17,20,"1,342.00","26,840.00"
2019-02-19,2019021901004375,SRBL,37,48,400,210.00,"84,000.00"
2019-02-19,2019021901004345,SRBL,28,48,10,210.00,"2,100.00"
2019-02-19,2019021901004404,SWBBL,1,17,100,814.00,"81,400.00"
2019-02-19,2019021901004334,SWBBL,33,28,100,802.00,"80,200.00"
2019-02-19,2019021901004306,SWBBL,13,28,50,802.00,"40,100.00"
2019-02-19,2019021901004564,UIC,16,5,10,775.00,"7,750.00"
2019-02-19,2019021901004539,UIC,58,5,10,775.00,"7,750.00"
2019-02-19,2019021901004286,UIC,21,21,6,768.00,"4,608.00"
2019-02-19,2019021901004267,UIC,58,26,180,770.00,"138,600.00"
2019-02-19,2019021901004266,UIC,58,37,302,769.00,"232,238.00"
2019-02-19,2019021901004243,UIC,6,40,200,768.00,"153,600.00"
2019-02-19,2019021901004242,UIC,6,33,290,767.00,"222,430.00"
2019-02-19,2019021901004226,UIC,6,53,150,766.00,"114,900.00"
2019-02-19,2019021901004223,UIC,37,53,200,766.00,"153,200.00"
2019-02-19,2019021901004188,UIC,40,53,100,766.00,"76,600.00"
2019-02-19,2019021901004187,UIC,40,50,200,765.00,"153,000.00"
2019-02-19,2019021901004164,UIC,16,53,50,766.00,"38,300.00"
2019-02-19,2019021901004169,UMHL,38,38,10,111.00,"1,110.00"
2019-02-19,2019021901004566,UPPER,25,43,100,232.00,"23,200.00"
2019-02-19,2019021901004542,UPPER,25,51,40,229.00,"9,160.00"
2019-02-19,2019021901004541,UPPER,25,57,50,229.00,"11,450.00"
2019-02-19,2019021901004540,UPPER,25,40,200,229.00,"45,800.00"
2019-02-19,2019021901004513,UPPER,25,59,100,228.00,"22,800.00"
2019-02-19,2019021901004512,UPPER,25,17,50,228.00,"11,400.00"
2019-02-19,2019021901004073,UPPER,58,38,350,224.00,"78,400.00"
2019-02-19,2019021901004072,UPPER,58,22,50,224.00,"11,200.00"
2019-02-19,2019021901004152,UPPER,25,51,40,224.00,"8,960.00"
2019-02-19,2019021901004151,UPPER,25,38,500,224.00,"112,000.00"
2019-02-19,2019021901004150,UPPER,25,57,40,224.00,"8,960.00"
2019-02-19,2019021901004149,UPPER,25,57,40,224.00,"8,960.00"
2019-02-19,2019021901004148,UPPER,25,50,146,224.00,"32,704.00"
2019-02-19,2019021901004147,UPPER,25,38,600,224.00,"134,400.00"
2019-02-19,2019021901004173,UPPER,25,51,14,224.00,"3,136.00"
2019-02-19,2019021901004163,UPPER,25,58,30,225.00,"6,750.00"
2019-02-19,2019021901004162,UPPER,25,58,10,225.00,"2,250.00"
2019-02-19,2019021901004160,UPPER,25,51,40,224.00,"8,960.00"
2019-02-19,2019021901004154,UPPER,25,51,40,224.00,"8,960.00"
2019-02-19,2019021901004153,UPPER,25,51,40,224.00,"8,960.00"
2019-02-19,2019021901004222,UPPER,21,51,40,224.00,"8,960.00"
2019-02-19,2019021901004221,UPPER,21,51,40,224.00,"8,960.00"
2019-02-19,2019021901004220,UPPER,21,51,40,224.00,"8,960.00"
2019-02-19,2019021901004219,UPPER,21,51,40,224.00,"8,960.00"
2019-02-19,2019021901004218,UPPER,21,51,26,224.00,"5,824.00"
2019-02-19,2019021901004356,UPPER,21,51,40,224.00,"8,960.00"
2019-02-19,2019021901004299,UPPER,21,51,40,224.00,"8,960.00"
2019-02-19,2019021901004253,UPPER,21,51,40,224.00,"8,960.00"
2019-02-19,2019021901004414,UPPER,33,49,40,225.00,"9,000.00"
2019-02-19,2019021901004413,UPPER,33,53,10,225.00,"2,250.00"
2019-02-19,2019021901004378,UPPER,21,51,40,224.00,"8,960.00"
2019-02-19,2019021901004368,UPPER,39,53,30,225.00,"6,750.00"
2019-02-19,2019021901004367,UPPER,39,58,20,225.00,"4,500.00"
2019-02-19,2019021901004366,UPPER,39,45,50,225.00,"11,250.00"
2019-02-19,2019021901004420,UPPER,33,11,50,225.00,"11,250.00"
2019-02-19,2019021901004419,UPPER,33,11,50,225.00,"11,250.00"
2019-02-19,2019021901004418,UPPER,33,11,50,225.00,"11,250.00"
2019-02-19,2019021901004417,UPPER,33,11,50,225.00,"11,250.00"
2019-02-19,2019021901004416,UPPER,33,45,40,225.00,"9,000.00"
2019-02-19,2019021901004415,UPPER,33,29,50,225.00,"11,250.00"
2019-02-19,2019021901004426,UPPER,33,41,40,225.00,"9,000.00"
2019-02-19,2019021901004425,UPPER,33,41,50,225.00,"11,250.00"
2019-02-19,2019021901004424,UPPER,33,41,50,225.00,"11,250.00"
2019-02-19,2019021901004423,UPPER,33,41,50,225.00,"11,250.00"
2019-02-19,2019021901004422,UPPER,33,33,"2,000",225.00,"450,000.00"
2019-02-19,2019021901004421,UPPER,33,11,50,225.00,"11,250.00"
2019-02-19,2019021901004461,UPPER,33,1,40,226.00,"9,040.00"
2019-02-19,2019021901004460,UPPER,33,1,50,226.00,"11,300.00"
2019-02-19,2019021901004459,UPPER,33,1,40,226.00,"9,040.00"
2019-02-19,2019021901004458,UPPER,33,1,40,226.00,"9,040.00"
2019-02-19,2019021901004457,UPPER,33,1,50,226.00,"11,300.00"
2019-02-19,2019021901004427,UPPER,33,28,50,225.00,"11,250.00"
2019-02-19,2019021901004466,UPPER,33,51,10,226.00,"2,260.00"
2019-02-19,2019021901004465,UPPER,33,19,40,226.00,"9,040.00"
2019-02-19,2019021901004464,UPPER,33,39,50,226.00,"11,300.00"
2019-02-19,2019021901004463,UPPER,33,39,40,226.00,"9,040.00"
2019-02-19,2019021901004462,UPPER,33,1,40,226.00,"9,040.00"
2019-02-19,2019021901004511,UPPER,25,4,40,228.00,"9,120.00"
2019-02-19,2019021901004510,UPPER,25,44,40,228.00,"9,120.00"
2019-02-19,2019021901004486,UPPER,25,51,40,227.00,"9,080.00"
2019-02-19,2019021901004485,UPPER,25,39,480,227.00,"108,960.00"
2019-02-19,2019021901004473,UPPER,25,39,20,227.00,"4,540.00"
2019-02-19,2019021901004472,UPPER,25,51,30,226.00,"6,780.00"
2019-02-19,2019021901004312,VLBS,38,51,50,699.00,"34,950.00"
2019-02-19,2019021901004166,VLBS,55,51,50,699.00,"34,950.00"
2019-02-19,2019021901004108,VLBS,38,45,40,698.00,"27,920.00"
2019-02-19,2019021901004523,WOMI,42,48,44,"1,132.00","49,808.00"
2019-02-19,2019021901004522,WOMI,42,50,83,"1,130.00","93,790.00"
2019-02-19,2019021901004318,WOMI,21,21,1,"1,130.00","1,130.00"
2019-02-19,2019021901004214,WOMI,39,50,17,"1,130.00","19,210.00"
2019-02-19,2019021901004213,WOMI,39,49,33,"1,125.00","37,125.00"
2019-02-19,2019021901003846,ADBL,33,48,300,331.00,"99,300.00"
2019-02-19,2019021901003819,ADBL,25,28,300,330.00,"99,000.00"
2019-02-19,2019021901003818,ADBL,34,28,200,330.00,"66,000.00"
2019-02-19,2019021901003979,ALICL,21,21,2,585.00,"1,170.00"
2019-02-19,2019021901003959,ALICL,57,57,50,596.00,"29,800.00"
2019-02-19,2019021901003958,ALICL,57,22,50,596.00,"29,800.00"
2019-02-19,2019021901003957,ALICL,57,49,757,590.00,"446,630.00"
2019-02-19,2019021901003857,ALICL,57,50,100,585.00,"58,500.00"
2019-02-19,2019021901003856,ALICL,57,49,900,585.00,"526,500.00"
2019-02-19,2019021901003855,ALICL,57,57,50,581.00,"29,050.00"
2019-02-19,2019021901003854,ALICL,57,42,10,581.00,"5,810.00"
2019-02-19,2019021901003768,ALICL,34,26,967,575.00,"556,025.00"
2019-02-19,2019021901003714,ALICL,57,25,50,574.00,"28,700.00"
2019-02-19,2019021901003704,ALICL,52,25,100,574.00,"57,400.00"
2019-02-19,2019021901004027,API,25,42,100,130.00,"13,000.00"
2019-02-19,2019021901003825,API,25,34,13,130.00,"1,690.00"
2019-02-19,2019021901003587,API,25,57,187,128.00,"23,936.00"
2019-02-19,2019021901003793,BOKL,50,26,454,243.00,"110,322.00"
2019-02-19,2019021901003792,BOKL,50,59,13,243.00,"3,159.00"
2019-02-19,2019021901003772,BPCL,51,28,10,348.00,"3,480.00"
2019-02-19,2019021901003869,CBBL,14,1,50,874.00,"43,700.00"
2019-02-19,2019021901003745,CBBL,38,1,11,874.00,"9,614.00"
2019-02-19,2019021901003744,CBBL,38,16,19,874.00,"16,606.00"
2019-02-19,2019021901003743,CBBL,38,6,70,873.00,"61,110.00"
2019-02-19,2019021901004063,CBL,13,38,27,150.00,"4,050.00"
2019-02-19,2019021901004045,CBL,13,38,27,150.00,"4,050.00"
2019-02-19,2019021901004030,CBL,29,38,100,150.00,"15,000.00"
2019-02-19,2019021901004029,CBL,13,38,27,150.00,"4,050.00"
2019-02-19,2019021901003947,CBL,19,38,"1,000",150.00,"150,000.00"
2019-02-19,2019021901003896,CBL,39,38,250,150.00,"37,500.00"
2019-02-19,2019021901003722,CBL,43,38,200,150.00,"30,000.00"
2019-02-19,2019021901004028,CCBL,10,10,"1,000",160.00,"160,000.00"
2019-02-19,2019021901003932,CCBL,21,21,1,160.00,160.00
2019-02-19,2019021901003978,CIT,21,21,1,"2,550.00","2,550.00"
2019-02-19,2019021901003760,CIT,19,14,50,"2,588.00","129,400.00"
2019-02-19,2019021901003716,CIT,43,58,73,"2,582.00","188,486.00"
2019-02-19,2019021901003872,CZBIL,36,32,40,202.00,"8,080.00"
2019-02-19,2019021901003871,CZBIL,36,55,"2,478",202.00,"500,556.00"
2019-02-19,2019021901003860,CZBIL,45,10,100,201.00,"20,100.00"
2019-02-19,2019021901003707,CZBIL,8,32,100,202.00,"20,200.00"
2019-02-19,2019021901003898,DBBL,42,50,300,123.00,"36,900.00"
2019-02-19,2019021901004044,DDBL,58,26,57,575.00,"32,775.00"
2019-02-19,2019021901004043,DDBL,58,44,200,574.00,"114,800.00"
2019-02-19,2019021901004014,DDBL,43,44,200,574.00,"114,800.00"
2019-02-19,2019021901003998,DDBL,21,21,3,570.00,"1,710.00"
2019-02-19,2019021901003820,DDBL,28,44,100,574.00,"57,400.00"
2019-02-19,2019021901003701,EBL,52,43,50,510.00,"25,500.00"
2019-02-19,2019021901003890,EBL,14,43,200,511.00,"102,200.00"
2019-02-19,2019021901003845,EBL,19,43,300,511.00,"153,300.00"
2019-02-19,2019021901003836,EBL,41,43,100,510.00,"51,000.00"
2019-02-19,2019021901003835,EBL,41,43,350,510.00,"178,500.00"
2019-02-19,2019021901004035,EDBL,42,48,101,286.00,"28,886.00"
2019-02-19,2019021901003588,FMDBL,19,33,47,365.00,"17,155.00"
2019-02-19,2019021901003985,FOWAD,38,32,50,"1,554.00","77,700.00"
2019-02-19,2019021901003693,FOWAD,28,45,100,"1,554.00","155,400.00"
2019-02-19,2019021901003672,FOWAD,37,32,50,"1,553.00","77,650.00"
2019-02-19,2019021901003671,FOWAD,37,10,10,"1,553.00","15,530.00"
2019-02-19,2019021901003670,FOWAD,37,34,15,"1,552.00","23,280.00"
2019-02-19,2019021901003955,GBBL,21,26,23,186.00,"4,278.00"
2019-02-19,2019021901003954,GBBL,21,53,50,185.00,"9,250.00"
2019-02-19,2019021901003953,GBBL,21,56,323,185.00,"59,755.00"
2019-02-19,2019021901003888,GBBL,32,42,300,184.00,"55,200.00"
2019-02-19,2019021901003905,GBIME,36,37,428,259.00,"110,852.00"
2019-02-19,2019021901003886,GBIME,5,37,72,259.00,"18,648.00"
2019-02-19,2019021901003874,GBIME,5,51,28,259.00,"7,252.00"
2019-02-19,2019021901003577,GBIME,45,51,48,259.00,"12,432.00"
2019-02-19,2019021901003576,GBIME,45,51,76,259.00,"19,684.00"
2019-02-19,2019021901003575,GBIME,45,51,76,259.00,"19,684.00"
2019-02-19,2019021901004024,GBLBS,57,22,100,440.00,"44,000.00"
2019-02-19,2019021901003828,GBLBS,1,42,100,440.00,"44,000.00"
2019-02-19,2019021901003827,GBLBS,1,43,110,440.00,"48,400.00"
2019-02-19,2019021901003770,GBLBS,58,43,50,440.00,"22,000.00"
2019-02-19,2019021901003581,GBLBS,45,43,40,440.00,"17,600.00"
2019-02-19,2019021901003580,GBLBS,45,42,60,440.00,"26,400.00"
2019-02-19,2019021901003878,GDBL,47,53,80,182.00,"14,560.00"
2019-02-19,2019021901003877,GDBL,47,34,120,182.00,"21,840.00"
2019-02-19,2019021901003861,GDBL,19,11,114,181.00,"20,634.00"
2019-02-19,2019021901003922,GFCL,42,6,50,115.00,"5,750.00"
2019-02-19,2019021901003730,GILB,58,44,40,"1,100.00","44,000.00"
2019-02-19,2019021901003729,GILB,58,46,19,"1,095.00","20,805.00"
2019-02-19,2019021901003796,GLICL,5,28,100,679.00,"67,900.00"
2019-02-19,2019021901003795,GLICL,5,58,10,679.00,"6,790.00"
2019-02-19,2019021901003794,GLICL,5,49,115,675.00,"77,625.00"
2019-02-19,2019021901003719,GLICL,45,52,10,674.00,"6,740.00"
2019-02-19,2019021901003718,GLICL,45,45,13,665.00,"8,645.00"
2019-02-19,2019021901003894,GRDBL,43,39,50,106.00,"5,300.00"
2019-02-19,2019021901003893,GRDBL,43,7,200,105.00,"21,000.00"
2019-02-19,2019021901003892,GRDBL,43,33,400,104.00,"41,600.00"
2019-02-19,2019021901003995,HDL,58,38,10,"1,382.00","13,820.00"
2019-02-19,2019021901003960,HDL,58,45,40,"1,350.00","54,000.00"
2019-02-19,2019021901003902,HGI,34,46,10,384.00,"3,840.00"
2019-02-19,2019021901003663,HGI,43,38,100,383.00,"38,300.00"
2019-02-19,2019021901003926,HIDCL,53,41,223,132.00,"29,436.00"
2019-02-19,2019021901003925,HIDCL,19,41,50,132.00,"6,600.00"
2019-02-19,2019021901003924,HIDCL,17,41,104,132.00,"13,728.00"
2019-02-19,2019021901003983,HPPL,42,56,10,171.00,"1,710.00"
2019-02-19,2019021901003982,HPPL,42,21,20,170.00,"3,400.00"
2019-02-19,2019021901003973,HPPL,42,28,10,169.00,"1,690.00"
2019-02-19,2019021901004016,IGI,28,28,100,410.00,"41,000.00"
2019-02-19,2019021901003624,IGI,42,28,50,410.00,"20,500.00"
2019-02-19,2019021901003767,JBBL,38,54,157,139.00,"21,823.00"
2019-02-19,2019021901003766,JBBL,38,28,203,138.00,"28,014.00"
2019-02-19,2019021901003676,JBBL,38,28,13,138.00,"1,794.00"
2019-02-19,2019021901003675,JBBL,38,51,180,138.00,"24,840.00"
2019-02-19,2019021901003674,JBBL,38,49,316,137.00,"43,292.00"
2019-02-19,2019021901003673,JBBL,38,36,51,136.00,"6,936.00"
2019-02-19,2019021901004006,JBNL,35,55,498,165.00,"82,170.00"
2019-02-19,2019021901003791,JBNL,38,10,300,166.00,"49,800.00"
2019-02-19,2019021901003775,JBNL,38,10,300,166.00,"49,800.00"
2019-02-19,2019021901003735,JBNL,19,16,27,165.00,"4,455.00"
2019-02-19,2019021901003695,JBNL,38,10,372,166.00,"61,752.00"
2019-02-19,2019021901003694,JBNL,38,25,228,166.00,"37,848.00"
2019-02-19,2019021901004023,KADBL,29,20,900,146.00,"131,400.00"
2019-02-19,2019021901003977,KADBL,39,20,100,146.00,"14,600.00"
2019-02-19,2019021901004008,KBL,56,49,50,233.00,"11,650.00"
2019-02-19,2019021901003945,KBL,1,42,300,234.00,"70,200.00"
2019-02-19,2019021901003651,KMCDB,57,19,50,820.00,"41,000.00"
2019-02-19,2019021901003650,KMCDB,57,16,39,820.00,"31,980.00"
2019-02-19,2019021901003649,KMCDB,57,52,10,820.00,"8,200.00"
2019-02-19,2019021901003885,KRBL,6,11,95,92.00,"8,740.00"
2019-02-19,2019021901003884,KRBL,17,11,150,93.00,"13,950.00"
2019-02-19,2019021901003786,LBBL,41,16,18,171.00,"3,078.00"
2019-02-19,2019021901003844,LBL,39,42,10,190.00,"1,900.00"
2019-02-19,2019021901003706,LBL,42,57,29,189.00,"5,481.00"
2019-02-19,2019021901003705,LBL,22,57,121,189.00,"22,869.00"
2019-02-19,2019021901003696,LBL,8,42,100,190.00,"19,000.00"
2019-02-19,2019021901003623,LBL,8,42,200,190.00,"38,000.00"
2019-02-19,2019021901003837,LGIL,5,48,200,513.00,"102,600.00"
2019-02-19,2019021901003699,LGIL,21,16,150,511.00,"76,650.00"
2019-02-19,2019021901003698,LGIL,21,45,50,510.00,"25,500.00"
2019-02-19,2019021901003595,LGIL,45,16,60,509.00,"30,540.00"
2019-02-19,2019021901004019,LICN,45,1,20,"1,632.00","32,640.00"
2019-02-19,2019021901004018,LICN,45,1,30,"1,630.00","48,900.00"
2019-02-19,2019021901003847,LICN,35,22,100,"1,625.00","162,500.00"
2019-02-19,2019021901003708,LICN,35,19,10,"1,613.00","16,130.00"
2019-02-19,2019021901003678,LICN,59,6,15,"1,600.00","24,000.00"
2019-02-19,2019021901003677,LICN,59,49,20,"1,595.00","31,900.00"
2019-02-19,2019021901003644,LICN,28,49,160,"1,595.00","255,200.00"
2019-02-19,2019021901003643,LICN,28,57,40,"1,594.00","63,760.00"
2019-02-19,2019021901003579,LICN,52,49,20,"1,595.00","31,900.00"
2019-02-19,2019021901003895,MBL,13,56,200,209.00,"41,800.00"
2019-02-19,2019021901003604,MBL,46,56,168,209.00,"35,112.00"
2019-02-19,2019021901004054,MEGA,32,6,39,160.00,"6,240.00"
2019-02-19,2019021901004053,MEGA,57,6,50,160.00,"8,000.00"
2019-02-19,2019021901004052,MEGA,42,6,100,160.00,"16,000.00"
2019-02-19,2019021901004051,MEGA,42,6,100,160.00,"16,000.00"
2019-02-19,2019021901004050,MEGA,52,6,200,160.00,"32,000.00"
2019-02-19,2019021901004049,MEGA,21,6,200,160.00,"32,000.00"
2019-02-19,2019021901004048,MEGA,36,6,300,160.00,"48,000.00"
2019-02-19,2019021901003908,MEGA,1,25,500,161.00,"80,500.00"
2019-02-19,2019021901003889,MEGA,39,25,100,161.00,"16,100.00"
2019-02-19,2019021901004068,MIDBL,38,25,400,149.00,"59,600.00"
2019-02-19,2019021901004067,MIDBL,38,57,430,148.00,"63,640.00"
2019-02-19,2019021901003826,MLBBL,48,10,10,607.00,"6,070.00"
2019-02-19,2019021901003809,MLBBL,48,57,27,605.00,"16,335.00"
2019-02-19,2019021901003808,MLBBL,48,28,65,605.00,"39,325.00"
2019-02-19,2019021901003592,MLBL,50,49,160,161.00,"25,760.00"
2019-02-19,2019021901003992,MMFDB,25,47,10,"1,020.00","10,200.00"
2019-02-19,2019021901003991,MMFDB,25,28,30,"1,005.00","30,150.00"
2019-02-19,2019021901003990,MMFDB,25,48,10,"1,004.00","10,040.00"
2019-02-19,2019021901003680,MMFDB,43,45,200,"1,000.00","200,000.00"
2019-02-19,2019021901003817,MNBBL,57,1,500,342.00,"171,000.00"
2019-02-19,2019021901003816,MNBBL,57,47,80,342.00,"27,360.00"
2019-02-19,2019021901003815,MNBBL,57,38,36,342.00,"12,312.00"
2019-02-19,2019021901003814,MNBBL,57,54,200,342.00,"68,400.00"
2019-02-19,2019021901003813,MNBBL,57,13,175,341.00,"59,675.00"
2019-02-19,2019021901003812,MNBBL,57,16,289,341.00,"98,549.00"
2019-02-19,2019021901003629,MNBBL,51,48,56,340.00,"19,040.00"
2019-02-19,2019021901003628,MNBBL,51,28,67,340.00,"22,780.00"
2019-02-19,2019021901003627,MNBBL,51,41,200,340.00,"68,000.00"
2019-02-19,2019021901003626,MNBBL,51,41,257,340.00,"87,380.00"
2019-02-19,2019021901003625,MNBBL,51,49,210,340.00,"71,400.00"
2019-02-19,2019021901003805,MSLB,28,32,100,"1,380.00","138,000.00"
2019-02-19,2019021901003804,MSLB,28,40,10,"1,379.00","13,790.00"
2019-02-19,2019021901003726,MSLB,45,40,40,"1,375.00","55,000.00"
2019-02-19,2019021901003721,MSLB,45,41,10,"1,375.00","13,750.00"
2019-02-19,2019021901004047,NABIL,49,26,11,792.00,"8,712.00"
2019-02-19,2019021901004039,NABIL,38,26,15,792.00,"11,880.00"
2019-02-19,2019021901004011,NABIL,29,26,70,792.00,"55,440.00"
2019-02-19,2019021901004010,NABIL,29,45,150,792.00,"118,800.00"
2019-02-19,2019021901004009,NABIL,29,46,280,792.00,"221,760.00"
2019-02-19,2019021901003873,NABIL,32,17,100,791.00,"79,100.00"
2019-02-19,2019021901003607,NABIL,10,17,15,791.00,"11,865.00"
2019-02-19,2019021901003586,NABIL,10,53,85,791.00,"67,235.00"
2019-02-19,2019021901003585,NABIL,47,53,15,791.00,"11,865.00"
2019-02-19,2019021901003613,NABIL,28,17,50,790.00,"39,500.00"
2019-02-19,2019021901003612,NABIL,55,17,20,790.00,"15,800.00"
2019-02-19,2019021901003611,NABIL,55,17,20,790.00,"15,800.00"
2019-02-19,2019021901003610,NABIL,1,17,25,790.00,"19,750.00"
2019-02-19,2019021901003609,NABIL,1,17,155,790.00,"122,450.00"
2019-02-19,2019021901003608,NABIL,6,17,10,791.00,"7,910.00"
2019-02-19,2019021901003806,NABIL,22,46,20,792.00,"15,840.00"
2019-02-19,2019021901003618,NABIL,57,17,100,790.00,"79,000.00"
2019-02-19,2019021901003617,NABIL,6,17,220,790.00,"173,800.00"
2019-02-19,2019021901003616,NABIL,5,17,100,790.00,"79,000.00"
2019-02-19,2019021901003615,NABIL,44,17,50,790.00,"39,500.00"
2019-02-19,2019021901003614,NABIL,57,17,25,790.00,"19,750.00"
2019-02-19,2019021901003981,NABILP,35,45,20,754.00,"15,080.00"
2019-02-19,2019021901003980,NABILP,35,32,130,754.00,"98,020.00"
2019-02-19,2019021901003961,NABILP,13,32,10,754.00,"7,540.00"
2019-02-19,2019021901003950,NABILP,29,32,160,754.00,"120,640.00"
2019-02-19,2019021901003949,NABILP,29,25,100,754.00,"75,400.00"
2019-02-19,2019021901003912,NABILP,39,25,100,754.00,"75,400.00"
2019-02-19,2019021901003601,NABILP,17,32,50,753.00,"37,650.00"
2019-02-19,2019021901003600,NABILP,17,39,500,753.00,"376,500.00"
2019-02-19,2019021901003599,NABILP,17,1,100,753.00,"75,300.00"
2019-02-19,2019021901003598,NABILP,17,11,150,752.00,"112,800.00"
2019-02-19,2019021901003843,NABILP,17,39,500,753.00,"376,500.00"
2019-02-19,2019021901004066,NADEP,7,22,25,747.00,"18,675.00"
2019-02-19,2019021901004065,NADEP,6,22,10,747.00,"7,470.00"
2019-02-19,2019021901003923,NADEP,6,8,10,747.00,"7,470.00"
2019-02-19,2019021901003906,NADEP,6,8,10,747.00,"7,470.00"
2019-02-19,2019021901003948,NBB,34,41,50,185.00,"9,250.00"
2019-02-19,2019021901003939,NBL,56,34,"1,000",285.00,"285,000.00"
2019-02-19,2019021901003938,NBL,56,36,200,285.00,"57,000.00"
2019-02-19,2019021901003937,NBL,56,5,100,285.00,"28,500.00"
2019-02-19,2019021901003936,NBL,56,48,"3,000",285.00,"855,000.00"
2019-02-19,2019021901003935,NBL,56,1,"1,000",285.00,"285,000.00"
2019-02-19,2019021901003934,NBL,56,16,70,285.00,"19,950.00"
2019-02-19,2019021901003759,NBL,56,57,310,284.00,"88,040.00"
2019-02-19,2019021901003758,NBL,6,57,50,284.00,"14,200.00"
2019-02-19,2019021901003987,NCCB,5,42,99,207.00,"20,493.00"
2019-02-19,2019021901003605,NCCB,5,34,300,207.00,"62,100.00"
2019-02-19,2019021901003597,NCCB,49,39,14,206.00,"2,884.00"
2019-02-19,2019021901003578,NCCB,28,34,200,207.00,"41,400.00"
2019-02-19,2019021901003723,NEF,17,45,"2,700",8.05,"21,735.00"
2019-02-19,2019021901003603,NGPL,44,38,122,116.00,"14,152.00"
2019-02-19,2019021901003907,NHDL,39,28,10,122.00,"1,220.00"
2019-02-19,2019021901003667,NIB,13,45,40,508.00,"20,320.00"
2019-02-19,2019021901003584,NIB,37,45,100,508.00,"50,800.00"
2019-02-19,2019021901004007,NIBPO,6,28,13,470.00,"6,110.00"
2019-02-19,2019021901003975,NIBPO,7,13,300,469.00,"140,700.00"
2019-02-19,2019021901003590,NIBPO,45,13,200,469.00,"93,800.00"
2019-02-19,2019021901004055,NICA,26,26,150,388.00,"58,200.00"
2019-02-19,2019021901004015,NICA,26,26,627,387.00,"242,649.00"
2019-02-19,2019021901003989,NICA,38,26,165,388.00,"64,020.00"
2019-02-19,2019021901003988,NICA,38,10,35,387.00,"13,545.00"
2019-02-19,2019021901004034,NICL,4,45,160,375.00,"60,000.00"
2019-02-19,2019021901004033,NICL,4,48,150,375.00,"56,250.00"
2019-02-19,2019021901004032,NICL,4,1,100,375.00,"37,500.00"
2019-02-19,2019021901004013,NICL,16,58,200,374.00,"74,800.00"
2019-02-19,2019021901004012,NICL,16,53,200,374.00,"74,800.00"
2019-02-19,2019021901003799,NIL,43,50,132,518.00,"68,376.00"
2019-02-19,2019021901003798,NIL,43,17,318,518.00,"164,724.00"
2019-02-19,2019021901003797,NIL,43,39,50,518.00,"25,900.00"
2019-02-19,2019021901003633,NIL,28,1,100,517.00,"51,700.00"
2019-02-19,2019021901003632,NIL,28,34,50,517.00,"25,850.00"
2019-02-19,2019021901003631,NIL,28,28,51,516.00,"26,316.00"
2019-02-19,2019021901003589,NIL,11,28,47,516.00,"24,252.00"
2019-02-19,2019021901003781,NLBBL,5,43,100,475.00,"47,500.00"
2019-02-19,2019021901003606,NLG,25,19,10,804.00,"8,040.00"
2019-02-19,2019021901003594,NLG,5,17,377,800.00,"301,600.00"
2019-02-19,2019021901003593,NLG,5,56,30,799.00,"23,970.00"
2019-02-19,2019021901003952,NLIC,35,19,84,"1,020.00","85,680.00"
2019-02-19,2019021901003897,NLIC,38,38,7,"1,020.00","7,140.00"
2019-02-19,2019021901003840,NLIC,55,19,216,"1,020.00","220,320.00"
2019-02-19,2019021901003839,NLIC,55,34,184,"1,020.00","187,680.00"
2019-02-19,2019021901003771,NLIC,59,34,100,"1,020.00","102,000.00"
2019-02-19,2019021901003642,NLIC,1,51,34,"1,019.00","34,646.00"
2019-02-19,2019021901003635,NLIC,1,17,17,"1,014.00","17,238.00"
2019-02-19,2019021901003634,NLIC,1,17,17,"1,014.00","17,238.00"
2019-02-19,2019021901003641,NLIC,1,58,17,"1,017.00","17,289.00"
2019-02-19,2019021901003640,NLIC,1,25,17,"1,017.00","17,289.00"
2019-02-19,2019021901003639,NLIC,1,50,100,"1,016.00","101,600.00"
2019-02-19,2019021901003638,NLIC,1,45,17,"1,016.00","17,272.00"
2019-02-19,2019021901003637,NLIC,1,52,10,"1,015.00","10,150.00"
2019-02-19,2019021901003636,NLIC,1,50,100,"1,015.00","101,500.00"
2019-02-19,2019021901003944,NLICL,34,54,20,648.00,"12,960.00"
2019-02-19,2019021901003943,NLICL,34,42,320,648.00,"207,360.00"
2019-02-19,2019021901003942,NLICL,34,22,100,648.00,"64,800.00"
2019-02-19,2019021901003941,NLICL,34,35,50,640.00,"32,000.00"
2019-02-19,2019021901003940,NLICL,34,33,10,636.00,"6,360.00"
2019-02-19,2019021901003887,NLICL,52,33,50,636.00,"31,800.00"
2019-02-19,2019021901003570,NLICL,36,11,50,635.00,"31,750.00"
2019-02-19,2019021901003569,NLICL,36,28,150,634.00,"95,100.00"
2019-02-19,2019021901003879,NLICL,34,33,50,636.00,"31,800.00"
2019-02-19,2019021901003838,NLICL,37,33,50,636.00,"31,800.00"
2019-02-19,2019021901003681,NLICL,35,33,100,636.00,"63,600.00"
2019-02-19,2019021901003662,NLICL,36,33,30,636.00,"19,080.00"
2019-02-19,2019021901003572,NLICL,36,56,50,636.00,"31,800.00"
2019-02-19,2019021901003571,NLICL,36,28,20,636.00,"12,720.00"
2019-02-19,2019021901003972,NMB,37,14,302,308.00,"93,016.00"
2019-02-19,2019021901003971,NMB,37,13,70,308.00,"21,560.00"
2019-02-19,2019021901003970,NMB,37,38,128,308.00,"39,424.00"
2019-02-19,2019021901003915,NMB,50,22,115,307.00,"35,305.00"
2019-02-19,2019021901003911,NMB,40,11,17,306.00,"5,202.00"
2019-02-19,2019021901003910,NMB,51,11,50,307.00,"15,350.00"
2019-02-19,2019021901003753,NMB,38,54,260,307.00,"79,820.00"
2019-02-19,2019021901003750,NMB,46,54,300,307.00,"92,100.00"
2019-02-19,2019021901003741,NMB,40,16,57,306.00,"17,442.00"
2019-02-19,2019021901003733,NMB,13,54,300,307.00,"92,100.00"
2019-02-19,2019021901003851,NMB,25,54,100,307.00,"30,700.00"
2019-02-19,2019021901003850,NMB,57,54,500,307.00,"153,500.00"
2019-02-19,2019021901003842,NMB,34,54,300,307.00,"92,100.00"
2019-02-19,2019021901003802,NMB,40,16,11,306.00,"3,366.00"
2019-02-19,2019021901003801,NMB,38,54,240,307.00,"73,680.00"
2019-02-19,2019021901003800,NMB,38,44,85,307.00,"26,095.00"
2019-02-19,2019021901003621,NMFBS,33,48,12,"1,693.00","20,316.00"
2019-02-19,2019021901003620,NMFBS,33,52,10,"1,687.00","16,870.00"
2019-02-19,2019021901003619,NMFBS,33,44,36,"1,660.00","59,760.00"
2019-02-19,2019021901003921,NNLB,37,16,90,489.00,"44,010.00"
2019-02-19,2019021901003920,NNLB,37,16,90,488.00,"43,920.00"
2019-02-19,2019021901003919,NNLB,37,51,300,485.00,"145,500.00"
2019-02-19,2019021901003918,NNLB,37,39,10,484.00,"4,840.00"
2019-02-19,2019021901003917,NNLB,37,21,10,484.00,"4,840.00"
2019-02-19,2019021901003966,NSEWA,22,45,10,565.00,"5,650.00"
2019-02-19,2019021901003914,NSEWA,11,14,10,562.00,"5,620.00"
2019-02-19,2019021901003761,NSEWA,11,16,10,551.00,"5,510.00"
2019-02-19,2019021901003731,NUBL,22,44,10,730.00,"7,300.00"
2019-02-19,2019021901003574,OHL,57,35,100,420.00,"42,000.00"
2019-02-19,2019021901003573,OHL,57,58,324,420.00,"136,080.00"
2019-02-19,2019021901003913,OHL,16,35,100,428.00,"42,800.00"
2019-02-19,2019021901003994,PCBL,21,21,1,310.00,310.00
2019-02-19,2019021901003931,PCBL,56,11,29,310.00,"8,990.00"
2019-02-19,2019021901003930,PCBL,51,11,30,310.00,"9,300.00"
2019-02-19,2019021901003929,PCBL,1,11,90,310.00,"27,900.00"
2019-02-19,2019021901003824,PCBL,5,7,100,311.00,"31,100.00"
2019-02-19,2019021901003823,PCBL,5,54,185,311.00,"57,535.00"
2019-02-19,2019021901003822,PCBL,5,34,370,311.00,"115,070.00"
2019-02-19,2019021901003710,PCBL,1,16,10,310.00,"3,100.00"
2019-02-19,2019021901004022,PIC,52,33,40,"1,025.00","41,000.00"
2019-02-19,2019021901004021,PIC,52,1,10,"1,024.00","10,240.00"
2019-02-19,2019021901003868,PIC,33,39,33,"1,023.00","33,759.00"
2019-02-19,2019021901003867,PIC,33,35,22,"1,022.00","22,484.00"
2019-02-19,2019021901003866,PIC,33,6,20,"1,020.00","20,400.00"
2019-02-19,2019021901003863,PIC,25,28,77,"1,015.00","78,155.00"
2019-02-19,2019021901003862,PIC,36,28,13,"1,015.00","13,195.00"
2019-02-19,2019021901003803,PIC,25,33,70,"1,020.00","71,400.00"
2019-02-19,2019021901003782,PIC,52,33,30,"1,020.00","30,600.00"
2019-02-19,2019021901003709,PIC,36,42,11,"1,015.00","11,165.00"
2019-02-19,2019021901003986,PICL,45,25,40,687.00,"27,480.00"
2019-02-19,2019021901003969,PICL,16,37,300,685.00,"205,500.00"
2019-02-19,2019021901003968,PICL,16,45,100,685.00,"68,500.00"
2019-02-19,2019021901003928,PICL,45,45,100,685.00,"68,500.00"
2019-02-19,2019021901004042,PLIC,21,33,40,442.00,"17,680.00"
2019-02-19,2019021901004041,PLIC,21,57,50,442.00,"22,100.00"
2019-02-19,2019021901004040,PLIC,21,22,10,440.00,"4,400.00"
2019-02-19,2019021901004038,PLIC,42,22,50,440.00,"22,000.00"
2019-02-19,2019021901004037,PLIC,16,22,40,440.00,"17,600.00"
2019-02-19,2019021901003739,PLIC,34,3,150,440.00,"66,000.00"
2019-02-19,2019021901003582,PLIC,28,35,90,440.00,"39,600.00"
2019-02-19,2019021901003738,PLIC,34,22,286,440.00,"125,840.00"
2019-02-19,2019021901003737,PLIC,34,41,97,440.00,"42,680.00"
2019-02-19,2019021901003736,PLIC,34,45,106,440.00,"46,640.00"
2019-02-19,2019021901003700,PLIC,58,45,120,440.00,"52,800.00"
2019-02-19,2019021901003686,PLIC,42,45,10,440.00,"4,400.00"
2019-02-19,2019021901003583,PLIC,28,45,110,440.00,"48,400.00"
2019-02-19,2019021901003849,PMHPL,56,14,10,107.00,"1,070.00"
2019-02-19,2019021901003807,PMHPL,56,6,10,107.00,"1,070.00"
2019-02-19,2019021901003790,PMHPL,56,6,10,107.00,"1,070.00"
2019-02-19,2019021901003780,PMHPL,56,6,10,107.00,"1,070.00"
2019-02-19,2019021901003769,PMHPL,56,6,10,107.00,"1,070.00"
2019-02-19,2019021901003747,PMHPL,10,6,10,106.00,"1,060.00"
2019-02-19,2019021901003655,PMHPL,10,42,10,106.00,"1,060.00"
2019-02-19,2019021901003652,PMHPL,10,6,10,106.00,"1,060.00"
2019-02-19,2019021901003630,PMHPL,10,6,10,106.00,"1,060.00"
2019-02-19,2019021901003596,PMHPL,10,6,10,106.00,"1,060.00"
2019-02-19,2019021901003728,PMHPL,10,6,10,106.00,"1,060.00"
2019-02-19,2019021901003720,PMHPL,10,6,10,106.00,"1,060.00"
2019-02-19,2019021901003712,PMHPL,10,6,10,106.00,"1,060.00"
2019-02-19,2019021901003702,PMHPL,10,6,10,106.00,"1,060.00"
2019-02-19,2019021901003687,PMHPL,10,6,10,106.00,"1,060.00"
2019-02-19,2019021901003666,PMHPL,10,6,10,106.00,"1,060.00"
2019-02-19,2019021901003876,PRIN,42,20,100,419.00,"41,900.00"
2019-02-19,2019021901003841,PRIN,42,22,100,418.00,"41,800.00"
2019-02-19,2019021901004060,PRVU,43,59,51,210.00,"10,710.00"
2019-02-19,2019021901004059,PRVU,43,41,200,210.00,"42,000.00"
2019-02-19,2019021901004058,PRVU,43,39,49,210.00,"10,290.00"
2019-02-19,2019021901004020,PRVU,49,42,25,209.00,"5,225.00"
2019-02-19,2019021901004005,PRVU,14,41,300,209.00,"62,700.00"
2019-02-19,2019021901004004,PRVU,14,59,200,209.00,"41,800.00"
2019-02-19,2019021901003788,PRVU,48,42,250,208.00,"52,000.00"
2019-02-19,2019021901003778,PRVU,5,42,40,208.00,"8,320.00"
2019-02-19,2019021901003746,PRVU,5,10,260,208.00,"54,080.00"
2019-02-19,2019021901003668,PRVU,8,10,100,208.00,"20,800.00"
2019-02-19,2019021901003946,PRVU,21,17,200,208.00,"41,600.00"
2019-02-19,2019021901003864,PRVU,21,51,106,208.00,"22,048.00"
2019-02-19,2019021901004003,PRVU,14,42,300,209.00,"62,700.00"
2019-02-19,2019021901004002,PRVU,14,42,300,209.00,"62,700.00"
2019-02-19,2019021901004001,PRVU,14,53,100,209.00,"20,900.00"
2019-02-19,2019021901004000,PRVU,14,55,248,209.00,"51,832.00"
2019-02-19,2019021901003965,PRVU,52,42,550,208.00,"114,400.00"
2019-02-19,2019021901003964,PRVU,21,42,694,208.00,"144,352.00"
2019-02-19,2019021901003724,RADHI,22,5,11,156.00,"1,716.00"
2019-02-19,2019021901003834,RBCL,34,6,10,"9,300.00","93,000.00"
2019-02-19,2019021901004017,RBCLPO,33,42,20,"8,655.00","173,100.00"
2019-02-19,2019021901003951,RBCLPO,37,48,10,"8,600.00","86,000.00"
2019-02-19,2019021901003776,RLFL,44,5,"1,668",114.00,"190,152.00"
2019-02-19,2019021901003901,SADBL,39,39,6,139.00,834.00
2019-02-19,2019021901003900,SANIMA,34,6,10,293.00,"2,930.00"
2019-02-19,2019021901004031,SBBLJ,33,48,100,207.00,"20,700.00"
2019-02-19,2019021901003685,SBI,6,17,293,375.00,"109,875.00"
2019-02-19,2019021901003684,SBI,6,26,500,375.00,"187,500.00"
2019-02-19,2019021901003683,SBI,6,51,300,374.00,"112,200.00"
2019-02-19,2019021901003682,SBI,6,26,13,374.00,"4,862.00"
2019-02-19,2019021901004046,SBL,14,14,198,279.00,"55,242.00"
2019-02-19,2019021901003999,SBL,50,44,12,279.00,"3,348.00"
2019-02-19,2019021901003763,SBL,37,17,244,278.00,"67,832.00"
2019-02-19,2019021901003762,SBL,37,54,210,278.00,"58,380.00"
2019-02-19,2019021901003734,SBL,6,28,94,277.00,"26,038.00"
2019-02-19,2019021901003725,SBL,53,28,45,276.00,"12,420.00"
2019-02-19,2019021901003715,SBL,42,28,50,277.00,"13,850.00"
2019-02-19,2019021901003933,SCB,38,38,20,533.00,"10,660.00"
2019-02-19,2019021901003927,SCB,11,25,10,533.00,"5,330.00"
2019-02-19,2019021901003748,SCB,58,25,90,533.00,"47,970.00"
2019-02-19,2019021901004026,SDESI,57,45,23,608.00,"13,984.00"
2019-02-19,2019021901004025,SDESI,57,36,23,605.00,"13,915.00"
2019-02-19,2019021901003757,SDESI,41,16,233,604.00,"140,732.00"
2019-02-19,2019021901003749,SDESI,33,16,10,604.00,"6,040.00"
2019-02-19,2019021901003654,SEF,53,42,700,9.07,"6,349.00"
2019-02-19,2019021901003653,SEF,53,42,"1,500",9.07,"13,605.00"
2019-02-19,2019021901003785,SHINE,38,14,300,239.00,"71,700.00"
2019-02-19,2019021901003891,SHL,46,11,300,206.00,"61,800.00"
2019-02-19,2019021901003756,SHPC,19,7,330,218.00,"71,940.00"
2019-02-19,2019021901003755,SHPC,19,22,280,218.00,"61,040.00"
2019-02-19,2019021901003740,SHPC,42,28,60,217.00,"13,020.00"
2019-02-19,2019021901004056,SIL,58,44,11,626.00,"6,886.00"
2019-02-19,2019021901003974,SIL,25,44,10,617.00,"6,170.00"
2019-02-19,2019021901003967,SIL,58,28,64,610.00,"39,040.00"
2019-02-19,2019021901003916,SIL,58,56,"3,000",600.00,"1,800,000.00"
2019-02-19,2019021901003852,SIL,25,58,10,597.00,"5,970.00"
2019-02-19,2019021901003779,SIL,34,44,10,617.00,"6,170.00"
2019-02-19,2019021901003622,SIL,6,52,50,606.00,"30,300.00"
2019-02-19,2019021901003963,SKBBL,42,59,50,846.00,"42,300.00"
2019-02-19,2019021901003962,SKBBL,42,14,50,845.00,"42,250.00"
2019-02-19,2019021901003865,SKBBL,38,40,29,840.00,"24,360.00"
2019-02-19,2019021901003784,SKBBL,42,47,100,839.00,"83,900.00"
2019-02-19,2019021901003783,SKBBL,42,28,50,839.00,"41,950.00"
2019-02-19,2019021901003679,SKBBL,17,28,50,839.00,"41,950.00"
2019-02-19,2019021901003997,SLBBL,28,28,193,510.00,"98,430.00"
2019-02-19,2019021901003984,SLBBL,55,38,60,510.00,"30,600.00"
2019-02-19,2019021901003713,SLBBL,5,6,50,499.00,"24,950.00"
2019-02-19,2019021901003810,SLBBL,46,47,100,500.00,"50,000.00"
2019-02-19,2019021901003811,SLBBL,46,22,355,500.00,"177,500.00"
2019-02-19,2019021901003996,SLBS,39,32,70,986.00,"69,020.00"
2019-02-19,2019021901003774,SLBSL,58,49,10,816.00,"8,160.00"
2019-02-19,2019021901003773,SLBSL,58,49,10,816.00,"8,160.00"
2019-02-19,2019021901003754,SLBSL,58,6,10,810.00,"8,100.00"
2019-02-19,2019021901003661,SLBSL,58,19,10,795.00,"7,950.00"
2019-02-19,2019021901003660,SLBSL,58,14,10,795.00,"7,950.00"
2019-02-19,2019021901003659,SLBSL,58,52,10,790.00,"7,900.00"
2019-02-19,2019021901003658,SLBSL,58,47,10,790.00,"7,900.00"
2019-02-19,2019021901003657,SLBSL,58,47,10,790.00,"7,900.00"
2019-02-19,2019021901003656,SLBSL,58,6,10,790.00,"7,900.00"
2019-02-19,2019021901004057,SLICL,39,57,10,535.00,"5,350.00"
2019-02-19,2019021901003899,SLICL,16,49,40,526.00,"21,040.00"
2019-02-19,2019021901003875,SLICL,16,34,200,526.00,"105,200.00"
2019-02-19,2019021901003870,SLICL,13,19,90,525.00,"47,250.00"
2019-02-19,2019021901003909,SMATA,28,41,50,"1,340.00","67,000.00"
2019-02-19,2019021901003883,SMATA,28,34,120,"1,340.00","160,800.00"
2019-02-19,2019021901003882,SMATA,28,11,16,"1,340.00","21,440.00"
2019-02-19,2019021901003881,SMATA,28,10,18,"1,339.00","24,102.00"
2019-02-19,2019021901003665,SMATA,33,34,50,"1,338.00","66,900.00"
2019-02-19,2019021901003664,SMATA,33,46,10,"1,338.00","13,380.00"
2019-02-19,2019021901003711,SMB,17,44,10,641.00,"6,410.00"
2019-02-19,2019021901004064,SRBL,14,14,112,209.00,"23,408.00"
2019-02-19,2019021901003976,SWBBL,45,17,70,800.00,"56,000.00"
2019-02-19,2019021901003956,SWBBL,44,17,30,800.00,"24,000.00"
2019-02-19,2019021901003591,SWBBL,54,29,200,790.00,"158,000.00"
2019-02-19,2019021901003993,UNL,16,56,10,"18,860.00","188,600.00"
2019-02-19,2019021901004036,UPPER,33,28,40,223.00,"8,920.00"
2019-02-19,2019021901003880,UPPER,25,38,40,224.00,"8,960.00"
2019-02-19,2019021901003848,UPPER,17,8,50,222.00,"11,100.00"
2019-02-19,2019021901003602,UPPER,21,53,40,222.00,"8,880.00"
2019-02-19,2019021901003688,UPPER,25,6,100,224.00,"22,400.00"
2019-02-19,2019021901003669,UPPER,25,38,"1,550",223.00,"345,650.00"
2019-02-19,2019021901003648,UPPER,17,45,670,222.00,"148,740.00"
2019-02-19,2019021901003647,UPPER,1,45,200,222.00,"44,400.00"
2019-02-19,2019021901003646,UPPER,52,45,100,222.00,"22,200.00"
2019-02-19,2019021901003645,UPPER,21,45,30,222.00,"6,660.00"
2019-02-19,2019021901003703,UPPER,17,34,40,222.00,"8,880.00"
2019-02-19,2019021901003697,UPPER,25,58,40,225.00,"9,000.00"
2019-02-19,2019021901003692,UPPER,25,44,50,224.00,"11,200.00"
2019-02-19,2019021901003691,UPPER,25,50,40,224.00,"8,960.00"
2019-02-19,2019021901003690,UPPER,25,41,50,224.00,"11,200.00"
2019-02-19,2019021901003689,UPPER,25,52,293,224.00,"65,632.00"
2019-02-19,2019021901003751,UPPER,25,57,10,223.00,"2,230.00"
2019-02-19,2019021901003742,UPPER,25,8,40,223.00,"8,920.00"
2019-02-19,2019021901003732,UPPER,25,22,40,224.00,"8,960.00"
2019-02-19,2019021901003727,UPPER,25,8,50,223.00,"11,150.00"
2019-02-19,2019021901003717,UPPER,17,8,40,222.00,"8,880.00"
2019-02-19,2019021901003789,UPPER,17,8,40,222.00,"8,880.00"
2019-02-19,2019021901003787,UPPER,17,39,40,222.00,"8,880.00"
2019-02-19,2019021901003765,UPPER,17,28,40,222.00,"8,880.00"
2019-02-19,2019021901003764,UPPER,17,8,40,222.00,"8,880.00"
2019-02-19,2019021901003752,UPPER,17,57,40,222.00,"8,880.00"
2019-02-19,2019021901003833,UPPER,25,38,10,224.00,"2,240.00"
2019-02-19,2019021901003831,UPPER,25,22,50,224.00,"11,200.00"
2019-02-19,2019021901003830,UPPER,25,38,40,223.00,"8,920.00"
2019-02-19,2019021901003829,UPPER,22,38,960,223.00,"214,080.00"
2019-02-19,2019021901003821,UPPER,22,42,40,223.00,"8,920.00"
2019-02-19,2019021901003853,VLBS,5,45,20,697.00,"13,940.00"
2019-02-19,2019021901004062,WOMI,29,21,10,"1,124.00","11,240.00"
2019-02-19,2019021901004061,WOMI,29,6,90,"1,124.00","101,160.00"
2019-02-19,2019021901003777,WOMI,33,6,10,"1,124.00","11,240.00"
2019-02-19,2019021901003393,ADBL,39,48,100,331.00,"33,100.00"
2019-02-19,2019021901003372,ADBL,59,10,100,330.00,"33,000.00"
2019-02-19,2019021901003157,AKJCL,38,36,20,79.00,"1,580.00"
2019-02-19,2019021901003122,AKJCL,38,36,10,79.00,790.00
2019-02-19,2019021901003240,AKPL,22,58,13,153.00,"1,989.00"
2019-02-19,2019021901003203,AKPL,22,41,20,156.00,"3,120.00"
2019-02-19,2019021901003161,AKPL,22,58,10,153.00,"1,530.00"
2019-02-19,2019021901003424,AMFI,45,44,10,690.00,"6,900.00"
2019-02-19,2019021901003259,AMFI,45,28,10,690.00,"6,900.00"
2019-02-19,2019021901003076,AMFI,59,59,10,695.00,"6,950.00"
2019-02-19,2019021901003304,API,25,57,13,128.00,"1,664.00"
2019-02-19,2019021901003302,API,25,17,17,127.00,"2,159.00"
2019-02-19,2019021901003166,API,48,58,14,125.00,"1,750.00"
2019-02-19,2019021901003516,BOKL,16,6,26,242.00,"6,292.00"
2019-02-19,2019021901003479,BOKL,45,59,100,243.00,"24,300.00"
2019-02-19,2019021901003462,BOKL,39,59,487,243.00,"118,341.00"
2019-02-19,2019021901003426,BOKL,39,59,300,243.00,"72,900.00"
2019-02-19,2019021901003425,BOKL,39,45,213,243.00,"51,759.00"
2019-02-19,2019021901003359,BPCL,33,28,30,343.00,"10,290.00"
2019-02-19,2019021901003083,BPCL,59,59,10,344.00,"3,440.00"
2019-02-19,2019021901003496,CBBL,21,6,80,873.00,"69,840.00"
2019-02-19,2019021901003287,CBBL,34,57,290,870.00,"252,300.00"
2019-02-19,2019021901003506,CBL,28,38,200,150.00,"30,000.00"
2019-02-19,2019021901003247,CBL,26,38,10,150.00,"1,500.00"
2019-02-19,2019021901003423,CCBL,28,10,200,160.00,"32,000.00"
2019-02-19,2019021901003336,CCBL,25,17,38,159.00,"6,042.00"
2019-02-19,2019021901003335,CCBL,34,17,50,159.00,"7,950.00"
2019-02-19,2019021901003334,CCBL,25,17,200,159.00,"31,800.00"
2019-02-19,2019021901003276,CCBL,25,8,500,159.00,"79,500.00"
2019-02-19,2019021901003275,CCBL,32,8,392,159.00,"62,328.00"
2019-02-19,2019021901003229,CCBL,32,1,54,159.00,"8,586.00"
2019-02-19,2019021901003151,CCBL,32,28,48,159.00,"7,632.00"
2019-02-19,2019021901003147,CHCL,59,21,10,503.00,"5,030.00"
2019-02-19,2019021901003133,CHCL,16,16,100,505.00,"50,500.00"
2019-02-19,2019021901003230,CHL,58,28,34,103.00,"3,502.00"
2019-02-19,2019021901003520,CIT,1,39,10,"2,569.00","25,690.00"
2019-02-19,2019021901003519,CIT,1,39,10,"2,569.00","25,690.00"
2019-02-19,2019021901003492,CIT,43,59,50,"2,550.00","127,500.00"
2019-02-19,2019021901003482,CIT,14,59,50,"2,550.00","127,500.00"
2019-02-19,2019021901003459,CIT,18,17,14,"2,540.00","35,560.00"
2019-02-19,2019021901003458,CIT,18,45,18,"2,540.00","45,720.00"
2019-02-19,2019021901003414,CIT,49,45,182,"2,540.00","462,280.00"
2019-02-19,2019021901003413,CIT,49,28,18,"2,539.00","45,702.00"
2019-02-19,2019021901003390,CIT,55,22,200,"2,535.00","507,000.00"
2019-02-19,2019021901003126,CIT,16,16,1,"2,520.00","2,520.00"
2019-02-19,2019021901003543,CLBSL,56,34,90,649.00,"58,410.00"
2019-02-19,2019021901003533,CLBSL,56,34,100,649.00,"64,900.00"
2019-02-19,2019021901003429,CZBIL,16,16,200,201.00,"40,200.00"
2019-02-19,2019021901003428,CZBIL,16,1,456,201.00,"91,656.00"
2019-02-19,2019021901003415,CZBIL,56,1,100,201.00,"20,100.00"
2019-02-19,2019021901003381,CZBIL,21,1,100,201.00,"20,100.00"
2019-02-19,2019021901003361,CZBIL,11,1,100,201.00,"20,100.00"
2019-02-19,2019021901003225,CZBIL,34,44,88,201.00,"17,688.00"
2019-02-19,2019021901003185,CZBIL,56,44,300,201.00,"60,300.00"
2019-02-19,2019021901003092,CZBIL,59,59,10,201.00,"2,010.00"
2019-02-19,2019021901003082,CZBIL,53,16,100,201.00,"20,100.00"
2019-02-19,2019021901003557,DBBL,48,6,34,122.00,"4,148.00"
2019-02-19,2019021901003293,DBBL,48,36,45,122.00,"5,490.00"
2019-02-19,2019021901003266,DDBL,17,44,500,569.00,"284,500.00"
2019-02-19,2019021901003242,DDBL,58,57,110,568.00,"62,480.00"
2019-02-19,2019021901003241,DDBL,58,55,100,568.00,"56,800.00"
2019-02-19,2019021901003228,DDBL,58,25,300,567.00,"170,100.00"
2019-02-19,2019021901003461,EBL,53,43,100,510.00,"51,000.00"
2019-02-19,2019021901003342,EBL,57,22,100,509.00,"50,900.00"
2019-02-19,2019021901003182,EDBL,56,19,50,285.00,"14,250.00"
2019-02-19,2019021901003109,EDBL,45,40,100,290.00,"29,000.00"
2019-02-19,2019021901003548,FMDBL,45,33,100,365.00,"36,500.00"
2019-02-19,2019021901003369,FMDBL,32,21,30,363.00,"10,890.00"
2019-02-19,2019021901003368,FMDBL,32,8,50,363.00,"18,150.00"
2019-02-19,2019021901003367,FMDBL,32,46,10,363.00,"3,630.00"
2019-02-19,2019021901003134,FMDBL,17,39,10,362.00,"3,620.00"
2019-02-19,2019021901003561,GBBL,45,42,200,184.00,"36,800.00"
2019-02-19,2019021901003527,GBBL,47,33,100,183.00,"18,300.00"
2019-02-19,2019021901003412,GBIME,57,46,40,258.00,"10,320.00"
2019-02-19,2019021901003377,GBIME,57,36,38,258.00,"9,804.00"
2019-02-19,2019021901003360,GBIME,57,7,90,258.00,"23,220.00"
2019-02-19,2019021901003348,GBIME,57,7,49,258.00,"12,642.00"
2019-02-19,2019021901003175,GBIME,57,52,98,258.00,"25,284.00"
2019-02-19,2019021901003174,GBIME,14,52,202,258.00,"52,116.00"
2019-02-19,2019021901003071,GBIME,17,38,30,259.00,"7,770.00"
2019-02-19,2019021901003070,GBIME,17,17,70,259.00,"18,130.00"
2019-02-19,2019021901003531,GBLBS,32,53,100,439.00,"43,900.00"
2019-02-19,2019021901003530,GBLBS,32,16,120,439.00,"52,680.00"
2019-02-19,2019021901003529,GBLBS,32,59,200,438.00,"87,600.00"
2019-02-19,2019021901003515,GBLBS,8,28,10,438.00,"4,380.00"
2019-02-19,2019021901003285,GBLBS,29,21,10,437.00,"4,370.00"
2019-02-19,2019021901003555,GDBL,45,34,200,182.00,"36,400.00"
2019-02-19,2019021901003501,GDBL,41,34,180,182.00,"32,760.00"
2019-02-19,2019021901003500,GDBL,41,35,20,182.00,"3,640.00"
2019-02-19,2019021901003494,GDBL,19,28,178,181.00,"32,218.00"
2019-02-19,2019021901003300,GFCL,1,56,698,114.00,"79,572.00"
2019-02-19,2019021901003541,GILB,47,49,51,"1,087.00","55,437.00"
2019-02-19,2019021901003505,GLICL,45,25,100,665.00,"66,500.00"
2019-02-19,2019021901003481,GLICL,21,28,54,664.00,"35,856.00"
2019-02-19,2019021901003480,GLICL,21,5,300,664.00,"199,200.00"
2019-02-19,2019021901003298,GRDBL,43,46,160,104.00,"16,640.00"
2019-02-19,2019021901003245,GRDBL,43,58,30,103.00,"3,090.00"
2019-02-19,2019021901003244,GRDBL,43,58,20,103.00,"2,060.00"
2019-02-19,2019021901003463,HDL,58,45,10,"1,350.00","13,500.00"
2019-02-19,2019021901003150,HGI,42,6,"1,000",377.00,"377,000.00"
2019-02-19,2019021901003149,HGI,28,6,500,378.00,"189,000.00"
2019-02-19,2019021901003148,HGI,25,6,20,378.00,"7,560.00"
2019-02-19,2019021901003255,HIDCL,17,43,40,132.00,"5,280.00"
2019-02-19,2019021901003254,HIDCL,17,45,56,132.00,"7,392.00"
2019-02-19,2019021901003173,HIDCL,22,58,56,131.00,"7,336.00"
2019-02-19,2019021901003164,HIDCL,22,26,12,131.00,"1,572.00"
2019-02-19,2019021901003132,HIDCL,22,58,56,131.00,"7,336.00"
2019-02-19,2019021901003106,HIDCL,22,58,56,131.00,"7,336.00"
2019-02-19,2019021901003246,HPPL,22,58,20,166.00,"3,320.00"
2019-02-19,2019021901003179,HPPL,13,58,10,165.00,"1,650.00"
2019-02-19,2019021901003135,HPPL,57,58,10,166.00,"1,660.00"
2019-02-19,2019021901003107,HPPL,57,58,10,166.00,"1,660.00"
2019-02-19,2019021901003308,IGI,52,41,20,402.00,"8,040.00"
2019-02-19,2019021901003307,IGI,4,41,66,402.00,"26,532.00"
2019-02-19,2019021901003371,IGI,22,22,344,409.00,"140,696.00"
2019-02-19,2019021901003370,IGI,22,5,10,408.00,"4,080.00"
2019-02-19,2019021901003309,IGI,22,41,146,402.00,"58,692.00"
2019-02-19,2019021901003443,JBNL,19,57,400,165.00,"66,000.00"
2019-02-19,2019021901003442,JBNL,19,43,18,165.00,"2,970.00"
2019-02-19,2019021901003441,JBNL,19,35,23,165.00,"3,795.00"
2019-02-19,2019021901003440,JBNL,19,1,500,165.00,"82,500.00"
2019-02-19,2019021901003439,JBNL,19,29,28,165.00,"4,620.00"
2019-02-19,2019021901003087,JBNL,26,34,150,164.00,"24,600.00"
2019-02-19,2019021901003315,JEFL,8,53,"1,000",130.00,"130,000.00"
2019-02-19,2019021901003089,JFL,38,28,367,161.00,"59,087.00"
2019-02-19,2019021901003489,KBL,25,8,130,230.00,"29,900.00"
2019-02-19,2019021901003488,KBL,19,8,10,230.00,"2,300.00"
2019-02-19,2019021901003487,KBL,13,8,350,230.00,"80,500.00"
2019-02-19,2019021901003486,KBL,22,8,10,231.00,"2,310.00"
2019-02-19,2019021901003261,KBL,13,46,50,230.00,"11,500.00"
2019-02-19,2019021901003111,KBL,33,17,40,233.00,"9,320.00"
2019-02-19,2019021901003110,KBL,33,43,50,233.00,"11,650.00"
2019-02-19,2019021901003556,KMCDB,28,19,50,810.00,"40,500.00"
2019-02-19,2019021901003511,KMCDB,42,17,37,808.00,"29,896.00"
2019-02-19,2019021901003103,KMCDB,52,19,66,804.00,"53,064.00"
2019-02-19,2019021901003118,KMFL,55,11,60,920.00,"55,200.00"
2019-02-19,2019021901003299,KNBL,43,59,20,120.00,"2,400.00"
2019-02-19,2019021901003112,KPCL,59,59,10,91.00,910.00
2019-02-19,2019021901003325,KPCL,39,36,10,90.00,900.00
2019-02-19,2019021901003537,KSBBL,14,28,434,134.00,"58,156.00"
2019-02-19,2019021901003536,KSBBL,14,45,67,134.00,"8,978.00"
2019-02-19,2019021901003535,KSBBL,14,38,140,134.00,"18,760.00"
2019-02-19,2019021901003384,KSBBL,29,55,54,133.00,"7,182.00"
2019-02-19,2019021901003186,LBBL,41,1,88,171.00,"15,048.00"
2019-02-19,2019021901003497,LBL,22,28,182,189.00,"34,398.00"
2019-02-19,2019021901003410,LBL,46,33,300,188.00,"56,400.00"
2019-02-19,2019021901003267,LBL,49,46,30,187.00,"5,610.00"
2019-02-19,2019021901003205,LBL,22,26,150,188.00,"28,200.00"
2019-02-19,2019021901003202,LBL,22,16,547,188.00,"102,836.00"
2019-02-19,2019021901003434,LGIL,21,45,100,510.00,"51,000.00"
2019-02-19,2019021901003419,LGIL,45,1,119,509.00,"60,571.00"
2019-02-19,2019021901003380,LGIL,53,28,167,506.00,"84,502.00"
2019-02-19,2019021901003525,LICN,25,28,124,"1,591.00","197,284.00"
2019-02-19,2019021901003383,LICN,4,1,87,"1,590.00","138,330.00"
2019-02-19,2019021901003382,LICN,4,22,248,"1,590.00","394,320.00"
2019-02-19,2019021901003454,LLBS,28,48,70,762.00,"53,340.00"
2019-02-19,2019021901003190,LLBS,41,48,30,762.00,"22,860.00"
2019-02-19,2019021901003409,MBL,46,8,650,209.00,"135,850.00"
2019-02-19,2019021901003388,MBL,46,21,37,209.00,"7,733.00"
2019-02-19,2019021901003387,MBL,46,21,27,209.00,"5,643.00"
2019-02-19,2019021901003386,MBL,46,28,100,209.00,"20,900.00"
2019-02-19,2019021901003385,MBL,46,21,18,208.00,"3,744.00"
2019-02-19,2019021901003311,MBL,6,21,400,208.00,"83,200.00"
2019-02-19,2019021901003542,MEGA,6,25,50,161.00,"8,050.00"
2019-02-19,2019021901003408,MEGA,36,46,50,160.00,"8,000.00"
2019-02-19,2019021901003333,MEGA,36,46,50,160.00,"8,000.00"
2019-02-19,2019021901003288,MEGA,53,17,56,160.00,"8,960.00"
2019-02-19,2019021901003279,MEGA,53,17,42,160.00,"6,720.00"
2019-02-19,2019021901003278,MEGA,42,17,14,160.00,"2,240.00"
2019-02-19,2019021901003094,MEGA,47,13,500,160.00,"80,000.00"
2019-02-19,2019021901003093,MEGA,26,13,200,160.00,"32,000.00"
2019-02-19,2019021901003100,MEGA,37,13,200,160.00,"32,000.00"
2019-02-19,2019021901003099,MEGA,35,13,50,160.00,"8,000.00"
2019-02-19,2019021901003098,MEGA,45,13,111,160.00,"17,760.00"
2019-02-19,2019021901003097,MEGA,43,13,100,160.00,"16,000.00"
2019-02-19,2019021901003096,MEGA,41,13,50,160.00,"8,000.00"
2019-02-19,2019021901003095,MEGA,25,13,500,160.00,"80,000.00"
2019-02-19,2019021901003238,MEGA,28,17,56,160.00,"8,960.00"
2019-02-19,2019021901003236,MEGA,28,40,143,160.00,"22,880.00"
2019-02-19,2019021901003193,MEGA,28,25,95,160.00,"15,200.00"
2019-02-19,2019021901003192,MEGA,52,25,105,160.00,"16,800.00"
2019-02-19,2019021901003102,MEGA,52,13,895,160.00,"143,200.00"
2019-02-19,2019021901003101,MEGA,52,13,500,160.00,"80,000.00"
2019-02-19,2019021901003274,MEGA,42,17,62,160.00,"9,920.00"
2019-02-19,2019021901003269,MEGA,42,17,24,160.00,"3,840.00"
2019-02-19,2019021901003268,MEGA,28,17,38,160.00,"6,080.00"
2019-02-19,2019021901003262,MEGA,28,17,56,160.00,"8,960.00"
2019-02-19,2019021901003253,MEGA,28,17,56,160.00,"8,960.00"
2019-02-19,2019021901003243,MEGA,28,17,56,160.00,"8,960.00"
2019-02-19,2019021901003180,MERO,39,58,16,600.00,"9,600.00"
2019-02-19,2019021901003534,MMFDB,45,50,50,999.00,"49,950.00"
2019-02-19,2019021901003538,MNBBL,51,49,10,340.00,"3,400.00"
2019-02-19,2019021901003318,MNBBL,6,49,30,340.00,"10,200.00"
2019-02-19,2019021901003314,MSMBS,29,25,21,532.00,"11,172.00"
2019-02-19,2019021901003313,MSMBS,37,25,100,532.00,"53,200.00"
2019-02-19,2019021901003312,MSMBS,34,25,100,533.00,"53,300.00"
2019-02-19,2019021901003138,MSMBS,41,58,11,535.00,"5,885.00"
2019-02-19,2019021901003338,NABIL,14,14,47,792.00,"37,224.00"
2019-02-19,2019021901003332,NABIL,54,14,100,792.00,"79,200.00"
2019-02-19,2019021901003297,NABIL,57,14,10,792.00,"7,920.00"
2019-02-19,2019021901003232,NABIL,1,11,35,790.00,"27,650.00"
2019-02-19,2019021901003124,NABIL,58,14,10,792.00,"7,920.00"
2019-02-19,2019021901003499,NABILP,22,39,206,750.00,"154,500.00"
2019-02-19,2019021901003457,NABILP,22,6,199,750.00,"149,250.00"
2019-02-19,2019021901003324,NABILP,22,6,300,750.00,"225,000.00"
2019-02-19,2019021901003272,NABILP,37,6,12,750.00,"9,000.00"
2019-02-19,2019021901003271,NABILP,37,6,12,750.00,"9,000.00"
2019-02-19,2019021901003146,NABILP,28,32,"1,000",750.00,"750,000.00"
2019-02-19,2019021901003081,NABILP,22,39,750,750.00,"562,500.00"
2019-02-19,2019021901003080,NABILP,14,39,55,750.00,"41,250.00"
2019-02-19,2019021901003330,NBB,58,36,103,184.00,"18,952.00"
2019-02-19,2019021901003233,NBB,32,41,500,185.00,"92,500.00"
2019-02-19,2019021901003084,NBB,11,41,20,185.00,"3,700.00"
2019-02-19,2019021901003069,NBB,25,41,50,185.00,"9,250.00"
2019-02-19,2019021901003339,NBBL,26,26,1,630.00,630.00
2019-02-19,2019021901003121,NBBL,55,47,20,632.00,"12,640.00"
2019-02-19,2019021901003502,NBL,6,6,50,284.00,"14,200.00"
2019-02-19,2019021901003305,NBL,50,34,209,284.00,"59,356.00"
2019-02-19,2019021901003295,NBL,56,34,"2,091",284.00,"593,844.00"
2019-02-19,2019021901003294,NBL,43,34,100,284.00,"28,400.00"
2019-02-19,2019021901003264,NBL,5,34,500,284.00,"142,000.00"
2019-02-19,2019021901003263,NBL,6,34,100,284.00,"28,400.00"
2019-02-19,2019021901003088,NBL,56,32,"1,000",284.00,"284,000.00"
2019-02-19,2019021901003546,NCCB,19,38,500,207.00,"103,500.00"
2019-02-19,2019021901003532,NCCB,13,34,500,207.00,"103,500.00"
2019-02-19,2019021901003320,NCCB,29,38,700,206.00,"144,200.00"
2019-02-19,2019021901003319,NCCB,29,50,400,206.00,"82,400.00"
2019-02-19,2019021901003188,NCCB,26,50,100,206.00,"20,600.00"
2019-02-19,2019021901003170,NCCB,5,26,24,205.00,"4,920.00"
2019-02-19,2019021901003435,NEF,11,45,"2,300",8.05,"18,515.00"
2019-02-19,2019021901003504,NGPL,37,38,"1,000",116.00,"116,000.00"
2019-02-19,2019021901003375,NHDL,48,59,200,124.00,"24,800.00"
2019-02-19,2019021901003265,NHDL,48,59,200,122.00,"24,400.00"
2019-02-19,2019021901003198,NHPC,57,37,500,61.00,"30,500.00"
2019-02-19,2019021901003563,NIB,10,45,50,508.00,"25,400.00"
2019-02-19,2019021901003341,NIB,54,45,10,508.00,"5,080.00"
2019-02-19,2019021901003340,NIB,54,19,40,508.00,"20,320.00"
2019-02-19,2019021901003301,NIB,6,19,30,508.00,"15,240.00"
2019-02-19,2019021901003256,NIB,46,58,37,507.00,"18,759.00"
2019-02-19,2019021901003252,NIB,46,7,96,507.00,"48,672.00"
2019-02-19,2019021901003136,NIB,37,5,30,506.00,"15,180.00"
2019-02-19,2019021901003130,NIB,37,5,60,506.00,"30,360.00"
2019-02-19,2019021901003117,NIB,37,7,116,507.00,"58,812.00"
2019-02-19,2019021901003116,NIB,37,1,250,507.00,"126,750.00"
2019-02-19,2019021901003114,NIB,50,58,26,505.00,"13,130.00"
2019-02-19,2019021901003113,NIB,38,58,11,505.00,"5,555.00"
2019-02-19,2019021901003189,NIB,46,5,30,506.00,"15,180.00"
2019-02-19,2019021901003184,NIB,46,58,37,506.00,"18,722.00"
2019-02-19,2019021901003183,NIB,46,5,30,506.00,"15,180.00"
2019-02-19,2019021901003176,NIB,43,5,30,506.00,"15,180.00"
2019-02-19,2019021901003163,NIB,43,5,30,506.00,"15,180.00"
2019-02-19,2019021901003140,NIB,37,58,37,506.00,"18,722.00"
2019-02-19,2019021901003251,NIB,19,7,70,507.00,"35,490.00"
2019-02-19,2019021901003250,NIB,33,7,10,507.00,"5,070.00"
2019-02-19,2019021901003249,NIB,33,7,10,507.00,"5,070.00"
2019-02-19,2019021901003248,NIB,55,7,17,507.00,"8,619.00"
2019-02-19,2019021901003204,NIB,55,53,14,507.00,"7,098.00"
2019-02-19,2019021901003199,NIB,55,53,14,507.00,"7,098.00"
2019-02-19,2019021901003517,NICA,51,10,10,387.00,"3,870.00"
2019-02-19,2019021901003431,NICA,39,10,255,387.00,"98,685.00"
2019-02-19,2019021901003430,NICA,39,21,245,387.00,"94,815.00"
2019-02-19,2019021901003539,NICL,45,28,54,368.00,"19,872.00"
2019-02-19,2019021901003503,NICL,42,25,50,372.00,"18,600.00"
2019-02-19,2019021901003493,NICL,19,32,670,370.00,"247,900.00"
2019-02-19,2019021901003432,NICL,44,34,"1,280",370.00,"473,600.00"
2019-02-19,2019021901003317,NICL,5,21,200,368.00,"73,600.00"
2019-02-19,2019021901003316,NICL,5,49,170,367.00,"62,390.00"
2019-02-19,2019021901003560,NIL,11,37,400,515.00,"206,000.00"
2019-02-19,2019021901003559,NIL,11,13,53,515.00,"27,295.00"
2019-02-19,2019021901003498,NIL,43,49,50,514.00,"25,700.00"
2019-02-19,2019021901003389,NLBBL,5,38,50,473.00,"23,650.00"
2019-02-19,2019021901003143,NLBBL,5,19,80,472.00,"37,760.00"
2019-02-19,2019021901003490,NLG,6,25,12,789.00,"9,468.00"
2019-02-19,2019021901003448,NLIC,34,17,17,"1,014.00","17,238.00"
2019-02-19,2019021901003447,NLIC,34,17,17,"1,014.00","17,238.00"
2019-02-19,2019021901003446,NLIC,34,17,17,"1,014.00","17,238.00"
2019-02-19,2019021901003445,NLIC,34,17,17,"1,014.00","17,238.00"
2019-02-19,2019021901003444,NLIC,34,53,194,"1,013.00","196,522.00"
2019-02-19,2019021901003420,NLIC,45,46,10,"1,010.00","10,100.00"
2019-02-19,2019021901003397,NLIC,26,46,10,"1,009.00","10,090.00"
2019-02-19,2019021901003260,NLIC,34,58,17,"1,008.00","17,136.00"
2019-02-19,2019021901003187,NLIC,34,58,17,"1,008.00","17,136.00"
2019-02-19,2019021901003119,NLIC,52,58,17,"1,008.00","17,136.00"
2019-02-19,2019021901003549,NLICL,1,28,50,634.00,"31,700.00"
2019-02-19,2019021901003105,NLICL,28,43,20,623.00,"12,460.00"
2019-02-19,2019021901003104,NLICL,28,39,90,623.00,"56,070.00"
2019-02-19,2019021901003545,NMB,40,7,69,306.00,"21,114.00"
2019-02-19,2019021901003544,NMB,33,7,81,306.00,"24,786.00"
2019-02-19,2019021901003510,NMB,33,21,19,306.00,"5,814.00"
2019-02-19,2019021901003509,NMB,49,21,50,306.00,"15,300.00"
2019-02-19,2019021901003508,NMB,4,21,36,306.00,"11,016.00"
2019-02-19,2019021901003507,NMB,44,21,95,306.00,"29,070.00"
2019-02-19,2019021901003395,NMB,46,54,112,307.00,"34,384.00"
2019-02-19,2019021901003394,NMB,44,54,85,307.00,"26,095.00"
2019-02-19,2019021901003373,NMB,50,54,500,307.00,"153,500.00"
2019-02-19,2019021901003128,NMB,44,59,11,306.00,"3,366.00"
2019-02-19,2019021901003127,NMB,59,54,11,307.00,"3,377.00"
2019-02-19,2019021901003123,NMB,38,54,100,307.00,"30,700.00"
2019-02-19,2019021901003512,NMBMF,58,43,10,"1,100.00","11,000.00"
2019-02-19,2019021901003484,NMBMF,58,16,10,"1,092.00","10,920.00"
2019-02-19,2019021901003453,NMBMF,58,16,10,"1,071.00","10,710.00"
2019-02-19,2019021901003452,NMBMF,58,22,178,"1,065.00","189,570.00"
2019-02-19,2019021901003451,NMBMF,58,45,35,"1,060.00","37,100.00"
2019-02-19,2019021901003450,NMBMF,58,48,105,"1,060.00","111,300.00"
2019-02-19,2019021901003449,NMBMF,58,45,10,"1,059.00","10,590.00"
2019-02-19,2019021901003235,NMBMF,58,58,15,"1,050.00","15,750.00"
2019-02-19,2019021901003234,NMBMF,58,58,35,"1,050.00","36,750.00"
2019-02-19,2019021901003145,NMBMF,3,58,20,"1,050.00","21,000.00"
2019-02-19,2019021901003159,NMFBS,1,45,23,"1,660.00","38,180.00"
2019-02-19,2019021901003158,NMFBS,1,45,12,"1,660.00","19,920.00"
2019-02-19,2019021901003568,NNLB,37,47,400,480.00,"192,000.00"
2019-02-19,2019021901003567,NNLB,37,21,10,480.00,"4,800.00"
2019-02-19,2019021901003566,NNLB,37,16,300,479.00,"143,700.00"
2019-02-19,2019021901003565,NNLB,37,57,65,478.00,"31,070.00"
2019-02-19,2019021901003564,NNLB,37,43,50,477.00,"23,850.00"
2019-02-19,2019021901003223,NNLB,45,43,50,475.00,"23,750.00"
2019-02-19,2019021901003518,OHL,38,36,60,419.00,"25,140.00"
2019-02-19,2019021901003528,PCBL,25,56,500,310.00,"155,000.00"
2019-02-19,2019021901003438,PCBL,57,58,30,309.00,"9,270.00"
2019-02-19,2019021901003437,PCBL,57,58,150,309.00,"46,350.00"
2019-02-19,2019021901003436,PCBL,17,58,20,309.00,"6,180.00"
2019-02-19,2019021901003365,PCBL,25,59,178,310.00,"55,180.00"
2019-02-19,2019021901003364,PCBL,25,59,215,310.00,"66,650.00"
2019-02-19,2019021901003152,PCBL,5,5,42,310.00,"13,020.00"
2019-02-19,2019021901003292,PCBL,5,48,490,310.00,"151,900.00"
2019-02-19,2019021901003273,PCBL,17,46,30,309.00,"9,270.00"
2019-02-19,2019021901003270,PCBL,22,48,10,310.00,"3,100.00"
2019-02-19,2019021901003155,PCBL,5,5,42,310.00,"13,020.00"
2019-02-19,2019021901003154,PCBL,5,5,42,310.00,"13,020.00"
2019-02-19,2019021901003153,PCBL,5,5,42,310.00,"13,020.00"
2019-02-19,2019021901003144,PFL,48,59,13,128.00,"1,664.00"
2019-02-19,2019021901003142,PFL,59,40,13,129.00,"1,677.00"
2019-02-19,2019021901003547,PIC,36,48,11,"1,015.00","11,165.00"
2019-02-19,2019021901003416,PIC,36,46,15,"1,015.00","15,225.00"
2019-02-19,2019021901003344,PIC,25,46,35,"1,015.00","35,525.00"
2019-02-19,2019021901003343,PIC,25,52,15,"1,015.00","15,225.00"
2019-02-19,2019021901003167,PIC,45,4,11,"1,009.00","11,099.00"
2019-02-19,2019021901003156,PIC,45,4,11,"1,009.00","11,099.00"
2019-02-19,2019021901003460,PICL,16,49,100,679.00,"67,900.00"
2019-02-19,2019021901003411,PICL,6,58,300,678.00,"203,400.00"
2019-02-19,2019021901003160,PICL,32,13,90,677.00,"60,930.00"
2019-02-19,2019021901003125,PICL,21,13,100,677.00,"67,700.00"
2019-02-19,2019021901003108,PICL,41,13,200,677.00,"135,400.00"
2019-02-19,2019021901003485,PLIC,35,35,10,440.00,"4,400.00"
2019-02-19,2019021901003433,PLIC,6,39,50,438.00,"21,900.00"
2019-02-19,2019021901003422,PLIC,17,39,50,438.00,"21,900.00"
2019-02-19,2019021901003421,PLIC,17,32,50,438.00,"21,900.00"
2019-02-19,2019021901003407,PLIC,28,28,100,437.00,"43,700.00"
2019-02-19,2019021901003406,PLIC,28,38,200,437.00,"87,400.00"
2019-02-19,2019021901003329,PLIC,43,40,100,435.00,"43,500.00"
2019-02-19,2019021901003326,PLIC,29,40,110,435.00,"47,850.00"
2019-02-19,2019021901003391,PLIC,35,40,200,435.00,"87,000.00"
2019-02-19,2019021901003378,PLIC,1,40,90,435.00,"39,150.00"
2019-02-19,2019021901003258,PMHPL,10,59,10,106.00,"1,060.00"
2019-02-19,2019021901003257,PMHPL,59,49,10,107.00,"1,070.00"
2019-02-19,2019021901003191,PMHPL,10,1,10,106.00,"1,060.00"
2019-02-19,2019021901003162,PMHPL,10,36,10,106.00,"1,060.00"
2019-02-19,2019021901003129,PMHPL,10,36,10,106.00,"1,060.00"
2019-02-19,2019021901003554,PRIN,55,22,200,415.00,"83,000.00"
2019-02-19,2019021901003553,PRIN,55,47,100,415.00,"41,500.00"
2019-02-19,2019021901003552,PRIN,55,50,100,415.00,"41,500.00"
2019-02-19,2019021901003551,PRIN,55,1,109,414.00,"45,126.00"
2019-02-19,2019021901003550,PRIN,55,19,200,413.00,"82,600.00"
2019-02-19,2019021901003524,PRVU,52,42,100,208.00,"20,800.00"
2019-02-19,2019021901003523,PRVU,45,42,100,208.00,"20,800.00"
2019-02-19,2019021901003522,PRVU,29,42,300,208.00,"62,400.00"
2019-02-19,2019021901003521,PRVU,40,42,70,208.00,"14,560.00"
2019-02-19,2019021901003290,PRVU,40,29,30,208.00,"6,240.00"
2019-02-19,2019021901003289,PRVU,32,29,970,208.00,"201,760.00"
2019-02-19,2019021901003277,PRVU,32,46,30,208.00,"6,240.00"
2019-02-19,2019021901003296,RADHI,59,59,11,154.00,"1,694.00"
2019-02-19,2019021901003165,RADHI,17,36,11,152.00,"1,672.00"
2019-02-19,2019021901003139,RADHI,17,36,11,152.00,"1,672.00"
2019-02-19,2019021901003131,RADHI,17,36,11,152.00,"1,672.00"
2019-02-19,2019021901003562,RBCL,35,8,50,"9,200.00","460,000.00"
2019-02-19,2019021901003418,RMDC,13,58,100,530.00,"53,000.00"
2019-02-19,2019021901003306,RRHP,59,59,10,93.00,930.00
2019-02-19,2019021901003303,RRHP,42,59,10,92.00,920.00
2019-02-19,2019021901003200,RRHP,42,17,10,92.00,920.00
2019-02-19,2019021901003402,RRHP,39,45,10,93.00,930.00
2019-02-19,2019021901003401,RRHP,39,45,10,93.00,930.00
2019-02-19,2019021901003400,RRHP,39,29,10,93.00,930.00
2019-02-19,2019021901003399,RRHP,39,59,10,93.00,930.00
2019-02-19,2019021901003427,RSDC,19,33,180,370.00,"66,600.00"
2019-02-19,2019021901003379,RSDC,45,33,20,370.00,"7,400.00"
2019-02-19,2019021901003349,RSDC,45,46,30,370.00,"11,100.00"
2019-02-19,2019021901003201,RSDC,19,58,47,371.00,"17,437.00"
2019-02-19,2019021901003197,RSDC,17,58,10,375.00,"3,750.00"
2019-02-19,2019021901003526,SADBL,16,16,10,141.00,"1,410.00"
2019-02-19,2019021901003405,SADBL,16,25,15,139.00,"2,085.00"
2019-02-19,2019021901003404,SADBL,16,49,974,138.00,"134,412.00"
2019-02-19,2019021901003403,SADBL,16,6,32,138.00,"4,416.00"
2019-02-19,2019021901003353,SANIMA,38,36,100,291.00,"29,100.00"
2019-02-19,2019021901003347,SANIMA,56,50,100,292.00,"29,200.00"
2019-02-19,2019021901003346,SANIMA,56,37,232,292.00,"67,744.00"
2019-02-19,2019021901003345,SANIMA,56,45,778,292.00,"227,176.00"
2019-02-19,2019021901003327,SANIMA,38,6,500,291.00,"145,500.00"
2019-02-19,2019021901003178,SANIMA,38,17,50,291.00,"14,550.00"
2019-02-19,2019021901003177,SANIMA,13,17,100,291.00,"29,100.00"
2019-02-19,2019021901003310,SBBLJ,42,11,10,208.00,"2,080.00"
2019-02-19,2019021901003227,SBBLJ,44,44,260,206.00,"53,560.00"
2019-02-19,2019021901003362,SBI,6,54,100,371.00,"37,100.00"
2019-02-19,2019021901003352,SBI,6,6,35,371.00,"12,985.00"
2019-02-19,2019021901003351,SBI,56,6,50,371.00,"18,550.00"
2019-02-19,2019021901003350,SBI,52,6,15,372.00,"5,580.00"
2019-02-19,2019021901003286,SBI,52,46,20,372.00,"7,440.00"
2019-02-19,2019021901003196,SBI,52,36,15,372.00,"5,580.00"
2019-02-19,2019021901003195,SBI,1,36,100,372.00,"37,200.00"
2019-02-19,2019021901003120,SCB,58,43,20,534.00,"10,680.00"
2019-02-19,2019021901003079,SCB,11,45,10,532.00,"5,320.00"
2019-02-19,2019021901003075,SCB,55,45,10,532.00,"5,320.00"
2019-02-19,2019021901003073,SCB,57,45,100,532.00,"53,200.00"
2019-02-19,2019021901003072,SCB,55,43,10,534.00,"5,340.00"
2019-02-19,2019021901003363,SEF,59,59,500,9.05,"4,525.00"
2019-02-19,2019021901003291,SHPC,56,46,50,216.00,"10,800.00"
2019-02-19,2019021901003366,SIFC,56,33,150,133.00,"19,950.00"
2019-02-19,2019021901003358,SIL,6,56,201,601.00,"120,801.00"
2019-02-19,2019021901003331,SIL,5,22,224,600.00,"134,400.00"
2019-02-19,2019021901003074,SIL,51,56,500,594.00,"297,000.00"
2019-02-19,2019021901003514,SLBS,16,32,20,986.00,"19,720.00"
2019-02-19,2019021901003483,SLBSL,39,42,10,785.00,"7,850.00"
2019-02-19,2019021901003283,SLBSL,17,47,10,780.00,"7,800.00"
2019-02-19,2019021901003282,SLBSL,17,25,10,780.00,"7,800.00"
2019-02-19,2019021901003281,SLBSL,17,50,10,779.00,"7,790.00"
2019-02-19,2019021901003280,SLBSL,17,17,10,778.00,"7,780.00"
2019-02-19,2019021901003181,SLBSL,38,33,10,775.00,"7,750.00"
2019-02-19,2019021901003513,SMATA,22,39,100,"1,337.00","133,700.00"
2019-02-19,2019021901003376,SMB,59,59,10,641.00,"6,410.00"
2019-02-19,2019021901003357,SRBL,35,13,20,209.00,"4,180.00"
2019-02-19,2019021901003356,SRBL,35,13,190,208.00,"39,520.00"
2019-02-19,2019021901003355,SRBL,35,43,100,208.00,"20,800.00"
2019-02-19,2019021901003354,SRBL,35,28,100,207.00,"20,700.00"
2019-02-19,2019021901003337,SRBL,35,29,"1,379",206.00,"284,074.00"
2019-02-19,2019021901003323,SRBL,21,48,400,205.00,"82,000.00"
2019-02-19,2019021901003321,SRBL,46,48,200,205.00,"41,000.00"
2019-02-19,2019021901003172,SRBL,28,48,"1,500",205.00,"307,500.00"
2019-02-19,2019021901003171,SRBL,21,48,900,205.00,"184,500.00"
2019-02-19,2019021901003115,SRBL,21,48,600,205.00,"123,000.00"
2019-02-19,2019021901003091,SRBL,44,48,200,205.00,"41,000.00"
2019-02-19,2019021901003226,UMHL,57,1,23,109.00,"2,507.00"
2019-02-19,2019021901003540,UPPER,21,8,40,222.00,"8,880.00"
2019-02-19,2019021901003495,UPPER,33,38,450,223.00,"100,350.00"
2019-02-19,2019021901003491,UPPER,33,56,550,223.00,"122,650.00"
2019-02-19,2019021901003478,UPPER,33,51,50,223.00,"11,150.00"
2019-02-19,2019021901003477,UPPER,33,51,50,223.00,"11,150.00"
2019-02-19,2019021901003476,UPPER,33,51,50,223.00,"11,150.00"
2019-02-19,2019021901003090,UPPER,21,22,50,222.00,"11,100.00"
2019-02-19,2019021901003086,UPPER,21,14,50,222.00,"11,100.00"
2019-02-19,2019021901003078,UPPER,21,47,40,222.00,"8,880.00"
2019-02-19,2019021901003077,UPPER,57,47,10,222.00,"2,220.00"
2019-02-19,2019021901003208,UPPER,22,28,50,223.00,"11,150.00"
2019-02-19,2019021901003207,UPPER,22,36,40,223.00,"8,920.00"
2019-02-19,2019021901003206,UPPER,22,36,30,223.00,"6,690.00"
2019-02-19,2019021901003169,UPPER,1,36,10,223.00,"2,230.00"
2019-02-19,2019021901003168,UPPER,1,5,40,223.00,"8,920.00"
2019-02-19,2019021901003141,UPPER,21,36,50,222.00,"11,100.00"
2019-02-19,2019021901003214,UPPER,22,33,50,223.00,"11,150.00"
2019-02-19,2019021901003213,UPPER,22,33,40,223.00,"8,920.00"
2019-02-19,2019021901003212,UPPER,22,17,50,223.00,"11,150.00"
2019-02-19,2019021901003211,UPPER,22,50,40,223.00,"8,920.00"
2019-02-19,2019021901003210,UPPER,22,17,50,223.00,"11,150.00"
2019-02-19,2019021901003209,UPPER,22,17,40,223.00,"8,920.00"
2019-02-19,2019021901003220,UPPER,22,35,171,223.00,"38,133.00"
2019-02-19,2019021901003219,UPPER,22,58,50,223.00,"11,150.00"
2019-02-19,2019021901003218,UPPER,22,51,50,223.00,"11,150.00"
2019-02-19,2019021901003217,UPPER,22,17,72,223.00,"16,056.00"
2019-02-19,2019021901003216,UPPER,22,47,40,223.00,"8,920.00"
2019-02-19,2019021901003215,UPPER,22,8,50,223.00,"11,150.00"
2019-02-19,2019021901003284,UPPER,37,34,20,223.00,"4,460.00"
2019-02-19,2019021901003224,UPPER,21,26,50,222.00,"11,100.00"
2019-02-19,2019021901003222,UPPER,22,34,80,223.00,"17,840.00"
2019-02-19,2019021901003221,UPPER,22,52,97,223.00,"21,631.00"
2019-02-19,2019021901003328,UPPER,50,34,150,223.00,"33,450.00"
2019-02-19,2019021901003322,UPPER,45,34,100,223.00,"22,300.00"
2019-02-19,2019021901003455,UPPER,33,34,40,223.00,"8,920.00"
2019-02-19,2019021901003417,UPPER,21,39,50,222.00,"11,100.00"
2019-02-19,2019021901003398,UPPER,21,59,50,222.00,"11,100.00"
2019-02-19,2019021901003396,UPPER,59,34,50,223.00,"11,150.00"
2019-02-19,2019021901003392,UPPER,28,34,200,223.00,"44,600.00"
2019-02-19,2019021901003374,UPPER,21,49,50,222.00,"11,100.00"
2019-02-19,2019021901003469,UPPER,33,51,50,223.00,"11,150.00"
2019-02-19,2019021901003468,UPPER,33,51,50,223.00,"11,150.00"
2019-02-19,2019021901003467,UPPER,33,51,50,223.00,"11,150.00"
2019-02-19,2019021901003466,UPPER,33,45,40,223.00,"8,920.00"
2019-02-19,2019021901003465,UPPER,33,51,50,223.00,"11,150.00"
2019-02-19,2019021901003464,UPPER,33,34,"1,060",223.00,"236,380.00"
2019-02-19,2019021901003475,UPPER,33,51,50,223.00,"11,150.00"
2019-02-19,2019021901003474,UPPER,33,51,50,223.00,"11,150.00"
2019-02-19,2019021901003473,UPPER,33,51,50,223.00,"11,150.00"
2019-02-19,2019021901003472,UPPER,33,51,50,223.00,"11,150.00"
2019-02-19,2019021901003471,UPPER,33,51,50,223.00,"11,150.00"
2019-02-19,2019021901003470,UPPER,33,51,50,223.00,"11,150.00"
2019-02-19,2019021901002995,ADBL,33,43,54,330.00,"17,820.00"
2019-02-19,2019021901002994,ADBL,33,57,88,330.00,"29,040.00"
2019-02-19,2019021901002955,ADBL,18,57,73,330.00,"24,090.00"
2019-02-19,2019021901002954,ADBL,18,51,27,330.00,"8,910.00"
2019-02-19,2019021901002798,AHPC,45,49,80,99.00,"7,920.00"
2019-02-19,2019021901002776,AKPL,55,39,15,153.00,"2,295.00"
2019-02-19,2019021901002727,AKPL,45,41,20,156.00,"3,120.00"
2019-02-19,2019021901002979,AMFI,28,56,10,690.00,"6,900.00"
2019-02-19,2019021901002978,AMFI,28,59,10,689.00,"6,890.00"
2019-02-19,2019021901003058,API,42,43,18,127.00,"2,286.00"
2019-02-19,2019021901003057,API,42,43,242,126.00,"30,492.00"
2019-02-19,2019021901002747,API,48,49,100,125.00,"12,500.00"
2019-02-19,2019021901003050,BOKL,53,45,100,243.00,"24,300.00"
2019-02-19,2019021901002967,BOKL,56,45,187,243.00,"45,441.00"
2019-02-19,2019021901002966,BOKL,56,48,100,243.00,"24,300.00"
2019-02-19,2019021901002965,BOKL,56,59,200,243.00,"48,600.00"
2019-02-19,2019021901002964,BOKL,56,36,13,243.00,"3,159.00"
2019-02-19,2019021901002782,BOKL,16,57,200,242.00,"48,400.00"
2019-02-19,2019021901002749,BOKL,22,36,100,243.00,"24,300.00"
2019-02-19,2019021901002703,BOKL,58,21,40,242.00,"9,680.00"
2019-02-19,2019021901002704,BPCL,25,59,20,344.00,"6,880.00"
2019-02-19,2019021901002679,BPCL,59,59,10,343.00,"3,430.00"
2019-02-19,2019021901002916,CBBL,17,29,184,868.00,"159,712.00"
2019-02-19,2019021901002861,CBBL,13,29,55,868.00,"47,740.00"
2019-02-19,2019021901002860,CBBL,13,45,70,868.00,"60,760.00"
2019-02-19,2019021901002880,CBL,26,52,65,149.00,"9,685.00"
2019-02-19,2019021901002808,CCBL,32,37,91,159.00,"14,469.00"
2019-02-19,2019021901002807,CCBL,32,14,415,159.00,"65,985.00"
2019-02-19,2019021901002806,CCBL,38,14,85,159.00,"13,515.00"
2019-02-19,2019021901002801,CCBL,38,17,80,159.00,"12,720.00"
2019-02-19,2019021901002800,CCBL,38,11,35,159.00,"5,565.00"
2019-02-19,2019021901002972,CFCL,16,41,470,112.00,"52,640.00"
2019-02-19,2019021901002971,CFCL,16,17,229,112.00,"25,648.00"
2019-02-19,2019021901002613,CHCL,33,54,"2,300",505.00,"1,161,500.00"
2019-02-19,2019021901002612,CHCL,33,45,41,505.00,"20,705.00"
2019-02-19,2019021901002611,CHCL,33,34,100,505.00,"50,500.00"
2019-02-19,2019021901002610,CHCL,33,14,57,505.00,"28,785.00"
2019-02-19,2019021901002609,CHCL,33,17,80,504.00,"40,320.00"
2019-02-19,2019021901002940,CIT,58,42,228,"2,520.00","574,560.00"
2019-02-19,2019021901002926,CIT,28,42,200,"2,520.00","504,000.00"
2019-02-19,2019021901002918,CIT,33,22,100,"2,515.00","251,500.00"
2019-02-19,2019021901002912,CIT,58,22,200,"2,515.00","503,000.00"
2019-02-19,2019021901002757,CIT,16,22,300,"2,515.00","754,500.00"
2019-02-19,2019021901002707,CIT,34,22,200,"2,515.00","503,000.00"
2019-02-19,2019021901003060,CLBSL,1,34,10,649.00,"6,490.00"
2019-02-19,2019021901002957,CLBSL,39,45,10,642.00,"6,420.00"
2019-02-19,2019021901002956,CLBSL,39,11,10,642.00,"6,420.00"
2019-02-19,2019021901003036,CORBL,46,32,60,94.00,"5,640.00"
2019-02-19,2019021901002816,CZBIL,5,32,100,202.00,"20,200.00"
2019-02-19,2019021901002775,CZBIL,45,13,199,201.00,"39,999.00"
2019-02-19,2019021901002753,CZBIL,14,13,300,201.00,"60,300.00"
2019-02-19,2019021901002752,CZBIL,45,13,99,201.00,"19,899.00"
2019-02-19,2019021901002751,CZBIL,32,13,174,201.00,"34,974.00"
2019-02-19,2019021901002715,CZBIL,45,32,500,202.00,"101,000.00"
2019-02-19,2019021901002997,DBBL,7,49,429,122.00,"52,338.00"
2019-02-19,2019021901002980,DBBL,34,49,80,122.00,"9,760.00"
2019-02-19,2019021901002950,DBBL,34,49,80,122.00,"9,760.00"
2019-02-19,2019021901002915,DBBL,34,49,80,122.00,"9,760.00"
2019-02-19,2019021901002797,DBBL,11,49,300,122.00,"36,600.00"
2019-02-19,2019021901002643,DBBL,45,49,200,122.00,"24,400.00"
2019-02-19,2019021901003014,EBL,19,59,180,508.00,"91,440.00"
2019-02-19,2019021901002992,EBL,25,59,20,508.00,"10,160.00"
2019-02-19,2019021901002991,EBL,56,59,150,508.00,"76,200.00"
2019-02-19,2019021901002990,EBL,56,3,50,508.00,"25,400.00"
2019-02-19,2019021901002599,EBL,51,47,20,507.00,"10,140.00"
2019-02-19,2019021901002569,EBL,42,38,20,508.00,"10,160.00"
2019-02-19,2019021901002690,EBL,25,41,30,506.00,"15,180.00"
2019-02-19,2019021901002685,EBL,5,41,500,506.00,"253,000.00"
2019-02-19,2019021901002684,EBL,25,41,162,506.00,"81,972.00"
2019-02-19,2019021901002683,EBL,51,41,10,507.00,"5,070.00"
2019-02-19,2019021901002898,EBL,17,25,600,507.00,"304,200.00"
2019-02-19,2019021901002897,EBL,17,41,311,507.00,"157,677.00"
2019-02-19,2019021901002953,EBL,41,3,50,508.00,"25,400.00"
2019-02-19,2019021901002948,EBL,19,13,88,508.00,"44,704.00"
2019-02-19,2019021901002947,EBL,33,42,10,507.00,"5,070.00"
2019-02-19,2019021901002939,EBL,17,13,10,508.00,"5,080.00"
2019-02-19,2019021901002938,EBL,17,38,10,508.00,"5,080.00"
2019-02-19,2019021901002921,EBL,17,38,20,508.00,"10,160.00"
2019-02-19,2019021901002982,EIC,32,28,100,800.00,"80,000.00"
2019-02-19,2019021901002981,EIC,32,11,10,799.00,"7,990.00"
2019-02-19,2019021901003002,FMDBL,34,43,50,360.00,"18,000.00"
2019-02-19,2019021901003030,FOWAD,56,46,50,"1,552.00","77,600.00"
2019-02-19,2019021901003029,FOWAD,56,6,30,"1,551.00","46,530.00"
2019-02-19,2019021901002570,FOWAD,38,46,100,"1,553.00","155,300.00"
2019-02-19,2019021901003038,GBBL,36,21,250,183.00,"45,750.00"
2019-02-19,2019021901003037,GBBL,36,47,625,183.00,"114,375.00"
2019-02-19,2019021901002969,GBBL,57,47,20,183.00,"3,660.00"
2019-02-19,2019021901002920,GBBL,35,25,358,182.00,"65,156.00"
2019-02-19,2019021901002779,GBBL,44,25,200,182.00,"36,400.00"
2019-02-19,2019021901002778,GBBL,5,25,300,182.00,"54,600.00"
2019-02-19,2019021901002777,GBBL,32,25,11,182.00,"2,002.00"
2019-02-19,2019021901002665,GBBL,41,47,155,183.00,"28,365.00"
2019-02-19,2019021901002664,GBBL,41,35,45,183.00,"8,235.00"
2019-02-19,2019021901002905,GBLBS,47,42,100,437.00,"43,700.00"
2019-02-19,2019021901002904,GBLBS,47,59,185,437.00,"80,845.00"
2019-02-19,2019021901002903,GBLBS,47,39,10,437.00,"4,370.00"
2019-02-19,2019021901002730,GBLBS,29,37,10,436.00,"4,360.00"
2019-02-19,2019021901002729,GBLBS,29,37,40,436.00,"17,440.00"
2019-02-19,2019021901002601,GBLBS,10,40,30,436.00,"13,080.00"
2019-02-19,2019021901002974,GDBL,57,35,30,182.00,"5,460.00"
2019-02-19,2019021901002908,GRDBL,46,46,40,104.00,"4,160.00"
2019-02-19,2019021901002907,GRDBL,46,55,10,104.00,"1,040.00"
2019-02-19,2019021901002713,GUFL,35,29,300,102.00,"30,600.00"
2019-02-19,2019021901002911,HGI,46,42,50,380.00,"19,000.00"
2019-02-19,2019021901002829,HIDCL,22,38,474,131.00,"62,094.00"
2019-02-19,2019021901002812,HIDCL,57,38,30,131.00,"3,930.00"
2019-02-19,2019021901002706,HPPL,42,11,10,164.00,"1,640.00"
2019-02-19,2019021901002705,HPPL,42,11,10,164.00,"1,640.00"
2019-02-19,2019021901002681,HPPL,42,11,20,164.00,"3,280.00"
2019-02-19,2019021901003034,JBNL,26,34,150,164.00,"24,600.00"
2019-02-19,2019021901002878,JBNL,42,34,600,164.00,"98,400.00"
2019-02-19,2019021901002758,JBNL,49,29,100,165.00,"16,500.00"
2019-02-19,2019021901003059,JFL,14,40,77,160.00,"12,320.00"
2019-02-19,2019021901003019,JFL,17,53,100,160.00,"16,000.00"
2019-02-19,2019021901002961,KADBL,59,20,779,144.00,"112,176.00"
2019-02-19,2019021901002960,KADBL,46,20,100,145.00,"14,500.00"
2019-02-19,2019021901002959,KADBL,38,20,121,145.00,"17,545.00"
2019-02-19,2019021901002630,KADBL,38,26,79,145.00,"11,455.00"
2019-02-19,2019021901002867,KBL,32,1,"1,650",232.00,"382,800.00"
2019-02-19,2019021901002996,KMCDB,48,39,195,789.00,"153,855.00"
2019-02-19,2019021901002968,KMFL,49,22,80,912.00,"72,960.00"
2019-02-19,2019021901002879,KMFL,54,22,10,920.00,"9,200.00"
2019-02-19,2019021901002725,KPCL,59,59,10,91.00,910.00
2019-02-19,2019021901002826,KSBBL,20,38,50,134.00,"6,700.00"
2019-02-19,2019021901002731,KSBBL,34,49,"1,099",133.00,"146,167.00"
2019-02-19,2019021901002657,KSBBL,58,49,550,133.00,"73,150.00"
2019-02-19,2019021901002578,KSBBL,32,49,300,133.00,"39,900.00"
2019-02-19,2019021901002577,KSBBL,38,49,"1,000",133.00,"133,000.00"
2019-02-19,2019021901002576,KSBBL,1,49,200,133.00,"26,600.00"
2019-02-19,2019021901002575,KSBBL,41,49,100,133.00,"13,300.00"
2019-02-19,2019021901003046,LBL,16,17,103,187.00,"19,261.00"
2019-02-19,2019021901003000,LBL,25,17,30,187.00,"5,610.00"
2019-02-19,2019021901002999,LBL,25,16,120,187.00,"22,440.00"
2019-02-19,2019021901002937,LBL,39,16,280,187.00,"52,360.00"
2019-02-19,2019021901002821,LBL,36,51,287,185.00,"53,095.00"
2019-02-19,2019021901002765,LBL,4,13,170,184.00,"31,280.00"
2019-02-19,2019021901002764,LBL,34,13,300,184.00,"55,200.00"
