Date,Transact. No.,Symbol,Buyer,Seller,Quantity,Rate,Amount
2020-12-07,2020120704001989,BBC,17,32,100,"3,183.00","318,300.00"
2020-12-07,2020120704001903,BBC,42,34,100,"3,155.00","315,500.00"
2020-12-07,2020120704001832,BBC,42,32,30,"3,183.00","95,490.00"
2020-12-07,2020120704001815,BBC,55,32,20,"3,183.00","63,660.00"
2020-12-07,2020120704001748,BBC,17,5,10,"3,150.00","31,500.00"
2020-12-07,2020120704001705,BBC,17,32,40,"3,183.00","127,320.00"
2020-12-07,2020120704001695,BBC,17,6,10,"3,182.00","31,820.00"
2020-12-07,2020120704001691,BBC,35,14,10,"3,180.00","31,800.00"
2020-12-07,2020120704001641,BBC,21,22,25,"3,170.00","79,250.00"
2020-12-07,2020120704001640,BBC,21,50,10,"3,166.00","31,660.00"
2020-12-07,2020120704001616,BBC,57,22,11,"3,170.00","34,870.00"
2020-12-07,2020120704001503,BBC,57,22,19,"3,170.00","60,230.00"
2020-12-07,2020120704001742,CMF1,43,34,"2,500",9.82,"24,550.00"
2020-12-07,2020120704001741,CMF1,43,34,"4,000",9.82,"39,280.00"
2020-12-07,2020120704001714,CMF1,6,28,"20,000",9.80,"196,000.00"
2020-12-07,2020120704001992,GIC,57,50,15,588.00,"8,820.00"
2020-12-07,2020120704001990,GIC,57,22,10,588.00,"5,880.00"
2020-12-07,2020120704001988,GIC,57,56,35,590.00,"20,650.00"
2020-12-07,2020120704001987,GIC,57,42,10,588.00,"5,880.00"
2020-12-07,2020120704001985,GIC,14,28,10,589.00,"5,890.00"
2020-12-07,2020120704001981,GIC,49,56,40,590.00,"23,600.00"
2020-12-07,2020120704001515,GIC,54,40,10,587.00,"5,870.00"
2020-12-07,2020120704001513,GIC,22,33,10,586.00,"5,860.00"
2020-12-07,2020120704001510,GIC,22,39,10,586.00,"5,860.00"
2020-12-07,2020120704001509,GIC,52,21,10,585.00,"5,850.00"
2020-12-07,2020120704001502,GIC,52,16,10,585.00,"5,850.00"
2020-12-07,2020120704001533,GIC,22,56,10,586.00,"5,860.00"
2020-12-07,2020120704001530,GIC,22,35,10,586.00,"5,860.00"
2020-12-07,2020120704001526,GIC,52,33,10,585.00,"5,850.00"
2020-12-07,2020120704001524,GIC,52,39,10,585.00,"5,850.00"
2020-12-07,2020120704001521,GIC,22,39,170,586.00,"99,620.00"
2020-12-07,2020120704001520,GIC,22,39,10,586.00,"5,860.00"
2020-12-07,2020120704001547,GIC,41,45,20,588.00,"11,760.00"
2020-12-07,2020120704001546,GIC,41,36,10,588.00,"5,880.00"
2020-12-07,2020120704001541,GIC,22,42,10,586.00,"5,860.00"
2020-12-07,2020120704001539,GIC,22,49,10,586.00,"5,860.00"
2020-12-07,2020120704001538,GIC,22,6,10,586.00,"5,860.00"
2020-12-07,2020120704001535,GIC,22,4,10,586.00,"5,860.00"
2020-12-07,2020120704001578,GIC,35,32,10,589.00,"5,890.00"
2020-12-07,2020120704001556,GIC,41,13,10,589.00,"5,890.00"
2020-12-07,2020120704001554,GIC,22,42,10,586.00,"5,860.00"
2020-12-07,2020120704001552,GIC,22,39,10,586.00,"5,860.00"
2020-12-07,2020120704001551,GIC,22,39,10,586.00,"5,860.00"
2020-12-07,2020120704001549,GIC,22,39,10,586.00,"5,860.00"
2020-12-07,2020120704001602,GIC,58,49,10,587.00,"5,870.00"
2020-12-07,2020120704001588,GIC,22,42,10,586.00,"5,860.00"
2020-12-07,2020120704001586,GIC,22,25,10,586.00,"5,860.00"
2020-12-07,2020120704001584,GIC,22,3,10,586.00,"5,860.00"
2020-12-07,2020120704001583,GIC,22,26,10,586.00,"5,860.00"
2020-12-07,2020120704001580,GIC,22,57,10,586.00,"5,860.00"
2020-12-07,2020120704001632,GIC,22,26,10,586.00,"5,860.00"
2020-12-07,2020120704001627,GIC,22,45,10,586.00,"5,860.00"
2020-12-07,2020120704001623,GIC,22,36,10,586.00,"5,860.00"
2020-12-07,2020120704001622,GIC,22,39,10,586.00,"5,860.00"
2020-12-07,2020120704001614,GIC,22,7,10,586.00,"5,860.00"
2020-12-07,2020120704001610,GIC,3,3,10,587.00,"5,870.00"
2020-12-07,2020120704001659,GIC,32,40,10,587.00,"5,870.00"
2020-12-07,2020120704001657,GIC,32,33,10,587.00,"5,870.00"
2020-12-07,2020120704001656,GIC,32,20,10,587.00,"5,870.00"
2020-12-07,2020120704001645,GIC,32,33,10,587.00,"5,870.00"
2020-12-07,2020120704001643,GIC,22,34,10,586.00,"5,860.00"
2020-12-07,2020120704001639,GIC,22,39,10,586.00,"5,860.00"
2020-12-07,2020120704001671,GIC,19,59,10,589.00,"5,890.00"
2020-12-07,2020120704001670,GIC,19,51,10,588.00,"5,880.00"
2020-12-07,2020120704001669,GIC,19,26,10,588.00,"5,880.00"
2020-12-07,2020120704001667,GIC,22,42,10,587.00,"5,870.00"
2020-12-07,2020120704001666,GIC,22,26,10,587.00,"5,870.00"
2020-12-07,2020120704001664,GIC,32,22,10,587.00,"5,870.00"
2020-12-07,2020120704001684,GIC,22,37,10,586.00,"5,860.00"
2020-12-07,2020120704001682,GIC,22,41,10,586.00,"5,860.00"
2020-12-07,2020120704001681,GIC,22,51,10,586.00,"5,860.00"
2020-12-07,2020120704001675,GIC,22,51,10,586.00,"5,860.00"
2020-12-07,2020120704001673,GIC,19,46,100,589.00,"58,900.00"
2020-12-07,2020120704001672,GIC,19,29,10,589.00,"5,890.00"
2020-12-07,2020120704001700,GIC,45,41,10,586.00,"5,860.00"
2020-12-07,2020120704001699,GIC,45,38,10,586.00,"5,860.00"
2020-12-07,2020120704001694,GIC,22,6,10,586.00,"5,860.00"
2020-12-07,2020120704001692,GIC,22,11,10,586.00,"5,860.00"
2020-12-07,2020120704001690,GIC,22,51,10,586.00,"5,860.00"
2020-12-07,2020120704001689,GIC,22,42,10,586.00,"5,860.00"
2020-12-07,2020120704001713,GIC,58,50,10,587.00,"5,870.00"
2020-12-07,2020120704001709,GIC,58,38,10,587.00,"5,870.00"
2020-12-07,2020120704001708,GIC,58,29,10,587.00,"5,870.00"
2020-12-07,2020120704001704,GIC,26,42,50,590.00,"29,500.00"
2020-12-07,2020120704001702,GIC,58,46,10,587.00,"5,870.00"
2020-12-07,2020120704001701,GIC,58,32,10,587.00,"5,870.00"
2020-12-07,2020120704001725,GIC,22,17,20,587.00,"11,740.00"
2020-12-07,2020120704001724,GIC,50,45,10,586.00,"5,860.00"
2020-12-07,2020120704001723,GIC,45,45,10,586.00,"5,860.00"
2020-12-07,2020120704001722,GIC,45,26,10,586.00,"5,860.00"
2020-12-07,2020120704001716,GIC,57,17,40,587.00,"23,480.00"
2020-12-07,2020120704001715,GIC,58,33,10,587.00,"5,870.00"
2020-12-07,2020120704001739,GIC,49,17,70,587.00,"41,090.00"
2020-12-07,2020120704001735,GIC,49,37,10,587.00,"5,870.00"
2020-12-07,2020120704001734,GIC,49,47,10,587.00,"5,870.00"
2020-12-07,2020120704001733,GIC,49,19,10,587.00,"5,870.00"
2020-12-07,2020120704001732,GIC,22,26,10,587.00,"5,870.00"
2020-12-07,2020120704001730,GIC,22,47,10,587.00,"5,870.00"
2020-12-07,2020120704001753,GIC,22,21,10,586.00,"5,860.00"
2020-12-07,2020120704001752,GIC,22,41,10,586.00,"5,860.00"
2020-12-07,2020120704001747,GIC,22,47,10,586.00,"5,860.00"
2020-12-07,2020120704001745,GIC,22,35,10,586.00,"5,860.00"
2020-12-07,2020120704001744,GIC,22,26,10,586.00,"5,860.00"
2020-12-07,2020120704001743,GIC,50,47,10,586.00,"5,860.00"
2020-12-07,2020120704001760,GIC,43,38,10,588.00,"5,880.00"
2020-12-07,2020120704001759,GIC,43,42,10,588.00,"5,880.00"
2020-12-07,2020120704001758,GIC,43,57,10,587.00,"5,870.00"
2020-12-07,2020120704001757,GIC,22,17,70,586.00,"41,020.00"
2020-12-07,2020120704001756,GIC,22,7,10,586.00,"5,860.00"
2020-12-07,2020120704001754,GIC,22,36,10,586.00,"5,860.00"
2020-12-07,2020120704001779,GIC,59,42,90,590.00,"53,100.00"
2020-12-07,2020120704001778,GIC,59,34,10,589.00,"5,890.00"
2020-12-07,2020120704001774,GIC,58,21,10,588.00,"5,880.00"
2020-12-07,2020120704001773,GIC,58,47,10,588.00,"5,880.00"
2020-12-07,2020120704001772,GIC,58,36,10,588.00,"5,880.00"
2020-12-07,2020120704001771,GIC,58,42,10,587.00,"5,870.00"
2020-12-07,2020120704001789,GIC,57,42,200,588.00,"117,600.00"
2020-12-07,2020120704001788,GIC,57,25,10,588.00,"5,880.00"
2020-12-07,2020120704001787,GIC,57,34,65,588.00,"38,220.00"
2020-12-07,2020120704001786,GIC,57,5,60,588.00,"35,280.00"
2020-12-07,2020120704001785,GIC,58,5,40,588.00,"23,520.00"
2020-12-07,2020120704001782,GIC,58,36,10,588.00,"5,880.00"
2020-12-07,2020120704001809,GIC,22,42,230,590.00,"135,700.00"
2020-12-07,2020120704001800,GIC,57,42,100,590.00,"59,000.00"
2020-12-07,2020120704001799,GIC,57,42,10,588.00,"5,880.00"
2020-12-07,2020120704001797,GIC,57,45,10,588.00,"5,880.00"
2020-12-07,2020120704001794,GIC,57,50,10,588.00,"5,880.00"
2020-12-07,2020120704001791,GIC,22,6,"2,000",589.00,"1,178,000.00"
2020-12-07,2020120704001834,GIC,57,47,10,588.00,"5,880.00"
2020-12-07,2020120704001831,GIC,57,57,10,588.00,"5,880.00"
2020-12-07,2020120704001830,GIC,57,59,10,588.00,"5,880.00"
2020-12-07,2020120704001829,GIC,57,41,10,588.00,"5,880.00"
2020-12-07,2020120704001823,GIC,6,42,160,590.00,"94,400.00"
2020-12-07,2020120704001812,GIC,57,37,10,588.00,"5,880.00"
2020-12-07,2020120704001853,GIC,14,50,10,589.00,"5,890.00"
2020-12-07,2020120704001851,GIC,57,35,10,588.00,"5,880.00"
2020-12-07,2020120704001850,GIC,57,49,10,588.00,"5,880.00"
2020-12-07,2020120704001842,GIC,57,58,10,588.00,"5,880.00"
2020-12-07,2020120704001838,GIC,57,37,10,588.00,"5,880.00"
2020-12-07,2020120704001837,GIC,57,6,10,588.00,"5,880.00"
2020-12-07,2020120704001864,GIC,54,13,50,590.00,"29,500.00"
2020-12-07,2020120704001863,GIC,54,42,"1,185",590.00,"699,150.00"
2020-12-07,2020120704001862,GIC,54,14,10,590.00,"5,900.00"
2020-12-07,2020120704001861,GIC,54,21,10,590.00,"5,900.00"
2020-12-07,2020120704001860,GIC,54,42,"1,006",590.00,"593,540.00"
2020-12-07,2020120704001854,GIC,14,58,10,589.00,"5,890.00"
2020-12-07,2020120704001884,GIC,54,58,10,590.00,"5,900.00"
2020-12-07,2020120704001883,GIC,54,36,10,590.00,"5,900.00"
2020-12-07,2020120704001882,GIC,54,42,261,590.00,"153,990.00"
2020-12-07,2020120704001877,GIC,59,42,100,590.00,"59,000.00"
2020-12-07,2020120704001866,GIC,14,45,10,589.00,"5,890.00"
2020-12-07,2020120704001865,GIC,54,42,739,590.00,"436,010.00"
2020-12-07,2020120704001890,GIC,54,34,20,590.00,"11,800.00"
2020-12-07,2020120704001889,GIC,54,17,10,590.00,"5,900.00"
2020-12-07,2020120704001888,GIC,54,21,10,590.00,"5,900.00"
2020-12-07,2020120704001887,GIC,54,58,10,590.00,"5,900.00"
2020-12-07,2020120704001886,GIC,54,43,10,590.00,"5,900.00"
2020-12-07,2020120704001885,GIC,54,54,10,590.00,"5,900.00"
2020-12-07,2020120704001896,GIC,14,56,10,589.00,"5,890.00"
2020-12-07,2020120704001895,GIC,54,19,19,591.00,"11,229.00"
2020-12-07,2020120704001894,GIC,54,36,10,591.00,"5,910.00"
2020-12-07,2020120704001893,GIC,54,49,100,590.00,"59,000.00"
2020-12-07,2020120704001892,GIC,54,42,10,590.00,"5,900.00"
2020-12-07,2020120704001891,GIC,54,34,10,590.00,"5,900.00"
2020-12-07,2020120704001910,GIC,54,44,10,592.00,"5,920.00"
2020-12-07,2020120704001909,GIC,54,42,10,592.00,"5,920.00"
2020-12-07,2020120704001908,GIC,54,54,10,592.00,"5,920.00"
2020-12-07,2020120704001907,GIC,54,49,10,591.00,"5,910.00"
2020-12-07,2020120704001904,GIC,14,58,10,589.00,"5,890.00"
2020-12-07,2020120704001898,GIC,14,49,10,589.00,"5,890.00"
2020-12-07,2020120704001924,GIC,17,39,10,590.00,"5,900.00"
2020-12-07,2020120704001918,GIC,17,37,10,590.00,"5,900.00"
2020-12-07,2020120704001915,GIC,17,37,10,590.00,"5,900.00"
2020-12-07,2020120704001914,GIC,14,29,10,589.00,"5,890.00"
2020-12-07,2020120704001912,GIC,14,29,10,589.00,"5,890.00"
2020-12-07,2020120704001911,GIC,54,3,10,593.00,"5,930.00"
2020-12-07,2020120704001960,GIC,36,50,100,593.00,"59,300.00"
2020-12-07,2020120704001959,GIC,47,37,10,591.00,"5,910.00"
2020-12-07,2020120704001958,GIC,47,58,10,591.00,"5,910.00"
2020-12-07,2020120704001956,GIC,47,33,10,591.00,"5,910.00"
2020-12-07,2020120704001955,GIC,43,50,10,592.00,"5,920.00"
2020-12-07,2020120704001927,GIC,13,56,50,592.00,"29,600.00"
2020-12-07,2020120704001969,GIC,49,57,10,594.00,"5,940.00"
2020-12-07,2020120704001968,GIC,49,41,10,594.00,"5,940.00"
2020-12-07,2020120704001967,GIC,49,56,50,593.00,"29,650.00"
2020-12-07,2020120704001966,GIC,49,21,50,593.00,"29,650.00"
2020-12-07,2020120704001965,GIC,49,50,370,593.00,"219,410.00"
2020-12-07,2020120704001964,GIC,49,42,80,592.00,"47,360.00"
2020-12-07,2020120704001980,GIC,51,56,80,590.00,"47,200.00"
2020-12-07,2020120704001977,GIC,51,37,10,590.00,"5,900.00"
2020-12-07,2020120704001975,GIC,51,45,10,590.00,"5,900.00"
2020-12-07,2020120704001972,GIC,49,6,30,594.00,"17,820.00"
2020-12-07,2020120704001971,GIC,49,3,10,594.00,"5,940.00"
2020-12-07,2020120704001970,GIC,49,44,10,594.00,"5,940.00"
2020-12-07,2020120704001852,GIMES1,7,49,"1,000",11.16,"11,160.00"
2020-12-07,2020120704001579,GIMES1,7,42,"5,000",11.25,"56,250.00"
2020-12-07,2020120704001869,LEMF,56,49,"1,000",9.60,"9,600.00"
2020-12-07,2020120704001729,LEMF,42,37,"11,699",9.58,"112,076.42"
2020-12-07,2020120704001905,LUK,58,21,100,9.50,950.00
2020-12-07,2020120704001844,LUK,58,52,100,9.50,950.00
2020-12-07,2020120704001843,LUK,58,45,100,9.40,940.00
2020-12-07,2020120704001633,LUK,34,58,200,9.50,"1,900.00"
2020-12-07,2020120704001798,NBF2,17,58,100,9.85,985.00
2020-12-07,2020120704001737,NBF2,17,32,100,9.85,985.00
2020-12-07,2020120704001680,NBF2,58,35,"1,000",9.94,"9,940.00"
2020-12-07,2020120704001679,NBF2,58,29,"1,500",9.92,"14,880.00"
2020-12-07,2020120704001678,NBF2,58,50,100,9.91,991.00
2020-12-07,2020120704001677,NBF2,58,44,"1,000",9.87,"9,870.00"
2020-12-07,2020120704001559,NBF2,17,42,500,9.85,"4,925.00"
2020-12-07,2020120704001558,NBF2,17,56,"1,000",9.80,"9,800.00"
2020-12-07,2020120704001557,NBF2,17,29,500,9.80,"4,900.00"
2020-12-07,2020120704001518,NBF2,58,21,100,9.70,970.00
2020-12-07,2020120704001979,NCCBPO,38,25,"288,000",114.00,"32,832,000.00"
2020-12-07,2020120704001847,NEF,10,6,241,9.81,"2,364.21"
2020-12-07,2020120704001647,NEF,17,17,"16,379",9.94,"162,807.26"
2020-12-07,2020120704001626,NEF,38,8,"7,000",9.95,"69,650.00"
2020-12-07,2020120704001550,NEF,38,1,100,9.95,995.00
2020-12-07,2020120704001529,NEF,17,54,483,9.94,"4,801.02"
2020-12-07,2020120704001525,NEF,17,29,"6,448",9.94,"64,093.12"
2020-12-07,2020120704001984,NIBLPF,58,8,253,9.96,"2,519.88"
2020-12-07,2020120704001923,NIBLPF,58,4,"2,273",9.96,"22,639.08"
2020-12-07,2020120704001663,NIBLPF,58,34,"1,010",10.00,"10,100.00"
2020-12-07,2020120704001662,NIBLPF,58,34,"1,010",10.00,"10,100.00"
2020-12-07,2020120704001661,NIBLPF,58,29,"2,525",10.00,"25,250.00"
2020-12-07,2020120704001878,NIBPO,58,16,10,431.00,"4,310.00"
2020-12-07,2020120704001876,NIBPO,58,56,320,424.00,"135,680.00"
2020-12-07,2020120704001875,NIBPO,58,51,63,424.00,"26,712.00"
2020-12-07,2020120704001874,NIBPO,58,52,704,424.00,"298,496.00"
2020-12-07,2020120704001873,NIBPO,58,56,100,423.00,"42,300.00"
2020-12-07,2020120704001872,NIBPO,58,52,372,423.00,"157,356.00"
2020-12-07,2020120704001604,NIBPO,28,37,79,417.00,"32,943.00"
2020-12-07,2020120704001603,NIBPO,28,51,150,417.00,"62,550.00"
2020-12-07,2020120704001576,NIBPO,55,38,57,414.00,"23,598.00"
2020-12-07,2020120704001575,NIBPO,43,38,100,415.00,"41,500.00"
2020-12-07,2020120704001818,NIBPO,58,26,60,418.00,"25,080.00"
2020-12-07,2020120704001817,NIBPO,58,37,305,417.00,"127,185.00"
2020-12-07,2020120704001766,NIBPO,39,6,"2,082",415.00,"864,030.00"
2020-12-07,2020120704001765,NIBPO,20,6,489,416.00,"203,424.00"
2020-12-07,2020120704001660,NIBPO,20,26,100,416.00,"41,600.00"
2020-12-07,2020120704001635,NIBPO,20,58,911,416.00,"378,976.00"
2020-12-07,2020120704001871,NIBPO,58,57,965,423.00,"408,195.00"
2020-12-07,2020120704001825,NIBPO,58,57,35,423.00,"14,805.00"
2020-12-07,2020120704001822,NIBPO,58,22,500,422.00,"211,000.00"
2020-12-07,2020120704001821,NIBPO,58,11,800,420.00,"336,000.00"
2020-12-07,2020120704001820,NIBPO,58,46,100,419.00,"41,900.00"
2020-12-07,2020120704001819,NIBPO,58,17,200,419.00,"83,800.00"
2020-12-07,2020120704001954,NIBSF1,7,43,100,11.22,"1,122.00"
2020-12-07,2020120704001925,NIBSF1,58,34,"2,000",11.00,"22,000.00"
2020-12-07,2020120704001836,NIBSF1,7,17,100,11.22,"1,122.00"
2020-12-07,2020120704001792,NIBSF1,58,37,"1,000",11.00,"11,000.00"
2020-12-07,2020120704001790,NIBSF1,58,37,"2,000",11.00,"22,000.00"
2020-12-07,2020120704001780,NIBSF1,58,37,"1,000",11.00,"11,000.00"
2020-12-07,2020120704001710,NIBSF1,58,37,"1,000",11.00,"11,000.00"
2020-12-07,2020120704001619,NIBSF1,57,48,"15,654",11.05,"172,976.70"
2020-12-07,2020120704001618,NIBSF1,57,22,"5,695",11.00,"62,645.00"
2020-12-07,2020120704001611,NIBSF1,58,22,"1,000",11.00,"11,000.00"
2020-12-07,2020120704001508,NIBSF1,58,22,"2,000",11.00,"22,000.00"
2020-12-07,2020120704001826,NICBF,22,58,100,9.75,975.00
2020-12-07,2020120704001795,NICBF,10,45,200,9.86,"1,972.00"
2020-12-07,2020120704001868,NICGF,17,38,500,10.31,"5,155.00"
2020-12-07,2020120704001532,NICGF,17,47,100,10.31,"1,031.00"
2020-12-07,2020120704001926,NMB50,16,45,300,10.10,"3,030.00"
2020-12-07,2020120704001880,NMBHF1,11,6,416,9.90,"4,118.40"
2020-12-07,2020120704001703,NMBHF1,17,17,"3,155",9.89,"31,202.95"
2020-12-07,2020120704001983,RBCLPO,33,6,10,"14,600.00","146,000.00"
2020-12-07,2020120704001942,RBCLPO,58,6,10,"14,484.00","144,840.00"
2020-12-07,2020120704001941,RBCLPO,58,54,17,"14,450.00","245,650.00"
2020-12-07,2020120704001687,RBCLPO,33,32,30,"14,400.00","432,000.00"
2020-12-07,2020120704001646,RBCLPO,38,6,10,"14,395.00","143,950.00"
2020-12-07,2020120704001858,SAEF,42,34,"50,000",11.22,"561,000.00"
2020-12-07,2020120704001845,SAEF,58,4,500,11.15,"5,575.00"
2020-12-07,2020120704001833,SAEF,42,52,"1,000",11.15,"11,150.00"
2020-12-07,2020120704001784,SAEF,42,49,"10,000",11.14,"111,400.00"
2020-12-07,2020120704001755,SAEF,6,45,"5,000",11.13,"55,650.00"
2020-12-07,2020120704001630,SAEF,6,42,"1,000",11.13,"11,130.00"
2020-12-07,2020120704001629,SAEF,6,44,"1,000",11.13,"11,130.00"
2020-12-07,2020120704001628,SAEF,6,46,"1,000",11.13,"11,130.00"
2020-12-07,2020120704001507,SAEF,17,45,500,11.12,"5,560.00"
2020-12-07,2020120704001973,SEF,29,34,"3,900",10.17,"39,663.00"
2020-12-07,2020120704001902,SEF,6,58,"3,580",10.16,"36,372.80"
2020-12-07,2020120704001899,SEF,17,58,420,10.19,"4,279.80"
2020-12-07,2020120704001840,SEF,17,46,500,10.20,"5,100.00"
2020-12-07,2020120704001839,SEF,17,4,500,10.20,"5,100.00"
2020-12-07,2020120704001625,SEF,17,8,"2,000",10.19,"20,380.00"
2020-12-07,2020120704001600,SEF,17,38,"2,100",10.30,"21,630.00"
2020-12-07,2020120704001599,SEF,17,42,900,10.30,"9,270.00"
2020-12-07,2020120704001597,SEF,17,58,"1,000",10.25,"10,250.00"
2020-12-07,2020120704001596,SEF,17,39,500,10.25,"5,125.00"
2020-12-07,2020120704001993,SFMF,10,50,100,9.88,988.00
2020-12-07,2020120704001712,SFMF,10,50,100,9.69,969.00
2020-12-07,2020120704001995,SGI,50,28,20,610.00,"12,200.00"
2020-12-07,2020120704001994,SGI,50,6,10,610.00,"6,100.00"
2020-12-07,2020120704001986,SGI,50,58,10,610.00,"6,100.00"
2020-12-07,2020120704001982,SGI,50,53,10,610.00,"6,100.00"
2020-12-07,2020120704001976,SGI,38,14,10,611.00,"6,110.00"
2020-12-07,2020120704001974,SGI,50,42,10,610.00,"6,100.00"
2020-12-07,2020120704001501,SGI,26,36,420,601.00,"252,420.00"
2020-12-07,2020120704001500,SGI,1,36,50,602.00,"30,100.00"
2020-12-07,2020120704001499,SGI,51,36,100,602.00,"60,200.00"
2020-12-07,2020120704001498,SGI,32,36,150,602.00,"90,300.00"
2020-12-07,2020120704001497,SGI,1,36,50,603.00,"30,150.00"
2020-12-07,2020120704001516,SGI,32,6,10,602.00,"6,020.00"
2020-12-07,2020120704001514,SGI,48,8,10,601.00,"6,010.00"
2020-12-07,2020120704001512,SGI,26,39,10,601.00,"6,010.00"
2020-12-07,2020120704001506,SGI,26,21,10,601.00,"6,010.00"
2020-12-07,2020120704001505,SGI,26,16,10,601.00,"6,010.00"
2020-12-07,2020120704001504,SGI,26,3,10,601.00,"6,010.00"
2020-12-07,2020120704001528,SGI,10,39,10,602.00,"6,020.00"
2020-12-07,2020120704001527,SGI,10,59,10,602.00,"6,020.00"
2020-12-07,2020120704001523,SGI,32,28,10,604.00,"6,040.00"
2020-12-07,2020120704001522,SGI,32,36,10,604.00,"6,040.00"
2020-12-07,2020120704001519,SGI,32,48,10,604.00,"6,040.00"
2020-12-07,2020120704001517,SGI,32,58,10,604.00,"6,040.00"
2020-12-07,2020120704001543,SGI,49,28,10,605.00,"6,050.00"
2020-12-07,2020120704001542,SGI,49,39,10,605.00,"6,050.00"
2020-12-07,2020120704001540,SGI,49,39,10,605.00,"6,050.00"
2020-12-07,2020120704001536,SGI,49,35,10,605.00,"6,050.00"
2020-12-07,2020120704001534,SGI,49,29,10,605.00,"6,050.00"
2020-12-07,2020120704001531,SGI,49,19,10,605.00,"6,050.00"
2020-12-07,2020120704001561,SGI,49,28,10,607.00,"6,070.00"
2020-12-07,2020120704001560,SGI,54,45,10,606.00,"6,060.00"
2020-12-07,2020120704001555,SGI,54,28,10,606.00,"6,060.00"
2020-12-07,2020120704001553,SGI,54,38,10,606.00,"6,060.00"
2020-12-07,2020120704001548,SGI,49,42,10,605.00,"6,050.00"
2020-12-07,2020120704001545,SGI,49,34,10,605.00,"6,050.00"
2020-12-07,2020120704001567,SGI,49,20,10,608.00,"6,080.00"
2020-12-07,2020120704001566,SGI,49,34,10,608.00,"6,080.00"
2020-12-07,2020120704001565,SGI,49,45,10,608.00,"6,080.00"
2020-12-07,2020120704001564,SGI,49,34,10,608.00,"6,080.00"
2020-12-07,2020120704001563,SGI,49,35,40,607.00,"24,280.00"
2020-12-07,2020120704001562,SGI,49,52,100,607.00,"60,700.00"
2020-12-07,2020120704001573,SGI,49,39,10,608.00,"6,080.00"
2020-12-07,2020120704001572,SGI,49,14,10,608.00,"6,080.00"
2020-12-07,2020120704001571,SGI,49,54,10,608.00,"6,080.00"
2020-12-07,2020120704001570,SGI,49,29,10,608.00,"6,080.00"
2020-12-07,2020120704001569,SGI,49,36,10,608.00,"6,080.00"
2020-12-07,2020120704001568,SGI,49,36,10,608.00,"6,080.00"
2020-12-07,2020120704001589,SGI,45,6,10,609.00,"6,090.00"
2020-12-07,2020120704001587,SGI,49,26,10,608.00,"6,080.00"
2020-12-07,2020120704001585,SGI,49,34,10,608.00,"6,080.00"
2020-12-07,2020120704001581,SGI,49,39,10,608.00,"6,080.00"
2020-12-07,2020120704001577,SGI,49,39,10,608.00,"6,080.00"
2020-12-07,2020120704001574,SGI,49,51,10,608.00,"6,080.00"
2020-12-07,2020120704001595,SGI,49,7,10,608.00,"6,080.00"
2020-12-07,2020120704001594,SGI,45,26,10,609.00,"6,090.00"
2020-12-07,2020120704001593,SGI,45,57,10,609.00,"6,090.00"
2020-12-07,2020120704001592,SGI,45,59,10,609.00,"6,090.00"
2020-12-07,2020120704001591,SGI,45,25,10,609.00,"6,090.00"
2020-12-07,2020120704001590,SGI,45,13,50,609.00,"30,450.00"
2020-12-07,2020120704001608,SGI,56,6,10,610.00,"6,100.00"
2020-12-07,2020120704001607,SGI,56,58,10,610.00,"6,100.00"
2020-12-07,2020120704001606,SGI,49,7,10,608.00,"6,080.00"
2020-12-07,2020120704001605,SGI,49,59,10,608.00,"6,080.00"
2020-12-07,2020120704001601,SGI,49,39,10,608.00,"6,080.00"
2020-12-07,2020120704001598,SGI,49,34,10,608.00,"6,080.00"
2020-12-07,2020120704001620,SGI,49,40,10,608.00,"6,080.00"
2020-12-07,2020120704001617,SGI,49,7,10,608.00,"6,080.00"
2020-12-07,2020120704001615,SGI,49,40,10,608.00,"6,080.00"
2020-12-07,2020120704001613,SGI,49,34,10,608.00,"6,080.00"
2020-12-07,2020120704001612,SGI,39,11,20,609.00,"12,180.00"
2020-12-07,2020120704001609,SGI,39,7,10,609.00,"6,090.00"
2020-12-07,2020120704001637,SGI,49,39,10,608.00,"6,080.00"
2020-12-07,2020120704001636,SGI,49,37,10,608.00,"6,080.00"
2020-12-07,2020120704001634,SGI,49,37,10,608.00,"6,080.00"
2020-12-07,2020120704001631,SGI,49,37,10,608.00,"6,080.00"
2020-12-07,2020120704001624,SGI,49,39,10,608.00,"6,080.00"
2020-12-07,2020120704001621,SGI,49,6,10,608.00,"6,080.00"
2020-12-07,2020120704001650,SGI,45,11,30,609.00,"18,270.00"
2020-12-07,2020120704001649,SGI,49,45,10,608.00,"6,080.00"
2020-12-07,2020120704001648,SGI,49,33,10,608.00,"6,080.00"
2020-12-07,2020120704001644,SGI,49,33,10,608.00,"6,080.00"
2020-12-07,2020120704001642,SGI,49,33,10,608.00,"6,080.00"
2020-12-07,2020120704001638,SGI,49,36,10,608.00,"6,080.00"
2020-12-07,2020120704001658,SGI,45,55,10,608.00,"6,080.00"
2020-12-07,2020120704001655,SGI,45,4,30,610.00,"18,300.00"
2020-12-07,2020120704001654,SGI,45,44,10,610.00,"6,100.00"
2020-12-07,2020120704001653,SGI,45,36,10,610.00,"6,100.00"
2020-12-07,2020120704001652,SGI,45,57,10,610.00,"6,100.00"
2020-12-07,2020120704001651,SGI,45,57,10,609.00,"6,090.00"
2020-12-07,2020120704001685,SGI,49,55,10,609.00,"6,090.00"
2020-12-07,2020120704001683,SGI,50,55,10,608.00,"6,080.00"
2020-12-07,2020120704001676,SGI,50,49,10,608.00,"6,080.00"
2020-12-07,2020120704001674,SGI,50,26,10,608.00,"6,080.00"
2020-12-07,2020120704001668,SGI,45,55,10,608.00,"6,080.00"
2020-12-07,2020120704001665,SGI,45,55,10,608.00,"6,080.00"
2020-12-07,2020120704001698,SGI,6,29,10,606.00,"6,060.00"
2020-12-07,2020120704001697,SGI,6,51,10,606.00,"6,060.00"
2020-12-07,2020120704001696,SGI,58,29,10,606.00,"6,060.00"
2020-12-07,2020120704001693,SGI,54,38,10,606.00,"6,060.00"
2020-12-07,2020120704001688,SGI,54,51,10,606.00,"6,060.00"
2020-12-07,2020120704001686,SGI,54,3,10,606.00,"6,060.00"
2020-12-07,2020120704001719,SGI,11,4,70,610.00,"42,700.00"
2020-12-07,2020120704001718,SGI,11,51,10,609.00,"6,090.00"
2020-12-07,2020120704001717,SGI,50,26,10,606.00,"6,060.00"
2020-12-07,2020120704001711,SGI,6,50,10,606.00,"6,060.00"
2020-12-07,2020120704001707,SGI,6,29,10,606.00,"6,060.00"
2020-12-07,2020120704001706,SGI,6,29,10,606.00,"6,060.00"
2020-12-07,2020120704001731,SGI,49,19,10,605.00,"6,050.00"
2020-12-07,2020120704001728,SGI,50,41,10,606.00,"6,060.00"
2020-12-07,2020120704001727,SGI,50,38,10,606.00,"6,060.00"
2020-12-07,2020120704001726,SGI,50,26,10,606.00,"6,060.00"
2020-12-07,2020120704001721,SGI,50,26,10,606.00,"6,060.00"
2020-12-07,2020120704001720,SGI,11,28,20,610.00,"12,200.00"
2020-12-07,2020120704001751,SGI,11,41,10,607.00,"6,070.00"
2020-12-07,2020120704001750,SGI,11,37,10,607.00,"6,070.00"
2020-12-07,2020120704001746,SGI,11,14,10,607.00,"6,070.00"
2020-12-07,2020120704001740,SGI,11,47,10,607.00,"6,070.00"
2020-12-07,2020120704001738,SGI,49,42,10,605.00,"6,050.00"
2020-12-07,2020120704001736,SGI,49,47,10,605.00,"6,050.00"
2020-12-07,2020120704001768,SGI,59,29,10,609.00,"6,090.00"
2020-12-07,2020120704001767,SGI,59,36,10,608.00,"6,080.00"
2020-12-07,2020120704001764,SGI,11,45,10,607.00,"6,070.00"
2020-12-07,2020120704001763,SGI,11,41,10,607.00,"6,070.00"
2020-12-07,2020120704001762,SGI,11,29,10,607.00,"6,070.00"
2020-12-07,2020120704001761,SGI,11,21,10,607.00,"6,070.00"
2020-12-07,2020120704001804,SGI,14,5,10,610.00,"6,100.00"
2020-12-07,2020120704001803,SGI,14,55,10,610.00,"6,100.00"
2020-12-07,2020120704001802,SGI,14,42,10,610.00,"6,100.00"
2020-12-07,2020120704001801,SGI,14,28,410,610.00,"250,100.00"
2020-12-07,2020120704001781,SGI,59,28,70,610.00,"42,700.00"
2020-12-07,2020120704001769,SGI,59,50,10,609.00,"6,090.00"
2020-12-07,2020120704001811,SGI,11,52,10,607.00,"6,070.00"
2020-12-07,2020120704001810,SGI,11,45,10,607.00,"6,070.00"
2020-12-07,2020120704001808,SGI,14,45,30,610.00,"18,300.00"
2020-12-07,2020120704001807,SGI,14,52,10,610.00,"6,100.00"
2020-12-07,2020120704001806,SGI,14,41,10,610.00,"6,100.00"
2020-12-07,2020120704001805,SGI,14,52,10,610.00,"6,100.00"
2020-12-07,2020120704001828,SGI,11,21,10,607.00,"6,070.00"
2020-12-07,2020120704001827,SGI,11,47,10,607.00,"6,070.00"
2020-12-07,2020120704001824,SGI,11,28,10,607.00,"6,070.00"
2020-12-07,2020120704001816,SGI,11,58,10,607.00,"6,070.00"
2020-12-07,2020120704001814,SGI,11,5,10,607.00,"6,070.00"
2020-12-07,2020120704001813,SGI,50,57,500,609.00,"304,500.00"
2020-12-07,2020120704001857,SGI,49,49,10,605.00,"6,050.00"
2020-12-07,2020120704001849,SGI,58,47,200,607.00,"121,400.00"
2020-12-07,2020120704001848,SGI,11,47,230,607.00,"139,610.00"
2020-12-07,2020120704001846,SGI,11,58,10,607.00,"6,070.00"
2020-12-07,2020120704001841,SGI,11,45,100,607.00,"60,700.00"
2020-12-07,2020120704001835,SGI,11,57,10,607.00,"6,070.00"
2020-12-07,2020120704001900,SGI,38,49,10,607.00,"6,070.00"
2020-12-07,2020120704001881,SGI,38,17,10,607.00,"6,070.00"
2020-12-07,2020120704001879,SGI,59,57,100,609.00,"60,900.00"
2020-12-07,2020120704001870,SGI,38,47,20,607.00,"12,140.00"
2020-12-07,2020120704001867,SGI,49,49,10,605.00,"6,050.00"
2020-12-07,2020120704001859,SGI,11,47,50,607.00,"30,350.00"
2020-12-07,2020120704001920,SGI,35,57,300,609.00,"182,700.00"
2020-12-07,2020120704001919,SGI,28,29,10,607.00,"6,070.00"
2020-12-07,2020120704001917,SGI,29,17,10,608.00,"6,080.00"
2020-12-07,2020120704001916,SGI,28,29,10,607.00,"6,070.00"
2020-12-07,2020120704001913,SGI,28,58,10,607.00,"6,070.00"
2020-12-07,2020120704001906,SGI,28,37,10,607.00,"6,070.00"
2020-12-07,2020120704001931,SGI,50,45,10,610.00,"6,100.00"
2020-12-07,2020120704001930,SGI,50,41,50,609.00,"30,450.00"
2020-12-07,2020120704001929,SGI,50,28,10,609.00,"6,090.00"
2020-12-07,2020120704001928,SGI,50,57,100,609.00,"60,900.00"
2020-12-07,2020120704001922,SGI,29,39,10,606.00,"6,060.00"
2020-12-07,2020120704001921,SGI,28,37,10,607.00,"6,070.00"
2020-12-07,2020120704001937,SGI,50,34,10,610.00,"6,100.00"
2020-12-07,2020120704001936,SGI,50,28,50,610.00,"30,500.00"
2020-12-07,2020120704001935,SGI,50,42,10,610.00,"6,100.00"
2020-12-07,2020120704001934,SGI,50,55,10,610.00,"6,100.00"
2020-12-07,2020120704001933,SGI,50,43,10,610.00,"6,100.00"
2020-12-07,2020120704001932,SGI,50,6,50,610.00,"30,500.00"
2020-12-07,2020120704001945,SGI,57,50,10,612.00,"6,120.00"
2020-12-07,2020120704001944,SGI,57,33,110,611.00,"67,210.00"
2020-12-07,2020120704001943,SGI,57,48,10,611.00,"6,110.00"
2020-12-07,2020120704001940,SGI,50,53,20,610.00,"12,200.00"
2020-12-07,2020120704001939,SGI,50,59,10,610.00,"6,100.00"
2020-12-07,2020120704001938,SGI,50,49,10,610.00,"6,100.00"
2020-12-07,2020120704001951,SGI,57,45,10,612.00,"6,120.00"
2020-12-07,2020120704001950,SGI,57,58,30,612.00,"18,360.00"
2020-12-07,2020120704001949,SGI,57,49,10,612.00,"6,120.00"
2020-12-07,2020120704001948,SGI,57,33,39,612.00,"23,868.00"
2020-12-07,2020120704001947,SGI,57,45,10,612.00,"6,120.00"
2020-12-07,2020120704001946,SGI,57,25,10,612.00,"6,120.00"
2020-12-07,2020120704001963,SGI,50,33,10,610.00,"6,100.00"
2020-12-07,2020120704001962,SGI,50,42,60,610.00,"36,600.00"
2020-12-07,2020120704001961,SGI,50,49,10,610.00,"6,100.00"
2020-12-07,2020120704001957,SGI,50,44,10,610.00,"6,100.00"
2020-12-07,2020120704001953,SGI,57,42,51,612.00,"31,212.00"
2020-12-07,2020120704001952,SGI,57,47,10,612.00,"6,120.00"
2020-12-07,2020120704001749,SRBLD83,42,49,15,"1,065.00","15,975.00"
2020-12-07,2020120704001996,STC,47,10,30,"5,615.00","168,450.00"
2020-12-07,2020120704001991,STC,47,33,10,"5,610.00","56,100.00"
2020-12-07,2020120704001978,STC,5,53,10,"5,500.00","55,000.00"
2020-12-07,2020120704001901,STC,41,53,10,"5,500.00","55,000.00"
2020-12-07,2020120704001897,STC,4,10,200,"5,507.00","1,101,400.00"
2020-12-07,2020120704001856,STC,43,10,10,"5,615.00","56,150.00"
2020-12-07,2020120704001775,STC,47,47,15,"5,500.00","82,500.00"
2020-12-07,2020120704001770,STC,55,32,10,"5,500.00","55,000.00"
2020-12-07,2020120704001582,STC,38,53,10,"5,430.00","54,300.00"
2020-12-07,2020120704001544,STC,45,34,20,"5,426.00","108,520.00"
2020-12-07,2020120704001537,STC,45,34,20,"5,426.00","108,520.00"
2020-12-07,2020120704001511,STC,47,20,11,"5,320.00","58,520.00"
2020-12-07,2020120704001855,STC,43,33,10,"5,610.00","56,100.00"
2020-12-07,2020120704001796,STC,41,10,20,"5,615.00","112,300.00"
2020-12-07,2020120704001793,STC,57,10,10,"5,615.00","56,150.00"
2020-12-07,2020120704001783,STC,5,53,25,"5,619.00","140,475.00"
2020-12-07,2020120704001777,STC,47,53,100,"5,610.00","561,000.00"
2020-12-07,2020120704001776,STC,47,32,50,"5,500.00","275,000.00"
2020-12-07,2020120704001488,BBC,32,47,50,"3,150.00","157,500.00"
2020-12-07,2020120704001475,BBC,57,14,10,"3,170.00","31,700.00"
2020-12-07,2020120704001464,BBC,57,33,19,"3,150.00","59,850.00"
2020-12-07,2020120704001453,BBC,32,33,20,"3,110.00","62,200.00"
2020-12-07,2020120704001452,BBC,35,33,19,"3,120.00","59,280.00"
2020-12-07,2020120704001441,BBC,57,49,10,"3,121.00","31,210.00"
2020-12-07,2020120704001332,BBC,19,13,11,"3,060.00","33,660.00"
2020-12-07,2020120704001244,BBC,34,36,20,"3,009.00","60,180.00"
2020-12-07,2020120704001199,BBC,26,57,35,"3,000.00","105,000.00"
2020-12-07,2020120704001085,BBC,13,8,10,"2,988.00","29,880.00"
2020-12-07,2020120704001007,BBC,59,34,10,"2,930.00","29,300.00"
2020-12-07,2020120704001437,BBC,35,39,11,"3,120.00","34,320.00"
2020-12-07,2020120704001413,BBC,32,14,10,"3,110.00","31,100.00"
2020-12-07,2020120704001412,BBC,57,57,10,"3,169.00","31,690.00"
2020-12-07,2020120704001385,BBC,32,14,10,"3,110.00","31,100.00"
2020-12-07,2020120704001364,BBC,57,39,11,"3,060.00","33,660.00"
2020-12-07,2020120704001333,BBC,29,13,47,"3,050.00","143,350.00"
2020-12-07,2020120704001289,CCBLPO,34,10,"21,754",112.00,"2,436,448.00"
2020-12-07,2020120704001400,CMF1,11,34,"6,000",9.82,"58,920.00"
2020-12-07,2020120704001265,CMF1,22,33,"15,000",9.70,"145,500.00"
2020-12-07,2020120704001253,CMF1,48,28,"20,000",9.85,"197,000.00"
2020-12-07,2020120704001083,CMF1,22,5,250,9.70,"2,425.00"
2020-12-07,2020120704001065,CMF1,48,28,"5,000",9.85,"49,250.00"
2020-12-07,2020120704001047,CMF1,48,28,"5,000",9.85,"49,250.00"
2020-12-07,2020120704001487,GIC,52,42,10,585.00,"5,850.00"
2020-12-07,2020120704001486,GIC,28,28,10,586.00,"5,860.00"
2020-12-07,2020120704001484,GIC,52,26,10,585.00,"5,850.00"
2020-12-07,2020120704001474,GIC,21,34,10,584.00,"5,840.00"
2020-12-07,2020120704001473,GIC,21,34,10,584.00,"5,840.00"
2020-12-07,2020120704001470,GIC,53,26,10,585.00,"5,850.00"
2020-12-07,2020120704000998,GIC,29,55,10,586.00,"5,860.00"
2020-12-07,2020120704000997,GIC,29,58,30,586.00,"17,580.00"
2020-12-07,2020120704001004,GIC,29,18,10,588.00,"5,880.00"
2020-12-07,2020120704001003,GIC,29,17,10,588.00,"5,880.00"
2020-12-07,2020120704001002,GIC,29,41,10,588.00,"5,880.00"
2020-12-07,2020120704001001,GIC,29,53,10,587.00,"5,870.00"
2020-12-07,2020120704001000,GIC,29,41,10,587.00,"5,870.00"
2020-12-07,2020120704000999,GIC,29,36,500,587.00,"293,500.00"
2020-12-07,2020120704001062,GIC,22,55,10,583.00,"5,830.00"
2020-12-07,2020120704001048,GIC,22,33,10,583.00,"5,830.00"
2020-12-07,2020120704001017,GIC,22,33,10,583.00,"5,830.00"
2020-12-07,2020120704001011,GIC,22,42,10,583.00,"5,830.00"
2020-12-07,2020120704001006,GIC,29,21,90,588.00,"52,920.00"
2020-12-07,2020120704001005,GIC,29,10,10,588.00,"5,880.00"
2020-12-07,2020120704001072,GIC,54,57,10,588.00,"5,880.00"
2020-12-07,2020120704001071,GIC,54,50,10,588.00,"5,880.00"
2020-12-07,2020120704001070,GIC,54,59,10,588.00,"5,880.00"
2020-12-07,2020120704001069,GIC,54,16,10,588.00,"5,880.00"
2020-12-07,2020120704001068,GIC,54,26,10,588.00,"5,880.00"
2020-12-07,2020120704001067,GIC,54,45,10,588.00,"5,880.00"
2020-12-07,2020120704001089,GIC,22,59,10,590.00,"5,900.00"
2020-12-07,2020120704001088,GIC,22,36,10,590.00,"5,900.00"
2020-12-07,2020120704001087,GIC,22,21,10,590.00,"5,900.00"
2020-12-07,2020120704001086,GIC,22,52,10,589.00,"5,890.00"
2020-12-07,2020120704001081,GIC,54,26,10,588.00,"5,880.00"
2020-12-07,2020120704001074,GIC,54,14,10,588.00,"5,880.00"
2020-12-07,2020120704001095,GIC,22,45,100,591.00,"59,100.00"
2020-12-07,2020120704001094,GIC,22,50,10,590.00,"5,900.00"
2020-12-07,2020120704001093,GIC,22,50,10,590.00,"5,900.00"
2020-12-07,2020120704001092,GIC,22,54,10,590.00,"5,900.00"
2020-12-07,2020120704001091,GIC,22,22,10,590.00,"5,900.00"
2020-12-07,2020120704001090,GIC,22,56,10,590.00,"5,900.00"
2020-12-07,2020120704001109,GIC,54,47,10,588.00,"5,880.00"
2020-12-07,2020120704001108,GIC,54,57,10,588.00,"5,880.00"
2020-12-07,2020120704001107,GIC,45,25,70,590.00,"41,300.00"
2020-12-07,2020120704001106,GIC,45,17,10,590.00,"5,900.00"
2020-12-07,2020120704001105,GIC,45,57,10,590.00,"5,900.00"
2020-12-07,2020120704001097,GIC,54,21,10,588.00,"5,880.00"
2020-12-07,2020120704001122,GIC,29,34,10,594.00,"5,940.00"
2020-12-07,2020120704001117,GIC,54,22,10,588.00,"5,880.00"
2020-12-07,2020120704001116,GIC,54,26,10,588.00,"5,880.00"
2020-12-07,2020120704001114,GIC,22,55,10,590.00,"5,900.00"
2020-12-07,2020120704001113,GIC,22,45,60,590.00,"35,400.00"
2020-12-07,2020120704001112,GIC,22,25,532,590.00,"313,880.00"
2020-12-07,2020120704001158,GIC,22,22,10,589.00,"5,890.00"
2020-12-07,2020120704001155,GIC,3,22,10,594.00,"5,940.00"
2020-12-07,2020120704001153,GIC,22,4,10,589.00,"5,890.00"
2020-12-07,2020120704001125,GIC,29,36,500,597.00,"298,500.00"
2020-12-07,2020120704001124,GIC,29,3,10,595.00,"5,950.00"
2020-12-07,2020120704001123,GIC,29,40,10,595.00,"5,950.00"
2020-12-07,2020120704001181,GIC,3,45,10,590.00,"5,900.00"
2020-12-07,2020120704001179,GIC,3,26,10,590.00,"5,900.00"
2020-12-07,2020120704001177,GIC,3,22,10,590.00,"5,900.00"
2020-12-07,2020120704001173,GIC,3,22,10,590.00,"5,900.00"
2020-12-07,2020120704001172,GIC,3,26,10,590.00,"5,900.00"
2020-12-07,2020120704001161,GIC,3,21,10,590.00,"5,900.00"
2020-12-07,2020120704001209,GIC,16,32,5,590.00,"2,950.00"
2020-12-07,2020120704001201,GIC,16,45,10,590.00,"5,900.00"
2020-12-07,2020120704001200,GIC,16,53,10,590.00,"5,900.00"
2020-12-07,2020120704001198,GIC,3,52,10,590.00,"5,900.00"
2020-12-07,2020120704001196,GIC,3,20,10,590.00,"5,900.00"
2020-12-07,2020120704001193,GIC,3,22,10,590.00,"5,900.00"
2020-12-07,2020120704001219,GIC,33,58,10,598.00,"5,980.00"
2020-12-07,2020120704001218,GIC,33,25,10,598.00,"5,980.00"
2020-12-07,2020120704001217,GIC,33,45,100,596.00,"59,600.00"
2020-12-07,2020120704001215,GIC,22,45,10,589.00,"5,890.00"
2020-12-07,2020120704001212,GIC,22,39,10,589.00,"5,890.00"
2020-12-07,2020120704001211,GIC,22,4,10,589.00,"5,890.00"
2020-12-07,2020120704001225,GIC,33,50,100,600.00,"60,000.00"
2020-12-07,2020120704001224,GIC,33,39,100,600.00,"60,000.00"
2020-12-07,2020120704001223,GIC,33,1,10,600.00,"6,000.00"
2020-12-07,2020120704001222,GIC,33,42,10,600.00,"6,000.00"
2020-12-07,2020120704001221,GIC,33,58,10,600.00,"6,000.00"
2020-12-07,2020120704001220,GIC,33,41,10,600.00,"6,000.00"
2020-12-07,2020120704001241,GIC,22,22,10,590.00,"5,900.00"
2020-12-07,2020120704001237,GIC,22,39,10,589.00,"5,890.00"
2020-12-07,2020120704001234,GIC,33,6,30,601.00,"18,030.00"
2020-12-07,2020120704001233,GIC,33,45,100,601.00,"60,100.00"
2020-12-07,2020120704001228,GIC,33,42,10,600.00,"6,000.00"
2020-12-07,2020120704001226,GIC,33,42,10,600.00,"6,000.00"
2020-12-07,2020120704001272,GIC,41,39,10,589.00,"5,890.00"
2020-12-07,2020120704001266,GIC,22,42,10,589.00,"5,890.00"
2020-12-07,2020120704001262,GIC,22,26,10,589.00,"5,890.00"
2020-12-07,2020120704001252,GIC,22,39,10,589.00,"5,890.00"
2020-12-07,2020120704001251,GIC,22,21,10,589.00,"5,890.00"
2020-12-07,2020120704001242,GIC,21,56,50,590.00,"29,500.00"
2020-12-07,2020120704001281,GIC,6,39,10,590.00,"5,900.00"
2020-12-07,2020120704001279,GIC,6,20,10,590.00,"5,900.00"
2020-12-07,2020120704001278,GIC,6,3,10,590.00,"5,900.00"
2020-12-07,2020120704001277,GIC,3,3,10,591.00,"5,910.00"
2020-12-07,2020120704001276,GIC,3,3,10,591.00,"5,910.00"
2020-12-07,2020120704001275,GIC,3,49,10,591.00,"5,910.00"
2020-12-07,2020120704001301,GIC,6,21,10,590.00,"5,900.00"
2020-12-07,2020120704001295,GIC,6,21,10,590.00,"5,900.00"
2020-12-07,2020120704001294,GIC,6,20,10,590.00,"5,900.00"
2020-12-07,2020120704001293,GIC,6,21,10,590.00,"5,900.00"
2020-12-07,2020120704001292,GIC,6,17,10,590.00,"5,900.00"
2020-12-07,2020120704001282,GIC,6,42,10,590.00,"5,900.00"
2020-12-07,2020120704001308,GIC,22,38,10,589.00,"5,890.00"
2020-12-07,2020120704001307,GIC,22,59,10,589.00,"5,890.00"
2020-12-07,2020120704001306,GIC,22,43,60,589.00,"35,340.00"
2020-12-07,2020120704001304,GIC,22,21,10,589.00,"5,890.00"
2020-12-07,2020120704001303,GIC,41,21,10,589.00,"5,890.00"
2020-12-07,2020120704001302,GIC,41,26,10,589.00,"5,890.00"
2020-12-07,2020120704001335,GIC,22,45,30,589.00,"17,670.00"
2020-12-07,2020120704001331,GIC,22,42,10,589.00,"5,890.00"
2020-12-07,2020120704001323,GIC,25,42,90,590.00,"53,100.00"
2020-12-07,2020120704001315,GIC,6,42,100,590.00,"59,000.00"
2020-12-07,2020120704001312,GIC,22,21,10,589.00,"5,890.00"
2020-12-07,2020120704001309,GIC,22,49,10,589.00,"5,890.00"
2020-12-07,2020120704001352,GIC,53,49,10,585.00,"5,850.00"
2020-12-07,2020120704001349,GIC,53,39,10,585.00,"5,850.00"
2020-12-07,2020120704001348,GIC,54,38,50,588.00,"29,400.00"
2020-12-07,2020120704001347,GIC,54,38,340,588.00,"199,920.00"
2020-12-07,2020120704001346,GIC,22,38,40,589.00,"23,560.00"
2020-12-07,2020120704001338,GIC,22,13,10,589.00,"5,890.00"
2020-12-07,2020120704001383,GIC,45,6,10,585.00,"5,850.00"
2020-12-07,2020120704001372,GIC,13,39,10,583.00,"5,830.00"
2020-12-07,2020120704001366,GIC,48,38,10,585.00,"5,850.00"
2020-12-07,2020120704001365,GIC,48,39,10,585.00,"5,850.00"
2020-12-07,2020120704001363,GIC,13,1,30,583.00,"17,490.00"
2020-12-07,2020120704001362,GIC,22,1,60,583.00,"34,980.00"
2020-12-07,2020120704001402,GIC,39,40,10,583.00,"5,830.00"
2020-12-07,2020120704001401,GIC,39,26,10,583.00,"5,830.00"
2020-12-07,2020120704001395,GIC,39,39,10,583.00,"5,830.00"
2020-12-07,2020120704001394,GIC,39,17,10,583.00,"5,830.00"
2020-12-07,2020120704001391,GIC,13,45,10,583.00,"5,830.00"
2020-12-07,2020120704001384,GIC,45,38,10,585.00,"5,850.00"
2020-12-07,2020120704001443,GIC,39,34,10,583.00,"5,830.00"
2020-12-07,2020120704001420,GIC,39,42,10,583.00,"5,830.00"
2020-12-07,2020120704001416,GIC,39,39,10,583.00,"5,830.00"
2020-12-07,2020120704001411,GIC,39,26,10,583.00,"5,830.00"
2020-12-07,2020120704001410,GIC,39,37,10,583.00,"5,830.00"
2020-12-07,2020120704001409,GIC,39,46,10,583.00,"5,830.00"
2020-12-07,2020120704001467,GIC,53,32,10,585.00,"5,850.00"
2020-12-07,2020120704001463,GIC,53,47,10,585.00,"5,850.00"
2020-12-07,2020120704001460,GIC,21,41,10,584.00,"5,840.00"
2020-12-07,2020120704001459,GIC,21,22,10,584.00,"5,840.00"
2020-12-07,2020120704001450,GIC,21,17,10,584.00,"5,840.00"
2020-12-07,2020120704001444,GIC,51,34,10,583.00,"5,830.00"
2020-12-07,2020120704001451,GIMES1,57,36,"5,000",11.11,"55,550.00"
2020-12-07,2020120704001077,GIMES1,7,42,"5,000",11.22,"56,100.00"
2020-12-07,2020120704001076,GIMES1,7,45,"1,200",11.22,"13,464.00"
2020-12-07,2020120704001075,GIMES1,7,57,"4,747",11.20,"53,166.40"
2020-12-07,2020120704001447,LEMF,17,39,"1,500",9.40,"14,100.00"
2020-12-07,2020120704001422,LUK,22,41,"1,000",9.40,"9,400.00"
2020-12-07,2020120704001110,LUK,47,42,100,9.22,922.00
2020-12-07,2020120704001446,NBF2,58,51,100,9.70,970.00
2020-12-07,2020120704001243,NBF2,53,29,500,9.68,"4,840.00"
2020-12-07,2020120704001493,NEF,17,58,"1,690",9.94,"16,798.60"
2020-12-07,2020120704001370,NEF,39,34,833,9.80,"8,163.40"
2020-12-07,2020120704001325,NEF,39,45,724,9.80,"7,095.20"
2020-12-07,2020120704001210,NEF,39,49,"1,207",9.80,"11,828.60"
2020-12-07,2020120704001208,NEF,46,51,901,9.99,"9,000.99"
2020-12-07,2020120704001207,NEF,46,45,966,9.98,"9,640.68"
2020-12-07,2020120704001101,NEF,46,14,"4,855",9.87,"47,918.85"
2020-12-07,2020120704001100,NEF,46,21,145,9.86,"1,429.70"
2020-12-07,2020120704001061,NEF,39,5,483,9.80,"4,733.40"
2020-12-07,2020120704001206,NEF,46,47,241,9.89,"2,383.49"
2020-12-07,2020120704001205,NEF,46,18,241,9.89,"2,383.49"
2020-12-07,2020120704001204,NEF,46,45,241,9.88,"2,381.08"
2020-12-07,2020120704001203,NEF,46,14,145,9.87,"1,431.15"
2020-12-07,2020120704001159,NEF,39,45,724,9.80,"7,095.20"
2020-12-07,2020120704001157,NEF,53,17,"10,259",9.85,"101,051.15"
2020-12-07,2020120704001449,NIBLPF,17,34,"1,000",9.95,"9,950.00"
2020-12-07,2020120704001406,NIBLPF,40,21,"1,464",9.83,"14,391.12"
2020-12-07,2020120704001405,NIBLPF,58,21,"1,061",9.84,"10,440.24"
2020-12-07,2020120704001375,NIBLPF,58,17,"3,939",9.84,"38,759.76"
2020-12-07,2020120704001374,NIBLPF,40,17,"6,061",9.85,"59,700.85"
2020-12-07,2020120704001337,NIBLPF,40,45,909,9.85,"8,953.65"
2020-12-07,2020120704001239,NIBLPF,40,29,"2,525",9.85,"24,871.25"
2020-12-07,2020120704001066,NIBLPF,40,5,505,9.85,"4,974.25"
2020-12-07,2020120704001415,NIBPO,55,6,333,414.00,"137,862.00"
2020-12-07,2020120704001398,NIBPO,55,49,100,414.00,"41,400.00"
2020-12-07,2020120704001355,NIBPO,6,26,40,418.00,"16,720.00"
2020-12-07,2020120704001343,NIBPO,6,39,"5,000",417.00,"2,085,000.00"
2020-12-07,2020120704001284,NIBPO,57,44,300,416.00,"124,800.00"
2020-12-07,2020120704001283,NIBPO,57,36,693,415.00,"287,595.00"
2020-12-07,2020120704001016,NIBPO,28,47,100,411.00,"41,100.00"
2020-12-07,2020120704001327,NIBSF1,7,52,"5,000",11.05,"55,250.00"
2020-12-07,2020120704001268,NIBSF1,26,45,"1,000",10.90,"10,900.00"
2020-12-07,2020120704001267,NIBSF1,26,57,"6,956",10.90,"75,820.40"
2020-12-07,2020120704001232,NIBSF1,7,8,"5,000",10.85,"54,250.00"
2020-12-07,2020120704001369,NICD83/84,42,58,20,"1,078.00","21,560.00"
2020-12-07,2020120704001492,NICGF,17,45,300,10.52,"3,156.00"
2020-12-07,2020120704001491,NICGF,17,34,"14,250",10.25,"146,062.50"
2020-12-07,2020120704001377,NICGF,19,34,"4,750",10.25,"48,687.50"
2020-12-07,2020120704001376,NICGF,19,5,250,10.25,"2,562.50"
2020-12-07,2020120704001060,NICGF,17,18,100,10.45,"1,045.00"
2020-12-07,2020120704001059,NICGF,17,59,100,10.45,"1,045.00"
2020-12-07,2020120704001058,NICGF,17,38,"1,285",10.40,"13,364.00"
2020-12-07,2020120704001057,NICGF,17,42,500,10.40,"5,200.00"
2020-12-07,2020120704001056,NICGF,17,38,100,10.30,"1,030.00"
2020-12-07,2020120704001055,NICGF,17,56,100,10.30,"1,030.00"
2020-12-07,2020120704001202,NMB50,17,56,100,10.00,"1,000.00"
2020-12-07,2020120704001466,NMBHF1,17,34,"2,430",9.89,"24,032.70"
2020-12-07,2020120704001440,NMBHF1,17,34,"3,000",9.89,"29,670.00"
2020-12-07,2020120704001408,NMBHF1,39,40,300,9.87,"2,961.00"
2020-12-07,2020120704001379,NMBHF1,51,34,"1,668",9.89,"16,496.52"
2020-12-07,2020120704001194,NMBHF1,51,45,832,9.97,"8,295.04"
2020-12-07,2020120704001064,NMBHF1,8,28,"23,000",9.94,"228,620.00"
2020-12-07,2020120704001009,NMBHF1,43,28,"7,000",9.94,"69,580.00"
2020-12-07,2020120704001008,NMBHF1,43,14,"3,000",9.92,"29,760.00"
2020-12-07,2020120704001245,PRVUPO,20,58,"50,280",130.00,"6,536,400.00"
2020-12-07,2020120704001435,RBCLPO,56,32,10,"14,200.00","142,000.00"
2020-12-07,2020120704001434,RBCLPO,4,32,40,"14,200.00","568,000.00"
2020-12-07,2020120704001433,RBCLPO,56,32,20,"14,250.00","285,000.00"
2020-12-07,2020120704001288,RBCLPO,37,33,10,"14,300.00","143,000.00"
2020-12-07,2020120704001287,RBCLPO,45,33,20,"14,305.00","286,100.00"
2020-12-07,2020120704001286,RBCLPO,4,33,10,"14,310.00","143,100.00"
2020-12-07,2020120704001285,RBCLPO,56,33,10,"14,400.00","144,000.00"
2020-12-07,2020120704001476,SAEF,57,4,"1,000",11.07,"11,070.00"
2020-12-07,2020120704001419,SAEF,58,58,"1,300",11.06,"14,378.00"
2020-12-07,2020120704001418,SAEF,58,58,200,11.06,"2,212.00"
2020-12-07,2020120704001390,SAEF,58,54,300,11.06,"3,318.00"
2020-12-07,2020120704001357,SAEF,58,14,500,11.10,"5,550.00"
2020-12-07,2020120704001356,SAEF,58,10,200,11.10,"2,220.00"
2020-12-07,2020120704001299,SAEF,34,10,"4,800",11.10,"53,280.00"
2020-12-07,2020120704001298,SAEF,34,48,200,11.06,"2,212.00"
2020-12-07,2020120704001019,SAEF,42,22,"1,000",11.06,"11,060.00"
2020-12-07,2020120704001018,SAEF,42,46,"1,000",11.06,"11,060.00"
2020-12-07,2020120704001465,SEF,17,4,500,10.19,"5,095.00"
2020-12-07,2020120704001417,SEF,17,47,"5,000",10.19,"50,950.00"
2020-12-07,2020120704001414,SEF,17,58,"5,000",10.19,"50,950.00"
2020-12-07,2020120704001404,SEF,17,40,"3,200",10.19,"32,608.00"
2020-12-07,2020120704001392,SEF,17,54,880,10.19,"8,967.20"
2020-12-07,2020120704001319,SEF,58,48,100,10.20,"1,020.00"
2020-12-07,2020120704001318,SEF,58,34,500,10.20,"5,100.00"
2020-12-07,2020120704001214,SEF,17,41,"6,000",10.19,"61,140.00"
2020-12-07,2020120704001080,SEF,17,45,"1,000",10.19,"10,190.00"
2020-12-07,2020120704001079,SEF,17,5,"1,000",10.16,"10,160.00"
2020-12-07,2020120704001445,SFMF,33,39,200,9.50,"1,900.00"
2020-12-07,2020120704001381,SFMF,50,56,100,9.50,950.00
2020-12-07,2020120704001231,SFMF,19,41,400,9.40,"3,760.00"
2020-12-07,2020120704001230,SFMF,10,41,900,9.41,"8,469.00"
2020-12-07,2020120704001229,SFMF,47,41,200,9.42,"1,884.00"
2020-12-07,2020120704001227,SFMF,47,33,300,9.42,"2,826.00"
2020-12-07,2020120704001051,SFMF,10,36,"4,100",9.41,"38,581.00"
2020-12-07,2020120704001050,SFMF,46,36,"2,000",9.42,"18,840.00"
2020-12-07,2020120704001049,SFMF,17,36,"3,000",9.57,"28,710.00"
2020-12-07,2020120704001496,SGI,51,36,30,603.00,"18,090.00"
2020-12-07,2020120704001495,SGI,51,41,10,603.00,"6,030.00"
2020-12-07,2020120704001494,SGI,51,4,10,603.00,"6,030.00"
2020-12-07,2020120704001489,SGI,29,22,10,604.00,"6,040.00"
2020-12-07,2020120704001485,SGI,29,57,10,604.00,"6,040.00"
2020-12-07,2020120704001483,SGI,29,32,10,604.00,"6,040.00"
2020-12-07,2020120704001014,SGI,34,33,10,599.00,"5,990.00"
2020-12-07,2020120704001013,SGI,34,36,10,599.00,"5,990.00"
2020-12-07,2020120704001012,SGI,34,48,10,599.00,"5,990.00"
2020-12-07,2020120704001010,SGI,34,58,10,599.00,"5,990.00"
2020-12-07,2020120704001024,SGI,43,55,10,600.00,"6,000.00"
2020-12-07,2020120704001023,SGI,43,50,10,600.00,"6,000.00"
2020-12-07,2020120704001022,SGI,43,35,10,600.00,"6,000.00"
2020-12-07,2020120704001021,SGI,43,26,10,600.00,"6,000.00"
2020-12-07,2020120704001020,SGI,43,14,10,600.00,"6,000.00"
2020-12-07,2020120704001015,SGI,34,57,10,599.00,"5,990.00"
2020-12-07,2020120704001030,SGI,43,34,10,600.00,"6,000.00"
2020-12-07,2020120704001029,SGI,43,42,10,600.00,"6,000.00"
2020-12-07,2020120704001028,SGI,43,45,10,600.00,"6,000.00"
2020-12-07,2020120704001027,SGI,43,42,10,600.00,"6,000.00"
2020-12-07,2020120704001026,SGI,43,42,10,600.00,"6,000.00"
2020-12-07,2020120704001025,SGI,43,42,10,600.00,"6,000.00"
2020-12-07,2020120704001036,SGI,43,34,10,600.00,"6,000.00"
2020-12-07,2020120704001035,SGI,43,42,10,600.00,"6,000.00"
2020-12-07,2020120704001034,SGI,43,42,10,600.00,"6,000.00"
2020-12-07,2020120704001033,SGI,43,58,10,600.00,"6,000.00"
2020-12-07,2020120704001032,SGI,43,42,10,600.00,"6,000.00"
2020-12-07,2020120704001031,SGI,43,56,10,600.00,"6,000.00"
2020-12-07,2020120704001042,SGI,52,26,10,600.00,"6,000.00"
2020-12-07,2020120704001041,SGI,52,48,10,600.00,"6,000.00"
2020-12-07,2020120704001040,SGI,52,46,10,600.00,"6,000.00"
2020-12-07,2020120704001039,SGI,43,38,10,600.00,"6,000.00"
2020-12-07,2020120704001038,SGI,43,46,10,600.00,"6,000.00"
2020-12-07,2020120704001037,SGI,43,59,10,600.00,"6,000.00"
2020-12-07,2020120704001053,SGI,34,46,10,599.00,"5,990.00"
2020-12-07,2020120704001052,SGI,34,33,10,599.00,"5,990.00"
2020-12-07,2020120704001046,SGI,52,11,140,600.00,"84,000.00"
2020-12-07,2020120704001045,SGI,52,35,10,600.00,"6,000.00"
2020-12-07,2020120704001044,SGI,52,36,10,600.00,"6,000.00"
2020-12-07,2020120704001043,SGI,52,46,10,600.00,"6,000.00"
2020-12-07,2020120704001084,SGI,3,56,10,599.00,"5,990.00"
2020-12-07,2020120704001082,SGI,49,11,10,600.00,"6,000.00"
2020-12-07,2020120704001078,SGI,49,32,10,598.00,"5,980.00"
2020-12-07,2020120704001073,SGI,49,45,10,598.00,"5,980.00"
2020-12-07,2020120704001063,SGI,49,57,10,598.00,"5,980.00"
2020-12-07,2020120704001054,SGI,38,38,10,599.00,"5,990.00"
2020-12-07,2020120704001111,SGI,49,26,10,598.00,"5,980.00"
2020-12-07,2020120704001104,SGI,49,47,10,598.00,"5,980.00"
2020-12-07,2020120704001103,SGI,38,17,10,599.00,"5,990.00"
2020-12-07,2020120704001102,SGI,38,47,10,599.00,"5,990.00"
2020-12-07,2020120704001099,SGI,49,26,10,598.00,"5,980.00"
2020-12-07,2020120704001096,SGI,3,3,10,599.00,"5,990.00"
2020-12-07,2020120704001127,SGI,25,57,10,600.00,"6,000.00"
2020-12-07,2020120704001126,SGI,25,59,10,600.00,"6,000.00"
2020-12-07,2020120704001121,SGI,49,22,10,598.00,"5,980.00"
2020-12-07,2020120704001119,SGI,49,26,10,598.00,"5,980.00"
2020-12-07,2020120704001118,SGI,49,55,10,598.00,"5,980.00"
2020-12-07,2020120704001115,SGI,49,4,10,598.00,"5,980.00"
2020-12-07,2020120704001133,SGI,25,55,10,600.00,"6,000.00"
2020-12-07,2020120704001132,SGI,25,42,10,600.00,"6,000.00"
2020-12-07,2020120704001131,SGI,25,47,10,600.00,"6,000.00"
2020-12-07,2020120704001130,SGI,25,55,10,600.00,"6,000.00"
2020-12-07,2020120704001129,SGI,25,42,10,600.00,"6,000.00"
2020-12-07,2020120704001128,SGI,25,42,10,600.00,"6,000.00"
2020-12-07,2020120704001139,SGI,25,42,10,600.00,"6,000.00"
2020-12-07,2020120704001138,SGI,25,42,10,600.00,"6,000.00"
2020-12-07,2020120704001137,SGI,25,49,10,600.00,"6,000.00"
2020-12-07,2020120704001136,SGI,25,58,10,600.00,"6,000.00"
2020-12-07,2020120704001135,SGI,25,44,10,600.00,"6,000.00"
2020-12-07,2020120704001134,SGI,25,42,10,600.00,"6,000.00"
2020-12-07,2020120704001145,SGI,25,45,10,600.00,"6,000.00"
2020-12-07,2020120704001144,SGI,25,42,10,600.00,"6,000.00"
2020-12-07,2020120704001143,SGI,25,42,10,600.00,"6,000.00"
2020-12-07,2020120704001142,SGI,25,32,10,600.00,"6,000.00"
2020-12-07,2020120704001141,SGI,25,49,10,600.00,"6,000.00"
2020-12-07,2020120704001140,SGI,25,42,10,600.00,"6,000.00"
2020-12-07,2020120704001151,SGI,25,4,10,600.00,"6,000.00"
2020-12-07,2020120704001150,SGI,25,6,10,600.00,"6,000.00"
2020-12-07,2020120704001149,SGI,25,45,10,600.00,"6,000.00"
2020-12-07,2020120704001148,SGI,25,46,10,600.00,"6,000.00"
2020-12-07,2020120704001147,SGI,25,32,10,600.00,"6,000.00"
2020-12-07,2020120704001146,SGI,25,14,10,600.00,"6,000.00"
2020-12-07,2020120704001163,SGI,38,45,10,602.00,"6,020.00"
2020-12-07,2020120704001162,SGI,38,58,10,602.00,"6,020.00"
2020-12-07,2020120704001160,SGI,45,26,10,600.00,"6,000.00"
2020-12-07,2020120704001156,SGI,45,22,10,600.00,"6,000.00"
2020-12-07,2020120704001154,SGI,32,26,10,599.00,"5,990.00"
2020-12-07,2020120704001152,SGI,32,7,100,599.00,"59,900.00"
2020-12-07,2020120704001169,SGI,38,6,30,603.00,"18,090.00"
2020-12-07,2020120704001168,SGI,38,51,10,603.00,"6,030.00"
2020-12-07,2020120704001167,SGI,38,42,10,603.00,"6,030.00"
2020-12-07,2020120704001166,SGI,38,45,10,603.00,"6,030.00"
2020-12-07,2020120704001165,SGI,38,17,10,601.00,"6,010.00"
2020-12-07,2020120704001164,SGI,38,17,10,602.00,"6,020.00"
2020-12-07,2020120704001178,SGI,45,57,10,600.00,"6,000.00"
2020-12-07,2020120704001176,SGI,45,26,10,600.00,"6,000.00"
2020-12-07,2020120704001175,SGI,48,4,10,601.00,"6,010.00"
2020-12-07,2020120704001174,SGI,45,22,10,600.00,"6,000.00"
2020-12-07,2020120704001171,SGI,38,58,20,603.00,"12,060.00"
2020-12-07,2020120704001170,SGI,38,52,10,603.00,"6,030.00"
2020-12-07,2020120704001186,SGI,26,41,10,605.00,"6,050.00"
2020-12-07,2020120704001185,SGI,26,45,100,604.00,"60,400.00"
2020-12-07,2020120704001184,SGI,26,34,10,604.00,"6,040.00"
2020-12-07,2020120704001183,SGI,26,58,10,603.00,"6,030.00"
2020-12-07,2020120704001182,SGI,26,57,10,602.00,"6,020.00"
2020-12-07,2020120704001180,SGI,45,22,10,600.00,"6,000.00"
2020-12-07,2020120704001192,SGI,45,26,10,600.00,"6,000.00"
2020-12-07,2020120704001191,SGI,26,28,320,605.00,"193,600.00"
2020-12-07,2020120704001190,SGI,26,16,10,605.00,"6,050.00"
2020-12-07,2020120704001189,SGI,26,53,10,605.00,"6,050.00"
2020-12-07,2020120704001188,SGI,26,42,10,605.00,"6,050.00"
2020-12-07,2020120704001187,SGI,26,55,10,605.00,"6,050.00"
2020-12-07,2020120704001236,SGI,25,49,10,604.00,"6,040.00"
2020-12-07,2020120704001235,SGI,25,42,10,604.00,"6,040.00"
2020-12-07,2020120704001216,SGI,26,42,10,601.00,"6,010.00"
2020-12-07,2020120704001213,SGI,26,4,10,601.00,"6,010.00"
2020-12-07,2020120704001197,SGI,26,22,10,601.00,"6,010.00"
2020-12-07,2020120704001195,SGI,26,22,10,601.00,"6,010.00"
2020-12-07,2020120704001249,SGI,5,58,10,605.00,"6,050.00"
2020-12-07,2020120704001248,SGI,5,28,150,605.00,"90,750.00"
2020-12-07,2020120704001247,SGI,25,45,10,604.00,"6,040.00"
2020-12-07,2020120704001246,SGI,25,7,10,604.00,"6,040.00"
2020-12-07,2020120704001240,SGI,25,39,10,604.00,"6,040.00"
2020-12-07,2020120704001238,SGI,21,28,30,605.00,"18,150.00"
2020-12-07,2020120704001258,SGI,38,49,10,606.00,"6,060.00"
2020-12-07,2020120704001257,SGI,38,51,10,606.00,"6,060.00"
2020-12-07,2020120704001256,SGI,38,3,10,606.00,"6,060.00"
2020-12-07,2020120704001255,SGI,38,38,10,606.00,"6,060.00"
2020-12-07,2020120704001254,SGI,25,21,10,604.00,"6,040.00"
2020-12-07,2020120704001250,SGI,5,50,10,605.00,"6,050.00"
2020-12-07,2020120704001269,SGI,25,20,10,604.00,"6,040.00"
2020-12-07,2020120704001264,SGI,38,19,10,605.00,"6,050.00"
2020-12-07,2020120704001263,SGI,38,34,10,605.00,"6,050.00"
2020-12-07,2020120704001261,SGI,38,25,10,606.00,"6,060.00"
2020-12-07,2020120704001260,SGI,38,48,10,606.00,"6,060.00"
2020-12-07,2020120704001259,SGI,38,58,10,606.00,"6,060.00"
2020-12-07,2020120704001290,SGI,48,20,10,602.00,"6,020.00"
2020-12-07,2020120704001280,SGI,13,55,90,604.00,"54,360.00"
2020-12-07,2020120704001274,SGI,25,55,110,604.00,"66,440.00"
2020-12-07,2020120704001273,SGI,25,22,10,604.00,"6,040.00"
2020-12-07,2020120704001271,SGI,25,58,10,607.00,"6,070.00"
2020-12-07,2020120704001270,SGI,25,25,10,607.00,"6,070.00"
2020-12-07,2020120704001311,SGI,34,59,10,602.00,"6,020.00"
2020-12-07,2020120704001310,SGI,48,49,10,602.00,"6,020.00"
2020-12-07,2020120704001305,SGI,48,42,10,602.00,"6,020.00"
2020-12-07,2020120704001300,SGI,48,20,10,602.00,"6,020.00"
2020-12-07,2020120704001296,SGI,48,14,10,602.00,"6,020.00"
2020-12-07,2020120704001291,SGI,49,4,10,604.00,"6,040.00"
2020-12-07,2020120704001321,SGI,34,41,10,602.00,"6,020.00"
2020-12-07,2020120704001320,SGI,34,21,10,602.00,"6,020.00"
2020-12-07,2020120704001317,SGI,34,58,10,602.00,"6,020.00"
2020-12-07,2020120704001316,SGI,34,21,10,602.00,"6,020.00"
2020-12-07,2020120704001314,SGI,34,21,10,602.00,"6,020.00"
2020-12-07,2020120704001313,SGI,34,26,10,602.00,"6,020.00"
2020-12-07,2020120704001330,SGI,25,4,10,604.00,"6,040.00"
2020-12-07,2020120704001329,SGI,25,22,10,604.00,"6,040.00"
2020-12-07,2020120704001328,SGI,25,39,10,604.00,"6,040.00"
2020-12-07,2020120704001326,SGI,34,34,10,602.00,"6,020.00"
2020-12-07,2020120704001324,SGI,34,32,10,602.00,"6,020.00"
2020-12-07,2020120704001322,SGI,34,39,10,602.00,"6,020.00"
2020-12-07,2020120704001344,SGI,25,21,10,604.00,"6,040.00"
2020-12-07,2020120704001342,SGI,25,38,10,604.00,"6,040.00"
2020-12-07,2020120704001341,SGI,25,42,10,604.00,"6,040.00"
2020-12-07,2020120704001340,SGI,25,17,10,604.00,"6,040.00"
2020-12-07,2020120704001336,SGI,25,26,10,604.00,"6,040.00"
2020-12-07,2020120704001334,SGI,25,21,10,604.00,"6,040.00"
2020-12-07,2020120704001359,SGI,4,21,10,603.00,"6,030.00"
2020-12-07,2020120704001358,SGI,4,42,10,603.00,"6,030.00"
2020-12-07,2020120704001354,SGI,19,49,10,602.00,"6,020.00"
2020-12-07,2020120704001351,SGI,19,46,10,602.00,"6,020.00"
2020-12-07,2020120704001350,SGI,19,38,10,602.00,"6,020.00"
2020-12-07,2020120704001345,SGI,25,17,10,604.00,"6,040.00"
2020-12-07,2020120704001373,SGI,19,21,10,602.00,"6,020.00"
2020-12-07,2020120704001371,SGI,19,42,10,602.00,"6,020.00"
2020-12-07,2020120704001368,SGI,19,32,10,602.00,"6,020.00"
2020-12-07,2020120704001367,SGI,19,26,10,602.00,"6,020.00"
2020-12-07,2020120704001361,SGI,19,38,10,602.00,"6,020.00"
2020-12-07,2020120704001360,SGI,4,21,10,603.00,"6,030.00"
2020-12-07,2020120704001388,SGI,57,38,10,603.00,"6,030.00"
2020-12-07,2020120704001387,SGI,26,37,10,602.00,"6,020.00"
2020-12-07,2020120704001386,SGI,26,21,10,602.00,"6,020.00"
2020-12-07,2020120704001382,SGI,26,48,10,602.00,"6,020.00"
2020-12-07,2020120704001380,SGI,19,13,10,602.00,"6,020.00"
2020-12-07,2020120704001378,SGI,19,36,10,602.00,"6,020.00"
2020-12-07,2020120704001403,SGI,19,42,10,603.00,"6,030.00"
2020-12-07,2020120704001399,SGI,19,11,10,603.00,"6,030.00"
2020-12-07,2020120704001397,SGI,19,21,10,603.00,"6,030.00"
2020-12-07,2020120704001396,SGI,19,42,10,603.00,"6,030.00"
2020-12-07,2020120704001393,SGI,19,21,10,603.00,"6,030.00"
2020-12-07,2020120704001389,SGI,26,21,10,602.00,"6,020.00"
2020-12-07,2020120704001426,SGI,55,42,10,604.00,"6,040.00"
2020-12-07,2020120704001425,SGI,55,39,10,604.00,"6,040.00"
2020-12-07,2020120704001424,SGI,55,39,10,604.00,"6,040.00"
2020-12-07,2020120704001423,SGI,51,34,10,603.00,"6,030.00"
2020-12-07,2020120704001421,SGI,51,34,10,603.00,"6,030.00"
2020-12-07,2020120704001407,SGI,51,45,10,603.00,"6,030.00"
2020-12-07,2020120704001432,SGI,55,34,10,604.00,"6,040.00"
2020-12-07,2020120704001431,SGI,55,39,10,604.00,"6,040.00"
2020-12-07,2020120704001430,SGI,55,34,10,604.00,"6,040.00"
2020-12-07,2020120704001429,SGI,55,47,10,604.00,"6,040.00"
2020-12-07,2020120704001428,SGI,55,42,10,604.00,"6,040.00"
2020-12-07,2020120704001427,SGI,55,8,10,604.00,"6,040.00"
2020-12-07,2020120704001456,SGI,52,57,10,604.00,"6,040.00"
2020-12-07,2020120704001455,SGI,52,4,10,604.00,"6,040.00"
2020-12-07,2020120704001454,SGI,52,1,10,604.00,"6,040.00"
2020-12-07,2020120704001448,SGI,51,34,10,603.00,"6,030.00"
2020-12-07,2020120704001442,SGI,51,34,10,603.00,"6,030.00"
2020-12-07,2020120704001436,SGI,55,34,10,604.00,"6,040.00"
2020-12-07,2020120704001472,SGI,52,22,10,604.00,"6,040.00"
2020-12-07,2020120704001471,SGI,52,32,10,604.00,"6,040.00"
2020-12-07,2020120704001469,SGI,52,42,10,604.00,"6,040.00"
2020-12-07,2020120704001468,SGI,52,26,10,604.00,"6,040.00"
2020-12-07,2020120704001458,SGI,52,36,10,604.00,"6,040.00"
2020-12-07,2020120704001457,SGI,52,51,10,604.00,"6,040.00"
2020-12-07,2020120704001482,SGI,29,42,10,604.00,"6,040.00"
2020-12-07,2020120704001481,SGI,55,34,10,605.00,"6,050.00"
2020-12-07,2020120704001480,SGI,55,42,10,605.00,"6,050.00"
2020-12-07,2020120704001479,SGI,55,41,10,605.00,"6,050.00"
2020-12-07,2020120704001478,SGI,55,52,10,605.00,"6,050.00"
2020-12-07,2020120704001477,SGI,29,28,10,604.00,"6,040.00"
2020-12-07,2020120704001490,STC,25,53,10,"5,420.00","54,200.00"
2020-12-07,2020120704001462,STC,37,47,15,"5,420.00","81,300.00"
2020-12-07,2020120704001461,STC,28,47,30,"5,430.00","162,900.00"
2020-12-07,2020120704001439,STC,49,20,10,"5,500.00","55,000.00"
2020-12-07,2020120704001438,STC,32,20,10,"5,550.00","55,500.00"
2020-12-07,2020120704001353,STC,45,26,10,"5,530.00","55,300.00"
2020-12-07,2020120704001339,STC,45,7,240,"5,530.00","1,327,200.00"
2020-12-07,2020120704001297,STC,45,38,50,"5,530.00","276,500.00"
2020-12-07,2020120704001120,STC,53,52,50,"5,520.00","276,000.00"
2020-12-07,2020120704001098,STC,58,34,10,"5,520.00","55,200.00"
2020-12-07,2020120704000968,BBC,59,34,10,"2,930.00","29,300.00"
2020-12-07,2020120704000907,BBC,49,8,10,"2,978.00","29,780.00"
2020-12-07,2020120704000762,BBC,25,26,30,"2,920.00","87,600.00"
2020-12-07,2020120704000761,BBC,25,26,20,"2,958.00","59,160.00"
2020-12-07,2020120704000758,BBC,25,38,30,"2,958.00","88,740.00"
2020-12-07,2020120704000661,BBC,34,25,40,"2,900.00","116,000.00"
2020-12-07,2020120704000609,BBC,38,6,30,"2,858.00","85,740.00"
2020-12-07,2020120704000599,BBC,52,25,20,"2,900.00","58,000.00"
2020-12-07,2020120704000579,BBC,34,55,30,"2,875.00","86,250.00"
2020-12-07,2020120704000969,BOKLPO,37,34,"12,631",147.00,"1,856,757.00"
2020-12-07,2020120704000965,CMF1,48,28,"5,000",9.85,"49,250.00"
2020-12-07,2020120704000952,CMF1,48,28,"5,000",9.85,"49,250.00"
2020-12-07,2020120704000944,CMF1,48,28,"5,000",9.85,"49,250.00"
2020-12-07,2020120704000904,CMF1,48,28,"5,000",9.85,"49,250.00"
2020-12-07,2020120704000894,CMF1,48,48,"4,000",9.80,"39,200.00"
2020-12-07,2020120704000852,CMF1,58,51,500,9.67,"4,835.00"
2020-12-07,2020120704000846,CMF1,55,51,"2,000",9.70,"19,400.00"
2020-12-07,2020120704000831,CMF1,49,32,500,9.70,"4,850.00"
2020-12-07,2020120704000830,CMF1,49,38,100,9.70,970.00
2020-12-07,2020120704000829,CMF1,49,38,100,9.70,970.00
2020-12-07,2020120704000590,CMF1,33,52,500,9.80,"4,900.00"
2020-12-07,2020120704000996,GIC,29,38,10,586.00,"5,860.00"
2020-12-07,2020120704000995,GIC,29,49,10,585.00,"5,850.00"
2020-12-07,2020120704000994,GIC,29,44,10,585.00,"5,850.00"
2020-12-07,2020120704000993,GIC,29,37,60,585.00,"35,100.00"
2020-12-07,2020120704000992,GIC,29,59,10,585.00,"5,850.00"
2020-12-07,2020120704000991,GIC,29,52,10,585.00,"5,850.00"
2020-12-07,2020120704000514,GIC,34,59,10,568.00,"5,680.00"
2020-12-07,2020120704000512,GIC,34,8,10,568.00,"5,680.00"
2020-12-07,2020120704000508,GIC,34,21,10,568.00,"5,680.00"
2020-12-07,2020120704000499,GIC,34,21,10,568.00,"5,680.00"
2020-12-07,2020120704000498,GIC,34,28,10,568.00,"5,680.00"
2020-12-07,2020120704000522,GIC,34,42,10,568.00,"5,680.00"
2020-12-07,2020120704000521,GIC,34,21,10,568.00,"5,680.00"
2020-12-07,2020120704000520,GIC,34,21,10,568.00,"5,680.00"
2020-12-07,2020120704000519,GIC,34,26,10,568.00,"5,680.00"
2020-12-07,2020120704000518,GIC,34,22,10,568.00,"5,680.00"
2020-12-07,2020120704000517,GIC,34,44,10,568.00,"5,680.00"
2020-12-07,2020120704000539,GIC,28,28,200,570.00,"114,000.00"
2020-12-07,2020120704000533,GIC,49,21,10,569.00,"5,690.00"
2020-12-07,2020120704000531,GIC,49,59,10,569.00,"5,690.00"
2020-12-07,2020120704000529,GIC,49,57,10,569.00,"5,690.00"
2020-12-07,2020120704000525,GIC,43,41,10,569.00,"5,690.00"
2020-12-07,2020120704000523,GIC,34,44,10,568.00,"5,680.00"
2020-12-07,2020120704000562,GIC,21,28,40,570.00,"22,800.00"
2020-12-07,2020120704000561,GIC,46,38,10,569.00,"5,690.00"
2020-12-07,2020120704000554,GIC,56,34,10,568.00,"5,680.00"
2020-12-07,2020120704000553,GIC,21,38,10,569.00,"5,690.00"
2020-12-07,2020120704000543,GIC,49,22,10,569.00,"5,690.00"
2020-12-07,2020120704000541,GIC,49,28,10,569.00,"5,690.00"
2020-12-07,2020120704000581,GIC,54,28,600,570.00,"342,000.00"
2020-12-07,2020120704000577,GIC,46,39,10,569.00,"5,690.00"
2020-12-07,2020120704000573,GIC,46,45,10,569.00,"5,690.00"
2020-12-07,2020120704000572,GIC,46,45,10,569.00,"5,690.00"
2020-12-07,2020120704000571,GIC,6,28,10,570.00,"5,700.00"
2020-12-07,2020120704000568,GIC,35,28,350,570.00,"199,500.00"
2020-12-07,2020120704000587,GIC,46,8,10,569.00,"5,690.00"
2020-12-07,2020120704000586,GIC,54,25,10,570.00,"5,700.00"
2020-12-07,2020120704000585,GIC,54,8,10,570.00,"5,700.00"
2020-12-07,2020120704000584,GIC,54,21,10,570.00,"5,700.00"
2020-12-07,2020120704000583,GIC,54,59,360,570.00,"205,200.00"
2020-12-07,2020120704000582,GIC,54,19,10,570.00,"5,700.00"
2020-12-07,2020120704000620,GIC,22,14,10,571.00,"5,710.00"
2020-12-07,2020120704000618,GIC,52,5,10,572.00,"5,720.00"
2020-12-07,2020120704000614,GIC,52,21,10,572.00,"5,720.00"
2020-12-07,2020120704000593,GIC,52,21,10,570.00,"5,700.00"
2020-12-07,2020120704000589,GIC,46,44,10,569.00,"5,690.00"
2020-12-07,2020120704000588,GIC,46,21,10,569.00,"5,690.00"
2020-12-07,2020120704000632,GIC,45,54,10,575.00,"5,750.00"
2020-12-07,2020120704000631,GIC,45,56,60,575.00,"34,500.00"
2020-12-07,2020120704000630,GIC,55,58,10,573.00,"5,730.00"
2020-12-07,2020120704000628,GIC,55,56,10,573.00,"5,730.00"
2020-12-07,2020120704000622,GIC,1,56,90,575.00,"51,750.00"
2020-12-07,2020120704000621,GIC,1,41,10,574.00,"5,740.00"
2020-12-07,2020120704000646,GIC,50,35,100,580.00,"58,000.00"
2020-12-07,2020120704000644,GIC,51,22,10,572.00,"5,720.00"
2020-12-07,2020120704000638,GIC,22,56,10,571.00,"5,710.00"
2020-12-07,2020120704000637,GIC,55,39,140,573.00,"80,220.00"
2020-12-07,2020120704000636,GIC,45,39,20,575.00,"11,500.00"
2020-12-07,2020120704000633,GIC,45,25,10,575.00,"5,750.00"
2020-12-07,2020120704000655,GIC,56,13,10,580.00,"5,800.00"
2020-12-07,2020120704000654,GIC,56,38,640,580.00,"371,200.00"
2020-12-07,2020120704000653,GIC,56,59,10,580.00,"5,800.00"
2020-12-07,2020120704000652,GIC,56,35,130,580.00,"75,400.00"
2020-12-07,2020120704000650,GIC,51,42,10,572.00,"5,720.00"
2020-12-07,2020120704000648,GIC,51,57,10,572.00,"5,720.00"
2020-12-07,2020120704000666,GIC,51,4,10,572.00,"5,720.00"
2020-12-07,2020120704000665,GIC,51,42,10,572.00,"5,720.00"
2020-12-07,2020120704000664,GIC,51,56,10,572.00,"5,720.00"
2020-12-07,2020120704000662,GIC,51,56,10,572.00,"5,720.00"
2020-12-07,2020120704000657,GIC,51,38,10,572.00,"5,720.00"
2020-12-07,2020120704000656,GIC,56,34,10,580.00,"5,800.00"
2020-12-07,2020120704000706,GIC,17,16,10,575.00,"5,750.00"
2020-12-07,2020120704000705,GIC,17,29,10,575.00,"5,750.00"
2020-12-07,2020120704000693,GIC,49,47,10,576.00,"5,760.00"
2020-12-07,2020120704000682,GIC,52,29,10,576.00,"5,760.00"
2020-12-07,2020120704000671,GIC,14,40,10,573.00,"5,730.00"
2020-12-07,2020120704000667,GIC,51,32,10,572.00,"5,720.00"
2020-12-07,2020120704000712,GIC,17,26,10,579.00,"5,790.00"
2020-12-07,2020120704000711,GIC,17,29,10,576.00,"5,760.00"
2020-12-07,2020120704000710,GIC,17,39,10,575.00,"5,750.00"
2020-12-07,2020120704000709,GIC,17,47,10,575.00,"5,750.00"
2020-12-07,2020120704000708,GIC,17,21,10,575.00,"5,750.00"
2020-12-07,2020120704000707,GIC,17,17,10,575.00,"5,750.00"
2020-12-07,2020120704000718,GIC,17,45,10,580.00,"5,800.00"
2020-12-07,2020120704000717,GIC,17,55,10,580.00,"5,800.00"
2020-12-07,2020120704000716,GIC,17,4,10,580.00,"5,800.00"
2020-12-07,2020120704000715,GIC,17,37,10,580.00,"5,800.00"
2020-12-07,2020120704000714,GIC,17,56,10,580.00,"5,800.00"
2020-12-07,2020120704000713,GIC,17,42,10,580.00,"5,800.00"
2020-12-07,2020120704000724,GIC,45,46,10,580.00,"5,800.00"
2020-12-07,2020120704000723,GIC,45,45,10,580.00,"5,800.00"
2020-12-07,2020120704000722,GIC,45,11,10,580.00,"5,800.00"
2020-12-07,2020120704000721,GIC,45,7,20,580.00,"11,600.00"
2020-12-07,2020120704000720,GIC,45,42,10,580.00,"5,800.00"
2020-12-07,2020120704000719,GIC,45,51,10,575.00,"5,750.00"
2020-12-07,2020120704000738,GIC,28,45,100,576.00,"57,600.00"
2020-12-07,2020120704000737,GIC,48,45,30,576.00,"17,280.00"
2020-12-07,2020120704000735,GIC,48,21,10,576.00,"5,760.00"
2020-12-07,2020120704000732,GIC,48,57,10,576.00,"5,760.00"
2020-12-07,2020120704000731,GIC,3,32,10,575.00,"5,750.00"
2020-12-07,2020120704000725,GIC,45,45,10,580.00,"5,800.00"
2020-12-07,2020120704000760,GIC,57,38,10,576.00,"5,760.00"
2020-12-07,2020120704000755,GIC,3,32,10,575.00,"5,750.00"
2020-12-07,2020120704000753,GIC,3,52,10,575.00,"5,750.00"
2020-12-07,2020120704000752,GIC,3,28,10,575.00,"5,750.00"
2020-12-07,2020120704000745,GIC,3,29,10,575.00,"5,750.00"
2020-12-07,2020120704000743,GIC,3,45,10,575.00,"5,750.00"
2020-12-07,2020120704000771,GIC,22,59,10,575.00,"5,750.00"
2020-12-07,2020120704000770,GIC,22,59,10,575.00,"5,750.00"
2020-12-07,2020120704000769,GIC,22,59,10,575.00,"5,750.00"
2020-12-07,2020120704000768,GIC,22,59,10,575.00,"5,750.00"
2020-12-07,2020120704000766,GIC,22,59,10,575.00,"5,750.00"
2020-12-07,2020120704000765,GIC,57,16,10,576.00,"5,760.00"
2020-12-07,2020120704000780,GIC,22,59,10,575.00,"5,750.00"
2020-12-07,2020120704000779,GIC,22,59,10,575.00,"5,750.00"
2020-12-07,2020120704000777,GIC,22,59,10,575.00,"5,750.00"
2020-12-07,2020120704000776,GIC,22,59,10,575.00,"5,750.00"
2020-12-07,2020120704000775,GIC,22,57,10,575.00,"5,750.00"
2020-12-07,2020120704000773,GIC,22,59,10,575.00,"5,750.00"
2020-12-07,2020120704000788,GIC,22,39,10,575.00,"5,750.00"
2020-12-07,2020120704000785,GIC,22,59,10,575.00,"5,750.00"
2020-12-07,2020120704000784,GIC,22,59,10,575.00,"5,750.00"
2020-12-07,2020120704000783,GIC,22,59,10,575.00,"5,750.00"
2020-12-07,2020120704000782,GIC,22,59,10,575.00,"5,750.00"
2020-12-07,2020120704000781,GIC,22,59,10,575.00,"5,750.00"
2020-12-07,2020120704000796,GIC,45,41,10,581.00,"5,810.00"
2020-12-07,2020120704000795,GIC,49,54,10,580.00,"5,800.00"
2020-12-07,2020120704000793,GIC,49,21,10,580.00,"5,800.00"
2020-12-07,2020120704000791,GIC,49,13,10,580.00,"5,800.00"
2020-12-07,2020120704000790,GIC,49,22,10,580.00,"5,800.00"
2020-12-07,2020120704000789,GIC,49,46,10,580.00,"5,800.00"
2020-12-07,2020120704000805,GIC,22,58,10,575.00,"5,750.00"
2020-12-07,2020120704000803,GIC,22,38,10,575.00,"5,750.00"
2020-12-07,2020120704000801,GIC,45,44,10,582.00,"5,820.00"
2020-12-07,2020120704000800,GIC,45,32,10,582.00,"5,820.00"
2020-12-07,2020120704000799,GIC,45,56,10,582.00,"5,820.00"
2020-12-07,2020120704000797,GIC,45,41,10,581.00,"5,810.00"
2020-12-07,2020120704000818,GIC,22,35,10,576.00,"5,760.00"
2020-12-07,2020120704000816,GIC,22,54,10,576.00,"5,760.00"
2020-12-07,2020120704000813,GIC,22,54,10,576.00,"5,760.00"
2020-12-07,2020120704000811,GIC,22,29,10,575.00,"5,750.00"
2020-12-07,2020120704000810,GIC,22,48,10,575.00,"5,750.00"
2020-12-07,2020120704000808,GIC,22,54,10,575.00,"5,750.00"
2020-12-07,2020120704000860,GIC,22,11,10,576.00,"5,760.00"
2020-12-07,2020120704000859,GIC,49,58,10,577.00,"5,770.00"
2020-12-07,2020120704000857,GIC,22,4,10,576.00,"5,760.00"
2020-12-07,2020120704000850,GIC,22,11,10,576.00,"5,760.00"
2020-12-07,2020120704000847,GIC,22,36,10,576.00,"5,760.00"
2020-12-07,2020120704000845,GIC,22,38,10,576.00,"5,760.00"
2020-12-07,2020120704000868,GIC,45,11,10,577.00,"5,770.00"
2020-12-07,2020120704000867,GIC,45,6,50,577.00,"28,850.00"
2020-12-07,2020120704000866,GIC,7,42,10,577.00,"5,770.00"
2020-12-07,2020120704000864,GIC,22,45,90,576.00,"51,840.00"
2020-12-07,2020120704000863,GIC,33,45,10,577.00,"5,770.00"
2020-12-07,2020120704000861,GIC,34,42,10,580.00,"5,800.00"
2020-12-07,2020120704000878,GIC,45,56,10,577.00,"5,770.00"
2020-12-07,2020120704000877,GIC,45,42,10,577.00,"5,770.00"
2020-12-07,2020120704000875,GIC,45,21,10,577.00,"5,770.00"
2020-12-07,2020120704000874,GIC,45,40,10,577.00,"5,770.00"
2020-12-07,2020120704000870,GIC,45,21,10,577.00,"5,770.00"
2020-12-07,2020120704000869,GIC,45,52,10,577.00,"5,770.00"
2020-12-07,2020120704000892,GIC,45,4,10,577.00,"5,770.00"
2020-12-07,2020120704000891,GIC,45,45,10,577.00,"5,770.00"
2020-12-07,2020120704000890,GIC,45,17,10,577.00,"5,770.00"
2020-12-07,2020120704000887,GIC,45,45,10,577.00,"5,770.00"
2020-12-07,2020120704000886,GIC,45,22,10,577.00,"5,770.00"
2020-12-07,2020120704000881,GIC,45,59,10,577.00,"5,770.00"
2020-12-07,2020120704000899,GIC,6,17,10,577.00,"5,770.00"
2020-12-07,2020120704000898,GIC,45,21,10,577.00,"5,770.00"
2020-12-07,2020120704000897,GIC,45,21,10,577.00,"5,770.00"
2020-12-07,2020120704000896,GIC,45,17,10,577.00,"5,770.00"
2020-12-07,2020120704000895,GIC,45,29,10,577.00,"5,770.00"
2020-12-07,2020120704000893,GIC,45,56,10,577.00,"5,770.00"
2020-12-07,2020120704000934,GIC,22,45,10,580.00,"5,800.00"
2020-12-07,2020120704000933,GIC,22,49,10,580.00,"5,800.00"
2020-12-07,2020120704000931,GIC,22,41,10,579.00,"5,790.00"
2020-12-07,2020120704000923,GIC,22,42,10,579.00,"5,790.00"
2020-12-07,2020120704000922,GIC,22,26,10,579.00,"5,790.00"
2020-12-07,2020120704000911,GIC,6,46,10,578.00,"5,780.00"
2020-12-07,2020120704000940,GIC,22,41,10,580.00,"5,800.00"
2020-12-07,2020120704000939,GIC,22,46,10,580.00,"5,800.00"
2020-12-07,2020120704000938,GIC,22,41,10,580.00,"5,800.00"
2020-12-07,2020120704000937,GIC,22,52,10,580.00,"5,800.00"
2020-12-07,2020120704000936,GIC,22,45,10,580.00,"5,800.00"
2020-12-07,2020120704000935,GIC,22,8,10,580.00,"5,800.00"
2020-12-07,2020120704000967,GIC,6,42,10,582.00,"5,820.00"
2020-12-07,2020120704000966,GIC,22,46,10,581.00,"5,810.00"
2020-12-07,2020120704000948,GIC,54,57,10,580.00,"5,800.00"
2020-12-07,2020120704000947,GIC,54,34,10,580.00,"5,800.00"
2020-12-07,2020120704000946,GIC,54,29,10,580.00,"5,800.00"
2020-12-07,2020120704000942,GIC,22,57,10,579.00,"5,790.00"
2020-12-07,2020120704000984,GIC,29,41,10,585.00,"5,850.00"
2020-12-07,2020120704000983,GIC,29,1,10,584.00,"5,840.00"
2020-12-07,2020120704000982,GIC,29,57,10,583.00,"5,830.00"
2020-12-07,2020120704000975,GIC,6,46,10,582.00,"5,820.00"
2020-12-07,2020120704000971,GIC,6,48,10,582.00,"5,820.00"
2020-12-07,2020120704000970,GIC,6,36,10,582.00,"5,820.00"
2020-12-07,2020120704000990,GIC,29,45,10,585.00,"5,850.00"
2020-12-07,2020120704000989,GIC,29,55,10,585.00,"5,850.00"
2020-12-07,2020120704000988,GIC,29,34,10,585.00,"5,850.00"
2020-12-07,2020120704000987,GIC,29,34,100,585.00,"58,500.00"
2020-12-07,2020120704000986,GIC,29,19,30,585.00,"17,550.00"
2020-12-07,2020120704000985,GIC,29,57,10,585.00,"5,850.00"
2020-12-07,2020120704000900,KBLD86,6,21,25,"1,030.00","25,750.00"
2020-12-07,2020120704000786,LUK,34,25,100,9.40,940.00
2020-12-07,2020120704000669,LUK,6,37,200,9.37,"1,874.00"
2020-12-07,2020120704000910,NBF2,53,55,990,9.68,"9,583.20"
2020-12-07,2020120704000854,NBF2,53,47,200,9.68,"1,936.00"
2020-12-07,2020120704000833,NBF2,53,39,200,9.68,"1,936.00"
2020-12-07,2020120704000821,NBF2,46,29,500,9.70,"4,850.00"
2020-12-07,2020120704000820,NBF2,46,29,"1,000",9.70,"9,700.00"
2020-12-07,2020120704000819,NBF2,46,29,500,9.70,"4,850.00"
2020-12-07,2020120704000552,NBF2,54,38,500,9.75,"4,875.00"
2020-12-07,2020120704000547,NBF2,54,38,500,9.75,"4,875.00"
2020-12-07,2020120704000641,NBF2,6,29,"1,300",9.70,"12,610.00"
2020-12-07,2020120704000619,NBF2,53,39,200,9.68,"1,936.00"
2020-12-07,2020120704000608,NBF2,34,29,200,9.70,"1,940.00"
2020-12-07,2020120704000575,NBF2,54,57,900,9.89,"8,901.00"
2020-12-07,2020120704000574,NBF2,54,57,100,9.89,989.00
2020-12-07,2020120704000567,NBF2,54,29,500,9.80,"4,900.00"
2020-12-07,2020120704000844,NEF,39,22,500,9.80,"4,900.00"
2020-12-07,2020120704000739,NEF,10,4,483,9.70,"4,685.10"
2020-12-07,2020120704000697,NEF,10,32,724,9.70,"7,022.80"
2020-12-07,2020120704000617,NEF,53,38,414,9.68,"4,007.52"
2020-12-07,2020120704000616,NEF,46,38,"2,000",9.69,"19,380.00"
2020-12-07,2020120704000555,NEF,53,47,"5,306",9.68,"51,362.08"
2020-12-07,2020120704000548,NEF,54,47,"1,276",9.70,"12,377.20"
2020-12-07,2020120704000537,NEF,54,49,724,9.70,"7,022.80"
2020-12-07,2020120704000849,NIBLPF,17,17,505,9.84,"4,969.20"
2020-12-07,2020120704000848,NIBLPF,17,29,605,9.84,"5,953.20"
2020-12-07,2020120704000832,NIBLPF,40,29,415,9.83,"4,079.45"
2020-12-07,2020120704000826,NIBLPF,51,29,"1,000",9.83,"9,830.00"
2020-12-07,2020120704000817,NIBLPF,40,29,"1,110",9.83,"10,911.30"
2020-12-07,2020120704000750,NIBLPF,6,29,"1,920",9.84,"18,892.80"
2020-12-07,2020120704000688,NIBLPF,6,29,"2,525",9.81,"24,770.25"
2020-12-07,2020120704000678,NIBLPF,6,29,555,9.81,"5,444.55"
2020-12-07,2020120704000677,NIBLPF,6,29,"1,970",9.81,"19,325.70"
2020-12-07,2020120704000611,NIBLPF,6,38,505,9.81,"4,954.05"
2020-12-07,2020120704000610,NIBLPF,6,29,"2,525",9.81,"24,770.25"
2020-12-07,2020120704000594,NIBLPF,6,29,"2,475",9.91,"24,527.25"
2020-12-07,2020120704000951,NIBPO,43,43,1,412.00,412.00
2020-12-07,2020120704000909,NIBPO,35,39,"3,234",412.00,"1,332,408.00"
2020-12-07,2020120704000903,NIBPO,35,42,766,412.00,"315,592.00"
2020-12-07,2020120704000902,NIBPO,17,42,"1,000",413.00,"413,000.00"
2020-12-07,2020120704000901,NIBPO,43,42,"1,000",413.00,"413,000.00"
2020-12-07,2020120704000787,NIBPO,39,50,"1,491",416.00,"620,256.00"
2020-12-07,2020120704000703,NIBPO,14,26,254,415.00,"105,410.00"
2020-12-07,2020120704000694,NIBPO,14,26,46,415.00,"19,090.00"
2020-12-07,2020120704000691,NIBPO,14,34,700,415.00,"290,500.00"
2020-12-07,2020120704000684,NIBPO,51,26,125,416.00,"52,000.00"
2020-12-07,2020120704000598,NIBPO,35,28,"1,000",412.00,"412,000.00"
2020-12-07,2020120704000510,NIBPO,43,26,500,412.00,"206,000.00"
2020-12-07,2020120704000976,NIBSF1,49,11,250,10.72,"2,680.00"
2020-12-07,2020120704000974,NIBSF1,7,11,"5,600",10.73,"60,088.00"
2020-12-07,2020120704000973,NIBSF1,51,11,"2,300",10.74,"24,702.00"
2020-12-07,2020120704000972,NIBSF1,26,11,"6,850",10.75,"73,637.50"
2020-12-07,2020120704000906,NIBSF1,19,11,"5,000",10.76,"53,800.00"
2020-12-07,2020120704000905,NIBSF1,19,11,"10,000",10.76,"107,600.00"
2020-12-07,2020120704000884,NIBSF1,26,11,"3,150",10.75,"33,862.50"
2020-12-07,2020120704000883,NIBSF1,14,11,"1,850",10.76,"19,906.00"
2020-12-07,2020120704000882,NIBSF1,17,11,"5,000",10.76,"53,800.00"
2020-12-07,2020120704000690,NIBSF1,7,38,"2,400",10.73,"25,752.00"
2020-12-07,2020120704000689,NIBSF1,21,38,100,10.85,"1,085.00"
2020-12-07,2020120704000838,NICAD8283,56,55,25,"1,147.00","28,675.00"
2020-12-07,2020120704000823,NICBF,53,41,300,9.67,"2,901.00"
2020-12-07,2020120704000822,NICBF,13,41,700,9.70,"6,790.00"
2020-12-07,2020120704000748,NICBF,13,33,300,9.70,"2,910.00"
2020-12-07,2020120704000843,NICGF,34,33,"7,500",10.15,"76,125.00"
2020-12-07,2020120704000842,NICGF,13,33,400,10.15,"4,060.00"
2020-12-07,2020120704000841,NICGF,10,33,"2,100",10.16,"21,336.00"
2020-12-07,2020120704000834,NICGF,10,51,400,10.16,"4,064.00"
2020-12-07,2020120704000704,NICGF,35,38,"3,000",10.25,"30,750.00"
2020-12-07,2020120704000701,NICGF,13,32,500,10.15,"5,075.00"
2020-12-07,2020120704000698,NICGF,13,38,100,10.15,"1,015.00"
2020-12-07,2020120704000528,NICGF,17,51,100,10.35,"1,035.00"
2020-12-07,2020120704000828,NMB50,13,41,"1,500",9.92,"14,880.00"
2020-12-07,2020120704000733,NMB50,13,33,100,9.92,992.00
2020-12-07,2020120704000744,NMBHF1,10,48,"4,000",9.80,"39,200.00"
2020-12-07,2020120704000639,NMBHF1,17,39,"1,664",9.74,"16,207.36"
2020-12-07,2020120704000602,NMBHF1,33,28,"5,000",9.75,"48,750.00"
2020-12-07,2020120704000601,NMBHF1,33,28,"5,000",9.75,"48,750.00"
2020-12-07,2020120704000600,NMBHF1,51,28,"10,000",9.76,"97,600.00"
2020-12-07,2020120704000889,RBCLPO,4,6,10,"14,550.00","145,500.00"
2020-12-07,2020120704000837,RBCLPO,38,22,10,"14,484.00","144,840.00"
2020-12-07,2020120704000836,RBCLPO,38,32,20,"14,300.00","286,000.00"
2020-12-07,2020120704000835,RBCLPO,38,58,25,"14,280.00","357,000.00"
2020-12-07,2020120704000825,RBCLPO,4,32,50,"14,200.00","710,000.00"
2020-12-07,2020120704000824,RBCLPO,4,6,10,"14,150.00","141,500.00"
2020-12-07,2020120704000504,RBCLPO,33,32,500,"13,715.00","6,857,500.00"
2020-12-07,2020120704000503,RBCLPO,58,32,50,"13,720.00","686,000.00"
2020-12-07,2020120704000502,RBCLPO,45,32,50,"13,730.00","686,500.00"
2020-12-07,2020120704000501,RBCLPO,59,32,10,"13,795.00","137,950.00"
2020-12-07,2020120704000681,RBCLPO,33,33,111,"14,090.00","1,563,990.00"
2020-12-07,2020120704000680,RBCLPO,33,32,10,"14,090.00","140,900.00"
2020-12-07,2020120704000676,RBCLPO,58,33,10,"13,901.00","139,010.00"
2020-12-07,2020120704000507,RBCLPO,33,32,45,"13,715.00","617,175.00"
2020-12-07,2020120704000506,RBCLPO,47,32,35,"13,715.00","480,025.00"
2020-12-07,2020120704000505,RBCLPO,22,32,10,"13,715.00","137,150.00"
2020-12-07,2020120704000871,SAEF,6,59,250,11.00,"2,750.00"
2020-12-07,2020120704000613,SAEF,57,11,"5,000",10.96,"54,800.00"
2020-12-07,2020120704000612,SAEF,6,11,"5,000",10.97,"54,850.00"
2020-12-07,2020120704000542,SAEF,26,11,"5,000",11.00,"55,000.00"
2020-12-07,2020120704000540,SAEF,6,11,"5,000",11.01,"55,050.00"
2020-12-07,2020120704000908,SAND2085,19,55,25,"1,031.00","25,775.00"
2020-12-07,2020120704000700,SAND2085,17,56,25,"1,030.00","25,750.00"
2020-12-07,2020120704000763,SEF,17,39,200,10.15,"2,030.00"
2020-12-07,2020120704000981,SGI,50,1,10,600.00,"6,000.00"
2020-12-07,2020120704000980,SGI,50,59,10,600.00,"6,000.00"
2020-12-07,2020120704000979,SGI,50,59,10,600.00,"6,000.00"
2020-12-07,2020120704000978,SGI,50,32,65,600.00,"39,000.00"
2020-12-07,2020120704000977,SGI,34,36,10,599.00,"5,990.00"
2020-12-07,2020120704000964,SGI,49,26,10,598.00,"5,980.00"
2020-12-07,2020120704000513,SGI,54,47,10,582.00,"5,820.00"
2020-12-07,2020120704000511,SGI,54,42,10,582.00,"5,820.00"
2020-12-07,2020120704000509,SGI,54,34,10,582.00,"5,820.00"
2020-12-07,2020120704000500,SGI,54,34,10,582.00,"5,820.00"
2020-12-07,2020120704000497,SGI,49,42,10,589.00,"5,890.00"
2020-12-07,2020120704000530,SGI,40,6,10,581.00,"5,810.00"
2020-12-07,2020120704000527,SGI,40,42,10,581.00,"5,810.00"
2020-12-07,2020120704000526,SGI,40,44,10,581.00,"5,810.00"
2020-12-07,2020120704000524,SGI,40,42,10,581.00,"5,810.00"
2020-12-07,2020120704000516,SGI,6,54,10,585.00,"5,850.00"
2020-12-07,2020120704000515,SGI,6,21,10,582.00,"5,820.00"
2020-12-07,2020120704000544,SGI,28,25,10,583.00,"5,830.00"
2020-12-07,2020120704000538,SGI,55,50,200,582.00,"116,400.00"
2020-12-07,2020120704000536,SGI,55,57,10,582.00,"5,820.00"
2020-12-07,2020120704000535,SGI,55,21,10,582.00,"5,820.00"
2020-12-07,2020120704000534,SGI,55,26,10,582.00,"5,820.00"
2020-12-07,2020120704000532,SGI,40,42,10,581.00,"5,810.00"
2020-12-07,2020120704000556,SGI,22,38,10,585.00,"5,850.00"
2020-12-07,2020120704000551,SGI,34,14,10,589.00,"5,890.00"
2020-12-07,2020120704000550,SGI,34,45,10,589.00,"5,890.00"
2020-12-07,2020120704000549,SGI,34,45,10,589.00,"5,890.00"
2020-12-07,2020120704000546,SGI,51,21,10,584.00,"5,840.00"
2020-12-07,2020120704000545,SGI,28,41,10,583.00,"5,830.00"
2020-12-07,2020120704000564,SGI,45,22,10,589.00,"5,890.00"
2020-12-07,2020120704000563,SGI,22,47,10,585.00,"5,850.00"
2020-12-07,2020120704000560,SGI,22,34,10,585.00,"5,850.00"
2020-12-07,2020120704000559,SGI,22,45,10,585.00,"5,850.00"
2020-12-07,2020120704000558,SGI,22,22,10,585.00,"5,850.00"
2020-12-07,2020120704000557,SGI,22,34,10,585.00,"5,850.00"
2020-12-07,2020120704000580,SGI,22,47,10,586.00,"5,860.00"
2020-12-07,2020120704000578,SGI,22,59,10,586.00,"5,860.00"
2020-12-07,2020120704000576,SGI,13,13,10,589.00,"5,890.00"
2020-12-07,2020120704000569,SGI,13,44,10,589.00,"5,890.00"
2020-12-07,2020120704000566,SGI,22,38,10,585.00,"5,850.00"
2020-12-07,2020120704000565,SGI,45,28,290,590.00,"171,100.00"
2020-12-07,2020120704000604,SGI,19,42,10,589.00,"5,890.00"
2020-12-07,2020120704000603,SGI,34,42,10,587.00,"5,870.00"
2020-12-07,2020120704000597,SGI,34,29,10,587.00,"5,870.00"
2020-12-07,2020120704000596,SGI,55,47,10,586.00,"5,860.00"
2020-12-07,2020120704000592,SGI,55,21,10,586.00,"5,860.00"
2020-12-07,2020120704000591,SGI,55,59,10,586.00,"5,860.00"
2020-12-07,2020120704000624,SGI,38,42,10,593.00,"5,930.00"
2020-12-07,2020120704000623,SGI,38,41,10,590.00,"5,900.00"
2020-12-07,2020120704000615,SGI,38,33,10,590.00,"5,900.00"
2020-12-07,2020120704000607,SGI,19,22,10,590.00,"5,900.00"
2020-12-07,2020120704000606,SGI,19,55,10,590.00,"5,900.00"
2020-12-07,2020120704000605,SGI,19,28,400,590.00,"236,000.00"
2020-12-07,2020120704000643,SGI,45,17,10,591.00,"5,910.00"
2020-12-07,2020120704000642,SGI,45,19,10,591.00,"5,910.00"
2020-12-07,2020120704000635,SGI,38,29,10,590.00,"5,900.00"
2020-12-07,2020120704000634,SGI,38,57,10,590.00,"5,900.00"
2020-12-07,2020120704000626,SGI,38,58,10,593.00,"5,930.00"
2020-12-07,2020120704000625,SGI,38,54,10,593.00,"5,930.00"
2020-12-07,2020120704000660,SGI,22,22,10,591.00,"5,910.00"
2020-12-07,2020120704000659,SGI,22,58,10,591.00,"5,910.00"
2020-12-07,2020120704000658,SGI,22,28,10,591.00,"5,910.00"
2020-12-07,2020120704000651,SGI,45,17,10,591.00,"5,910.00"
2020-12-07,2020120704000649,SGI,45,51,10,591.00,"5,910.00"
2020-12-07,2020120704000647,SGI,45,8,10,591.00,"5,910.00"
2020-12-07,2020120704000674,SGI,38,39,10,595.00,"5,950.00"
2020-12-07,2020120704000673,SGI,38,17,10,595.00,"5,950.00"
2020-12-07,2020120704000672,SGI,38,59,10,595.00,"5,950.00"
2020-12-07,2020120704000670,SGI,38,45,10,590.00,"5,900.00"
2020-12-07,2020120704000668,SGI,38,41,10,594.00,"5,940.00"
2020-12-07,2020120704000663,SGI,38,41,10,593.00,"5,930.00"
2020-12-07,2020120704000687,SGI,39,32,50,597.00,"29,850.00"
2020-12-07,2020120704000686,SGI,42,55,10,595.00,"5,950.00"
2020-12-07,2020120704000685,SGI,10,44,10,595.00,"5,950.00"
2020-12-07,2020120704000683,SGI,10,47,10,595.00,"5,950.00"
2020-12-07,2020120704000679,SGI,10,41,10,595.00,"5,950.00"
2020-12-07,2020120704000675,SGI,38,50,10,595.00,"5,950.00"
2020-12-07,2020120704000728,SGI,11,4,10,596.00,"5,960.00"
2020-12-07,2020120704000727,SGI,11,42,10,596.00,"5,960.00"
2020-12-07,2020120704000726,SGI,29,17,10,595.00,"5,950.00"
2020-12-07,2020120704000702,SGI,42,39,10,595.00,"5,950.00"
2020-12-07,2020120704000699,SGI,42,44,10,595.00,"5,950.00"
2020-12-07,2020120704000692,SGI,42,44,10,595.00,"5,950.00"
2020-12-07,2020120704000741,SGI,51,8,10,595.00,"5,950.00"
2020-12-07,2020120704000740,SGI,51,46,10,595.00,"5,950.00"
2020-12-07,2020120704000736,SGI,29,1,190,595.00,"113,050.00"
2020-12-07,2020120704000734,SGI,11,1,160,596.00,"95,360.00"
2020-12-07,2020120704000730,SGI,11,29,10,596.00,"5,960.00"
2020-12-07,2020120704000729,SGI,11,22,10,596.00,"5,960.00"
2020-12-07,2020120704000757,SGI,54,48,10,596.00,"5,960.00"
2020-12-07,2020120704000756,SGI,54,52,10,596.00,"5,960.00"
2020-12-07,2020120704000754,SGI,54,16,10,596.00,"5,960.00"
2020-12-07,2020120704000749,SGI,51,16,10,595.00,"5,950.00"
2020-12-07,2020120704000747,SGI,51,21,10,595.00,"5,950.00"
2020-12-07,2020120704000742,SGI,51,45,10,595.00,"5,950.00"
2020-12-07,2020120704000778,SGI,56,57,10,597.00,"5,970.00"
2020-12-07,2020120704000774,SGI,45,16,10,597.00,"5,970.00"
2020-12-07,2020120704000772,SGI,22,57,10,599.00,"5,990.00"
2020-12-07,2020120704000767,SGI,22,56,10,598.00,"5,980.00"
2020-12-07,2020120704000764,SGI,54,17,10,596.00,"5,960.00"
2020-12-07,2020120704000759,SGI,54,48,10,596.00,"5,960.00"
2020-12-07,2020120704000806,SGI,56,45,10,598.00,"5,980.00"
2020-12-07,2020120704000804,SGI,56,38,10,598.00,"5,980.00"
2020-12-07,2020120704000802,SGI,56,3,10,598.00,"5,980.00"
2020-12-07,2020120704000798,SGI,56,54,10,598.00,"5,980.00"
2020-12-07,2020120704000794,SGI,56,17,10,598.00,"5,980.00"
2020-12-07,2020120704000792,SGI,56,17,10,598.00,"5,980.00"
2020-12-07,2020120704000827,SGI,54,43,10,595.00,"5,950.00"
2020-12-07,2020120704000815,SGI,54,54,10,595.00,"5,950.00"
2020-12-07,2020120704000814,SGI,54,21,10,595.00,"5,950.00"
2020-12-07,2020120704000812,SGI,56,54,10,598.00,"5,980.00"
2020-12-07,2020120704000809,SGI,56,57,10,598.00,"5,980.00"
2020-12-07,2020120704000807,SGI,56,29,10,598.00,"5,980.00"
2020-12-07,2020120704000862,SGI,57,52,10,595.00,"5,950.00"
2020-12-07,2020120704000858,SGI,57,45,10,595.00,"5,950.00"
2020-12-07,2020120704000855,SGI,57,21,10,595.00,"5,950.00"
2020-12-07,2020120704000853,SGI,57,7,10,595.00,"5,950.00"
2020-12-07,2020120704000840,SGI,54,11,10,595.00,"5,950.00"
2020-12-07,2020120704000839,SGI,49,29,10,598.00,"5,980.00"
2020-12-07,2020120704000880,SGI,18,42,10,594.00,"5,940.00"
2020-12-07,2020120704000879,SGI,18,21,10,594.00,"5,940.00"
2020-12-07,2020120704000876,SGI,18,40,10,594.00,"5,940.00"
2020-12-07,2020120704000873,SGI,18,46,10,594.00,"5,940.00"
2020-12-07,2020120704000872,SGI,18,21,10,594.00,"5,940.00"
2020-12-07,2020120704000865,SGI,57,4,10,595.00,"5,950.00"
2020-12-07,2020120704000915,SGI,22,13,10,596.00,"5,960.00"
2020-12-07,2020120704000914,SGI,22,40,10,596.00,"5,960.00"
2020-12-07,2020120704000913,SGI,22,11,10,596.00,"5,960.00"
2020-12-07,2020120704000912,SGI,22,56,10,595.00,"5,950.00"
2020-12-07,2020120704000888,SGI,33,58,10,596.00,"5,960.00"
2020-12-07,2020120704000885,SGI,34,25,10,598.00,"5,980.00"
2020-12-07,2020120704000921,SGI,22,36,10,597.00,"5,970.00"
2020-12-07,2020120704000920,SGI,22,34,10,597.00,"5,970.00"
2020-12-07,2020120704000919,SGI,22,45,10,596.00,"5,960.00"
2020-12-07,2020120704000918,SGI,22,58,10,596.00,"5,960.00"
2020-12-07,2020120704000917,SGI,22,45,10,596.00,"5,960.00"
2020-12-07,2020120704000916,SGI,22,22,10,596.00,"5,960.00"
2020-12-07,2020120704000932,SGI,49,59,10,598.00,"5,980.00"
2020-12-07,2020120704000928,SGI,49,45,10,598.00,"5,980.00"
2020-12-07,2020120704000927,SGI,49,45,10,598.00,"5,980.00"
2020-12-07,2020120704000926,SGI,49,45,10,598.00,"5,980.00"
2020-12-07,2020120704000925,SGI,49,34,100,598.00,"59,800.00"
2020-12-07,2020120704000924,SGI,49,55,70,598.00,"41,860.00"
2020-12-07,2020120704000953,SGI,34,55,10,599.00,"5,990.00"
2020-12-07,2020120704000950,SGI,49,48,10,598.00,"5,980.00"
2020-12-07,2020120704000949,SGI,49,59,10,598.00,"5,980.00"
2020-12-07,2020120704000945,SGI,49,59,10,598.00,"5,980.00"
2020-12-07,2020120704000943,SGI,49,59,10,598.00,"5,980.00"
2020-12-07,2020120704000941,SGI,49,21,10,598.00,"5,980.00"
2020-12-07,2020120704000963,SGI,49,34,10,598.00,"5,980.00"
2020-12-07,2020120704000962,SGI,49,46,10,598.00,"5,980.00"
2020-12-07,2020120704000957,SGI,49,11,10,598.00,"5,980.00"
2020-12-07,2020120704000956,SGI,34,36,10,599.00,"5,990.00"
2020-12-07,2020120704000955,SGI,34,13,10,599.00,"5,990.00"
2020-12-07,2020120704000954,SGI,34,35,10,599.00,"5,990.00"
2020-12-07,2020120704000961,STC,36,34,10,"5,520.00","55,200.00"
2020-12-07,2020120704000960,STC,36,47,10,"5,520.00","55,200.00"
2020-12-07,2020120704000959,STC,36,34,20,"5,510.00","110,200.00"
2020-12-07,2020120704000958,STC,36,11,10,"5,510.00","55,100.00"
2020-12-07,2020120704000930,STC,49,34,20,"5,500.00","110,000.00"
2020-12-07,2020120704000929,STC,49,10,10,"5,500.00","55,000.00"
2020-12-07,2020120704000645,STC,52,37,100,"5,202.00","520,200.00"
2020-12-07,2020120704000640,STC,52,13,20,"5,100.00","102,000.00"
2020-12-07,2020120704000629,STC,17,54,70,"5,150.00","360,500.00"
2020-12-07,2020120704000627,STC,3,54,45,"5,150.00","231,750.00"
2020-12-07,2020120704000595,STC,3,11,40,"5,200.00","208,000.00"
2020-12-07,2020120704000570,STC,17,33,10,"5,110.00","51,100.00"
2020-12-07,2020120704000856,STC,21,34,20,"5,412.00","108,240.00"
2020-12-07,2020120704000851,STC,49,22,10,"5,320.00","53,200.00"
2020-12-07,2020120704000751,STC,52,47,10,"5,412.00","54,120.00"
2020-12-07,2020120704000746,STC,50,33,10,"5,400.00","54,000.00"
2020-12-07,2020120704000696,STC,28,47,10,"5,306.00","53,060.00"
2020-12-07,2020120704000695,STC,28,33,10,"5,300.00","53,000.00"
2020-12-07,2020120704000475,BBC,45,25,30,"2,900.00","87,000.00"
2020-12-07,2020120704000446,BBC,34,52,50,"2,949.00","147,450.00"
2020-12-07,2020120704000373,BBC,40,36,30,"3,009.00","90,270.00"
2020-12-07,2020120704000347,BBC,52,39,19,"2,958.00","56,202.00"
2020-12-07,2020120704000258,BBC,6,40,10,"2,900.00","29,000.00"
2020-12-07,2020120704000221,BBC,49,39,10,"2,951.00","29,510.00"
2020-12-07,2020120704000127,BBC,59,50,10,"2,894.00","28,940.00"
2020-12-07,2020120704000013,BBC,3,49,10,"2,838.00","28,380.00"
2020-12-07,2020120704000034,CMF1,25,41,"2,000",9.63,"19,260.00"
2020-12-07,2020120704000494,GIC,34,45,10,568.00,"5,680.00"
2020-12-07,2020120704000491,GIC,34,4,10,568.00,"5,680.00"
2020-12-07,2020120704000486,GIC,34,42,10,568.00,"5,680.00"
2020-12-07,2020120704000472,GIC,13,28,30,570.00,"17,100.00"
2020-12-07,2020120704000470,GIC,34,28,10,568.00,"5,680.00"
2020-12-07,2020120704000469,GIC,5,28,100,570.00,"57,000.00"
2020-12-07,2020120704000008,GIC,35,51,10,580.00,"5,800.00"
2020-12-07,2020120704000007,GIC,35,37,10,580.00,"5,800.00"
2020-12-07,2020120704000006,GIC,35,41,10,580.00,"5,800.00"
2020-12-07,2020120704000004,GIC,34,17,10,575.00,"5,750.00"
2020-12-07,2020120704000003,GIC,54,42,10,570.00,"5,700.00"
2020-12-07,2020120704000001,GIC,54,52,10,570.00,"5,700.00"
2020-12-07,2020120704000016,GIC,52,35,200,580.00,"116,000.00"
2020-12-07,2020120704000015,GIC,34,38,10,575.00,"5,750.00"
2020-12-07,2020120704000014,GIC,34,56,10,575.00,"5,750.00"
2020-12-07,2020120704000012,GIC,34,52,10,575.00,"5,750.00"
2020-12-07,2020120704000010,GIC,35,42,10,580.00,"5,800.00"
2020-12-07,2020120704000009,GIC,35,4,10,580.00,"5,800.00"
2020-12-07,2020120704000035,GIC,34,58,10,578.00,"5,780.00"
2020-12-07,2020120704000023,GIC,34,40,10,575.00,"5,750.00"
2020-12-07,2020120704000020,GIC,56,29,10,580.00,"5,800.00"
2020-12-07,2020120704000019,GIC,56,58,10,580.00,"5,800.00"
2020-12-07,2020120704000018,GIC,56,42,10,580.00,"5,800.00"
2020-12-07,2020120704000017,GIC,56,29,10,580.00,"5,800.00"
2020-12-07,2020120704000049,GIC,43,29,30,585.00,"17,550.00"
2020-12-07,2020120704000048,GIC,43,47,10,585.00,"5,850.00"
2020-12-07,2020120704000043,GIC,34,47,10,581.00,"5,810.00"
2020-12-07,2020120704000041,GIC,58,42,10,580.00,"5,800.00"
2020-12-07,2020120704000040,GIC,58,1,10,579.00,"5,790.00"
2020-12-07,2020120704000037,GIC,41,56,10,585.00,"5,850.00"
2020-12-07,2020120704000062,GIC,46,50,10,596.00,"5,960.00"
2020-12-07,2020120704000061,GIC,46,38,10,590.00,"5,900.00"
2020-12-07,2020120704000054,GIC,34,42,10,585.00,"5,850.00"
2020-12-07,2020120704000053,GIC,43,48,10,592.00,"5,920.00"
2020-12-07,2020120704000052,GIC,43,6,10,590.00,"5,900.00"
2020-12-07,2020120704000050,GIC,43,47,10,585.00,"5,850.00"
2020-12-07,2020120704000078,GIC,38,35,60,592.00,"35,520.00"
2020-12-07,2020120704000075,GIC,38,7,10,592.00,"5,920.00"
2020-12-07,2020120704000074,GIC,38,49,10,592.00,"5,920.00"
2020-12-07,2020120704000073,GIC,38,49,10,592.00,"5,920.00"
2020-12-07,2020120704000071,GIC,38,41,10,592.00,"5,920.00"
2020-12-07,2020120704000069,GIC,46,42,10,595.00,"5,950.00"
2020-12-07,2020120704000101,GIC,25,45,10,586.00,"5,860.00"
2020-12-07,2020120704000094,GIC,25,56,30,592.00,"17,760.00"
2020-12-07,2020120704000093,GIC,25,35,110,592.00,"65,120.00"
2020-12-07,2020120704000092,GIC,25,58,10,590.00,"5,900.00"
2020-12-07,2020120704000086,GIC,13,59,100,590.00,"59,000.00"
2020-12-07,2020120704000079,GIC,46,35,80,592.00,"47,360.00"
2020-12-07,2020120704000119,GIC,58,45,10,580.00,"5,800.00"
2020-12-07,2020120704000115,GIC,6,59,10,581.00,"5,810.00"
2020-12-07,2020120704000114,GIC,38,59,100,581.00,"58,100.00"
2020-12-07,2020120704000111,GIC,34,59,110,585.00,"64,350.00"
2020-12-07,2020120704000109,GIC,34,36,10,585.00,"5,850.00"
2020-12-07,2020120704000102,GIC,25,34,10,586.00,"5,860.00"
2020-12-07,2020120704000135,GIC,43,42,10,577.00,"5,770.00"
2020-12-07,2020120704000133,GIC,43,42,10,577.00,"5,770.00"
2020-12-07,2020120704000129,GIC,43,41,10,577.00,"5,770.00"
2020-12-07,2020120704000128,GIC,7,45,50,580.00,"29,000.00"
2020-12-07,2020120704000124,GIC,43,34,10,577.00,"5,770.00"
2020-12-07,2020120704000120,GIC,58,45,170,580.00,"98,600.00"
2020-12-07,2020120704000153,GIC,36,34,10,577.00,"5,770.00"
2020-12-07,2020120704000152,GIC,37,39,10,576.00,"5,760.00"
2020-12-07,2020120704000150,GIC,25,34,20,577.00,"11,540.00"
2020-12-07,2020120704000147,GIC,46,34,100,577.00,"57,700.00"
2020-12-07,2020120704000145,GIC,43,34,50,577.00,"28,850.00"
2020-12-07,2020120704000137,GIC,43,19,10,577.00,"5,770.00"
2020-12-07,2020120704000161,GIC,37,41,50,576.00,"28,800.00"
2020-12-07,2020120704000160,GIC,37,42,310,576.00,"178,560.00"
2020-12-07,2020120704000159,GIC,37,45,10,576.00,"5,760.00"
2020-12-07,2020120704000158,GIC,37,52,10,576.00,"5,760.00"
2020-12-07,2020120704000157,GIC,37,53,10,576.00,"5,760.00"
2020-12-07,2020120704000156,GIC,37,42,10,576.00,"5,760.00"
2020-12-07,2020120704000176,GIC,37,59,40,576.00,"23,040.00"
2020-12-07,2020120704000173,GIC,37,58,10,576.00,"5,760.00"
2020-12-07,2020120704000171,GIC,37,45,10,576.00,"5,760.00"
2020-12-07,2020120704000168,GIC,37,38,10,576.00,"5,760.00"
2020-12-07,2020120704000163,GIC,37,49,10,576.00,"5,760.00"
2020-12-07,2020120704000162,GIC,37,59,400,576.00,"230,400.00"
2020-12-07,2020120704000186,GIC,38,45,10,576.00,"5,760.00"
2020-12-07,2020120704000182,GIC,38,42,210,576.00,"120,960.00"
2020-12-07,2020120704000181,GIC,37,51,80,576.00,"46,080.00"
2020-12-07,2020120704000180,GIC,37,57,10,576.00,"5,760.00"
2020-12-07,2020120704000178,GIC,37,38,10,576.00,"5,760.00"
2020-12-07,2020120704000177,GIC,37,58,10,576.00,"5,760.00"
2020-12-07,2020120704000198,GIC,41,34,320,577.00,"184,640.00"
2020-12-07,2020120704000194,GIC,38,22,60,576.00,"34,560.00"
2020-12-07,2020120704000193,GIC,38,13,10,576.00,"5,760.00"
2020-12-07,2020120704000191,GIC,38,35,110,576.00,"63,360.00"
2020-12-07,2020120704000188,GIC,38,59,10,576.00,"5,760.00"
2020-12-07,2020120704000187,GIC,38,41,10,576.00,"5,760.00"
2020-12-07,2020120704000204,GIC,38,26,10,576.00,"5,760.00"
2020-12-07,2020120704000203,GIC,38,49,10,576.00,"5,760.00"
2020-12-07,2020120704000202,GIC,41,45,30,580.00,"17,400.00"
2020-12-07,2020120704000201,GIC,41,45,90,578.00,"52,020.00"
2020-12-07,2020120704000200,GIC,41,41,10,577.00,"5,770.00"
2020-12-07,2020120704000199,GIC,41,45,50,577.00,"28,850.00"
2020-12-07,2020120704000225,GIC,56,35,340,577.00,"196,180.00"
2020-12-07,2020120704000220,GIC,56,22,10,577.00,"5,770.00"
2020-12-07,2020120704000212,GIC,56,19,10,577.00,"5,770.00"
2020-12-07,2020120704000211,GIC,56,58,10,577.00,"5,770.00"
2020-12-07,2020120704000206,GIC,56,38,10,577.00,"5,770.00"
2020-12-07,2020120704000205,GIC,38,58,10,576.00,"5,760.00"
2020-12-07,2020120704000247,GIC,34,51,10,576.00,"5,760.00"
2020-12-07,2020120704000242,GIC,34,58,50,576.00,"28,800.00"
2020-12-07,2020120704000241,GIC,34,40,10,576.00,"5,760.00"
2020-12-07,2020120704000234,GIC,1,45,100,575.00,"57,500.00"
2020-12-07,2020120704000233,GIC,10,45,100,575.00,"57,500.00"
2020-12-07,2020120704000232,GIC,38,45,50,576.00,"28,800.00"
2020-12-07,2020120704000261,GIC,34,57,10,576.00,"5,760.00"
2020-12-07,2020120704000260,GIC,34,51,10,576.00,"5,760.00"
2020-12-07,2020120704000259,GIC,34,39,10,576.00,"5,760.00"
2020-12-07,2020120704000254,GIC,34,40,10,576.00,"5,760.00"
2020-12-07,2020120704000249,GIC,34,45,10,576.00,"5,760.00"
2020-12-07,2020120704000248,GIC,34,38,40,576.00,"23,040.00"
2020-12-07,2020120704000277,GIC,36,38,415,574.00,"238,210.00"
2020-12-07,2020120704000276,GIC,42,38,10,575.00,"5,750.00"
2020-12-07,2020120704000270,GIC,34,4,10,576.00,"5,760.00"
2020-12-07,2020120704000266,GIC,34,29,10,576.00,"5,760.00"
2020-12-07,2020120704000264,GIC,34,38,10,576.00,"5,760.00"
2020-12-07,2020120704000262,GIC,34,59,10,576.00,"5,760.00"
2020-12-07,2020120704000310,GIC,13,45,10,571.00,"5,710.00"
2020-12-07,2020120704000303,GIC,13,58,10,571.00,"5,710.00"
2020-12-07,2020120704000300,GIC,47,42,10,573.00,"5,730.00"
2020-12-07,2020120704000299,GIC,47,16,10,573.00,"5,730.00"
2020-12-07,2020120704000298,GIC,47,21,10,573.00,"5,730.00"
2020-12-07,2020120704000280,GIC,36,35,585,574.00,"335,790.00"
2020-12-07,2020120704000319,GIC,22,35,30,573.00,"17,190.00"
2020-12-07,2020120704000317,GIC,5,35,70,573.00,"40,110.00"
2020-12-07,2020120704000316,GIC,5,55,10,573.00,"5,730.00"
2020-12-07,2020120704000315,GIC,5,8,10,573.00,"5,730.00"
2020-12-07,2020120704000314,GIC,5,47,10,573.00,"5,730.00"
2020-12-07,2020120704000313,GIC,44,32,10,572.00,"5,720.00"
2020-12-07,2020120704000330,GIC,53,4,60,576.00,"34,560.00"
2020-12-07,2020120704000329,GIC,53,1,10,576.00,"5,760.00"
2020-12-07,2020120704000328,GIC,53,57,10,576.00,"5,760.00"
2020-12-07,2020120704000327,GIC,22,19,10,574.00,"5,740.00"
2020-12-07,2020120704000322,GIC,22,38,10,574.00,"5,740.00"
2020-12-07,2020120704000320,GIC,22,25,10,574.00,"5,740.00"
2020-12-07,2020120704000351,GIC,49,58,10,577.00,"5,770.00"
2020-12-07,2020120704000349,GIC,48,44,10,576.00,"5,760.00"
2020-12-07,2020120704000344,GIC,6,42,10,576.00,"5,760.00"
2020-12-07,2020120704000338,GIC,13,58,10,577.00,"5,770.00"
2020-12-07,2020120704000335,GIC,6,41,10,576.00,"5,760.00"
2020-12-07,2020120704000333,GIC,56,4,40,576.00,"23,040.00"
2020-12-07,2020120704000359,GIC,21,39,10,575.00,"5,750.00"
2020-12-07,2020120704000357,GIC,52,48,10,579.00,"5,790.00"
2020-12-07,2020120704000356,GIC,52,49,20,579.00,"11,580.00"
2020-12-07,2020120704000355,GIC,21,44,10,575.00,"5,750.00"
2020-12-07,2020120704000353,GIC,48,58,88,576.00,"50,688.00"
2020-12-07,2020120704000352,GIC,49,58,40,577.00,"23,080.00"
2020-12-07,2020120704000387,GIC,22,34,10,574.00,"5,740.00"
