Date,Transact. No.,Symbol,Buyer,Seller,Quantity,Rate,Amount
2020-12-10,2020121004001384,BBC,34,36,20,"2,900.00","58,000.00"
2020-12-10,2020121004001372,BBC,45,36,50,"2,900.00","145,000.00"
2020-12-10,2020121004001371,BBC,45,36,70,"2,900.00","203,000.00"
2020-12-10,2020121004001336,BBC,8,20,10,"2,940.00","29,400.00"
2020-12-10,2020121004001278,BBC,37,20,60,"2,900.00","174,000.00"
2020-12-10,2020121004001240,BBC,46,20,10,"2,900.00","29,000.00"
2020-12-10,2020121004001198,BBC,22,20,10,"2,900.00","29,000.00"
2020-12-10,2020121004001126,BBC,49,20,10,"2,900.00","29,000.00"
2020-12-10,2020121004001125,BBC,8,20,10,"2,900.00","29,000.00"
2020-12-10,2020121004001119,BBC,53,20,40,"2,900.00","116,000.00"
2020-12-10,2020121004001239,BBC,56,20,100,"2,900.00","290,000.00"
2020-12-10,2020121004001236,BBC,34,20,20,"2,900.00","58,000.00"
2020-12-10,2020121004001220,BBC,13,20,10,"2,900.00","29,000.00"
2020-12-10,2020121004001212,BBC,28,20,10,"2,900.00","29,000.00"
2020-12-10,2020121004001208,BBC,17,20,50,"2,900.00","145,000.00"
2020-12-10,2020121004001206,BBC,42,20,10,"2,900.00","29,000.00"
2020-12-10,2020121004001373,CMF1,42,26,500,9.60,"4,800.00"
2020-12-10,2020121004001330,CMF1,20,35,"2,000",9.60,"19,200.00"
2020-12-10,2020121004001329,CMF1,20,6,"5,000",9.60,"48,000.00"
2020-12-10,2020121004001328,CMF1,20,43,"1,500",9.60,"14,400.00"
2020-12-10,2020121004001179,CMF1,25,28,"20,000",9.55,"191,000.00"
2020-12-10,2020121004001100,CMF1,43,14,"1,000",9.50,"9,500.00"
2020-12-10,2020121004001099,CMF1,43,34,900,9.50,"8,550.00"
2020-12-10,2020121004001243,GBD80/81,8,14,50,"1,030.00","51,500.00"
2020-12-10,2020121004001468,GIC,43,58,10,572.00,"5,720.00"
2020-12-10,2020121004001467,GIC,43,52,10,572.00,"5,720.00"
2020-12-10,2020121004001466,GIC,45,36,10,571.00,"5,710.00"
2020-12-10,2020121004001465,GIC,45,14,10,571.00,"5,710.00"
2020-12-10,2020121004001442,GIC,19,8,10,570.00,"5,700.00"
2020-12-10,2020121004001437,GIC,19,38,10,570.00,"5,700.00"
2020-12-10,2020121004000972,GIC,58,18,10,568.00,"5,680.00"
2020-12-10,2020121004000994,GIC,50,18,10,568.00,"5,680.00"
2020-12-10,2020121004000990,GIC,50,45,10,568.00,"5,680.00"
2020-12-10,2020121004000988,GIC,50,38,10,568.00,"5,680.00"
2020-12-10,2020121004000979,GIC,58,34,10,568.00,"5,680.00"
2020-12-10,2020121004000978,GIC,58,17,10,568.00,"5,680.00"
2020-12-10,2020121004000974,GIC,58,18,10,568.00,"5,680.00"
2020-12-10,2020121004001033,GIC,49,6,10,568.00,"5,680.00"
2020-12-10,2020121004001023,GIC,49,8,10,568.00,"5,680.00"
2020-12-10,2020121004001010,GIC,49,38,10,568.00,"5,680.00"
2020-12-10,2020121004001009,GIC,49,38,10,568.00,"5,680.00"
2020-12-10,2020121004000999,GIC,50,36,10,568.00,"5,680.00"
2020-12-10,2020121004000998,GIC,50,38,10,568.00,"5,680.00"
2020-12-10,2020121004001056,GIC,52,36,10,570.00,"5,700.00"
2020-12-10,2020121004001055,GIC,52,4,10,570.00,"5,700.00"
2020-12-10,2020121004001054,GIC,52,4,10,570.00,"5,700.00"
2020-12-10,2020121004001053,GIC,52,40,10,570.00,"5,700.00"
2020-12-10,2020121004001050,GIC,49,38,10,568.00,"5,680.00"
2020-12-10,2020121004001041,GIC,49,38,10,568.00,"5,680.00"
2020-12-10,2020121004001062,GIC,52,49,10,570.00,"5,700.00"
2020-12-10,2020121004001061,GIC,52,19,10,570.00,"5,700.00"
2020-12-10,2020121004001060,GIC,52,50,10,570.00,"5,700.00"
2020-12-10,2020121004001059,GIC,52,49,10,570.00,"5,700.00"
2020-12-10,2020121004001058,GIC,52,41,10,570.00,"5,700.00"
2020-12-10,2020121004001057,GIC,52,17,40,570.00,"22,800.00"
2020-12-10,2020121004001075,GIC,44,38,10,568.00,"5,680.00"
2020-12-10,2020121004001072,GIC,52,25,10,570.00,"5,700.00"
2020-12-10,2020121004001071,GIC,52,52,10,570.00,"5,700.00"
2020-12-10,2020121004001070,GIC,52,35,70,570.00,"39,900.00"
2020-12-10,2020121004001065,GIC,44,34,10,568.00,"5,680.00"
2020-12-10,2020121004001063,GIC,52,35,130,570.00,"74,100.00"
2020-12-10,2020121004001101,GIC,46,56,10,567.00,"5,670.00"
2020-12-10,2020121004001097,GIC,44,36,10,568.00,"5,680.00"
2020-12-10,2020121004001093,GIC,35,18,10,569.00,"5,690.00"
2020-12-10,2020121004001090,GIC,35,52,10,569.00,"5,690.00"
2020-12-10,2020121004001080,GIC,44,38,10,568.00,"5,680.00"
2020-12-10,2020121004001076,GIC,44,34,10,568.00,"5,680.00"
2020-12-10,2020121004001114,GIC,8,59,10,568.00,"5,680.00"
2020-12-10,2020121004001110,GIC,8,45,10,568.00,"5,680.00"
2020-12-10,2020121004001109,GIC,8,45,10,568.00,"5,680.00"
2020-12-10,2020121004001108,GIC,8,34,10,568.00,"5,680.00"
2020-12-10,2020121004001107,GIC,8,36,10,568.00,"5,680.00"
2020-12-10,2020121004001106,GIC,46,36,10,567.00,"5,670.00"
2020-12-10,2020121004001128,GIC,21,45,10,568.00,"5,680.00"
2020-12-10,2020121004001123,GIC,8,38,10,568.00,"5,680.00"
2020-12-10,2020121004001122,GIC,8,45,10,568.00,"5,680.00"
2020-12-10,2020121004001117,GIC,8,45,10,568.00,"5,680.00"
2020-12-10,2020121004001116,GIC,8,45,10,568.00,"5,680.00"
2020-12-10,2020121004001115,GIC,8,45,10,568.00,"5,680.00"
2020-12-10,2020121004001149,GIC,46,10,10,567.00,"5,670.00"
2020-12-10,2020121004001147,GIC,22,52,10,568.00,"5,680.00"
2020-12-10,2020121004001141,GIC,22,19,10,568.00,"5,680.00"
2020-12-10,2020121004001140,GIC,46,45,10,567.00,"5,670.00"
2020-12-10,2020121004001139,GIC,46,52,10,567.00,"5,670.00"
2020-12-10,2020121004001132,GIC,46,52,10,567.00,"5,670.00"
2020-12-10,2020121004001167,GIC,22,34,10,567.00,"5,670.00"
2020-12-10,2020121004001166,GIC,22,17,10,567.00,"5,670.00"
2020-12-10,2020121004001159,GIC,22,21,10,567.00,"5,670.00"
2020-12-10,2020121004001153,GIC,22,52,10,567.00,"5,670.00"
2020-12-10,2020121004001152,GIC,7,14,10,567.00,"5,670.00"
2020-12-10,2020121004001150,GIC,7,52,10,567.00,"5,670.00"
2020-12-10,2020121004001182,GIC,41,52,10,569.00,"5,690.00"
2020-12-10,2020121004001181,GIC,41,21,10,568.00,"5,680.00"
2020-12-10,2020121004001176,GIC,22,7,10,567.00,"5,670.00"
2020-12-10,2020121004001174,GIC,22,34,10,567.00,"5,670.00"
2020-12-10,2020121004001169,GIC,22,28,10,567.00,"5,670.00"
2020-12-10,2020121004001168,GIC,22,21,10,567.00,"5,670.00"
2020-12-10,2020121004001188,GIC,41,11,10,571.00,"5,710.00"
2020-12-10,2020121004001187,GIC,41,7,50,571.00,"28,550.00"
2020-12-10,2020121004001186,GIC,41,17,10,570.00,"5,700.00"
2020-12-10,2020121004001185,GIC,41,49,95,570.00,"54,150.00"
2020-12-10,2020121004001184,GIC,41,49,10,570.00,"5,700.00"
2020-12-10,2020121004001183,GIC,41,22,10,570.00,"5,700.00"
2020-12-10,2020121004001204,GIC,43,52,10,568.00,"5,680.00"
2020-12-10,2020121004001203,GIC,43,17,10,568.00,"5,680.00"
2020-12-10,2020121004001193,GIC,22,38,10,567.00,"5,670.00"
2020-12-10,2020121004001191,GIC,22,34,10,567.00,"5,670.00"
2020-12-10,2020121004001190,GIC,41,33,185,571.00,"105,635.00"
2020-12-10,2020121004001189,GIC,41,55,10,571.00,"5,710.00"
2020-12-10,2020121004001222,GIC,34,18,10,570.00,"5,700.00"
2020-12-10,2020121004001221,GIC,34,18,10,570.00,"5,700.00"
2020-12-10,2020121004001218,GIC,38,45,10,570.00,"5,700.00"
2020-12-10,2020121004001214,GIC,38,10,10,570.00,"5,700.00"
2020-12-10,2020121004001210,GIC,38,54,10,570.00,"5,700.00"
2020-12-10,2020121004001205,GIC,43,57,10,568.00,"5,680.00"
2020-12-10,2020121004001229,GIC,34,38,10,570.00,"5,700.00"
2020-12-10,2020121004001228,GIC,34,45,10,570.00,"5,700.00"
2020-12-10,2020121004001227,GIC,36,57,10,571.00,"5,710.00"
2020-12-10,2020121004001226,GIC,36,52,10,571.00,"5,710.00"
2020-12-10,2020121004001225,GIC,36,33,245,571.00,"139,895.00"
2020-12-10,2020121004001224,GIC,34,45,10,570.00,"5,700.00"
2020-12-10,2020121004001237,GIC,38,45,10,571.00,"5,710.00"
2020-12-10,2020121004001235,GIC,38,18,10,571.00,"5,710.00"
2020-12-10,2020121004001234,GIC,38,45,10,571.00,"5,710.00"
2020-12-10,2020121004001233,GIC,26,45,10,570.00,"5,700.00"
2020-12-10,2020121004001232,GIC,26,18,10,570.00,"5,700.00"
2020-12-10,2020121004001230,GIC,26,45,10,570.00,"5,700.00"
2020-12-10,2020121004001254,GIC,26,29,10,570.00,"5,700.00"
2020-12-10,2020121004001247,GIC,26,29,10,570.00,"5,700.00"
2020-12-10,2020121004001246,GIC,26,45,10,570.00,"5,700.00"
2020-12-10,2020121004001245,GIC,26,7,10,570.00,"5,700.00"
2020-12-10,2020121004001242,GIC,26,29,10,570.00,"5,700.00"
2020-12-10,2020121004001241,GIC,26,18,10,570.00,"5,700.00"
2020-12-10,2020121004001270,GIC,26,45,10,570.00,"5,700.00"
2020-12-10,2020121004001266,GIC,26,45,10,570.00,"5,700.00"
2020-12-10,2020121004001263,GIC,26,45,10,570.00,"5,700.00"
2020-12-10,2020121004001262,GIC,26,45,10,570.00,"5,700.00"
2020-12-10,2020121004001261,GIC,26,45,10,570.00,"5,700.00"
2020-12-10,2020121004001256,GIC,26,45,10,570.00,"5,700.00"
2020-12-10,2020121004001276,GIC,49,58,10,572.00,"5,720.00"
2020-12-10,2020121004001275,GIC,49,18,10,572.00,"5,720.00"
2020-12-10,2020121004001274,GIC,49,11,10,572.00,"5,720.00"
2020-12-10,2020121004001273,GIC,49,36,10,572.00,"5,720.00"
2020-12-10,2020121004001272,GIC,49,17,30,572.00,"17,160.00"
2020-12-10,2020121004001271,GIC,49,45,10,572.00,"5,720.00"
2020-12-10,2020121004001291,GIC,26,48,10,570.00,"5,700.00"
2020-12-10,2020121004001290,GIC,26,56,10,570.00,"5,700.00"
2020-12-10,2020121004001288,GIC,26,29,10,570.00,"5,700.00"
2020-12-10,2020121004001284,GIC,26,45,10,570.00,"5,700.00"
2020-12-10,2020121004001279,GIC,26,14,10,570.00,"5,700.00"
2020-12-10,2020121004001277,GIC,49,45,10,572.00,"5,720.00"
2020-12-10,2020121004001321,GIC,52,46,10,570.00,"5,700.00"
2020-12-10,2020121004001310,GIC,52,11,10,570.00,"5,700.00"
2020-12-10,2020121004001309,GIC,52,38,10,570.00,"5,700.00"
2020-12-10,2020121004001307,GIC,52,45,10,570.00,"5,700.00"
2020-12-10,2020121004001296,GIC,52,8,10,570.00,"5,700.00"
2020-12-10,2020121004001295,GIC,52,45,10,570.00,"5,700.00"
2020-12-10,2020121004001348,GIC,52,26,10,570.00,"5,700.00"
2020-12-10,2020121004001335,GIC,52,11,10,570.00,"5,700.00"
2020-12-10,2020121004001333,GIC,52,17,10,570.00,"5,700.00"
2020-12-10,2020121004001327,GIC,52,48,10,570.00,"5,700.00"
2020-12-10,2020121004001326,GIC,52,32,10,570.00,"5,700.00"
2020-12-10,2020121004001325,GIC,52,26,10,570.00,"5,700.00"
2020-12-10,2020121004001364,GIC,52,38,10,570.00,"5,700.00"
2020-12-10,2020121004001361,GIC,52,29,10,570.00,"5,700.00"
2020-12-10,2020121004001359,GIC,52,1,10,570.00,"5,700.00"
2020-12-10,2020121004001357,GIC,52,43,10,570.00,"5,700.00"
2020-12-10,2020121004001353,GIC,52,49,10,570.00,"5,700.00"
2020-12-10,2020121004001349,GIC,52,35,10,570.00,"5,700.00"
2020-12-10,2020121004001381,GIC,34,28,170,570.00,"96,900.00"
2020-12-10,2020121004001374,GIC,34,49,10,570.00,"5,700.00"
2020-12-10,2020121004001370,GIC,34,38,10,570.00,"5,700.00"
2020-12-10,2020121004001368,GIC,34,36,10,570.00,"5,700.00"
2020-12-10,2020121004001367,GIC,52,38,10,570.00,"5,700.00"
2020-12-10,2020121004001365,GIC,52,18,10,570.00,"5,700.00"
2020-12-10,2020121004001417,GIC,51,28,10,570.00,"5,700.00"
2020-12-10,2020121004001413,GIC,51,35,10,570.00,"5,700.00"
2020-12-10,2020121004001389,GIC,6,38,10,572.00,"5,720.00"
2020-12-10,2020121004001387,GIC,51,11,10,570.00,"5,700.00"
2020-12-10,2020121004001383,GIC,51,28,10,570.00,"5,700.00"
2020-12-10,2020121004001382,GIC,19,28,30,570.00,"17,100.00"
2020-12-10,2020121004001432,GIC,19,44,80,570.00,"45,600.00"
2020-12-10,2020121004001431,GIC,51,44,120,570.00,"68,400.00"
2020-12-10,2020121004001422,GIC,51,35,10,570.00,"5,700.00"
2020-12-10,2020121004001421,GIC,51,32,10,570.00,"5,700.00"
2020-12-10,2020121004001420,GIC,51,10,10,570.00,"5,700.00"
2020-12-10,2020121004001419,GIC,51,41,10,570.00,"5,700.00"
2020-12-10,2020121004001436,GIMES1,7,32,"50,000",11.11,"555,500.00"
2020-12-10,2020121004001412,GIMES1,7,32,"5,000",11.11,"55,550.00"
2020-12-10,2020121004001411,GIMES1,7,32,"7,500",11.11,"83,325.00"
2020-12-10,2020121004001410,GIMES1,47,32,"50,000",11.15,"557,500.00"
2020-12-10,2020121004001409,GIMES1,56,32,"10,000",11.16,"111,600.00"
2020-12-10,2020121004001408,GIMES1,7,32,"5,000",11.16,"55,800.00"
2020-12-10,2020121004001407,GIMES1,13,32,"1,400",11.20,"15,680.00"
2020-12-10,2020121004001406,GIMES1,17,32,"1,000",11.20,"11,200.00"
2020-12-10,2020121004001352,GIMES1,17,43,"5,000",11.20,"56,000.00"
2020-12-10,2020121004001219,GIMES1,6,10,"5,000",11.21,"56,050.00"
2020-12-10,2020121004001095,KBLD86,6,7,"1,000","1,050.00","1,050,000.00"
2020-12-10,2020121004001425,LUK,7,45,100,9.31,931.00
2020-12-10,2020121004001253,LUK,34,45,400,9.31,"3,724.00"
2020-12-10,2020121004001145,LUK,34,57,100,9.31,931.00
2020-12-10,2020121004001416,NBF2,21,32,100,9.67,967.00
2020-12-10,2020121004001265,NBF2,35,40,200,9.80,"1,960.00"
2020-12-10,2020121004001244,NBF2,21,14,500,9.67,"4,835.00"
2020-12-10,2020121004001124,NBF2,17,59,100,9.65,965.00
2020-12-10,2020121004001064,NBF2,42,40,930,9.80,"9,114.00"
2020-12-10,2020121004001463,NEF,17,58,"2,414",9.85,"23,777.90"
2020-12-10,2020121004001439,NEF,17,45,"3,517",9.85,"34,642.45"
2020-12-10,2020121004001195,NEF,6,45,"5,000",9.90,"49,500.00"
2020-12-10,2020121004001165,NEF,17,45,"5,000",9.85,"49,250.00"
2020-12-10,2020121004001040,NEF,37,14,"5,000",9.90,"49,500.00"
2020-12-10,2020121004001113,NIBLPF,58,22,"2,525",10.05,"25,376.25"
2020-12-10,2020121004001112,NIBLPF,58,38,500,10.05,"5,025.00"
2020-12-10,2020121004001111,NIBLPF,58,58,"5,000",10.05,"50,250.00"
2020-12-10,2020121004001104,NIBLPF,28,8,"1,010",10.00,"10,100.00"
2020-12-10,2020121004001454,NIBPO,35,22,100,426.00,"42,600.00"
2020-12-10,2020121004001453,NIBPO,35,32,"1,000",425.00,"425,000.00"
2020-12-10,2020121004001452,NIBPO,35,49,"1,759",420.00,"738,780.00"
2020-12-10,2020121004001450,NIBPO,35,49,"3,000",419.00,"1,257,000.00"
2020-12-10,2020121004001449,NIBPO,35,40,200,419.00,"83,800.00"
2020-12-10,2020121004001448,NIBPO,35,6,"2,700",418.00,"1,128,600.00"
2020-12-10,2020121004000985,NIBPO,4,55,"1,000",414.00,"414,000.00"
2020-12-10,2020121004000984,NIBPO,4,13,152,413.00,"62,776.00"
2020-12-10,2020121004000983,NIBPO,4,21,150,413.00,"61,950.00"
2020-12-10,2020121004000982,NIBPO,4,35,210,412.00,"86,520.00"
2020-12-10,2020121004001252,NIBPO,4,6,"4,000",411.00,"1,644,000.00"
2020-12-10,2020121004001251,NIBPO,1,6,500,411.00,"205,500.00"
2020-12-10,2020121004001250,NIBPO,17,6,500,412.00,"206,000.00"
2020-12-10,2020121004001216,NIBPO,17,38,500,412.00,"206,000.00"
2020-12-10,2020121004000987,NIBPO,4,55,227,415.00,"94,205.00"
2020-12-10,2020121004000986,NIBPO,4,44,261,415.00,"108,315.00"
2020-12-10,2020121004001289,NIBPO,4,14,65,418.00,"27,170.00"
2020-12-10,2020121004001283,NIBPO,4,47,600,417.00,"250,200.00"
2020-12-10,2020121004001282,NIBPO,4,19,200,416.00,"83,200.00"
2020-12-10,2020121004001281,NIBPO,4,55,35,415.00,"14,525.00"
2020-12-10,2020121004001280,NIBPO,4,57,100,414.00,"41,400.00"
2020-12-10,2020121004001257,NIBPO,17,57,400,414.00,"165,600.00"
2020-12-10,2020121004001447,NIBPO,35,19,27,418.00,"11,286.00"
2020-12-10,2020121004001446,NIBPO,35,46,50,418.00,"20,900.00"
2020-12-10,2020121004001445,NIBPO,35,14,100,418.00,"41,800.00"
2020-12-10,2020121004001444,NIBPO,35,14,185,418.00,"77,330.00"
2020-12-10,2020121004001443,NIBPO,35,52,900,417.00,"375,300.00"
2020-12-10,2020121004001404,NIBPO,34,43,851,412.00,"350,612.00"
2020-12-10,2020121004001441,NIBSF1,17,43,"5,000",11.00,"55,000.00"
2020-12-10,2020121004001355,NIBSF1,59,56,"10,000",11.10,"111,000.00"
2020-12-10,2020121004001354,NIBSF1,59,52,"5,000",11.10,"55,500.00"
2020-12-10,2020121004001318,NIBSF1,17,43,"3,000",11.00,"33,000.00"
2020-12-10,2020121004001231,NICAD8283,6,56,25,"1,135.00","28,375.00"
2020-12-10,2020121004001151,NICAD8283,6,36,25,"1,135.00","28,375.00"
2020-12-10,2020121004001051,NICBF,6,22,"1,000",9.70,"9,700.00"
2020-12-10,2020121004001037,NICBF,13,35,100,9.58,958.00
2020-12-10,2020121004001134,NICD83/84,6,58,30,"1,050.00","31,500.00"
2020-12-10,2020121004001339,NICGF,29,46,500,10.22,"5,110.00"
2020-12-10,2020121004001197,NICGF,29,33,"2,500",10.22,"25,550.00"
2020-12-10,2020121004001173,NICGF,29,19,500,10.29,"5,145.00"
2020-12-10,2020121004001172,NICGF,29,26,"2,750",10.29,"28,297.50"
2020-12-10,2020121004001171,NICGF,29,43,"1,500",10.29,"15,435.00"
2020-12-10,2020121004001088,NICGF,17,26,500,10.29,"5,145.00"
2020-12-10,2020121004001087,NICGF,17,19,500,10.29,"5,145.00"
2020-12-10,2020121004001086,NICGF,17,44,500,10.25,"5,125.00"
2020-12-10,2020121004001085,NICGF,17,34,"2,000",10.23,"20,460.00"
2020-12-10,2020121004001084,NICGF,17,14,"1,000",10.20,"10,200.00"
2020-12-10,2020121004001083,NICGF,17,45,500,10.20,"5,100.00"
2020-12-10,2020121004001344,NMB50,6,35,"1,750",10.05,"17,587.50"
2020-12-10,2020121004001343,NMB50,6,4,"59,700",10.05,"599,985.00"
2020-12-10,2020121004001315,NMB50,6,22,"1,000",10.02,"10,020.00"
2020-12-10,2020121004001314,NMB50,6,22,100,10.01,"1,001.00"
2020-12-10,2020121004001313,NMB50,6,34,500,10.00,"5,000.00"
2020-12-10,2020121004001018,NMB50,17,35,100,9.95,995.00
2020-12-10,2020121004001351,NMBHF1,59,43,832,9.89,"8,228.48"
2020-12-10,2020121004001455,RBCLPO,28,44,20,"14,101.00","282,020.00"
2020-12-10,2020121004001378,RBCLPO,33,58,50,"14,140.00","707,000.00"
2020-12-10,2020121004001377,RBCLPO,33,32,20,"14,130.00","282,600.00"
2020-12-10,2020121004001376,RBCLPO,33,32,20,"14,120.00","282,400.00"
2020-12-10,2020121004001375,RBCLPO,33,6,10,"14,120.00","141,200.00"
2020-12-10,2020121004001332,RBCLPO,34,32,20,"14,100.00","282,000.00"
2020-12-10,2020121004001322,RBCLPO,34,32,20,"14,100.00","282,000.00"
2020-12-10,2020121004001320,RBCLPO,28,32,20,"14,001.00","280,020.00"
2020-12-10,2020121004001319,RBCLPO,7,32,10,"14,050.00","140,500.00"
2020-12-10,2020121004001470,SAEF,42,35,500,10.98,"5,490.00"
2020-12-10,2020121004001418,SAEF,42,56,500,10.98,"5,490.00"
2020-12-10,2020121004001215,SAEF,6,42,"1,000",10.98,"10,980.00"
2020-12-10,2020121004001207,SAEF,56,42,"4,000",11.04,"44,160.00"
2020-12-10,2020121004001200,SAEF,56,57,"4,000",11.02,"44,080.00"
2020-12-10,2020121004001143,SAEF,56,47,"1,000",10.98,"10,980.00"
2020-12-10,2020121004001044,SAEF,56,59,"1,000",10.98,"10,980.00"
2020-12-10,2020121004001462,SEF,17,43,"8,500",10.10,"85,850.00"
2020-12-10,2020121004001461,SEF,54,43,"2,000",10.11,"20,220.00"
2020-12-10,2020121004001460,SEF,45,43,700,10.11,"7,077.00"
2020-12-10,2020121004001459,SEF,17,43,"10,000",10.15,"101,500.00"
2020-12-10,2020121004001423,SEF,42,56,"1,000",10.28,"10,280.00"
2020-12-10,2020121004001396,SEF,6,8,"1,750",10.28,"17,990.00"
2020-12-10,2020121004001292,SEF,6,43,"5,000",10.28,"51,400.00"
2020-12-10,2020121004001264,SEF,6,59,250,10.28,"2,570.00"
2020-12-10,2020121004001163,SEF,58,35,100,10.48,"1,048.00"
2020-12-10,2020121004001138,SEF,42,34,"20,000",10.30,"206,000.00"
2020-12-10,2020121004001137,SEF,42,45,"1,000",10.30,"10,300.00"
2020-12-10,2020121004001049,SFMF,50,22,100,10.15,"1,015.00"
2020-12-10,2020121004001469,SGI,19,38,10,592.00,"5,920.00"
2020-12-10,2020121004001464,SGI,49,19,10,591.00,"5,910.00"
2020-12-10,2020121004001458,SGI,32,59,490,593.00,"290,570.00"
2020-12-10,2020121004001457,SGI,32,22,10,592.00,"5,920.00"
2020-12-10,2020121004001456,SGI,49,44,10,591.00,"5,910.00"
2020-12-10,2020121004001451,SGI,49,29,10,591.00,"5,910.00"
2020-12-10,2020121004000971,SGI,21,57,10,592.00,"5,920.00"
2020-12-10,2020121004000981,SGI,55,18,10,593.00,"5,930.00"
2020-12-10,2020121004000980,SGI,21,40,10,592.00,"5,920.00"
2020-12-10,2020121004000977,SGI,21,8,10,592.00,"5,920.00"
2020-12-10,2020121004000976,SGI,21,44,10,592.00,"5,920.00"
2020-12-10,2020121004000975,SGI,21,7,10,592.00,"5,920.00"
2020-12-10,2020121004000973,SGI,21,17,10,592.00,"5,920.00"
2020-12-10,2020121004000996,SGI,21,45,10,592.00,"5,920.00"
2020-12-10,2020121004000995,SGI,21,53,10,592.00,"5,920.00"
2020-12-10,2020121004000993,SGI,21,38,10,592.00,"5,920.00"
2020-12-10,2020121004000992,SGI,21,38,10,592.00,"5,920.00"
2020-12-10,2020121004000991,SGI,21,34,10,592.00,"5,920.00"
2020-12-10,2020121004000989,SGI,55,39,190,593.00,"112,670.00"
2020-12-10,2020121004001004,SGI,28,21,10,594.00,"5,940.00"
2020-12-10,2020121004001003,SGI,28,33,10,594.00,"5,940.00"
2020-12-10,2020121004001002,SGI,28,14,30,594.00,"17,820.00"
2020-12-10,2020121004001001,SGI,28,13,150,594.00,"89,100.00"
2020-12-10,2020121004001000,SGI,28,52,10,593.00,"5,930.00"
2020-12-10,2020121004000997,SGI,21,45,10,592.00,"5,920.00"
2020-12-10,2020121004001012,SGI,21,45,10,592.00,"5,920.00"
2020-12-10,2020121004001011,SGI,21,45,10,592.00,"5,920.00"
2020-12-10,2020121004001008,SGI,21,45,10,592.00,"5,920.00"
2020-12-10,2020121004001007,SGI,21,38,10,592.00,"5,920.00"
2020-12-10,2020121004001006,SGI,21,45,10,592.00,"5,920.00"
2020-12-10,2020121004001005,SGI,21,38,10,592.00,"5,920.00"
2020-12-10,2020121004001019,SGI,21,34,10,592.00,"5,920.00"
2020-12-10,2020121004001017,SGI,21,45,10,592.00,"5,920.00"
2020-12-10,2020121004001016,SGI,21,45,10,592.00,"5,920.00"
2020-12-10,2020121004001015,SGI,21,38,10,592.00,"5,920.00"
2020-12-10,2020121004001014,SGI,21,45,10,592.00,"5,920.00"
2020-12-10,2020121004001013,SGI,21,38,10,592.00,"5,920.00"
2020-12-10,2020121004001031,SGI,39,45,10,592.00,"5,920.00"
2020-12-10,2020121004001030,SGI,39,6,10,592.00,"5,920.00"
2020-12-10,2020121004001026,SGI,39,45,10,592.00,"5,920.00"
2020-12-10,2020121004001024,SGI,21,45,10,592.00,"5,920.00"
2020-12-10,2020121004001021,SGI,21,8,10,592.00,"5,920.00"
2020-12-10,2020121004001020,SGI,21,45,10,592.00,"5,920.00"
2020-12-10,2020121004001039,SGI,49,38,10,592.00,"5,920.00"
2020-12-10,2020121004001038,SGI,49,45,10,592.00,"5,920.00"
2020-12-10,2020121004001036,SGI,49,45,10,592.00,"5,920.00"
2020-12-10,2020121004001035,SGI,49,17,10,592.00,"5,920.00"
2020-12-10,2020121004001034,SGI,39,45,10,592.00,"5,920.00"
2020-12-10,2020121004001032,SGI,39,34,10,592.00,"5,920.00"
2020-12-10,2020121004001048,SGI,49,45,10,592.00,"5,920.00"
2020-12-10,2020121004001047,SGI,50,59,10,594.00,"5,940.00"
2020-12-10,2020121004001046,SGI,50,19,10,594.00,"5,940.00"
2020-12-10,2020121004001045,SGI,50,21,10,593.00,"5,930.00"
2020-12-10,2020121004001043,SGI,49,45,10,592.00,"5,920.00"
2020-12-10,2020121004001042,SGI,49,45,10,592.00,"5,920.00"
2020-12-10,2020121004001073,SGI,49,34,10,592.00,"5,920.00"
2020-12-10,2020121004001069,SGI,49,34,10,592.00,"5,920.00"
2020-12-10,2020121004001068,SGI,49,45,10,592.00,"5,920.00"
2020-12-10,2020121004001067,SGI,49,18,10,592.00,"5,920.00"
2020-12-10,2020121004001066,SGI,49,45,10,592.00,"5,920.00"
2020-12-10,2020121004001052,SGI,49,45,10,592.00,"5,920.00"
2020-12-10,2020121004001082,SGI,49,45,10,592.00,"5,920.00"
2020-12-10,2020121004001081,SGI,49,45,10,592.00,"5,920.00"
2020-12-10,2020121004001079,SGI,49,58,10,592.00,"5,920.00"
2020-12-10,2020121004001078,SGI,49,38,10,592.00,"5,920.00"
2020-12-10,2020121004001077,SGI,49,45,10,592.00,"5,920.00"
2020-12-10,2020121004001074,SGI,49,45,10,592.00,"5,920.00"
2020-12-10,2020121004001098,SGI,49,49,10,592.00,"5,920.00"
2020-12-10,2020121004001096,SGI,49,45,10,592.00,"5,920.00"
2020-12-10,2020121004001094,SGI,49,36,10,592.00,"5,920.00"
2020-12-10,2020121004001092,SGI,49,45,10,592.00,"5,920.00"
2020-12-10,2020121004001091,SGI,49,34,10,592.00,"5,920.00"
2020-12-10,2020121004001089,SGI,49,44,10,592.00,"5,920.00"
2020-12-10,2020121004001121,SGI,14,49,10,594.00,"5,940.00"
2020-12-10,2020121004001120,SGI,14,54,10,594.00,"5,940.00"
2020-12-10,2020121004001118,SGI,49,17,10,592.00,"5,920.00"
2020-12-10,2020121004001105,SGI,49,36,10,592.00,"5,920.00"
2020-12-10,2020121004001103,SGI,49,45,10,592.00,"5,920.00"
2020-12-10,2020121004001102,SGI,49,45,10,592.00,"5,920.00"
2020-12-10,2020121004001135,SGI,22,52,10,593.00,"5,930.00"
2020-12-10,2020121004001133,SGI,22,18,10,593.00,"5,930.00"
2020-12-10,2020121004001131,SGI,35,40,150,594.00,"89,100.00"
2020-12-10,2020121004001130,SGI,55,52,10,594.00,"5,940.00"
2020-12-10,2020121004001129,SGI,14,18,10,594.00,"5,940.00"
2020-12-10,2020121004001127,SGI,14,14,10,594.00,"5,940.00"
2020-12-10,2020121004001155,SGI,34,14,10,593.00,"5,930.00"
2020-12-10,2020121004001154,SGI,34,10,10,593.00,"5,930.00"
2020-12-10,2020121004001148,SGI,34,6,10,593.00,"5,930.00"
2020-12-10,2020121004001144,SGI,49,52,10,592.00,"5,920.00"
2020-12-10,2020121004001142,SGI,49,52,10,592.00,"5,920.00"
2020-12-10,2020121004001136,SGI,49,45,10,592.00,"5,920.00"
2020-12-10,2020121004001175,SGI,34,50,10,593.00,"5,930.00"
2020-12-10,2020121004001170,SGI,34,20,10,593.00,"5,930.00"
2020-12-10,2020121004001164,SGI,34,46,10,593.00,"5,930.00"
2020-12-10,2020121004001162,SGI,34,42,10,593.00,"5,930.00"
2020-12-10,2020121004001161,SGI,34,34,10,593.00,"5,930.00"
2020-12-10,2020121004001160,SGI,49,40,200,594.00,"118,800.00"
2020-12-10,2020121004001199,SGI,34,17,10,593.00,"5,930.00"
2020-12-10,2020121004001196,SGI,34,16,10,593.00,"5,930.00"
2020-12-10,2020121004001194,SGI,34,21,10,593.00,"5,930.00"
2020-12-10,2020121004001192,SGI,8,40,40,594.00,"23,760.00"
2020-12-10,2020121004001180,SGI,34,34,10,593.00,"5,930.00"
2020-12-10,2020121004001177,SGI,34,34,10,593.00,"5,930.00"
2020-12-10,2020121004001238,SGI,34,29,10,593.00,"5,930.00"
2020-12-10,2020121004001223,SGI,34,29,10,593.00,"5,930.00"
2020-12-10,2020121004001217,SGI,34,18,10,593.00,"5,930.00"
2020-12-10,2020121004001213,SGI,34,56,10,593.00,"5,930.00"
2020-12-10,2020121004001209,SGI,42,40,400,594.00,"237,600.00"
2020-12-10,2020121004001201,SGI,34,57,10,593.00,"5,930.00"
2020-12-10,2020121004001260,SGI,21,17,10,593.00,"5,930.00"
2020-12-10,2020121004001259,SGI,21,51,10,593.00,"5,930.00"
2020-12-10,2020121004001258,SGI,43,40,100,594.00,"59,400.00"
2020-12-10,2020121004001255,SGI,21,43,10,593.00,"5,930.00"
2020-12-10,2020121004001249,SGI,34,43,10,593.00,"5,930.00"
2020-12-10,2020121004001248,SGI,34,57,10,593.00,"5,930.00"
2020-12-10,2020121004001294,SGI,21,38,10,593.00,"5,930.00"
2020-12-10,2020121004001293,SGI,21,56,10,593.00,"5,930.00"
2020-12-10,2020121004001285,SGI,21,18,10,593.00,"5,930.00"
2020-12-10,2020121004001269,SGI,21,42,10,593.00,"5,930.00"
2020-12-10,2020121004001268,SGI,43,58,10,594.00,"5,940.00"
2020-12-10,2020121004001267,SGI,43,40,70,594.00,"41,580.00"
2020-12-10,2020121004001302,SGI,5,7,10,595.00,"5,950.00"
2020-12-10,2020121004001301,SGI,5,39,10,595.00,"5,950.00"
2020-12-10,2020121004001300,SGI,5,1,20,595.00,"11,900.00"
2020-12-10,2020121004001299,SGI,5,58,10,595.00,"5,950.00"
2020-12-10,2020121004001298,SGI,5,36,10,595.00,"5,950.00"
2020-12-10,2020121004001297,SGI,5,42,10,595.00,"5,950.00"
2020-12-10,2020121004001312,SGI,21,39,10,593.00,"5,930.00"
2020-12-10,2020121004001311,SGI,21,21,10,593.00,"5,930.00"
2020-12-10,2020121004001306,SGI,21,38,10,593.00,"5,930.00"
2020-12-10,2020121004001305,SGI,5,22,10,595.00,"5,950.00"
2020-12-10,2020121004001304,SGI,5,35,10,595.00,"5,950.00"
2020-12-10,2020121004001303,SGI,5,16,10,595.00,"5,950.00"
2020-12-10,2020121004001334,SGI,25,19,10,593.00,"5,930.00"
2020-12-10,2020121004001331,SGI,25,46,10,593.00,"5,930.00"
2020-12-10,2020121004001324,SGI,25,57,10,593.00,"5,930.00"
2020-12-10,2020121004001323,SGI,25,18,10,593.00,"5,930.00"
2020-12-10,2020121004001317,SGI,43,11,10,594.00,"5,940.00"
2020-12-10,2020121004001316,SGI,43,37,10,594.00,"5,940.00"
2020-12-10,2020121004001345,SGI,32,20,10,593.00,"5,930.00"
2020-12-10,2020121004001342,SGI,32,59,10,593.00,"5,930.00"
2020-12-10,2020121004001341,SGI,32,21,10,593.00,"5,930.00"
2020-12-10,2020121004001340,SGI,49,32,10,592.00,"5,920.00"
2020-12-10,2020121004001338,SGI,49,17,10,592.00,"5,920.00"
2020-12-10,2020121004001337,SGI,49,51,10,592.00,"5,920.00"
2020-12-10,2020121004001360,SGI,49,6,10,592.00,"5,920.00"
2020-12-10,2020121004001358,SGI,54,59,100,593.00,"59,300.00"
2020-12-10,2020121004001356,SGI,35,59,210,593.00,"124,530.00"
2020-12-10,2020121004001350,SGI,35,38,10,593.00,"5,930.00"
2020-12-10,2020121004001347,SGI,35,19,30,593.00,"17,790.00"
2020-12-10,2020121004001346,SGI,32,19,10,593.00,"5,930.00"
2020-12-10,2020121004001380,SGI,49,21,10,592.00,"5,920.00"
2020-12-10,2020121004001379,SGI,49,38,10,592.00,"5,920.00"
2020-12-10,2020121004001369,SGI,49,36,10,592.00,"5,920.00"
2020-12-10,2020121004001366,SGI,45,59,40,593.00,"23,720.00"
2020-12-10,2020121004001363,SGI,49,53,10,592.00,"5,920.00"
2020-12-10,2020121004001362,SGI,49,57,10,592.00,"5,920.00"
2020-12-10,2020121004001392,SGI,44,19,10,592.00,"5,920.00"
2020-12-10,2020121004001391,SGI,44,46,10,592.00,"5,920.00"
2020-12-10,2020121004001390,SGI,44,22,10,592.00,"5,920.00"
2020-12-10,2020121004001388,SGI,44,17,10,592.00,"5,920.00"
2020-12-10,2020121004001386,SGI,44,19,10,592.00,"5,920.00"
2020-12-10,2020121004001385,SGI,49,19,90,592.00,"53,280.00"
2020-12-10,2020121004001399,SGI,4,58,10,592.00,"5,920.00"
2020-12-10,2020121004001398,SGI,4,17,10,592.00,"5,920.00"
2020-12-10,2020121004001397,SGI,4,54,10,592.00,"5,920.00"
2020-12-10,2020121004001395,SGI,4,19,30,592.00,"17,760.00"
2020-12-10,2020121004001394,SGI,19,19,50,592.00,"29,600.00"
2020-12-10,2020121004001393,SGI,38,19,10,592.00,"5,920.00"
2020-12-10,2020121004001414,SGI,49,41,10,591.00,"5,910.00"
2020-12-10,2020121004001405,SGI,55,19,40,592.00,"23,680.00"
2020-12-10,2020121004001403,SGI,4,26,10,592.00,"5,920.00"
2020-12-10,2020121004001402,SGI,4,16,10,592.00,"5,920.00"
2020-12-10,2020121004001401,SGI,4,58,10,592.00,"5,920.00"
2020-12-10,2020121004001400,SGI,4,37,10,592.00,"5,920.00"
2020-12-10,2020121004001429,SGI,49,48,10,591.00,"5,910.00"
2020-12-10,2020121004001428,SGI,49,49,10,591.00,"5,910.00"
2020-12-10,2020121004001427,SGI,49,21,10,591.00,"5,910.00"
2020-12-10,2020121004001426,SGI,49,21,10,591.00,"5,910.00"
2020-12-10,2020121004001424,SGI,49,35,10,591.00,"5,910.00"
2020-12-10,2020121004001415,SGI,49,35,10,591.00,"5,910.00"
2020-12-10,2020121004001440,SGI,49,8,150,591.00,"88,650.00"
2020-12-10,2020121004001438,SGI,49,21,10,591.00,"5,910.00"
2020-12-10,2020121004001435,SGI,41,22,50,592.00,"29,600.00"
2020-12-10,2020121004001434,SGI,41,19,50,592.00,"29,600.00"
2020-12-10,2020121004001433,SGI,49,21,10,591.00,"5,910.00"
2020-12-10,2020121004001430,SGI,49,38,44,591.00,"26,004.00"
2020-12-10,2020121004001308,STC,42,6,20,"5,240.00","104,800.00"
2020-12-10,2020121004001287,STC,45,6,10,"5,200.00","52,000.00"
2020-12-10,2020121004001286,STC,38,6,60,"5,200.00","312,000.00"
2020-12-10,2020121004001211,STC,19,6,10,"5,200.00","52,000.00"
2020-12-10,2020121004001202,STC,32,6,17,"5,200.00","88,400.00"
2020-12-10,2020121004001178,STC,41,6,10,"5,200.00","52,000.00"
2020-12-10,2020121004001027,STC,58,6,10,"5,185.00","51,850.00"
2020-12-10,2020121004001025,STC,58,53,100,"5,183.00","518,300.00"
2020-12-10,2020121004001022,STC,42,6,10,"5,180.00","51,800.00"
2020-12-10,2020121004001158,STC,5,6,10,"5,200.00","52,000.00"
2020-12-10,2020121004001157,STC,5,1,10,"5,200.00","52,000.00"
2020-12-10,2020121004001156,STC,5,33,10,"5,195.00","51,950.00"
2020-12-10,2020121004001146,STC,50,33,10,"5,195.00","51,950.00"
2020-12-10,2020121004001029,STC,58,34,100,"5,200.00","520,000.00"
2020-12-10,2020121004001028,STC,58,51,40,"5,190.00","207,600.00"
2020-12-10,2020121004000965,BBC,49,20,20,"2,900.00","58,000.00"
2020-12-10,2020121004000943,BBC,56,20,10,"2,900.00","29,000.00"
2020-12-10,2020121004000941,BBC,57,20,30,"2,900.00","87,000.00"
2020-12-10,2020121004000940,BBC,57,59,70,"2,900.00","203,000.00"
2020-12-10,2020121004000921,BBC,8,36,10,"2,898.00","28,980.00"
2020-12-10,2020121004000738,BBC,45,45,30,"2,842.00","85,260.00"
2020-12-10,2020121004000611,BBC,6,17,10,"2,890.00","28,900.00"
2020-12-10,2020121004000605,BBC,6,51,100,"2,860.00","286,000.00"
2020-12-10,2020121004000737,BBC,34,45,10,"2,842.00","28,420.00"
2020-12-10,2020121004000736,BBC,51,45,10,"2,842.00","28,420.00"
2020-12-10,2020121004000735,BBC,35,45,20,"2,843.00","56,860.00"
2020-12-10,2020121004000734,BBC,50,45,10,"2,844.00","28,440.00"
2020-12-10,2020121004000733,BBC,17,45,20,"2,850.00","57,000.00"
2020-12-10,2020121004000637,BBC,14,52,100,"2,860.00","286,000.00"
2020-12-10,2020121004000857,CMF1,51,34,100,9.60,960.00
2020-12-10,2020121004000613,CMF1,25,16,"1,000",9.46,"9,460.00"
2020-12-10,2020121004000565,CMF1,38,19,500,9.46,"4,730.00"
2020-12-10,2020121004000535,CMF1,22,19,500,9.46,"4,730.00"
2020-12-10,2020121004000534,CMF1,22,48,400,9.46,"3,784.00"
2020-12-10,2020121004000489,CMF1,57,48,100,9.46,946.00
2020-12-10,2020121004000970,GIC,58,18,10,568.00,"5,680.00"
2020-12-10,2020121004000967,GIC,58,38,10,568.00,"5,680.00"
2020-12-10,2020121004000966,GIC,58,42,10,568.00,"5,680.00"
2020-12-10,2020121004000963,GIC,53,36,10,569.00,"5,690.00"
2020-12-10,2020121004000962,GIC,53,54,10,569.00,"5,690.00"
2020-12-10,2020121004000960,GIC,58,44,10,568.00,"5,680.00"
2020-12-10,2020121004000480,GIC,43,49,10,572.00,"5,720.00"
2020-12-10,2020121004000473,GIC,43,14,10,572.00,"5,720.00"
2020-12-10,2020121004000488,GIC,55,56,10,571.00,"5,710.00"
2020-12-10,2020121004000487,GIC,55,40,10,571.00,"5,710.00"
2020-12-10,2020121004000486,GIC,49,36,10,572.00,"5,720.00"
2020-12-10,2020121004000483,GIC,55,48,10,571.00,"5,710.00"
2020-12-10,2020121004000482,GIC,43,47,60,572.00,"34,320.00"
2020-12-10,2020121004000481,GIC,43,58,10,572.00,"5,720.00"
2020-12-10,2020121004000501,GIC,54,58,10,571.00,"5,710.00"
2020-12-10,2020121004000500,GIC,54,35,10,571.00,"5,710.00"
2020-12-10,2020121004000498,GIC,54,45,10,571.00,"5,710.00"
2020-12-10,2020121004000495,GIC,54,19,10,571.00,"5,710.00"
2020-12-10,2020121004000491,GIC,54,52,125,571.00,"71,375.00"
2020-12-10,2020121004000490,GIC,55,52,90,571.00,"51,390.00"
2020-12-10,2020121004000532,GIC,54,38,10,571.00,"5,710.00"
2020-12-10,2020121004000528,GIC,54,49,10,571.00,"5,710.00"
2020-12-10,2020121004000526,GIC,54,11,10,571.00,"5,710.00"
2020-12-10,2020121004000525,GIC,54,36,10,571.00,"5,710.00"
2020-12-10,2020121004000521,GIC,54,57,10,571.00,"5,710.00"
2020-12-10,2020121004000520,GIC,54,40,10,571.00,"5,710.00"
2020-12-10,2020121004000548,GIC,53,13,10,573.00,"5,730.00"
2020-12-10,2020121004000541,GIC,53,58,10,573.00,"5,730.00"
2020-12-10,2020121004000540,GIC,53,46,10,573.00,"5,730.00"
2020-12-10,2020121004000539,GIC,53,59,20,573.00,"11,460.00"
2020-12-10,2020121004000538,GIC,53,58,10,573.00,"5,730.00"
2020-12-10,2020121004000537,GIC,54,44,10,571.00,"5,710.00"
2020-12-10,2020121004000580,GIC,54,22,10,571.00,"5,710.00"
2020-12-10,2020121004000579,GIC,54,45,10,571.00,"5,710.00"
2020-12-10,2020121004000568,GIC,54,40,10,571.00,"5,710.00"
2020-12-10,2020121004000556,GIC,54,26,90,571.00,"51,390.00"
2020-12-10,2020121004000553,GIC,6,48,50,573.00,"28,650.00"
2020-12-10,2020121004000552,GIC,53,48,40,573.00,"22,920.00"
2020-12-10,2020121004000598,GIC,54,50,10,571.00,"5,710.00"
2020-12-10,2020121004000597,GIC,54,17,10,571.00,"5,710.00"
2020-12-10,2020121004000594,GIC,54,36,10,571.00,"5,710.00"
2020-12-10,2020121004000592,GIC,54,46,10,571.00,"5,710.00"
2020-12-10,2020121004000583,GIC,54,1,10,571.00,"5,710.00"
2020-12-10,2020121004000582,GIC,54,33,10,571.00,"5,710.00"
2020-12-10,2020121004000618,GIC,7,14,100,572.00,"57,200.00"
2020-12-10,2020121004000616,GIC,22,45,10,571.00,"5,710.00"
2020-12-10,2020121004000612,GIC,22,47,10,571.00,"5,710.00"
2020-12-10,2020121004000607,GIC,54,47,65,571.00,"37,115.00"
2020-12-10,2020121004000604,GIC,54,42,10,571.00,"5,710.00"
2020-12-10,2020121004000600,GIC,54,21,10,571.00,"5,710.00"
2020-12-10,2020121004000638,GIC,22,35,10,571.00,"5,710.00"
2020-12-10,2020121004000636,GIC,22,36,10,571.00,"5,710.00"
2020-12-10,2020121004000635,GIC,22,35,10,571.00,"5,710.00"
2020-12-10,2020121004000633,GIC,49,43,20,573.00,"11,460.00"
2020-12-10,2020121004000632,GIC,49,56,10,573.00,"5,730.00"
2020-12-10,2020121004000631,GIC,49,33,10,573.00,"5,730.00"
2020-12-10,2020121004000646,GIC,11,43,30,573.00,"17,190.00"
2020-12-10,2020121004000645,GIC,11,44,50,572.00,"28,600.00"
2020-12-10,2020121004000644,GIC,22,35,10,571.00,"5,710.00"
2020-12-10,2020121004000642,GIC,22,59,10,571.00,"5,710.00"
2020-12-10,2020121004000641,GIC,22,38,10,571.00,"5,710.00"
2020-12-10,2020121004000640,GIC,22,47,10,571.00,"5,710.00"
2020-12-10,2020121004000671,GIC,22,52,10,571.00,"5,710.00"
2020-12-10,2020121004000652,GIC,22,47,10,571.00,"5,710.00"
2020-12-10,2020121004000650,GIC,11,33,400,574.00,"229,600.00"
2020-12-10,2020121004000649,GIC,11,13,10,573.00,"5,730.00"
2020-12-10,2020121004000648,GIC,11,36,10,573.00,"5,730.00"
2020-12-10,2020121004000647,GIC,11,47,100,573.00,"57,300.00"
2020-12-10,2020121004000686,GIC,22,57,10,571.00,"5,710.00"
2020-12-10,2020121004000680,GIC,22,17,10,571.00,"5,710.00"
2020-12-10,2020121004000679,GIC,22,38,100,571.00,"57,100.00"
2020-12-10,2020121004000678,GIC,22,33,10,571.00,"5,710.00"
2020-12-10,2020121004000677,GIC,22,36,10,571.00,"5,710.00"
2020-12-10,2020121004000674,GIC,22,52,10,571.00,"5,710.00"
2020-12-10,2020121004000707,GIC,22,17,10,571.00,"5,710.00"
2020-12-10,2020121004000705,GIC,22,3,10,571.00,"5,710.00"
2020-12-10,2020121004000701,GIC,22,45,10,571.00,"5,710.00"
2020-12-10,2020121004000699,GIC,22,17,100,571.00,"57,100.00"
2020-12-10,2020121004000695,GIC,22,36,10,571.00,"5,710.00"
2020-12-10,2020121004000690,GIC,22,16,10,571.00,"5,710.00"
2020-12-10,2020121004000723,GIC,22,32,10,571.00,"5,710.00"
2020-12-10,2020121004000722,GIC,22,45,10,571.00,"5,710.00"
2020-12-10,2020121004000721,GIC,22,17,10,571.00,"5,710.00"
2020-12-10,2020121004000720,GIC,22,33,10,571.00,"5,710.00"
2020-12-10,2020121004000715,GIC,22,45,10,571.00,"5,710.00"
2020-12-10,2020121004000711,GIC,22,36,10,571.00,"5,710.00"
2020-12-10,2020121004000731,GIC,13,58,10,571.00,"5,710.00"
2020-12-10,2020121004000730,GIC,22,35,10,571.00,"5,710.00"
2020-12-10,2020121004000728,GIC,22,45,10,571.00,"5,710.00"
2020-12-10,2020121004000727,GIC,22,39,10,571.00,"5,710.00"
2020-12-10,2020121004000725,GIC,58,38,10,572.00,"5,720.00"
2020-12-10,2020121004000724,GIC,58,42,10,572.00,"5,720.00"
2020-12-10,2020121004000755,GIC,19,11,10,570.00,"5,700.00"
2020-12-10,2020121004000753,GIC,34,7,50,571.00,"28,550.00"
2020-12-10,2020121004000750,GIC,20,46,10,571.00,"5,710.00"
2020-12-10,2020121004000749,GIC,13,58,10,571.00,"5,710.00"
2020-12-10,2020121004000741,GIC,13,3,10,571.00,"5,710.00"
2020-12-10,2020121004000739,GIC,13,21,10,571.00,"5,710.00"
2020-12-10,2020121004000766,GIC,49,41,10,569.00,"5,690.00"
2020-12-10,2020121004000765,GIC,34,33,30,570.00,"17,100.00"
2020-12-10,2020121004000764,GIC,50,33,100,570.00,"57,000.00"
2020-12-10,2020121004000763,GIC,22,33,40,570.00,"22,800.00"
2020-12-10,2020121004000762,GIC,19,33,160,570.00,"91,200.00"
2020-12-10,2020121004000757,GIC,19,39,10,570.00,"5,700.00"
2020-12-10,2020121004000779,GIC,21,26,10,569.00,"5,690.00"
2020-12-10,2020121004000778,GIC,21,39,10,569.00,"5,690.00"
2020-12-10,2020121004000776,GIC,21,39,10,569.00,"5,690.00"
2020-12-10,2020121004000772,GIC,21,26,10,569.00,"5,690.00"
2020-12-10,2020121004000771,GIC,49,58,10,569.00,"5,690.00"
2020-12-10,2020121004000767,GIC,41,33,50,570.00,"28,500.00"
2020-12-10,2020121004000794,GIC,41,58,10,568.00,"5,680.00"
2020-12-10,2020121004000792,GIC,41,26,10,568.00,"5,680.00"
2020-12-10,2020121004000790,GIC,41,40,10,568.00,"5,680.00"
2020-12-10,2020121004000785,GIC,41,16,10,568.00,"5,680.00"
2020-12-10,2020121004000783,GIC,41,39,10,568.00,"5,680.00"
2020-12-10,2020121004000781,GIC,21,57,10,569.00,"5,690.00"
2020-12-10,2020121004000816,GIC,49,46,10,566.00,"5,660.00"
2020-12-10,2020121004000815,GIC,49,55,10,566.00,"5,660.00"
2020-12-10,2020121004000810,GIC,49,55,10,566.00,"5,660.00"
2020-12-10,2020121004000808,GIC,49,58,10,566.00,"5,660.00"
2020-12-10,2020121004000802,GIC,4,16,50,568.00,"28,400.00"
2020-12-10,2020121004000795,GIC,41,7,10,568.00,"5,680.00"
2020-12-10,2020121004000822,GIC,41,58,10,566.00,"5,660.00"
2020-12-10,2020121004000821,GIC,49,55,10,566.00,"5,660.00"
2020-12-10,2020121004000820,GIC,49,55,10,566.00,"5,660.00"
2020-12-10,2020121004000819,GIC,21,48,10,568.00,"5,680.00"
2020-12-10,2020121004000818,GIC,21,54,10,568.00,"5,680.00"
2020-12-10,2020121004000817,GIC,21,29,10,567.00,"5,670.00"
2020-12-10,2020121004000843,GIC,44,34,10,565.00,"5,650.00"
2020-12-10,2020121004000840,GIC,25,58,10,566.00,"5,660.00"
2020-12-10,2020121004000828,GIC,41,58,10,566.00,"5,660.00"
2020-12-10,2020121004000826,GIC,41,55,10,566.00,"5,660.00"
2020-12-10,2020121004000824,GIC,41,46,10,566.00,"5,660.00"
2020-12-10,2020121004000823,GIC,41,55,10,566.00,"5,660.00"
2020-12-10,2020121004000861,GIC,53,28,10,568.00,"5,680.00"
2020-12-10,2020121004000860,GIC,25,34,10,567.00,"5,670.00"
2020-12-10,2020121004000856,GIC,49,34,10,566.00,"5,660.00"
2020-12-10,2020121004000850,GIC,49,29,10,566.00,"5,660.00"
2020-12-10,2020121004000848,GIC,44,34,10,565.00,"5,650.00"
2020-12-10,2020121004000847,GIC,25,58,10,566.00,"5,660.00"
2020-12-10,2020121004000898,GIC,49,26,10,566.00,"5,660.00"
2020-12-10,2020121004000894,GIC,25,22,10,567.00,"5,670.00"
2020-12-10,2020121004000886,GIC,49,43,10,566.00,"5,660.00"
2020-12-10,2020121004000885,GIC,44,17,10,568.00,"5,680.00"
2020-12-10,2020121004000884,GIC,25,38,10,567.00,"5,670.00"
2020-12-10,2020121004000865,GIC,49,59,10,566.00,"5,660.00"
2020-12-10,2020121004000938,GIC,21,34,10,567.00,"5,670.00"
2020-12-10,2020121004000936,GIC,21,45,10,567.00,"5,670.00"
2020-12-10,2020121004000908,GIC,49,55,10,566.00,"5,660.00"
2020-12-10,2020121004000907,GIC,49,36,10,566.00,"5,660.00"
2020-12-10,2020121004000904,GIC,49,48,10,566.00,"5,660.00"
2020-12-10,2020121004000900,GIC,49,17,10,566.00,"5,660.00"
2020-12-10,2020121004000958,GIC,58,14,10,568.00,"5,680.00"
2020-12-10,2020121004000957,GIC,58,21,10,568.00,"5,680.00"
2020-12-10,2020121004000956,GIC,46,56,10,567.00,"5,670.00"
2020-12-10,2020121004000950,GIC,46,38,10,567.00,"5,670.00"
2020-12-10,2020121004000948,GIC,46,7,10,567.00,"5,670.00"
2020-12-10,2020121004000944,GIC,21,34,10,567.00,"5,670.00"
2020-12-10,2020121004000807,GIMES1,17,43,"4,000",11.20,"44,800.00"
2020-12-10,2020121004000664,GIMES1,17,7,"15,000",11.20,"168,000.00"
2020-12-10,2020121004000663,GIMES1,17,7,"10,000",11.24,"112,400.00"
2020-12-10,2020121004000661,GIMES1,17,10,"5,000",11.24,"56,200.00"
2020-12-10,2020121004000660,GIMES1,17,10,"5,000",11.23,"56,150.00"
2020-12-10,2020121004000659,GIMES1,17,10,"10,000",11.22,"112,200.00"
2020-12-10,2020121004000485,GIMES1,7,48,"2,500",11.11,"27,775.00"
2020-12-10,2020121004000658,GIMES1,17,22,"4,000",11.21,"44,840.00"
2020-12-10,2020121004000657,GIMES1,17,43,"46,000",11.21,"515,660.00"
2020-12-10,2020121004000625,GIMES1,7,43,"4,000",11.21,"44,840.00"
2020-12-10,2020121004000610,GIMES1,17,10,"10,000",11.21,"112,100.00"
2020-12-10,2020121004000603,GIMES1,17,43,"50,000",11.20,"560,000.00"
2020-12-10,2020121004000560,GIMES1,51,43,"50,000",11.20,"560,000.00"
2020-12-10,2020121004000751,LEMF,17,22,"3,744",9.55,"35,755.20"
2020-12-10,2020121004000555,LEMF,49,26,"5,000",9.51,"47,550.00"
2020-12-10,2020121004000544,LEMF,49,45,"7,774",9.51,"73,930.74"
2020-12-10,2020121004000522,LEMF,17,45,"1,000",9.52,"9,520.00"
2020-12-10,2020121004000748,LEMF,17,22,"4,036",9.55,"38,543.80"
2020-12-10,2020121004000732,LEMF,17,22,"3,685",9.55,"35,191.75"
2020-12-10,2020121004000729,LEMF,17,22,"3,978",9.55,"37,989.90"
2020-12-10,2020121004000708,LEMF,17,26,"1,000",9.55,"9,550.00"
2020-12-10,2020121004000697,LEMF,17,45,"1,000",9.55,"9,550.00"
2020-12-10,2020121004000787,LUK,17,43,400,9.26,"3,704.00"
2020-12-10,2020121004000786,LUK,7,43,100,9.30,930.00
2020-12-10,2020121004000624,LUK,33,16,"1,000",9.35,"9,350.00"
2020-12-10,2020121004000968,NBF2,42,22,670,9.80,"6,566.00"
2020-12-10,2020121004000955,NBF2,42,26,100,9.80,980.00
2020-12-10,2020121004000939,NBF2,42,34,500,9.80,"4,900.00"
2020-12-10,2020121004000935,NBF2,42,57,300,9.80,"2,940.00"
2020-12-10,2020121004000934,NBF2,33,57,200,9.80,"1,960.00"
2020-12-10,2020121004000606,NBF2,33,21,600,9.80,"5,880.00"
2020-12-10,2020121004000578,NBF2,33,45,100,9.80,980.00
2020-12-10,2020121004000551,NBF2,33,49,"1,000",9.84,"9,840.00"
2020-12-10,2020121004000700,NBF2,33,56,100,9.80,980.00
2020-12-10,2020121004000927,NEF,19,48,"1,571",10.04,"15,772.84"
2020-12-10,2020121004000926,NEF,19,4,"1,000",10.04,"10,040.00"
2020-12-10,2020121004000923,NEF,19,1,"1,127",10.00,"11,270.00"
2020-12-10,2020121004000922,NEF,19,37,"2,414",10.00,"24,140.00"
2020-12-10,2020121004000920,NEF,19,22,"3,888",9.99,"38,841.12"
2020-12-10,2020121004000844,NEF,17,1,"1,127",9.85,"11,100.95"
2020-12-10,2020121004000514,NEF,50,19,"1,265",9.80,"12,397.00"
2020-12-10,2020121004000513,NEF,50,19,"1,149",9.80,"11,260.20"
2020-12-10,2020121004000494,NEF,50,48,483,9.80,"4,733.40"
2020-12-10,2020121004000754,NEF,17,6,483,9.85,"4,757.55"
2020-12-10,2020121004000710,NEF,17,26,"2,414",9.85,"23,777.90"
2020-12-10,2020121004000692,NEF,17,4,"1,633",9.85,"16,085.05"
2020-12-10,2020121004000682,NEF,50,36,"1,448",9.80,"14,190.40"
2020-12-10,2020121004000609,NEF,50,51,"2,414",9.80,"23,657.20"
2020-12-10,2020121004000543,NEF,50,19,483,9.80,"4,733.40"
2020-12-10,2020121004000834,NEF,17,16,"2,414",9.85,"23,777.90"
2020-12-10,2020121004000827,NEF,17,48,"2,414",9.85,"23,777.90"
2020-12-10,2020121004000800,NEF,21,22,"2,000",9.99,"19,980.00"
2020-12-10,2020121004000770,NEF,50,22,"4,026",9.99,"40,219.74"
2020-12-10,2020121004000769,NEF,50,49,"1,127",9.96,"11,224.92"
2020-12-10,2020121004000758,NEF,17,41,"1,400",9.85,"13,790.00"
2020-12-10,2020121004000969,NIBLPF,28,57,556,10.00,"5,560.00"
2020-12-10,2020121004000945,NIBLPF,28,57,556,10.00,"5,560.00"
2020-12-10,2020121004000892,NIBLPF,17,48,"2,525",9.95,"25,123.75"
2020-12-10,2020121004000774,NIBLPF,28,32,"2,525",10.00,"25,250.00"
2020-12-10,2020121004000529,NIBLPF,10,34,"2,525",9.93,"25,073.25"
2020-12-10,2020121004000516,NIBLPF,51,19,505,9.91,"5,004.55"
2020-12-10,2020121004000497,NIBLPF,51,48,606,9.91,"6,005.46"
2020-12-10,2020121004000484,NIBLPF,56,59,"1,960",9.92,"19,443.20"
2020-12-10,2020121004000668,NIBPO,51,50,50,411.00,"20,550.00"
2020-12-10,2020121004000617,NIBPO,28,14,445,415.00,"184,675.00"
2020-12-10,2020121004000577,NIBPO,28,47,55,415.00,"22,825.00"
2020-12-10,2020121004000673,NIBSF1,47,35,"1,000",10.95,"10,950.00"
2020-12-10,2020121004000615,NIBSF1,47,25,"6,456",10.95,"70,693.20"
2020-12-10,2020121004000614,NIBSF1,58,25,500,10.96,"5,480.00"
2020-12-10,2020121004000581,NIBSF1,47,45,"4,500",10.95,"49,275.00"
2020-12-10,2020121004000953,NICBF,34,22,100,9.57,957.00
2020-12-10,2020121004000952,NICBF,34,34,500,9.57,"4,785.00"
2020-12-10,2020121004000951,NICBF,34,49,500,9.57,"4,785.00"
2020-12-10,2020121004000569,NICBF,51,19,100,9.56,956.00
2020-12-10,2020121004000567,NICBF,51,59,"7,500",9.56,"71,700.00"
2020-12-10,2020121004000549,NICBF,34,59,500,9.57,"4,785.00"
2020-12-10,2020121004000547,NICBF,45,59,"1,000",9.58,"9,580.00"
2020-12-10,2020121004000546,NICBF,17,59,500,9.58,"4,790.00"
2020-12-10,2020121004000542,NICBF,39,59,"1,000",9.59,"9,590.00"
2020-12-10,2020121004000949,NICGF,56,26,500,10.17,"5,085.00"
2020-12-10,2020121004000932,NICGF,56,44,500,10.17,"5,085.00"
2020-12-10,2020121004000931,NICGF,56,44,500,10.17,"5,085.00"
2020-12-10,2020121004000928,NICGF,56,44,500,10.17,"5,085.00"
2020-12-10,2020121004000909,NICGF,56,58,"5,000",10.17,"50,850.00"
2020-12-10,2020121004000756,NICGF,56,59,"2,000",10.15,"20,300.00"
2020-12-10,2020121004000684,NICGF,51,16,"1,000",10.14,"10,140.00"
2020-12-10,2020121004000588,NICGF,51,29,300,10.14,"3,042.00"
2020-12-10,2020121004000587,NICGF,34,29,200,10.14,"2,028.00"
2020-12-10,2020121004000566,NMB50,51,19,300,9.88,"2,964.00"
2020-12-10,2020121004000527,NMB50,51,19,300,9.88,"2,964.00"
2020-12-10,2020121004000906,NMBHF1,59,49,636,9.85,"6,264.60"
2020-12-10,2020121004000905,NMBHF1,59,49,"1,500",9.85,"14,775.00"
2020-12-10,2020121004000903,NMBHF1,59,49,"1,500",9.85,"14,775.00"
2020-12-10,2020121004000895,NMBHF1,59,49,"1,500",9.85,"14,775.00"
2020-12-10,2020121004000797,NMBHF1,14,6,832,9.77,"8,128.64"
2020-12-10,2020121004000562,NMBHF1,17,19,"2,080",9.72,"20,217.60"
2020-12-10,2020121004000559,NMBHF1,17,19,912,9.72,"8,864.64"
2020-12-10,2020121004000545,NMBHF1,17,36,"2,413",9.71,"23,430.23"
2020-12-10,2020121004000524,NMBHF1,19,19,"1,168",9.72,"11,352.96"
2020-12-10,2020121004000523,NMBHF1,19,59,"8,832",9.72,"85,847.04"
2020-12-10,2020121004000519,NMBHF1,46,59,"1,168",9.73,"11,364.64"
2020-12-10,2020121004000504,NMBHF1,46,48,832,9.73,"8,095.36"
2020-12-10,2020121004000901,PRVUPO,20,58,"134,602",165.00,"22,209,330.00"
2020-12-10,2020121004000896,PRVUPO,20,58,100,162.00,"16,200.00"
2020-12-10,2020121004000883,PRVUPO,20,58,100,159.00,"15,900.00"
2020-12-10,2020121004000874,PRVUPO,20,58,100,156.00,"15,600.00"
2020-12-10,2020121004000866,PRVUPO,20,58,100,153.00,"15,300.00"
2020-12-10,2020121004000499,RBCLPO,28,32,10,"14,076.00","140,760.00"
2020-12-10,2020121004000851,SAEF,17,37,"15,500",10.95,"169,725.00"
2020-12-10,2020121004000846,SAEF,56,37,"4,000",10.96,"43,840.00"
2020-12-10,2020121004000845,SAEF,39,37,500,10.97,"5,485.00"
2020-12-10,2020121004000742,SAEF,39,45,500,10.97,"5,485.00"
2020-12-10,2020121004000704,SAEF,17,16,750,10.95,"8,212.50"
2020-12-10,2020121004000676,SAEF,56,26,"1,000",10.93,"10,930.00"
2020-12-10,2020121004000665,SAEF,56,22,"1,000",10.93,"10,930.00"
2020-12-10,2020121004000630,SAEF,56,58,"1,000",10.93,"10,930.00"
2020-12-10,2020121004000595,SAEF,56,22,"1,000",10.93,"10,930.00"
2020-12-10,2020121004000570,SAEF,39,22,"1,000",10.92,"10,920.00"
2020-12-10,2020121004000558,SBIBD86,19,42,25,"1,015.00","25,375.00"
2020-12-10,2020121004000947,SEF,17,33,"2,100",10.10,"21,210.00"
2020-12-10,2020121004000946,SEF,59,33,400,10.28,"4,112.00"
2020-12-10,2020121004000882,SEF,59,17,150,10.34,"1,551.00"
2020-12-10,2020121004000881,SEF,59,21,900,10.34,"9,306.00"
2020-12-10,2020121004000880,SEF,59,6,"2,000",10.34,"20,680.00"
2020-12-10,2020121004000879,SEF,59,58,100,10.34,"1,034.00"
2020-12-10,2020121004000518,SEF,17,48,500,10.08,"5,040.00"
2020-12-10,2020121004000509,SEF,17,26,"1,000",10.08,"10,080.00"
2020-12-10,2020121004000493,SEF,22,36,500,10.10,"5,050.00"
2020-12-10,2020121004000601,SEF,34,22,"3,300",10.07,"33,231.00"
2020-12-10,2020121004000574,SEF,22,22,"3,000",10.10,"30,300.00"
2020-12-10,2020121004000564,SEF,58,36,500,10.10,"5,050.00"
2020-12-10,2020121004000554,SEF,34,19,500,10.07,"5,035.00"
2020-12-10,2020121004000531,SEF,34,19,500,10.07,"5,035.00"
2020-12-10,2020121004000530,SEF,17,19,500,10.08,"5,040.00"
2020-12-10,2020121004000760,SEF,17,43,"6,000",10.10,"60,600.00"
2020-12-10,2020121004000759,SEF,5,43,"5,000",10.10,"50,500.00"
2020-12-10,2020121004000714,SEF,17,22,"1,990",10.10,"20,099.00"
2020-12-10,2020121004000713,SEF,28,22,"1,010",10.10,"10,201.00"
2020-12-10,2020121004000629,SEF,28,38,990,10.10,"9,999.00"
2020-12-10,2020121004000602,SEF,56,22,"1,700",10.07,"17,119.00"
2020-12-10,2020121004000871,SEF,59,41,500,10.16,"5,080.00"
2020-12-10,2020121004000870,SEF,59,35,"1,000",10.14,"10,140.00"
2020-12-10,2020121004000869,SEF,59,41,800,10.14,"8,112.00"
2020-12-10,2020121004000868,SEF,59,17,100,10.14,"1,014.00"
2020-12-10,2020121004000867,SEF,59,41,200,10.13,"2,026.00"
2020-12-10,2020121004000805,SEF,17,57,"5,000",10.10,"50,500.00"
2020-12-10,2020121004000878,SEF,59,1,"10,000",10.33,"103,300.00"
2020-12-10,2020121004000877,SEF,59,38,"5,000",10.30,"51,500.00"
2020-12-10,2020121004000876,SEF,59,58,"1,000",10.30,"10,300.00"
2020-12-10,2020121004000875,SEF,59,47,500,10.28,"5,140.00"
2020-12-10,2020121004000873,SEF,59,41,500,10.20,"5,100.00"
2020-12-10,2020121004000872,SEF,59,45,500,10.20,"5,100.00"
2020-12-10,2020121004000918,SFMF,19,16,"6,000",10.00,"60,000.00"
2020-12-10,2020121004000536,SFMF,33,43,500,9.85,"4,925.00"
2020-12-10,2020121004000964,SGI,21,45,10,592.00,"5,920.00"
2020-12-10,2020121004000961,SGI,21,48,10,592.00,"5,920.00"
2020-12-10,2020121004000959,SGI,21,33,10,592.00,"5,920.00"
2020-12-10,2020121004000954,SGI,49,44,10,591.00,"5,910.00"
2020-12-10,2020121004000937,SGI,49,39,10,591.00,"5,910.00"
2020-12-10,2020121004000933,SGI,13,43,10,592.00,"5,920.00"
2020-12-10,2020121004000472,SGI,35,26,10,592.00,"5,920.00"
2020-12-10,2020121004000471,SGI,35,48,10,592.00,"5,920.00"
2020-12-10,2020121004000479,SGI,35,40,10,592.00,"5,920.00"
2020-12-10,2020121004000478,SGI,41,36,10,595.00,"5,950.00"
2020-12-10,2020121004000477,SGI,41,25,10,595.00,"5,950.00"
2020-12-10,2020121004000476,SGI,41,58,10,594.00,"5,940.00"
2020-12-10,2020121004000475,SGI,41,6,10,594.00,"5,940.00"
2020-12-10,2020121004000474,SGI,41,56,10,593.00,"5,930.00"
2020-12-10,2020121004000506,SGI,49,49,10,591.00,"5,910.00"
2020-12-10,2020121004000505,SGI,21,42,10,591.00,"5,910.00"
2020-12-10,2020121004000503,SGI,21,52,10,591.00,"5,910.00"
2020-12-10,2020121004000502,SGI,36,49,10,591.00,"5,910.00"
2020-12-10,2020121004000496,SGI,36,45,10,591.00,"5,910.00"
2020-12-10,2020121004000492,SGI,35,45,10,592.00,"5,920.00"
2020-12-10,2020121004000550,SGI,36,25,10,592.00,"5,920.00"
2020-12-10,2020121004000533,SGI,49,11,10,591.00,"5,910.00"
2020-12-10,2020121004000517,SGI,49,52,10,591.00,"5,910.00"
2020-12-10,2020121004000515,SGI,49,35,10,591.00,"5,910.00"
2020-12-10,2020121004000508,SGI,49,26,10,591.00,"5,910.00"
2020-12-10,2020121004000507,SGI,49,52,10,591.00,"5,910.00"
2020-12-10,2020121004000573,SGI,28,56,10,590.00,"5,900.00"
2020-12-10,2020121004000572,SGI,49,40,10,591.00,"5,910.00"
2020-12-10,2020121004000571,SGI,34,5,10,593.00,"5,930.00"
2020-12-10,2020121004000563,SGI,49,49,10,591.00,"5,910.00"
2020-12-10,2020121004000561,SGI,49,40,10,591.00,"5,910.00"
2020-12-10,2020121004000557,SGI,49,40,10,591.00,"5,910.00"
2020-12-10,2020121004000589,SGI,49,6,90,591.00,"53,190.00"
2020-12-10,2020121004000586,SGI,34,5,80,593.00,"47,440.00"
2020-12-10,2020121004000585,SGI,34,22,10,592.00,"5,920.00"
2020-12-10,2020121004000584,SGI,34,17,10,592.00,"5,920.00"
2020-12-10,2020121004000576,SGI,49,36,10,591.00,"5,910.00"
2020-12-10,2020121004000575,SGI,28,42,10,590.00,"5,900.00"
2020-12-10,2020121004000608,SGI,42,45,10,590.00,"5,900.00"
2020-12-10,2020121004000599,SGI,42,17,10,590.00,"5,900.00"
2020-12-10,2020121004000596,SGI,42,36,10,590.00,"5,900.00"
2020-12-10,2020121004000593,SGI,34,26,10,590.00,"5,900.00"
2020-12-10,2020121004000591,SGI,34,6,90,590.00,"53,100.00"
2020-12-10,2020121004000590,SGI,28,6,20,590.00,"11,800.00"
2020-12-10,2020121004000628,SGI,21,42,10,591.00,"5,910.00"
2020-12-10,2020121004000627,SGI,42,58,10,590.00,"5,900.00"
2020-12-10,2020121004000626,SGI,42,44,10,590.00,"5,900.00"
2020-12-10,2020121004000623,SGI,42,44,10,590.00,"5,900.00"
2020-12-10,2020121004000622,SGI,5,45,10,593.00,"5,930.00"
2020-12-10,2020121004000619,SGI,5,45,10,593.00,"5,930.00"
2020-12-10,2020121004000654,SGI,47,56,10,590.00,"5,900.00"
2020-12-10,2020121004000653,SGI,42,38,10,590.00,"5,900.00"
2020-12-10,2020121004000651,SGI,42,35,10,590.00,"5,900.00"
2020-12-10,2020121004000643,SGI,42,56,10,590.00,"5,900.00"
2020-12-10,2020121004000639,SGI,42,35,10,590.00,"5,900.00"
2020-12-10,2020121004000634,SGI,21,43,10,591.00,"5,910.00"
2020-12-10,2020121004000669,SGI,47,16,10,590.00,"5,900.00"
2020-12-10,2020121004000667,SGI,47,59,10,590.00,"5,900.00"
2020-12-10,2020121004000666,SGI,47,57,10,590.00,"5,900.00"
2020-12-10,2020121004000662,SGI,47,28,10,590.00,"5,900.00"
2020-12-10,2020121004000656,SGI,47,51,10,590.00,"5,900.00"
2020-12-10,2020121004000655,SGI,47,1,10,590.00,"5,900.00"
2020-12-10,2020121004000685,SGI,47,36,10,590.00,"5,900.00"
2020-12-10,2020121004000683,SGI,47,38,10,590.00,"5,900.00"
2020-12-10,2020121004000681,SGI,47,38,10,590.00,"5,900.00"
2020-12-10,2020121004000675,SGI,47,32,10,590.00,"5,900.00"
2020-12-10,2020121004000672,SGI,47,17,10,590.00,"5,900.00"
2020-12-10,2020121004000670,SGI,47,35,10,590.00,"5,900.00"
2020-12-10,2020121004000694,SGI,47,18,10,590.00,"5,900.00"
2020-12-10,2020121004000693,SGI,47,18,10,590.00,"5,900.00"
2020-12-10,2020121004000691,SGI,47,36,10,590.00,"5,900.00"
2020-12-10,2020121004000689,SGI,47,57,10,590.00,"5,900.00"
2020-12-10,2020121004000688,SGI,47,18,10,590.00,"5,900.00"
2020-12-10,2020121004000687,SGI,47,18,10,590.00,"5,900.00"
2020-12-10,2020121004000709,SGI,4,36,10,590.00,"5,900.00"
2020-12-10,2020121004000706,SGI,4,39,10,590.00,"5,900.00"
2020-12-10,2020121004000703,SGI,4,45,10,590.00,"5,900.00"
2020-12-10,2020121004000702,SGI,4,35,10,590.00,"5,900.00"
2020-12-10,2020121004000698,SGI,49,56,10,590.00,"5,900.00"
2020-12-10,2020121004000696,SGI,47,17,10,590.00,"5,900.00"
2020-12-10,2020121004000726,SGI,4,45,10,590.00,"5,900.00"
2020-12-10,2020121004000719,SGI,4,58,10,590.00,"5,900.00"
2020-12-10,2020121004000718,SGI,4,58,10,590.00,"5,900.00"
2020-12-10,2020121004000717,SGI,4,45,10,590.00,"5,900.00"
2020-12-10,2020121004000716,SGI,4,58,10,590.00,"5,900.00"
2020-12-10,2020121004000712,SGI,4,32,10,590.00,"5,900.00"
2020-12-10,2020121004000747,SGI,50,19,10,591.00,"5,910.00"
2020-12-10,2020121004000746,SGI,50,52,10,591.00,"5,910.00"
2020-12-10,2020121004000745,SGI,50,32,10,591.00,"5,910.00"
2020-12-10,2020121004000744,SGI,50,32,10,591.00,"5,910.00"
2020-12-10,2020121004000743,SGI,50,16,10,591.00,"5,910.00"
2020-12-10,2020121004000740,SGI,4,38,10,590.00,"5,900.00"
2020-12-10,2020121004000777,SGI,32,14,10,591.00,"5,910.00"
2020-12-10,2020121004000775,SGI,4,46,50,590.00,"29,500.00"
2020-12-10,2020121004000773,SGI,4,39,10,590.00,"5,900.00"
2020-12-10,2020121004000768,SGI,4,56,10,590.00,"5,900.00"
2020-12-10,2020121004000761,SGI,4,11,10,590.00,"5,900.00"
2020-12-10,2020121004000752,SGI,4,36,10,590.00,"5,900.00"
2020-12-10,2020121004000791,SGI,4,41,10,590.00,"5,900.00"
2020-12-10,2020121004000789,SGI,4,4,10,590.00,"5,900.00"
2020-12-10,2020121004000788,SGI,4,7,10,590.00,"5,900.00"
2020-12-10,2020121004000784,SGI,4,39,10,590.00,"5,900.00"
2020-12-10,2020121004000782,SGI,4,46,10,590.00,"5,900.00"
2020-12-10,2020121004000780,SGI,4,46,10,590.00,"5,900.00"
2020-12-10,2020121004000803,SGI,4,32,10,590.00,"5,900.00"
2020-12-10,2020121004000801,SGI,4,58,10,590.00,"5,900.00"
2020-12-10,2020121004000799,SGI,4,58,10,590.00,"5,900.00"
2020-12-10,2020121004000798,SGI,4,21,10,590.00,"5,900.00"
2020-12-10,2020121004000796,SGI,33,32,10,592.00,"5,920.00"
2020-12-10,2020121004000793,SGI,4,46,10,590.00,"5,900.00"
2020-12-10,2020121004000829,SGI,11,22,10,591.00,"5,910.00"
2020-12-10,2020121004000825,SGI,4,36,10,590.00,"5,900.00"
2020-12-10,2020121004000814,SGI,4,58,10,590.00,"5,900.00"
2020-12-10,2020121004000813,SGI,4,10,10,590.00,"5,900.00"
2020-12-10,2020121004000806,SGI,4,10,10,590.00,"5,900.00"
2020-12-10,2020121004000804,SGI,4,42,10,590.00,"5,900.00"
2020-12-10,2020121004000836,SGI,4,58,10,590.00,"5,900.00"
2020-12-10,2020121004000835,SGI,4,55,10,590.00,"5,900.00"
2020-12-10,2020121004000833,SGI,11,41,10,591.00,"5,910.00"
2020-12-10,2020121004000832,SGI,11,10,10,591.00,"5,910.00"
2020-12-10,2020121004000831,SGI,11,55,10,591.00,"5,910.00"
2020-12-10,2020121004000830,SGI,11,58,10,591.00,"5,910.00"
2020-12-10,2020121004000849,SGI,4,34,10,590.00,"5,900.00"
2020-12-10,2020121004000842,SGI,4,13,10,590.00,"5,900.00"
2020-12-10,2020121004000841,SGI,4,55,10,590.00,"5,900.00"
2020-12-10,2020121004000839,SGI,4,21,10,590.00,"5,900.00"
2020-12-10,2020121004000838,SGI,4,55,10,590.00,"5,900.00"
2020-12-10,2020121004000837,SGI,4,34,10,590.00,"5,900.00"
2020-12-10,2020121004000859,SGI,49,38,10,591.00,"5,910.00"
2020-12-10,2020121004000858,SGI,49,48,10,591.00,"5,910.00"
2020-12-10,2020121004000855,SGI,49,29,10,591.00,"5,910.00"
2020-12-10,2020121004000854,SGI,49,28,10,591.00,"5,910.00"
2020-12-10,2020121004000853,SGI,49,39,10,591.00,"5,910.00"
2020-12-10,2020121004000852,SGI,49,55,10,591.00,"5,910.00"
2020-12-10,2020121004000889,SGI,19,49,10,592.00,"5,920.00"
2020-12-10,2020121004000888,SGI,49,34,10,591.00,"5,910.00"
2020-12-10,2020121004000887,SGI,49,43,10,591.00,"5,910.00"
2020-12-10,2020121004000864,SGI,49,3,10,592.00,"5,920.00"
2020-12-10,2020121004000863,SGI,49,38,10,591.00,"5,910.00"
2020-12-10,2020121004000862,SGI,49,38,10,591.00,"5,910.00"
2020-12-10,2020121004000902,SGI,49,22,10,591.00,"5,910.00"
2020-12-10,2020121004000899,SGI,49,34,10,591.00,"5,910.00"
2020-12-10,2020121004000897,SGI,49,51,10,591.00,"5,910.00"
2020-12-10,2020121004000893,SGI,49,34,10,591.00,"5,910.00"
2020-12-10,2020121004000891,SGI,19,21,10,592.00,"5,920.00"
2020-12-10,2020121004000890,SGI,19,57,10,592.00,"5,920.00"
2020-12-10,2020121004000915,SGI,49,41,10,591.00,"5,910.00"
2020-12-10,2020121004000914,SGI,49,42,10,591.00,"5,910.00"
2020-12-10,2020121004000913,SGI,22,41,10,593.00,"5,930.00"
2020-12-10,2020121004000912,SGI,22,44,10,593.00,"5,930.00"
2020-12-10,2020121004000911,SGI,22,41,10,593.00,"5,930.00"
2020-12-10,2020121004000910,SGI,22,42,10,593.00,"5,930.00"
2020-12-10,2020121004000929,SGI,13,17,10,592.00,"5,920.00"
2020-12-10,2020121004000925,SGI,10,14,10,594.00,"5,940.00"
2020-12-10,2020121004000924,SGI,10,51,10,594.00,"5,940.00"
2020-12-10,2020121004000919,SGI,13,35,10,592.00,"5,920.00"
2020-12-10,2020121004000917,SGI,13,48,10,592.00,"5,920.00"
2020-12-10,2020121004000916,SGI,13,22,10,592.00,"5,920.00"
2020-12-10,2020121004000942,STC,32,6,10,"5,183.00","51,830.00"
2020-12-10,2020121004000930,STC,32,47,10,"5,182.00","51,820.00"
2020-12-10,2020121004000812,STC,28,6,10,"5,100.00","51,000.00"
2020-12-10,2020121004000811,STC,17,6,10,"5,100.00","51,000.00"
2020-12-10,2020121004000809,STC,40,6,50,"5,101.00","255,050.00"
2020-12-10,2020121004000621,STC,56,6,20,"5,101.00","102,020.00"
2020-12-10,2020121004000620,STC,40,6,50,"5,101.00","255,050.00"
2020-12-10,2020121004000512,STC,16,6,100,"5,100.00","510,000.00"
2020-12-10,2020121004000511,STC,38,6,40,"5,120.00","204,800.00"
2020-12-10,2020121004000510,STC,43,6,10,"5,120.00","51,200.00"
2020-12-10,2020121004000347,BBC,8,59,100,"2,900.00","290,000.00"
2020-12-10,2020121004000242,BBC,8,26,20,"2,900.00","58,000.00"
2020-12-10,2020121004000236,BBC,43,26,10,"2,917.00","29,170.00"
2020-12-10,2020121004000221,BBC,28,36,10,"2,975.00","29,750.00"
2020-12-10,2020121004000194,BBC,43,52,10,"2,917.00","29,170.00"
2020-12-10,2020121004000193,BBC,28,52,10,"2,917.00","29,170.00"
2020-12-10,2020121004000133,BBC,1,19,20,"2,804.00","56,080.00"
2020-12-10,2020121004000132,BBC,41,19,10,"2,804.00","28,040.00"
2020-12-10,2020121004000131,BBC,50,19,10,"2,804.00","28,040.00"
2020-12-10,2020121004000121,BBC,28,49,20,"2,860.00","57,200.00"
2020-12-10,2020121004000187,BBC,43,52,20,"2,917.00","58,340.00"
2020-12-10,2020121004000171,BBC,57,52,10,"2,917.00","29,170.00"
2020-12-10,2020121004000163,BBC,36,50,50,"2,899.00","144,950.00"
2020-12-10,2020121004000162,BBC,36,49,150,"2,860.00","429,000.00"
2020-12-10,2020121004000138,BBC,52,57,17,"2,850.00","48,450.00"
2020-12-10,2020121004000134,BBC,52,19,10,"2,804.00","28,040.00"
2020-12-10,2020121003014044,CBBL,39,57,10,"1,390.00","13,900.00"
2020-12-10,2020121003014043,CIT,18,42,15,"4,820.00","72,300.00"
2020-12-10,2020121004000260,CMF1,6,26,"10,000",9.46,"94,600.00"
2020-12-10,2020121004000089,CMF1,17,29,500,9.42,"4,710.00"
2020-12-10,2020121004000045,CMF1,58,10,"1,000",9.41,"9,410.00"
2020-12-10,2020121003014061,FOWAD,49,57,30,"1,960.00","58,800.00"
2020-12-10,2020121003014042,FOWAD,11,57,20,"1,960.00","39,200.00"
2020-12-10,2020121003014041,GBBL,4,42,174,271.00,"47,154.00"
2020-12-10,2020121003014040,GBBL,4,14,628,271.00,"170,188.00"
2020-12-10,2020121004000188,GBIMEP,42,5,"500,000",151.00,"75,500,000.00"
2020-12-10,2020121004000185,GBIMEP,42,5,"1,000,000",151.00,"151,000,000.00"
2020-12-10,2020121004000462,GIC,43,58,10,572.00,"5,720.00"
2020-12-10,2020121004000461,GIC,34,45,10,572.00,"5,720.00"
2020-12-10,2020121004000459,GIC,34,17,10,572.00,"5,720.00"
2020-12-10,2020121004000452,GIC,34,57,10,572.00,"5,720.00"
2020-12-10,2020121004000451,GIC,6,52,10,572.00,"5,720.00"
2020-12-10,2020121004000450,GIC,6,52,10,572.00,"5,720.00"
2020-12-10,2020121004000004,GIC,56,28,10,559.00,"5,590.00"
2020-12-10,2020121004000003,GIC,56,51,10,559.00,"5,590.00"
2020-12-10,2020121004000002,GIC,56,17,10,559.00,"5,590.00"
2020-12-10,2020121004000001,GIC,38,47,10,559.00,"5,590.00"
2020-12-10,2020121004000018,GIC,56,47,10,559.00,"5,590.00"
2020-12-10,2020121004000016,GIC,38,50,10,560.00,"5,600.00"
2020-12-10,2020121004000013,GIC,56,17,10,559.00,"5,590.00"
2020-12-10,2020121004000010,GIC,56,58,10,559.00,"5,590.00"
2020-12-10,2020121004000007,GIC,56,17,10,559.00,"5,590.00"
2020-12-10,2020121004000006,GIC,56,57,10,559.00,"5,590.00"
2020-12-10,2020121004000034,GIC,56,46,10,559.00,"5,590.00"
2020-12-10,2020121004000032,GIC,56,44,10,559.00,"5,590.00"
2020-12-10,2020121004000031,GIC,17,10,10,559.00,"5,590.00"
2020-12-10,2020121004000030,GIC,58,39,10,559.00,"5,590.00"
2020-12-10,2020121004000027,GIC,56,35,10,559.00,"5,590.00"
2020-12-10,2020121004000021,GIC,56,21,10,559.00,"5,590.00"
2020-12-10,2020121004000049,GIC,58,42,10,564.00,"5,640.00"
2020-12-10,2020121004000047,GIC,11,42,10,565.00,"5,650.00"
2020-12-10,2020121004000043,GIC,36,48,10,560.00,"5,600.00"
2020-12-10,2020121004000042,GIC,36,10,10,559.00,"5,590.00"
2020-12-10,2020121004000041,GIC,57,35,10,559.00,"5,590.00"
2020-12-10,2020121004000040,GIC,54,36,10,559.00,"5,590.00"
2020-12-10,2020121004000062,GIC,45,58,10,564.00,"5,640.00"
2020-12-10,2020121004000058,GIC,55,5,10,559.00,"5,590.00"
2020-12-10,2020121004000057,GIC,11,47,10,569.00,"5,690.00"
2020-12-10,2020121004000056,GIC,11,42,10,569.00,"5,690.00"
2020-12-10,2020121004000055,GIC,11,14,10,566.00,"5,660.00"
2020-12-10,2020121004000053,GIC,55,42,10,559.00,"5,590.00"
2020-12-10,2020121004000079,GIC,21,38,10,560.00,"5,600.00"
2020-12-10,2020121004000075,GIC,39,39,10,560.00,"5,600.00"
2020-12-10,2020121004000073,GIC,39,35,10,560.00,"5,600.00"
2020-12-10,2020121004000072,GIC,39,6,10,560.00,"5,600.00"
2020-12-10,2020121004000069,GIC,39,44,10,560.00,"5,600.00"
2020-12-10,2020121004000068,GIC,39,10,10,560.00,"5,600.00"
2020-12-10,2020121004000093,GIC,52,10,10,559.00,"5,590.00"
2020-12-10,2020121004000090,GIC,52,10,10,559.00,"5,590.00"
2020-12-10,2020121004000087,GIC,52,10,10,559.00,"5,590.00"
2020-12-10,2020121004000086,GIC,55,10,10,559.00,"5,590.00"
2020-12-10,2020121004000083,GIC,26,6,10,560.00,"5,600.00"
2020-12-10,2020121004000082,GIC,26,34,10,560.00,"5,600.00"
2020-12-10,2020121004000102,GIC,22,7,10,560.00,"5,600.00"
2020-12-10,2020121004000101,GIC,22,5,10,560.00,"5,600.00"
2020-12-10,2020121004000100,GIC,22,39,10,560.00,"5,600.00"
2020-12-10,2020121004000097,GIC,22,10,10,560.00,"5,600.00"
2020-12-10,2020121004000096,GIC,22,6,10,560.00,"5,600.00"
2020-12-10,2020121004000095,GIC,52,28,10,559.00,"5,590.00"
2020-12-10,2020121004000114,GIC,53,48,10,561.00,"5,610.00"
2020-12-10,2020121004000113,GIC,53,44,10,561.00,"5,610.00"
2020-12-10,2020121004000112,GIC,22,43,10,560.00,"5,600.00"
2020-12-10,2020121004000110,GIC,22,7,10,560.00,"5,600.00"
2020-12-10,2020121004000109,GIC,55,41,10,562.00,"5,620.00"
2020-12-10,2020121004000108,GIC,55,41,10,562.00,"5,620.00"
2020-12-10,2020121004000145,GIC,44,39,10,565.00,"5,650.00"
2020-12-10,2020121004000137,GIC,28,11,10,562.00,"5,620.00"
2020-12-10,2020121004000136,GIC,28,50,10,562.00,"5,620.00"
2020-12-10,2020121004000135,GIC,28,39,10,562.00,"5,620.00"
2020-12-10,2020121004000120,GIC,51,58,10,561.00,"5,610.00"
2020-12-10,2020121004000118,GIC,25,58,10,561.00,"5,610.00"
2020-12-10,2020121004000151,GIC,36,45,10,570.00,"5,700.00"
2020-12-10,2020121004000150,GIC,36,42,10,569.00,"5,690.00"
2020-12-10,2020121004000149,GIC,44,39,10,565.00,"5,650.00"
2020-12-10,2020121004000148,GIC,44,21,10,565.00,"5,650.00"
2020-12-10,2020121004000147,GIC,44,21,10,565.00,"5,650.00"
2020-12-10,2020121004000146,GIC,44,8,10,565.00,"5,650.00"
2020-12-10,2020121004000157,GIC,36,41,10,570.00,"5,700.00"
2020-12-10,2020121004000156,GIC,36,21,10,570.00,"5,700.00"
2020-12-10,2020121004000155,GIC,36,49,10,570.00,"5,700.00"
2020-12-10,2020121004000154,GIC,36,28,10,570.00,"5,700.00"
2020-12-10,2020121004000153,GIC,36,42,10,570.00,"5,700.00"
2020-12-10,2020121004000152,GIC,36,1,10,570.00,"5,700.00"
2020-12-10,2020121004000169,GIC,38,49,10,570.00,"5,700.00"
2020-12-10,2020121004000168,GIC,38,49,10,570.00,"5,700.00"
2020-12-10,2020121004000167,GIC,38,21,10,570.00,"5,700.00"
2020-12-10,2020121004000166,GIC,38,58,10,570.00,"5,700.00"
2020-12-10,2020121004000159,GIC,36,25,10,570.00,"5,700.00"
2020-12-10,2020121004000158,GIC,36,11,10,570.00,"5,700.00"
2020-12-10,2020121004000202,GIC,17,47,10,575.00,"5,750.00"
2020-12-10,2020121004000195,GIC,33,44,10,569.00,"5,690.00"
2020-12-10,2020121004000192,GIC,33,44,10,569.00,"5,690.00"
2020-12-10,2020121004000186,GIC,51,50,10,567.00,"5,670.00"
2020-12-10,2020121004000181,GIC,17,44,10,570.00,"5,700.00"
2020-12-10,2020121004000170,GIC,44,6,10,565.00,"5,650.00"
2020-12-10,2020121004000212,GIC,42,48,10,574.00,"5,740.00"
2020-12-10,2020121004000211,GIC,19,25,10,570.00,"5,700.00"
2020-12-10,2020121004000208,GIC,19,43,10,570.00,"5,700.00"
2020-12-10,2020121004000205,GIC,17,21,10,575.00,"5,750.00"
2020-12-10,2020121004000204,GIC,17,41,10,575.00,"5,750.00"
2020-12-10,2020121004000203,GIC,17,38,10,575.00,"5,750.00"
2020-12-10,2020121004000223,GIC,42,26,10,575.00,"5,750.00"
2020-12-10,2020121004000220,GIC,42,43,20,575.00,"11,500.00"
2020-12-10,2020121004000219,GIC,42,17,10,575.00,"5,750.00"
2020-12-10,2020121004000217,GIC,42,40,10,575.00,"5,750.00"
2020-12-10,2020121004000216,GIC,42,33,10,575.00,"5,750.00"
2020-12-10,2020121004000213,GIC,42,44,10,575.00,"5,750.00"
2020-12-10,2020121004000251,GIC,29,56,10,571.00,"5,710.00"
2020-12-10,2020121004000243,GIC,29,18,10,571.00,"5,710.00"
2020-12-10,2020121004000232,GIC,29,59,10,571.00,"5,710.00"
2020-12-10,2020121004000230,GIC,55,43,10,575.00,"5,750.00"
2020-12-10,2020121004000228,GIC,42,58,10,575.00,"5,750.00"
2020-12-10,2020121004000224,GIC,42,44,10,575.00,"5,750.00"
2020-12-10,2020121004000261,GIC,29,38,10,571.00,"5,710.00"
2020-12-10,2020121004000259,GIC,29,34,10,571.00,"5,710.00"
2020-12-10,2020121004000258,GIC,29,33,10,571.00,"5,710.00"
2020-12-10,2020121004000257,GIC,29,42,50,571.00,"28,550.00"
2020-12-10,2020121004000255,GIC,29,34,10,571.00,"5,710.00"
2020-12-10,2020121004000252,GIC,29,34,10,571.00,"5,710.00"
2020-12-10,2020121004000278,GIC,29,56,10,571.00,"5,710.00"
2020-12-10,2020121004000271,GIC,29,38,10,571.00,"5,710.00"
2020-12-10,2020121004000270,GIC,29,25,10,571.00,"5,710.00"
2020-12-10,2020121004000268,GIC,29,38,10,571.00,"5,710.00"
2020-12-10,2020121004000267,GIC,29,10,10,571.00,"5,710.00"
2020-12-10,2020121004000266,GIC,29,45,10,571.00,"5,710.00"
2020-12-10,2020121004000303,GIC,29,7,10,571.00,"5,710.00"
2020-12-10,2020121004000301,GIC,10,19,10,573.00,"5,730.00"
2020-12-10,2020121004000295,GIC,29,6,10,571.00,"5,710.00"
2020-12-10,2020121004000291,GIC,29,51,10,571.00,"5,710.00"
2020-12-10,2020121004000285,GIC,29,34,10,571.00,"5,710.00"
2020-12-10,2020121004000281,GIC,29,58,10,571.00,"5,710.00"
2020-12-10,2020121004000328,GIC,29,13,10,571.00,"5,710.00"
2020-12-10,2020121004000323,GIC,29,52,10,571.00,"5,710.00"
2020-12-10,2020121004000320,GIC,29,35,10,571.00,"5,710.00"
2020-12-10,2020121004000318,GIC,29,34,10,571.00,"5,710.00"
2020-12-10,2020121004000313,GIC,29,52,10,571.00,"5,710.00"
2020-12-10,2020121004000308,GIC,29,26,10,571.00,"5,710.00"
2020-12-10,2020121004000346,GIC,55,45,10,571.00,"5,710.00"
2020-12-10,2020121004000341,GIC,22,21,10,571.00,"5,710.00"
2020-12-10,2020121004000337,GIC,22,13,10,571.00,"5,710.00"
2020-12-10,2020121004000335,GIC,22,18,10,571.00,"5,710.00"
2020-12-10,2020121004000333,GIC,29,40,190,571.00,"108,490.00"
2020-12-10,2020121004000331,GIC,29,13,10,571.00,"5,710.00"
2020-12-10,2020121004000359,GIC,14,57,10,572.00,"5,720.00"
2020-12-10,2020121004000355,GIC,55,36,10,571.00,"5,710.00"
2020-12-10,2020121004000353,GIC,55,38,10,571.00,"5,710.00"
2020-12-10,2020121004000352,GIC,55,56,10,571.00,"5,710.00"
2020-12-10,2020121004000351,GIC,55,26,10,571.00,"5,710.00"
2020-12-10,2020121004000348,GIC,55,39,10,571.00,"5,710.00"
2020-12-10,2020121004000383,GIC,6,57,10,572.00,"5,720.00"
2020-12-10,2020121004000375,GIC,6,36,10,572.00,"5,720.00"
2020-12-10,2020121004000373,GIC,55,42,10,571.00,"5,710.00"
2020-12-10,2020121004000372,GIC,55,6,10,571.00,"5,710.00"
2020-12-10,2020121004000361,GIC,14,36,10,572.00,"5,720.00"
2020-12-10,2020121004000360,GIC,14,19,10,572.00,"5,720.00"
2020-12-10,2020121004000408,GIC,43,42,10,574.00,"5,740.00"
2020-12-10,2020121004000394,GIC,43,40,10,574.00,"5,740.00"
2020-12-10,2020121004000393,GIC,43,25,10,574.00,"5,740.00"
2020-12-10,2020121004000392,GIC,43,36,10,574.00,"5,740.00"
2020-12-10,2020121004000388,GIC,49,21,10,573.00,"5,730.00"
2020-12-10,2020121004000384,GIC,49,58,10,573.00,"5,730.00"
2020-12-10,2020121004000431,GIC,6,36,10,572.00,"5,720.00"
2020-12-10,2020121004000422,GIC,6,6,10,572.00,"5,720.00"
2020-12-10,2020121004000421,GIC,49,33,10,574.00,"5,740.00"
2020-12-10,2020121004000418,GIC,1,42,10,575.00,"5,750.00"
2020-12-10,2020121004000416,GIC,49,45,10,574.00,"5,740.00"
2020-12-10,2020121004000414,GIC,43,49,10,574.00,"5,740.00"
2020-12-10,2020121004000447,GIC,6,52,10,572.00,"5,720.00"
2020-12-10,2020121004000446,GIC,6,40,10,572.00,"5,720.00"
2020-12-10,2020121004000443,GIC,6,47,10,572.00,"5,720.00"
2020-12-10,2020121004000441,GIC,6,36,10,572.00,"5,720.00"
2020-12-10,2020121004000438,GIC,6,19,10,572.00,"5,720.00"
2020-12-10,2020121004000436,GIC,6,36,10,572.00,"5,720.00"
2020-12-10,2020121004000371,GIMES1,7,21,100,11.10,"1,110.00"
2020-12-10,2020121004000129,GIMES1,14,7,"10,000",11.20,"112,000.00"
2020-12-10,2020121004000119,GIMES1,7,58,650,11.00,"7,150.00"
2020-12-10,2020121003014048,GLICL,58,57,183,618.00,"113,094.00"
2020-12-10,2020121003014047,GLICL,58,35,10,618.00,"6,180.00"
2020-12-10,2020121003014046,GLICL,58,53,77,618.00,"47,586.00"
2020-12-10,2020121003014045,GLICL,58,55,50,617.00,"30,850.00"
2020-12-10,2020121003014039,GMFIL,54,42,25,200.00,"5,000.00"
2020-12-10,2020121003014038,GMFIL,57,42,200,200.00,"40,000.00"
2020-12-10,2020121003014037,GMFIL,58,42,175,200.00,"35,000.00"
2020-12-10,2020121003014050,GUFL,56,41,445,196.00,"87,220.00"
2020-12-10,2020121003014049,GUFL,56,25,948,195.00,"184,860.00"
2020-12-10,2020121003014053,HIDCL,6,34,149,284.00,"42,316.00"
2020-12-10,2020121003014052,HIDCL,38,34,51,284.00,"14,484.00"
2020-12-10,2020121004000386,KBLD86,1,41,275,"1,041.00","286,275.00"
2020-12-10,2020121004000385,KBLD86,1,41,450,"1,041.00","468,450.00"
2020-12-10,2020121004000314,KBLD86,50,41,275,"1,041.00","286,275.00"
2020-12-10,2020121004000296,KBLD86,50,39,25,"1,041.00","26,025.00"
2020-12-10,2020121004000191,LEMF,49,42,"1,000",9.51,"9,510.00"
2020-12-10,2020121004000190,LEMF,34,42,"4,000",9.52,"38,080.00"
2020-12-10,2020121003014058,LICN,25,6,10,"1,879.00","18,790.00"
2020-12-10,2020121004000453,LUK,33,38,300,9.35,"2,805.00"
2020-12-10,2020121004000376,LUK,58,11,100,9.25,925.00
2020-12-10,2020121004000305,LUK,58,8,100,9.25,925.00
2020-12-10,2020121004000247,MLBLPO,52,7,"30,101",109.00,"3,281,009.00"
2020-12-10,2020121004000262,NBF2,17,47,300,9.65,"2,895.00"
2020-12-10,2020121004000106,NBF2,21,14,500,9.61,"4,805.00"
2020-12-10,2020121004000092,NBF2,58,17,"1,000",9.60,"9,600.00"
2020-12-10,2020121004000044,NBF2,51,5,"6,000",9.59,"57,540.00"
2020-12-10,2020121004000028,NCCBPO,38,25,"304,000",114.00,"34,656,000.00"
2020-12-10,2020121004000464,NEF,50,22,"6,868",9.80,"67,306.40"
2020-12-10,2020121004000463,NEF,50,22,"1,632",9.80,"15,993.60"
2020-12-10,2020121004000445,NEF,50,25,"2,368",9.80,"23,206.40"
2020-12-10,2020121004000444,NEF,50,25,"3,827",9.80,"37,504.60"
2020-12-10,2020121004000428,NEF,50,21,241,9.80,"2,361.80"
2020-12-10,2020121004000426,NEF,50,41,531,9.80,"5,203.80"
2020-12-10,2020121004000094,NEF,51,46,966,9.70,"9,370.20"
2020-12-10,2020121004000029,NEF,10,57,297,9.66,"2,869.02"
2020-12-10,2020121004000237,NEF,56,22,724,9.77,"7,073.48"
2020-12-10,2020121004000207,NEF,56,14,"2,414",9.77,"23,584.78"
2020-12-10,2020121004000173,NEF,10,45,"1,013",9.80,"9,927.40"
2020-12-10,2020121004000141,NEF,10,7,483,9.80,"4,733.40"
2020-12-10,2020121004000140,NEF,10,35,"1,207",9.80,"11,828.60"
2020-12-10,2020121004000139,NEF,51,54,241,9.76,"2,352.16"
2020-12-10,2020121004000425,NEF,50,45,435,9.80,"4,263.00"
2020-12-10,2020121004000424,NEF,50,6,966,9.79,"9,457.14"
2020-12-10,2020121004000413,NEF,54,45,"2,414",9.77,"23,584.78"
2020-12-10,2020121004000380,NEF,54,34,"1,127",9.77,"11,010.79"
2020-12-10,2020121004000329,NEF,54,58,"1,127",9.77,"11,010.79"
2020-12-10,2020121004000321,NEF,56,39,"1,448",9.77,"14,146.96"
2020-12-10,2020121004000349,NIBLPF,56,50,"2,525",9.92,"25,048.00"
2020-12-10,2020121004000256,NIBLPF,47,25,"9,433",10.00,"94,330.00"
2020-12-10,2020121004000241,NIBLPF,56,22,"1,515",9.92,"15,028.80"
2020-12-10,2020121004000309,NIBPO,54,43,50,410.00,"20,500.00"
2020-12-10,2020121004000283,NIBPO,54,26,330,410.00,"135,300.00"
2020-12-10,2020121004000282,NIBPO,22,26,23,410.00,"9,430.00"
2020-12-10,2020121004000276,NIBPO,22,43,477,410.00,"195,570.00"
2020-12-10,2020121004000275,NIBPO,59,43,33,410.00,"13,530.00"
2020-12-10,2020121004000176,NIBPO,58,11,50,418.00,"20,900.00"
2020-12-10,2020121004000175,NIBPO,58,44,111,416.00,"46,176.00"
2020-12-10,2020121004000322,NIBSF1,58,40,"1,000",11.00,"11,000.00"
2020-12-10,2020121004000316,NIBSF1,58,40,"1,000",11.00,"11,000.00"
2020-12-10,2020121004000304,NICAD8283,47,1,25,"1,140.00","28,500.00"
2020-12-10,2020121004000227,NICBF,17,45,"1,000",9.58,"9,580.00"
2020-12-10,2020121004000107,NICBF,13,14,"1,000",9.57,"9,570.00"
2020-12-10,2020121004000071,NICBF,49,41,550,9.55,"5,252.50"
2020-12-10,2020121004000065,NICBF,49,10,500,9.55,"4,775.00"
2020-12-10,2020121004000439,NICGF,34,41,100,10.50,"1,050.00"
2020-12-10,2020121004000434,NICGF,34,17,100,10.30,"1,030.00"
2020-12-10,2020121004000433,NICGF,34,17,100,10.25,"1,025.00"
2020-12-10,2020121004000404,NICGF,34,49,"4,800",10.14,"48,672.00"
2020-12-10,2020121004000403,NICGF,34,49,"10,000",10.14,"101,400.00"
2020-12-10,2020121004000402,NICGF,17,49,"1,000",10.14,"10,140.00"
2020-12-10,2020121004000399,NICGF,17,45,500,10.14,"5,070.00"
2020-12-10,2020121004000198,NICGF,34,1,500,10.30,"5,150.00"
2020-12-10,2020121004000197,NICGF,34,45,200,10.25,"2,050.00"
2020-12-10,2020121003014066,NLBBL,50,38,114,949.00,"108,186.00"
2020-12-10,2020121003014065,NLBBL,50,37,125,949.00,"118,625.00"
2020-12-10,2020121003014051,NLIC,6,47,10,"1,900.00","19,000.00"
2020-12-10,2020121003014063,NLICL,56,44,10,990.00,"9,900.00"
2020-12-10,2020121004000345,NMB50,4,4,"49,700",10.01,"497,497.00"
2020-12-10,2020121004000344,NMB50,4,14,300,10.00,"3,000.00"
2020-12-10,2020121004000273,NMB50,51,47,100,9.88,988.00
2020-12-10,2020121004000398,NMBHF1,56,49,"5,000",9.85,"49,250.00"
2020-12-10,2020121004000397,NMBHF1,5,49,"5,000",9.85,"49,250.00"
2020-12-10,2020121004000396,NMBHF1,43,49,"10,000",9.86,"98,600.00"
2020-12-10,2020121004000395,NMBHF1,21,49,"1,252",9.87,"12,357.24"
2020-12-10,2020121004000201,NMBHF1,21,14,"1,248",9.87,"12,317.76"
2020-12-10,2020121004000104,NMBHF1,29,17,915,9.85,"9,012.75"
2020-12-10,2020121004000052,NMBHF1,51,36,416,9.70,"4,035.20"
2020-12-10,2020121004000023,NMBHF1,5,36,416,9.67,"4,022.72"
2020-12-10,2020121003014057,PROFL,34,21,140,130.00,"18,200.00"
2020-12-10,2020121003014056,PROFL,34,45,130,130.00,"16,900.00"
2020-12-10,2020121003014055,PROFL,34,17,480,129.00,"61,920.00"
2020-12-10,2020121004000302,RBCLPO,33,43,30,"13,800.00","414,000.00"
2020-12-10,2020121004000284,RBCLPO,28,17,10,"14,000.00","140,000.00"
2020-12-10,2020121004000177,RBCLPO,33,45,20,"14,000.00","280,000.00"
2020-12-10,2020121004000174,RBCLPO,33,53,43,"13,900.00","597,700.00"
2020-12-10,2020121003014062,RLI,51,45,70,623.00,"43,610.00"
2020-12-10,2020121004000454,SAEF,46,22,"1,000",10.95,"10,950.00"
2020-12-10,2020121004000430,SAEF,46,34,"1,000",10.95,"10,950.00"
2020-12-10,2020121004000429,SAEF,45,34,"4,000",10.95,"43,800.00"
2020-12-10,2020121004000415,SAEF,45,38,500,10.95,"5,475.00"
2020-12-10,2020121004000290,SAND2085,47,39,25,"1,035.00","25,875.00"
2020-12-10,2020121004000469,SEF,22,22,"4,500",10.10,"45,450.00"
2020-12-10,2020121004000468,SEF,45,22,500,10.10,"5,050.00"
2020-12-10,2020121004000466,SEF,45,17,100,10.10,"1,010.00"
2020-12-10,2020121004000458,SEF,45,16,400,10.10,"4,040.00"
2020-12-10,2020121004000457,SEF,6,16,100,10.10,"1,010.00"
2020-12-10,2020121004000365,SEF,6,17,500,10.10,"5,050.00"
2020-12-10,2020121004000240,SEF,6,26,200,10.10,"2,020.00"
2020-12-10,2020121004000238,SEF,6,26,200,10.10,"2,020.00"
2020-12-10,2020121004000209,SEF,17,14,500,10.08,"5,040.00"
2020-12-10,2020121004000117,SEF,51,39,"3,000",10.02,"30,060.00"
2020-12-10,2020121004000460,SFMF,50,49,220,10.05,"2,211.00"
2020-12-10,2020121004000362,SFMF,50,42,100,9.95,995.00
2020-12-10,2020121004000229,SFMF,51,45,500,9.76,"4,880.00"
2020-12-10,2020121004000017,SFMF,51,58,500,9.76,"4,880.00"
2020-12-10,2020121004000470,SGI,35,26,10,592.00,"5,920.00"
2020-12-10,2020121004000467,SGI,35,26,10,592.00,"5,920.00"
2020-12-10,2020121004000465,SGI,17,45,10,592.00,"5,920.00"
2020-12-10,2020121004000456,SGI,17,52,10,592.00,"5,920.00"
2020-12-10,2020121004000455,SGI,17,14,10,592.00,"5,920.00"
2020-12-10,2020121004000449,SGI,42,5,330,593.00,"195,690.00"
2020-12-10,2020121004000014,SGI,49,50,10,595.00,"5,950.00"
2020-12-10,2020121004000012,SGI,39,17,10,589.00,"5,890.00"
2020-12-10,2020121004000011,SGI,39,58,10,589.00,"5,890.00"
2020-12-10,2020121004000009,SGI,20,35,10,588.00,"5,880.00"
2020-12-10,2020121004000008,SGI,20,17,10,588.00,"5,880.00"
2020-12-10,2020121004000005,SGI,20,51,10,588.00,"5,880.00"
2020-12-10,2020121004000025,SGI,51,49,10,588.00,"5,880.00"
2020-12-10,2020121004000024,SGI,51,57,10,588.00,"5,880.00"
2020-12-10,2020121004000022,SGI,20,44,10,588.00,"5,880.00"
2020-12-10,2020121004000020,SGI,20,47,10,588.00,"5,880.00"
2020-12-10,2020121004000019,SGI,39,1,20,589.00,"11,780.00"
2020-12-10,2020121004000015,SGI,39,49,10,589.00,"5,890.00"
2020-12-10,2020121004000038,SGI,51,48,10,588.00,"5,880.00"
2020-12-10,2020121004000037,SGI,51,10,10,588.00,"5,880.00"
2020-12-10,2020121004000036,SGI,45,10,10,590.00,"5,900.00"
2020-12-10,2020121004000035,SGI,45,58,10,590.00,"5,900.00"
2020-12-10,2020121004000033,SGI,51,10,10,588.00,"5,880.00"
2020-12-10,2020121004000026,SGI,58,1,30,589.00,"17,670.00"
2020-12-10,2020121004000054,SGI,51,42,10,588.00,"5,880.00"
2020-12-10,2020121004000051,SGI,51,49,10,588.00,"5,880.00"
2020-12-10,2020121004000050,SGI,51,42,10,588.00,"5,880.00"
2020-12-10,2020121004000048,SGI,51,10,10,588.00,"5,880.00"
2020-12-10,2020121004000046,SGI,51,44,10,588.00,"5,880.00"
2020-12-10,2020121004000039,SGI,51,10,10,588.00,"5,880.00"
2020-12-10,2020121004000067,SGI,51,48,10,588.00,"5,880.00"
2020-12-10,2020121004000066,SGI,13,5,10,590.00,"5,900.00"
2020-12-10,2020121004000063,SGI,51,10,10,588.00,"5,880.00"
2020-12-10,2020121004000061,SGI,51,44,10,588.00,"5,880.00"
2020-12-10,2020121004000060,SGI,51,13,10,588.00,"5,880.00"
2020-12-10,2020121004000059,SGI,51,54,10,588.00,"5,880.00"
2020-12-10,2020121004000080,SGI,28,6,10,590.00,"5,900.00"
2020-12-10,2020121004000078,SGI,28,39,10,590.00,"5,900.00"
2020-12-10,2020121004000077,SGI,28,10,10,590.00,"5,900.00"
2020-12-10,2020121004000076,SGI,28,6,10,590.00,"5,900.00"
2020-12-10,2020121004000074,SGI,28,10,10,590.00,"5,900.00"
2020-12-10,2020121004000070,SGI,28,10,10,590.00,"5,900.00"
2020-12-10,2020121004000098,SGI,28,28,10,590.00,"5,900.00"
2020-12-10,2020121004000091,SGI,40,10,10,591.00,"5,910.00"
2020-12-10,2020121004000088,SGI,40,38,10,591.00,"5,910.00"
2020-12-10,2020121004000085,SGI,28,59,10,590.00,"5,900.00"
2020-12-10,2020121004000084,SGI,28,39,10,590.00,"5,900.00"
2020-12-10,2020121004000081,SGI,28,5,10,590.00,"5,900.00"
2020-12-10,2020121004000116,SGI,28,6,10,590.00,"5,900.00"
2020-12-10,2020121004000115,SGI,28,17,10,590.00,"5,900.00"
2020-12-10,2020121004000111,SGI,28,43,10,590.00,"5,900.00"
2020-12-10,2020121004000105,SGI,28,10,10,590.00,"5,900.00"
2020-12-10,2020121004000103,SGI,28,42,10,590.00,"5,900.00"
2020-12-10,2020121004000099,SGI,28,10,10,590.00,"5,900.00"
2020-12-10,2020121004000127,SGI,50,8,10,595.00,"5,950.00"
2020-12-10,2020121004000126,SGI,50,8,10,595.00,"5,950.00"
2020-12-10,2020121004000125,SGI,50,45,10,595.00,"5,950.00"
2020-12-10,2020121004000124,SGI,50,39,10,595.00,"5,950.00"
2020-12-10,2020121004000123,SGI,17,14,10,592.00,"5,920.00"
2020-12-10,2020121004000122,SGI,35,8,10,591.00,"5,910.00"
2020-12-10,2020121004000160,SGI,57,1,10,593.00,"5,930.00"
2020-12-10,2020121004000144,SGI,57,57,10,593.00,"5,930.00"
2020-12-10,2020121004000143,SGI,49,11,10,597.00,"5,970.00"
2020-12-10,2020121004000142,SGI,49,11,10,597.00,"5,970.00"
2020-12-10,2020121004000130,SGI,17,58,10,592.00,"5,920.00"
2020-12-10,2020121004000128,SGI,50,10,10,596.00,"5,960.00"
2020-12-10,2020121004000182,SGI,19,16,10,595.00,"5,950.00"
2020-12-10,2020121004000180,SGI,49,49,10,594.00,"5,940.00"
2020-12-10,2020121004000179,SGI,49,43,10,594.00,"5,940.00"
2020-12-10,2020121004000178,SGI,49,50,10,594.00,"5,940.00"
2020-12-10,2020121004000172,SGI,57,41,10,593.00,"5,930.00"
2020-12-10,2020121004000164,SGI,57,50,10,593.00,"5,930.00"
2020-12-10,2020121004000200,SGI,49,42,10,598.00,"5,980.00"
2020-12-10,2020121004000199,SGI,49,20,10,597.00,"5,970.00"
2020-12-10,2020121004000196,SGI,19,25,10,595.00,"5,950.00"
2020-12-10,2020121004000189,SGI,19,21,10,595.00,"5,950.00"
2020-12-10,2020121004000184,SGI,19,34,10,595.00,"5,950.00"
2020-12-10,2020121004000183,SGI,19,33,10,595.00,"5,950.00"
2020-12-10,2020121004000222,SGI,19,56,10,595.00,"5,950.00"
2020-12-10,2020121004000218,SGI,19,16,110,595.00,"65,450.00"
2020-12-10,2020121004000215,SGI,19,49,10,595.00,"5,950.00"
2020-12-10,2020121004000214,SGI,19,46,10,595.00,"5,950.00"
2020-12-10,2020121004000210,SGI,19,44,10,595.00,"5,950.00"
2020-12-10,2020121004000206,SGI,19,29,10,595.00,"5,950.00"
2020-12-10,2020121004000235,SGI,19,56,10,595.00,"5,950.00"
2020-12-10,2020121004000234,SGI,19,22,10,595.00,"5,950.00"
2020-12-10,2020121004000233,SGI,19,19,10,595.00,"5,950.00"
2020-12-10,2020121004000231,SGI,19,45,10,595.00,"5,950.00"
2020-12-10,2020121004000226,SGI,19,43,10,595.00,"5,950.00"
2020-12-10,2020121004000225,SGI,19,41,10,595.00,"5,950.00"
2020-12-10,2020121004000250,SGI,51,42,10,593.00,"5,930.00"
2020-12-10,2020121004000249,SGI,51,34,10,593.00,"5,930.00"
2020-12-10,2020121004000248,SGI,51,22,10,593.00,"5,930.00"
2020-12-10,2020121004000246,SGI,51,21,70,593.00,"41,510.00"
2020-12-10,2020121004000245,SGI,57,21,10,593.00,"5,930.00"
2020-12-10,2020121004000244,SGI,19,21,30,595.00,"17,850.00"
2020-12-10,2020121004000269,SGI,49,42,10,594.00,"5,940.00"
2020-12-10,2020121004000265,SGI,49,51,10,594.00,"5,940.00"
2020-12-10,2020121004000264,SGI,49,33,10,594.00,"5,940.00"
2020-12-10,2020121004000263,SGI,49,19,10,594.00,"5,940.00"
2020-12-10,2020121004000254,SGI,49,22,10,594.00,"5,940.00"
2020-12-10,2020121004000253,SGI,49,56,10,594.00,"5,940.00"
2020-12-10,2020121004000289,SGI,51,10,10,593.00,"5,930.00"
2020-12-10,2020121004000280,SGI,51,56,10,593.00,"5,930.00"
2020-12-10,2020121004000279,SGI,49,21,10,594.00,"5,940.00"
2020-12-10,2020121004000277,SGI,49,42,10,594.00,"5,940.00"
2020-12-10,2020121004000274,SGI,49,53,10,594.00,"5,940.00"
2020-12-10,2020121004000272,SGI,49,51,10,594.00,"5,940.00"
2020-12-10,2020121004000299,SGI,41,10,10,594.00,"5,940.00"
2020-12-10,2020121004000298,SGI,49,41,10,595.00,"5,950.00"
2020-12-10,2020121004000297,SGI,49,39,10,595.00,"5,950.00"
2020-12-10,2020121004000294,SGI,41,38,10,594.00,"5,940.00"
2020-12-10,2020121004000293,SGI,41,10,10,594.00,"5,940.00"
2020-12-10,2020121004000292,SGI,51,38,10,593.00,"5,930.00"
2020-12-10,2020121004000312,SGI,41,13,10,594.00,"5,940.00"
2020-12-10,2020121004000311,SGI,41,41,10,594.00,"5,940.00"
2020-12-10,2020121004000310,SGI,41,57,10,594.00,"5,940.00"
2020-12-10,2020121004000307,SGI,41,10,10,594.00,"5,940.00"
2020-12-10,2020121004000306,SGI,41,58,10,594.00,"5,940.00"
2020-12-10,2020121004000300,SGI,41,6,10,594.00,"5,940.00"
2020-12-10,2020121004000326,SGI,51,21,10,593.00,"5,930.00"
2020-12-10,2020121004000325,SGI,51,41,10,593.00,"5,930.00"
2020-12-10,2020121004000324,SGI,21,41,10,594.00,"5,940.00"
2020-12-10,2020121004000319,SGI,51,40,10,593.00,"5,930.00"
2020-12-10,2020121004000317,SGI,51,34,10,593.00,"5,930.00"
2020-12-10,2020121004000315,SGI,41,13,10,594.00,"5,940.00"
2020-12-10,2020121004000338,SGI,51,22,10,593.00,"5,930.00"
2020-12-10,2020121004000336,SGI,51,3,10,593.00,"5,930.00"
2020-12-10,2020121004000334,SGI,51,21,10,593.00,"5,930.00"
2020-12-10,2020121004000332,SGI,51,49,10,593.00,"5,930.00"
2020-12-10,2020121004000330,SGI,51,3,10,593.00,"5,930.00"
2020-12-10,2020121004000327,SGI,51,35,10,593.00,"5,930.00"
2020-12-10,2020121004000354,SGI,39,32,10,594.00,"5,940.00"
2020-12-10,2020121004000350,SGI,39,55,10,594.00,"5,940.00"
2020-12-10,2020121004000343,SGI,39,40,10,594.00,"5,940.00"
2020-12-10,2020121004000342,SGI,39,21,10,594.00,"5,940.00"
2020-12-10,2020121004000340,SGI,51,57,10,593.00,"5,930.00"
2020-12-10,2020121004000339,SGI,51,18,10,593.00,"5,930.00"
2020-12-10,2020121004000369,SGI,51,16,10,593.00,"5,930.00"
2020-12-10,2020121004000364,SGI,51,36,10,593.00,"5,930.00"
2020-12-10,2020121004000363,SGI,51,26,10,593.00,"5,930.00"
2020-12-10,2020121004000358,SGI,21,36,10,594.00,"5,940.00"
2020-12-10,2020121004000357,SGI,39,36,10,594.00,"5,940.00"
2020-12-10,2020121004000356,SGI,49,45,10,595.00,"5,950.00"
2020-12-10,2020121004000382,SGI,49,21,10,594.00,"5,940.00"
2020-12-10,2020121004000381,SGI,49,52,10,594.00,"5,940.00"
2020-12-10,2020121004000379,SGI,49,38,10,594.00,"5,940.00"
2020-12-10,2020121004000378,SGI,51,11,10,593.00,"5,930.00"
2020-12-10,2020121004000377,SGI,51,38,10,593.00,"5,930.00"
2020-12-10,2020121004000374,SGI,21,14,10,594.00,"5,940.00"
2020-12-10,2020121004000401,SGI,49,26,10,594.00,"5,940.00"
2020-12-10,2020121004000400,SGI,49,8,10,594.00,"5,940.00"
2020-12-10,2020121004000391,SGI,49,56,10,594.00,"5,940.00"
2020-12-10,2020121004000390,SGI,49,10,10,594.00,"5,940.00"
2020-12-10,2020121004000389,SGI,49,56,10,594.00,"5,940.00"
2020-12-10,2020121004000387,SGI,49,57,10,594.00,"5,940.00"
2020-12-10,2020121004000411,SGI,42,8,10,593.00,"5,930.00"
2020-12-10,2020121004000410,SGI,42,11,10,593.00,"5,930.00"
2020-12-10,2020121004000409,SGI,42,8,10,593.00,"5,930.00"
2020-12-10,2020121004000407,SGI,42,18,10,593.00,"5,930.00"
2020-12-10,2020121004000406,SGI,42,44,10,593.00,"5,930.00"
2020-12-10,2020121004000405,SGI,49,14,10,594.00,"5,940.00"
2020-12-10,2020121004000427,SGI,42,36,10,593.00,"5,930.00"
2020-12-10,2020121004000423,SGI,42,45,10,593.00,"5,930.00"
2020-12-10,2020121004000420,SGI,42,18,10,593.00,"5,930.00"
2020-12-10,2020121004000419,SGI,42,45,10,593.00,"5,930.00"
2020-12-10,2020121004000417,SGI,42,38,10,593.00,"5,930.00"
2020-12-10,2020121004000412,SGI,42,8,10,593.00,"5,930.00"
2020-12-10,2020121004000448,SGI,42,47,10,593.00,"5,930.00"
2020-12-10,2020121004000442,SGI,42,11,10,593.00,"5,930.00"
2020-12-10,2020121004000440,SGI,42,19,10,593.00,"5,930.00"
2020-12-10,2020121004000437,SGI,42,36,10,593.00,"5,930.00"
2020-12-10,2020121004000435,SGI,42,42,10,593.00,"5,930.00"
2020-12-10,2020121004000432,SGI,42,19,10,593.00,"5,930.00"
2020-12-10,2020121003014064,SKBBL,46,43,10,"1,712.00","17,120.00"
2020-12-10,2020121003014060,SMB,38,42,10,967.00,"9,670.00"
2020-12-10,2020121003014059,SMB,38,50,50,966.00,"48,300.00"
2020-12-10,2020121004000370,STC,22,46,10,"5,112.00","51,120.00"
2020-12-10,2020121004000368,STC,38,46,10,"5,112.00","51,120.00"
2020-12-10,2020121004000367,STC,5,46,20,"5,112.00","102,240.00"
2020-12-10,2020121004000366,STC,5,46,10,"5,115.00","51,150.00"
2020-12-10,2020121004000288,STC,32,35,25,"5,210.00","130,250.00"
2020-12-10,2020121004000287,STC,48,35,20,"5,215.00","104,300.00"
2020-12-10,2020121004000286,STC,32,35,20,"5,220.00","104,400.00"
2020-12-10,2020121004000239,STC,52,1,10,"5,210.00","52,100.00"
2020-12-10,2020121004000165,STC,52,10,10,"5,237.00","52,370.00"
2020-12-10,2020121004000161,STC,22,33,10,"5,225.00","52,250.00"
2020-12-10,2020121004000064,STC,45,21,5,"5,033.00","25,165.00"
2020-12-10,2020121003014054,SWBBL,45,41,26,"1,630.00","42,380.00"
2020-12-10,2020121003013661,ALBSL,34,6,10,899.00,"8,990.00"
2020-12-10,2020121003013782,ALICL,34,34,10,862.00,"8,620.00"
2020-12-10,2020121003013723,ALICL,34,32,297,856.00,"254,232.00"
2020-12-10,2020121003013722,ALICL,34,32,100,856.00,"85,600.00"
2020-12-10,2020121003013589,ALICL,34,57,100,860.00,"86,000.00"
2020-12-10,2020121003013588,ALICL,28,57,87,860.00,"74,820.00"
2020-12-10,2020121003013693,BFC,50,41,110,130.00,"14,300.00"
2020-12-10,2020121003013658,BFC,25,48,25,131.00,"3,275.00"
2020-12-10,2020121003014000,CBBL,57,57,50,"1,390.00","69,500.00"
2020-12-10,2020121003013969,CBBL,49,57,23,"1,390.00","31,970.00"
2020-12-10,2020121003013968,CBBL,49,57,177,"1,390.00","246,030.00"
2020-12-10,2020121003013925,CBBL,59,57,100,"1,390.00","139,000.00"
2020-12-10,2020121003013847,CBBL,39,57,28,"1,390.00","38,920.00"
2020-12-10,2020121003013827,CBBL,39,5,172,"1,390.00","239,080.00"
2020-12-10,2020121003013826,CBBL,50,5,50,"1,390.00","69,500.00"
2020-12-10,2020121003013825,CBBL,34,5,70,"1,390.00","97,300.00"
2020-12-10,2020121003013824,CBBL,3,5,58,"1,391.00","80,678.00"
2020-12-10,2020121003013813,CBBL,34,40,30,"1,390.00","41,700.00"
2020-12-10,2020121003013601,CFCL,25,38,25,164.00,"4,100.00"
2020-12-10,2020121003014023,CIT,18,6,10,"4,820.00","48,200.00"
2020-12-10,2020121003014022,CIT,18,5,10,"4,820.00","48,200.00"
2020-12-10,2020121003014021,CIT,18,52,100,"4,820.00","482,000.00"
2020-12-10,2020121003014020,CIT,18,35,10,"4,820.00","48,200.00"
2020-12-10,2020121003013999,CIT,37,54,186,"4,810.00","894,660.00"
2020-12-10,2020121003013978,CIT,45,32,20,"4,820.00","96,400.00"
2020-12-10,2020121003013943,CIT,5,25,50,"4,819.00","240,950.00"
2020-12-10,2020121003013918,CIT,5,1,60,"4,818.00","289,080.00"
2020-12-10,2020121003013786,CIT,37,29,100,"4,810.00","481,000.00"
2020-12-10,2020121003013696,CIT,58,26,11,"4,810.00","52,910.00"
2020-12-10,2020121003013573,CIT,5,52,30,"4,810.00","144,300.00"
2020-12-10,2020121003013603,CLBSL,6,41,20,732.00,"14,640.00"
2020-12-10,2020121003013602,CLBSL,6,58,30,730.00,"21,900.00"
2020-12-10,2020121003013691,CORBL,36,22,40,211.00,"8,440.00"
2020-12-10,2020121003013669,CORBL,36,41,150,211.00,"31,650.00"
2020-12-10,2020121003013931,DDBL,51,1,18,"1,334.00","24,012.00"
2020-12-10,2020121003013766,DDBL,13,1,100,"1,334.00","133,400.00"
2020-12-10,2020121003013660,DDBL,51,42,50,"1,335.00","66,750.00"
2020-12-10,2020121003013580,DDBL,42,57,42,"1,332.00","55,944.00"
2020-12-10,2020121003013910,EDBL,32,56,"1,000",352.00,"352,000.00"
2020-12-10,2020121003013972,FMDBL,7,53,200,585.00,"117,000.00"
2020-12-10,2020121003013971,FMDBL,7,5,100,585.00,"58,500.00"
2020-12-10,2020121003013970,FMDBL,7,26,20,585.00,"11,700.00"
2020-12-10,2020121003013662,FMDBL,7,13,50,584.00,"29,200.00"
2020-12-10,2020121003013583,FMDBL,7,56,200,584.00,"116,800.00"
2020-12-10,2020121003013803,FOWAD,36,42,10,"1,953.00","19,530.00"
2020-12-10,2020121003013802,FOWAD,49,42,36,"1,953.00","70,308.00"
2020-12-10,2020121003013673,FOWAD,49,56,15,"1,953.00","29,295.00"
2020-12-10,2020121003014002,GBBL,4,14,374,271.00,"101,354.00"
2020-12-10,2020121003014001,GBBL,4,36,626,271.00,"169,646.00"
2020-12-10,2020121003013849,GBBL,4,36,"1,000",271.00,"271,000.00"
2020-12-10,2020121003013842,GBBL,4,59,311,270.00,"83,970.00"
2020-12-10,2020121003013841,GBBL,4,59,689,270.00,"186,030.00"
2020-12-10,2020121003013822,GBBL,4,36,"1,000",271.00,"271,000.00"
2020-12-10,2020121003013596,GBBL,4,26,400,270.00,"108,000.00"
2020-12-10,2020121003013804,GBBL,4,47,90,270.00,"24,300.00"
2020-12-10,2020121003013785,GBBL,4,36,902,271.00,"244,442.00"
2020-12-10,2020121003013784,GBBL,4,22,98,271.00,"26,558.00"
2020-12-10,2020121003013678,GBBL,4,59,21,270.00,"5,670.00"
2020-12-10,2020121003013677,GBBL,4,59,979,270.00,"264,330.00"
2020-12-10,2020121003013597,GBBL,4,26,21,270.00,"5,670.00"
2020-12-10,2020121003014019,GBLBS,34,36,10,600.00,"6,000.00"
2020-12-10,2020121003014018,GBLBS,49,32,15,598.00,"8,970.00"
2020-12-10,2020121003013736,GBLBS,48,41,15,597.00,"8,955.00"
2020-12-10,2020121003013644,GBLBS,48,8,90,597.00,"53,730.00"
2020-12-10,2020121003013643,GBLBS,41,8,10,597.00,"5,970.00"
2020-12-10,2020121003013625,GFCL,25,43,25,205.00,"5,125.00"
2020-12-10,2020121003013874,GILB,44,32,293,"1,467.00","429,831.00"
2020-12-10,2020121003013763,GILB,44,32,298,"1,467.00","437,166.00"
2020-12-10,2020121003013762,GILB,44,34,10,"1,440.00","14,400.00"
2020-12-10,2020121003013876,GLBSL,45,59,50,775.00,"38,750.00"
2020-12-10,2020121003013587,GLBSL,45,17,262,775.00,"203,050.00"
2020-12-10,2020121003013574,GLBSL,45,48,89,775.00,"68,975.00"
2020-12-10,2020121003013896,GLICL,34,53,10,618.00,"6,180.00"
2020-12-10,2020121003013895,GLICL,34,46,23,617.00,"14,191.00"
2020-12-10,2020121003013894,GLICL,34,47,31,616.00,"19,096.00"
2020-12-10,2020121003013828,GLICL,44,47,19,616.00,"11,704.00"
2020-12-10,2020121003013793,GLICL,44,47,10,616.00,"6,160.00"
2020-12-10,2020121003013790,GLICL,34,44,465,615.00,"285,975.00"
2020-12-10,2020121003013674,GLICL,52,14,23,615.00,"14,145.00"
2020-12-10,2020121003013789,GLICL,58,44,288,615.00,"177,120.00"
2020-12-10,2020121003013705,GLICL,58,45,712,615.00,"437,880.00"
2020-12-10,2020121003013704,GLICL,25,45,188,615.00,"115,620.00"
2020-12-10,2020121003013703,GLICL,49,45,100,615.00,"61,500.00"
2020-12-10,2020121003013676,GLICL,25,14,12,615.00,"7,380.00"
2020-12-10,2020121003013675,GLICL,45,14,50,615.00,"30,750.00"
2020-12-10,2020121003013915,GMFBS,14,54,10,850.00,"8,500.00"
2020-12-10,2020121003013889,GMFIL,14,48,300,201.00,"60,300.00"
2020-12-10,2020121003013823,GMFIL,42,48,150,201.00,"30,150.00"
2020-12-10,2020121003013844,HIDCL,39,35,10,285.00,"2,850.00"
2020-12-10,2020121003013730,HIDCL,38,57,449,284.00,"127,516.00"
2020-12-10,2020121003013648,HIDCL,39,57,10,285.00,"2,850.00"
2020-12-10,2020121003013609,HIDCL,45,35,10,283.00,"2,830.00"
2020-12-10,2020121003013553,ICFC,18,50,408,286.00,"116,688.00"
2020-12-10,2020121003013552,ICFC,5,50,100,286.00,"28,600.00"
2020-12-10,2020121003013551,ICFC,48,50,20,286.00,"5,720.00"
2020-12-10,2020121003013550,ICFC,11,50,500,286.00,"143,000.00"
2020-12-10,2020121003013549,ICFC,35,50,50,286.00,"14,300.00"
2020-12-10,2020121003013548,ICFC,47,50,50,286.00,"14,300.00"
2020-12-10,2020121003013541,ICFC,35,50,72,287.00,"20,664.00"
2020-12-10,2020121003013540,ICFC,45,50,100,288.00,"28,800.00"
2020-12-10,2020121003013539,ICFC,25,50,100,288.00,"28,800.00"
2020-12-10,2020121003013538,ICFC,41,50,500,288.00,"144,000.00"
2020-12-10,2020121003013537,ICFC,41,50,200,288.00,"57,600.00"
2020-12-10,2020121003013547,ICFC,40,50,500,286.00,"143,000.00"
2020-12-10,2020121003013546,ICFC,38,50,200,286.00,"57,200.00"
2020-12-10,2020121003013545,ICFC,38,50,100,287.00,"28,700.00"
2020-12-10,2020121003013544,ICFC,42,50,200,287.00,"57,400.00"
2020-12-10,2020121003013543,ICFC,45,50,"1,000",287.00,"287,000.00"
2020-12-10,2020121003013542,ICFC,29,50,500,287.00,"143,500.00"
2020-12-10,2020121003014036,ILBS,47,57,50,979.00,"48,950.00"
2020-12-10,2020121003013893,ILBS,47,54,50,979.00,"48,950.00"
2020-12-10,2020121003013892,ILBS,47,58,11,970.00,"10,670.00"
2020-12-10,2020121003013642,ILBS,3,57,168,963.00,"161,784.00"
2020-12-10,2020121003013579,ILBS,3,45,74,963.00,"71,262.00"
2020-12-10,2020121003013578,ILBS,32,45,156,963.00,"150,228.00"
2020-12-10,2020121003013577,ILBS,38,45,20,964.00,"19,280.00"
2020-12-10,2020121003013576,ILBS,41,45,30,966.00,"28,980.00"
2020-12-10,2020121003013575,ILBS,50,45,41,970.00,"39,770.00"
2020-12-10,2020121003013556,ILBS,50,57,30,970.00,"29,100.00"
2020-12-10,2020121003013555,ILBS,50,59,29,970.00,"28,130.00"
2020-12-10,2020121003014017,JBBL,13,35,200,226.00,"45,200.00"
2020-12-10,2020121003014003,JBBL,58,35,100,226.00,"22,600.00"
2020-12-10,2020121003013982,JBBL,58,35,100,226.00,"22,600.00"
2020-12-10,2020121003013965,JBBL,58,17,50,225.00,"11,250.00"
2020-12-10,2020121003013924,JBBL,17,35,502,226.00,"113,452.00"
2020-12-10,2020121003013923,JBBL,58,35,"6,000",226.00,"1,356,000.00"
2020-12-10,2020121003013562,JBBL,58,35,969,228.00,"220,932.00"
2020-12-10,2020121003013561,JBBL,58,48,31,228.00,"7,068.00"
2020-12-10,2020121003013879,JBBL,13,17,200,226.00,"45,200.00"
2020-12-10,2020121003013878,JBBL,34,17,50,226.00,"11,300.00"
2020-12-10,2020121003013721,JBBL,34,58,50,226.00,"11,300.00"
2020-12-10,2020121003013641,JBBL,39,18,225,227.00,"51,075.00"
2020-12-10,2020121003013640,JBBL,17,18,425,227.00,"96,475.00"
2020-12-10,2020121003013612,JBBL,17,57,75,227.00,"17,025.00"
2020-12-10,2020121003013922,JBBL,58,3,"4,000",226.00,"904,000.00"
2020-12-10,2020121003013901,JBBL,17,18,248,226.00,"56,048.00"
2020-12-10,2020121003013900,JBBL,45,18,500,226.00,"113,000.00"
2020-12-10,2020121003013888,JBBL,17,18,250,226.00,"56,500.00"
2020-12-10,2020121003013887,JBBL,41,18,100,226.00,"22,600.00"
2020-12-10,2020121003013880,JBBL,41,17,400,226.00,"90,400.00"
2020-12-10,2020121003013845,JFL,25,56,22,240.00,"5,280.00"
2020-12-10,2020121003013833,KMCDB,25,42,10,785.00,"7,850.00"
2020-12-10,2020121003013787,KMCDB,44,39,10,780.00,"7,800.00"
2020-12-10,2020121003013715,KMCDB,25,42,10,785.00,"7,850.00"
2020-12-10,2020121003013647,KMCDB,44,53,10,780.00,"7,800.00"
2020-12-10,2020121003013916,KRBL,36,51,63,139.00,"8,757.00"
2020-12-10,2020121003013684,KRBL,36,32,50,139.00,"6,950.00"
2020-12-10,2020121003013973,KSBBL,44,57,100,227.00,"22,700.00"
2020-12-10,2020121003013798,KSBBL,35,56,11,226.00,"2,486.00"
2020-12-10,2020121003013712,KSBBL,35,13,"2,000",226.00,"452,000.00"
