Date,Transact. No.,Symbol,Buyer,Seller,Quantity,Rate,Amount
2019-04-21,2019042101010643,ADBL,14,59,10,348.00,"3,480.00"
2019-04-21,2019042101010602,ADBL,43,6,968,347.00,"335,896.00"
2019-04-21,2019042101010493,ADBL,58,6,32,347.00,"11,104.00"
2019-04-21,2019042101010492,ADBL,58,58,18,347.00,"6,246.00"
2019-04-21,2019042101010463,ADBL,39,58,102,347.00,"35,394.00"
2019-04-21,2019042101010462,ADBL,39,29,98,347.00,"34,006.00"
2019-04-21,2019042101010448,ADBL,14,29,100,347.00,"34,700.00"
2019-04-21,2019042101010528,AHPC,29,28,271,101.00,"27,371.00"
2019-04-21,2019042101010527,AHPC,29,57,729,101.00,"73,629.00"
2019-04-21,2019042101010499,API,25,38,50,136.00,"6,800.00"
2019-04-21,2019042101010498,API,25,52,900,135.00,"121,500.00"
2019-04-21,2019042101010525,BHBL,34,33,450,173.00,"77,850.00"
2019-04-21,2019042101010395,BOKL,5,13,500,288.00,"144,000.00"
2019-04-21,2019042101010394,BOKL,5,49,200,288.00,"57,600.00"
2019-04-21,2019042101010467,CBBL,52,11,100,"1,044.00","104,400.00"
2019-04-21,2019042101010322,CBBL,44,44,100,"1,043.00","104,300.00"
2019-04-21,2019042101010651,CBL,58,39,36,172.00,"6,192.00"
2019-04-21,2019042101010650,CBL,48,39,"3,564",172.00,"613,008.00"
2019-04-21,2019042101010637,CBL,48,49,200,172.00,"34,400.00"
2019-04-21,2019042101010614,CBL,6,28,106,173.00,"18,338.00"
2019-04-21,2019042101010613,CBL,6,47,894,173.00,"154,662.00"
2019-04-21,2019042101010571,CBL,6,47,106,173.00,"18,338.00"
2019-04-21,2019042101010453,CBL,34,57,144,173.00,"24,912.00"
2019-04-21,2019042101010436,CBL,26,57,110,173.00,"19,030.00"
2019-04-21,2019042101010435,CBL,26,59,90,173.00,"15,570.00"
2019-04-21,2019042101010380,CBL,33,59,10,173.00,"1,730.00"
2019-04-21,2019042101010379,CBL,33,39,200,172.00,"34,400.00"
2019-04-21,2019042101010339,CBL,4,48,70,172.00,"12,040.00"
2019-04-21,2019042101010519,CBL,58,5,"2,044",173.00,"353,612.00"
2019-04-21,2019042101010504,CBL,6,5,100,173.00,"17,300.00"
2019-04-21,2019042101010488,CBL,57,5,"2,000",173.00,"346,000.00"
2019-04-21,2019042101010457,CBL,48,29,"1,136",172.00,"195,392.00"
2019-04-21,2019042101010456,CBL,40,29,"1,400",172.00,"240,800.00"
2019-04-21,2019042101010454,CBL,34,5,856,173.00,"148,088.00"
2019-04-21,2019042101010570,CBL,6,42,894,173.00,"154,662.00"
2019-04-21,2019042101010569,CBL,29,42,"1,756",173.00,"303,788.00"
2019-04-21,2019042101010568,CBL,29,10,200,173.00,"34,600.00"
2019-04-21,2019042101010567,CBL,29,42,44,173.00,"7,612.00"
2019-04-21,2019042101010524,CBL,48,48,100,172.00,"17,200.00"
2019-04-21,2019042101010520,CBL,58,42,"2,956",173.00,"511,388.00"
2019-04-21,2019042101010472,CCBL,39,28,444,171.00,"75,924.00"
2019-04-21,2019042101010309,CCBL,17,38,400,170.00,"68,000.00"
2019-04-21,2019042101010308,CCBL,18,38,150,170.00,"25,500.00"
2019-04-21,2019042101010307,CCBL,34,28,"1,556",171.00,"266,076.00"
2019-04-21,2019042101010306,CCBL,34,28,"2,385",171.00,"407,835.00"
2019-04-21,2019042101010305,CCBL,34,16,39,171.00,"6,669.00"
2019-04-21,2019042101010229,CCBL,18,41,50,170.00,"8,500.00"
2019-04-21,2019042101010228,CCBL,51,41,250,170.00,"42,500.00"
2019-04-21,2019042101010216,CCBL,45,58,200,171.00,"34,200.00"
2019-04-21,2019042101010304,CCBL,34,28,"1,020",171.00,"174,420.00"
2019-04-21,2019042101010243,CCBL,48,28,480,171.00,"82,080.00"
2019-04-21,2019042101010242,CCBL,48,58,"2,000",171.00,"342,000.00"
2019-04-21,2019042101010241,CCBL,48,58,"1,500",171.00,"256,500.00"
2019-04-21,2019042101010240,CCBL,48,38,910,171.00,"155,610.00"
2019-04-21,2019042101010239,CCBL,48,58,110,171.00,"18,810.00"
2019-04-21,2019042101010433,CHCL,43,43,120,516.00,"61,920.00"
2019-04-21,2019042101010660,CZBIL,39,46,89,233.00,"20,737.00"
2019-04-21,2019042101010659,CZBIL,39,8,11,233.00,"2,563.00"
2019-04-21,2019042101010586,CZBIL,43,7,50,231.00,"11,550.00"
2019-04-21,2019042101010562,CZBIL,35,50,900,232.00,"208,800.00"
2019-04-21,2019042101010561,CZBIL,13,50,100,232.00,"23,200.00"
2019-04-21,2019042101010426,CZBIL,8,8,931,233.00,"216,923.00"
2019-04-21,2019042101010425,CZBIL,8,55,500,233.00,"116,500.00"
2019-04-21,2019042101010424,CZBIL,8,40,569,233.00,"132,577.00"
2019-04-21,2019042101010410,CZBIL,13,50,900,232.00,"208,800.00"
2019-04-21,2019042101010409,CZBIL,1,50,100,232.00,"23,200.00"
2019-04-21,2019042101010205,CZBIL,40,28,500,232.00,"116,000.00"
2019-04-21,2019042101010477,DBBL,4,42,454,129.00,"58,566.00"
2019-04-21,2019042101010476,DBBL,4,58,546,129.00,"70,434.00"
2019-04-21,2019042101010324,DBBL,34,58,200,129.00,"25,800.00"
2019-04-21,2019042101010221,DBBL,32,25,18,128.00,"2,304.00"
2019-04-21,2019042101010619,DDBL,6,22,425,695.00,"295,375.00"
2019-04-21,2019042101010618,DDBL,6,11,45,695.00,"31,275.00"
2019-04-21,2019042101010547,DDBL,25,11,20,695.00,"13,900.00"
2019-04-21,2019042101010452,DDBL,53,11,254,695.00,"176,530.00"
2019-04-21,2019042101010451,DDBL,53,13,34,695.00,"23,630.00"
2019-04-21,2019042101010450,DDBL,53,38,100,695.00,"69,500.00"
2019-04-21,2019042101010449,DDBL,53,6,65,694.00,"45,110.00"
2019-04-21,2019042101010314,DDBL,29,13,41,695.00,"28,495.00"
2019-04-21,2019042101010313,DDBL,29,36,220,695.00,"152,900.00"
2019-04-21,2019042101010312,DDBL,29,42,100,695.00,"69,500.00"
2019-04-21,2019042101010311,DDBL,29,42,89,695.00,"61,855.00"
2019-04-21,2019042101010310,DDBL,29,13,50,694.00,"34,700.00"
2019-04-21,2019042101010321,DHPL,19,29,11,82.00,902.00
2019-04-21,2019042101010661,EBL,14,46,10,680.00,"6,800.00"
2019-04-21,2019042101010537,EBL,19,17,35,672.00,"23,520.00"
2019-04-21,2019042101010230,EBL,32,43,500,675.00,"337,500.00"
2019-04-21,2019042101010285,EDBL,36,22,45,290.00,"13,050.00"
2019-04-21,2019042101010664,EIC,56,46,10,990.00,"9,900.00"
2019-04-21,2019042101010358,EIC,16,26,50,988.00,"49,400.00"
2019-04-21,2019042101010291,EIC,16,26,50,988.00,"49,400.00"
2019-04-21,2019042101010249,EIC,19,57,50,984.00,"49,200.00"
2019-04-21,2019042101010248,EIC,13,57,30,985.00,"29,550.00"
2019-04-21,2019042101010247,EIC,32,57,30,985.00,"29,550.00"
2019-04-21,2019042101010193,EIC,38,26,50,988.00,"49,400.00"
2019-04-21,2019042101010192,EIC,19,26,50,988.00,"49,400.00"
2019-04-21,2019042101010191,EIC,5,26,100,990.00,"99,000.00"
2019-04-21,2019042101010190,EIC,41,26,20,990.00,"19,800.00"
2019-04-21,2019042101010189,EIC,19,26,100,991.00,"99,100.00"
2019-04-21,2019042101010559,GBBL,22,44,550,208.00,"114,400.00"
2019-04-21,2019042101010445,GBBL,22,33,350,205.00,"71,750.00"
2019-04-21,2019042101010418,GBBL,38,21,500,207.00,"103,500.00"
2019-04-21,2019042101010466,GBIME,32,8,20,302.00,"6,040.00"
2019-04-21,2019042101010434,GBIME,21,8,200,302.00,"60,400.00"
2019-04-21,2019042101010407,GBIME,58,8,100,302.00,"30,200.00"
2019-04-21,2019042101010366,GBIME,45,59,10,301.00,"3,010.00"
2019-04-21,2019042101010365,GBIME,48,59,145,301.00,"43,645.00"
2019-04-21,2019042101010334,GBIME,48,39,"1,000",301.00,"301,000.00"
2019-04-21,2019042101010277,GBIME,8,55,25,301.00,"7,525.00"
2019-04-21,2019042101010238,GBIME,39,55,100,301.00,"30,100.00"
2019-04-21,2019042101010220,GBIME,8,55,300,301.00,"90,300.00"
2019-04-21,2019042101010333,GBIME,48,13,90,301.00,"27,090.00"
2019-04-21,2019042101010332,GBIME,48,13,90,301.00,"27,090.00"
2019-04-21,2019042101010331,GBIME,48,26,100,301.00,"30,100.00"
2019-04-21,2019042101010330,GBIME,48,16,75,301.00,"22,575.00"
2019-04-21,2019042101010281,GBIME,39,16,25,301.00,"7,525.00"
2019-04-21,2019042101010280,GBIME,39,55,75,301.00,"22,575.00"
2019-04-21,2019042101010510,GDBL,19,33,300,200.00,"60,000.00"
2019-04-21,2019042101010509,GDBL,19,47,200,200.00,"40,000.00"
2019-04-21,2019042101010438,GILB,58,32,100,"1,110.00","111,000.00"
2019-04-21,2019042101010437,GILB,58,43,20,"1,105.00","22,100.00"
2019-04-21,2019042101010616,HBL,50,29,20,580.00,"11,600.00"
2019-04-21,2019042101010396,HBL,25,50,10,581.00,"5,810.00"
2019-04-21,2019042101010338,HBL,11,49,50,570.00,"28,500.00"
2019-04-21,2019042101010337,HBL,11,16,850,570.00,"484,500.00"
2019-04-21,2019042101010282,HBL,21,21,500,565.00,"282,500.00"
2019-04-21,2019042101010615,HIDCL,32,32,100,138.00,"13,800.00"
2019-04-21,2019042101010603,JBBL,36,37,800,140.00,"112,000.00"
2019-04-21,2019042101010558,JBNL,39,58,500,196.00,"98,000.00"
2019-04-21,2019042101010484,JBNL,5,48,500,195.00,"97,500.00"
2019-04-21,2019042101010446,JBNL,39,58,"1,000",196.00,"196,000.00"
2019-04-21,2019042101010286,JBNL,34,58,"2,500",196.00,"490,000.00"
2019-04-21,2019042101010268,JBNL,5,52,331,195.00,"64,545.00"
2019-04-21,2019042101010267,JBNL,5,52,419,195.00,"81,705.00"
2019-04-21,2019042101010222,JBNL,59,58,"1,000",196.00,"196,000.00"
2019-04-21,2019042101010667,KADBL,14,37,371,166.00,"61,586.00"
2019-04-21,2019042101010608,KBL,42,40,180,230.00,"41,400.00"
2019-04-21,2019042101010607,KBL,38,40,320,230.00,"73,600.00"
2019-04-21,2019042101010546,KBL,42,40,200,231.00,"46,200.00"
2019-04-21,2019042101010538,KBL,38,40,100,231.00,"23,100.00"
2019-04-21,2019042101010506,KBL,51,40,200,231.00,"46,200.00"
2019-04-21,2019042101010355,KBL,42,16,735,232.00,"170,520.00"
2019-04-21,2019042101010348,KBL,42,6,"1,565",231.00,"361,515.00"
2019-04-21,2019042101010175,KBL,51,6,150,231.00,"34,650.00"
2019-04-21,2019042101010354,KBL,42,51,"1,300",232.00,"301,600.00"
2019-04-21,2019042101010353,KBL,42,49,"3,500",232.00,"812,000.00"
2019-04-21,2019042101010352,KBL,42,1,400,232.00,"92,800.00"
2019-04-21,2019042101010351,KBL,42,1,500,232.00,"116,000.00"
2019-04-21,2019042101010350,KBL,42,48,"3,000",232.00,"696,000.00"
2019-04-21,2019042101010349,KBL,42,51,"2,000",231.00,"462,000.00"
2019-04-21,2019042101010572,KMCDB,26,19,190,805.00,"152,950.00"
2019-04-21,2019042101010388,KMCDB,19,44,48,808.00,"38,784.00"
2019-04-21,2019042101010387,KMCDB,19,38,56,807.00,"45,192.00"
2019-04-21,2019042101010386,KMCDB,19,45,90,805.00,"72,450.00"
2019-04-21,2019042101010385,KMCDB,19,38,20,804.00,"16,080.00"
2019-04-21,2019042101010362,KRBL,1,52,43,99.00,"4,257.00"
2019-04-21,2019042101010580,KSBBL,29,45,100,146.00,"14,600.00"
2019-04-21,2019042101010579,KSBBL,50,45,106,147.00,"15,582.00"
2019-04-21,2019042101010417,LBBL,26,48,"1,950",179.00,"349,050.00"
2019-04-21,2019042101010416,LBBL,48,48,300,180.00,"54,000.00"
2019-04-21,2019042101010415,LBBL,28,48,800,180.00,"144,000.00"
2019-04-21,2019042101010411,LBBL,28,51,200,180.00,"36,000.00"
2019-04-21,2019042101010642,LBL,54,16,"1,000",235.00,"235,000.00"
2019-04-21,2019042101010617,LBL,49,43,100,236.00,"23,600.00"
2019-04-21,2019042101010588,LBL,54,16,"1,000",235.00,"235,000.00"
2019-04-21,2019042101010502,LBL,38,17,100,235.00,"23,500.00"
2019-04-21,2019042101010219,LBL,58,43,450,236.00,"106,200.00"
2019-04-21,2019042101010636,LGIL,39,48,50,502.00,"25,100.00"
2019-04-21,2019042101010635,LGIL,51,48,200,502.00,"100,400.00"
2019-04-21,2019042101010634,LGIL,39,48,50,502.00,"25,100.00"
2019-04-21,2019042101010633,LGIL,35,48,30,502.00,"15,060.00"
2019-04-21,2019042101010632,LGIL,17,48,950,503.00,"477,850.00"
2019-04-21,2019042101010631,LGIL,53,48,100,503.00,"50,300.00"
2019-04-21,2019042101010250,LGIL,57,55,200,510.00,"102,000.00"
2019-04-21,2019042101010630,LGIL,38,48,100,503.00,"50,300.00"
2019-04-21,2019042101010629,LGIL,32,48,13,504.00,"6,552.00"
2019-04-21,2019042101010628,LGIL,34,48,500,506.00,"253,000.00"
2019-04-21,2019042101010532,LGIL,21,55,15,510.00,"7,650.00"
2019-04-21,2019042101010500,LGIL,34,55,50,510.00,"25,500.00"
2019-04-21,2019042101010297,LGIL,43,55,200,510.00,"102,000.00"
2019-04-21,2019042101010471,MBL,54,48,"1,131",270.00,"305,370.00"
2019-04-21,2019042101010470,MBL,54,50,369,270.00,"99,630.00"
2019-04-21,2019042101010441,MBL,32,50,631,270.00,"170,370.00"
2019-04-21,2019042101010440,MBL,32,49,300,270.00,"81,000.00"
2019-04-21,2019042101010439,MBL,32,16,69,270.00,"18,630.00"
2019-04-21,2019042101010391,MBL,37,50,450,269.00,"121,050.00"
2019-04-21,2019042101010390,MBL,37,50,500,269.00,"134,500.00"
2019-04-21,2019042101010389,MBL,40,50,50,269.00,"13,450.00"
2019-04-21,2019042101010179,MDB,6,28,100,255.00,"25,500.00"
2019-04-21,2019042101010621,MEGA,48,32,990,185.00,"183,150.00"
2019-04-21,2019042101010620,MEGA,48,39,10,185.00,"1,850.00"
2019-04-21,2019042101010397,MEGA,28,39,20,185.00,"3,700.00"
2019-04-21,2019042101010329,MEGA,56,25,37,184.00,"6,808.00"
2019-04-21,2019042101010320,MEGA,56,55,168,184.00,"30,912.00"
2019-04-21,2019042101010270,MEGA,56,55,27,184.00,"4,968.00"
2019-04-21,2019042101010269,MEGA,56,55,250,184.00,"46,000.00"
2019-04-21,2019042101010612,MNBBL,32,58,38,380.00,"14,440.00"
2019-04-21,2019042101010611,MNBBL,32,53,162,380.00,"61,560.00"
2019-04-21,2019042101010464,MNBBL,45,25,396,379.00,"150,084.00"
2019-04-21,2019042101010423,MNBBL,45,16,14,376.00,"5,264.00"
2019-04-21,2019042101010422,MNBBL,45,14,213,376.00,"80,088.00"
2019-04-21,2019042101010196,MNBBL,19,16,100,376.00,"37,600.00"
2019-04-21,2019042101010556,NABIL,56,50,30,866.00,"25,980.00"
2019-04-21,2019042101010318,NABIL,32,50,25,866.00,"21,650.00"
2019-04-21,2019042101010539,NABILP,17,57,50,825.00,"41,250.00"
2019-04-21,2019042101010258,NABILP,45,57,50,825.00,"41,250.00"
2019-04-21,2019042101010257,NABILP,45,45,50,825.00,"41,250.00"
2019-04-21,2019042101010256,NABILP,45,28,100,825.00,"82,500.00"
2019-04-21,2019042101010255,NABILP,45,49,50,824.00,"41,200.00"
2019-04-21,2019042101010254,NABILP,45,6,500,824.00,"412,000.00"
2019-04-21,2019042101010253,NABILP,45,32,200,823.00,"164,600.00"
2019-04-21,2019042101010252,NABILP,45,47,50,823.00,"41,150.00"
2019-04-21,2019042101010487,NADEP,57,7,15,612.00,"9,180.00"
2019-04-21,2019042101010343,NADEP,34,56,240,620.00,"148,800.00"
2019-04-21,2019042101010342,NADEP,34,53,50,620.00,"31,000.00"
2019-04-21,2019042101010341,NADEP,34,35,20,620.00,"12,400.00"
2019-04-21,2019042101010214,NADEP,29,21,10,615.00,"6,150.00"
2019-04-21,2019042101010213,NADEP,29,14,20,615.00,"12,300.00"
2019-04-21,2019042101010212,NADEP,29,20,10,614.00,"6,140.00"
2019-04-21,2019042101010206,NADEP,17,51,20,614.00,"12,280.00"
2019-04-21,2019042101010185,NADEP,50,20,10,615.00,"6,150.00"
2019-04-21,2019042101010292,NADEP,44,33,20,612.00,"12,240.00"
2019-04-21,2019042101010284,NADEP,29,45,10,615.00,"6,150.00"
2019-04-21,2019042101010272,NADEP,29,20,20,615.00,"12,300.00"
2019-04-21,2019042101010265,NADEP,29,45,10,615.00,"6,150.00"
2019-04-21,2019042101010236,NADEP,29,20,20,615.00,"12,300.00"
2019-04-21,2019042101010340,NADEP,34,58,40,618.00,"24,720.00"
2019-04-21,2019042101010303,NADEP,57,47,185,612.00,"113,220.00"
2019-04-21,2019042101010302,NADEP,43,47,60,612.00,"36,720.00"
2019-04-21,2019042101010301,NADEP,43,47,100,612.00,"61,200.00"
2019-04-21,2019042101010300,NADEP,39,47,20,612.00,"12,240.00"
2019-04-21,2019042101010299,NADEP,44,47,70,612.00,"42,840.00"
2019-04-21,2019042101010638,NBB,6,17,200,229.00,"45,800.00"
2019-04-21,2019042101010601,NBB,6,17,763,229.00,"174,727.00"
2019-04-21,2019042101010400,NBB,29,52,170,228.00,"38,760.00"
2019-04-21,2019042101010235,NBB,6,48,500,227.00,"113,500.00"
2019-04-21,2019042101010234,NBB,32,48,500,227.00,"113,500.00"
2019-04-21,2019042101010491,NBB,40,49,560,228.00,"127,680.00"
2019-04-21,2019042101010490,NBB,40,41,470,228.00,"107,160.00"
2019-04-21,2019042101010489,NBB,40,17,970,228.00,"221,160.00"
2019-04-21,2019042101010408,NBB,6,34,200,227.00,"45,400.00"
2019-04-21,2019042101010402,NBB,29,17,30,228.00,"6,840.00"
2019-04-21,2019042101010401,NBB,29,17,"1,000",228.00,"228,000.00"
2019-04-21,2019042101010566,NBB,7,32,223,229.00,"51,067.00"
2019-04-21,2019042101010565,NBB,7,58,"1,277",229.00,"292,433.00"
2019-04-21,2019042101010508,NBB,55,29,130,228.00,"29,640.00"
2019-04-21,2019042101010507,NBB,55,49,140,228.00,"31,920.00"
2019-04-21,2019042101010600,NBB,6,32,277,229.00,"63,433.00"
2019-04-21,2019042101010599,NBB,6,22,260,229.00,"59,540.00"
2019-04-21,2019042101010665,NBL,49,43,10,314.00,"3,140.00"
2019-04-21,2019042101010648,NBL,50,7,50,313.00,"15,650.00"
2019-04-21,2019042101010609,NBL,44,58,"4,450",315.00,"1,401,750.00"
2019-04-21,2019042101010557,NBL,49,58,10,315.00,"3,150.00"
2019-04-21,2019042101010526,NBL,44,4,"1,550",313.00,"485,150.00"
2019-04-21,2019042101010501,NBL,14,4,50,313.00,"15,650.00"
2019-04-21,2019042101010275,NBL,21,4,"1,000",314.00,"314,000.00"
2019-04-21,2019042101010274,NBL,34,4,500,314.00,"157,000.00"
2019-04-21,2019042101010273,NBL,42,4,500,314.00,"157,000.00"
2019-04-21,2019042101010271,NBL,42,32,500,314.00,"157,000.00"
2019-04-21,2019042101010359,NBL,21,43,800,314.00,"251,200.00"
2019-04-21,2019042101010325,NBL,21,41,200,314.00,"62,800.00"
2019-04-21,2019042101010295,NBL,54,58,"1,360",315.00,"428,400.00"
2019-04-21,2019042101010294,NBL,54,4,"3,140",315.00,"989,100.00"
2019-04-21,2019042101010293,NBL,54,4,500,314.00,"157,000.00"
2019-04-21,2019042101010276,NBL,44,4,"2,000",314.00,"628,000.00"
2019-04-21,2019042101010373,NBL,26,4,"1,000",313.00,"313,000.00"
2019-04-21,2019042101010372,NBL,38,4,"1,500",313.00,"469,500.00"
2019-04-21,2019042101010371,NBL,14,4,100,313.00,"31,300.00"
2019-04-21,2019042101010370,NBL,29,4,200,314.00,"62,800.00"
2019-04-21,2019042101010369,NBL,20,4,100,314.00,"31,400.00"
2019-04-21,2019042101010360,NBL,20,43,200,314.00,"62,800.00"
2019-04-21,2019042101010430,NBL,18,4,500,313.00,"156,500.00"
2019-04-21,2019042101010378,NBL,48,4,"5,000",313.00,"1,565,000.00"
2019-04-21,2019042101010377,NBL,51,4,"1,000",313.00,"313,000.00"
2019-04-21,2019042101010376,NBL,33,4,500,313.00,"156,500.00"
2019-04-21,2019042101010375,NBL,17,4,500,313.00,"156,500.00"
2019-04-21,2019042101010374,NBL,34,4,"1,000",313.00,"313,000.00"
2019-04-21,2019042101010625,NCCB,39,57,200,238.00,"47,600.00"
2019-04-21,2019042101010624,NCCB,39,58,690,238.00,"164,220.00"
2019-04-21,2019042101010458,NCCB,1,58,100,238.00,"23,800.00"
2019-04-21,2019042101010225,NCCB,1,58,200,238.00,"47,600.00"
2019-04-21,2019042101010210,NCCB,38,58,10,238.00,"2,380.00"
2019-04-21,2019042101010184,NCCB,29,55,526,236.00,"124,136.00"
2019-04-21,2019042101010176,NCCB,36,19,200,239.00,"47,800.00"
2019-04-21,2019042101010183,NCCB,29,55,"2,000",236.00,"472,000.00"
2019-04-21,2019042101010182,NCCB,56,55,74,236.00,"17,464.00"
2019-04-21,2019042101010181,NCCB,36,55,"1,000",237.00,"237,000.00"
2019-04-21,2019042101010180,NCCB,26,55,400,237.00,"94,800.00"
2019-04-21,2019042101010178,NCCB,36,16,149,239.00,"35,611.00"
2019-04-21,2019042101010177,NCCB,36,1,"1,651",239.00,"394,589.00"
2019-04-21,2019042101010555,NCDB,34,36,"1,000",142.00,"142,000.00"
2019-04-21,2019042101010554,NCDB,34,26,100,142.00,"14,200.00"
2019-04-21,2019042101010540,NCDB,34,28,"1,000",141.00,"141,000.00"
2019-04-21,2019042101010671,NIB,4,44,500,567.00,"283,500.00"
2019-04-21,2019042101010670,NIB,58,44,437,567.00,"247,779.00"
2019-04-21,2019042101010669,NIB,55,44,40,567.00,"22,680.00"
2019-04-21,2019042101010605,NIB,38,42,100,569.00,"56,900.00"
2019-04-21,2019042101010419,NIB,52,42,50,569.00,"28,450.00"
2019-04-21,2019042101010403,NIB,32,42,13,569.00,"7,397.00"
2019-04-21,2019042101010364,NIB,42,55,307,568.00,"174,376.00"
2019-04-21,2019042101010363,NIB,50,55,306,568.00,"173,808.00"
2019-04-21,2019042101010327,NIB,4,42,500,569.00,"284,500.00"
2019-04-21,2019042101010266,NIB,3,42,100,569.00,"56,900.00"
2019-04-21,2019042101010237,NIB,50,35,43,568.00,"24,424.00"
2019-04-21,2019042101010224,NIB,50,51,100,568.00,"56,800.00"
2019-04-21,2019042101010298,NIBPO,1,52,250,519.00,"129,750.00"
2019-04-21,2019042101010627,NICA,44,50,79,494.00,"39,026.00"
2019-04-21,2019042101010626,NICA,44,39,520,492.00,"255,840.00"
2019-04-21,2019042101010587,NICA,49,50,10,494.00,"4,940.00"
2019-04-21,2019042101010582,NICA,34,49,"1,000",492.00,"492,000.00"
2019-04-21,2019042101010576,NICA,44,50,"1,561",494.00,"771,134.00"
2019-04-21,2019042101010575,NICA,44,43,50,494.00,"24,700.00"
2019-04-21,2019042101010574,NICA,44,28,880,494.00,"434,720.00"
2019-04-21,2019042101010573,NICA,44,51,109,493.00,"53,737.00"
2019-04-21,2019042101010503,NICA,34,49,"1,000",492.00,"492,000.00"
2019-04-21,2019042101010251,NICA,32,28,100,494.00,"49,400.00"
2019-04-21,2019042101010195,NICA,14,50,30,491.00,"14,730.00"
2019-04-21,2019042101010194,NICA,49,50,470,491.00,"230,770.00"
2019-04-21,2019042101010522,NICL,54,39,500,377.00,"188,500.00"
2019-04-21,2019042101010356,NIL,57,45,486,525.00,"255,150.00"
2019-04-21,2019042101010392,NLBBL,32,34,92,475.00,"43,700.00"
2019-04-21,2019042101010361,NLBBL,22,50,500,478.00,"239,000.00"
2019-04-21,2019042101010545,NLG,43,40,43,829.00,"35,647.00"
2019-04-21,2019042101010544,NLG,43,5,250,828.00,"207,000.00"
2019-04-21,2019042101010543,NLG,43,29,100,827.00,"82,700.00"
2019-04-21,2019042101010542,NLG,43,11,75,826.00,"61,950.00"
2019-04-21,2019042101010590,NLIC,56,6,23,"1,120.00","25,760.00"
2019-04-21,2019042101010589,NLIC,56,38,17,"1,120.00","19,040.00"
2019-04-21,2019042101010447,NLIC,45,41,13,"1,120.00","14,560.00"
2019-04-21,2019042101010640,NMB,45,17,150,388.00,"58,200.00"
2019-04-21,2019042101010639,NMB,45,41,850,388.00,"329,800.00"
2019-04-21,2019042101010563,NMB,4,58,"3,000",387.00,"1,161,000.00"
2019-04-21,2019042101010513,NMB,45,48,710,386.00,"274,060.00"
2019-04-21,2019042101010512,NMB,14,48,100,386.00,"38,600.00"
2019-04-21,2019042101010511,NMB,6,48,190,387.00,"73,530.00"
2019-04-21,2019042101010217,NMB,10,13,560,387.00,"216,720.00"
2019-04-21,2019042101010211,NMB,32,13,100,387.00,"38,700.00"
2019-04-21,2019042101010188,NMB,4,13,340,387.00,"131,580.00"
2019-04-21,2019042101010187,NMB,4,55,50,387.00,"19,350.00"
2019-04-21,2019042101010186,NMB,4,58,110,387.00,"42,570.00"
2019-04-21,2019042101010367,NMB,6,58,60,387.00,"23,220.00"
2019-04-21,2019042101010357,NMB,43,58,"1,000",387.00,"387,000.00"
2019-04-21,2019042101010344,NMB,6,58,"1,000",387.00,"387,000.00"
2019-04-21,2019042101010326,NMB,43,58,940,387.00,"363,780.00"
2019-04-21,2019042101010296,NMB,43,21,60,387.00,"23,220.00"
2019-04-21,2019042101010218,NMB,10,21,440,387.00,"170,280.00"
2019-04-21,2019042101010482,NMB,6,41,50,387.00,"19,350.00"
2019-04-21,2019042101010444,NMB,10,41,150,388.00,"58,200.00"
2019-04-21,2019042101010443,NMB,10,53,50,388.00,"19,400.00"
2019-04-21,2019042101010420,NMB,35,53,"1,000",388.00,"388,000.00"
2019-04-21,2019042101010413,NMB,14,53,450,388.00,"174,600.00"
2019-04-21,2019042101010412,NMB,14,53,50,388.00,"19,400.00"
2019-04-21,2019042101010647,NTC,42,47,30,695.00,"20,850.00"
2019-04-21,2019042101010646,NTC,42,58,200,694.00,"138,800.00"
2019-04-21,2019042101010645,NTC,42,29,10,692.00,"6,920.00"
2019-04-21,2019042101010644,NTC,42,25,100,690.00,"69,000.00"
2019-04-21,2019042101010345,NTC,35,1,200,684.00,"136,800.00"
2019-04-21,2019042101010592,NTC,42,1,80,684.00,"54,720.00"
2019-04-21,2019042101010591,NTC,42,36,500,683.00,"341,500.00"
2019-04-21,2019042101010596,NTC,42,38,10,690.00,"6,900.00"
2019-04-21,2019042101010595,NTC,42,42,212,688.00,"145,856.00"
2019-04-21,2019042101010594,NTC,42,45,"1,155",685.00,"791,175.00"
2019-04-21,2019042101010593,NTC,42,26,200,684.00,"136,800.00"
2019-04-21,2019042101010518,NUBL,56,22,100,841.00,"84,100.00"
2019-04-21,2019042101010517,NUBL,56,54,100,841.00,"84,100.00"
2019-04-21,2019042101010516,NUBL,56,16,50,841.00,"42,050.00"
2019-04-21,2019042101010515,NUBL,56,38,19,840.00,"15,960.00"
2019-04-21,2019042101010336,OHL,42,50,400,468.00,"187,200.00"
2019-04-21,2019042101010414,OHL,42,48,10,470.00,"4,700.00"
2019-04-21,2019042101010604,PCBL,48,42,100,350.00,"35,000.00"
2019-04-21,2019042101010560,PCBL,48,19,300,350.00,"105,000.00"
2019-04-21,2019042101010533,PCBL,48,43,950,350.00,"332,500.00"
2019-04-21,2019042101010523,PCBL,4,43,"2,000",350.00,"700,000.00"
2019-04-21,2019042101010317,PIC,13,6,81,"1,016.00","82,296.00"
2019-04-21,2019042101010279,PIC,13,6,104,"1,016.00","105,664.00"
2019-04-21,2019042101010278,PIC,53,6,96,"1,017.00","97,632.00"
2019-04-21,2019042101010668,PICL,45,25,10,717.00,"7,170.00"
2019-04-21,2019042101010521,PRIN,32,53,50,419.00,"20,950.00"
2019-04-21,2019042101010663,PRVU,22,50,621,279.00,"173,259.00"
2019-04-21,2019042101010662,PRVU,6,50,379,279.00,"105,741.00"
2019-04-21,2019042101010564,PRVU,48,17,500,280.00,"140,000.00"
2019-04-21,2019042101010531,PRVU,58,17,50,280.00,"14,000.00"
2019-04-21,2019042101010346,PRVU,45,21,100,278.00,"27,800.00"
2019-04-21,2019042101010319,PRVU,38,6,"1,500",279.00,"418,500.00"
2019-04-21,2019042101010246,PRVU,14,6,79,279.00,"22,041.00"
2019-04-21,2019042101010245,PRVU,14,6,121,279.00,"33,759.00"
2019-04-21,2019042101010215,PRVU,13,6,200,279.00,"55,800.00"
2019-04-21,2019042101010483,PRVU,28,17,20,280.00,"5,600.00"
2019-04-21,2019042101010460,PRVU,6,50,621,279.00,"173,259.00"
2019-04-21,2019042101010383,PRVU,32,50,379,279.00,"105,741.00"
2019-04-21,2019042101010382,PRVU,32,25,200,279.00,"55,800.00"
2019-04-21,2019042101010381,PRVU,32,6,421,279.00,"117,459.00"
2019-04-21,2019042101010264,RADHI,26,25,11,158.00,"1,738.00"
2019-04-21,2019042101010263,RADHI,26,38,11,158.00,"1,738.00"
2019-04-21,2019042101010262,RADHI,26,38,11,158.00,"1,738.00"
2019-04-21,2019042101010261,RADHI,26,25,11,158.00,"1,738.00"
2019-04-21,2019042101010260,RADHI,26,19,11,158.00,"1,738.00"
2019-04-21,2019042101010259,RADHI,26,25,11,158.00,"1,738.00"
2019-04-21,2019042101010649,RBCL,38,6,10,"9,161.00","91,610.00"
2019-04-21,2019042101010585,RBCL,34,6,20,"9,161.00","183,220.00"
2019-04-21,2019042101010581,RBCL,35,45,10,"9,170.00","91,700.00"
2019-04-21,2019042101010475,RBCLPO,28,7,20,"8,300.00","166,000.00"
2019-04-21,2019042101010474,RBCLPO,19,7,10,"8,300.00","83,000.00"
2019-04-21,2019042101010473,RBCLPO,56,7,10,"8,301.00","83,010.00"
2019-04-21,2019042101010316,RBCLPO,33,1,20,"8,305.00","166,100.00"
2019-04-21,2019042101010315,RBCLPO,34,1,10,"8,310.00","83,100.00"
2019-04-21,2019042101010536,RMDC,47,58,50,599.00,"29,950.00"
2019-04-21,2019042101010535,RMDC,47,39,90,598.00,"53,820.00"
2019-04-21,2019042101010583,RSDC,29,17,50,380.00,"19,000.00"
2019-04-21,2019042101010529,SANIMA,54,57,779,346.00,"269,534.00"
2019-04-21,2019042101010233,SANIMA,44,57,221,346.00,"76,466.00"
2019-04-21,2019042101010232,SANIMA,44,39,100,346.00,"34,600.00"
2019-04-21,2019042101010231,SANIMA,44,43,179,346.00,"61,934.00"
2019-04-21,2019042101010459,SBI,34,45,50,511.00,"25,550.00"
2019-04-21,2019042101010658,SBL,4,53,166,357.00,"59,262.00"
2019-04-21,2019042101010657,SBL,4,6,76,357.00,"27,132.00"
2019-04-21,2019042101010656,SBL,4,10,200,357.00,"71,400.00"
2019-04-21,2019042101010655,SBL,4,40,"1,000",357.00,"357,000.00"
2019-04-21,2019042101010654,SBL,4,28,300,356.00,"106,800.00"
2019-04-21,2019042101010653,SBL,4,45,"1,000",356.00,"356,000.00"
2019-04-21,2019042101010335,SBL,16,45,200,354.00,"70,800.00"
2019-04-21,2019042101010328,SBL,32,45,100,354.00,"35,400.00"
2019-04-21,2019042101010174,SBL,44,58,500,353.00,"176,500.00"
2019-04-21,2019042101010173,SBL,44,4,"1,403",353.00,"495,259.00"
2019-04-21,2019042101010172,SBL,44,17,177,353.00,"62,481.00"
2019-04-21,2019042101010428,SBL,6,53,100,354.00,"35,400.00"
2019-04-21,2019042101010406,SBL,6,53,400,354.00,"141,600.00"
2019-04-21,2019042101010405,SBL,6,50,500,354.00,"177,000.00"
2019-04-21,2019042101010404,SBL,6,45,100,354.00,"35,400.00"
2019-04-21,2019042101010399,SBL,4,55,200,352.00,"70,400.00"
2019-04-21,2019042101010398,SBL,42,55,300,353.00,"105,900.00"
2019-04-21,2019042101010496,SBL,4,40,"1,000",355.00,"355,000.00"
2019-04-21,2019042101010495,SBL,4,39,169,355.00,"59,995.00"
2019-04-21,2019042101010494,SBL,4,50,200,354.00,"70,800.00"
2019-04-21,2019042101010485,SBL,6,50,300,354.00,"106,200.00"
2019-04-21,2019042101010481,SBL,16,39,31,355.00,"11,005.00"
2019-04-21,2019042101010480,SBL,16,53,469,355.00,"166,495.00"
2019-04-21,2019042101010652,SBL,4,39,258,354.00,"91,332.00"
2019-04-21,2019042101010610,SBL,4,39,549,355.00,"194,895.00"
2019-04-21,2019042101010598,SBL,4,34,500,355.00,"177,500.00"
2019-04-21,2019042101010597,SBL,4,19,151,355.00,"53,605.00"
2019-04-21,2019042101010530,SBL,25,19,10,355.00,"3,550.00"
2019-04-21,2019042101010497,SBL,4,19,431,355.00,"153,005.00"
2019-04-21,2019042101010486,SCB,36,49,100,683.00,"68,300.00"
2019-04-21,2019042101010442,SCB,36,13,250,683.00,"170,750.00"
2019-04-21,2019042101010223,SCB,36,45,50,683.00,"34,150.00"
2019-04-21,2019042101010455,SDESI,39,33,100,624.00,"62,400.00"
2019-04-21,2019042101010368,SDESI,10,38,100,624.00,"62,400.00"
2019-04-21,2019042101010606,SHIVM,34,41,50,305.00,"15,250.00"
2019-04-21,2019042101010290,SHL,42,32,200,217.00,"43,400.00"
2019-04-21,2019042101010289,SHL,42,34,115,215.00,"24,725.00"
2019-04-21,2019042101010288,SHL,42,36,120,214.00,"25,680.00"
2019-04-21,2019042101010287,SHL,42,58,500,214.00,"107,000.00"
2019-04-21,2019042101010461,SHPC,34,7,730,232.00,"169,360.00"
2019-04-21,2019042101010541,SIC,58,25,38,"1,300.00","49,400.00"
2019-04-21,2019042101010207,SIC,58,13,37,"1,300.00","48,100.00"
2019-04-21,2019042101010393,SICL,32,17,100,892.00,"89,200.00"
2019-04-21,2019042101010641,SIL,58,21,10,610.00,"6,100.00"
2019-04-21,2019042101010469,SKBBL,5,50,100,"1,000.00","100,000.00"
2019-04-21,2019042101010468,SKBBL,47,50,100,"1,001.00","100,100.00"
2019-04-21,2019042101010432,SLBSL,49,32,10,650.00,"6,500.00"
2019-04-21,2019042101010431,SLBSL,49,1,10,650.00,"6,500.00"
2019-04-21,2019042101010384,SLBSL,49,49,10,649.00,"6,490.00"
2019-04-21,2019042101010578,SLICL,46,39,23,542.00,"12,466.00"
2019-04-21,2019042101010577,SLICL,1,39,21,543.00,"11,403.00"
2019-04-21,2019042101010553,SLICL,1,48,50,543.00,"27,150.00"
2019-04-21,2019042101010479,SLICL,1,42,36,543.00,"19,548.00"
2019-04-21,2019042101010347,SMATA,41,17,10,"1,280.00","12,800.00"
2019-04-21,2019042101010666,SRBL,36,50,10,260.00,"2,600.00"
2019-04-21,2019042101010623,SRBL,14,50,200,260.00,"52,000.00"
2019-04-21,2019042101010622,SRBL,4,50,23,260.00,"5,980.00"
2019-04-21,2019042101010514,SWBBL,22,50,58,905.00,"52,490.00"
2019-04-21,2019042101010429,SWBBL,47,50,50,909.00,"45,450.00"
2019-04-21,2019042101010421,SWBBL,14,50,17,913.00,"15,521.00"
2019-04-21,2019042101010227,SWBBL,51,37,13,927.00,"12,051.00"
2019-04-21,2019042101010226,SWBBL,51,35,40,926.00,"37,040.00"
2019-04-21,2019042101010198,SWBBL,51,51,168,915.00,"153,720.00"
2019-04-21,2019042101010197,SWBBL,3,51,100,915.00,"91,500.00"
2019-04-21,2019042101010204,SWBBL,51,36,19,920.00,"17,480.00"
2019-04-21,2019042101010203,SWBBL,51,41,500,920.00,"460,000.00"
2019-04-21,2019042101010202,SWBBL,51,22,60,920.00,"55,200.00"
2019-04-21,2019042101010201,SWBBL,51,11,100,918.00,"91,800.00"
2019-04-21,2019042101010200,SWBBL,51,51,50,918.00,"45,900.00"
2019-04-21,2019042101010199,SWBBL,51,14,50,916.00,"45,800.00"
2019-04-21,2019042101010584,UIC,41,58,55,855.00,"47,025.00"
2019-04-21,2019042101010552,UIC,41,58,371,855.00,"317,205.00"
2019-04-21,2019042101010551,UIC,41,28,19,855.00,"16,245.00"
2019-04-21,2019042101010550,UIC,41,32,150,854.00,"128,100.00"
2019-04-21,2019042101010549,UIC,41,41,60,852.00,"51,120.00"
2019-04-21,2019042101010548,UIC,41,57,100,852.00,"85,200.00"
2019-04-21,2019042101010465,UMHL,34,14,14,110.00,"1,540.00"
2019-04-21,2019042101010534,UPCL,59,47,50,91.00,"4,550.00"
2019-04-21,2019042101010505,UPCL,59,47,50,91.00,"4,550.00"
2019-04-21,2019042101010478,UPCL,59,47,50,91.00,"4,550.00"
2019-04-21,2019042101010427,UPCL,59,47,50,91.00,"4,550.00"
2019-04-21,2019042101010323,UPCL,59,35,350,91.00,"31,850.00"
2019-04-21,2019042101010244,UPCL,59,22,50,91.00,"4,550.00"
2019-04-21,2019042101010283,UPPER,13,50,100,228.00,"22,800.00"
2019-04-21,2019042101010209,UPPER,57,35,332,227.00,"75,364.00"
2019-04-21,2019042101010208,UPPER,42,35,208,227.00,"47,216.00"
2019-04-21,2019042101010153,ADBL,41,34,"1,526",345.00,"526,470.00"
2019-04-21,2019042101010104,ADBL,16,58,114,344.00,"39,216.00"
2019-04-21,2019042101010103,ADBL,4,58,245,344.00,"84,280.00"
2019-04-21,2019042101009922,ADBL,21,34,300,345.00,"103,500.00"
2019-04-21,2019042101009806,ADBL,57,34,300,345.00,"103,500.00"
2019-04-21,2019042101009805,ADBL,4,34,"1,850",345.00,"638,250.00"
2019-04-21,2019042101010164,ALBSL,38,25,10,474.00,"4,740.00"
2019-04-21,2019042101010163,ALBSL,38,39,20,474.00,"9,480.00"
2019-04-21,2019042101009723,ALBSL,32,38,10,469.00,"4,690.00"
2019-04-21,2019042101010106,API,25,52,100,135.00,"13,500.00"
2019-04-21,2019042101009846,API,16,38,18,133.00,"2,394.00"
2019-04-21,2019042101009730,API,58,57,"1,000",135.00,"135,000.00"
2019-04-21,2019042101009729,API,58,26,18,135.00,"2,430.00"
2019-04-21,2019042101009728,API,58,58,182,135.00,"24,570.00"
2019-04-21,2019042101009772,BHBL,34,36,360,173.00,"62,280.00"
2019-04-21,2019042101010076,BOKL,21,17,10,289.00,"2,890.00"
2019-04-21,2019042101010075,BOKL,21,17,990,289.00,"286,110.00"
2019-04-21,2019042101009796,BOKL,10,17,10,289.00,"2,890.00"
2019-04-21,2019042101009795,BOKL,10,43,34,287.00,"9,758.00"
2019-04-21,2019042101009794,BOKL,10,53,58,287.00,"16,646.00"
2019-04-21,2019042101010090,BPCL,7,50,651,362.00,"235,662.00"
2019-04-21,2019042101010059,BPCL,7,50,500,362.00,"181,000.00"
2019-04-21,2019042101009919,BPCL,22,50,25,362.00,"9,050.00"
2019-04-21,2019042101009776,BPCL,7,50,10,362.00,"3,620.00"
2019-04-21,2019042101010162,CBBL,29,44,400,"1,043.00","417,200.00"
2019-04-21,2019042101010158,CBL,22,19,500,172.00,"86,000.00"
2019-04-21,2019042101010067,CBL,29,49,50,171.00,"8,550.00"
2019-04-21,2019042101010040,CBL,29,8,50,171.00,"8,550.00"
2019-04-21,2019042101010033,CBL,21,19,"1,500",172.00,"258,000.00"
2019-04-21,2019042101009945,CBL,29,41,339,171.00,"57,969.00"
2019-04-21,2019042101009944,CBL,54,41,"4,750",171.00,"812,250.00"
2019-04-21,2019042101009910,CBL,1,41,300,172.00,"51,600.00"
2019-04-21,2019042101009807,CBL,45,41,500,172.00,"86,000.00"
2019-04-21,2019042101009751,CBL,33,56,"1,000",172.00,"172,000.00"
2019-04-21,2019042101009757,CFCL,26,25,"1,024",108.00,"110,592.00"
2019-04-21,2019042101009943,CHCL,43,36,50,515.00,"25,750.00"
2019-04-21,2019042101009942,CHCL,43,49,100,515.00,"51,500.00"
2019-04-21,2019042101009941,CHCL,43,47,73,515.00,"37,595.00"
2019-04-21,2019042101009921,CHCL,43,49,80,514.00,"41,120.00"
2019-04-21,2019042101009888,CHCL,43,51,89,513.00,"45,657.00"
2019-04-21,2019042101010105,CIT,44,28,25,"2,545.00","63,625.00"
2019-04-21,2019042101010078,CIT,57,22,150,"2,540.00","381,000.00"
2019-04-21,2019042101010144,CZBIL,46,6,100,232.00,"23,200.00"
2019-04-21,2019042101009860,CZBIL,40,28,500,232.00,"116,000.00"
2019-04-21,2019042101009734,CZBIL,55,40,200,233.00,"46,600.00"
2019-04-21,2019042101009913,DBBL,32,32,191,128.00,"24,448.00"
2019-04-21,2019042101009804,DBBL,32,46,668,128.00,"85,504.00"
2019-04-21,2019042101009803,DBBL,4,46,57,128.00,"7,296.00"
2019-04-21,2019042101009696,DDBL,6,11,130,694.00,"90,220.00"
2019-04-21,2019042101009673,DDBL,57,11,200,694.00,"138,800.00"
2019-04-21,2019042101009853,EBL,45,57,"2,000",670.00,"1,340,000.00"
2019-04-21,2019042101009852,EBL,45,25,100,670.00,"67,000.00"
2019-04-21,2019042101009851,EBL,45,59,150,670.00,"100,500.00"
2019-04-21,2019042101009850,EBL,45,17,100,668.00,"66,800.00"
2019-04-21,2019042101009849,EBL,45,28,45,668.00,"30,060.00"
2019-04-21,2019042101009694,EBLCP,58,56,10,649.00,"6,490.00"
2019-04-21,2019042101009882,EDBL,45,45,10,286.00,"2,860.00"
2019-04-21,2019042101009881,EDBL,51,45,20,286.00,"5,720.00"
2019-04-21,2019042101010142,EIC,58,7,50,993.00,"49,650.00"
2019-04-21,2019042101010117,EIC,19,33,28,994.00,"27,832.00"
2019-04-21,2019042101010102,EIC,58,25,50,993.00,"49,650.00"
2019-04-21,2019042101010032,EIC,32,33,60,994.00,"59,640.00"
2019-04-21,2019042101009879,EIC,6,33,172,994.00,"170,968.00"
2019-04-21,2019042101009878,EIC,6,37,28,994.00,"27,832.00"
2019-04-21,2019042101009845,EIC,39,7,10,993.00,"9,930.00"
2019-04-21,2019042101009773,EIC,55,7,23,993.00,"22,839.00"
2019-04-21,2019042101009689,EIC,42,7,60,993.00,"59,580.00"
2019-04-21,2019042101009959,FMDBL,42,26,10,393.00,"3,930.00"
2019-04-21,2019042101009958,FMDBL,42,36,10,390.00,"3,900.00"
2019-04-21,2019042101009925,FMDBL,42,36,380,390.00,"148,200.00"
2019-04-21,2019042101009924,FMDBL,42,5,330,389.00,"128,370.00"
2019-04-21,2019042101009923,FMDBL,42,49,100,385.00,"38,500.00"
2019-04-21,2019042101009858,FMDBL,19,49,100,385.00,"38,500.00"
2019-04-21,2019042101009695,FMDBL,16,49,200,385.00,"77,000.00"
2019-04-21,2019042101010169,GBIME,32,55,100,301.00,"30,100.00"
2019-04-21,2019042101010063,GBIME,56,55,900,301.00,"270,900.00"
2019-04-21,2019042101010062,GBIME,56,39,100,301.00,"30,100.00"
2019-04-21,2019042101009842,GBIME,58,57,"1,000",300.00,"300,000.00"
2019-04-21,2019042101009841,GBIME,58,56,100,300.00,"30,000.00"
2019-04-21,2019042101009840,GBIME,58,20,30,300.00,"9,000.00"
2019-04-21,2019042101009827,GBIME,58,41,500,298.00,"149,000.00"
2019-04-21,2019042101009826,GBIME,58,39,"1,049",298.00,"312,602.00"
2019-04-21,2019042101009833,GBIME,58,47,100,300.00,"30,000.00"
2019-04-21,2019042101009832,GBIME,58,19,329,300.00,"98,700.00"
2019-04-21,2019042101009831,GBIME,58,28,24,300.00,"7,200.00"
2019-04-21,2019042101009830,GBIME,58,41,100,299.00,"29,900.00"
2019-04-21,2019042101009829,GBIME,58,45,141,299.00,"42,159.00"
2019-04-21,2019042101009828,GBIME,58,43,500,299.00,"149,500.00"
2019-04-21,2019042101009839,GBIME,58,42,"5,000",300.00,"1,500,000.00"
2019-04-21,2019042101009838,GBIME,58,46,300,300.00,"90,000.00"
2019-04-21,2019042101009837,GBIME,58,51,33,300.00,"9,900.00"
2019-04-21,2019042101009836,GBIME,58,51,33,300.00,"9,900.00"
2019-04-21,2019042101009835,GBIME,58,59,200,300.00,"60,000.00"
2019-04-21,2019042101009834,GBIME,58,43,500,300.00,"150,000.00"
2019-04-21,2019042101009893,GBLBS,53,33,100,346.00,"34,600.00"
2019-04-21,2019042101009811,GBLBS,53,38,10,346.00,"3,460.00"
2019-04-21,2019042101009715,GILB,58,48,20,"1,089.00","21,780.00"
2019-04-21,2019042101009714,GILB,58,6,18,"1,088.00","19,584.00"
2019-04-21,2019042101009946,HBL,42,19,125,570.00,"71,250.00"
2019-04-21,2019042101009822,HBL,42,3,50,570.00,"28,500.00"
2019-04-21,2019042101009821,HBL,42,3,100,570.00,"57,000.00"
2019-04-21,2019042101009766,HBL,42,50,100,561.00,"56,100.00"
2019-04-21,2019042101009765,HBL,42,57,"1,000",559.00,"559,000.00"
2019-04-21,2019042101009764,HBL,42,25,400,559.00,"223,600.00"
2019-04-21,2019042101009763,HBL,42,57,"1,000",555.00,"555,000.00"
2019-04-21,2019042101009802,HDL,50,19,10,"1,372.00","13,720.00"
2019-04-21,2019042101009801,HDL,33,19,10,"1,373.00","13,730.00"
2019-04-21,2019042101009895,HGI,25,44,350,390.00,"136,500.00"
2019-04-21,2019042101009894,HGI,25,28,150,390.00,"58,500.00"
2019-04-21,2019042101010042,ICFC,10,40,881,157.00,"138,317.00"
2019-04-21,2019042101009720,ICFC,34,40,119,157.00,"18,683.00"
2019-04-21,2019042101009719,ICFC,34,50,11,156.00,"1,716.00"
2019-04-21,2019042101009955,JBBL,42,19,225,139.00,"31,275.00"
2019-04-21,2019042101009820,JBBL,34,46,499,138.00,"68,862.00"
2019-04-21,2019042101009819,JBBL,42,46,200,138.00,"27,600.00"
2019-04-21,2019042101009818,JBBL,59,46,50,138.00,"6,900.00"
2019-04-21,2019042101009817,JBBL,26,46,480,138.00,"66,240.00"
2019-04-21,2019042101010100,JBNL,39,58,813,196.00,"159,348.00"
2019-04-21,2019042101010099,JBNL,39,46,100,196.00,"19,600.00"
2019-04-21,2019042101010098,JBNL,39,48,87,196.00,"17,052.00"
2019-04-21,2019042101010031,JBNL,38,38,500,195.00,"97,500.00"
2019-04-21,2019042101010030,JBNL,40,38,500,195.00,"97,500.00"
2019-04-21,2019042101009915,JBNL,5,39,81,195.00,"15,795.00"
2019-04-21,2019042101009914,JBNL,44,54,"1,398",194.00,"271,212.00"
2019-04-21,2019042101009844,JBNL,57,39,919,195.00,"179,205.00"
2019-04-21,2019042101009771,JBNL,57,39,81,195.00,"15,795.00"
2019-04-21,2019042101009770,JBNL,52,39,919,195.00,"179,205.00"
2019-04-21,2019042101009938,KBL,38,29,100,230.00,"23,000.00"
2019-04-21,2019042101009716,KBL,38,21,280,230.00,"64,400.00"
2019-04-21,2019042101009874,KKHC,42,14,10,79.00,790.00
2019-04-21,2019042101009873,KKHC,42,52,10,79.00,790.00
2019-04-21,2019042101009872,KKHC,42,58,10,77.00,770.00
2019-04-21,2019042101009871,KKHC,42,51,16,77.00,"1,232.00"
2019-04-21,2019042101009870,KKHC,42,51,16,77.00,"1,232.00"
2019-04-21,2019042101009869,KKHC,42,51,10,77.00,770.00
2019-04-21,2019042101009986,KMCDB,33,45,10,805.00,"8,050.00"
2019-04-21,2019042101009985,KMCDB,33,48,10,795.00,"7,950.00"
2019-04-21,2019042101009855,KPCL,21,38,10,89.00,890.00
2019-04-21,2019042101010092,KSBBL,57,59,400,148.00,"59,200.00"
2019-04-21,2019042101010091,KSBBL,57,46,100,148.00,"14,800.00"
2019-04-21,2019042101009793,KSBBL,1,50,106,147.00,"15,582.00"
2019-04-21,2019042101010074,LBL,11,45,345,237.00,"81,765.00"
2019-04-21,2019042101010073,LBL,11,11,500,237.00,"118,500.00"
2019-04-21,2019042101010072,LBL,11,28,155,237.00,"36,735.00"
2019-04-21,2019042101009687,LBL,37,28,100,237.00,"23,700.00"
2019-04-21,2019042101009684,LBL,38,28,100,237.00,"23,700.00"
2019-04-21,2019042101009680,LBL,44,28,60,237.00,"14,220.00"
2019-04-21,2019042101010116,LGIL,32,45,87,504.00,"43,848.00"
2019-04-21,2019042101010115,LGIL,47,45,100,504.00,"50,400.00"
2019-04-21,2019042101010114,LGIL,56,45,10,505.00,"5,050.00"
2019-04-21,2019042101010113,LGIL,44,45,30,505.00,"15,150.00"
2019-04-21,2019042101010112,LGIL,39,45,73,505.00,"36,865.00"
2019-04-21,2019042101010111,LGIL,56,45,100,506.00,"50,600.00"
2019-04-21,2019042101010110,LGIL,53,45,200,506.00,"101,200.00"
2019-04-21,2019042101010061,LGIL,53,22,144,507.00,"73,008.00"
2019-04-21,2019042101009733,LGIL,52,22,106,507.00,"53,742.00"
2019-04-21,2019042101009857,LICN,59,49,10,"1,589.00","15,890.00"
2019-04-21,2019042101009787,LICN,28,59,200,"1,573.00","314,600.00"
2019-04-21,2019042101009718,LICN,14,59,50,"1,585.00","79,250.00"
2019-04-21,2019042101009717,LICN,50,59,30,"1,585.00","47,550.00"
2019-04-21,2019042101009672,LLBS,47,28,74,835.00,"61,790.00"
2019-04-21,2019042101009901,LVF1,1,58,500,9.81,"4,905.00"
2019-04-21,2019042101010128,MBL,26,16,31,270.00,"8,370.00"
2019-04-21,2019042101010127,MBL,26,42,50,270.00,"13,500.00"
2019-04-21,2019042101010126,MBL,26,8,119,270.00,"32,130.00"
2019-04-21,2019042101009864,MBL,41,8,381,270.00,"102,870.00"
2019-04-21,2019042101009863,MBL,41,49,119,270.00,"32,130.00"
2019-04-21,2019042101009862,MBL,54,49,100,270.00,"27,000.00"
2019-04-21,2019042101010080,MEGA,56,37,750,184.00,"138,000.00"
2019-04-21,2019042101010079,MEGA,58,37,250,184.00,"46,000.00"
2019-04-21,2019042101009953,MERO,38,43,16,615.00,"9,840.00"
2019-04-21,2019042101009952,MERO,38,45,65,614.00,"39,910.00"
2019-04-21,2019042101009951,MERO,38,11,70,610.00,"42,700.00"
2019-04-21,2019042101009950,MERO,38,34,50,610.00,"30,500.00"
2019-04-21,2019042101009896,MERO,38,25,42,609.00,"25,578.00"
2019-04-21,2019042101010156,MMFDB,47,35,50,927.00,"46,350.00"
2019-04-21,2019042101010155,MMFDB,42,35,50,928.00,"46,400.00"
2019-04-21,2019042101010141,MNBBL,32,16,100,376.00,"37,600.00"
2019-04-21,2019042101009769,MNBBL,45,16,140,376.00,"52,640.00"
2019-04-21,2019042101009987,MSMBS,29,45,10,522.00,"5,220.00"
2019-04-21,2019042101010109,NABIL,32,57,400,867.00,"346,800.00"
2019-04-21,2019042101010108,NABIL,32,3,100,864.00,"86,400.00"
2019-04-21,2019042101010017,NABIL,14,3,500,862.00,"431,000.00"
2019-04-21,2019042101009784,NABIL,1,50,90,861.00,"77,490.00"
2019-04-21,2019042101009783,NABIL,1,28,500,861.00,"430,500.00"
2019-04-21,2019042101009782,NABIL,1,3,200,861.00,"172,200.00"
2019-04-21,2019042101009781,NABIL,1,38,60,861.00,"51,660.00"
2019-04-21,2019042101009780,NABIL,1,3,300,860.00,"258,000.00"
2019-04-21,2019042101009779,NABIL,1,21,50,860.00,"43,000.00"
2019-04-21,2019042101009859,NABILP,44,28,"1,000",820.00,"820,000.00"
2019-04-21,2019042101010167,NADEP,14,17,400,616.00,"246,400.00"
2019-04-21,2019042101010161,NADEP,50,20,20,615.00,"12,300.00"
2019-04-21,2019042101010140,NADEP,40,17,100,616.00,"61,600.00"
2019-04-21,2019042101010138,NADEP,50,48,20,615.00,"12,300.00"
2019-04-21,2019042101010133,NADEP,50,49,20,615.00,"12,300.00"
2019-04-21,2019042101010125,NADEP,50,58,10,615.00,"6,150.00"
2019-04-21,2019042101009688,NADEP,39,14,5,613.00,"3,065.00"
2019-04-21,2019042101009704,NADEP,7,17,10,614.00,"6,140.00"
2019-04-21,2019042101009703,NADEP,7,17,20,614.00,"12,280.00"
2019-04-21,2019042101009702,NADEP,7,17,20,614.00,"12,280.00"
2019-04-21,2019042101009701,NADEP,7,17,10,614.00,"6,140.00"
2019-04-21,2019042101009700,NADEP,7,17,20,614.00,"12,280.00"
2019-04-21,2019042101009699,NADEP,7,17,20,614.00,"12,280.00"
2019-04-21,2019042101009875,NADEP,41,42,20,612.00,"12,240.00"
2019-04-21,2019042101009866,NADEP,41,38,20,612.00,"12,240.00"
2019-04-21,2019042101009705,NADEP,7,17,20,614.00,"12,280.00"
2019-04-21,2019042101009963,NADEP,41,42,10,612.00,"6,120.00"
2019-04-21,2019042101009954,NADEP,41,51,20,612.00,"12,240.00"
2019-04-21,2019042101009916,NADEP,43,48,10,615.00,"6,150.00"
2019-04-21,2019042101009911,NADEP,41,42,20,612.00,"12,240.00"
2019-04-21,2019042101009897,NADEP,52,17,10,614.00,"6,140.00"
2019-04-21,2019042101010124,NADEP,50,21,10,615.00,"6,150.00"
2019-04-21,2019042101010123,NADEP,50,44,10,615.00,"6,150.00"
2019-04-21,2019042101009964,NADEP,44,42,10,612.00,"6,120.00"
2019-04-21,2019042101010094,NBB,53,8,90,226.00,"20,340.00"
2019-04-21,2019042101010093,NBB,16,8,310,226.00,"70,060.00"
2019-04-21,2019042101009967,NBB,16,54,"1,040",226.00,"235,040.00"
2019-04-21,2019042101009966,NBB,53,54,960,226.00,"216,960.00"
2019-04-21,2019042101009877,NBB,34,17,"1,000",227.00,"227,000.00"
2019-04-21,2019042101009876,NBB,34,48,"2,919",227.00,"662,613.00"
2019-04-21,2019042101009692,NBB,53,39,200,226.00,"45,200.00"
2019-04-21,2019042101009691,NBB,49,39,60,226.00,"13,560.00"
2019-04-21,2019042101009690,NBB,53,39,500,226.00,"113,000.00"
2019-04-21,2019042101009810,NBB,53,48,"1,000",226.00,"226,000.00"
2019-04-21,2019042101009809,NBB,53,39,"1,000",226.00,"226,000.00"
2019-04-21,2019042101009808,NBB,53,39,40,226.00,"9,040.00"
2019-04-21,2019042101009799,NBB,22,45,570,225.00,"128,250.00"
2019-04-21,2019042101009798,NBB,57,45,430,225.00,"96,750.00"
2019-04-21,2019042101009785,NBB,11,39,200,226.00,"45,200.00"
2019-04-21,2019042101010171,NBL,41,43,834,314.00,"261,876.00"
2019-04-21,2019042101010058,NBL,49,43,166,314.00,"52,124.00"
2019-04-21,2019042101010052,NBL,28,4,50,315.00,"15,750.00"
2019-04-21,2019042101009992,NBL,49,43,834,314.00,"261,876.00"
2019-04-21,2019042101009991,NBL,21,43,966,314.00,"303,324.00"
2019-04-21,2019042101009990,NBL,49,43,"1,000",314.00,"314,000.00"
2019-04-21,2019042101009677,NBL,22,45,"1,000",314.00,"314,000.00"
2019-04-21,2019042101009676,NBL,49,45,130,314.00,"40,820.00"
2019-04-21,2019042101009989,NBL,49,43,"1,000",314.00,"314,000.00"
2019-04-21,2019042101009965,NBL,33,4,"1,000",315.00,"315,000.00"
2019-04-21,2019042101009762,NBL,50,48,630,314.00,"197,820.00"
2019-04-21,2019042101009761,NBL,50,46,50,314.00,"15,700.00"
2019-04-21,2019042101009760,NBL,50,45,370,314.00,"116,180.00"
2019-04-21,2019042101009735,NBL,49,45,500,314.00,"157,000.00"
2019-04-21,2019042101010135,NCCB,55,19,300,239.00,"71,700.00"
2019-04-21,2019042101010134,NCCB,26,10,100,237.00,"23,700.00"
2019-04-21,2019042101010087,NCCB,46,32,500,238.00,"119,000.00"
2019-04-21,2019042101010086,NCCB,46,32,"1,000",238.00,"238,000.00"
2019-04-21,2019042101010085,NCCB,46,42,23,238.00,"5,474.00"
2019-04-21,2019042101010084,NCCB,46,1,750,238.00,"178,500.00"
2019-04-21,2019042101009755,NCCB,34,51,500,237.00,"118,500.00"
2019-04-21,2019042101009886,NCCB,40,58,"1,000",237.00,"237,000.00"
2019-04-21,2019042101009885,NCCB,40,49,50,237.00,"11,850.00"
2019-04-21,2019042101009884,NCCB,40,10,"2,002",237.00,"474,474.00"
2019-04-21,2019042101009868,NCCB,45,10,238,237.00,"56,406.00"
2019-04-21,2019042101009867,NCCB,45,51,262,237.00,"62,094.00"
2019-04-21,2019042101009823,NCCB,58,41,"3,000",237.00,"711,000.00"
2019-04-21,2019042101009983,NCCB,29,25,300,238.00,"71,400.00"
2019-04-21,2019042101009920,NCCB,58,25,10,238.00,"2,380.00"
2019-04-21,2019042101009905,NCCB,46,53,500,237.00,"118,500.00"
2019-04-21,2019042101009904,NCCB,46,22,10,237.00,"2,370.00"
2019-04-21,2019042101009903,NCCB,46,39,252,237.00,"59,724.00"
2019-04-21,2019042101009887,NCCB,40,39,748,237.00,"177,276.00"
2019-04-21,2019042101010083,NCCB,46,58,201,238.00,"47,838.00"
2019-04-21,2019042101010082,NCCB,46,13,500,238.00,"119,000.00"
2019-04-21,2019042101010081,NCCB,46,39,40,238.00,"9,520.00"
2019-04-21,2019042101010039,NCCB,40,39,10,238.00,"2,380.00"
2019-04-21,2019042101010038,NCCB,40,25,190,238.00,"45,220.00"
2019-04-21,2019042101010037,NCCB,7,25,500,238.00,"119,000.00"
2019-04-21,2019042101009792,NCDB,34,56,405,141.00,"57,105.00"
2019-04-21,2019042101010170,NIB,50,58,37,568.00,"21,016.00"
2019-04-21,2019042101010168,NIB,38,42,40,569.00,"22,760.00"
2019-04-21,2019042101010154,NIB,50,58,14,568.00,"7,952.00"
2019-04-21,2019042101010096,NIB,57,51,100,568.00,"56,800.00"
2019-04-21,2019042101010095,NIB,41,51,50,568.00,"28,400.00"
2019-04-21,2019042101009791,NIB,41,42,300,568.00,"170,400.00"
2019-04-21,2019042101009759,NIB,41,49,100,568.00,"56,800.00"
2019-04-21,2019042101009758,NIB,41,1,50,568.00,"28,400.00"
2019-04-21,2019042101009736,NIB,42,42,50,566.00,"28,300.00"
2019-04-21,2019042101009722,NIB,5,1,50,568.00,"28,400.00"
2019-04-21,2019042101009683,NIB,42,22,43,566.00,"24,338.00"
2019-04-21,2019042101009682,NIB,38,22,57,566.00,"32,262.00"
2019-04-21,2019042101010165,NIBPO,51,52,165,519.00,"85,635.00"
2019-04-21,2019042101009994,NIBSF1,22,22,"1,000",9.59,"9,590.00"
2019-04-21,2019042101010122,NICA,44,50,"1,700",492.00,"836,400.00"
2019-04-21,2019042101009956,NICA,44,29,300,492.00,"147,600.00"
2019-04-21,2019042101009917,NICA,44,28,20,494.00,"9,880.00"
2019-04-21,2019042101009900,NICA,44,55,980,494.00,"484,120.00"
2019-04-21,2019042101009899,NICA,44,55,20,494.00,"9,880.00"
2019-04-21,2019042101009848,NICA,49,22,10,495.00,"4,950.00"
2019-04-21,2019042101009706,NICA,44,58,"1,980",495.00,"980,100.00"
2019-04-21,2019042101010071,NICL,34,55,150,380.00,"57,000.00"
2019-04-21,2019042101010070,NICL,34,34,300,380.00,"114,000.00"
2019-04-21,2019042101010069,NICL,34,34,500,380.00,"190,000.00"
2019-04-21,2019042101010068,NICL,34,29,496,380.00,"188,480.00"
2019-04-21,2019042101009726,NICL,47,29,21,380.00,"7,980.00"
2019-04-21,2019042101009725,NICL,47,56,30,379.00,"11,370.00"
2019-04-21,2019042101009685,NICL,54,34,100,377.00,"37,700.00"
2019-04-21,2019042101009984,NIL,57,45,14,525.00,"7,350.00"
2019-04-21,2019042101009681,NIL,57,43,736,525.00,"386,400.00"
2019-04-21,2019042101010019,NLG,43,22,500,820.00,"410,000.00"
2019-04-21,2019042101010018,NLG,25,22,22,821.00,"18,062.00"
2019-04-21,2019042101010143,NLIC,45,6,307,"1,120.00","343,840.00"
2019-04-21,2019042101010107,NLIC,41,28,96,"1,125.00","108,000.00"
2019-04-21,2019042101010077,NLIC,34,28,100,"1,125.00","112,500.00"
2019-04-21,2019042101010029,NLIC,55,28,304,"1,125.00","342,000.00"
2019-04-21,2019042101010028,NLIC,55,25,50,"1,125.00","56,250.00"
2019-04-21,2019042101010027,NLIC,55,22,17,"1,125.00","19,125.00"
2019-04-21,2019042101010020,NLIC,55,37,21,"1,122.00","23,562.00"
2019-04-21,2019042101009949,NLIC,45,4,180,"1,120.00","201,600.00"
2019-04-21,2019042101009948,NLIC,34,4,105,"1,120.00","117,600.00"
2019-04-21,2019042101009947,NLIC,51,4,15,"1,122.00","16,830.00"
2019-04-21,2019042101010026,NLIC,55,22,17,"1,125.00","19,125.00"
2019-04-21,2019042101010025,NLIC,55,20,17,"1,124.00","19,108.00"
2019-04-21,2019042101010024,NLIC,55,20,17,"1,124.00","19,108.00"
2019-04-21,2019042101010023,NLIC,55,20,17,"1,124.00","19,108.00"
2019-04-21,2019042101010022,NLIC,55,38,29,"1,124.00","32,596.00"
2019-04-21,2019042101010021,NLIC,55,25,11,"1,123.00","12,353.00"
2019-04-21,2019042101009982,NLICL,8,36,250,586.00,"146,500.00"
2019-04-21,2019042101009981,NLICL,21,36,100,587.00,"58,700.00"
2019-04-21,2019042101009980,NLICL,41,36,200,588.00,"117,600.00"
2019-04-21,2019042101009979,NLICL,56,36,150,588.00,"88,200.00"
2019-04-21,2019042101009978,NLICL,5,36,100,590.00,"59,000.00"
2019-04-21,2019042101009977,NLICL,46,36,200,590.00,"118,000.00"
2019-04-21,2019042101009976,NLICL,46,36,100,590.00,"59,000.00"
2019-04-21,2019042101009975,NLICL,28,36,390,590.00,"230,100.00"
2019-04-21,2019042101009974,NLICL,56,36,10,591.00,"5,910.00"
2019-04-21,2019042101009732,NLICL,56,35,260,591.00,"153,660.00"
2019-04-21,2019042101009731,NLICL,1,35,40,592.00,"23,680.00"
2019-04-21,2019042101010137,NMB,54,58,"1,890",387.00,"731,430.00"
2019-04-21,2019042101010136,NMB,54,6,110,387.00,"42,570.00"
2019-04-21,2019042101009861,NMB,16,6,100,387.00,"38,700.00"
2019-04-21,2019042101009856,NMB,25,6,20,387.00,"7,740.00"
2019-04-21,2019042101009800,NMB,43,21,"1,000",386.00,"386,000.00"
2019-04-21,2019042101009753,NMB,52,6,100,387.00,"38,700.00"
2019-04-21,2019042101009727,NMB,16,6,650,387.00,"251,550.00"
2019-04-21,2019042101009709,NMB,10,52,500,386.00,"193,000.00"
2019-04-21,2019042101009988,NMBHF1,47,26,"3,000",9.70,"29,100.00"
2019-04-21,2019042101009890,NMBHF1,34,39,"1,577",9.58,"15,107.66"
2019-04-21,2019042101009713,NMBSF1,55,41,"5,000",10.90,"54,500.00"
2019-04-21,2019042101009712,NMBSF1,55,34,"1,500",10.90,"16,350.00"
2019-04-21,2019042101009711,NMBSF1,55,26,"5,000",10.89,"54,450.00"
2019-04-21,2019042101009710,NMBSF1,55,43,"10,000",10.88,"108,800.00"
2019-04-21,2019042101009865,NMFBS,56,39,12,"1,754.00","21,048.00"
2019-04-21,2019042101010056,NNLB,37,49,10,452.00,"4,520.00"
2019-04-21,2019042101010055,NNLB,37,58,121,450.00,"54,450.00"
2019-04-21,2019042101010054,NNLB,37,16,105,449.00,"47,145.00"
2019-04-21,2019042101010053,NNLB,37,42,40,444.00,"17,760.00"
2019-04-21,2019042101009937,NSEWA,22,39,20,475.00,"9,500.00"
2019-04-21,2019042101009936,NSEWA,32,39,30,476.00,"14,280.00"
2019-04-21,2019042101009935,NSEWA,42,39,40,477.00,"19,080.00"
2019-04-21,2019042101009934,NSEWA,39,39,10,477.00,"4,770.00"
2019-04-21,2019042101009933,NSEWA,45,39,20,478.00,"9,560.00"
2019-04-21,2019042101009778,NSEWA,38,39,10,480.00,"4,800.00"
2019-04-21,2019042101009777,NSEWA,6,39,15,480.00,"7,200.00"
2019-04-21,2019042101010121,NUBL,47,38,481,840.00,"404,040.00"
2019-04-21,2019042101010120,NUBL,47,39,160,839.00,"134,240.00"
2019-04-21,2019042101010119,NUBL,47,51,15,838.00,"12,570.00"
2019-04-21,2019042101010118,NUBL,47,49,544,835.00,"454,240.00"
2019-04-21,2019042101009909,NUBL,41,49,76,835.00,"63,460.00"
2019-04-21,2019042101009908,NUBL,41,11,10,834.00,"8,340.00"
2019-04-21,2019042101009907,NUBL,41,38,100,833.00,"83,300.00"
2019-04-21,2019042101009906,NUBL,41,20,14,830.00,"11,620.00"
2019-04-21,2019042101010097,PCBL,25,14,500,350.00,"175,000.00"
2019-04-21,2019042101010016,PCBL,45,48,69,351.00,"24,219.00"
2019-04-21,2019042101010015,PCBL,45,53,"1,000",351.00,"351,000.00"
2019-04-21,2019042101010014,PCBL,45,55,"1,000",351.00,"351,000.00"
2019-04-21,2019042101010013,PCBL,45,47,148,350.00,"51,800.00"
2019-04-21,2019042101010012,PCBL,45,22,369,350.00,"129,150.00"
2019-04-21,2019042101009999,PCBL,45,22,200,350.00,"70,000.00"
2019-04-21,2019042101009998,PCBL,45,13,100,350.00,"35,000.00"
2019-04-21,2019042101009997,PCBL,45,58,50,349.00,"17,450.00"
2019-04-21,2019042101009996,PCBL,45,14,500,349.00,"174,500.00"
2019-04-21,2019042101009995,PCBL,45,44,"1,431",349.00,"499,419.00"
2019-04-21,2019042101009880,PCBL,11,19,341,348.00,"118,668.00"
2019-04-21,2019042101010005,PCBL,45,42,100,350.00,"35,000.00"
2019-04-21,2019042101010004,PCBL,45,44,"1,000",350.00,"350,000.00"
2019-04-21,2019042101010003,PCBL,45,42,63,350.00,"22,050.00"
2019-04-21,2019042101010002,PCBL,45,28,100,350.00,"35,000.00"
2019-04-21,2019042101010001,PCBL,45,38,"1,000",350.00,"350,000.00"
2019-04-21,2019042101010000,PCBL,45,6,500,350.00,"175,000.00"
2019-04-21,2019042101010011,PCBL,45,34,100,350.00,"35,000.00"
2019-04-21,2019042101010010,PCBL,45,53,500,350.00,"175,000.00"
2019-04-21,2019042101010009,PCBL,45,20,500,350.00,"175,000.00"
2019-04-21,2019042101010008,PCBL,45,49,70,350.00,"24,500.00"
2019-04-21,2019042101010007,PCBL,45,6,100,350.00,"35,000.00"
2019-04-21,2019042101010006,PCBL,45,6,100,350.00,"35,000.00"
2019-04-21,2019042101010130,PFL,51,39,65,139.00,"9,035.00"
2019-04-21,2019042101010129,PFL,51,32,150,139.00,"20,850.00"
2019-04-21,2019042101010064,PFL,51,54,85,138.00,"11,730.00"
2019-04-21,2019042101010166,PIC,3,4,50,"1,020.00","51,000.00"
2019-04-21,2019042101009889,PIC,13,38,11,"1,016.00","11,176.00"
2019-04-21,2019042101009816,PIC,13,6,304,"1,016.00","308,864.00"
2019-04-21,2019042101009815,PIC,37,6,100,"1,016.00","101,600.00"
2019-04-21,2019042101009814,PIC,37,6,26,"1,016.00","26,416.00"
2019-04-21,2019042101009813,PIC,48,6,50,"1,017.00","50,850.00"
2019-04-21,2019042101009812,PIC,29,6,20,"1,017.00","20,340.00"
2019-04-21,2019042101009790,PIC,59,4,50,"1,020.00","51,000.00"
2019-04-21,2019042101009789,PIC,45,4,56,"1,021.00","57,176.00"
2019-04-21,2019042101009788,PIC,29,4,10,"1,023.00","10,230.00"
2019-04-21,2019042101009754,PIC,33,1,50,"1,025.00","51,250.00"
2019-04-21,2019042101010060,PICL,39,33,300,707.00,"212,100.00"
2019-04-21,2019042101009892,PICL,17,25,90,717.00,"64,530.00"
2019-04-21,2019042101009891,PICL,17,22,110,715.00,"78,650.00"
2019-04-21,2019042101009724,PICL,39,29,70,707.00,"49,490.00"
2019-04-21,2019042101010051,PLIC,49,33,171,464.00,"79,344.00"
2019-04-21,2019042101010050,PLIC,16,33,150,465.00,"69,750.00"
2019-04-21,2019042101009902,PMHPL,56,38,10,111.00,"1,110.00"
2019-04-21,2019042101009756,PMHPL,56,38,10,111.00,"1,110.00"
2019-04-21,2019042101010157,PRIN,14,17,50,415.00,"20,750.00"
2019-04-21,2019042101009708,PRIN,14,28,39,415.00,"16,185.00"
2019-04-21,2019042101009707,PRIN,5,28,100,416.00,"41,600.00"
2019-04-21,2019042101010160,PRVU,37,6,179,279.00,"49,941.00"
2019-04-21,2019042101010159,PRVU,37,25,321,279.00,"89,559.00"
2019-04-21,2019042101010089,PRVU,29,25,179,279.00,"49,941.00"
2019-04-21,2019042101010088,PRVU,29,25,321,279.00,"89,559.00"
2019-04-21,2019042101010044,PRVU,45,49,737,278.00,"204,886.00"
2019-04-21,2019042101010043,PRVU,28,49,231,278.00,"64,218.00"
2019-04-21,2019042101009929,PRVU,53,25,179,279.00,"49,941.00"
2019-04-21,2019042101009928,PRVU,53,25,521,279.00,"145,359.00"
2019-04-21,2019042101009898,PRVU,28,58,100,278.00,"27,800.00"
2019-04-21,2019042101009775,PRVU,22,25,200,279.00,"55,800.00"
2019-04-21,2019042101009774,PRVU,28,49,669,278.00,"185,982.00"
2019-04-21,2019042101009686,PRVU,32,49,831,278.00,"231,018.00"
2019-04-21,2019042101009962,RBCL,38,37,37,"9,151.00","338,587.00"
2019-04-21,2019042101009961,RBCL,13,37,50,"9,152.00","457,600.00"
2019-04-21,2019042101009960,RBCL,45,37,30,"9,160.00","274,800.00"
2019-04-21,2019042101010132,RLFL,58,48,107,121.00,"12,947.00"
2019-04-21,2019042101010131,RLFL,58,49,100,121.00,"12,100.00"
2019-04-21,2019042101010057,RSDC,42,17,500,380.00,"190,000.00"
2019-04-21,2019042101010101,SANIMA,44,43,500,346.00,"173,000.00"
2019-04-21,2019042101009854,SANIMA,49,25,100,345.00,"34,500.00"
2019-04-21,2019042101009973,SBI,57,1,100,511.00,"51,100.00"
2019-04-21,2019042101009972,SBI,57,28,210,511.00,"107,310.00"
2019-04-21,2019042101009971,SBI,57,41,30,510.00,"15,300.00"
2019-04-21,2019042101009970,SBI,57,39,100,510.00,"51,000.00"
2019-04-21,2019042101009969,SBI,57,17,100,510.00,"51,000.00"
2019-04-21,2019042101010152,SBL,44,53,500,352.00,"176,000.00"
2019-04-21,2019042101010151,SBL,44,28,"1,000",352.00,"352,000.00"
2019-04-21,2019042101010150,SBL,44,13,"1,000",352.00,"352,000.00"
2019-04-21,2019042101010149,SBL,44,1,350,352.00,"123,200.00"
2019-04-21,2019042101010148,SBL,41,45,132,350.00,"46,200.00"
2019-04-21,2019042101010147,SBL,48,45,28,350.00,"9,800.00"
2019-04-21,2019042101010146,SBL,4,45,"1,850",350.00,"647,500.00"
2019-04-21,2019042101010145,SBL,45,45,490,351.00,"171,990.00"
2019-04-21,2019042101009931,SBL,45,39,510,351.00,"179,010.00"
2019-04-21,2019042101009930,SBL,28,39,200,351.00,"70,200.00"
2019-04-21,2019042101009883,SBL,55,1,100,352.00,"35,200.00"
2019-04-21,2019042101009698,SCB,45,21,50,680.00,"34,000.00"
2019-04-21,2019042101009697,SCB,45,7,20,680.00,"13,600.00"
2019-04-21,2019042101009797,SCB,45,17,100,680.00,"68,000.00"
2019-04-21,2019042101009768,SCB,49,28,100,682.00,"68,200.00"
2019-04-21,2019042101009767,SCB,49,43,50,682.00,"34,100.00"
2019-04-21,2019042101009939,SCB,28,32,150,682.00,"102,300.00"
2019-04-21,2019042101010036,SCB,36,21,20,683.00,"13,660.00"
2019-04-21,2019042101010035,SCB,36,50,600,683.00,"409,800.00"
2019-04-21,2019042101010034,SCB,36,43,829,683.00,"566,207.00"
2019-04-21,2019042101010041,SEOS,22,58,500,10.24,"5,120.00"
2019-04-21,2019042101009721,SHIVM,14,39,100,306.00,"30,600.00"
2019-04-21,2019042101009693,SHIVM,47,19,20,305.00,"6,100.00"
2019-04-21,2019042101010049,SHPC,56,7,70,232.00,"16,240.00"
2019-04-21,2019042101010048,SHPC,56,7,230,232.00,"53,360.00"
2019-04-21,2019042101009993,SHPC,56,7,500,232.00,"116,000.00"
2019-04-21,2019042101009968,SICL,5,10,500,890.00,"445,000.00"
2019-04-21,2019042101009957,SICL,35,10,"5,000",882.00,"4,410,000.00"
2019-04-21,2019042101009847,SICL,35,10,"5,000",882.00,"4,410,000.00"
2019-04-21,2019042101009752,SICL,35,10,"10,000",882.00,"8,820,000.00"
2019-04-21,2019042101009675,SICL,20,22,100,890.00,"89,000.00"
2019-04-21,2019042101009674,SICL,44,22,500,890.00,"445,000.00"
2019-04-21,2019042101009679,SLBBL,13,35,50,510.00,"25,500.00"
2019-04-21,2019042101009678,SLBBL,13,37,40,509.00,"20,360.00"
2019-04-21,2019042101009940,SRBL,36,29,350,261.00,"91,350.00"
2019-04-21,2019042101009927,SRBL,57,29,150,261.00,"39,150.00"
2019-04-21,2019042101009926,SRBL,57,59,50,261.00,"13,050.00"
2019-04-21,2019042101009912,SRBL,4,11,300,260.00,"78,000.00"
2019-04-21,2019042101009750,SRBL,4,47,15,260.00,"3,900.00"
2019-04-21,2019042101009749,SRBL,4,22,200,260.00,"52,000.00"
2019-04-21,2019042101009742,SRBL,4,10,100,259.00,"25,900.00"
2019-04-21,2019042101009741,SRBL,4,28,"1,000",259.00,"259,000.00"
2019-04-21,2019042101009740,SRBL,4,19,58,259.00,"15,022.00"
2019-04-21,2019042101009739,SRBL,4,19,114,259.00,"29,526.00"
2019-04-21,2019042101009738,SRBL,4,29,200,259.00,"51,800.00"
2019-04-21,2019042101009737,SRBL,4,58,37,259.00,"9,583.00"
2019-04-21,2019042101009748,SRBL,4,32,451,260.00,"117,260.00"
2019-04-21,2019042101009747,SRBL,4,29,"1,000",260.00,"260,000.00"
2019-04-21,2019042101009746,SRBL,4,48,800,260.00,"208,000.00"
2019-04-21,2019042101009745,SRBL,4,17,65,260.00,"16,900.00"
2019-04-21,2019042101009744,SRBL,4,34,247,260.00,"64,220.00"
2019-04-21,2019042101009743,SRBL,4,25,390,260.00,"101,400.00"
2019-04-21,2019042101010066,SWBBL,14,28,133,913.00,"121,429.00"
2019-04-21,2019042101010065,SWBBL,14,50,100,912.00,"91,200.00"
2019-04-21,2019042101009932,SWBBL,14,28,38,913.00,"34,694.00"
2019-04-21,2019042101009825,SWBBL,26,28,90,913.00,"82,170.00"
2019-04-21,2019042101009824,SWBBL,26,11,10,910.00,"9,100.00"
2019-04-21,2019042101009843,UPCL,59,22,50,91.00,"4,550.00"
2019-04-21,2019042101010139,UPPER,42,58,50,227.00,"11,350.00"
2019-04-21,2019042101010047,UPPER,42,29,"1,172",227.00,"266,044.00"
2019-04-21,2019042101010046,UPPER,45,29,50,228.00,"11,400.00"
2019-04-21,2019042101010045,UPPER,19,29,278,228.00,"63,384.00"
2019-04-21,2019042101009918,UPPER,19,38,50,228.00,"11,400.00"
2019-04-21,2019042101009786,UPPER,19,38,40,228.00,"9,120.00"
2019-04-21,2019042101009554,ADBL,4,42,150,345.00,"51,750.00"
2019-04-21,2019042101009329,AHPC,35,19,100,100.00,"10,000.00"
2019-04-21,2019042101009328,AHPC,35,48,719,100.00,"71,900.00"
2019-04-21,2019042101009275,ALBSL,22,11,10,468.00,"4,680.00"
2019-04-21,2019042101009240,ALBSL,28,26,100,475.00,"47,500.00"
2019-04-21,2019042101009593,AMFI,34,45,290,625.00,"181,250.00"
2019-04-21,2019042101009287,AMFI,34,51,10,625.00,"6,250.00"
2019-04-21,2019042101009670,BHBL,34,1,100,173.00,"17,300.00"
2019-04-21,2019042101009655,BOKL,6,49,50,286.00,"14,300.00"
2019-04-21,2019042101009654,BOKL,6,47,300,286.00,"85,800.00"
2019-04-21,2019042101009617,BOKL,6,42,100,285.00,"28,500.00"
2019-04-21,2019042101009616,BOKL,6,5,100,285.00,"28,500.00"
2019-04-21,2019042101009507,CBBL,47,17,50,"1,045.00","52,250.00"
2019-04-21,2019042101009506,CBBL,47,35,50,"1,045.00","52,250.00"
2019-04-21,2019042101009465,CBBL,1,58,30,"1,043.00","31,290.00"
2019-04-21,2019042101009464,CBBL,1,44,170,"1,043.00","177,310.00"
2019-04-21,2019042101009463,CBBL,1,44,400,"1,042.00","416,800.00"
2019-04-21,2019042101009391,CBBL,52,44,100,"1,042.00","104,200.00"
2019-04-21,2019042101009241,CBBL,42,47,20,"1,040.00","20,800.00"
2019-04-21,2019042101009633,CBL,42,59,100,172.00,"17,200.00"
2019-04-21,2019042101009632,CBL,42,36,"1,000",172.00,"172,000.00"
2019-04-21,2019042101009631,CBL,42,17,634,172.00,"109,048.00"
2019-04-21,2019042101009630,CBL,42,34,"2,000",172.00,"344,000.00"
2019-04-21,2019042101009629,CBL,42,22,200,172.00,"34,400.00"
2019-04-21,2019042101009628,CBL,42,35,287,172.00,"49,364.00"
2019-04-21,2019042101009176,CBL,57,41,"2,110",171.00,"360,810.00"
2019-04-21,2019042101009237,CBL,51,52,"1,100",171.00,"188,100.00"
2019-04-21,2019042101009218,CBL,16,52,390,171.00,"66,690.00"
2019-04-21,2019042101009217,CBL,16,19,500,171.00,"85,500.00"
2019-04-21,2019042101009216,CBL,16,39,110,171.00,"18,810.00"
2019-04-21,2019042101009186,CBL,26,39,"1,000",171.00,"171,000.00"
2019-04-21,2019042101009177,CBL,57,39,890,171.00,"152,190.00"
2019-04-21,2019042101009425,CBL,51,28,"1,500",172.00,"258,000.00"
2019-04-21,2019042101009361,CBL,54,46,100,171.00,"17,100.00"
2019-04-21,2019042101009360,CBL,25,46,300,171.00,"51,300.00"
2019-04-21,2019042101009294,CBL,25,38,100,171.00,"17,100.00"
2019-04-21,2019042101009272,CBL,25,58,100,171.00,"17,100.00"
2019-04-21,2019042101009238,CBL,51,58,900,171.00,"153,900.00"
2019-04-21,2019042101009621,CBL,42,33,158,172.00,"27,176.00"
2019-04-21,2019042101009548,CBL,26,33,142,172.00,"24,424.00"
2019-04-21,2019042101009547,CBL,26,13,611,172.00,"105,092.00"
2019-04-21,2019042101009546,CBL,26,37,247,172.00,"42,484.00"
2019-04-21,2019042101009514,CBL,54,56,150,171.00,"25,650.00"
2019-04-21,2019042101009426,CBL,51,37,500,172.00,"86,000.00"
2019-04-21,2019042101009627,CBL,42,13,878,172.00,"151,016.00"
2019-04-21,2019042101009626,CBL,42,5,"2,000",172.00,"344,000.00"
2019-04-21,2019042101009625,CBL,42,47,500,172.00,"86,000.00"
2019-04-21,2019042101009624,CBL,42,5,"2,000",172.00,"344,000.00"
2019-04-21,2019042101009623,CBL,42,56,150,172.00,"25,800.00"
2019-04-21,2019042101009622,CBL,42,37,"1,000",172.00,"172,000.00"
2019-04-21,2019042101009349,CCBL,18,25,30,170.00,"5,100.00"
2019-04-21,2019042101009348,CCBL,18,51,50,170.00,"8,500.00"
2019-04-21,2019042101009316,CCBL,34,51,200,170.00,"34,000.00"
2019-04-21,2019042101009315,CCBL,34,51,50,170.00,"8,500.00"
2019-04-21,2019042101009214,CCBL,34,46,100,170.00,"17,000.00"
2019-04-21,2019042101009350,CEFL,4,4,10,104.00,"1,040.00"
2019-04-21,2019042101009484,CHCL,25,49,20,514.00,"10,280.00"
2019-04-21,2019042101009257,CHLBS,42,41,10,510.00,"5,100.00"
2019-04-21,2019042101009256,CHLBS,42,52,10,502.00,"5,020.00"
2019-04-21,2019042101009207,CHLBS,42,49,10,500.00,"5,000.00"
2019-04-21,2019042101009206,CHLBS,42,1,10,500.00,"5,000.00"
2019-04-21,2019042101009205,CHLBS,42,37,10,499.00,"4,990.00"
2019-04-21,2019042101009204,CHLBS,42,52,10,498.00,"4,980.00"
2019-04-21,2019042101009203,CHLBS,42,57,50,495.00,"24,750.00"
2019-04-21,2019042101009202,CHLBS,42,19,100,495.00,"49,500.00"
2019-04-21,2019042101009201,CHLBS,42,29,10,493.00,"4,930.00"
2019-04-21,2019042101009200,CHLBS,42,29,10,493.00,"4,930.00"
2019-04-21,2019042101009199,CHLBS,42,40,40,493.00,"19,720.00"
2019-04-21,2019042101009189,CHLBS,17,41,10,491.00,"4,910.00"
2019-04-21,2019042101009436,CIT,22,11,21,"2,540.00","53,340.00"
2019-04-21,2019042101009435,CIT,22,51,12,"2,535.00","30,420.00"
2019-04-21,2019042101009389,CIT,16,16,50,"2,521.00","126,050.00"
2019-04-21,2019042101009351,CIT,22,16,50,"2,521.00","126,050.00"
2019-04-21,2019042101009614,CZBIL,43,29,155,231.00,"35,805.00"
2019-04-21,2019042101009613,CZBIL,17,29,200,231.00,"46,200.00"
2019-04-21,2019042101009612,CZBIL,7,29,145,231.00,"33,495.00"
2019-04-21,2019042101009584,CZBIL,44,28,100,232.00,"23,200.00"
2019-04-21,2019042101009583,CZBIL,41,28,200,232.00,"46,400.00"
2019-04-21,2019042101009444,CZBIL,44,40,431,233.00,"100,423.00"
2019-04-21,2019042101009443,CZBIL,44,57,569,233.00,"132,577.00"
2019-04-21,2019042101009394,CZBIL,43,57,"2,000",233.00,"466,000.00"
2019-04-21,2019042101009290,CZBIL,7,48,55,231.00,"12,705.00"
2019-04-21,2019042101009289,CZBIL,7,48,845,231.00,"195,195.00"
2019-04-21,2019042101009227,CZBIL,39,57,100,233.00,"23,300.00"
2019-04-21,2019042101009535,DDBL,39,14,110,694.00,"76,340.00"
2019-04-21,2019042101009534,DDBL,39,42,100,694.00,"69,400.00"
2019-04-21,2019042101009371,EBL,25,28,400,668.00,"267,200.00"
2019-04-21,2019042101009357,EBL,25,28,255,668.00,"170,340.00"
2019-04-21,2019042101009356,EBL,25,14,145,667.00,"96,715.00"
2019-04-21,2019042101009268,EBL,28,38,100,665.00,"66,500.00"
2019-04-21,2019042101009267,EBL,28,20,20,665.00,"13,300.00"
2019-04-21,2019042101009266,EBL,28,29,185,665.00,"123,025.00"
2019-04-21,2019042101009572,EIC,29,41,338,993.00,"335,634.00"
2019-04-21,2019042101009568,EIC,19,7,19,990.00,"18,810.00"
2019-04-21,2019042101009567,EIC,26,7,200,990.00,"198,000.00"
2019-04-21,2019042101009566,EIC,51,7,81,990.00,"80,190.00"
2019-04-21,2019042101009533,EIC,51,7,69,990.00,"68,310.00"
2019-04-21,2019042101009345,EIC,48,33,30,990.00,"29,700.00"
2019-04-21,2019042101009234,EIC,20,32,10,994.00,"9,940.00"
2019-04-21,2019042101009233,EIC,52,32,25,994.00,"24,850.00"
2019-04-21,2019042101009344,EIC,32,33,20,990.00,"19,800.00"
2019-04-21,2019042101009343,EIC,16,33,151,990.00,"149,490.00"
2019-04-21,2019042101009322,EIC,19,33,100,991.00,"99,100.00"
2019-04-21,2019042101009293,EIC,19,33,200,991.00,"198,200.00"
2019-04-21,2019042101009271,EIC,19,33,25,993.00,"24,825.00"
2019-04-21,2019042101009235,EIC,11,32,14,994.00,"13,916.00"
2019-04-21,2019042101009615,FMDBL,44,48,224,385.00,"86,240.00"
2019-04-21,2019042101009342,FMDBL,45,48,224,385.00,"86,240.00"
2019-04-21,2019042101009512,GBIME,13,6,62,297.00,"18,414.00"
2019-04-21,2019042101009511,GBIME,34,6,38,297.00,"11,286.00"
2019-04-21,2019042101009449,GBIME,38,39,200,298.00,"59,600.00"
2019-04-21,2019042101009448,GBIME,16,39,130,298.00,"38,740.00"
2019-04-21,2019042101009447,GBIME,16,39,130,298.00,"38,740.00"
2019-04-21,2019042101009446,GBIME,55,39,250,298.00,"74,500.00"
2019-04-21,2019042101009358,GBIME,49,43,150,299.00,"44,850.00"
2019-04-21,2019042101009411,GBLBS,19,38,55,351.00,"19,305.00"
2019-04-21,2019042101009557,GDBL,34,44,58,199.00,"11,542.00"
2019-04-21,2019042101009556,GDBL,34,41,128,199.00,"25,472.00"
2019-04-21,2019042101009555,GDBL,34,29,100,199.00,"19,900.00"
2019-04-21,2019042101009365,GDBL,34,16,500,199.00,"99,500.00"
2019-04-21,2019042101009196,GFCL,13,10,500,119.00,"59,500.00"
2019-04-21,2019042101009611,GUFL,52,42,10,113.00,"1,130.00"
2019-04-21,2019042101009661,HBL,45,57,500,555.00,"277,500.00"
2019-04-21,2019042101009341,HBL,50,25,500,559.00,"279,500.00"
2019-04-21,2019042101009295,HBL,21,28,100,555.00,"55,500.00"
2019-04-21,2019042101009277,HGI,35,5,39,387.00,"15,093.00"
2019-04-21,2019042101009259,HGI,35,5,50,387.00,"19,350.00"
2019-04-21,2019042101009258,HGI,34,5,200,387.00,"77,400.00"
2019-04-21,2019042101009224,HGI,41,5,100,389.00,"38,900.00"
2019-04-21,2019042101009418,HIDCL,42,41,61,140.00,"8,540.00"
2019-04-21,2019042101009388,HIDCL,42,14,61,139.00,"8,479.00"
2019-04-21,2019042101009387,HIDCL,42,34,"1,500",139.00,"208,500.00"
2019-04-21,2019042101009386,HIDCL,42,17,50,138.00,"6,900.00"
2019-04-21,2019042101009385,HIDCL,42,17,25,138.00,"3,450.00"
2019-04-21,2019042101009529,JBBL,19,19,100,139.00,"13,900.00"
2019-04-21,2019042101009528,JBBL,53,19,100,139.00,"13,900.00"
2019-04-21,2019042101009477,JBNL,52,17,81,195.00,"15,795.00"
2019-04-21,2019042101009476,JBNL,54,17,100,195.00,"19,500.00"
2019-04-21,2019042101009475,JBNL,44,17,369,195.00,"71,955.00"
2019-04-21,2019042101009474,JBNL,21,48,13,196.00,"2,548.00"
2019-04-21,2019042101009473,JBNL,21,17,987,196.00,"193,452.00"
2019-04-21,2019042101009434,JBNL,44,17,13,196.00,"2,548.00"
2019-04-21,2019042101009433,JBNL,44,59,67,196.00,"13,132.00"
2019-04-21,2019042101009432,JBNL,44,57,420,196.00,"82,320.00"
2019-04-21,2019042101009286,JBNL,44,57,80,196.00,"15,680.00"
2019-04-21,2019042101009285,JBNL,44,58,220,196.00,"43,120.00"
2019-04-21,2019042101009276,JBNL,55,58,300,196.00,"58,800.00"
2019-04-21,2019042101009208,JBNL,44,58,500,196.00,"98,000.00"
2019-04-21,2019042101009347,KADBL,59,58,"1,000",164.00,"164,000.00"
2019-04-21,2019042101009564,KBBL,39,5,517,226.00,"116,842.00"
2019-04-21,2019042101009601,KBL,38,6,250,231.00,"57,750.00"
2019-04-21,2019042101009543,KBL,53,6,35,231.00,"8,085.00"
2019-04-21,2019042101009542,KBL,53,11,300,231.00,"69,300.00"
2019-04-21,2019042101009541,KBL,53,7,100,231.00,"23,100.00"
2019-04-21,2019042101009540,KBL,53,57,65,231.00,"15,015.00"
2019-04-21,2019042101009510,KBL,38,11,300,230.00,"69,000.00"
2019-04-21,2019042101009416,KBL,42,57,500,231.00,"115,500.00"
2019-04-21,2019042101009314,KBL,21,57,35,231.00,"8,085.00"
2019-04-21,2019042101009313,KBL,21,51,100,231.00,"23,100.00"
2019-04-21,2019042101009312,KBL,21,51,865,231.00,"199,815.00"
2019-04-21,2019042101009304,KBL,19,51,100,231.00,"23,100.00"
2019-04-21,2019042101009383,KMCDB,45,7,300,780.00,"234,000.00"
2019-04-21,2019042101009382,KMCDB,5,7,50,781.00,"39,050.00"
2019-04-21,2019042101009364,KMCDB,42,7,200,791.00,"158,200.00"
2019-04-21,2019042101009363,KMCDB,58,7,100,792.00,"79,200.00"
2019-04-21,2019042101009537,KSBBL,8,50,500,147.00,"73,500.00"
2019-04-21,2019042101009536,KSBBL,19,50,394,147.00,"57,918.00"
2019-04-21,2019042101009381,LBBL,50,54,100,180.00,"18,000.00"
2019-04-21,2019042101009380,LBBL,50,16,"1,600",180.00,"288,000.00"
2019-04-21,2019042101009379,LBBL,50,1,500,180.00,"90,000.00"
2019-04-21,2019042101009378,LBBL,50,43,"1,200",180.00,"216,000.00"
2019-04-21,2019042101009377,LBBL,50,21,100,180.00,"18,000.00"
2019-04-21,2019042101009376,LBBL,50,41,500,180.00,"90,000.00"
2019-04-21,2019042101009375,LBBL,50,46,25,180.00,"4,500.00"
2019-04-21,2019042101009374,LBBL,50,34,50,180.00,"9,000.00"
2019-04-21,2019042101009220,LBBL,3,34,200,180.00,"36,000.00"
2019-04-21,2019042101009219,LBBL,3,4,200,180.00,"36,000.00"
2019-04-21,2019042101009524,LBL,58,45,50,236.00,"11,800.00"
2019-04-21,2019042101009523,LBL,22,45,200,236.00,"47,200.00"
2019-04-21,2019042101009251,LBL,17,32,327,236.00,"77,172.00"
2019-04-21,2019042101009331,LEMF,45,29,"1,000",7.90,"7,900.00"
2019-04-21,2019042101009671,LLBS,47,41,26,835.00,"21,710.00"
2019-04-21,2019042101009609,LLBS,58,1,24,834.00,"20,016.00"
2019-04-21,2019042101009608,LLBS,58,41,60,832.00,"49,920.00"
2019-04-21,2019042101009470,LLBS,5,50,50,831.00,"41,550.00"
2019-04-21,2019042101009270,LLBS,5,50,15,831.00,"12,465.00"
2019-04-21,2019042101009638,MBL,40,11,100,269.00,"26,900.00"
2019-04-21,2019042101009600,MBL,26,38,36,269.00,"9,684.00"
2019-04-21,2019042101009599,MBL,6,38,464,269.00,"124,816.00"
2019-04-21,2019042101009526,MBL,21,49,100,270.00,"27,000.00"
2019-04-21,2019042101009479,MBL,6,47,536,269.00,"144,184.00"
2019-04-21,2019042101009459,MBL,6,47,600,269.00,"161,400.00"
2019-04-21,2019042101009452,MBL,21,47,"1,000",269.00,"269,000.00"
2019-04-21,2019042101009396,MBL,32,47,105,269.00,"28,245.00"
2019-04-21,2019042101009355,MBL,33,47,200,269.00,"53,800.00"
2019-04-21,2019042101009260,MBL,33,38,800,269.00,"215,200.00"
2019-04-21,2019042101009198,MBL,51,38,"1,200",269.00,"322,800.00"
2019-04-21,2019042101009453,MEGA,58,42,150,184.00,"27,600.00"
2019-04-21,2019042101009422,MEGA,19,43,"1,635",185.00,"302,475.00"
2019-04-21,2019042101009384,MEGA,19,25,14,185.00,"2,590.00"
2019-04-21,2019042101009261,MEGA,19,44,50,185.00,"9,250.00"
2019-04-21,2019042101009236,MEGA,19,5,301,185.00,"55,685.00"
2019-04-21,2019042101009607,MERO,38,32,141,606.00,"85,446.00"
2019-04-21,2019042101009581,MERO,38,17,102,605.00,"61,710.00"
2019-04-21,2019042101009580,MERO,38,48,16,605.00,"9,680.00"
2019-04-21,2019042101009562,MERO,38,39,100,604.00,"60,400.00"
2019-04-21,2019042101009561,MERO,38,8,16,604.00,"9,664.00"
2019-04-21,2019042101009560,MERO,38,33,50,604.00,"30,200.00"
2019-04-21,2019042101009496,MERO,38,6,30,598.00,"17,940.00"
2019-04-21,2019042101009404,MERO,29,42,50,595.00,"29,750.00"
2019-04-21,2019042101009502,MERO,38,34,40,600.00,"24,000.00"
2019-04-21,2019042101009501,MERO,38,34,40,600.00,"24,000.00"
2019-04-21,2019042101009500,MERO,38,34,60,600.00,"36,000.00"
2019-04-21,2019042101009499,MERO,38,34,40,600.00,"24,000.00"
2019-04-21,2019042101009498,MERO,38,1,100,600.00,"60,000.00"
2019-04-21,2019042101009497,MERO,38,3,33,599.00,"19,767.00"
2019-04-21,2019042101009565,NABIL,52,3,100,859.00,"85,900.00"
2019-04-21,2019042101009522,NABIL,5,3,25,859.00,"21,475.00"
2019-04-21,2019042101009521,NABIL,59,3,483,855.00,"412,965.00"
2019-04-21,2019042101009520,NABIL,43,3,17,855.00,"14,535.00"
2019-04-21,2019042101009195,NABIL,43,4,387,855.00,"330,885.00"
2019-04-21,2019042101009194,NABIL,43,52,96,854.00,"81,984.00"
2019-04-21,2019042101009242,NABILP,42,4,30,820.00,"24,600.00"
2019-04-21,2019042101009532,NADEP,41,50,30,612.00,"18,360.00"
2019-04-21,2019042101009531,NADEP,38,50,20,613.00,"12,260.00"
2019-04-21,2019042101009530,NADEP,53,50,50,613.00,"30,650.00"
2019-04-21,2019042101009525,NADEP,14,17,20,614.00,"12,280.00"
2019-04-21,2019042101009493,NADEP,53,14,20,613.00,"12,260.00"
2019-04-21,2019042101009492,NADEP,53,28,30,613.00,"18,390.00"
2019-04-21,2019042101009269,NADEP,17,21,10,614.00,"6,140.00"
2019-04-21,2019042101009442,NADEP,26,14,10,613.00,"6,130.00"
2019-04-21,2019042101009441,NADEP,39,14,10,613.00,"6,130.00"
2019-04-21,2019042101009440,NADEP,39,42,10,613.00,"6,130.00"
2019-04-21,2019042101009431,NADEP,39,17,20,614.00,"12,280.00"
2019-04-21,2019042101009427,NADEP,17,17,20,614.00,"12,280.00"
2019-04-21,2019042101009402,NADEP,17,42,10,614.00,"6,140.00"
2019-04-21,2019042101009491,NADEP,43,28,50,613.00,"30,650.00"
2019-04-21,2019042101009490,NADEP,43,28,20,613.00,"12,260.00"
2019-04-21,2019042101009487,NADEP,17,26,10,614.00,"6,140.00"
2019-04-21,2019042101009485,NADEP,43,13,130,613.00,"79,690.00"
2019-04-21,2019042101009483,NADEP,26,14,15,613.00,"9,195.00"
2019-04-21,2019042101009585,NBB,42,48,200,227.00,"45,400.00"
2019-04-21,2019042101009430,NBB,53,42,200,226.00,"45,200.00"
2019-04-21,2019042101009414,NBB,45,48,"1,000",227.00,"227,000.00"
2019-04-21,2019042101009397,NBB,22,48,100,227.00,"22,700.00"
2019-04-21,2019042101009273,NBB,36,58,400,226.00,"90,400.00"
2019-04-21,2019042101009588,NBBL,38,17,169,620.00,"104,780.00"
2019-04-21,2019042101009587,NBBL,52,17,30,620.00,"18,600.00"
2019-04-21,2019042101009668,NBL,49,39,870,314.00,"273,180.00"
2019-04-21,2019042101009667,NBL,21,39,130,314.00,"40,820.00"
2019-04-21,2019042101009634,NBL,21,39,"1,000",314.00,"314,000.00"
2019-04-21,2019042101009620,NBL,50,4,100,315.00,"31,500.00"
2019-04-21,2019042101009582,NBL,21,40,370,314.00,"116,180.00"
2019-04-21,2019042101009579,NBL,57,39,"1,000",314.00,"314,000.00"
2019-04-21,2019042101009223,NBL,16,4,500,315.00,"157,500.00"
2019-04-21,2019042101009215,NBL,45,4,"2,500",315.00,"787,500.00"
2019-04-21,2019042101009212,NBL,7,4,"2,000",315.00,"630,000.00"
2019-04-21,2019042101009274,NBL,49,4,500,315.00,"157,500.00"
2019-04-21,2019042101009232,NBL,21,17,890,314.00,"279,460.00"
2019-04-21,2019042101009231,NBL,57,17,500,314.00,"157,000.00"
2019-04-21,2019042101009230,NBL,38,17,"1,000",314.00,"314,000.00"
2019-04-21,2019042101009229,NBL,17,17,110,314.00,"34,540.00"
2019-04-21,2019042101009228,NBL,16,17,500,315.00,"157,500.00"
2019-04-21,2019042101009420,NBL,34,53,990,314.00,"310,860.00"
2019-04-21,2019042101009419,NBL,25,53,10,314.00,"3,140.00"
2019-04-21,2019042101009390,NBL,22,4,100,315.00,"31,500.00"
2019-04-21,2019042101009346,NBL,25,42,200,314.00,"62,800.00"
2019-04-21,2019042101009324,NBL,25,34,90,314.00,"28,260.00"
2019-04-21,2019042101009323,NBL,21,34,110,314.00,"34,540.00"
2019-04-21,2019042101009472,NBL,14,4,110,315.00,"34,650.00"
2019-04-21,2019042101009471,NBL,14,40,190,314.00,"59,660.00"
2019-04-21,2019042101009469,NBL,1,40,"1,500",314.00,"471,000.00"
2019-04-21,2019042101009468,NBL,49,40,"1,000",314.00,"314,000.00"
2019-04-21,2019042101009467,NBL,52,40,300,314.00,"94,200.00"
2019-04-21,2019042101009466,NBL,34,40,10,314.00,"3,140.00"
2019-04-21,2019042101009578,NCCB,58,51,293,237.00,"69,441.00"
2019-04-21,2019042101009577,NCCB,58,41,107,237.00,"25,359.00"
2019-04-21,2019042101009550,NCCB,56,39,426,236.00,"100,536.00"
2019-04-21,2019042101009549,NCCB,36,39,574,236.00,"135,464.00"
2019-04-21,2019042101009545,NCCB,36,32,200,236.00,"47,200.00"
2019-04-21,2019042101009486,NCCB,56,22,300,237.00,"71,100.00"
2019-04-21,2019042101009174,NCCB,45,32,310,237.00,"73,470.00"
2019-04-21,2019042101009173,NCCB,45,38,190,237.00,"45,030.00"
2019-04-21,2019042101009301,NCCB,36,22,690,237.00,"163,530.00"
2019-04-21,2019042101009300,NCCB,36,6,500,237.00,"118,500.00"
2019-04-21,2019042101009299,NCCB,36,16,170,237.00,"40,290.00"
2019-04-21,2019042101009298,NCCB,36,11,400,237.00,"94,800.00"
2019-04-21,2019042101009297,NCCB,36,34,50,237.00,"11,850.00"
2019-04-21,2019042101009296,NCCB,36,32,190,237.00,"45,030.00"
2019-04-21,2019042101009400,NCCB,36,49,"1,226",236.00,"289,336.00"
2019-04-21,2019042101009399,NCCB,58,49,500,236.00,"118,000.00"
2019-04-21,2019042101009398,NCCB,48,49,300,236.00,"70,800.00"
2019-04-21,2019042101009330,NCCB,48,42,200,236.00,"47,200.00"
2019-04-21,2019042101009311,NCCB,48,47,"2,500",236.00,"590,000.00"
2019-04-21,2019042101009310,NCCB,56,47,500,236.00,"118,000.00"
2019-04-21,2019042101009302,NCDB,35,56,500,140.00,"70,000.00"
2019-04-21,2019042101009401,NHDL,28,25,10,122.00,"1,220.00"
2019-04-21,2019042101009663,NHPC,17,34,"1,000",72.00,"72,000.00"
2019-04-21,2019042101009664,NIB,38,1,43,566.00,"24,338.00"
2019-04-21,2019042101009558,NIB,4,13,107,565.00,"60,455.00"
2019-04-21,2019042101009282,NIB,4,29,100,565.00,"56,500.00"
2019-04-21,2019042101009281,NIB,4,49,100,565.00,"56,500.00"
2019-04-21,2019042101009280,NIB,4,58,173,565.00,"97,745.00"
2019-04-21,2019042101009253,NIB,59,44,450,564.00,"253,800.00"
2019-04-21,2019042101009252,NIB,34,44,50,564.00,"28,200.00"
2019-04-21,2019042101009246,NIB,8,58,207,565.00,"116,955.00"
2019-04-21,2019042101009245,NIB,8,25,43,565.00,"24,295.00"
2019-04-21,2019042101009244,NIB,8,58,50,565.00,"28,250.00"
2019-04-21,2019042101009243,NIB,8,36,200,565.00,"113,000.00"
2019-04-21,2019042101009665,NICA,28,58,20,495.00,"9,900.00"
2019-04-21,2019042101009647,NICA,44,39,10,494.00,"4,940.00"
2019-04-21,2019042101009645,NICA,34,44,100,495.00,"49,500.00"
2019-04-21,2019042101009644,NICA,34,18,102,495.00,"50,490.00"
2019-04-21,2019042101009643,NICA,34,5,100,495.00,"49,500.00"
2019-04-21,2019042101009642,NICA,34,36,50,495.00,"24,750.00"
2019-04-21,2019042101009193,NICA,49,40,74,491.00,"36,334.00"
2019-04-21,2019042101009192,NICA,49,43,66,491.00,"32,406.00"
2019-04-21,2019042101009191,NICA,49,21,660,491.00,"324,060.00"
2019-04-21,2019042101009190,NICA,49,8,200,491.00,"98,200.00"
2019-04-21,2019042101009321,NICA,34,22,"1,826",491.00,"896,566.00"
2019-04-21,2019042101009264,NICA,49,17,500,490.00,"245,000.00"
2019-04-21,2019042101009263,NICA,58,17,100,490.00,"49,000.00"
2019-04-21,2019042101009262,NICA,26,17,500,490.00,"245,000.00"
2019-04-21,2019042101009221,NICA,38,40,100,491.00,"49,100.00"
2019-04-21,2019042101009209,NICA,49,43,100,490.00,"49,000.00"
2019-04-21,2019042101009353,NICA,4,8,100,492.00,"49,200.00"
2019-04-21,2019042101009352,NICA,4,6,104,492.00,"51,168.00"
2019-04-21,2019042101009335,NICA,49,28,50,490.00,"24,500.00"
2019-04-21,2019042101009327,NICA,4,6,296,492.00,"145,632.00"
2019-04-21,2019042101009326,NICA,4,58,30,492.00,"14,760.00"
2019-04-21,2019042101009325,NICA,4,22,174,491.00,"85,434.00"
2019-04-21,2019042101009538,NICA,57,25,400,492.00,"196,800.00"
2019-04-21,2019042101009519,NICA,34,21,146,492.00,"71,832.00"
2019-04-21,2019042101009518,NICA,34,33,54,492.00,"26,568.00"
2019-04-21,2019042101009478,NICA,49,39,480,491.00,"235,680.00"
2019-04-21,2019042101009421,NICA,4,33,46,492.00,"22,632.00"
2019-04-21,2019042101009354,NICA,4,28,250,492.00,"123,000.00"
2019-04-21,2019042101009604,NICA,44,42,150,494.00,"74,100.00"
2019-04-21,2019042101009603,NICA,44,54,100,493.00,"49,300.00"
2019-04-21,2019042101009602,NICA,44,34,320,493.00,"157,760.00"
2019-04-21,2019042101009586,NICA,52,34,200,493.00,"98,600.00"
2019-04-21,2019042101009563,NICA,57,18,846,492.00,"416,232.00"
2019-04-21,2019042101009539,NICA,57,21,254,492.00,"124,968.00"
2019-04-21,2019042101009641,NICA,34,17,"1,000",495.00,"495,000.00"
2019-04-21,2019042101009640,NICA,34,50,"1,000",495.00,"495,000.00"
2019-04-21,2019042101009639,NICA,34,8,100,495.00,"49,500.00"
2019-04-21,2019042101009610,NICA,44,54,100,494.00,"49,400.00"
2019-04-21,2019042101009606,NICA,44,26,800,494.00,"395,200.00"
2019-04-21,2019042101009605,NICA,44,25,100,494.00,"49,400.00"
2019-04-21,2019042101009513,NICL,54,13,404,379.00,"153,116.00"
2019-04-21,2019042101009439,NIL,41,50,100,524.00,"52,400.00"
2019-04-21,2019042101009505,NLIC,34,57,45,"1,120.00","50,400.00"
2019-04-21,2019042101009504,NLIC,40,57,55,"1,120.00","61,600.00"
2019-04-21,2019042101009503,NLIC,40,58,15,"1,120.00","16,800.00"
2019-04-21,2019042101009457,NLIC,40,22,30,"1,120.00","33,600.00"
2019-04-21,2019042101009255,NLIC,25,42,150,"1,120.00","168,000.00"
2019-04-21,2019042101009637,NLICL,56,19,230,591.00,"135,930.00"
2019-04-21,2019042101009636,NLICL,38,19,200,592.00,"118,400.00"
2019-04-21,2019042101009635,NLICL,21,19,10,592.00,"5,920.00"
2019-04-21,2019042101009619,NMB,52,6,20,387.00,"7,740.00"
2019-04-21,2019042101009618,NMB,52,39,180,387.00,"69,660.00"
2019-04-21,2019042101009575,NMB,33,39,120,387.00,"46,440.00"
2019-04-21,2019042101009574,NMB,33,17,350,387.00,"135,450.00"
2019-04-21,2019042101009573,NMB,33,58,30,386.00,"11,580.00"
2019-04-21,2019042101009571,NMB,32,58,470,386.00,"181,420.00"
2019-04-21,2019042101009185,NMB,7,58,"1,500",386.00,"579,000.00"
2019-04-21,2019042101009184,NMB,14,58,223,386.00,"86,078.00"
2019-04-21,2019042101009172,NMB,14,11,15,386.00,"5,790.00"
2019-04-21,2019042101009392,NMB,36,58,"1,017",386.00,"392,562.00"
2019-04-21,2019042101009320,NMB,14,25,389,385.00,"149,765.00"
2019-04-21,2019042101009319,NMB,38,25,100,385.00,"38,500.00"
2019-04-21,2019042101009318,NMB,4,25,150,385.00,"57,750.00"
2019-04-21,2019042101009317,NMB,36,25,861,385.00,"331,485.00"
2019-04-21,2019042101009309,NMB,14,58,260,386.00,"100,360.00"
2019-04-21,2019042101009569,NMB,32,8,500,386.00,"193,000.00"
2019-04-21,2019042101009517,NMB,32,45,30,386.00,"11,580.00"
2019-04-21,2019042101009458,NMB,4,58,"1,000",386.00,"386,000.00"
2019-04-21,2019042101009438,NMB,44,58,"1,000",386.00,"386,000.00"
2019-04-21,2019042101009437,NMB,14,58,"1,000",386.00,"386,000.00"
2019-04-21,2019042101009393,NMB,36,6,238,386.00,"91,868.00"
2019-04-21,2019042101009279,NMFBS,33,17,15,"1,760.00","26,400.00"
2019-04-21,2019042101009278,NMFBS,33,38,44,"1,760.00","77,440.00"
2019-04-21,2019042101009254,NMFBS,33,22,93,"1,758.00","163,494.00"
2019-04-21,2019042101009527,NUBL,4,42,50,830.00,"41,500.00"
2019-04-21,2019042101009303,NUBL,33,38,79,828.00,"65,412.00"
2019-04-21,2019042101009662,PCBL,11,42,100,348.00,"34,800.00"
2019-04-21,2019042101009592,PCBL,13,44,50,349.00,"17,450.00"
2019-04-21,2019042101009553,PCBL,11,42,59,348.00,"20,532.00"
2019-04-21,2019042101009552,PCBL,50,42,42,348.00,"14,616.00"
2019-04-21,2019042101009495,PCBL,50,45,58,348.00,"20,184.00"
2019-04-21,2019042101009494,PCBL,34,45,88,348.00,"30,624.00"
2019-04-21,2019042101009369,PCBL,34,6,100,348.00,"34,800.00"
2019-04-21,2019042101009250,PCBL,34,45,50,348.00,"17,400.00"
2019-04-21,2019042101009249,PCBL,34,58,67,348.00,"23,316.00"
2019-04-21,2019042101009595,PIC,5,1,39,"1,025.00","39,975.00"
2019-04-21,2019042101009594,PIC,5,19,11,"1,024.00","11,264.00"
2019-04-21,2019042101009428,PIC,48,43,102,"1,024.00","104,448.00"
2019-04-21,2019042101009551,PLIC,38,17,100,465.00,"46,500.00"
2019-04-21,2019042101009666,PRVU,32,58,100,278.00,"27,800.00"
2019-04-21,2019042101009653,PRVU,32,52,69,278.00,"19,182.00"
2019-04-21,2019042101009652,PRVU,6,52,931,278.00,"258,818.00"
2019-04-21,2019042101009598,PRVU,6,49,69,278.00,"19,182.00"
2019-04-21,2019042101009597,PRVU,50,49,100,278.00,"27,800.00"
2019-04-21,2019042101009596,PRVU,19,49,"1,331",278.00,"370,018.00"
2019-04-21,2019042101009181,PRVU,36,38,500,279.00,"139,500.00"
2019-04-21,2019042101009180,PRVU,36,46,"1,459",279.00,"407,061.00"
2019-04-21,2019042101009179,PRVU,36,8,200,279.00,"55,800.00"
2019-04-21,2019042101009178,PRVU,36,53,500,279.00,"139,500.00"
2019-04-21,2019042101009308,PRVU,25,59,200,277.00,"55,400.00"
2019-04-21,2019042101009307,PRVU,57,59,"1,000",278.00,"278,000.00"
2019-04-21,2019042101009306,PRVU,45,59,100,278.00,"27,800.00"
2019-04-21,2019042101009305,PRVU,41,59,189,278.00,"52,542.00"
2019-04-21,2019042101009183,PRVU,36,25,279,279.00,"77,841.00"
2019-04-21,2019042101009182,PRVU,36,39,62,279.00,"17,298.00"
2019-04-21,2019042101009576,PRVU,19,36,169,278.00,"46,982.00"
2019-04-21,2019042101009570,PRVU,19,43,200,278.00,"55,600.00"
2019-04-21,2019042101009403,RBCL,38,32,50,"9,153.00","457,650.00"
2019-04-21,2019042101009451,RMDC,5,39,10,598.00,"5,980.00"
2019-04-21,2019042101009450,RMDC,5,16,15,595.00,"8,925.00"
2019-04-21,2019042101009367,RMDC,47,40,10,595.00,"5,950.00"
2019-04-21,2019042101009366,RMDC,47,10,18,594.00,"10,692.00"
2019-04-21,2019042101009336,RMDC,47,5,178,594.00,"105,732.00"
2019-04-21,2019042101009288,RMDC,47,10,200,594.00,"118,800.00"
2019-04-21,2019042101009489,SANIMA,21,7,115,344.00,"39,560.00"
2019-04-21,2019042101009482,SANIMA,22,7,300,344.00,"103,200.00"
2019-04-21,2019042101009481,SANIMA,38,7,100,344.00,"34,400.00"
2019-04-21,2019042101009480,SANIMA,50,7,400,344.00,"137,600.00"
2019-04-21,2019042101009362,SANIMA,50,42,100,344.00,"34,400.00"
2019-04-21,2019042101009284,SANIMA,28,43,150,346.00,"51,900.00"
2019-04-21,2019042101009283,SANIMA,28,46,50,345.00,"17,250.00"
2019-04-21,2019042101009660,SBI,1,28,490,511.00,"250,390.00"
2019-04-21,2019042101009659,SBI,1,38,200,511.00,"102,200.00"
2019-04-21,2019042101009658,SBI,1,8,50,511.00,"25,550.00"
2019-04-21,2019042101009657,SBI,1,34,300,510.00,"153,000.00"
2019-04-21,2019042101009656,SBI,1,52,460,510.00,"234,600.00"
2019-04-21,2019042101009591,SBI,1,52,40,510.00,"20,400.00"
2019-04-21,2019042101009590,SBI,1,25,300,510.00,"153,000.00"
2019-04-21,2019042101009589,SBI,1,21,20,509.00,"10,180.00"
2019-04-21,2019042101009455,SBI,43,25,450,510.00,"229,500.00"
2019-04-21,2019042101009454,SBI,43,21,50,509.00,"25,450.00"
2019-04-21,2019042101009395,SBI,46,28,100,508.00,"50,800.00"
2019-04-21,2019042101009516,SBL,4,45,150,350.00,"52,500.00"
2019-04-21,2019042101009515,SBL,40,45,100,350.00,"35,000.00"
2019-04-21,2019042101009461,SBL,28,57,500,351.00,"175,500.00"
2019-04-21,2019042101009460,SBL,28,50,365,351.00,"128,115.00"
2019-04-21,2019042101009370,SBL,40,50,100,351.00,"35,100.00"
2019-04-21,2019042101009359,SBL,58,50,35,351.00,"12,285.00"
2019-04-21,2019042101009265,SBL,26,1,50,352.00,"17,600.00"
2019-04-21,2019042101009210,SBL,58,52,65,351.00,"22,815.00"
2019-04-21,2019042101009197,SCB,43,17,150,675.00,"101,250.00"
2019-04-21,2019042101009372,SCB,53,43,50,682.00,"34,100.00"
2019-04-21,2019042101009340,SCB,42,43,31,683.00,"21,173.00"
2019-04-21,2019042101009339,SCB,42,21,50,683.00,"34,150.00"
2019-04-21,2019042101009338,SCB,42,29,19,683.00,"12,977.00"
2019-04-21,2019042101009213,SCB,36,29,11,683.00,"7,513.00"
2019-04-21,2019042101009456,SCB,50,7,100,680.00,"68,000.00"
2019-04-21,2019042101009646,SDESI,39,22,200,624.00,"124,800.00"
2019-04-21,2019042101009559,SDESI,39,4,11,624.00,"6,864.00"
2019-04-21,2019042101009462,SDESI,38,38,200,620.00,"124,000.00"
2019-04-21,2019042101009368,SDESI,39,4,11,623.00,"6,853.00"
2019-04-21,2019042101009337,SDESI,39,17,150,624.00,"93,600.00"
2019-04-21,2019042101009334,SDESI,29,17,46,624.00,"28,704.00"
2019-04-21,2019042101009211,SDESI,39,29,50,623.00,"31,150.00"
2019-04-21,2019042101009333,SDESI,29,11,65,624.00,"40,560.00"
2019-04-21,2019042101009332,SDESI,29,33,89,623.00,"55,447.00"
2019-04-21,2019042101009292,SDESI,39,14,27,624.00,"16,848.00"
2019-04-21,2019042101009291,SDESI,39,47,73,624.00,"45,552.00"
2019-04-21,2019042101009226,SDESI,39,47,50,624.00,"31,200.00"
2019-04-21,2019042101009225,SDESI,39,50,50,620.00,"31,000.00"
2019-04-21,2019042101009651,SHIVM,42,59,400,304.00,"121,600.00"
2019-04-21,2019042101009650,SHIVM,44,59,"1,000",304.00,"304,000.00"
2019-04-21,2019042101009649,SHIVM,16,59,50,304.00,"15,200.00"
2019-04-21,2019042101009648,SHIVM,44,59,50,304.00,"15,200.00"
2019-04-21,2019042101009544,SHIVM,45,32,420,305.00,"128,100.00"
2019-04-21,2019042101009424,SHIVM,41,32,20,305.00,"6,100.00"
2019-04-21,2019042101009423,SHIVM,19,32,260,305.00,"79,300.00"
2019-04-21,2019042101009373,SHL,56,41,300,213.00,"63,900.00"
2019-04-21,2019042101009410,SHPC,47,43,500,233.00,"116,500.00"
2019-04-21,2019042101009409,SHPC,47,17,106,232.00,"24,592.00"
2019-04-21,2019042101009408,SHPC,47,29,"1,011",231.00,"233,541.00"
2019-04-21,2019042101009407,SHPC,47,53,200,231.00,"46,200.00"
2019-04-21,2019042101009406,SHPC,47,57,"2,000",230.00,"460,000.00"
2019-04-21,2019042101009405,SHPC,47,7,511,229.00,"117,019.00"
2019-04-21,2019042101009488,SKBBL,50,8,50,"1,007.00","50,350.00"
2019-04-21,2019042101009247,SLICL,14,57,70,541.00,"37,870.00"
2019-04-21,2019042101009413,SRBL,45,39,100,258.00,"25,800.00"
2019-04-21,2019042101009412,SRBL,45,59,70,258.00,"18,060.00"
2019-04-21,2019042101009222,SRBL,10,59,500,258.00,"129,000.00"
2019-04-21,2019042101009187,SRBL,29,59,230,258.00,"59,340.00"
2019-04-21,2019042101009429,TRH,22,48,100,238.00,"23,800.00"
2019-04-21,2019042101009239,UIC,41,32,70,850.00,"59,500.00"
2019-04-21,2019042101009188,UIC,41,17,180,850.00,"153,000.00"
2019-04-21,2019042101009175,UIC,38,17,20,850.00,"17,000.00"
2019-04-21,2019042101009669,UMHL,26,29,14,109.00,"1,526.00"
2019-04-21,2019042101009509,UPCL,59,32,50,91.00,"4,550.00"
2019-04-21,2019042101009445,UPCL,59,32,300,91.00,"27,300.00"
2019-04-21,2019042101009417,UPCL,59,34,300,91.00,"27,300.00"
2019-04-21,2019042101009508,UPPER,25,42,50,229.00,"11,450.00"
2019-04-21,2019042101009415,UPPER,19,5,50,228.00,"11,400.00"
2019-04-21,2019042101009248,UPPER,19,11,42,228.00,"9,576.00"
2019-04-21,2019042101009119,AHPC,5,48,300,100.00,"30,000.00"
2019-04-21,2019042101009076,ALBSL,22,11,10,468.00,"4,680.00"
2019-04-21,2019042101008749,ALBSL,45,26,10,475.00,"4,750.00"
2019-04-21,2019042101008733,ALBSL,45,53,200,473.00,"94,600.00"
2019-04-21,2019042101008732,ALBSL,45,17,10,473.00,"4,730.00"
2019-04-21,2019042101008731,ALBSL,45,41,10,471.00,"4,710.00"
2019-04-21,2019042101008730,ALBSL,45,55,10,470.00,"4,700.00"
2019-04-21,2019042101008729,ALBSL,45,39,10,470.00,"4,700.00"
2019-04-21,2019042101008856,AMFI,45,57,10,625.00,"6,250.00"
2019-04-21,2019042101009135,API,25,58,160,135.00,"21,600.00"
2019-04-21,2019042101008698,BARUN,45,58,20,92.00,"1,840.00"
2019-04-21,2019042101008751,BFC,14,41,100,92.00,"9,200.00"
2019-04-21,2019042101008750,BFC,10,41,78,93.00,"7,254.00"
2019-04-21,2019042101008975,BOKL,32,57,158,284.00,"44,872.00"
2019-04-21,2019042101008886,BOKL,1,28,100,285.00,"28,500.00"
2019-04-21,2019042101008885,BOKL,1,22,100,285.00,"28,500.00"
2019-04-21,2019042101009118,BPCL,7,50,729,361.00,"263,169.00"
2019-04-21,2019042101009117,BPCL,49,50,457,361.00,"164,977.00"
2019-04-21,2019042101009008,BPCL,58,50,300,362.00,"108,600.00"
2019-04-21,2019042101009037,CBBL,59,44,130,"1,043.00","135,590.00"
2019-04-21,2019042101009036,CBBL,59,26,60,"1,043.00","62,580.00"
2019-04-21,2019042101009035,CBBL,59,44,10,"1,043.00","10,430.00"
2019-04-21,2019042101009024,CBBL,17,42,50,"1,040.00","52,000.00"
2019-04-21,2019042101009023,CBBL,46,42,80,"1,040.00","83,200.00"
2019-04-21,2019042101008691,CBBL,33,39,50,"1,043.00","52,150.00"
2019-04-21,2019042101008690,CBBL,33,39,50,"1,043.00","52,150.00"
2019-04-21,2019042101008689,CBBL,33,39,50,"1,043.00","52,150.00"
2019-04-21,2019042101008688,CBBL,33,6,20,"1,042.00","20,840.00"
2019-04-21,2019042101008687,CBBL,33,39,100,"1,042.00","104,200.00"
2019-04-21,2019042101009159,CBL,26,41,700,171.00,"119,700.00"
2019-04-21,2019042101009144,CBL,17,41,"1,500",171.00,"256,500.00"
2019-04-21,2019042101009143,CBL,1,41,"1,000",171.00,"171,000.00"
2019-04-21,2019042101009134,CBL,50,41,700,171.00,"119,700.00"
2019-04-21,2019042101008692,CBL,51,1,100,170.00,"17,000.00"
2019-04-21,2019042101008834,CCBL,34,56,100,170.00,"17,000.00"
2019-04-21,2019042101008809,CCBL,25,21,716,170.00,"121,720.00"
2019-04-21,2019042101008778,CCBL,34,58,250,171.00,"42,750.00"
2019-04-21,2019042101009129,CHCL,48,25,75,511.00,"38,325.00"
2019-04-21,2019042101009128,CHCL,48,38,50,510.00,"25,500.00"
2019-04-21,2019042101008723,CHCL,16,38,50,510.00,"25,500.00"
2019-04-21,2019042101008931,CHLBS,14,40,60,493.00,"29,580.00"
2019-04-21,2019042101008930,CHLBS,14,55,10,492.00,"4,920.00"
2019-04-21,2019042101009150,CZBIL,42,28,200,232.00,"46,400.00"
2019-04-21,2019042101009149,CZBIL,43,28,100,232.00,"23,200.00"
2019-04-21,2019042101009148,CZBIL,19,28,229,232.00,"53,128.00"
2019-04-21,2019042101009147,CZBIL,51,28,84,232.00,"19,488.00"
2019-04-21,2019042101009140,CZBIL,56,57,331,233.00,"77,123.00"
2019-04-21,2019042101009139,CZBIL,56,29,200,233.00,"46,600.00"
2019-04-21,2019042101009138,CZBIL,56,22,469,233.00,"109,277.00"
2019-04-21,2019042101009000,CZBIL,51,17,216,232.00,"50,112.00"
2019-04-21,2019042101008999,CZBIL,34,17,160,232.00,"37,120.00"
2019-04-21,2019042101008878,CZBIL,39,22,31,233.00,"7,223.00"
2019-04-21,2019042101008877,CZBIL,39,48,169,233.00,"39,377.00"
2019-04-21,2019042101009046,DDBL,6,10,550,693.00,"381,150.00"
2019-04-21,2019042101009045,DDBL,6,35,50,692.00,"34,600.00"
2019-04-21,2019042101008867,DDBL,10,16,75,690.00,"51,750.00"
2019-04-21,2019042101008968,DHPL,19,34,11,82.00,902.00
2019-04-21,2019042101009116,EBL,26,29,200,665.00,"133,000.00"
2019-04-21,2019042101008831,EBL,38,14,100,660.00,"66,000.00"
2019-04-21,2019042101008907,EBL,44,11,204,660.00,"134,640.00"
2019-04-21,2019042101008906,EBL,44,13,41,660.00,"27,060.00"
2019-04-21,2019042101008905,EBL,44,6,100,660.00,"66,000.00"
2019-04-21,2019042101008904,EBL,44,6,155,660.00,"102,300.00"
2019-04-21,2019042101008876,EBL,32,6,45,660.00,"29,700.00"
2019-04-21,2019042101008875,EBL,32,14,210,660.00,"138,600.00"
2019-04-21,2019042101008943,EBL,44,17,413,660.00,"272,580.00"
2019-04-21,2019042101008926,EBL,10,17,54,660.00,"35,640.00"
2019-04-21,2019042101008925,EBL,10,59,100,660.00,"66,000.00"
2019-04-21,2019042101008924,EBL,10,21,50,660.00,"33,000.00"
2019-04-21,2019042101008923,EBL,10,11,296,660.00,"195,360.00"
2019-04-21,2019042101008922,EBL,44,11,500,660.00,"330,000.00"
2019-04-21,2019042101008976,EBL,42,46,200,664.00,"132,800.00"
2019-04-21,2019042101008954,EBL,42,45,10,662.00,"6,620.00"
2019-04-21,2019042101008953,EBL,42,45,11,662.00,"7,282.00"
2019-04-21,2019042101008952,EBL,42,43,413,660.00,"272,580.00"
2019-04-21,2019042101008944,EBL,44,43,87,660.00,"57,420.00"
2019-04-21,2019042101009016,EBL,45,17,90,665.00,"59,850.00"
2019-04-21,2019042101008977,EBL,42,17,10,665.00,"6,650.00"
2019-04-21,2019042101009068,EBL,32,29,30,665.00,"19,950.00"
2019-04-21,2019042101009034,EBL,32,29,285,665.00,"189,525.00"
2019-04-21,2019042101009033,EBL,32,22,240,665.00,"159,600.00"
2019-04-21,2019042101009022,EBL,48,22,100,665.00,"66,500.00"
2019-04-21,2019042101009017,EBL,45,22,160,665.00,"106,400.00"
2019-04-21,2019042101009020,EIC,16,59,49,990.00,"48,510.00"
2019-04-21,2019042101009019,EIC,39,59,10,990.00,"9,900.00"
2019-04-21,2019042101009018,EIC,32,59,29,990.00,"28,710.00"
2019-04-21,2019042101009007,EIC,32,41,21,990.00,"20,790.00"
2019-04-21,2019042101009006,EIC,37,41,100,991.00,"99,100.00"
2019-04-21,2019042101009005,EIC,42,41,10,991.00,"9,910.00"
2019-04-21,2019042101008818,EIC,39,45,10,993.00,"9,930.00"
2019-04-21,2019042101008770,EIC,14,49,80,994.00,"79,520.00"
2019-04-21,2019042101008769,EIC,14,7,20,992.00,"19,840.00"
2019-04-21,2019042101008765,EIC,51,7,10,992.00,"9,920.00"
2019-04-21,2019042101008764,EIC,11,7,10,992.00,"9,920.00"
2019-04-21,2019042101008763,EIC,51,7,10,993.00,"9,930.00"
2019-04-21,2019042101008903,EIC,51,36,47,991.00,"46,577.00"
2019-04-21,2019042101008902,EIC,51,36,80,991.00,"79,280.00"
2019-04-21,2019042101008901,EIC,55,36,13,991.00,"12,883.00"
2019-04-21,2019042101008892,EIC,51,6,20,991.00,"19,820.00"
2019-04-21,2019042101008874,EIC,55,41,12,991.00,"11,892.00"
2019-04-21,2019042101008873,EIC,51,41,13,991.00,"12,883.00"
2019-04-21,2019042101009004,EIC,29,41,100,993.00,"99,300.00"
2019-04-21,2019042101009003,EIC,42,41,19,993.00,"18,867.00"
2019-04-21,2019042101008982,EIC,28,32,100,994.00,"99,400.00"
2019-04-21,2019042101008979,EIC,42,32,11,993.00,"10,923.00"
2019-04-21,2019042101008951,EIC,1,32,83,992.00,"82,336.00"
2019-04-21,2019042101008936,EIC,1,6,17,992.00,"16,864.00"
2019-04-21,2019042101008995,GBBL,22,20,30,207.00,"6,210.00"
2019-04-21,2019042101008994,GBBL,22,45,500,207.00,"103,500.00"
2019-04-21,2019042101008993,GBBL,22,32,500,207.00,"103,500.00"
2019-04-21,2019042101008992,GBBL,22,32,500,207.00,"103,500.00"
