Date,Transact. No.,Symbol,Buyer,Seller,Quantity,Rate,Amount
2020-07-16,2020071601016406,ADBL,49,34,100,400.00,"40,000.00"
2020-07-16,2020071601016394,ADBL,49,4,906,400.00,"362,400.00"
2020-07-16,2020071601016366,ADBL,19,50,300,401.00,"120,300.00"
2020-07-16,2020071601016055,ADBL,42,50,126,401.00,"50,526.00"
2020-07-16,2020071601016430,AHPC,51,33,20,96.00,"1,920.00"
2020-07-16,2020071601016489,AKPL,25,17,100,117.00,"11,700.00"
2020-07-16,2020071601016444,AKPL,13,57,300,116.00,"34,800.00"
2020-07-16,2020071601016443,AKPL,57,57,200,116.00,"23,200.00"
2020-07-16,2020071601016508,ALICL,14,16,10,615.00,"6,150.00"
2020-07-16,2020071601016462,ALICL,57,57,30,614.00,"18,420.00"
2020-07-16,2020071601016373,ALICL,57,57,470,614.00,"288,580.00"
2020-07-16,2020071601016372,ALICL,57,50,80,614.00,"49,120.00"
2020-07-16,2020071601016371,ALICL,57,19,50,613.00,"30,650.00"
2020-07-16,2020071601016370,ALICL,57,1,400,612.00,"244,800.00"
2020-07-16,2020071601016225,ALICL,57,57,100,610.00,"61,000.00"
2020-07-16,2020071601016224,ALICL,45,57,"1,000",610.00,"610,000.00"
2020-07-16,2020071601016223,ALICL,37,57,100,610.00,"61,000.00"
2020-07-16,2020071601016222,ALICL,22,57,200,611.00,"122,200.00"
2020-07-16,2020071601016082,BNT,32,25,10,"6,295.00","62,950.00"
2020-07-16,2020071601016516,BOKL,13,14,34,225.00,"7,650.00"
2020-07-16,2020071601016426,BOKL,25,14,66,225.00,"14,850.00"
2020-07-16,2020071601016425,BOKL,25,41,34,225.00,"7,650.00"
2020-07-16,2020071601016434,CBBL,17,5,50,"1,097.00","54,850.00"
2020-07-16,2020071601016492,CBL,48,17,21,145.00,"3,045.00"
2020-07-16,2020071601016491,CBL,48,43,25,144.00,"3,600.00"
2020-07-16,2020071601016421,CCBL,22,25,71,172.00,"12,212.00"
2020-07-16,2020071601016416,CCBL,22,17,140,172.00,"24,080.00"
2020-07-16,2020071601016405,CCBL,22,17,360,172.00,"61,920.00"
2020-07-16,2020071601016404,CCBL,22,19,140,172.00,"24,080.00"
2020-07-16,2020071601016500,CFCL,25,4,40,126.00,"5,040.00"
2020-07-16,2020071601016495,CFCL,4,4,10,126.00,"1,260.00"
2020-07-16,2020071601016345,CFCL,34,34,200,124.00,"24,800.00"
2020-07-16,2020071601016076,CHCL,28,49,799,404.00,"322,796.00"
2020-07-16,2020071601016075,CHCL,1,49,100,404.00,"40,400.00"
2020-07-16,2020071601016074,CHCL,1,49,21,405.00,"8,505.00"
2020-07-16,2020071601016073,CHCL,10,49,200,406.00,"81,200.00"
2020-07-16,2020071601016284,CIT,25,32,40,"2,452.00","98,080.00"
2020-07-16,2020071601016283,CIT,45,32,60,"2,452.00","147,120.00"
2020-07-16,2020071601016282,CIT,7,32,25,"2,453.00","61,325.00"
2020-07-16,2020071601016490,CLBSL,45,17,50,750.00,"37,500.00"
2020-07-16,2020071601016336,CLBSL,45,45,20,755.00,"15,100.00"
2020-07-16,2020071601016342,CZBIL,6,14,11,194.00,"2,134.00"
2020-07-16,2020071601016247,CZBIL,6,40,200,194.00,"38,800.00"
2020-07-16,2020071601016193,CZBIL,6,17,217,194.00,"42,098.00"
2020-07-16,2020071601016189,CZBIL,3,17,50,194.00,"9,700.00"
2020-07-16,2020071601016525,EBL,4,33,200,693.00,"138,600.00"
2020-07-16,2020071601016424,EBL,42,22,90,694.00,"62,460.00"
2020-07-16,2020071601016357,EBL,4,26,150,693.00,"103,950.00"
2020-07-16,2020071601016356,EBL,4,43,25,693.00,"17,325.00"
2020-07-16,2020071601016355,EBL,4,33,130,692.00,"89,960.00"
2020-07-16,2020071601016137,EBL,52,33,370,692.00,"256,040.00"
2020-07-16,2020071601016108,EBL,52,29,130,692.00,"89,960.00"
2020-07-16,2020071601016107,EBL,41,29,30,692.00,"20,760.00"
2020-07-16,2020071601016123,EIC,26,46,100,412.00,"41,200.00"
2020-07-16,2020071601016122,EIC,25,46,268,412.00,"110,416.00"
2020-07-16,2020071601016081,EIC,59,26,82,413.00,"33,866.00"
2020-07-16,2020071601016468,FMDBL,45,58,500,544.00,"272,000.00"
2020-07-16,2020071601016410,FMDBL,56,45,60,545.00,"32,700.00"
2020-07-16,2020071601016409,FMDBL,56,45,140,545.00,"76,300.00"
2020-07-16,2020071601016187,FMDBL,42,45,300,545.00,"163,500.00"
2020-07-16,2020071601016251,GBBL,26,35,100,235.00,"23,500.00"
2020-07-16,2020071601016464,GBIME,6,34,266,253.00,"67,298.00"
2020-07-16,2020071601016463,GBIME,34,34,34,253.00,"8,602.00"
2020-07-16,2020071601016445,GBIME,59,36,10,254.00,"2,540.00"
2020-07-16,2020071601016339,GBIME,34,20,966,253.00,"244,398.00"
2020-07-16,2020071601016338,GBIME,53,20,269,253.00,"68,057.00"
2020-07-16,2020071601016337,GBIME,6,20,381,253.00,"96,393.00"
2020-07-16,2020071601016318,GBIME,45,36,50,254.00,"12,700.00"
2020-07-16,2020071601016120,GBIME,44,36,216,254.00,"54,864.00"
2020-07-16,2020071601016119,GBIME,44,46,84,254.00,"21,336.00"
2020-07-16,2020071601016118,GBIME,44,39,200,254.00,"50,800.00"
2020-07-16,2020071601016065,GBIME,6,45,200,253.00,"50,600.00"
2020-07-16,2020071601016131,GBLBS,40,59,165,527.00,"86,955.00"
2020-07-16,2020071601016130,GBLBS,21,59,35,528.00,"18,480.00"
2020-07-16,2020071601016080,GILB,34,14,70,"1,302.00","91,140.00"
2020-07-16,2020071601016114,GLBSL,43,45,10,920.00,"9,200.00"
2020-07-16,2020071601016063,GLBSL,43,46,190,902.00,"171,380.00"
2020-07-16,2020071601016513,GLICL,46,4,50,470.00,"23,500.00"
2020-07-16,2020071601016391,GLICL,46,57,150,470.00,"70,500.00"
2020-07-16,2020071601016231,GLICL,8,57,100,470.00,"47,000.00"
2020-07-16,2020071601016142,HBL,1,33,500,558.00,"279,000.00"
2020-07-16,2020071601016487,HDL,34,59,100,"1,618.00","161,800.00"
2020-07-16,2020071601016050,HGI,19,39,100,416.00,"41,600.00"
2020-07-16,2020071601016049,HGI,44,39,200,416.00,"83,200.00"
2020-07-16,2020071601016380,ICFC,35,32,13,178.00,"2,314.00"
2020-07-16,2020071601016329,IGI,45,6,10,455.00,"4,550.00"
2020-07-16,2020071601016128,ILBS,25,49,40,816.00,"32,640.00"
2020-07-16,2020071601016127,ILBS,25,49,10,815.00,"8,150.00"
2020-07-16,2020071601016253,JBBL,36,35,508,171.00,"86,868.00"
2020-07-16,2020071601016252,JBBL,11,35,987,172.00,"169,764.00"
2020-07-16,2020071601016511,JSLBB,45,52,20,"1,677.00","33,540.00"
2020-07-16,2020071601016440,JSLBB,14,56,50,"1,676.00","83,800.00"
2020-07-16,2020071601016348,JSLBB,6,48,32,"1,665.00","53,280.00"
2020-07-16,2020071601016207,JSLBB,6,42,10,"1,665.00","16,650.00"
2020-07-16,2020071601016493,KBL,19,45,100,195.00,"19,500.00"
2020-07-16,2020071601016446,KBL,41,6,50,196.00,"9,800.00"
2020-07-16,2020071601016054,KBL,16,6,432,196.00,"84,672.00"
2020-07-16,2020071601016053,KBL,16,33,68,196.00,"13,328.00"
2020-07-16,2020071601016512,KMCDB,33,10,10,824.00,"8,240.00"
2020-07-16,2020071601016395,KMCDB,25,25,50,817.00,"40,850.00"
2020-07-16,2020071601016160,KMCDB,7,58,26,801.00,"20,826.00"
2020-07-16,2020071601016153,KMCDB,55,58,100,806.00,"80,600.00"
2020-07-16,2020071601016152,KMCDB,19,58,40,807.00,"32,280.00"
2020-07-16,2020071601016151,KMCDB,45,58,10,807.00,"8,070.00"
2020-07-16,2020071601016150,KMCDB,55,58,80,808.00,"64,640.00"
2020-07-16,2020071601016058,KMCDB,33,25,70,816.00,"57,120.00"
2020-07-16,2020071601016057,KMCDB,33,58,201,816.00,"164,016.00"
2020-07-16,2020071601016159,KMCDB,45,58,100,802.00,"80,200.00"
2020-07-16,2020071601016158,KMCDB,20,58,50,804.00,"40,200.00"
2020-07-16,2020071601016157,KMCDB,35,58,20,804.00,"16,080.00"
2020-07-16,2020071601016156,KMCDB,46,58,50,804.00,"40,200.00"
2020-07-16,2020071601016155,KMCDB,38,58,50,804.00,"40,200.00"
2020-07-16,2020071601016154,KMCDB,33,58,474,805.00,"381,570.00"
2020-07-16,2020071601016245,KSBBL,42,13,11,153.00,"1,683.00"
2020-07-16,2020071601016164,KSBBL,17,47,123,155.00,"19,065.00"
2020-07-16,2020071601016163,KSBBL,17,59,132,155.00,"20,460.00"
2020-07-16,2020071601016162,KSBBL,17,45,45,154.00,"6,930.00"
2020-07-16,2020071601016116,LBBL,20,44,"1,693",188.00,"318,284.00"
2020-07-16,2020071601016431,LBL,42,51,50,228.00,"11,400.00"
2020-07-16,2020071601016349,LBL,42,51,15,228.00,"3,420.00"
2020-07-16,2020071601016291,LBL,42,21,500,228.00,"114,000.00"
2020-07-16,2020071601016290,LBL,42,45,285,228.00,"64,980.00"
2020-07-16,2020071601016211,LBL,58,45,500,228.00,"114,000.00"
2020-07-16,2020071601016209,LBL,22,45,315,228.00,"71,820.00"
2020-07-16,2020071601016453,LICN,34,17,100,"1,365.00","136,500.00"
2020-07-16,2020071601016437,LLBS,58,38,13,"1,209.00","15,717.00"
2020-07-16,2020071601016436,LLBS,58,1,27,"1,208.00","32,616.00"
2020-07-16,2020071601016522,MBL,52,37,142,230.00,"32,660.00"
2020-07-16,2020071601016521,MBL,52,49,"1,000",230.00,"230,000.00"
2020-07-16,2020071601016520,MBL,52,51,238,230.00,"54,740.00"
2020-07-16,2020071601016341,MDB,25,26,60,335.00,"20,100.00"
2020-07-16,2020071601016340,MDB,28,26,50,335.00,"16,750.00"
2020-07-16,2020071601016230,MDB,49,26,200,337.00,"67,400.00"
2020-07-16,2020071601016229,MDB,49,57,130,337.00,"43,810.00"
2020-07-16,2020071601016515,MEGA,43,8,10,223.00,"2,230.00"
2020-07-16,2020071601016109,MEGA,4,17,123,219.00,"26,937.00"
2020-07-16,2020071601016262,MEGA,43,6,240,220.00,"52,800.00"
2020-07-16,2020071601016261,MEGA,43,21,103,220.00,"22,660.00"
2020-07-16,2020071601016260,MEGA,43,50,360,220.00,"79,200.00"
2020-07-16,2020071601016259,MEGA,43,59,300,219.00,"65,700.00"
2020-07-16,2020071601016258,MEGA,43,56,24,219.00,"5,256.00"
2020-07-16,2020071601016110,MEGA,4,56,77,219.00,"16,863.00"
2020-07-16,2020071601016268,MEGA,43,59,"1,000",220.00,"220,000.00"
2020-07-16,2020071601016267,MEGA,43,41,43,220.00,"9,460.00"
2020-07-16,2020071601016266,MEGA,43,34,500,220.00,"110,000.00"
2020-07-16,2020071601016265,MEGA,43,45,10,220.00,"2,200.00"
2020-07-16,2020071601016264,MEGA,43,6,500,220.00,"110,000.00"
2020-07-16,2020071601016263,MEGA,43,59,200,220.00,"44,000.00"
2020-07-16,2020071601016274,MEGA,43,26,300,221.00,"66,300.00"
2020-07-16,2020071601016273,MEGA,43,56,200,221.00,"44,200.00"
2020-07-16,2020071601016272,MEGA,43,56,400,221.00,"88,400.00"
2020-07-16,2020071601016271,MEGA,43,5,200,221.00,"44,200.00"
2020-07-16,2020071601016270,MEGA,43,55,200,221.00,"44,200.00"
2020-07-16,2020071601016269,MEGA,43,29,100,221.00,"22,100.00"
2020-07-16,2020071601016362,MEGA,43,21,500,222.00,"111,000.00"
2020-07-16,2020071601016279,MEGA,43,56,99,222.00,"21,978.00"
2020-07-16,2020071601016278,MEGA,43,45,41,222.00,"9,102.00"
2020-07-16,2020071601016277,MEGA,43,29,200,222.00,"44,400.00"
2020-07-16,2020071601016276,MEGA,43,16,260,222.00,"57,720.00"
2020-07-16,2020071601016275,MEGA,43,11,20,221.00,"4,420.00"
2020-07-16,2020071601016447,MEGA,48,50,200,220.00,"44,000.00"
2020-07-16,2020071601016364,MEGA,43,8,39,223.00,"8,697.00"
2020-07-16,2020071601016363,MEGA,43,56,401,222.00,"89,022.00"
2020-07-16,2020071601016449,MERO,6,25,126,680.00,"85,680.00"
2020-07-16,2020071601016048,MERO,40,25,74,680.00,"50,320.00"
2020-07-16,2020071601016047,MERO,40,43,70,680.00,"47,600.00"
2020-07-16,2020071601016046,MERO,40,45,235,680.00,"159,800.00"
2020-07-16,2020071601016439,MFIL,6,49,10,308.00,"3,080.00"
2020-07-16,2020071601016414,MFIL,18,46,"1,205",304.00,"366,320.00"
2020-07-16,2020071601016413,MFIL,21,46,"1,000",305.00,"305,000.00"
2020-07-16,2020071601016435,MNBBL,17,1,200,320.00,"64,000.00"
2020-07-16,2020071601016332,MNBBL,17,36,150,319.00,"47,850.00"
2020-07-16,2020071601016232,MNBBL,17,54,43,319.00,"13,717.00"
2020-07-16,2020071601016219,MNBBL,17,17,51,319.00,"16,269.00"
2020-07-16,2020071601016467,NABIL,3,22,80,790.00,"63,200.00"
2020-07-16,2020071601016466,NABIL,3,55,20,788.00,"15,760.00"
2020-07-16,2020071601016327,NABIL,1,22,10,790.00,"7,900.00"
2020-07-16,2020071601016326,NABIL,1,57,10,790.00,"7,900.00"
2020-07-16,2020071601016325,NABIL,1,1,50,790.00,"39,500.00"
2020-07-16,2020071601016324,NABIL,1,11,52,790.00,"41,080.00"
2020-07-16,2020071601016086,NABIL,1,56,370,787.00,"291,190.00"
2020-07-16,2020071601016323,NABIL,1,28,148,790.00,"116,920.00"
2020-07-16,2020071601016322,NABIL,1,26,45,789.00,"35,505.00"
2020-07-16,2020071601016321,NABIL,1,14,170,789.00,"134,130.00"
2020-07-16,2020071601016320,NABIL,1,22,105,789.00,"82,845.00"
2020-07-16,2020071601016319,NABIL,1,58,40,788.00,"31,520.00"
2020-07-16,2020071601016190,NABIL,34,58,10,788.00,"7,880.00"
2020-07-16,2020071601016538,NBL,6,50,338,257.00,"86,866.00"
2020-07-16,2020071601016537,NBL,6,28,212,257.00,"54,484.00"
2020-07-16,2020071601016536,NBL,6,13,450,256.00,"115,200.00"
2020-07-16,2020071601016534,NBL,33,13,50,256.00,"12,800.00"
2020-07-16,2020071601016484,NBL,6,28,240,257.00,"61,680.00"
2020-07-16,2020071601016483,NBL,6,44,"1,000",256.00,"256,000.00"
2020-07-16,2020071601016293,NBL,35,43,977,255.00,"249,135.00"
2020-07-16,2020071601016281,NBL,58,43,20,256.00,"5,120.00"
2020-07-16,2020071601016147,NBL,33,43,100,256.00,"25,600.00"
2020-07-16,2020071601016482,NBL,6,43,760,256.00,"194,560.00"
2020-07-16,2020071601016477,NBL,19,43,200,256.00,"51,200.00"
2020-07-16,2020071601016422,NBL,51,43,750,256.00,"192,000.00"
2020-07-16,2020071601016296,NBL,5,43,100,256.00,"25,600.00"
2020-07-16,2020071601016295,NBL,49,43,423,255.00,"107,865.00"
2020-07-16,2020071601016294,NBL,43,43,600,255.00,"153,000.00"
2020-07-16,2020071601016507,NCCB,58,57,11,192.00,"2,112.00"
2020-07-16,2020071601016506,NCCB,58,48,80,192.00,"15,360.00"
2020-07-16,2020071601016478,NCCB,36,48,10,192.00,"1,920.00"
2020-07-16,2020071601016442,NCCB,42,10,56,190.00,"10,640.00"
2020-07-16,2020071601016441,NCCB,36,10,244,191.00,"46,604.00"
2020-07-16,2020071601016390,NCCB,36,56,500,191.00,"95,500.00"
2020-07-16,2020071601016353,NCCB,56,5,172,191.00,"32,852.00"
2020-07-16,2020071601016328,NCCB,50,5,50,191.00,"9,550.00"
2020-07-16,2020071601016289,NCCB,33,5,10,191.00,"1,910.00"
2020-07-16,2020071601016288,NCCB,11,5,100,191.00,"19,100.00"
2020-07-16,2020071601016191,NCCB,21,10,300,190.00,"57,000.00"
2020-07-16,2020071601016389,NCCB,36,6,726,191.00,"138,666.00"
2020-07-16,2020071601016388,NCCB,36,35,256,190.00,"48,640.00"
2020-07-16,2020071601016376,NCCB,45,35,50,190.00,"9,500.00"
2020-07-16,2020071601016375,NCCB,56,35,100,190.00,"19,000.00"
2020-07-16,2020071601016374,NCCB,21,35,594,190.00,"112,860.00"
2020-07-16,2020071601016354,NCCB,56,6,328,191.00,"62,648.00"
2020-07-16,2020071601016523,NFS,58,17,10,132.00,"1,320.00"
2020-07-16,2020071601016186,NIB,1,42,131,440.00,"57,640.00"
2020-07-16,2020071601016185,NIB,1,45,100,440.00,"44,000.00"
2020-07-16,2020071601016184,NIB,1,58,258,440.00,"113,520.00"
2020-07-16,2020071601016183,NIB,1,46,673,440.00,"296,120.00"
2020-07-16,2020071601016177,NIB,42,46,50,440.00,"22,000.00"
2020-07-16,2020071601016347,NIBPO,21,26,130,370.00,"48,100.00"
2020-07-16,2020071601016286,NIBPO,21,45,150,372.00,"55,800.00"
2020-07-16,2020071601016285,NIBPO,21,14,50,372.00,"18,600.00"
2020-07-16,2020071601016090,NIBPO,21,47,45,370.00,"16,650.00"
2020-07-16,2020071601016089,NIBPO,49,47,50,370.00,"18,500.00"
2020-07-16,2020071601016088,NIBPO,49,47,55,370.00,"20,350.00"
2020-07-16,2020071601016476,NICA,58,16,200,570.00,"114,000.00"
2020-07-16,2020071601016433,NICA,44,16,88,570.00,"50,160.00"
2020-07-16,2020071601016432,NICA,44,36,912,570.00,"519,840.00"
2020-07-16,2020071601016427,NICA,45,36,100,570.00,"57,000.00"
2020-07-16,2020071601016387,NICA,54,26,200,569.00,"113,800.00"
2020-07-16,2020071601016234,NICA,54,19,500,569.00,"284,500.00"
2020-07-16,2020071601016148,NICA,54,33,50,569.00,"28,450.00"
2020-07-16,2020071601016133,NICA,54,42,20,569.00,"11,380.00"
2020-07-16,2020071601016051,NICA,54,42,16,569.00,"9,104.00"
2020-07-16,2020071601016412,NICL,48,43,99,447.00,"44,253.00"
2020-07-16,2020071601016411,NICL,58,43,41,447.00,"18,327.00"
2020-07-16,2020071601016393,NICL,58,25,300,447.00,"134,100.00"
2020-07-16,2020071601016246,NICL,58,39,131,447.00,"58,557.00"
2020-07-16,2020071601016517,NICLBSL,14,49,10,585.00,"5,850.00"
2020-07-16,2020071601016503,NICLBSL,14,26,10,585.00,"5,850.00"
2020-07-16,2020071601016532,NIL,45,28,"2,000",615.00,"1,230,000.00"
2020-07-16,2020071601016531,NIL,45,37,50,615.00,"30,750.00"
2020-07-16,2020071601016530,NIL,45,57,10,615.00,"6,150.00"
2020-07-16,2020071601016529,NIL,45,48,100,615.00,"61,500.00"
2020-07-16,2020071601016528,NIL,45,25,200,614.00,"122,800.00"
2020-07-16,2020071601016527,NIL,45,45,33,613.00,"20,229.00"
2020-07-16,2020071601016526,NIL,45,46,573,613.00,"351,249.00"
2020-07-16,2020071601016448,NIL,33,46,87,613.00,"53,331.00"
2020-07-16,2020071601016346,NIL,55,46,200,613.00,"122,600.00"
2020-07-16,2020071601016210,NIL,7,7,500,612.00,"306,000.00"
2020-07-16,2020071601016126,NIL,32,45,50,612.00,"30,600.00"
2020-07-16,2020071601016450,NLBBL,33,58,500,769.00,"384,500.00"
2020-07-16,2020071601016351,NLG,22,43,100,660.00,"66,000.00"
2020-07-16,2020071601016350,NLG,22,56,100,660.00,"66,000.00"
2020-07-16,2020071601016519,NLIC,4,56,10,"1,274.00","12,740.00"
2020-07-16,2020071601016518,NLIC,4,33,50,"1,271.00","63,550.00"
2020-07-16,2020071601016361,NLIC,56,33,50,"1,271.00","63,550.00"
2020-07-16,2020071601016140,NLICL,45,58,478,675.00,"322,650.00"
2020-07-16,2020071601016514,NMB,46,20,300,413.00,"123,900.00"
2020-07-16,2020071601016408,NMB,54,17,50,412.00,"20,600.00"
2020-07-16,2020071601016383,NMB,16,20,150,413.00,"61,950.00"
2020-07-16,2020071601016382,NMB,16,45,100,413.00,"41,300.00"
2020-07-16,2020071601016381,NMB,16,36,409,413.00,"168,917.00"
2020-07-16,2020071601016369,NMB,48,36,100,413.00,"41,300.00"
2020-07-16,2020071601016192,NMB,6,6,50,414.00,"20,700.00"
2020-07-16,2020071601016141,NMB,46,57,100,413.00,"41,300.00"
2020-07-16,2020071601016135,NMB,46,46,212,413.00,"87,556.00"
2020-07-16,2020071601016132,NMB,53,46,300,413.00,"123,900.00"
2020-07-16,2020071601016113,NMB,6,46,50,413.00,"20,650.00"
2020-07-16,2020071601016112,NMB,41,46,778,413.00,"321,314.00"
2020-07-16,2020071601016330,NMB,41,36,50,413.00,"20,650.00"
2020-07-16,2020071601016236,NMB,6,36,50,413.00,"20,650.00"
2020-07-16,2020071601016218,NMB,45,36,100,413.00,"41,300.00"
2020-07-16,2020071601016217,NMB,43,36,100,413.00,"41,300.00"
2020-07-16,2020071601016216,NMB,6,36,100,413.00,"41,300.00"
2020-07-16,2020071601016215,NMB,46,36,188,413.00,"77,644.00"
2020-07-16,2020071601016117,NMBMF,45,34,99,800.00,"79,200.00"
2020-07-16,2020071601016451,NRIC,57,35,40,521.00,"20,840.00"
2020-07-16,2020071601016420,NRIC,21,21,2,515.00,"1,030.00"
2020-07-16,2020071601016407,NRIC,36,26,40,520.00,"20,800.00"
2020-07-16,2020071601016385,NRIC,36,11,40,520.00,"20,800.00"
2020-07-16,2020071601016379,NRIC,36,11,10,520.00,"5,200.00"
2020-07-16,2020071601016344,NRIC,36,6,180,520.00,"93,600.00"
2020-07-16,2020071601016056,NRIC,36,37,40,520.00,"20,800.00"
2020-07-16,2020071601016052,NRIC,21,57,100,521.00,"52,100.00"
2020-07-16,2020071601016111,NRIC,36,10,40,520.00,"20,800.00"
2020-07-16,2020071601016105,NRIC,36,6,10,520.00,"5,200.00"
2020-07-16,2020071601016091,NRIC,36,14,500,520.00,"260,000.00"
2020-07-16,2020071601016085,NRIC,36,5,40,520.00,"20,800.00"
2020-07-16,2020071601016083,NRIC,57,57,"1,500",521.00,"781,500.00"
2020-07-16,2020071601016066,NRIC,36,42,40,520.00,"20,800.00"
2020-07-16,2020071601016165,NRIC,36,6,10,520.00,"5,200.00"
2020-07-16,2020071601016149,NRIC,36,37,40,520.00,"20,800.00"
2020-07-16,2020071601016138,NRIC,5,57,300,521.00,"156,300.00"
2020-07-16,2020071601016136,NRIC,49,57,100,521.00,"52,100.00"
2020-07-16,2020071601016124,NRIC,41,57,500,521.00,"260,500.00"
2020-07-16,2020071601016121,NRIC,36,37,50,520.00,"26,000.00"
2020-07-16,2020071601016182,NRIC,41,48,40,521.00,"20,840.00"
2020-07-16,2020071601016181,NRIC,41,17,40,521.00,"20,840.00"
2020-07-16,2020071601016180,NRIC,41,45,40,521.00,"20,840.00"
2020-07-16,2020071601016179,NRIC,41,22,40,521.00,"20,840.00"
2020-07-16,2020071601016178,NRIC,41,57,20,521.00,"10,420.00"
2020-07-16,2020071601016168,NRIC,57,57,300,521.00,"156,300.00"
2020-07-16,2020071601016343,NRIC,41,6,120,521.00,"62,520.00"
2020-07-16,2020071601016333,NRIC,41,55,40,521.00,"20,840.00"
2020-07-16,2020071601016297,NRIC,41,11,40,521.00,"20,840.00"
2020-07-16,2020071601016249,NRIC,41,37,40,521.00,"20,840.00"
2020-07-16,2020071601016233,NRIC,41,55,40,521.00,"20,840.00"
2020-07-16,2020071601016198,NRIC,41,37,40,521.00,"20,840.00"
2020-07-16,2020071601016092,NSEWA,43,16,10,826.00,"8,260.00"
2020-07-16,2020071601016317,OHL,7,35,870,308.00,"267,960.00"
2020-07-16,2020071601016316,OHL,45,35,100,308.00,"30,800.00"
2020-07-16,2020071601016315,OHL,10,35,50,308.00,"15,400.00"
2020-07-16,2020071601016314,OHL,42,35,300,308.00,"92,400.00"
2020-07-16,2020071601016313,OHL,13,35,300,309.00,"92,700.00"
2020-07-16,2020071601016312,OHL,59,35,50,309.00,"15,450.00"
2020-07-16,2020071601016305,OHL,18,35,200,310.00,"62,000.00"
2020-07-16,2020071601016304,OHL,14,35,200,310.00,"62,000.00"
2020-07-16,2020071601016303,OHL,32,35,100,311.00,"31,100.00"
2020-07-16,2020071601016302,OHL,45,35,500,311.00,"155,500.00"
2020-07-16,2020071601016301,OHL,6,35,50,311.00,"15,550.00"
2020-07-16,2020071601016311,OHL,32,35,500,309.00,"154,500.00"
2020-07-16,2020071601016310,OHL,17,35,100,309.00,"30,900.00"
2020-07-16,2020071601016309,OHL,6,35,60,309.00,"18,540.00"
2020-07-16,2020071601016308,OHL,13,35,20,310.00,"6,200.00"
2020-07-16,2020071601016307,OHL,7,35,100,310.00,"31,000.00"
2020-07-16,2020071601016306,OHL,56,35,500,310.00,"155,000.00"
2020-07-16,2020071601016365,PCBL,40,10,10,268.00,"2,680.00"
2020-07-16,2020071601016061,PCBL,11,49,"1,039",266.00,"276,374.00"
2020-07-16,2020071601016060,PCBL,57,49,71,267.00,"18,957.00"
2020-07-16,2020071601016059,PCBL,25,49,50,267.00,"13,350.00"
2020-07-16,2020071601016403,PIC,32,19,80,615.00,"49,200.00"
2020-07-16,2020071601016402,PIC,16,19,360,615.00,"221,400.00"
2020-07-16,2020071601016401,PIC,32,19,100,616.00,"61,600.00"
2020-07-16,2020071601016400,PIC,6,19,200,616.00,"123,200.00"
2020-07-16,2020071601016399,PIC,45,19,160,617.00,"98,720.00"
2020-07-16,2020071601016199,PIC,45,6,20,617.00,"12,340.00"
2020-07-16,2020071601016535,PICL,48,36,200,502.00,"100,400.00"
2020-07-16,2020071601016084,PICL,48,47,50,502.00,"25,100.00"
2020-07-16,2020071601016104,PLIC,59,19,50,549.00,"27,450.00"
2020-07-16,2020071601016103,PLIC,59,45,50,549.00,"27,450.00"
2020-07-16,2020071601016102,PLIC,59,21,100,549.00,"54,900.00"
2020-07-16,2020071601016101,PLIC,59,49,11,545.00,"5,995.00"
2020-07-16,2020071601016100,PLIC,59,29,10,545.00,"5,450.00"
2020-07-16,2020071601016099,PLIC,59,53,50,545.00,"27,250.00"
2020-07-16,2020071601016098,PLIC,59,34,50,545.00,"27,250.00"
2020-07-16,2020071601016097,PLIC,59,44,50,545.00,"27,250.00"
2020-07-16,2020071601016096,PLIC,59,47,50,542.00,"27,100.00"
2020-07-16,2020071601016095,PLIC,59,19,50,542.00,"27,100.00"
2020-07-16,2020071601016094,PLIC,59,17,10,542.00,"5,420.00"
2020-07-16,2020071601016093,PLIC,59,29,20,541.00,"10,820.00"
2020-07-16,2020071601016429,PRIN,51,48,30,482.00,"14,460.00"
2020-07-16,2020071601016428,PRIN,41,48,20,483.00,"9,660.00"
2020-07-16,2020071601016360,PRIN,41,8,180,483.00,"86,940.00"
2020-07-16,2020071601016214,PRIN,34,29,50,485.00,"24,250.00"
2020-07-16,2020071601016146,PRVU,14,49,188,238.00,"44,744.00"
2020-07-16,2020071601016145,PRVU,56,49,200,238.00,"47,600.00"
2020-07-16,2020071601016144,PRVU,4,49,500,238.00,"119,000.00"
2020-07-16,2020071601016143,PRVU,32,49,172,238.00,"40,936.00"
2020-07-16,2020071601016125,PRVU,32,20,28,238.00,"6,664.00"
2020-07-16,2020071601016299,PRVU,57,53,100,239.00,"23,900.00"
2020-07-16,2020071601016298,PRVU,57,58,120,239.00,"28,680.00"
2020-07-16,2020071601016280,PRVU,21,58,100,239.00,"23,900.00"
2020-07-16,2020071601016235,PRVU,14,40,100,238.00,"23,800.00"
2020-07-16,2020071601016208,PRVU,4,58,500,239.00,"119,500.00"
2020-07-16,2020071601016166,PRVU,14,33,"1,000",238.00,"238,000.00"
2020-07-16,2020071601016300,PRVU,57,55,150,239.00,"35,850.00"
2020-07-16,2020071601016227,RBCL,11,38,20,"9,290.00","185,800.00"
2020-07-16,2020071601016221,RBCL,8,59,20,"9,250.00","185,000.00"
2020-07-16,2020071601016129,RHPC,4,46,30,85.00,"2,550.00"
2020-07-16,2020071601016524,RMDC,18,17,27,705.00,"19,035.00"
2020-07-16,2020071601016452,RMDC,18,17,133,704.00,"93,632.00"
2020-07-16,2020071601016398,RMDC,45,17,37,704.00,"26,048.00"
2020-07-16,2020071601016397,RMDC,45,11,13,703.00,"9,139.00"
2020-07-16,2020071601016505,RSDC,26,13,100,540.00,"54,000.00"
2020-07-16,2020071601016359,RSDC,59,13,50,540.00,"27,000.00"
2020-07-16,2020071601016358,RSDC,45,13,100,541.00,"54,100.00"
2020-07-16,2020071601016438,SANIMA,41,49,52,345.00,"17,940.00"
2020-07-16,2020071601016392,SANIMA,41,49,50,345.00,"17,250.00"
2020-07-16,2020071601016244,SANIMA,29,49,200,345.00,"69,000.00"
2020-07-16,2020071601016243,SANIMA,19,49,150,345.00,"51,750.00"
2020-07-16,2020071601016242,SANIMA,7,49,30,345.00,"10,350.00"
2020-07-16,2020071601016241,SANIMA,6,49,18,345.00,"6,210.00"
2020-07-16,2020071601016240,SANIMA,56,49,300,345.00,"103,500.00"
2020-07-16,2020071601016239,SANIMA,22,49,200,345.00,"69,000.00"
2020-07-16,2020071601016238,SANIMA,45,49,50,345.00,"17,250.00"
2020-07-16,2020071601016237,SANIMA,45,49,50,347.00,"17,350.00"
2020-07-16,2020071601016545,SBI,44,28,"1,902",441.00,"838,782.00"
2020-07-16,2020071601016544,SBI,56,28,100,442.00,"44,200.00"
2020-07-16,2020071601016543,SBI,38,28,500,442.00,"221,000.00"
2020-07-16,2020071601016542,SBI,58,28,99,442.00,"43,758.00"
2020-07-16,2020071601016541,SBI,4,28,337,442.00,"148,954.00"
2020-07-16,2020071601016540,SBI,48,28,52,443.00,"23,036.00"
2020-07-16,2020071601016169,SBI,6,6,24,443.00,"10,632.00"
2020-07-16,2020071601016167,SBI,6,6,24,443.00,"10,632.00"
2020-07-16,2020071601016139,SBI,6,6,24,443.00,"10,632.00"
2020-07-16,2020071601016115,SBI,6,6,24,443.00,"10,632.00"
2020-07-16,2020071601016087,SBI,6,6,24,443.00,"10,632.00"
2020-07-16,2020071601016067,SBI,6,6,24,443.00,"10,632.00"
2020-07-16,2020071601016334,SBI,50,6,10,444.00,"4,440.00"
2020-07-16,2020071601016331,SBI,6,6,24,443.00,"10,632.00"
2020-07-16,2020071601016287,SBI,6,6,24,443.00,"10,632.00"
2020-07-16,2020071601016257,SBI,6,6,24,443.00,"10,632.00"
2020-07-16,2020071601016228,SBI,6,6,24,443.00,"10,632.00"
2020-07-16,2020071601016197,SBI,6,6,24,443.00,"10,632.00"
2020-07-16,2020071601016539,SBI,6,28,10,443.00,"4,430.00"
2020-07-16,2020071601016415,SBI,6,6,24,443.00,"10,632.00"
2020-07-16,2020071601016386,SBI,6,6,24,443.00,"10,632.00"
2020-07-16,2020071601016368,SBI,6,6,24,443.00,"10,632.00"
2020-07-16,2020071601016352,SBI,6,6,24,443.00,"10,632.00"
2020-07-16,2020071601016335,SBI,6,6,14,443.00,"6,202.00"
2020-07-16,2020071601016418,SBL,50,49,50,306.00,"15,300.00"
2020-07-16,2020071601016417,SBL,40,49,"1,180",306.00,"361,080.00"
2020-07-16,2020071601016248,SBL,40,42,20,306.00,"6,120.00"
2020-07-16,2020071601016499,SCB,55,16,200,655.00,"131,000.00"
2020-07-16,2020071601016498,SCB,29,16,20,655.00,"13,100.00"
2020-07-16,2020071601016256,SCB,14,14,100,656.00,"65,600.00"
2020-07-16,2020071601016226,SCB,34,22,36,658.00,"23,688.00"
2020-07-16,2020071601016419,SDESI,40,37,51,911.00,"46,461.00"
2020-07-16,2020071601016220,SHINE,11,6,150,235.00,"35,250.00"
2020-07-16,2020071601016062,SHINE,34,4,35,232.00,"8,120.00"
2020-07-16,2020071601016072,SHIVM,58,47,15,618.00,"9,270.00"
2020-07-16,2020071601016071,SHIVM,58,37,50,617.00,"30,850.00"
2020-07-16,2020071601016070,SHIVM,58,55,25,610.00,"15,250.00"
2020-07-16,2020071601016069,SHIVM,58,45,25,610.00,"15,250.00"
2020-07-16,2020071601016068,SHIVM,58,48,35,610.00,"21,350.00"
2020-07-16,2020071601016481,SHPC,58,10,60,230.00,"13,800.00"
2020-07-16,2020071601016480,SHPC,58,7,20,229.00,"4,580.00"
2020-07-16,2020071601016479,SHPC,58,16,20,229.00,"4,580.00"
2020-07-16,2020071601016255,SHPC,6,19,82,229.00,"18,778.00"
2020-07-16,2020071601016213,SHPC,6,11,100,229.00,"22,900.00"
2020-07-16,2020071601016212,SHPC,6,1,170,229.00,"38,930.00"
2020-07-16,2020071601016396,SICL,41,46,40,"1,030.00","41,200.00"
2020-07-16,2020071601016367,SICL,14,46,100,"1,020.00","102,000.00"
2020-07-16,2020071601016161,SICL,42,54,25,"1,025.00","25,625.00"
2020-07-16,2020071601016509,SIL,5,42,100,590.00,"59,000.00"
2020-07-16,2020071601016461,SJCL,26,17,30,135.00,"4,050.00"
2020-07-16,2020071601016460,SJCL,45,17,100,135.00,"13,500.00"
2020-07-16,2020071601016459,SJCL,45,17,100,135.00,"13,500.00"
2020-07-16,2020071601016458,SJCL,58,17,500,135.00,"67,500.00"
2020-07-16,2020071601016457,SJCL,45,17,970,135.00,"130,950.00"
2020-07-16,2020071601016456,SJCL,45,17,100,136.00,"13,600.00"
2020-07-16,2020071601016455,SJCL,22,17,500,136.00,"68,000.00"
2020-07-16,2020071601016454,SJCL,52,17,20,136.00,"2,720.00"
2020-07-16,2020071601016533,SKBBL,46,14,20,"1,290.00","25,800.00"
2020-07-16,2020071601016504,SLBBL,35,58,100,895.00,"89,500.00"
2020-07-16,2020071601016494,SLBBL,56,58,50,895.00,"44,750.00"
2020-07-16,2020071601016488,SLBBL,10,58,50,895.00,"44,750.00"
2020-07-16,2020071601016423,SLBBL,6,58,100,895.00,"89,500.00"
2020-07-16,2020071601016384,SLBBL,4,58,20,895.00,"17,900.00"
2020-07-16,2020071601016254,SLBBL,41,52,10,896.00,"8,960.00"
2020-07-16,2020071601016176,SLBBL,43,52,40,896.00,"35,840.00"
2020-07-16,2020071601016486,SLICL,41,14,21,450.00,"9,450.00"
2020-07-16,2020071601016485,SLICL,52,14,79,450.00,"35,550.00"
2020-07-16,2020071601016292,SLICL,18,58,131,451.00,"59,081.00"
2020-07-16,2020071601016064,SLICL,52,14,121,450.00,"54,450.00"
2020-07-16,2020071601016250,SMFBS,34,33,50,967.00,"48,350.00"
2020-07-16,2020071601016465,SPARS,29,45,20,900.00,"18,000.00"
2020-07-16,2020071601016175,SPDL,50,7,500,97.00,"48,500.00"
2020-07-16,2020071601016174,SPDL,6,7,100,97.00,"9,700.00"
2020-07-16,2020071601016173,SPDL,58,7,325,97.00,"31,525.00"
2020-07-16,2020071601016172,SPDL,49,7,"2,000",97.00,"194,000.00"
2020-07-16,2020071601016171,SPDL,47,7,500,97.00,"48,500.00"
2020-07-16,2020071601016170,SPDL,58,7,55,97.00,"5,335.00"
2020-07-16,2020071601016079,SPDL,1,7,500,98.00,"49,000.00"
2020-07-16,2020071601016078,SPDL,47,7,100,98.00,"9,800.00"
2020-07-16,2020071601016077,SPDL,26,7,185,98.00,"18,130.00"
2020-07-16,2020071601016188,SRBL,34,6,"1,000",239.00,"239,000.00"
2020-07-16,2020071601016206,SWBBL,44,35,225,"1,201.00","270,225.00"
2020-07-16,2020071601016205,SWBBL,33,35,90,"1,201.00","108,090.00"
2020-07-16,2020071601016204,SWBBL,45,35,20,"1,202.00","24,040.00"
2020-07-16,2020071601016203,SWBBL,22,35,100,"1,202.00","120,200.00"
2020-07-16,2020071601016202,SWBBL,18,35,200,"1,202.00","240,400.00"
2020-07-16,2020071601016201,SWBBL,21,35,65,"1,206.00","78,390.00"
2020-07-16,2020071601016200,SWBBL,37,35,300,"1,210.00","363,000.00"
2020-07-16,2020071601016378,TMDBL,5,58,231,177.00,"40,887.00"
2020-07-16,2020071601016377,TMDBL,1,58,22,178.00,"3,916.00"
2020-07-16,2020071601016510,TRH,8,35,100,184.00,"18,400.00"
2020-07-16,2020071601016475,TRH,1,35,100,184.00,"18,400.00"
2020-07-16,2020071601016474,TRH,6,35,70,184.00,"12,880.00"
2020-07-16,2020071601016473,TRH,25,35,50,184.00,"9,200.00"
2020-07-16,2020071601016472,TRH,56,35,10,184.00,"1,840.00"
2020-07-16,2020071601016471,TRH,50,35,40,184.00,"7,360.00"
2020-07-16,2020071601016470,TRH,53,35,"1,531",184.00,"281,704.00"
2020-07-16,2020071601016469,TRH,52,35,50,185.00,"9,250.00"
2020-07-16,2020071601016196,UFL,13,45,120,171.00,"20,520.00"
2020-07-16,2020071601016195,UFL,13,6,20,171.00,"3,420.00"
2020-07-16,2020071601016194,UFL,13,6,10,171.00,"1,710.00"
2020-07-16,2020071601016497,UIC,5,56,100,387.00,"38,700.00"
2020-07-16,2020071601016496,UIC,5,21,50,387.00,"19,350.00"
2020-07-16,2020071601016134,UIC,45,6,50,384.00,"19,200.00"
2020-07-16,2020071601016106,UIC,5,43,156,386.00,"60,216.00"
2020-07-16,2020071601016502,UPPER,57,17,63,234.00,"14,742.00"
2020-07-16,2020071601016501,UPPER,57,35,40,233.00,"9,320.00"
2020-07-16,2020071601016001,ADBL,14,4,200,401.00,"80,200.00"
2020-07-16,2020071601016000,ADBL,40,4,162,401.00,"64,962.00"
2020-07-16,2020071601015897,ADBL,40,19,539,401.00,"216,139.00"
2020-07-16,2020071601015841,ADBL,39,58,15,402.00,"6,030.00"
2020-07-16,2020071601015837,ADBL,52,58,10,402.00,"4,020.00"
2020-07-16,2020071601015658,ADBL,49,49,"1,120",401.00,"449,120.00"
2020-07-16,2020071601015548,ADBL,40,6,50,401.00,"20,050.00"
2020-07-16,2020071601015953,ALBSL,25,45,12,777.00,"9,324.00"
2020-07-16,2020071601015934,ALBSL,25,6,11,770.00,"8,470.00"
2020-07-16,2020071601015933,ALBSL,25,6,11,770.00,"8,470.00"
2020-07-16,2020071601015932,ALBSL,25,42,11,765.00,"8,415.00"
2020-07-16,2020071601015892,ALBSL,25,6,11,761.00,"8,371.00"
2020-07-16,2020071601016020,ALICL,33,19,150,612.00,"91,800.00"
2020-07-16,2020071601016044,BNT,32,25,10,"6,295.00","62,950.00"
2020-07-16,2020071601015835,BOKL,13,13,10,223.00,"2,230.00"
2020-07-16,2020071601015833,BOKL,13,49,447,223.00,"99,681.00"
2020-07-16,2020071601015736,BOKL,41,49,100,223.00,"22,300.00"
2020-07-16,2020071601015735,BOKL,45,49,13,223.00,"2,899.00"
2020-07-16,2020071601015681,BOKL,45,11,863,223.00,"192,449.00"
2020-07-16,2020071601015680,BOKL,41,11,127,224.00,"28,448.00"
2020-07-16,2020071601015679,BOKL,32,11,10,225.00,"2,250.00"
2020-07-16,2020071601015777,BPCL,42,58,57,365.00,"20,805.00"
2020-07-16,2020071601015776,BPCL,22,58,16,365.00,"5,840.00"
2020-07-16,2020071601015996,CBBL,33,25,79,"1,096.00","86,584.00"
2020-07-16,2020071601015995,CBBL,44,25,50,"1,096.00","54,800.00"
2020-07-16,2020071601015994,CBBL,10,25,100,"1,097.00","109,700.00"
2020-07-16,2020071601015993,CBBL,51,25,270,"1,097.00","296,190.00"
2020-07-16,2020071601015840,CBBL,43,38,25,"1,099.00","27,475.00"
2020-07-16,2020071601015591,CBBL,51,46,30,"1,097.00","32,910.00"
2020-07-16,2020071601016035,CBL,58,53,80,144.00,"11,520.00"
2020-07-16,2020071601015673,CBL,58,55,20,144.00,"2,880.00"
2020-07-16,2020071601015944,CCBL,44,46,579,171.00,"99,009.00"
2020-07-16,2020071601015812,CCBL,44,49,"1,001",171.00,"171,171.00"
2020-07-16,2020071601015855,CFCL,29,36,500,126.00,"63,000.00"
2020-07-16,2020071601015553,CFCL,4,36,300,126.00,"37,800.00"
2020-07-16,2020071601015630,CHCL,10,38,570,408.00,"232,560.00"
2020-07-16,2020071601015629,CHCL,10,1,26,408.00,"10,608.00"
2020-07-16,2020071601015628,CHCL,10,48,100,408.00,"40,800.00"
2020-07-16,2020071601015871,CIT,43,50,10,"2,455.00","24,550.00"
2020-07-16,2020071601015760,CIT,48,19,46,"2,454.00","112,884.00"
2020-07-16,2020071601015626,CLBSL,43,42,41,765.00,"31,365.00"
2020-07-16,2020071601015558,CLBSL,43,41,17,760.00,"12,920.00"
2020-07-16,2020071601015557,CLBSL,43,42,30,759.00,"22,770.00"
2020-07-16,2020071601015876,CZBIL,16,17,100,194.00,"19,400.00"
2020-07-16,2020071601015875,CZBIL,11,17,50,194.00,"9,700.00"
2020-07-16,2020071601015874,CZBIL,17,17,260,194.00,"50,440.00"
2020-07-16,2020071601015873,CZBIL,25,17,300,194.00,"58,200.00"
2020-07-16,2020071601015872,CZBIL,37,17,23,194.00,"4,462.00"
2020-07-16,2020071601015737,CZBIL,37,6,30,194.00,"5,820.00"
2020-07-16,2020071601015878,DDBL,45,14,43,875.00,"37,625.00"
2020-07-16,2020071601015678,DDBL,45,58,345,879.00,"303,255.00"
2020-07-16,2020071601015677,DDBL,45,32,50,878.00,"43,900.00"
2020-07-16,2020071601015676,DDBL,45,50,15,878.00,"13,170.00"
2020-07-16,2020071601015675,DDBL,45,45,90,877.00,"78,930.00"
2020-07-16,2020071601015624,DDBL,45,21,400,875.00,"350,000.00"
2020-07-16,2020071601015623,DDBL,11,21,100,876.00,"87,600.00"
2020-07-16,2020071601015955,EBL,41,14,100,692.00,"69,200.00"
2020-07-16,2020071601015595,EBL,46,26,147,693.00,"101,871.00"
2020-07-16,2020071601015594,EBL,46,32,53,693.00,"36,729.00"
2020-07-16,2020071601015962,EIC,25,16,100,412.00,"41,200.00"
2020-07-16,2020071601015601,EIC,25,1,50,412.00,"20,600.00"
2020-07-16,2020071601015980,FMDBL,32,45,60,545.00,"32,700.00"
2020-07-16,2020071601015742,FMDBL,32,45,140,545.00,"76,300.00"
2020-07-16,2020071601015741,FMDBL,26,45,100,545.00,"54,500.00"
2020-07-16,2020071601015740,FMDBL,10,45,100,545.00,"54,500.00"
2020-07-16,2020071601015739,FMDBL,36,45,160,545.00,"87,200.00"
2020-07-16,2020071601016029,GBBL,26,19,100,235.00,"23,500.00"
2020-07-16,2020071601015987,GBBL,53,21,30,236.00,"7,080.00"
2020-07-16,2020071601015945,GBBL,53,13,20,236.00,"4,720.00"
2020-07-16,2020071601015684,GBBL,51,21,341,236.00,"80,476.00"
2020-07-16,2020071601015607,GBBL,51,50,200,236.00,"47,200.00"
2020-07-16,2020071601015555,GBBL,51,43,249,236.00,"58,764.00"
2020-07-16,2020071601016028,GBIME,45,46,100,254.00,"25,400.00"
2020-07-16,2020071601016016,GBIME,4,46,46,254.00,"11,684.00"
2020-07-16,2020071601016015,GBIME,4,57,30,254.00,"7,620.00"
2020-07-16,2020071601016014,GBIME,4,59,93,254.00,"23,622.00"
2020-07-16,2020071601016013,GBIME,4,19,200,254.00,"50,800.00"
2020-07-16,2020071601016012,GBIME,4,13,131,254.00,"33,274.00"
2020-07-16,2020071601015712,GBIME,57,25,91,253.00,"23,023.00"
2020-07-16,2020071601015711,GBIME,57,43,17,253.00,"4,301.00"
2020-07-16,2020071601015710,GBIME,57,55,236,253.00,"59,708.00"
2020-07-16,2020071601015709,GBIME,57,48,85,253.00,"21,505.00"
2020-07-16,2020071601015983,GBIME,4,57,20,254.00,"5,080.00"
2020-07-16,2020071601015958,GBIME,6,6,419,253.00,"106,007.00"
2020-07-16,2020071601015957,GBIME,17,6,10,253.00,"2,530.00"
2020-07-16,2020071601015956,GBIME,17,6,71,253.00,"17,963.00"
2020-07-16,2020071601015885,GBIME,17,41,29,253.00,"7,337.00"
2020-07-16,2020071601015846,GBIME,57,41,71,253.00,"17,963.00"
2020-07-16,2020071601015997,GBLBS,21,6,15,528.00,"7,920.00"
2020-07-16,2020071601015991,GBLBS,21,42,10,528.00,"5,280.00"
2020-07-16,2020071601015977,GBLBS,21,49,130,528.00,"68,640.00"
2020-07-16,2020071601015976,GBLBS,56,49,20,528.00,"10,560.00"
2020-07-16,2020071601015975,GBLBS,45,49,50,529.00,"26,450.00"
2020-07-16,2020071601015999,GLBSL,43,46,10,902.00,"9,020.00"
2020-07-16,2020071601015998,GLBSL,43,46,10,900.00,"9,000.00"
2020-07-16,2020071601015547,GLBSL,43,58,70,855.00,"59,850.00"
2020-07-16,2020071601015546,GLBSL,43,56,100,851.00,"85,100.00"
2020-07-16,2020071601015830,GLBSL,43,46,10,885.00,"8,850.00"
2020-07-16,2020071601015662,GLBSL,43,39,10,868.00,"8,680.00"
2020-07-16,2020071601015661,GLBSL,43,46,10,864.00,"8,640.00"
2020-07-16,2020071601015660,GLBSL,43,46,200,864.00,"172,800.00"
2020-07-16,2020071601015659,GLBSL,43,48,10,860.00,"8,600.00"
2020-07-16,2020071601015686,GLICL,48,41,500,469.00,"234,500.00"
2020-07-16,2020071601015648,GLICL,33,41,500,470.00,"235,000.00"
2020-07-16,2020071601015941,GMFBS,14,39,10,854.00,"8,540.00"
2020-07-16,2020071601015916,GMFBS,14,35,10,853.00,"8,530.00"
2020-07-16,2020071601016030,HBL,1,33,255,558.00,"142,290.00"
2020-07-16,2020071601015982,HBL,33,32,26,558.00,"14,508.00"
2020-07-16,2020071601015981,HBL,33,53,170,556.00,"94,520.00"
2020-07-16,2020071601015769,HBL,45,53,30,556.00,"16,680.00"
2020-07-16,2020071601015805,HDL,58,25,14,"1,620.00","22,680.00"
2020-07-16,2020071601015804,HDL,58,4,25,"1,620.00","40,500.00"
2020-07-16,2020071601015803,HDL,58,46,40,"1,620.00","64,800.00"
2020-07-16,2020071601015802,HDL,58,55,10,"1,620.00","16,200.00"
2020-07-16,2020071601015801,HDL,58,11,10,"1,619.00","16,190.00"
2020-07-16,2020071601015800,HDL,58,45,26,"1,619.00","42,094.00"
2020-07-16,2020071601015799,HDL,58,48,50,"1,615.00","80,750.00"
2020-07-16,2020071601015798,HDL,58,4,25,"1,614.00","40,350.00"
2020-07-16,2020071601015797,HDL,58,25,100,"1,613.00","161,300.00"
2020-07-16,2020071601015752,HDL,21,47,50,"1,605.00","80,250.00"
2020-07-16,2020071601015655,HDL,21,58,50,"1,605.00","80,250.00"
2020-07-16,2020071601015587,HDL,21,58,150,"1,610.00","241,500.00"
2020-07-16,2020071601015950,HGI,49,36,100,417.00,"41,700.00"
2020-07-16,2020071601015645,HGI,41,57,133,421.00,"55,993.00"
2020-07-16,2020071601015930,HIDCL,46,20,256,133.00,"34,048.00"
2020-07-16,2020071601015929,HIDCL,54,20,58,134.00,"7,772.00"
2020-07-16,2020071601015705,HIDCL,59,53,70,135.00,"9,450.00"
2020-07-16,2020071601015704,HIDCL,59,33,61,135.00,"8,235.00"
2020-07-16,2020071601015703,HIDCL,59,10,591,135.00,"79,785.00"
2020-07-16,2020071601015702,HIDCL,59,1,63,135.00,"8,505.00"
2020-07-16,2020071601015701,HIDCL,59,45,292,135.00,"39,420.00"
2020-07-16,2020071601015700,HIDCL,59,36,"1,100",135.00,"148,500.00"
2020-07-16,2020071601015699,HIDCL,59,25,273,135.00,"36,855.00"
2020-07-16,2020071601015698,HIDCL,59,53,150,135.00,"20,250.00"
2020-07-16,2020071601015696,HIDCL,54,59,400,134.00,"53,600.00"
2020-07-16,2020071601015815,HURJA,42,50,20,90.00,"1,800.00"
2020-07-16,2020071601015978,ICFC,35,51,200,178.00,"35,600.00"
2020-07-16,2020071601015672,ILBS,16,25,11,807.00,"8,877.00"
2020-07-16,2020071601015890,JBBL,11,58,13,172.00,"2,236.00"
2020-07-16,2020071601015685,JBBL,21,58,"1,000",172.00,"172,000.00"
2020-07-16,2020071601015631,JBBL,37,58,150,172.00,"25,800.00"
2020-07-16,2020071601015909,KBL,19,6,353,195.00,"68,835.00"
2020-07-16,2020071601015902,KBL,50,6,200,195.00,"39,000.00"
2020-07-16,2020071601015856,KBL,25,6,447,195.00,"87,165.00"
2020-07-16,2020071601015779,KBL,25,11,20,195.00,"3,900.00"
2020-07-16,2020071601015778,KBL,25,57,33,195.00,"6,435.00"
2020-07-16,2020071601015774,KBL,6,45,11,194.00,"2,134.00"
2020-07-16,2020071601015754,KPCL,25,11,10,103.00,"1,030.00"
2020-07-16,2020071601015984,LBBL,32,44,"1,100",188.00,"206,800.00"
2020-07-16,2020071601015880,LBBL,39,44,45,188.00,"8,460.00"
2020-07-16,2020071601016027,LBL,22,58,185,228.00,"42,180.00"
2020-07-16,2020071601015949,LBL,58,57,500,227.00,"113,500.00"
2020-07-16,2020071601015937,LBL,38,47,16,226.00,"3,616.00"
2020-07-16,2020071601015842,LBL,38,49,100,226.00,"22,600.00"
2020-07-16,2020071601015780,LBL,38,11,300,226.00,"67,800.00"
2020-07-16,2020071601015751,LBL,38,57,88,226.00,"19,888.00"
2020-07-16,2020071601015744,LBL,45,58,50,228.00,"11,400.00"
2020-07-16,2020071601016040,LGIL,36,26,360,461.00,"165,960.00"
2020-07-16,2020071601015963,LGIL,35,22,68,460.00,"31,280.00"
2020-07-16,2020071601015622,LGIL,49,8,10,460.00,"4,600.00"
2020-07-16,2020071601015829,MBL,33,51,10,230.00,"2,300.00"
2020-07-16,2020071601015637,MBL,38,8,79,227.00,"17,933.00"
2020-07-16,2020071601015636,MBL,19,8,121,227.00,"27,467.00"
2020-07-16,2020071601015635,MBL,52,8,"1,000",228.00,"228,000.00"
2020-07-16,2020071601015634,MBL,32,8,62,228.00,"14,136.00"
2020-07-16,2020071601015633,MBL,32,8,438,228.00,"99,864.00"
2020-07-16,2020071601015632,MBL,21,8,300,228.00,"68,400.00"
2020-07-16,2020071601015914,MEGA,22,17,20,219.00,"4,380.00"
2020-07-16,2020071601015755,MEGA,16,8,100,218.00,"21,800.00"
2020-07-16,2020071601015695,MEGA,14,17,71,219.00,"15,549.00"
2020-07-16,2020071601015694,MEGA,14,10,79,219.00,"17,301.00"
2020-07-16,2020071601015693,MEGA,14,10,50,219.00,"10,950.00"
2020-07-16,2020071601016045,MERO,40,1,21,679.00,"14,259.00"
2020-07-16,2020071601015551,MERO,45,52,20,675.00,"13,500.00"
2020-07-16,2020071601015550,MERO,45,42,515,674.00,"347,110.00"
2020-07-16,2020071601015549,MERO,45,26,20,663.00,"13,260.00"
2020-07-16,2020071601015768,MFIL,41,49,10,308.00,"3,080.00"
2020-07-16,2020071601015657,MFIL,6,49,10,308.00,"3,080.00"
2020-07-16,2020071601015656,MFIL,6,49,10,306.00,"3,060.00"
2020-07-16,2020071601015968,MNBBL,39,1,433,320.00,"138,560.00"
2020-07-16,2020071601015967,MNBBL,39,54,37,320.00,"11,840.00"
2020-07-16,2020071601015889,MNBBL,17,19,100,319.00,"31,900.00"
2020-07-16,2020071601015627,MNBBL,21,54,500,320.00,"160,000.00"
2020-07-16,2020071601015592,MNBBL,14,54,200,320.00,"64,000.00"
2020-07-16,2020071601016033,NABIL,13,42,132,786.00,"103,752.00"
2020-07-16,2020071601016032,NABIL,49,42,18,786.00,"14,148.00"
2020-07-16,2020071601015836,NABIL,48,56,130,787.00,"102,310.00"
2020-07-16,2020071601015791,NABIL,11,58,50,788.00,"39,400.00"
2020-07-16,2020071601015781,NABIL,11,43,50,788.00,"39,400.00"
2020-07-16,2020071601015707,NABIL,11,20,102,788.00,"80,376.00"
2020-07-16,2020071601015646,NABIL,14,20,100,788.00,"78,800.00"
2020-07-16,2020071601015590,NABIL,4,20,"1,053",788.00,"829,764.00"
2020-07-16,2020071601015854,NBB,6,33,43,213.00,"9,159.00"
2020-07-16,2020071601015853,NBB,17,33,22,213.00,"4,686.00"
2020-07-16,2020071601015621,NBB,45,49,60,214.00,"12,840.00"
2020-07-16,2020071601015620,NBB,45,34,500,214.00,"107,000.00"
2020-07-16,2020071601015619,NBB,45,10,100,214.00,"21,400.00"
2020-07-16,2020071601015618,NBB,45,43,200,214.00,"42,800.00"
2020-07-16,2020071601015617,NBB,45,45,140,214.00,"29,960.00"
2020-07-16,2020071601015825,NBF2,32,55,"7,400",9.52,"70,448.00"
2020-07-16,2020071601015824,NBF2,45,55,100,9.60,960.00
2020-07-16,2020071601015971,NBL,33,43,50,256.00,"12,800.00"
2020-07-16,2020071601015926,NBL,35,49,23,255.00,"5,865.00"
2020-07-16,2020071601015925,NBL,29,49,50,255.00,"12,750.00"
2020-07-16,2020071601015924,NBL,57,49,100,255.00,"25,500.00"
2020-07-16,2020071601015923,NBL,51,49,850,255.00,"216,750.00"
2020-07-16,2020071601015922,NBL,13,49,677,255.00,"172,635.00"
2020-07-16,2020071601015593,NBL,49,11,20,255.00,"5,100.00"
2020-07-16,2020071601015556,NBL,6,57,366,256.00,"93,696.00"
2020-07-16,2020071601015913,NBL,13,20,323,255.00,"82,365.00"
2020-07-16,2020071601015912,NBL,50,20,"1,000",255.00,"255,000.00"
2020-07-16,2020071601015911,NBL,49,20,290,255.00,"73,950.00"
2020-07-16,2020071601015722,NBL,49,58,115,255.00,"29,325.00"
2020-07-16,2020071601015708,NBL,33,43,20,256.00,"5,120.00"
2020-07-16,2020071601015602,NBL,49,57,75,255.00,"19,125.00"
2020-07-16,2020071601015816,NCCB,17,5,100,191.00,"19,100.00"
2020-07-16,2020071601015747,NCCB,58,48,10,192.00,"1,920.00"
2020-07-16,2020071601015720,NCCB,58,48,100,192.00,"19,200.00"
2020-07-16,2020071601015640,NCCB,36,1,100,191.00,"19,100.00"
2020-07-16,2020071601015586,NCCB,58,48,100,192.00,"19,200.00"
2020-07-16,2020071601015585,NCCB,58,1,100,191.00,"19,100.00"
2020-07-16,2020071601015907,NGPL,41,41,820,117.00,"95,940.00"
2020-07-16,2020071601015766,NGPL,21,41,"1,977",117.00,"231,309.00"
2020-07-16,2020071601015765,NGPL,21,50,13,117.00,"1,521.00"
2020-07-16,2020071601015764,NGPL,21,34,10,117.00,"1,170.00"
2020-07-16,2020071601016043,NIB,1,5,838,438.00,"367,044.00"
2020-07-16,2020071601016042,NIB,52,5,51,438.00,"22,338.00"
2020-07-16,2020071601016019,NIB,11,11,20,439.00,"8,780.00"
2020-07-16,2020071601016018,NIB,11,57,79,439.00,"34,681.00"
2020-07-16,2020071601015883,NIB,52,40,49,438.00,"21,462.00"
2020-07-16,2020071601015811,NIB,19,46,86,437.00,"37,582.00"
2020-07-16,2020071601015810,NIB,16,46,315,437.00,"137,655.00"
2020-07-16,2020071601015809,NIB,1,46,50,438.00,"21,900.00"
2020-07-16,2020071601015683,NIB,16,58,47,437.00,"20,539.00"
2020-07-16,2020071601015743,NIBLPF,26,51,"2,525",8.29,"20,932.25"
2020-07-16,2020071601015895,NIBPO,49,44,32,370.00,"11,840.00"
2020-07-16,2020071601015894,NIBPO,49,42,13,370.00,"4,810.00"
2020-07-16,2020071601015706,NIBPO,55,4,200,366.00,"73,200.00"
2020-07-16,2020071601016031,NICA,54,1,65,569.00,"36,985.00"
2020-07-16,2020071601015927,NICA,54,11,10,569.00,"5,690.00"
2020-07-16,2020071601015915,NICA,45,36,200,570.00,"114,000.00"
2020-07-16,2020071601015882,NICA,54,6,20,569.00,"11,380.00"
2020-07-16,2020071601015852,NICA,1,36,20,570.00,"11,400.00"
2020-07-16,2020071601015759,NICA,58,36,"1,968",570.00,"1,121,760.00"
2020-07-16,2020071601015758,NICA,58,25,100,570.00,"57,000.00"
2020-07-16,2020071601015757,NICA,58,48,500,570.00,"285,000.00"
2020-07-16,2020071601015756,NICA,58,33,973,570.00,"554,610.00"
2020-07-16,2020071601015888,NICAD8283,14,38,100,"1,050.00","105,000.00"
2020-07-16,2020071601015940,NICL,58,59,28,447.00,"12,516.00"
2020-07-16,2020071601015847,NIL,33,53,63,611.00,"38,493.00"
2020-07-16,2020071601015761,NIL,22,53,200,611.00,"122,200.00"
2020-07-16,2020071601015573,NIL,54,43,"1,000",610.00,"610,000.00"
2020-07-16,2020071601016038,NLBBL,25,33,50,774.00,"38,700.00"
2020-07-16,2020071601015691,NLG,55,56,65,660.00,"42,900.00"
2020-07-16,2020071601015625,NLG,7,56,10,660.00,"6,600.00"
2020-07-16,2020071601015600,NLG,55,56,100,660.00,"66,000.00"
2020-07-16,2020071601015570,NLG,45,56,25,660.00,"16,500.00"
2020-07-16,2020071601015947,NLIC,19,56,118,"1,274.00","150,332.00"
2020-07-16,2020071601015795,NLIC,44,41,12,"1,269.00","15,228.00"
2020-07-16,2020071601015794,NLIC,29,41,28,"1,269.00","35,532.00"
2020-07-16,2020071601015793,NLIC,51,41,10,"1,271.00","12,710.00"
2020-07-16,2020071601015647,NLIC,25,36,100,"1,270.00","127,000.00"
2020-07-16,2020071601015644,NLIC,50,42,22,"1,275.00","28,050.00"
2020-07-16,2020071601015643,NLIC,50,42,22,"1,275.00","28,050.00"
2020-07-16,2020071601015642,NLIC,50,5,150,"1,275.00","191,250.00"
2020-07-16,2020071601015568,NLIC,21,5,50,"1,274.00","63,700.00"
2020-07-16,2020071601015561,NLIC,7,36,70,"1,270.00","88,900.00"
2020-07-16,2020071601015560,NLIC,7,36,200,"1,271.00","254,200.00"
2020-07-16,2020071601015559,NLIC,45,36,25,"1,272.00","31,800.00"
2020-07-16,2020071601016041,NMB,41,49,222,413.00,"91,686.00"
2020-07-16,2020071601016008,NMB,6,49,50,413.00,"20,650.00"
2020-07-16,2020071601015979,NMB,42,49,128,413.00,"52,864.00"
2020-07-16,2020071601015965,NMB,6,6,100,414.00,"41,400.00"
2020-07-16,2020071601015939,NMB,6,6,50,414.00,"20,700.00"
2020-07-16,2020071601015908,NMB,6,6,50,414.00,"20,700.00"
2020-07-16,2020071601015605,NMB,55,6,53,414.00,"21,942.00"
2020-07-16,2020071601015604,NMB,55,21,232,414.00,"96,048.00"
2020-07-16,2020071601015603,NMB,55,6,"1,026",414.00,"424,764.00"
2020-07-16,2020071601015589,NMB,16,45,11,413.00,"4,543.00"
2020-07-16,2020071601015715,NMB,49,44,107,413.00,"44,191.00"
2020-07-16,2020071601015714,NMB,16,44,293,413.00,"121,009.00"
2020-07-16,2020071601015682,NMB,16,43,63,413.00,"26,019.00"
2020-07-16,2020071601015674,NMB,49,6,200,414.00,"82,800.00"
2020-07-16,2020071601015654,NMB,52,6,"2,000",414.00,"828,000.00"
2020-07-16,2020071601015606,NMB,55,6,"1,689",414.00,"699,246.00"
2020-07-16,2020071601015820,NMB,34,19,100,413.00,"41,300.00"
2020-07-16,2020071601015819,NMB,56,19,50,413.00,"20,650.00"
2020-07-16,2020071601015818,NMB,54,19,100,413.00,"41,300.00"
2020-07-16,2020071601015817,NMB,49,19,43,413.00,"17,759.00"
2020-07-16,2020071601015792,NMB,49,25,50,413.00,"20,650.00"
2020-07-16,2020071601015753,NMB,6,6,75,414.00,"31,050.00"
2020-07-16,2020071601015881,NMB,6,6,100,414.00,"41,400.00"
2020-07-16,2020071601015851,NMB,6,6,100,414.00,"41,400.00"
2020-07-16,2020071601015828,NMB,6,6,75,414.00,"31,050.00"
2020-07-16,2020071601015823,NMB,42,19,72,413.00,"29,736.00"
2020-07-16,2020071601015822,NMB,26,19,200,413.00,"82,600.00"
2020-07-16,2020071601015821,NMB,46,19,100,413.00,"41,300.00"
2020-07-16,2020071601015938,NMBMF,6,34,101,800.00,"80,800.00"
2020-07-16,2020071601015952,NMFBS,33,5,20,"1,734.00","34,680.00"
2020-07-16,2020071601015951,NMFBS,33,5,20,"1,716.00","34,320.00"
2020-07-16,2020071601015918,NMFBS,33,49,10,"1,700.00","17,000.00"
2020-07-16,2020071601015917,NMFBS,33,48,50,"1,700.00","85,000.00"
2020-07-16,2020071601015745,NMFBS,45,1,37,"1,667.00","61,679.00"
2020-07-16,2020071601016006,NRIC,36,37,40,520.00,"20,800.00"
2020-07-16,2020071601015992,NRIC,36,11,40,520.00,"20,800.00"
2020-07-16,2020071601015960,NRIC,36,55,40,520.00,"20,800.00"
2020-07-16,2020071601015954,NRIC,36,51,40,520.00,"20,800.00"
2020-07-16,2020071601015946,NRIC,36,37,40,520.00,"20,800.00"
2020-07-16,2020071601015943,NRIC,36,11,40,520.00,"20,800.00"
2020-07-16,2020071601015611,NRIC,6,48,50,520.00,"26,000.00"
2020-07-16,2020071601015610,NRIC,6,11,10,520.00,"5,200.00"
2020-07-16,2020071601015609,NRIC,6,51,80,520.00,"41,600.00"
2020-07-16,2020071601015552,NRIC,19,36,40,519.00,"20,760.00"
2020-07-16,2020071601015638,NRIC,36,49,20,520.00,"10,400.00"
2020-07-16,2020071601015616,NRIC,6,14,95,520.00,"49,400.00"
2020-07-16,2020071601015615,NRIC,6,1,100,520.00,"52,000.00"
2020-07-16,2020071601015614,NRIC,6,48,40,520.00,"20,800.00"
2020-07-16,2020071601015613,NRIC,6,48,40,520.00,"20,800.00"
2020-07-16,2020071601015612,NRIC,6,57,40,520.00,"20,800.00"
2020-07-16,2020071601015719,NRIC,19,57,220,521.00,"114,620.00"
2020-07-16,2020071601015718,NRIC,19,10,40,521.00,"20,840.00"
2020-07-16,2020071601015717,NRIC,19,55,200,521.00,"104,200.00"
2020-07-16,2020071601015690,NRIC,41,44,250,521.00,"130,250.00"
2020-07-16,2020071601015641,NRIC,36,45,30,520.00,"15,600.00"
2020-07-16,2020071601015639,NRIC,36,7,50,520.00,"26,000.00"
2020-07-16,2020071601015845,NRIC,36,11,40,520.00,"20,800.00"
2020-07-16,2020071601015839,NRIC,36,56,10,520.00,"5,200.00"
2020-07-16,2020071601015814,NRIC,58,57,10,521.00,"5,210.00"
2020-07-16,2020071601015807,NRIC,36,26,50,520.00,"26,000.00"
2020-07-16,2020071601015750,NRIC,36,11,50,520.00,"26,000.00"
2020-07-16,2020071601015721,NRIC,36,57,40,520.00,"20,800.00"
2020-07-16,2020071601015936,NRIC,36,57,40,520.00,"20,800.00"
2020-07-16,2020071601015920,NRIC,36,6,10,520.00,"5,200.00"
2020-07-16,2020071601015906,NRIC,36,8,40,520.00,"20,800.00"
2020-07-16,2020071601015904,NRIC,36,59,40,520.00,"20,800.00"
2020-07-16,2020071601015893,NRIC,36,11,20,520.00,"10,400.00"
2020-07-16,2020071601015879,NRIC,36,37,40,520.00,"20,800.00"
2020-07-16,2020071601015900,NSEWA,43,58,10,810.00,"8,100.00"
2020-07-16,2020071601015870,NSEWA,43,58,10,795.00,"7,950.00"
2020-07-16,2020071601015808,NSEWA,17,43,10,780.00,"7,800.00"
2020-07-16,2020071601015564,NTC,6,48,20,653.00,"13,060.00"
2020-07-16,2020071601015563,NTC,45,48,80,653.00,"52,240.00"
2020-07-16,2020071601015562,NTC,26,48,30,653.00,"19,590.00"
2020-07-16,2020071601016017,NUBL,14,32,100,"1,022.00","102,200.00"
2020-07-16,2020071601015990,PCBL,11,51,296,266.00,"78,736.00"
2020-07-16,2020071601015989,PCBL,44,51,54,267.00,"14,418.00"
2020-07-16,2020071601015985,PCBL,44,21,446,267.00,"119,082.00"
2020-07-16,2020071601015959,PCBL,11,56,375,266.00,"99,750.00"
2020-07-16,2020071601015910,PCBL,11,51,105,266.00,"27,930.00"
2020-07-16,2020071601015903,PCBL,11,45,26,266.00,"6,916.00"
2020-07-16,2020071601015844,PCBL,46,21,400,267.00,"106,800.00"
2020-07-16,2020071601015826,PCBL,46,59,100,267.00,"26,700.00"
2020-07-16,2020071601015770,PCBL,11,36,250,266.00,"66,500.00"
2020-07-16,2020071601015966,PIC,45,59,20,617.00,"12,340.00"
2020-07-16,2020071601015857,PICL,57,33,50,505.00,"25,250.00"
2020-07-16,2020071601015848,PICL,57,50,150,505.00,"75,750.00"
2020-07-16,2020071601015843,PICL,57,11,100,505.00,"50,500.00"
2020-07-16,2020071601016010,PLIC,45,48,200,540.00,"108,000.00"
2020-07-16,2020071601015869,PLIC,45,58,41,540.00,"22,140.00"
2020-07-16,2020071601015790,PLIC,45,35,40,540.00,"21,600.00"
2020-07-16,2020071601015789,PLIC,45,49,100,540.00,"54,000.00"
2020-07-16,2020071601015788,PLIC,45,48,200,540.00,"108,000.00"
2020-07-16,2020071601015787,PLIC,45,51,28,540.00,"15,120.00"
2020-07-16,2020071601015786,PLIC,45,44,50,540.00,"27,000.00"
2020-07-16,2020071601015785,PLIC,45,45,111,540.00,"59,940.00"
2020-07-16,2020071601015784,PLIC,45,32,100,540.00,"54,000.00"
2020-07-16,2020071601015783,PLIC,45,36,"2,130",540.00,"1,150,200.00"
2020-07-16,2020071601015782,PLIC,45,7,200,539.00,"107,800.00"
2020-07-16,2020071601015928,PPCL,33,32,20,115.00,"2,300.00"
2020-07-16,2020071601015749,PRIN,57,29,50,486.00,"24,300.00"
2020-07-16,2020071601015748,PRIN,6,29,300,486.00,"145,800.00"
2020-07-16,2020071601015921,PRVU,50,58,100,239.00,"23,900.00"
2020-07-16,2020071601015891,PRVU,22,58,20,239.00,"4,780.00"
2020-07-16,2020071601015905,RBCL,8,11,30,"9,250.00","277,500.00"
2020-07-16,2020071601015868,RBCL,44,11,20,"9,250.00","185,000.00"
2020-07-16,2020071601015692,RBCL,44,55,10,"9,249.00","92,490.00"
2020-07-16,2020071601016005,RHPC,4,46,470,85.00,"39,950.00"
2020-07-16,2020071601016004,RHPC,4,10,152,85.00,"12,920.00"
2020-07-16,2020071601016003,RHPC,4,48,500,85.00,"42,500.00"
2020-07-16,2020071601016002,RHPC,4,4,137,85.00,"11,645.00"
2020-07-16,2020071601015884,RHPC,4,43,19,84.00,"1,596.00"
2020-07-16,2020071601015689,RHPL,18,35,40,150.00,"6,000.00"
2020-07-16,2020071601015688,RHPL,18,10,20,150.00,"3,000.00"
2020-07-16,2020071601015687,RHPL,18,10,40,150.00,"6,000.00"
2020-07-16,2020071601015887,RMDC,42,5,50,701.00,"35,050.00"
2020-07-16,2020071601015886,RMDC,18,5,500,701.00,"350,500.00"
2020-07-16,2020071601015931,RSDC,43,38,30,542.00,"16,260.00"
2020-07-16,2020071601015588,RSDC,51,55,16,540.00,"8,640.00"
2020-07-16,2020071601015580,SANIMA,6,8,56,345.00,"19,320.00"
2020-07-16,2020071601015579,SANIMA,54,8,100,345.00,"34,500.00"
2020-07-16,2020071601015578,SANIMA,46,8,500,345.00,"172,500.00"
2020-07-16,2020071601015577,SANIMA,50,8,500,346.00,"173,000.00"
2020-07-16,2020071601015576,SANIMA,52,8,50,347.00,"17,350.00"
2020-07-16,2020071601015575,SANIMA,14,8,200,347.00,"69,400.00"
2020-07-16,2020071601015574,SANIMA,17,8,94,347.00,"32,618.00"
2020-07-16,2020071601015554,SAPDBL,20,10,100,126.00,"12,600.00"
2020-07-16,2020071601016039,SBI,6,6,24,443.00,"10,632.00"
2020-07-16,2020071601016034,SBI,6,6,24,443.00,"10,632.00"
2020-07-16,2020071601016024,SBI,6,6,24,443.00,"10,632.00"
2020-07-16,2020071601016009,SBI,6,6,24,443.00,"10,632.00"
2020-07-16,2020071601016007,SBI,6,6,24,443.00,"10,632.00"
2020-07-16,2020071601015986,SBI,6,6,24,443.00,"10,632.00"
2020-07-16,2020071601015961,SBI,6,6,24,443.00,"10,632.00"
2020-07-16,2020071601015948,SBI,6,6,24,443.00,"10,632.00"
2020-07-16,2020071601015935,SBI,6,6,24,443.00,"10,632.00"
2020-07-16,2020071601015919,SBI,6,6,24,443.00,"10,632.00"
2020-07-16,2020071601015901,SBI,6,6,24,443.00,"10,632.00"
2020-07-16,2020071601016026,SBL,40,13,266,306.00,"81,396.00"
2020-07-16,2020071601016025,SBL,48,13,234,307.00,"71,838.00"
2020-07-16,2020071601016023,SBL,5,10,479,308.00,"147,532.00"
2020-07-16,2020071601015850,SBL,14,10,100,308.00,"30,800.00"
2020-07-16,2020071601015716,SBL,48,11,20,307.00,"6,140.00"
2020-07-16,2020071601015569,SBL,48,41,66,307.00,"20,262.00"
2020-07-16,2020071601016022,SCB,11,16,17,659.00,"11,203.00"
2020-07-16,2020071601015572,SCB,11,26,83,658.00,"54,614.00"
2020-07-16,2020071601015571,SCB,13,26,25,658.00,"16,450.00"
2020-07-16,2020071601015599,SDESI,25,6,10,925.00,"9,250.00"
2020-07-16,2020071601015598,SDESI,25,1,20,924.00,"18,480.00"
2020-07-16,2020071601015597,SDESI,25,54,25,924.00,"23,100.00"
2020-07-16,2020071601015567,SDESI,40,25,49,911.00,"44,639.00"
2020-07-16,2020071601016037,SHINE,14,4,500,232.00,"116,000.00"
2020-07-16,2020071601016036,SHINE,26,4,100,232.00,"23,200.00"
2020-07-16,2020071601015806,SHINE,6,25,100,234.00,"23,400.00"
2020-07-16,2020071601015762,SHIVM,5,22,10,611.00,"6,110.00"
2020-07-16,2020071601015652,SHIVM,49,1,285,610.00,"173,850.00"
2020-07-16,2020071601015651,SHIVM,52,1,500,610.00,"305,000.00"
2020-07-16,2020071601015650,SHIVM,45,1,15,610.00,"9,150.00"
2020-07-16,2020071601015772,SHIVM,45,48,250,610.00,"152,500.00"
2020-07-16,2020071601015771,SHIVM,49,48,715,610.00,"436,150.00"
2020-07-16,2020071601015763,SHIVM,5,1,20,617.00,"12,340.00"
2020-07-16,2020071601015832,SHPC,6,42,34,229.00,"7,786.00"
2020-07-16,2020071601015775,SHPC,6,25,59,229.00,"13,511.00"
2020-07-16,2020071601015974,SICL,36,46,321,"1,030.00","330,630.00"
2020-07-16,2020071601015973,SICL,36,14,60,"1,030.00","61,800.00"
2020-07-16,2020071601015972,SICL,36,29,119,"1,029.00","122,451.00"
2020-07-16,2020071601015858,SICL,42,46,125,"1,025.00","128,125.00"
2020-07-16,2020071601015773,SIL,33,5,100,589.00,"58,900.00"
2020-07-16,2020071601016021,SLBBL,43,52,50,896.00,"44,800.00"
2020-07-16,2020071601015596,SLBBL,18,56,40,891.00,"35,640.00"
2020-07-16,2020071601015668,SLBBL,10,37,50,890.00,"44,500.00"
2020-07-16,2020071601015667,SLBBL,42,37,50,890.00,"44,500.00"
2020-07-16,2020071601015666,SLBBL,54,37,13,890.00,"11,570.00"
2020-07-16,2020071601015665,SLBBL,45,37,100,890.00,"89,000.00"
2020-07-16,2020071601015664,SLBBL,54,37,30,890.00,"26,700.00"
2020-07-16,2020071601015663,SLBBL,18,37,60,891.00,"53,460.00"
2020-07-16,2020071601015767,SLBBL,41,58,10,897.00,"8,970.00"
2020-07-16,2020071601015697,SLBBL,36,5,52,893.00,"46,436.00"
2020-07-16,2020071601015671,SLBBL,42,37,57,890.00,"50,730.00"
2020-07-16,2020071601015670,SLBBL,36,37,40,890.00,"35,600.00"
2020-07-16,2020071601015669,SLBBL,38,37,100,890.00,"89,000.00"
2020-07-16,2020071601015899,SLBS,1,51,23,"1,060.00","24,380.00"
2020-07-16,2020071601015898,SLBS,1,16,27,"1,060.00","28,620.00"
2020-07-16,2020071601016011,SLBSL,45,13,50,926.00,"46,300.00"
2020-07-16,2020071601015896,SMFBS,16,33,10,970.00,"9,700.00"
2020-07-16,2020071601015838,SRBL,45,25,50,241.00,"12,050.00"
2020-07-16,2020071601015813,SRBL,34,11,10,239.00,"2,390.00"
2020-07-16,2020071601015566,SRBL,33,25,477,241.00,"114,957.00"
2020-07-16,2020071601015565,SRBL,33,41,523,241.00,"126,043.00"
2020-07-16,2020071601015834,SWBBL,33,58,210,"1,210.00","254,100.00"
2020-07-16,2020071601015746,SWBBL,21,58,105,"1,210.00","127,050.00"
2020-07-16,2020071601015649,TRH,53,16,429,184.00,"78,936.00"
2020-07-16,2020071601015738,UIC,13,43,344,387.00,"133,128.00"
2020-07-16,2020071601015734,UIC,13,16,35,387.00,"13,545.00"
2020-07-16,2020071601015733,UIC,13,45,50,387.00,"19,350.00"
2020-07-16,2020071601015732,UIC,13,57,181,387.00,"70,047.00"
2020-07-16,2020071601015731,UIC,13,26,20,387.00,"7,740.00"
2020-07-16,2020071601015730,UIC,13,14,120,387.00,"46,440.00"
2020-07-16,2020071601015723,UIC,13,10,300,385.00,"115,500.00"
2020-07-16,2020071601015653,UIC,5,43,200,384.00,"76,800.00"
2020-07-16,2020071601015608,UIC,42,43,300,384.00,"115,200.00"
2020-07-16,2020071601015729,UIC,13,17,100,387.00,"38,700.00"
2020-07-16,2020071601015728,UIC,13,37,100,387.00,"38,700.00"
2020-07-16,2020071601015727,UIC,13,19,500,387.00,"193,500.00"
2020-07-16,2020071601015726,UIC,13,16,10,387.00,"3,870.00"
2020-07-16,2020071601015725,UIC,13,56,100,385.00,"38,500.00"
2020-07-16,2020071601015724,UIC,13,50,140,385.00,"53,900.00"
2020-07-16,2020071601015942,UMHL,37,47,150,101.00,"15,150.00"
2020-07-16,2020071601015877,UNHPL,34,45,50,51.00,"2,550.00"
2020-07-16,2020071601015849,UPCL,17,45,50,70.00,"3,500.00"
2020-07-16,2020071601015988,UPPER,26,57,40,233.00,"9,320.00"
2020-07-16,2020071601015970,UPPER,26,57,160,233.00,"37,280.00"
2020-07-16,2020071601015969,UPPER,25,57,340,233.00,"79,220.00"
2020-07-16,2020071601015831,UPPER,25,25,78,233.00,"18,174.00"
2020-07-16,2020071601015796,UPPER,25,57,40,233.00,"9,320.00"
2020-07-16,2020071601015584,UPPER,25,44,42,233.00,"9,786.00"
2020-07-16,2020071601015583,UPPER,14,44,10,233.00,"2,330.00"
2020-07-16,2020071601015582,UPPER,35,44,10,233.00,"2,330.00"
2020-07-16,2020071601015581,UPPER,45,44,438,233.00,"102,054.00"
2020-07-16,2020071601015867,VLBS,56,58,83,"1,000.00","83,000.00"
2020-07-16,2020071601015866,VLBS,10,58,100,"1,000.00","100,000.00"
2020-07-16,2020071601015865,VLBS,56,58,50,"1,002.00","50,100.00"
2020-07-16,2020071601015864,VLBS,10,58,34,"1,003.00","34,102.00"
2020-07-16,2020071601015863,VLBS,7,58,150,"1,004.00","150,600.00"
2020-07-16,2020071601015862,VLBS,7,58,26,"1,006.00","26,156.00"
2020-07-16,2020071601015713,VLBS,37,46,257,"1,012.00","260,084.00"
2020-07-16,2020071601015861,VLBS,17,58,18,"1,007.00","18,126.00"
2020-07-16,2020071601015860,VLBS,59,58,30,"1,010.00","30,300.00"
2020-07-16,2020071601015859,VLBS,58,58,15,"1,011.00","15,165.00"
2020-07-16,2020071601015964,WOMI,46,38,50,"1,000.00","50,000.00"
2020-07-16,2020071601015827,WOMI,42,33,10,997.00,"9,970.00"
2020-07-16,2020071601015351,ADBL,40,57,120,401.00,"48,120.00"
2020-07-16,2020071601015311,ADBL,40,29,242,401.00,"97,042.00"
2020-07-16,2020071601015198,ADBL,40,17,100,401.00,"40,100.00"
2020-07-16,2020071601015091,ADBL,40,55,109,401.00,"43,709.00"
2020-07-16,2020071601015057,ADBL,40,45,50,401.00,"20,050.00"
2020-07-16,2020071601015422,AHPC,51,37,"1,000",95.00,"95,000.00"
2020-07-16,2020071601015421,AHPC,51,34,990,95.00,"94,050.00"
2020-07-16,2020071601015420,AHPC,51,56,500,95.00,"47,500.00"
2020-07-16,2020071601015419,AHPC,51,33,220,95.00,"20,900.00"
2020-07-16,2020071601015099,AHPC,6,35,706,94.00,"66,364.00"
2020-07-16,2020071601015372,AKPL,13,40,900,116.00,"104,400.00"
2020-07-16,2020071601015371,AKPL,57,40,300,116.00,"34,800.00"
2020-07-16,2020071601015370,AKPL,58,40,"1,000",116.00,"116,000.00"
2020-07-16,2020071601015369,AKPL,43,40,80,116.00,"9,280.00"
2020-07-16,2020071601015248,AKPL,55,17,500,117.00,"58,500.00"
2020-07-16,2020071601015247,AKPL,55,17,500,117.00,"58,500.00"
2020-07-16,2020071601015246,AKPL,57,17,30,117.00,"3,510.00"
2020-07-16,2020071601015245,AKPL,11,17,"1,500",117.00,"175,500.00"
2020-07-16,2020071601015080,AKPL,55,40,"1,000",117.00,"117,000.00"
2020-07-16,2020071601015079,AKPL,45,40,"1,000",117.00,"117,000.00"
2020-07-16,2020071601015470,ALICL,57,5,27,613.00,"16,551.00"
2020-07-16,2020071601015405,ALICL,57,57,50,612.00,"30,600.00"
2020-07-16,2020071601015404,ALICL,57,44,200,612.00,"122,400.00"
2020-07-16,2020071601015403,ALICL,57,22,80,612.00,"48,960.00"
2020-07-16,2020071601015355,ALICL,50,52,323,611.00,"197,353.00"
2020-07-16,2020071601015291,ALICL,58,52,10,611.00,"6,110.00"
2020-07-16,2020071601015367,BNT,17,25,10,"6,300.00","63,000.00"
2020-07-16,2020071601015073,BNT,49,25,10,"6,300.00","63,000.00"
2020-07-16,2020071601015431,BOKL,49,8,758,226.00,"171,308.00"
2020-07-16,2020071601015253,BOKL,49,48,140,226.00,"31,640.00"
2020-07-16,2020071601015252,BOKL,49,17,"1,000",226.00,"226,000.00"
2020-07-16,2020071601015251,BOKL,49,58,102,226.00,"23,052.00"
2020-07-16,2020071601015235,BOKL,45,1,"1,000",225.00,"225,000.00"
2020-07-16,2020071601015115,BOKL,58,58,400,226.00,"90,400.00"
2020-07-16,2020071601015072,BOKL,49,58,50,226.00,"11,300.00"
2020-07-16,2020071601015457,BPCL,42,22,200,366.00,"73,200.00"
2020-07-16,2020071601015456,BPCL,42,47,12,366.00,"4,392.00"
2020-07-16,2020071601015455,BPCL,42,50,400,366.00,"146,400.00"
2020-07-16,2020071601015349,BPCL,42,50,100,366.00,"36,600.00"
2020-07-16,2020071601015244,BPCL,6,32,195,365.00,"71,175.00"
2020-07-16,2020071601015243,BPCL,6,4,404,365.00,"147,460.00"
2020-07-16,2020071601015534,CCBL,44,55,300,171.00,"51,300.00"
2020-07-16,2020071601015144,CCBL,59,17,"1,000",171.00,"171,000.00"
2020-07-16,2020071601015143,CCBL,59,43,90,171.00,"15,390.00"
2020-07-16,2020071601015106,CCBL,49,41,45,170.00,"7,650.00"
2020-07-16,2020071601015451,CFCL,25,1,300,128.00,"38,400.00"
2020-07-16,2020071601015450,CFCL,25,42,90,128.00,"11,520.00"
2020-07-16,2020071601015303,CFCL,6,42,10,128.00,"1,280.00"
2020-07-16,2020071601015156,CHCL,1,49,"2,367",407.00,"963,369.00"
2020-07-16,2020071601015539,CLBSL,43,58,193,755.00,"145,715.00"
2020-07-16,2020071601015438,CZBIL,37,7,147,194.00,"28,518.00"
2020-07-16,2020071601015437,CZBIL,26,7,50,194.00,"9,700.00"
2020-07-16,2020071601015436,CZBIL,55,7,50,194.00,"9,700.00"
2020-07-16,2020071601015359,CZBIL,45,45,48,194.00,"9,312.00"
2020-07-16,2020071601015496,EBL,53,58,29,692.00,"20,068.00"
2020-07-16,2020071601015383,EBL,53,33,64,692.00,"44,288.00"
2020-07-16,2020071601015382,EBL,52,33,436,692.00,"301,712.00"
2020-07-16,2020071601015172,EBL,52,52,50,692.00,"34,600.00"
2020-07-16,2020071601015123,EBL,52,45,14,692.00,"9,688.00"
2020-07-16,2020071601015092,EBL,14,56,500,693.00,"346,500.00"
2020-07-16,2020071601015184,EIC,25,13,12,412.00,"4,944.00"
2020-07-16,2020071601015493,FMDBL,36,6,40,545.00,"21,800.00"
2020-07-16,2020071601015492,FMDBL,6,6,10,545.00,"5,450.00"
2020-07-16,2020071601015466,FMDBL,6,45,350,545.00,"190,750.00"
2020-07-16,2020071601015465,FMDBL,19,45,50,545.00,"27,250.00"
2020-07-16,2020071601015464,FMDBL,25,45,80,546.00,"43,680.00"
2020-07-16,2020071601015463,FMDBL,52,45,10,546.00,"5,460.00"
2020-07-16,2020071601015462,FMDBL,49,45,10,547.00,"5,470.00"
2020-07-16,2020071601015274,FOWAD,25,21,190,"1,590.00","302,100.00"
2020-07-16,2020071601015273,FOWAD,4,21,50,"1,590.00","79,500.00"
2020-07-16,2020071601015272,FOWAD,16,21,60,"1,591.00","95,460.00"
2020-07-16,2020071601015271,FOWAD,38,21,10,"1,599.00","15,990.00"
2020-07-16,2020071601015270,FOWAD,13,21,15,"1,600.00","24,000.00"
2020-07-16,2020071601015161,FOWAD,13,44,15,"1,600.00","24,000.00"
2020-07-16,2020071601015502,GBBL,51,21,210,236.00,"49,560.00"
2020-07-16,2020071601015501,GBBL,21,21,200,236.00,"47,200.00"
2020-07-16,2020071601015500,GBBL,44,21,90,236.00,"21,240.00"
2020-07-16,2020071601015441,GBBL,44,45,10,236.00,"2,360.00"
2020-07-16,2020071601015410,GBBL,14,39,153,237.00,"36,261.00"
2020-07-16,2020071601015075,GBBL,44,26,800,236.00,"188,800.00"
2020-07-16,2020071601015053,GBBL,44,57,100,236.00,"23,600.00"
2020-07-16,2020071601015452,GBIME,4,48,20,253.00,"5,060.00"
2020-07-16,2020071601015229,GBIME,49,43,50,254.00,"12,700.00"
2020-07-16,2020071601015192,GBIME,49,57,195,252.00,"49,140.00"
2020-07-16,2020071601015191,GBIME,47,57,500,252.00,"126,000.00"
2020-07-16,2020071601015190,GBIME,45,57,65,252.00,"16,380.00"
2020-07-16,2020071601015098,GBIME,48,57,50,253.00,"12,650.00"
2020-07-16,2020071601015058,GBIME,45,51,24,254.00,"6,096.00"
2020-07-16,2020071601015097,GBIME,52,57,50,253.00,"12,650.00"
2020-07-16,2020071601015096,GBIME,41,57,100,253.00,"25,300.00"
2020-07-16,2020071601015095,GBIME,6,57,"1,892",253.00,"478,676.00"
2020-07-16,2020071601015093,GBIME,6,19,75,254.00,"19,050.00"
2020-07-16,2020071601015064,GBIME,1,19,10,254.00,"2,540.00"
2020-07-16,2020071601015059,GBIME,45,19,476,254.00,"120,904.00"
2020-07-16,2020071601015379,GBLBS,8,22,45,530.00,"23,850.00"
2020-07-16,2020071601015266,GBLBS,1,19,199,531.00,"105,669.00"
2020-07-16,2020071601015200,GBLBS,1,45,130,531.00,"69,030.00"
2020-07-16,2020071601015199,GBLBS,1,45,20,531.00,"10,620.00"
2020-07-16,2020071601015076,GBLBS,1,47,50,531.00,"26,550.00"
2020-07-16,2020071601015060,GBLBS,1,48,65,531.00,"34,515.00"
2020-07-16,2020071601015537,GFCL,59,14,135,150.00,"20,250.00"
2020-07-16,2020071601015536,GFCL,54,14,65,150.00,"9,750.00"
2020-07-16,2020071601015265,GGBSL,11,43,16,925.00,"14,800.00"
2020-07-16,2020071601015448,GILB,34,21,14,"1,302.00","18,228.00"
2020-07-16,2020071601015447,GILB,34,21,11,"1,302.00","14,322.00"
2020-07-16,2020071601015446,GILB,38,21,100,"1,305.00","130,500.00"
2020-07-16,2020071601015445,GILB,36,21,45,"1,305.00","58,725.00"
2020-07-16,2020071601015444,GILB,38,21,100,"1,307.00","130,700.00"
2020-07-16,2020071601015443,GILB,37,21,100,"1,307.00","130,700.00"
2020-07-16,2020071601015442,GILB,38,21,30,"1,310.00","39,300.00"
2020-07-16,2020071601015165,GIMES1,26,58,"3,000",8.52,"25,560.00"
2020-07-16,2020071601015545,GLBSL,43,25,100,850.00,"85,000.00"
2020-07-16,2020071601015544,GLBSL,43,22,10,850.00,"8,500.00"
2020-07-16,2020071601015543,GLBSL,43,14,20,850.00,"17,000.00"
2020-07-16,2020071601015542,GLBSL,43,51,76,848.00,"64,448.00"
2020-07-16,2020071601015541,GLBSL,43,49,10,847.00,"8,470.00"
2020-07-16,2020071601015540,GLBSL,43,1,20,845.00,"16,900.00"
2020-07-16,2020071601015528,GLBSL,29,40,100,840.00,"84,000.00"
2020-07-16,2020071601015052,GLBSL,29,45,100,840.00,"84,000.00"
2020-07-16,2020071601015177,GLICL,48,44,100,470.00,"47,000.00"
2020-07-16,2020071601015176,GLICL,48,45,280,470.00,"131,600.00"
2020-07-16,2020071601015460,HBL,45,11,20,556.00,"11,120.00"
2020-07-16,2020071601015275,HBL,56,32,20,558.00,"11,160.00"
2020-07-16,2020071601015378,HDL,21,48,60,"1,610.00","96,600.00"
2020-07-16,2020071601015377,HDL,21,48,30,"1,610.00","48,300.00"
2020-07-16,2020071601015376,HDL,52,48,100,"1,610.00","161,000.00"
2020-07-16,2020071601015375,HDL,13,48,10,"1,610.00","16,100.00"
2020-07-16,2020071601015308,HDL,13,19,100,"1,610.00","161,000.00"
2020-07-16,2020071601015263,HDL,13,4,90,"1,610.00","144,900.00"
2020-07-16,2020071601015262,HDL,5,4,100,"1,610.00","161,000.00"
2020-07-16,2020071601015261,HDL,5,4,100,"1,611.00","161,100.00"
2020-07-16,2020071601015260,HDL,5,4,10,"1,612.00","16,120.00"
2020-07-16,2020071601015321,HGI,1,51,26,423.00,"10,998.00"
2020-07-16,2020071601015259,HIDCL,54,26,11,134.00,"1,474.00"
2020-07-16,2020071601015258,HIDCL,54,17,16,134.00,"2,144.00"
2020-07-16,2020071601015257,HIDCL,54,45,15,134.00,"2,010.00"
2020-07-16,2020071601015320,HPPL,6,17,200,132.00,"26,400.00"
2020-07-16,2020071601015339,HURJA,32,11,"3,000",90.00,"270,000.00"
2020-07-16,2020071601015338,HURJA,32,42,20,90.00,"1,800.00"
2020-07-16,2020071601015337,HURJA,32,17,40,90.00,"3,600.00"
2020-07-16,2020071601015142,HURJA,52,17,10,90.00,900.00
2020-07-16,2020071601015100,HURJA,45,17,30,90.00,"2,700.00"
2020-07-16,2020071601015062,HURJA,37,17,100,90.00,"9,000.00"
2020-07-16,2020071601015061,HURJA,45,17,"1,980",90.00,"178,200.00"
2020-07-16,2020071601015318,IGI,41,56,50,454.00,"22,700.00"
2020-07-16,2020071601015327,ILBS,16,25,10,807.00,"8,070.00"
2020-07-16,2020071601015529,JBBL,25,36,10,173.00,"1,730.00"
2020-07-16,2020071601015256,JBBL,25,36,12,173.00,"2,076.00"
2020-07-16,2020071601015117,JFL,45,58,104,168.00,"17,472.00"
2020-07-16,2020071601015116,JFL,45,47,122,167.00,"20,374.00"
2020-07-16,2020071601015074,JFL,45,32,478,166.00,"79,348.00"
2020-07-16,2020071601015122,JFL,45,57,10,170.00,"1,700.00"
2020-07-16,2020071601015121,JFL,45,16,10,170.00,"1,700.00"
2020-07-16,2020071601015120,JFL,45,32,500,169.00,"84,500.00"
2020-07-16,2020071601015119,JFL,45,16,10,169.00,"1,690.00"
2020-07-16,2020071601015118,JFL,45,58,35,169.00,"5,915.00"
2020-07-16,2020071601015070,JSLBB,41,41,47,"1,650.00","77,550.00"
2020-07-16,2020071601015069,JSLBB,25,41,63,"1,650.00","103,950.00"
2020-07-16,2020071601015068,JSLBB,5,41,100,"1,655.00","165,500.00"
2020-07-16,2020071601015067,JSLBB,6,41,30,"1,656.00","49,680.00"
2020-07-16,2020071601015066,JSLBB,41,41,20,"1,656.00","33,120.00"
2020-07-16,2020071601015065,JSLBB,16,41,40,"1,656.00","66,240.00"
2020-07-16,2020071601015499,KBL,46,57,500,195.00,"97,500.00"
2020-07-16,2020071601015498,KBL,29,57,107,195.00,"20,865.00"
2020-07-16,2020071601015282,KMCDB,55,10,10,808.00,"8,080.00"
2020-07-16,2020071601015255,KMCDB,55,10,10,808.00,"8,080.00"
2020-07-16,2020071601015185,KMCDB,42,10,10,808.00,"8,080.00"
2020-07-16,2020071601015063,KMCDB,33,58,50,816.00,"40,800.00"
2020-07-16,2020071601015535,LBL,38,11,20,226.00,"4,520.00"
2020-07-16,2020071601015484,LBL,16,58,265,228.00,"60,420.00"
2020-07-16,2020071601015429,LBL,16,14,200,228.00,"45,600.00"
2020-07-16,2020071601015428,LBL,16,57,100,228.00,"22,800.00"
2020-07-16,2020071601015427,LBL,16,48,200,228.00,"45,600.00"
2020-07-16,2020071601015426,LBL,16,53,85,228.00,"19,380.00"
2020-07-16,2020071601015425,LBL,16,25,150,227.00,"34,050.00"
2020-07-16,2020071601015385,LBL,58,25,50,227.00,"11,350.00"
2020-07-16,2020071601015384,LBL,58,51,50,227.00,"11,350.00"
2020-07-16,2020071601015249,LBL,45,51,50,227.00,"11,350.00"
2020-07-16,2020071601015220,LGIL,49,29,20,460.00,"9,200.00"
2020-07-16,2020071601015114,LGIL,49,50,25,460.00,"11,500.00"
2020-07-16,2020071601015461,LICN,45,17,193,"1,365.00","263,445.00"
2020-07-16,2020071601015440,LICN,25,39,10,"1,370.00","13,700.00"
2020-07-16,2020071601015214,LICN,45,17,500,"1,365.00","682,500.00"
2020-07-16,2020071601015213,LICN,45,17,200,"1,365.00","273,000.00"
2020-07-16,2020071601015212,LICN,45,25,50,"1,364.00","68,200.00"
2020-07-16,2020071601015211,LICN,45,25,30,"1,364.00","40,920.00"
2020-07-16,2020071601015210,LICN,45,16,27,"1,360.00","36,720.00"
2020-07-16,2020071601015269,LLBS,25,58,300,"1,205.00","361,500.00"
2020-07-16,2020071601015268,LLBS,25,57,100,"1,204.00","120,400.00"
2020-07-16,2020071601015167,LLBS,50,51,27,"1,195.00","32,265.00"
2020-07-16,2020071601015439,MBL,49,51,752,230.00,"172,960.00"
2020-07-16,2020071601015324,MBL,49,1,200,230.00,"46,000.00"
2020-07-16,2020071601015323,MBL,49,4,"1,000",230.00,"230,000.00"
2020-07-16,2020071601015322,MBL,49,4,48,229.00,"10,992.00"
2020-07-16,2020071601015239,MBL,52,4,"1,000",229.00,"229,000.00"
2020-07-16,2020071601015238,MBL,38,4,952,229.00,"218,008.00"
2020-07-16,2020071601015188,MBL,52,17,"1,000",230.00,"230,000.00"
2020-07-16,2020071601015187,MBL,52,45,50,230.00,"11,500.00"
2020-07-16,2020071601015186,MBL,52,44,300,230.00,"69,000.00"
2020-07-16,2020071601015171,MBL,38,59,48,229.00,"10,992.00"
2020-07-16,2020071601015170,MBL,49,59,452,229.00,"103,508.00"
2020-07-16,2020071601015153,MBL,14,44,200,230.00,"46,000.00"
2020-07-16,2020071601015163,MDB,4,57,20,337.00,"6,740.00"
2020-07-16,2020071601015453,MEGA,16,53,15,218.00,"3,270.00"
2020-07-16,2020071601015381,MEGA,16,51,300,218.00,"65,400.00"
2020-07-16,2020071601015219,MEGA,58,57,"1,179",217.00,"255,843.00"
2020-07-16,2020071601015141,MEGA,57,57,200,217.00,"43,400.00"
2020-07-16,2020071601015140,MEGA,41,57,150,217.00,"32,550.00"
2020-07-16,2020071601015139,MEGA,14,57,"1,000",217.00,"217,000.00"
2020-07-16,2020071601015138,MEGA,5,57,500,217.00,"108,500.00"
2020-07-16,2020071601015137,MEGA,35,57,171,217.00,"37,107.00"
2020-07-16,2020071601015136,MEGA,44,57,300,218.00,"65,400.00"
2020-07-16,2020071601015135,MEGA,45,57,500,218.00,"109,000.00"
2020-07-16,2020071601015336,MERO,42,26,182,663.00,"120,666.00"
2020-07-16,2020071601015335,MERO,26,26,100,664.00,"66,400.00"
2020-07-16,2020071601015334,MERO,38,26,50,664.00,"33,200.00"
2020-07-16,2020071601015333,MERO,45,26,100,664.00,"66,400.00"
2020-07-16,2020071601015332,MERO,22,26,50,664.00,"33,200.00"
2020-07-16,2020071601015331,MERO,36,26,50,664.00,"33,200.00"
2020-07-16,2020071601015330,MERO,1,26,100,665.00,"66,500.00"
2020-07-16,2020071601015329,MERO,56,26,50,666.00,"33,300.00"
2020-07-16,2020071601015328,MERO,57,26,300,666.00,"199,800.00"
2020-07-16,2020071601015475,MFIL,28,49,"5,000",306.00,"1,530,000.00"
2020-07-16,2020071601015474,MFIL,57,49,100,306.00,"30,600.00"
2020-07-16,2020071601015473,MFIL,28,49,500,306.00,"153,000.00"
2020-07-16,2020071601015472,MFIL,57,49,500,307.00,"153,500.00"
2020-07-16,2020071601015471,MFIL,28,49,890,307.00,"273,230.00"
2020-07-16,2020071601015402,MFIL,28,10,100,307.00,"30,700.00"
2020-07-16,2020071601015310,MFIL,28,6,10,307.00,"3,070.00"
2020-07-16,2020071601015530,MNBBL,14,54,200,320.00,"64,000.00"
2020-07-16,2020071601015511,MNBBL,14,54,50,320.00,"16,000.00"
2020-07-16,2020071601015510,MNBBL,14,25,50,320.00,"16,000.00"
2020-07-16,2020071601015218,MNBBL,17,54,300,319.00,"95,700.00"
2020-07-16,2020071601015082,MNBBL,17,32,50,319.00,"15,950.00"
2020-07-16,2020071601015469,NABIL,4,56,500,788.00,"394,000.00"
2020-07-16,2020071601015301,NABIL,4,55,650,788.00,"512,200.00"
2020-07-16,2020071601015278,NABIL,4,56,500,788.00,"394,000.00"
2020-07-16,2020071601015241,NABIL,22,22,10,789.00,"7,890.00"
2020-07-16,2020071601015240,NABIL,33,22,10,789.00,"7,890.00"
2020-07-16,2020071601015236,NABIL,22,50,20,789.00,"15,780.00"
2020-07-16,2020071601015129,NABIL,22,57,30,789.00,"23,670.00"
2020-07-16,2020071601015280,NADEP,45,53,50,677.00,"33,850.00"
2020-07-16,2020071601015279,NADEP,57,53,13,677.00,"8,801.00"
2020-07-16,2020071601015281,NADEP,57,53,137,675.00,"92,475.00"
2020-07-16,2020071601015309,NBB,17,13,12,213.00,"2,556.00"
2020-07-16,2020071601015146,NBF2,33,49,"1,450",9.60,"13,920.00"
2020-07-16,2020071601015394,NBL,51,57,34,256.00,"8,704.00"
2020-07-16,2020071601015148,NBL,51,6,22,256.00,"5,632.00"
2020-07-16,2020071601015077,NBL,33,28,100,257.00,"25,700.00"
2020-07-16,2020071601015048,NBL,6,26,"1,395",256.00,"357,120.00"
2020-07-16,2020071601015525,NCCB,21,13,13,190.00,"2,470.00"
2020-07-16,2020071601015401,NCCB,52,26,500,191.00,"95,500.00"
2020-07-16,2020071601015400,NCCB,52,10,100,191.00,"19,100.00"
2020-07-16,2020071601015399,NCCB,52,41,166,191.00,"31,706.00"
2020-07-16,2020071601015398,NCCB,52,14,15,191.00,"2,865.00"
2020-07-16,2020071601015397,NCCB,52,10,"1,450",191.00,"276,950.00"
2020-07-16,2020071601015396,NCCB,52,14,280,191.00,"53,480.00"
2020-07-16,2020071601015395,NCCB,52,44,"1,001",191.00,"191,191.00"
2020-07-16,2020071601015181,NCCB,1,44,10,191.00,"1,910.00"
2020-07-16,2020071601015352,NGPL,57,54,11,116.00,"1,276.00"
2020-07-16,2020071601015151,NGPL,57,35,124,116.00,"14,384.00"
2020-07-16,2020071601015150,NGPL,57,35,74,116.00,"8,584.00"
2020-07-16,2020071601015149,NGPL,21,35,50,116.00,"5,800.00"
2020-07-16,2020071601015113,NHPC,29,17,700,52.00,"36,400.00"
2020-07-16,2020071601015112,NHPC,34,17,"1,000",52.00,"52,000.00"
2020-07-16,2020071601015111,NHPC,25,17,500,52.00,"26,000.00"
2020-07-16,2020071601015110,NHPC,46,17,"1,000",52.00,"52,000.00"
2020-07-16,2020071601015109,NHPC,45,17,"1,000",52.00,"52,000.00"
2020-07-16,2020071601015108,NHPC,58,17,600,52.00,"31,200.00"
2020-07-16,2020071601015107,NHPC,1,17,200,52.00,"10,400.00"
2020-07-16,2020071601015504,NIB,10,57,21,439.00,"9,219.00"
2020-07-16,2020071601015503,NIB,10,54,49,438.00,"21,462.00"
2020-07-16,2020071601015434,NIB,25,48,100,438.00,"43,800.00"
2020-07-16,2020071601015197,NIB,16,1,400,437.00,"174,800.00"
2020-07-16,2020071601015128,NIB,16,29,238,437.00,"104,006.00"
2020-07-16,2020071601015127,NIB,46,29,250,437.00,"109,250.00"
2020-07-16,2020071601015126,NIB,46,29,20,437.00,"8,740.00"
2020-07-16,2020071601015527,NIBPO,58,39,500,370.00,"185,000.00"
2020-07-16,2020071601015517,NICA,54,33,252,569.00,"143,388.00"
2020-07-16,2020071601015449,NICA,58,40,40,570.00,"22,800.00"
2020-07-16,2020071601015314,NICA,28,40,60,570.00,"34,200.00"
2020-07-16,2020071601015313,NICA,28,38,80,570.00,"45,600.00"
2020-07-16,2020071601015306,NICA,48,44,105,570.00,"59,850.00"
2020-07-16,2020071601015305,NICA,48,44,94,570.00,"53,580.00"
2020-07-16,2020071601015237,NICA,58,44,60,570.00,"34,200.00"
2020-07-16,2020071601015202,NICA,42,44,73,570.00,"41,610.00"
2020-07-16,2020071601015201,NICA,42,44,127,570.00,"72,390.00"
2020-07-16,2020071601015189,NICA,54,56,500,569.00,"284,500.00"
2020-07-16,2020071601015360,NICL,48,45,309,449.00,"138,741.00"
2020-07-16,2020071601015432,NICLBSL,14,54,20,585.00,"11,700.00"
2020-07-16,2020071601015459,NIL,32,46,500,611.00,"305,500.00"
2020-07-16,2020071601015290,NLG,45,6,390,660.00,"257,400.00"
2020-07-16,2020071601015289,NLG,45,44,30,660.00,"19,800.00"
2020-07-16,2020071601015288,NLG,45,33,100,660.00,"66,000.00"
2020-07-16,2020071601015287,NLG,45,33,200,659.00,"131,800.00"
2020-07-16,2020071601015286,NLG,45,40,22,659.00,"14,498.00"
2020-07-16,2020071601015285,NLG,45,22,100,658.00,"65,800.00"
2020-07-16,2020071601015284,NLG,45,56,107,658.00,"70,406.00"
2020-07-16,2020071601015283,NLG,45,50,26,657.00,"17,082.00"
2020-07-16,2020071601015513,NLIC,47,5,50,"1,275.00","63,750.00"
2020-07-16,2020071601015506,NLIC,14,10,12,"1,274.00","15,288.00"
2020-07-16,2020071601015505,NLIC,33,10,150,"1,274.00","191,100.00"
2020-07-16,2020071601015467,NLIC,19,17,200,"1,275.00","255,000.00"
2020-07-16,2020071601015412,NLIC,33,51,50,"1,274.00","63,700.00"
2020-07-16,2020071601015368,NLIC,54,45,40,"1,272.00","50,880.00"
2020-07-16,2020071601015350,NLIC,54,33,56,"1,272.00","71,232.00"
2020-07-16,2020071601015083,NLIC,45,10,20,"1,274.00","25,480.00"
2020-07-16,2020071601015051,NLIC,45,3,50,"1,274.00","63,700.00"
2020-07-16,2020071601015050,NLIC,45,11,30,"1,270.00","38,100.00"
2020-07-16,2020071601015409,NLICL,1,58,20,675.00,"13,500.00"
2020-07-16,2020071601015408,NLICL,6,58,46,675.00,"31,050.00"
2020-07-16,2020071601015538,NMB,33,6,400,414.00,"165,600.00"
2020-07-16,2020071601015526,NMB,11,6,"1,000",414.00,"414,000.00"
2020-07-16,2020071601015435,NMB,32,6,50,414.00,"20,700.00"
2020-07-16,2020071601015411,NMB,16,1,415,413.00,"171,395.00"
2020-07-16,2020071601015250,NMB,16,6,25,413.00,"10,325.00"
2020-07-16,2020071601015234,NMB,16,45,193,413.00,"79,709.00"
2020-07-16,2020071601015145,NMB,11,6,100,414.00,"41,400.00"
2020-07-16,2020071601015056,NMB,46,6,26,414.00,"10,764.00"
2020-07-16,2020071601015055,NMB,46,41,214,414.00,"88,596.00"
2020-07-16,2020071601015233,NMB,13,45,200,413.00,"82,600.00"
2020-07-16,2020071601015232,NMB,53,45,75,413.00,"30,975.00"
2020-07-16,2020071601015231,NMB,51,45,20,413.00,"8,260.00"
2020-07-16,2020071601015230,NMB,54,45,112,413.00,"46,256.00"
2020-07-16,2020071601015223,NMB,53,6,200,414.00,"82,800.00"
2020-07-16,2020071601015162,NMB,54,5,612,413.00,"252,756.00"
2020-07-16,2020071601015183,NMBMF,25,33,36,799.00,"28,764.00"
2020-07-16,2020071601015182,NMBMF,45,33,50,799.00,"39,950.00"
2020-07-16,2020071601015222,NMFBS,45,33,10,"1,667.00","16,670.00"
2020-07-16,2020071601015175,NMFBS,45,47,30,"1,667.00","50,010.00"
2020-07-16,2020071601015134,NMFBS,45,47,22,"1,667.00","36,674.00"
2020-07-16,2020071601015518,NRIC,6,51,40,518.00,"20,720.00"
2020-07-16,2020071601015509,NRIC,49,51,20,520.00,"10,400.00"
2020-07-16,2020071601015508,NRIC,49,45,30,520.00,"15,600.00"
2020-07-16,2020071601015495,NRIC,19,57,50,520.00,"26,000.00"
2020-07-16,2020071601015494,NRIC,19,26,10,520.00,"5,200.00"
2020-07-16,2020071601015490,NRIC,52,26,30,520.00,"15,600.00"
2020-07-16,2020071601015102,NRIC,46,22,40,520.00,"20,800.00"
2020-07-16,2020071601015101,NRIC,46,51,10,520.00,"5,200.00"
2020-07-16,2020071601015049,NRIC,46,45,40,519.00,"20,760.00"
2020-07-16,2020071601015207,NRIC,46,41,80,520.00,"41,600.00"
2020-07-16,2020071601015205,NRIC,46,10,50,520.00,"26,000.00"
2020-07-16,2020071601015203,NRIC,46,41,10,520.00,"5,200.00"
2020-07-16,2020071601015169,NRIC,46,33,20,520.00,"10,400.00"
2020-07-16,2020071601015154,NRIC,46,49,50,520.00,"26,000.00"
2020-07-16,2020071601015103,NRIC,46,10,40,520.00,"20,800.00"
2020-07-16,2020071601015341,NRIC,57,44,50,519.00,"25,950.00"
2020-07-16,2020071601015340,NRIC,46,44,190,519.00,"98,610.00"
2020-07-16,2020071601015319,NRIC,46,21,40,519.00,"20,760.00"
2020-07-16,2020071601015312,NRIC,46,10,40,519.00,"20,760.00"
2020-07-16,2020071601015267,NRIC,46,21,40,519.00,"20,760.00"
2020-07-16,2020071601015242,NRIC,46,10,40,519.00,"20,760.00"
2020-07-16,2020071601015347,NRIC,51,44,200,519.00,"103,800.00"
2020-07-16,2020071601015346,NRIC,50,44,100,519.00,"51,900.00"
2020-07-16,2020071601015345,NRIC,49,44,400,519.00,"207,600.00"
2020-07-16,2020071601015344,NRIC,40,44,"1,000",519.00,"519,000.00"
2020-07-16,2020071601015343,NRIC,57,44,50,519.00,"25,950.00"
2020-07-16,2020071601015342,NRIC,19,44,160,519.00,"83,040.00"
2020-07-16,2020071601015413,NRIC,46,26,380,518.00,"196,840.00"
2020-07-16,2020071601015407,NRIC,46,45,40,518.00,"20,720.00"
2020-07-16,2020071601015406,NRIC,46,21,40,518.00,"20,720.00"
2020-07-16,2020071601015388,NRIC,6,44,30,519.00,"15,570.00"
2020-07-16,2020071601015380,NRIC,46,21,40,518.00,"20,720.00"
2020-07-16,2020071601015348,NRIC,16,44,600,519.00,"311,400.00"
2020-07-16,2020071601015454,NRIC,51,44,10,519.00,"5,190.00"
2020-07-16,2020071601015418,NRIC,6,42,500,518.00,"259,000.00"
2020-07-16,2020071601015417,NRIC,6,26,630,518.00,"326,340.00"
2020-07-16,2020071601015416,NRIC,41,26,290,518.00,"150,220.00"
2020-07-16,2020071601015415,NRIC,57,26,50,518.00,"25,900.00"
2020-07-16,2020071601015414,NRIC,57,26,50,518.00,"25,900.00"
2020-07-16,2020071601015489,NRIC,52,48,40,520.00,"20,800.00"
2020-07-16,2020071601015488,NRIC,52,22,50,520.00,"26,000.00"
2020-07-16,2020071601015487,NRIC,52,51,40,520.00,"20,800.00"
2020-07-16,2020071601015486,NRIC,52,51,50,520.00,"26,000.00"
2020-07-16,2020071601015485,NRIC,52,41,40,520.00,"20,800.00"
2020-07-16,2020071601015468,NRIC,25,41,20,520.00,"10,400.00"
2020-07-16,2020071601015326,NSEWA,43,22,50,765.00,"38,250.00"
2020-07-16,2020071601015325,NSEWA,43,50,10,765.00,"7,650.00"
2020-07-16,2020071601015160,NSEWA,16,34,10,754.00,"7,540.00"
2020-07-16,2020071601015159,NSEWA,16,34,150,754.00,"113,100.00"
2020-07-16,2020071601015071,NSEWA,14,40,10,750.00,"7,500.00"
2020-07-16,2020071601015512,NTC,26,25,20,653.00,"13,060.00"
2020-07-16,2020071601015524,PCBL,11,42,20,266.00,"5,320.00"
2020-07-16,2020071601015523,PCBL,20,42,100,266.00,"26,600.00"
2020-07-16,2020071601015387,PCBL,55,59,101,267.00,"26,967.00"
2020-07-16,2020071601015386,PCBL,55,6,100,267.00,"26,700.00"
2020-07-16,2020071601015196,PCBL,29,56,25,267.00,"6,675.00"
2020-07-16,2020071601015195,PCBL,49,56,100,267.00,"26,700.00"
2020-07-16,2020071601015155,PFL,58,47,20,159.00,"3,180.00"
2020-07-16,2020071601015354,PLIC,59,50,19,536.00,"10,184.00"
2020-07-16,2020071601015194,PPCL,32,58,20,114.00,"2,280.00"
2020-07-16,2020071601015204,PRIN,1,25,10,490.00,"4,900.00"
2020-07-16,2020071601015217,PRVU,1,58,30,239.00,"7,170.00"
2020-07-16,2020071601015216,PRVU,41,58,100,239.00,"23,900.00"
2020-07-16,2020071601015215,PRVU,58,58,500,239.00,"119,500.00"
2020-07-16,2020071601015158,PRVU,6,58,200,239.00,"47,800.00"
2020-07-16,2020071601015157,PRVU,1,58,300,239.00,"71,700.00"
2020-07-16,2020071601015094,PRVU,1,57,100,239.00,"23,900.00"
2020-07-16,2020071601015164,RADHI,16,10,12,170.00,"2,040.00"
2020-07-16,2020071601015430,RBCL,44,35,10,"9,249.00","92,490.00"
2020-07-16,2020071601015228,RHPC,34,41,300,83.00,"24,900.00"
2020-07-16,2020071601015227,RHPC,39,41,500,83.00,"41,500.00"
2020-07-16,2020071601015226,RHPC,47,41,291,83.00,"24,153.00"
2020-07-16,2020071601015131,RHPL,13,10,40,149.00,"5,960.00"
2020-07-16,2020071601015174,RMDC,47,17,30,704.00,"21,120.00"
2020-07-16,2020071601015516,RSDC,14,6,37,540.00,"19,980.00"
2020-07-16,2020071601015515,RSDC,41,6,10,541.00,"5,410.00"
2020-07-16,2020071601015166,SADBL,20,56,54,150.00,"8,100.00"
2020-07-16,2020071601015047,SAEF,45,28,"1,000",9.85,"9,850.00"
2020-07-16,2020071601015491,SANIMA,14,45,450,348.00,"156,600.00"
2020-07-16,2020071601015389,SANIMA,17,56,110,347.00,"38,170.00"
2020-07-16,2020071601015304,SANIMA,45,45,50,348.00,"17,400.00"
2020-07-16,2020071601015193,SANIMA,45,26,50,349.00,"17,450.00"
2020-07-16,2020071601015081,SANIMA,45,19,450,348.00,"156,600.00"
2020-07-16,2020071601015078,SANIMA,1,26,10,349.00,"3,490.00"
2020-07-16,2020071601015353,SBI,4,6,13,442.00,"5,746.00"
2020-07-16,2020071601015277,SBI,14,1,100,445.00,"44,500.00"
2020-07-16,2020071601015276,SBI,3,1,120,445.00,"53,400.00"
2020-07-16,2020071601015221,SBL,1,1,10,309.00,"3,090.00"
2020-07-16,2020071601015088,SBL,1,1,10,309.00,"3,090.00"
2020-07-16,2020071601015085,SBL,48,45,20,307.00,"6,140.00"
2020-07-16,2020071601015084,SBL,8,45,20,307.00,"6,140.00"
2020-07-16,2020071601015507,SCB,13,1,100,658.00,"65,800.00"
2020-07-16,2020071601015358,SCB,11,36,17,660.00,"11,220.00"
2020-07-16,2020071601015300,SCB,46,36,417,660.00,"275,220.00"
2020-07-16,2020071601015299,SCB,46,56,50,660.00,"33,000.00"
2020-07-16,2020071601015298,SCB,46,45,100,660.00,"66,000.00"
2020-07-16,2020071601015297,SCB,46,45,10,660.00,"6,600.00"
2020-07-16,2020071601015296,SCB,46,5,60,660.00,"39,600.00"
2020-07-16,2020071601015295,SCB,46,41,102,660.00,"67,320.00"
2020-07-16,2020071601015294,SCB,46,28,50,660.00,"33,000.00"
2020-07-16,2020071601015293,SCB,46,34,286,659.00,"188,474.00"
2020-07-16,2020071601015292,SCB,46,55,25,659.00,"16,475.00"
2020-07-16,2020071601015374,SFCL,22,52,200,97.00,"19,400.00"
2020-07-16,2020071601015373,SFCL,6,52,100,97.00,"9,700.00"
2020-07-16,2020071601015497,SHINE,26,1,300,232.00,"69,600.00"
2020-07-16,2020071601015180,SHIVM,45,48,60,610.00,"36,600.00"
2020-07-16,2020071601015179,SHIVM,52,48,425,610.00,"259,250.00"
2020-07-16,2020071601015178,SHIVM,58,48,15,611.00,"9,165.00"
2020-07-16,2020071601015124,SHIVM,42,6,284,618.00,"175,512.00"
2020-07-16,2020071601015105,SHIVM,42,35,557,618.00,"344,226.00"
2020-07-16,2020071601015104,SHIVM,42,35,284,618.00,"175,512.00"
2020-07-16,2020071601015090,SHIVM,42,48,43,618.00,"26,574.00"
2020-07-16,2020071601015089,SHIVM,32,48,300,618.00,"185,400.00"
2020-07-16,2020071601015054,SHIVM,42,6,200,618.00,"123,600.00"
2020-07-16,2020071601015317,SHPC,6,11,100,229.00,"22,900.00"
2020-07-16,2020071601015316,SHPC,6,21,64,229.00,"14,656.00"
2020-07-16,2020071601015315,SHPC,6,14,510,229.00,"116,790.00"
2020-07-16,2020071601015307,SHPC,47,16,20,227.00,"4,540.00"
2020-07-16,2020071601015302,SHPC,42,14,100,229.00,"22,900.00"
2020-07-16,2020071601015147,SJCL,52,10,20,136.00,"2,720.00"
2020-07-16,2020071601015483,SKBBL,45,58,43,"1,300.00","55,900.00"
2020-07-16,2020071601015482,SKBBL,45,51,500,"1,299.00","649,500.00"
2020-07-16,2020071601015481,SKBBL,45,29,40,"1,299.00","51,960.00"
2020-07-16,2020071601015480,SKBBL,45,21,100,"1,298.00","129,800.00"
2020-07-16,2020071601015479,SKBBL,45,58,180,"1,295.00","233,100.00"
2020-07-16,2020071601015478,SKBBL,45,58,92,"1,294.00","119,048.00"
2020-07-16,2020071601015361,SKBBL,56,21,18,"1,286.00","23,148.00"
2020-07-16,2020071601015477,SKBBL,45,21,10,"1,294.00","12,940.00"
2020-07-16,2020071601015476,SKBBL,45,19,35,"1,293.00","45,255.00"
2020-07-16,2020071601015424,SKBBL,56,19,140,"1,280.00","179,200.00"
2020-07-16,2020071601015423,SKBBL,50,19,10,"1,281.00","12,810.00"
2020-07-16,2020071601015363,SKBBL,41,21,15,"1,284.00","19,260.00"
2020-07-16,2020071601015362,SKBBL,38,21,20,"1,285.00","25,700.00"
2020-07-16,2020071601015522,SLBBL,21,5,50,893.00,"44,650.00"
2020-07-16,2020071601015521,SLBBL,21,5,100,893.00,"89,300.00"
2020-07-16,2020071601015520,SLBBL,17,5,20,893.00,"17,860.00"
2020-07-16,2020071601015519,SLBBL,10,5,33,893.00,"29,469.00"
2020-07-16,2020071601015209,SLBS,40,16,10,"1,060.00","10,600.00"
2020-07-16,2020071601015254,SLICL,44,58,20,449.00,"8,980.00"
2020-07-16,2020071601015130,SLICL,13,45,50,450.00,"22,500.00"
2020-07-16,2020071601015087,SPARS,16,26,50,907.00,"45,350.00"
2020-07-16,2020071601015086,SPARS,16,25,50,907.00,"45,350.00"
2020-07-16,2020071601015514,SRBL,57,10,100,240.00,"24,000.00"
2020-07-16,2020071601015458,SRBL,56,25,50,241.00,"12,050.00"
2020-07-16,2020071601015433,SRBL,46,25,500,241.00,"120,500.00"
2020-07-16,2020071601015168,SRBL,58,25,88,241.00,"21,208.00"
2020-07-16,2020071601015393,SWBBL,33,58,410,"1,201.00","492,410.00"
2020-07-16,2020071601015392,SWBBL,7,58,200,"1,202.00","240,400.00"
2020-07-16,2020071601015391,SWBBL,17,58,20,"1,205.00","24,100.00"
2020-07-16,2020071601015390,SWBBL,49,58,70,"1,205.00","84,350.00"
2020-07-16,2020071601015208,SWBBL,49,14,190,"1,205.00","228,950.00"
2020-07-16,2020071601015133,SWBBL,49,21,240,"1,205.00","289,200.00"
2020-07-16,2020071601015132,SWBBL,39,21,10,"1,209.00","12,090.00"
2020-07-16,2020071601015046,SWBBL,7,58,100,"1,210.00","121,000.00"
2020-07-16,2020071601015533,TRH,1,16,300,185.00,"55,500.00"
2020-07-16,2020071601015532,TRH,32,16,100,185.00,"18,500.00"
2020-07-16,2020071601015531,TRH,45,16,50,185.00,"9,250.00"
2020-07-16,2020071601015225,UIC,5,45,100,384.00,"38,400.00"
2020-07-16,2020071601015224,UIC,5,14,18,384.00,"6,912.00"
2020-07-16,2020071601015125,UNHPL,34,48,50,51.00,"2,550.00"
2020-07-16,2020071601015366,UPPER,59,17,250,234.00,"58,500.00"
2020-07-16,2020071601015365,UPPER,35,17,500,234.00,"117,000.00"
2020-07-16,2020071601015364,UPPER,11,17,83,234.00,"19,422.00"
2020-07-16,2020071601015357,UPPER,11,58,17,234.00,"3,978.00"
2020-07-16,2020071601015356,UPPER,45,58,38,234.00,"8,892.00"
2020-07-16,2020071601015152,UPPER,40,58,25,235.00,"5,875.00"
2020-07-16,2020071601015173,VLBS,37,58,13,"1,012.00","13,156.00"
2020-07-16,2020071601015264,WOMI,50,38,30,"1,000.00","30,000.00"
2020-07-16,2020071601015206,WOMI,7,7,2,980.00,"1,960.00"
2020-07-16,2020071601015015,ADBL,52,58,10,402.00,"4,020.00"
2020-07-16,2020071601015014,ADBL,38,58,900,402.00,"361,800.00"
2020-07-16,2020071601014677,ADBL,13,57,72,403.00,"29,016.00"
2020-07-16,2020071601014657,ADBL,1,4,11,404.00,"4,444.00"
2020-07-16,2020071601014614,ADBL,13,26,128,403.00,"51,584.00"
2020-07-16,2020071601014613,ADBL,49,26,23,403.00,"9,269.00"
2020-07-16,2020071601014936,ADBL,38,53,200,402.00,"80,400.00"
2020-07-16,2020071601014901,ADBL,58,57,50,403.00,"20,150.00"
2020-07-16,2020071601014689,ADBL,38,1,400,402.00,"160,800.00"
2020-07-16,2020071601014688,ADBL,45,1,100,402.00,"40,200.00"
2020-07-16,2020071601014794,ALBSL,57,29,72,760.00,"54,720.00"
2020-07-16,2020071601014793,ALBSL,59,29,20,760.00,"15,200.00"
2020-07-16,2020071601014792,ALBSL,35,29,11,760.00,"8,360.00"
2020-07-16,2020071601014769,ALICL,32,22,30,608.00,"18,240.00"
2020-07-16,2020071601014558,ALICL,14,22,300,612.00,"183,600.00"
2020-07-16,2020071601014868,API,25,19,50,113.00,"5,650.00"
2020-07-16,2020071601014698,API,55,26,210,112.00,"23,520.00"
2020-07-16,2020071601014980,BARUN,26,44,10,84.00,840.00
2020-07-16,2020071601014952,BBC,6,6,50,"1,585.00","79,250.00"
2020-07-16,2020071601015027,BFC,6,33,40,101.00,"4,040.00"
2020-07-16,2020071601015021,BOKL,32,58,98,226.00,"22,148.00"
2020-07-16,2020071601015020,BOKL,32,57,10,226.00,"2,260.00"
2020-07-16,2020071601015019,BOKL,32,45,100,226.00,"22,600.00"
2020-07-16,2020071601015018,BOKL,32,14,92,226.00,"20,792.00"
2020-07-16,2020071601014754,BPCL,6,38,100,364.00,"36,400.00"
2020-07-16,2020071601014650,BPCL,48,6,24,364.00,"8,736.00"
2020-07-16,2020071601014844,CBBL,51,58,140,"1,097.00","153,580.00"
2020-07-16,2020071601014681,CBBL,51,58,60,"1,097.00","65,820.00"
2020-07-16,2020071601014680,CBBL,49,58,100,"1,097.00","109,700.00"
2020-07-16,2020071601014679,CBBL,11,58,40,"1,098.00","43,920.00"
2020-07-16,2020071601014678,CBBL,33,58,300,"1,098.00","329,400.00"
2020-07-16,2020071601014611,CBBL,33,25,300,"1,098.00","329,400.00"
2020-07-16,2020071601014610,CBBL,4,25,250,"1,098.00","274,500.00"
2020-07-16,2020071601014550,CBBL,4,45,250,"1,098.00","274,500.00"
2020-07-16,2020071601014776,CBL,38,55,180,144.00,"25,920.00"
2020-07-16,2020071601014775,CBL,38,14,20,144.00,"2,880.00"
2020-07-16,2020071601014621,CBL,48,17,200,142.00,"28,400.00"
2020-07-16,2020071601014620,CBL,10,17,200,143.00,"28,600.00"
2020-07-16,2020071601014619,CBL,26,17,100,143.00,"14,300.00"
2020-07-16,2020071601014729,CCBL,38,43,200,171.00,"34,200.00"
2020-07-16,2020071601014723,CCBL,32,43,10,171.00,"1,710.00"
2020-07-16,2020071601014722,CCBL,32,21,90,171.00,"15,390.00"
2020-07-16,2020071601014719,CCBL,46,46,1,171.00,171.00
2020-07-16,2020071601014589,CCBL,11,17,100,171.00,"17,100.00"
2020-07-16,2020071601014588,CCBL,49,17,"1,000",171.00,"171,000.00"
2020-07-16,2020071601014548,CCBL,49,35,500,171.00,"85,500.00"
2020-07-16,2020071601014547,CCBL,47,35,500,171.00,"85,500.00"
2020-07-16,2020071601014612,CHL,57,46,10,82.00,820.00
2020-07-16,2020071601014981,CIT,7,13,25,"2,453.00","61,325.00"
2020-07-16,2020071601014890,CIT,45,50,10,"2,455.00","24,550.00"
2020-07-16,2020071601014940,CLBSL,42,17,75,745.00,"55,875.00"
2020-07-16,2020071601014914,CLBSL,51,17,70,746.00,"52,220.00"
2020-07-16,2020071601014894,CLBSL,19,17,25,750.00,"18,750.00"
2020-07-16,2020071601014810,CLBSL,38,45,10,760.00,"7,600.00"
2020-07-16,2020071601014975,CZBIL,45,41,52,194.00,"10,088.00"
2020-07-16,2020071601014867,CZBIL,50,45,200,195.00,"39,000.00"
2020-07-16,2020071601014836,CZBIL,21,45,100,195.00,"19,500.00"
2020-07-16,2020071601014757,CZBIL,43,45,327,195.00,"63,765.00"
2020-07-16,2020071601014916,DDBL,45,1,85,875.00,"74,375.00"
2020-07-16,2020071601014915,DDBL,49,1,15,876.00,"13,140.00"
2020-07-16,2020071601014835,EBL,22,56,100,693.00,"69,300.00"
2020-07-16,2020071601014801,EBL,17,56,100,693.00,"69,300.00"
2020-07-16,2020071601014768,EBL,4,56,50,691.00,"34,550.00"
2020-07-16,2020071601014763,EBL,49,56,130,691.00,"89,830.00"
2020-07-16,2020071601014762,EBL,49,6,50,690.00,"34,500.00"
2020-07-16,2020071601014582,EDBL,19,32,200,314.00,"62,800.00"
2020-07-16,2020071601014581,EDBL,19,48,100,314.00,"31,400.00"
2020-07-16,2020071601014580,EDBL,19,41,200,314.00,"62,800.00"
2020-07-16,2020071601014618,EIC,6,26,100,413.00,"41,300.00"
2020-07-16,2020071601014820,FMDBL,45,22,80,548.00,"43,840.00"
2020-07-16,2020071601014753,FMDBL,52,36,90,546.00,"49,140.00"
2020-07-16,2020071601014576,FMDBL,25,36,10,546.00,"5,460.00"
2020-07-16,2020071601014895,FOWAD,49,58,129,"1,600.00","206,400.00"
2020-07-16,2020071601014760,FOWAD,50,58,500,"1,600.00","800,000.00"
2020-07-16,2020071601014704,FOWAD,7,56,91,"1,610.00","146,510.00"
2020-07-16,2020071601014703,FOWAD,7,43,50,"1,601.00","80,050.00"
2020-07-16,2020071601014702,FOWAD,7,14,30,"1,600.00","48,000.00"
2020-07-16,2020071601014701,FOWAD,7,47,19,"1,600.00","30,400.00"
2020-07-16,2020071601014700,FOWAD,7,58,100,"1,600.00","160,000.00"
2020-07-16,2020071601014699,FOWAD,7,57,60,"1,599.00","95,940.00"
2020-07-16,2020071601014693,GBBL,26,21,10,235.00,"2,350.00"
2020-07-16,2020071601014591,GBBL,29,21,73,237.00,"17,301.00"
2020-07-16,2020071601014590,GBBL,28,21,214,237.00,"50,718.00"
2020-07-16,2020071601014892,GBIME,5,51,76,254.00,"19,304.00"
2020-07-16,2020071601014891,GBIME,5,26,24,254.00,"6,096.00"
2020-07-16,2020071601014781,GBIME,40,26,431,254.00,"109,474.00"
2020-07-16,2020071601014780,GBIME,40,6,69,254.00,"17,526.00"
2020-07-16,2020071601014777,GBIME,6,58,370,253.00,"93,610.00"
2020-07-16,2020071601014692,GBIME,25,6,100,254.00,"25,400.00"
2020-07-16,2020071601014664,GBIME,44,6,131,254.00,"33,274.00"
2020-07-16,2020071601014663,GBIME,44,52,169,254.00,"42,926.00"
2020-07-16,2020071601015000,GBLBS,1,58,15,531.00,"7,965.00"
2020-07-16,2020071601014994,GBLBS,55,57,25,532.00,"13,300.00"
2020-07-16,2020071601014944,GBLBS,1,22,100,531.00,"53,100.00"
2020-07-16,2020071601014942,GBLBS,1,48,35,531.00,"18,585.00"
2020-07-16,2020071601014941,GBLBS,1,58,500,531.00,"265,500.00"
2020-07-16,2020071601014926,GBLBS,1,41,"1,000",531.00,"531,000.00"
2020-07-16,2020071601014730,GBLBS,32,57,100,532.00,"53,200.00"
2020-07-16,2020071601014669,GBLBS,1,35,15,531.00,"7,965.00"
2020-07-16,2020071601014707,GFCL,34,59,30,153.00,"4,590.00"
2020-07-16,2020071601014603,GGBSL,38,46,10,939.00,"9,390.00"
2020-07-16,2020071601014987,GHL,52,55,30,55.00,"1,650.00"
2020-07-16,2020071601014784,GLBSL,18,51,24,848.00,"20,352.00"
2020-07-16,2020071601014597,GLBSL,18,53,10,848.00,"8,480.00"
2020-07-16,2020071601014596,GLBSL,18,53,10,848.00,"8,480.00"
2020-07-16,2020071601014902,GLICL,52,41,100,469.00,"46,900.00"
2020-07-16,2020071601014848,GLICL,48,45,100,470.00,"47,000.00"
2020-07-16,2020071601014847,GLICL,4,45,25,470.00,"11,750.00"
2020-07-16,2020071601014846,GLICL,16,45,50,470.00,"23,500.00"
2020-07-16,2020071601014845,GLICL,6,45,45,470.00,"21,150.00"
2020-07-16,2020071601014803,GLICL,6,34,40,470.00,"18,800.00"
2020-07-16,2020071601014673,GMFBS,19,58,10,837.00,"8,370.00"
2020-07-16,2020071601014986,HDL,45,6,100,"1,615.00","161,500.00"
2020-07-16,2020071601014607,HDL,19,55,10,"1,620.00","16,200.00"
2020-07-16,2020071601014606,HDL,19,22,200,"1,620.00","324,000.00"
2020-07-16,2020071601014605,HDL,19,33,10,"1,620.00","16,200.00"
