Date,Transact. No.,Symbol,Buyer,Seller,Quantity,Rate,Amount
2019-07-21,2019072101004356,ADBL,53,43,300,414.00,"124,200.00"
2019-07-21,2019072101004355,ADBL,53,43,300,414.00,"124,200.00"
2019-07-21,2019072101004354,ADBL,50,43,100,414.00,"41,400.00"
2019-07-21,2019072101004353,ADBL,19,43,55,414.00,"22,770.00"
2019-07-21,2019072101004131,ADBL,33,6,255,415.00,"105,825.00"
2019-07-21,2019072101004130,ADBL,33,17,45,415.00,"18,675.00"
2019-07-21,2019072101004088,ADBL,19,52,100,414.00,"41,400.00"
2019-07-21,2019072101004322,AKPL,57,34,20,176.00,"3,520.00"
2019-07-21,2019072101004191,ALICL,50,17,71,381.00,"27,051.00"
2019-07-21,2019072101004054,ALICL,26,19,60,379.00,"22,740.00"
2019-07-21,2019072101004397,API,25,34,150,142.00,"21,300.00"
2019-07-21,2019072101004195,API,25,34,175,142.00,"24,850.00"
2019-07-21,2019072101004189,API,25,32,443,141.00,"62,463.00"
2019-07-21,2019072101004188,API,25,32,306,141.00,"43,146.00"
2019-07-21,2019072101004185,API,25,11,18,141.00,"2,538.00"
2019-07-21,2019072101004042,API,25,51,26,141.00,"3,666.00"
2019-07-21,2019072101004017,API,25,46,150,141.00,"21,150.00"
2019-07-21,2019072101004016,API,25,46,250,141.00,"35,250.00"
2019-07-21,2019072101004409,BOKL,52,49,300,266.00,"79,800.00"
2019-07-21,2019072101004299,BOKL,40,49,500,266.00,"133,000.00"
2019-07-21,2019072101004298,BOKL,40,57,110,266.00,"29,260.00"
2019-07-21,2019072101004297,BOKL,40,51,143,265.00,"37,895.00"
2019-07-21,2019072101004296,BOKL,40,26,43,265.00,"11,395.00"
2019-07-21,2019072101004064,BOKL,1,26,65,265.00,"17,225.00"
2019-07-21,2019072101004020,BOKL,19,26,100,265.00,"26,500.00"
2019-07-21,2019072101004388,BPCL,36,21,12,409.00,"4,908.00"
2019-07-21,2019072101004226,BPCL,26,29,11,406.00,"4,466.00"
2019-07-21,2019072101004225,BPCL,26,50,33,406.00,"13,398.00"
2019-07-21,2019072101004206,BPCL,46,11,11,405.00,"4,455.00"
2019-07-21,2019072101004273,CBBL,4,52,100,973.00,"97,300.00"
2019-07-21,2019072101004198,CBBL,26,26,150,977.00,"146,550.00"
2019-07-21,2019072101004197,CBBL,26,44,100,977.00,"97,700.00"
2019-07-21,2019072101004196,CBBL,26,49,12,977.00,"11,724.00"
2019-07-21,2019072101004446,CBL,43,19,10,163.00,"1,630.00"
2019-07-21,2019072101004439,CBL,57,45,500,163.00,"81,500.00"
2019-07-21,2019072101004431,CBL,21,34,807,162.00,"130,734.00"
2019-07-21,2019072101004415,CBL,57,33,100,163.00,"16,300.00"
2019-07-21,2019072101004414,CBL,57,16,200,163.00,"32,600.00"
2019-07-21,2019072101004316,CBL,35,16,200,163.00,"32,600.00"
2019-07-21,2019072101003973,CBL,58,37,"1,000",162.00,"162,000.00"
2019-07-21,2019072101003964,CBL,58,6,500,162.00,"81,000.00"
2019-07-21,2019072101004007,CBL,49,34,150,163.00,"24,450.00"
2019-07-21,2019072101004005,CBL,56,45,224,162.00,"36,288.00"
2019-07-21,2019072101004004,CBL,4,45,776,162.00,"125,712.00"
2019-07-21,2019072101003996,CBL,4,42,224,162.00,"36,288.00"
2019-07-21,2019072101003995,CBL,58,42,24,162.00,"3,888.00"
2019-07-21,2019072101003993,CBL,58,37,"1,000",162.00,"162,000.00"
2019-07-21,2019072101004152,CBL,58,50,76,162.00,"12,312.00"
2019-07-21,2019072101004141,CBL,58,1,100,162.00,"16,200.00"
2019-07-21,2019072101004128,CBL,58,37,824,162.00,"133,488.00"
2019-07-21,2019072101004127,CBL,32,37,176,162.00,"28,512.00"
2019-07-21,2019072101004117,CBL,32,58,824,162.00,"133,488.00"
2019-07-21,2019072101004116,CBL,56,58,176,162.00,"28,512.00"
2019-07-21,2019072101004166,CBL,21,10,200,163.00,"32,600.00"
2019-07-21,2019072101004165,CBL,21,1,150,163.00,"24,450.00"
2019-07-21,2019072101004164,CBL,21,51,500,163.00,"81,500.00"
2019-07-21,2019072101004163,CBL,21,34,60,163.00,"9,780.00"
2019-07-21,2019072101004154,CBL,57,50,424,162.00,"68,688.00"
2019-07-21,2019072101004153,CBL,55,50,500,162.00,"81,000.00"
2019-07-21,2019072101004204,CBL,51,17,"1,000",163.00,"163,000.00"
2019-07-21,2019072101004184,CBL,21,34,181,162.00,"29,322.00"
2019-07-21,2019072101004183,CBL,6,34,50,162.00,"8,100.00"
2019-07-21,2019072101004182,CBL,57,34,576,162.00,"93,312.00"
2019-07-21,2019072101004168,CBL,21,17,590,163.00,"96,170.00"
2019-07-21,2019072101004167,CBL,21,1,500,163.00,"81,500.00"
2019-07-21,2019072101004291,CBL,21,34,"1,000",162.00,"162,000.00"
2019-07-21,2019072101004288,CBL,39,16,"1,000",163.00,"163,000.00"
2019-07-21,2019072101004242,CBL,21,19,500,162.00,"81,000.00"
2019-07-21,2019072101004220,CBL,51,16,600,163.00,"97,800.00"
2019-07-21,2019072101004219,CBL,51,17,400,163.00,"65,200.00"
2019-07-21,2019072101004217,CBL,56,17,10,163.00,"1,630.00"
2019-07-21,2019072101004290,CCBL,51,49,950,179.00,"170,050.00"
2019-07-21,2019072101004265,CCBL,51,49,"1,000",179.00,"179,000.00"
2019-07-21,2019072101004051,CCBL,32,41,750,179.00,"134,250.00"
2019-07-21,2019072101004050,CCBL,32,49,200,179.00,"35,800.00"
2019-07-21,2019072101004049,CCBL,32,1,750,179.00,"134,250.00"
2019-07-21,2019072101004218,CFCL,44,11,25,120.00,"3,000.00"
2019-07-21,2019072101004358,CHCL,28,44,950,518.00,"492,100.00"
2019-07-21,2019072101004357,CHCL,41,44,50,518.00,"25,900.00"
2019-07-21,2019072101004229,CLBSL,16,11,20,501.00,"10,020.00"
2019-07-21,2019072101004148,CZBIL,36,29,474,227.00,"107,598.00"
2019-07-21,2019072101004068,CZBIL,5,29,26,227.00,"5,902.00"
2019-07-21,2019072101004067,CZBIL,5,55,274,227.00,"62,198.00"
2019-07-21,2019072101004002,CZBIL,41,42,202,226.00,"45,652.00"
2019-07-21,2019072101004177,DBBL,14,48,125,148.00,"18,500.00"
2019-07-21,2019072101004346,DDBL,34,49,50,735.00,"36,750.00"
2019-07-21,2019072101004262,DDBL,34,38,600,736.00,"441,600.00"
2019-07-21,2019072101003957,DDBL,38,11,40,736.00,"29,440.00"
2019-07-21,2019072101004369,EBL,16,42,265,666.00,"176,490.00"
2019-07-21,2019072101004368,EBL,44,42,100,666.00,"66,600.00"
2019-07-21,2019072101004367,EBL,52,42,100,666.00,"66,600.00"
2019-07-21,2019072101004336,EBL,49,42,191,667.00,"127,397.00"
2019-07-21,2019072101004335,EBL,57,42,200,667.00,"133,400.00"
2019-07-21,2019072101004334,EBL,36,42,20,667.00,"13,340.00"
2019-07-21,2019072101004327,EBL,6,42,20,669.00,"13,380.00"
2019-07-21,2019072101004333,EBL,10,42,18,667.00,"12,006.00"
2019-07-21,2019072101004332,EBL,6,42,100,667.00,"66,700.00"
2019-07-21,2019072101004331,EBL,21,42,10,667.00,"6,670.00"
2019-07-21,2019072101004330,EBL,36,42,11,669.00,"7,359.00"
2019-07-21,2019072101004329,EBL,26,42,30,669.00,"20,070.00"
2019-07-21,2019072101004328,EBL,45,42,50,669.00,"33,450.00"
2019-07-21,2019072101004365,FMDBL,57,19,10,389.00,"3,890.00"
2019-07-21,2019072101004008,FMDBL,57,58,100,385.00,"38,500.00"
2019-07-21,2019072101004015,FOWAD,29,29,9,"1,335.00","12,015.00"
2019-07-21,2019072101004408,GBBL,58,6,60,225.00,"13,500.00"
2019-07-21,2019072101004407,GBBL,19,6,590,225.00,"132,750.00"
2019-07-21,2019072101004366,GBBL,39,6,40,226.00,"9,040.00"
2019-07-21,2019072101004134,GBBL,19,37,"1,410",225.00,"317,250.00"
2019-07-21,2019072101004057,GBBL,38,37,250,225.00,"56,250.00"
2019-07-21,2019072101004056,GBBL,39,37,100,225.00,"22,500.00"
2019-07-21,2019072101003990,GBBL,39,57,44,225.00,"9,900.00"
2019-07-21,2019072101003966,GBBL,39,11,60,224.00,"13,440.00"
2019-07-21,2019072101003982,GBLBS,34,28,40,350.00,"14,000.00"
2019-07-21,2019072101003981,GBLBS,34,45,10,349.00,"3,490.00"
2019-07-21,2019072101004202,GDBL,58,35,500,216.00,"108,000.00"
2019-07-21,2019072101004135,GDBL,40,6,300,215.00,"64,500.00"
2019-07-21,2019072101003985,GDBL,25,11,54,214.00,"11,556.00"
2019-07-21,2019072101003963,GDBL,25,29,100,214.00,"21,400.00"
2019-07-21,2019072101004150,GLBSL,57,57,10,398.00,"3,980.00"
2019-07-21,2019072101004044,GLBSL,36,41,10,397.00,"3,970.00"
2019-07-21,2019072101004043,GLBSL,36,36,50,397.00,"19,850.00"
2019-07-21,2019072101003977,GLBSL,36,39,10,395.00,"3,950.00"
2019-07-21,2019072101003976,GLBSL,36,39,10,395.00,"3,950.00"
2019-07-21,2019072101003975,GLBSL,36,39,10,395.00,"3,950.00"
2019-07-21,2019072101003974,GLBSL,36,39,10,395.00,"3,950.00"
2019-07-21,2019072101004276,GUFL,44,32,410,123.00,"50,430.00"
2019-07-21,2019072101004275,GUFL,44,40,100,122.00,"12,200.00"
2019-07-21,2019072101004274,GUFL,44,40,210,122.00,"25,620.00"
2019-07-21,2019072101004454,HBL,32,22,10,566.00,"5,660.00"
2019-07-21,2019072101004266,HBL,25,32,88,555.00,"48,840.00"
2019-07-21,2019072101003994,HBL,25,11,26,551.00,"14,326.00"
2019-07-21,2019072101004052,HDL,21,21,960,"1,652.00","1,585,920.00"
2019-07-21,2019072101004419,HGI,6,42,32,350.00,"11,200.00"
2019-07-21,2019072101004418,HGI,6,42,42,350.00,"14,700.00"
2019-07-21,2019072101004417,HGI,41,42,200,351.00,"70,200.00"
2019-07-21,2019072101004416,HGI,7,42,10,351.00,"3,510.00"
2019-07-21,2019072101004084,HGI,36,42,200,353.00,"70,600.00"
2019-07-21,2019072101004370,HIDCL,37,34,30,161.00,"4,830.00"
2019-07-21,2019072101004133,HPPL,14,13,10,175.00,"1,750.00"
2019-07-21,2019072101004450,ICFC,46,47,150,166.00,"24,900.00"
2019-07-21,2019072101004272,ICFC,46,34,50,165.00,"8,250.00"
2019-07-21,2019072101004317,ILBS,4,45,10,393.00,"3,930.00"
2019-07-21,2019072101004305,ILBS,4,45,10,393.00,"3,930.00"
2019-07-21,2019072101004289,ILBS,10,17,10,392.00,"3,920.00"
2019-07-21,2019072101004277,ILBS,10,17,10,392.00,"3,920.00"
2019-07-21,2019072101004264,ILBS,10,17,10,392.00,"3,920.00"
2019-07-21,2019072101004240,ILBS,10,17,10,392.00,"3,920.00"
2019-07-21,2019072101003998,ILBS,10,39,10,392.00,"3,920.00"
2019-07-21,2019072101003991,ILBS,10,39,10,392.00,"3,920.00"
2019-07-21,2019072101003989,ILBS,10,40,10,392.00,"3,920.00"
2019-07-21,2019072101003988,ILBS,38,40,10,393.00,"3,930.00"
2019-07-21,2019072101003978,ILBS,10,39,10,392.00,"3,920.00"
2019-07-21,2019072101003960,ILBS,10,40,10,392.00,"3,920.00"
2019-07-21,2019072101004227,ILBS,10,17,10,392.00,"3,920.00"
2019-07-21,2019072101004222,ILBS,10,17,10,392.00,"3,920.00"
2019-07-21,2019072101004210,ILBS,10,17,10,392.00,"3,920.00"
2019-07-21,2019072101004200,ILBS,10,17,10,392.00,"3,920.00"
2019-07-21,2019072101004093,ILBS,10,13,10,392.00,"3,920.00"
2019-07-21,2019072101004073,ILBS,21,21,"1,000",393.00,"393,000.00"
2019-07-21,2019072101004391,JBBL,46,44,160,164.00,"26,240.00"
2019-07-21,2019072101004390,JBBL,46,6,350,164.00,"57,400.00"
2019-07-21,2019072101004373,JBBL,46,59,30,163.00,"4,890.00"
2019-07-21,2019072101004372,JBBL,56,59,17,163.00,"2,771.00"
2019-07-21,2019072101004371,JBBL,37,59,103,163.00,"16,789.00"
2019-07-21,2019072101004094,JBBL,37,11,100,163.00,"16,300.00"
2019-07-21,2019072101004048,JBBL,37,11,60,163.00,"9,780.00"
2019-07-21,2019072101004205,JSLBB,47,34,26,945.00,"24,570.00"
2019-07-21,2019072101004441,KBL,52,40,150,221.00,"33,150.00"
2019-07-21,2019072101004438,KBL,13,32,47,220.00,"10,340.00"
2019-07-21,2019072101004321,KBL,17,40,150,221.00,"33,150.00"
2019-07-21,2019072101004301,KSBBL,58,13,150,161.00,"24,150.00"
2019-07-21,2019072101004300,KSBBL,4,13,50,161.00,"8,050.00"
2019-07-21,2019072101004238,LBBL,58,57,100,209.00,"20,900.00"
2019-07-21,2019072101004237,LBBL,58,59,100,208.00,"20,800.00"
2019-07-21,2019072101004236,LBBL,58,33,"1,000",208.00,"208,000.00"
2019-07-21,2019072101004235,LBBL,58,32,100,208.00,"20,800.00"
2019-07-21,2019072101004234,LBBL,58,14,198,208.00,"41,184.00"
2019-07-21,2019072101004338,LBBL,33,52,20,209.00,"4,180.00"
2019-07-21,2019072101004263,LBBL,26,58,500,207.00,"103,500.00"
2019-07-21,2019072101004386,LBL,59,28,50,227.00,"11,350.00"
2019-07-21,2019072101004342,LBL,49,34,16,226.00,"3,616.00"
2019-07-21,2019072101004216,LBL,19,28,150,227.00,"34,050.00"
2019-07-21,2019072101004215,LBL,19,51,150,227.00,"34,050.00"
2019-07-21,2019072101004155,LBL,45,51,50,227.00,"11,350.00"
2019-07-21,2019072101004146,LBL,49,32,65,226.00,"14,690.00"
2019-07-21,2019072101004145,LBL,6,32,20,226.00,"4,520.00"
2019-07-21,2019072101004144,LBL,19,32,15,226.00,"3,390.00"
2019-07-21,2019072101003992,LGIL,34,41,500,430.00,"215,000.00"
2019-07-21,2019072101004062,LLBS,6,11,20,660.00,"13,200.00"
2019-07-21,2019072101004304,MBL,18,44,200,272.00,"54,400.00"
2019-07-21,2019072101004213,MBL,43,43,436,271.00,"118,156.00"
2019-07-21,2019072101004212,MBL,13,43,350,271.00,"94,850.00"
2019-07-21,2019072101004211,MBL,22,43,500,271.00,"135,500.00"
2019-07-21,2019072101004123,MBL,25,43,500,272.00,"136,000.00"
2019-07-21,2019072101004122,MBL,38,43,50,272.00,"13,600.00"
2019-07-21,2019072101004087,MDB,7,11,10,238.00,"2,380.00"
2019-07-21,2019072101004086,MDB,17,11,10,238.00,"2,380.00"
2019-07-21,2019072101004374,MEGA,43,57,10,214.00,"2,140.00"
2019-07-21,2019072101004341,MEGA,53,25,"1,000",213.00,"213,000.00"
2019-07-21,2019072101004193,MEGA,43,57,500,214.00,"107,000.00"
2019-07-21,2019072101004137,MEGA,35,57,200,214.00,"42,800.00"
2019-07-21,2019072101004115,MEGA,20,57,200,214.00,"42,800.00"
2019-07-21,2019072101004114,MEGA,14,57,110,214.00,"23,540.00"
2019-07-21,2019072101004107,MEGA,42,57,200,214.00,"42,800.00"
2019-07-21,2019072101004106,MEGA,1,57,131,214.00,"28,034.00"
2019-07-21,2019072101004012,MEGA,1,58,200,214.00,"42,800.00"
2019-07-21,2019072101003972,MEGA,1,54,275,214.00,"58,850.00"
2019-07-21,2019072101004113,MEGA,47,57,150,214.00,"32,100.00"
2019-07-21,2019072101004112,MEGA,21,57,100,214.00,"21,400.00"
2019-07-21,2019072101004111,MEGA,57,57,500,214.00,"107,000.00"
2019-07-21,2019072101004110,MEGA,58,57,400,214.00,"85,600.00"
2019-07-21,2019072101004109,MEGA,53,57,500,214.00,"107,000.00"
2019-07-21,2019072101004108,MEGA,38,57,100,214.00,"21,400.00"
2019-07-21,2019072101004126,MERO,34,11,40,511.00,"20,440.00"
2019-07-21,2019072101004009,MERO,20,58,10,520.00,"5,200.00"
2019-07-21,2019072101004318,MHNL,59,22,40,103.00,"4,120.00"
2019-07-21,2019072101004241,MLBBL,47,55,20,399.00,"7,980.00"
2019-07-21,2019072101004406,MLBL,38,33,500,200.00,"100,000.00"
2019-07-21,2019072101004070,MLBL,33,48,22,200.00,"4,400.00"
2019-07-21,2019072101004385,MNBBL,4,6,996,379.00,"377,484.00"
2019-07-21,2019072101004384,MNBBL,4,6,335,379.00,"126,965.00"
2019-07-21,2019072101004383,MNBBL,35,6,50,380.00,"19,000.00"
2019-07-21,2019072101004382,MNBBL,42,6,500,380.00,"190,000.00"
2019-07-21,2019072101004381,MNBBL,14,6,100,380.00,"38,000.00"
2019-07-21,2019072101004380,MNBBL,35,6,30,380.00,"11,400.00"
2019-07-21,2019072101004091,MNBBL,35,11,10,381.00,"3,810.00"
2019-07-21,2019072101004090,MNBBL,35,11,10,381.00,"3,810.00"
2019-07-21,2019072101003959,MNBBL,39,17,110,383.00,"42,130.00"
2019-07-21,2019072101003958,MNBBL,39,17,90,382.00,"34,380.00"
2019-07-21,2019072101004092,MNBBL,53,11,50,381.00,"19,050.00"
2019-07-21,2019072101004379,MNBBL,45,6,500,380.00,"190,000.00"
2019-07-21,2019072101004378,MNBBL,48,6,400,380.00,"152,000.00"
2019-07-21,2019072101004377,MNBBL,14,6,10,380.00,"3,800.00"
2019-07-21,2019072101004376,MNBBL,50,6,79,380.00,"30,020.00"
2019-07-21,2019072101004442,NABIL,53,6,500,801.00,"400,500.00"
2019-07-21,2019072101004325,NABIL,6,6,100,801.00,"80,100.00"
2019-07-21,2019072101004307,NABIL,5,6,150,801.00,"120,150.00"
2019-07-21,2019072101004293,NABIL,6,6,100,801.00,"80,100.00"
2019-07-21,2019072101004233,NABIL,17,17,10,800.00,"8,000.00"
2019-07-21,2019072101004199,NABIL,49,6,190,801.00,"152,190.00"
2019-07-21,2019072101004149,NABIL,49,50,10,801.00,"8,010.00"
2019-07-21,2019072101004129,NABIL,14,50,40,801.00,"32,040.00"
2019-07-21,2019072101004014,NABIL,35,6,500,801.00,"400,500.00"
2019-07-21,2019072101004125,NADEP,17,39,30,421.00,"12,630.00"
2019-07-21,2019072101004124,NADEP,17,45,15,420.00,"6,300.00"
2019-07-21,2019072101004095,NADEP,49,8,16,420.00,"6,720.00"
2019-07-21,2019072101004010,NADEP,34,8,20,420.00,"8,400.00"
2019-07-21,2019072101004151,NAGRO,19,50,20,508.00,"10,160.00"
2019-07-21,2019072101004412,NBB,36,49,30,225.00,"6,750.00"
2019-07-21,2019072101004179,NBB,26,19,350,224.00,"78,400.00"
2019-07-21,2019072101004178,NBB,25,19,190,224.00,"42,560.00"
2019-07-21,2019072101004143,NBB,25,42,10,224.00,"2,240.00"
2019-07-21,2019072101004000,NBB,38,19,60,224.00,"13,440.00"
2019-07-21,2019072101003999,NBB,51,19,100,224.00,"22,400.00"
2019-07-21,2019072101004455,NBL,33,39,20,342.00,"6,840.00"
2019-07-21,2019072101004404,NBL,6,45,170,341.00,"57,970.00"
2019-07-21,2019072101004403,NBL,7,45,"2,000",341.00,"682,000.00"
2019-07-21,2019072101004402,NBL,45,45,230,341.00,"78,430.00"
2019-07-21,2019072101004395,NBL,45,29,100,341.00,"34,100.00"
2019-07-21,2019072101004364,NBL,41,39,229,342.00,"78,318.00"
2019-07-21,2019072101003984,NBL,45,33,20,341.00,"6,820.00"
2019-07-21,2019072101003983,NBL,44,33,80,341.00,"27,280.00"
2019-07-21,2019072101004363,NBL,41,36,171,342.00,"58,482.00"
2019-07-21,2019072101004312,NBL,36,36,200,342.00,"68,400.00"
2019-07-21,2019072101004105,NBL,45,58,650,341.00,"221,650.00"
2019-07-21,2019072101004077,NBL,53,36,300,342.00,"102,600.00"
2019-07-21,2019072101004072,NBL,52,36,229,342.00,"78,318.00"
2019-07-21,2019072101004071,NBL,52,36,71,342.00,"24,282.00"
2019-07-21,2019072101004362,NCCB,38,34,23,248.00,"5,704.00"
2019-07-21,2019072101004249,NCCB,33,34,500,248.00,"124,000.00"
2019-07-21,2019072101004248,NCCB,32,34,100,248.00,"24,800.00"
2019-07-21,2019072101004076,NCCB,1,6,20,249.00,"4,980.00"
2019-07-21,2019072101004075,NCCB,1,6,50,249.00,"12,450.00"
2019-07-21,2019072101003962,NCCB,55,35,"1,000",248.00,"248,000.00"
2019-07-21,2019072101003961,NCCB,55,59,172,248.00,"42,656.00"
2019-07-21,2019072101004252,NEF,45,6,"5,000",8.45,"42,250.00"
2019-07-21,2019072101004159,NEF,1,6,"3,000",8.50,"25,500.00"
2019-07-21,2019072101004158,NEF,7,6,100,8.53,853.00
2019-07-21,2019072101004157,NEF,7,6,114,8.54,973.56
2019-07-21,2019072101004078,NEF,1,6,"3,000",8.55,"25,650.00"
2019-07-21,2019072101004448,NIB,1,43,50,516.00,"25,800.00"
2019-07-21,2019072101004432,NIB,35,43,25,516.00,"12,900.00"
2019-07-21,2019072101004287,NIB,51,43,100,516.00,"51,600.00"
2019-07-21,2019072101004286,NIB,39,43,50,516.00,"25,800.00"
2019-07-21,2019072101004285,NIB,51,43,109,516.00,"56,244.00"
2019-07-21,2019072101004284,NIB,38,43,46,516.00,"23,736.00"
2019-07-21,2019072101004186,NIB,40,16,82,517.00,"42,394.00"
2019-07-21,2019072101004098,NIB,26,16,50,517.00,"25,850.00"
2019-07-21,2019072101004097,NIB,26,16,300,517.00,"155,100.00"
2019-07-21,2019072101004096,NIB,38,16,20,517.00,"10,340.00"
2019-07-21,2019072101004283,NIB,45,43,426,516.00,"219,816.00"
2019-07-21,2019072101004281,NIB,45,41,74,516.00,"38,184.00"
2019-07-21,2019072101004280,NIB,57,41,25,516.00,"12,900.00"
2019-07-21,2019072101004279,NIB,14,41,80,516.00,"41,280.00"
2019-07-21,2019072101004278,NIB,41,41,82,516.00,"42,312.00"
2019-07-21,2019072101004228,NIB,20,16,10,517.00,"5,170.00"
2019-07-21,2019072101004421,NIBPO,34,28,210,469.00,"98,490.00"
2019-07-21,2019072101004420,NIBPO,34,4,790,469.00,"370,510.00"
2019-07-21,2019072101004261,NIBPO,52,28,500,468.00,"234,000.00"
2019-07-21,2019072101004260,NIBPO,14,28,100,468.00,"46,800.00"
2019-07-21,2019072101004247,NIBPO,49,4,600,469.00,"281,400.00"
2019-07-21,2019072101004246,NIBPO,44,4,50,469.00,"23,450.00"
2019-07-21,2019072101004245,NIBPO,25,4,500,469.00,"234,500.00"
2019-07-21,2019072101004244,NIBPO,44,4,50,469.00,"23,450.00"
2019-07-21,2019072101004243,NIBPO,52,4,10,469.00,"4,690.00"
2019-07-21,2019072101004259,NIBPO,49,28,"1,000",468.00,"468,000.00"
2019-07-21,2019072101004258,NIBPO,25,28,500,468.00,"234,000.00"
2019-07-21,2019072101004257,NIBPO,44,28,50,468.00,"23,400.00"
2019-07-21,2019072101004256,NIBPO,10,28,100,468.00,"46,800.00"
2019-07-21,2019072101004255,NIBPO,39,28,200,468.00,"93,600.00"
2019-07-21,2019072101004254,NIBPO,6,28,150,468.00,"70,200.00"
2019-07-21,2019072101004429,NICA,19,44,735,461.00,"338,835.00"
2019-07-21,2019072101004428,NICA,43,44,300,461.00,"138,300.00"
2019-07-21,2019072101004023,NICA,19,42,487,460.00,"224,020.00"
2019-07-21,2019072101004022,NICA,22,42,12,461.00,"5,532.00"
2019-07-21,2019072101003980,NICA,18,26,224,462.00,"103,488.00"
2019-07-21,2019072101003979,NICA,18,34,200,462.00,"92,400.00"
2019-07-21,2019072101004361,NICL,43,10,10,351.00,"3,510.00"
2019-07-21,2019072101004359,NICL,25,10,20,351.00,"7,020.00"
2019-07-21,2019072101004310,NICL,57,56,190,347.00,"65,930.00"
2019-07-21,2019072101004309,NICL,35,56,200,348.00,"69,600.00"
2019-07-21,2019072101004308,NICL,1,56,100,348.00,"34,800.00"
2019-07-21,2019072101004047,NICL,20,10,10,351.00,"3,510.00"
2019-07-21,2019072101004190,NIL,20,35,15,492.00,"7,380.00"
2019-07-21,2019072101004453,NLBBL,58,33,20,505.00,"10,100.00"
2019-07-21,2019072101004292,NLBBL,39,22,50,496.00,"24,800.00"
2019-07-21,2019072101004239,NLBBL,49,40,50,506.00,"25,300.00"
2019-07-21,2019072101004021,NLBBL,58,59,41,506.00,"20,746.00"
2019-07-21,2019072101004013,NLBBL,58,40,59,503.00,"29,677.00"
2019-07-21,2019072101004011,NLBBL,49,40,41,503.00,"20,623.00"
2019-07-21,2019072101004001,NLBBL,49,39,59,503.00,"29,677.00"
2019-07-21,2019072101004411,NLIC,6,4,30,890.00,"26,700.00"
2019-07-21,2019072101004410,NLIC,48,4,23,890.00,"20,470.00"
2019-07-21,2019072101004344,NLIC,41,4,100,893.00,"89,300.00"
2019-07-21,2019072101004343,NLIC,58,4,30,893.00,"26,790.00"
2019-07-21,2019072101004313,NLIC,42,17,15,896.00,"13,440.00"
2019-07-21,2019072101004303,NLIC,57,4,300,895.00,"268,500.00"
2019-07-21,2019072101004302,NLIC,57,4,40,895.00,"35,800.00"
2019-07-21,2019072101004055,NLIC,48,49,17,890.00,"15,130.00"
2019-07-21,2019072101004405,NLICL,43,36,10,600.00,"6,000.00"
2019-07-21,2019072101004337,NLICL,6,49,950,596.00,"566,200.00"
2019-07-21,2019072101004194,NLICL,40,49,50,596.00,"29,800.00"
2019-07-21,2019072101004181,NLICL,11,49,500,596.00,"298,000.00"
2019-07-21,2019072101004180,NLICL,33,49,67,596.00,"39,932.00"
2019-07-21,2019072101004324,NMBMF,49,18,250,"1,010.00","252,500.00"
2019-07-21,2019072101004323,NMBMF,41,18,100,"1,010.00","101,000.00"
2019-07-21,2019072101004306,NMFBS,52,33,10,"1,424.00","14,240.00"
2019-07-21,2019072101004387,NSEWA,43,39,10,392.00,"3,920.00"
2019-07-21,2019072101004349,NTC,43,19,10,698.00,"6,980.00"
2019-07-21,2019072101004224,NTC,53,43,325,695.00,"225,875.00"
2019-07-21,2019072101003965,NTC,54,33,100,696.00,"69,600.00"
2019-07-21,2019072101004136,NUBL,4,11,24,861.00,"20,664.00"
2019-07-21,2019072101004393,PCBL,25,58,219,285.00,"62,415.00"
2019-07-21,2019072101004392,PCBL,25,43,183,285.00,"52,155.00"
2019-07-21,2019072101004314,PCBL,25,52,50,284.00,"14,200.00"
2019-07-21,2019072101004294,PCBL,45,52,150,284.00,"42,600.00"
2019-07-21,2019072101004162,PCBL,6,33,500,283.00,"141,500.00"
2019-07-21,2019072101004161,PCBL,6,33,486,283.00,"137,538.00"
2019-07-21,2019072101004401,PIC,1,36,49,495.00,"24,255.00"
2019-07-21,2019072101004400,PIC,1,17,11,494.00,"5,434.00"
2019-07-21,2019072101004046,PIC,1,42,209,491.00,"102,619.00"
2019-07-21,2019072101004045,PIC,45,42,50,492.00,"24,600.00"
2019-07-21,2019072101004437,PICL,42,38,100,540.00,"54,000.00"
2019-07-21,2019072101004201,PICL,17,6,10,544.00,"5,440.00"
2019-07-21,2019072101004251,PLIC,58,57,38,431.00,"16,378.00"
2019-07-21,2019072101004121,PLIC,58,53,88,431.00,"37,928.00"
2019-07-21,2019072101004120,PLIC,35,53,100,431.00,"43,100.00"
2019-07-21,2019072101004119,PLIC,35,53,20,432.00,"8,640.00"
2019-07-21,2019072101004389,PRIN,41,47,50,376.00,"18,800.00"
2019-07-21,2019072101004326,PRVU,14,25,50,277.00,"13,850.00"
2019-07-21,2019072101004139,PRVU,38,8,38,276.00,"10,488.00"
2019-07-21,2019072101004138,PRVU,1,8,62,276.00,"17,112.00"
2019-07-21,2019072101004066,PRVU,28,43,486,275.00,"133,650.00"
2019-07-21,2019072101004065,PRVU,43,43,114,275.00,"31,350.00"
2019-07-21,2019072101004063,PRVU,28,49,118,275.00,"32,450.00"
2019-07-21,2019072101004006,PRVU,50,57,"1,363",276.00,"376,188.00"
2019-07-21,2019072101003997,PRVU,6,57,40,276.00,"11,040.00"
2019-07-21,2019072101004173,RADHI,46,28,850,143.00,"121,550.00"
2019-07-21,2019072101004172,RADHI,52,28,23,143.00,"3,289.00"
2019-07-21,2019072101004171,RADHI,45,28,10,144.00,"1,440.00"
2019-07-21,2019072101004398,RBCL,35,13,20,"9,350.00","187,000.00"
2019-07-21,2019072101004311,RBCL,58,13,20,"9,350.00","187,000.00"
2019-07-21,2019072101004352,RBCLPO,33,22,10,"8,353.00","83,530.00"
2019-07-21,2019072101004351,RBCLPO,33,22,10,"8,354.00","83,540.00"
2019-07-21,2019072101004350,RBCLPO,33,22,20,"8,360.00","167,200.00"
2019-07-21,2019072101004209,RBCLPO,41,28,10,"8,360.00","83,600.00"
2019-07-21,2019072101004208,RBCLPO,56,28,20,"8,361.00","167,220.00"
2019-07-21,2019072101004207,RBCLPO,33,28,10,"8,375.00","83,750.00"
2019-07-21,2019072101004282,RMDC,21,21,"1,000",670.00,"670,000.00"
2019-07-21,2019072101004176,RMDC,33,45,50,670.00,"33,500.00"
2019-07-21,2019072101004175,RMDC,33,39,230,669.00,"153,870.00"
2019-07-21,2019072101004174,RMDC,33,25,18,668.00,"12,024.00"
2019-07-21,2019072101004430,RRHP,59,57,10,107.00,"1,070.00"
2019-07-21,2019072101004295,RRHP,59,8,10,105.00,"1,050.00"
2019-07-21,2019072101004232,SADBL,13,54,200,159.00,"31,800.00"
2019-07-21,2019072101004340,SAEF,43,43,700,9.56,"6,692.00"
2019-07-21,2019072101004339,SAEF,53,43,"5,000",9.60,"48,000.00"
2019-07-21,2019072101004140,SAEF,53,49,100,9.60,960.00
2019-07-21,2019072101004452,SANIMA,14,6,458,355.00,"162,590.00"
2019-07-21,2019072101004440,SANIMA,19,43,460,353.00,"162,380.00"
2019-07-21,2019072101004436,SANIMA,34,43,400,352.00,"140,800.00"
2019-07-21,2019072101004427,SANIMA,34,10,91,352.00,"32,032.00"
2019-07-21,2019072101004426,SANIMA,48,10,300,352.00,"105,600.00"
2019-07-21,2019072101004425,SANIMA,51,10,67,352.00,"23,584.00"
2019-07-21,2019072101004424,SANIMA,58,10,42,352.00,"14,784.00"
2019-07-21,2019072101004170,SANIMA,58,26,58,352.00,"20,416.00"
2019-07-21,2019072101004003,SANIMA,6,43,40,353.00,"14,120.00"
2019-07-21,2019072101004089,SBI,6,6,"2,000",470.00,"940,000.00"
2019-07-21,2019072101004060,SBI,8,43,"1,000",472.00,"472,000.00"
2019-07-21,2019072101003987,SBI,36,35,500,472.00,"236,000.00"
2019-07-21,2019072101003986,SBI,36,6,740,472.00,"349,280.00"
2019-07-21,2019072101004451,SBL,6,39,50,327.00,"16,350.00"
2019-07-21,2019072101003971,SBL,52,39,500,326.00,"163,000.00"
2019-07-21,2019072101004083,SCB,35,38,484,674.00,"326,216.00"
2019-07-21,2019072101004082,SCB,41,38,10,674.00,"6,740.00"
2019-07-21,2019072101004456,SEOS,17,7,"17,000",10.85,"184,450.00"
2019-07-21,2019072101004413,SEOS,54,45,"3,400",10.89,"37,026.00"
2019-07-21,2019072101004396,SEOS,48,45,"3,000",10.89,"32,670.00"
2019-07-21,2019072101004192,SEOS,4,7,"3,000",10.90,"32,700.00"
2019-07-21,2019072101004104,SEOS,54,32,"1,600",10.87,"17,392.00"
2019-07-21,2019072101004142,SHINE,45,49,233,250.00,"58,250.00"
2019-07-21,2019072101004250,SHINE,45,42,15,247.00,"3,705.00"
2019-07-21,2019072101004230,SHINE,57,42,50,248.00,"12,400.00"
2019-07-21,2019072101004223,SHINE,42,42,483,249.00,"120,267.00"
2019-07-21,2019072101004203,SHINE,42,11,17,248.00,"4,216.00"
2019-07-21,2019072101004147,SHINE,3,11,33,248.00,"8,184.00"
2019-07-21,2019072101004443,SHIVM,45,48,15,623.00,"9,345.00"
2019-07-21,2019072101004435,SHIVM,45,34,185,623.00,"115,255.00"
2019-07-21,2019072101004434,SHIVM,57,34,115,623.00,"71,645.00"
2019-07-21,2019072101004423,SHIVM,32,48,125,625.00,"78,125.00"
2019-07-21,2019072101004422,SHIVM,32,38,875,625.00,"546,875.00"
2019-07-21,2019072101004394,SHIVM,57,34,140,623.00,"87,220.00"
2019-07-21,2019072101004187,SHIVM,42,38,300,624.00,"187,200.00"
2019-07-21,2019072101004118,SHIVM,21,43,100,623.00,"62,300.00"
2019-07-21,2019072101004019,SHIVM,21,43,100,623.00,"62,300.00"
2019-07-21,2019072101004018,SHIVM,38,43,100,623.00,"62,300.00"
2019-07-21,2019072101004375,SHIVM,35,3,50,624.00,"31,200.00"
2019-07-21,2019072101004271,SHIVM,32,34,60,626.00,"37,560.00"
2019-07-21,2019072101004270,SHIVM,32,45,500,625.00,"312,500.00"
2019-07-21,2019072101004269,SHIVM,32,46,40,625.00,"25,000.00"
2019-07-21,2019072101004268,SHIVM,32,48,700,625.00,"437,500.00"
2019-07-21,2019072101004267,SHIVM,32,38,700,624.00,"436,800.00"
2019-07-21,2019072101004079,SHPC,26,49,35,249.00,"8,715.00"
2019-07-21,2019072101004041,SHPC,26,49,25,249.00,"6,225.00"
2019-07-21,2019072101004445,SKBBL,44,34,160,986.00,"157,760.00"
2019-07-21,2019072101004444,SKBBL,44,14,40,985.00,"39,400.00"
2019-07-21,2019072101004214,SKBBL,41,14,10,985.00,"9,850.00"
2019-07-21,2019072101004169,SKBBL,41,14,13,984.00,"12,792.00"
2019-07-21,2019072101004074,SKBBL,1,53,81,981.00,"79,461.00"
2019-07-21,2019072101004320,SLICL,25,26,26,464.00,"12,064.00"
2019-07-21,2019072101004319,SLICL,25,17,169,464.00,"78,416.00"
2019-07-21,2019072101004221,SLICL,25,17,45,464.00,"20,880.00"
2019-07-21,2019072101004231,SMFBS,59,34,20,499.00,"9,980.00"
2019-07-21,2019072101004081,SMFBS,18,55,10,498.00,"4,980.00"
2019-07-21,2019072101004080,SMFBS,18,57,10,496.00,"4,960.00"
2019-07-21,2019072101004040,SPARS,34,22,10,430.00,"4,300.00"
2019-07-21,2019072101004039,SPARS,34,47,10,430.00,"4,300.00"
2019-07-21,2019072101004038,SPARS,34,47,10,430.00,"4,300.00"
2019-07-21,2019072101004037,SPARS,34,47,10,430.00,"4,300.00"
2019-07-21,2019072101004036,SPARS,34,47,10,430.00,"4,300.00"
2019-07-21,2019072101004035,SPARS,34,47,10,430.00,"4,300.00"
2019-07-21,2019072101004028,SPARS,34,47,10,430.00,"4,300.00"
2019-07-21,2019072101004027,SPARS,34,40,10,429.00,"4,290.00"
2019-07-21,2019072101004026,SPARS,34,40,10,429.00,"4,290.00"
2019-07-21,2019072101004025,SPARS,34,40,10,429.00,"4,290.00"
2019-07-21,2019072101004024,SPARS,34,40,10,429.00,"4,290.00"
2019-07-21,2019072101004034,SPARS,34,47,10,430.00,"4,300.00"
2019-07-21,2019072101004033,SPARS,34,47,10,430.00,"4,300.00"
2019-07-21,2019072101004032,SPARS,34,47,10,430.00,"4,300.00"
2019-07-21,2019072101004031,SPARS,34,47,10,430.00,"4,300.00"
2019-07-21,2019072101004030,SPARS,34,47,10,430.00,"4,300.00"
2019-07-21,2019072101004029,SPARS,34,47,10,430.00,"4,300.00"
2019-07-21,2019072101004449,SRBL,25,28,10,256.00,"2,560.00"
2019-07-21,2019072101004059,SRBL,21,49,50,253.00,"12,650.00"
2019-07-21,2019072101004347,SWBBL,4,17,25,900.00,"22,500.00"
2019-07-21,2019072101004253,SWBBL,4,49,62,900.00,"55,800.00"
2019-07-21,2019072101004160,SWBBL,4,11,20,900.00,"18,000.00"
2019-07-21,2019072101004061,SWBBL,4,42,200,900.00,"180,000.00"
2019-07-21,2019072101004399,TRH,14,52,10,317.00,"3,170.00"
2019-07-21,2019072101004348,TRH,36,52,21,317.00,"6,657.00"
2019-07-21,2019072101004103,TRH,5,46,59,312.00,"18,408.00"
2019-07-21,2019072101004102,TRH,38,46,200,312.00,"62,400.00"
2019-07-21,2019072101004101,TRH,52,46,100,312.00,"31,200.00"
2019-07-21,2019072101004100,TRH,48,46,10,312.00,"3,120.00"
2019-07-21,2019072101004099,TRH,38,46,150,313.00,"46,950.00"
2019-07-21,2019072101004053,UFL,7,28,15,186.00,"2,790.00"
2019-07-21,2019072101004447,UPPER,39,58,50,279.00,"13,950.00"
2019-07-21,2019072101004433,UPPER,25,6,50,280.00,"14,000.00"
2019-07-21,2019072101004360,UPPER,39,34,40,279.00,"11,160.00"
2019-07-21,2019072101004345,UPPER,32,6,25,280.00,"7,000.00"
2019-07-21,2019072101004315,UPPER,32,6,500,280.00,"140,000.00"
2019-07-21,2019072101004156,UPPER,32,21,150,280.00,"42,000.00"
2019-07-21,2019072101003968,UPPER,57,21,40,280.00,"11,200.00"
2019-07-21,2019072101003967,UPPER,57,21,50,280.00,"14,000.00"
2019-07-21,2019072101004132,UPPER,32,19,500,280.00,"140,000.00"
2019-07-21,2019072101004085,UPPER,29,6,17,281.00,"4,777.00"
2019-07-21,2019072101004069,UPPER,32,49,50,280.00,"14,000.00"
2019-07-21,2019072101004058,UPPER,32,29,17,280.00,"4,760.00"
2019-07-21,2019072101003970,UPPER,57,44,10,280.00,"2,800.00"
2019-07-21,2019072101003969,UPPER,57,21,40,280.00,"11,200.00"
2019-07-21,2019072101003950,ADBL,39,17,200,415.00,"83,000.00"
2019-07-21,2019072101003943,ADBL,33,43,111,414.00,"45,954.00"
2019-07-21,2019072101003931,ADBL,53,43,500,414.00,"207,000.00"
2019-07-21,2019072101003930,ADBL,53,43,389,414.00,"161,046.00"
2019-07-21,2019072101003880,ADBL,53,37,111,414.00,"45,954.00"
2019-07-21,2019072101003861,ADBL,33,43,970,414.00,"401,580.00"
2019-07-21,2019072101003512,ADBL,8,57,594,413.00,"245,322.00"
2019-07-21,2019072101003498,ADBL,8,20,71,413.00,"29,323.00"
2019-07-21,2019072101003481,ADBL,8,14,128,413.00,"52,864.00"
2019-07-21,2019072101003480,ADBL,57,14,18,414.00,"7,452.00"
2019-07-21,2019072101003852,ADBL,36,43,30,414.00,"12,420.00"
2019-07-21,2019072101003621,ADBL,6,57,60,413.00,"24,780.00"
2019-07-21,2019072101003603,ADBL,6,20,71,413.00,"29,323.00"
2019-07-21,2019072101003540,ADBL,52,57,200,413.00,"82,600.00"
2019-07-21,2019072101003539,ADBL,13,57,594,413.00,"245,322.00"
2019-07-21,2019072101003513,ADBL,13,57,406,413.00,"167,678.00"
2019-07-21,2019072101003866,AHPC,14,34,200,106.00,"21,200.00"
2019-07-21,2019072101003700,AHPC,7,34,500,106.00,"53,000.00"
2019-07-21,2019072101003859,AKJCL,58,8,20,72.00,"1,440.00"
2019-07-21,2019072101003734,AKJCL,58,38,10,72.00,720.00
2019-07-21,2019072101003683,AKJCL,58,53,20,72.00,"1,440.00"
2019-07-21,2019072101003682,AKJCL,58,26,10,72.00,720.00
2019-07-21,2019072101003681,AKJCL,58,8,10,72.00,720.00
2019-07-21,2019072101003635,AKPL,4,41,13,175.00,"2,275.00"
2019-07-21,2019072101003574,AKPL,4,20,96,175.00,"16,800.00"
2019-07-21,2019072101003707,ALBSL,33,39,10,390.00,"3,900.00"
2019-07-21,2019072101003902,ALICL,26,51,"1,000",380.00,"380,000.00"
2019-07-21,2019072101003901,ALICL,26,36,480,380.00,"182,400.00"
2019-07-21,2019072101003531,ALICL,35,44,289,379.00,"109,531.00"
2019-07-21,2019072101003816,API,57,41,28,140.00,"3,920.00"
2019-07-21,2019072101003815,API,57,26,"1,672",140.00,"234,080.00"
2019-07-21,2019072101003759,API,43,26,300,140.00,"42,000.00"
2019-07-21,2019072101003673,API,25,26,328,140.00,"45,920.00"
2019-07-21,2019072101003500,API,25,26,185,140.00,"25,900.00"
2019-07-21,2019072101003756,BOKL,45,57,30,266.00,"7,980.00"
2019-07-21,2019072101003687,BOKL,51,26,85,265.00,"22,525.00"
2019-07-21,2019072101003667,CBBL,53,44,50,976.00,"48,800.00"
2019-07-21,2019072101003955,CBL,58,58,576,162.00,"93,312.00"
2019-07-21,2019072101003944,CBL,34,58,"1,000",162.00,"162,000.00"
2019-07-21,2019072101003891,CBL,42,58,50,162.00,"8,100.00"
2019-07-21,2019072101003888,CBL,10,58,500,162.00,"81,000.00"
2019-07-21,2019072101003887,CBL,35,58,200,162.00,"32,400.00"
2019-07-21,2019072101003886,CBL,6,58,50,162.00,"8,100.00"
2019-07-21,2019072101003558,CBL,21,58,50,162.00,"8,100.00"
2019-07-21,2019072101003557,CBL,58,58,152,162.00,"24,624.00"
2019-07-21,2019072101003549,CBL,42,34,75,163.00,"12,225.00"
2019-07-21,2019072101003675,CBL,57,34,20,163.00,"3,260.00"
2019-07-21,2019072101003671,CBL,26,51,538,162.00,"87,156.00"
2019-07-21,2019072101003627,CBL,26,34,50,162.00,"8,100.00"
2019-07-21,2019072101003625,CBL,26,58,"1,000",162.00,"162,000.00"
2019-07-21,2019072101003560,CBL,26,58,688,162.00,"111,456.00"
2019-07-21,2019072101003559,CBL,16,58,110,162.00,"17,820.00"
2019-07-21,2019072101003885,CBL,52,58,"1,000",162.00,"162,000.00"
2019-07-21,2019072101003884,CBL,1,58,100,162.00,"16,200.00"
2019-07-21,2019072101003883,CBL,56,58,300,162.00,"48,600.00"
2019-07-21,2019072101003882,CBL,26,58,"1,224",162.00,"198,288.00"
2019-07-21,2019072101003858,CBL,26,46,"2,000",162.00,"324,000.00"
2019-07-21,2019072101003838,CBL,26,52,500,162.00,"81,000.00"
2019-07-21,2019072101003872,CCBL,29,48,40,178.00,"7,120.00"
2019-07-21,2019072101003871,CCBL,38,48,"1,000",178.00,"178,000.00"
2019-07-21,2019072101003706,CCBL,32,25,85,177.00,"15,045.00"
2019-07-21,2019072101003704,CCBL,32,39,13,177.00,"2,301.00"
2019-07-21,2019072101003703,CCBL,39,39,10,178.00,"1,780.00"
2019-07-21,2019072101003546,CCBL,8,25,"1,000",178.00,"178,000.00"
2019-07-21,2019072101003509,CCBL,44,52,217,178.00,"38,626.00"
2019-07-21,2019072101003508,CCBL,44,44,"1,814",178.00,"322,892.00"
2019-07-21,2019072101003876,CZBIL,35,55,50,227.00,"11,350.00"
2019-07-21,2019072101003875,CZBIL,22,55,21,227.00,"4,767.00"
2019-07-21,2019072101003761,CZBIL,41,55,10,227.00,"2,270.00"
2019-07-21,2019072101003760,CZBIL,41,58,526,227.00,"119,402.00"
2019-07-21,2019072101003623,CZBIL,41,58,200,227.00,"45,400.00"
2019-07-21,2019072101003870,DBBL,56,48,500,148.00,"74,000.00"
2019-07-21,2019072101003869,DBBL,57,48,375,148.00,"55,500.00"
2019-07-21,2019072101003573,DBBL,57,48,125,148.00,"18,500.00"
2019-07-21,2019072101003572,DBBL,41,48,500,148.00,"74,000.00"
2019-07-21,2019072101003571,DBBL,32,48,25,148.00,"3,700.00"
2019-07-21,2019072101003570,DBBL,41,48,"2,350",148.00,"347,800.00"
2019-07-21,2019072101003494,DBBL,41,14,150,148.00,"22,200.00"
2019-07-21,2019072101003936,DDBL,38,19,60,736.00,"44,160.00"
2019-07-21,2019072101003674,DDBL,38,38,500,736.00,"368,000.00"
2019-07-21,2019072101003515,DDBL,45,51,145,737.00,"106,865.00"
2019-07-21,2019072101003514,DDBL,45,6,55,736.00,"40,480.00"
2019-07-21,2019072101003709,DHPL,25,40,10,69.00,690.00
2019-07-21,2019072101003708,DHPL,7,40,10,69.00,690.00
2019-07-21,2019072101003537,EBL,14,42,500,668.00,"334,000.00"
2019-07-21,2019072101003924,FMDBL,42,33,100,380.00,"38,000.00"
2019-07-21,2019072101003923,FMDBL,19,33,100,380.00,"38,000.00"
2019-07-21,2019072101003922,FMDBL,50,33,100,380.00,"38,000.00"
2019-07-21,2019072101003921,FMDBL,38,33,50,380.00,"19,000.00"
2019-07-21,2019072101003920,FMDBL,44,33,50,381.00,"19,050.00"
2019-07-21,2019072101003582,FMDBL,58,33,100,383.00,"38,300.00"
2019-07-21,2019072101003581,FMDBL,39,33,20,383.00,"7,660.00"
2019-07-21,2019072101003633,FOWAD,18,28,100,"1,339.00","133,900.00"
2019-07-21,2019072101003493,GBBL,45,37,100,225.00,"22,500.00"
2019-07-21,2019072101003492,GBBL,52,37,200,225.00,"45,000.00"
2019-07-21,2019072101003491,GBBL,29,37,100,225.00,"22,500.00"
2019-07-21,2019072101003490,GBBL,39,37,100,225.00,"22,500.00"
2019-07-21,2019072101003489,GBBL,42,37,"1,000",225.00,"225,000.00"
2019-07-21,2019072101003488,GBBL,41,37,385,225.00,"86,625.00"
2019-07-21,2019072101003487,GBBL,29,37,200,226.00,"45,200.00"
2019-07-21,2019072101003486,GBBL,39,37,135,226.00,"30,510.00"
2019-07-21,2019072101003485,GBBL,36,37,20,226.00,"4,520.00"
2019-07-21,2019072101003520,GDBL,25,49,275,214.00,"58,850.00"
2019-07-21,2019072101003519,GDBL,25,49,500,214.00,"107,000.00"
2019-07-21,2019072101003518,GDBL,40,49,25,214.00,"5,350.00"
2019-07-21,2019072101003477,GDBL,36,6,200,215.00,"43,000.00"
2019-07-21,2019072101003900,GILB,6,37,17,730.00,"12,410.00"
2019-07-21,2019072101003874,GILB,6,1,33,730.00,"24,090.00"
2019-07-21,2019072101003856,GILB,6,14,50,730.00,"36,500.00"
2019-07-21,2019072101003695,GMFBS,34,26,10,465.00,"4,650.00"
2019-07-21,2019072101003694,GMFBS,34,58,100,465.00,"46,500.00"
2019-07-21,2019072101003693,GMFBS,34,1,10,465.00,"4,650.00"
2019-07-21,2019072101003692,GMFBS,34,33,100,464.00,"46,400.00"
2019-07-21,2019072101003691,GMFBS,34,33,100,463.00,"46,300.00"
2019-07-21,2019072101003690,GMFBS,34,55,10,462.00,"4,620.00"
2019-07-21,2019072101003597,GMFBS,33,40,10,460.00,"4,600.00"
2019-07-21,2019072101003551,GMFBS,33,40,10,460.00,"4,600.00"
2019-07-21,2019072101003548,GMFBS,33,1,10,460.00,"4,600.00"
2019-07-21,2019072101003534,GMFBS,33,40,10,460.00,"4,600.00"
2019-07-21,2019072101003517,GMFBS,33,40,10,460.00,"4,600.00"
2019-07-21,2019072101003755,HBL,11,58,852,550.00,"468,600.00"
2019-07-21,2019072101003754,HBL,35,58,196,551.00,"107,996.00"
2019-07-21,2019072101003753,HBL,49,58,600,551.00,"330,600.00"
2019-07-21,2019072101003752,HBL,53,58,352,551.00,"193,952.00"
2019-07-21,2019072101003615,ICFC,46,34,30,164.00,"4,920.00"
2019-07-21,2019072101003942,ILBS,10,39,10,392.00,"3,920.00"
2019-07-21,2019072101003935,ILBS,10,39,10,392.00,"3,920.00"
2019-07-21,2019072101003903,ILBS,10,39,10,392.00,"3,920.00"
2019-07-21,2019072101003892,ILBS,10,40,10,392.00,"3,920.00"
2019-07-21,2019072101003889,ILBS,10,39,10,392.00,"3,920.00"
2019-07-21,2019072101003879,ILBS,10,39,10,392.00,"3,920.00"
2019-07-21,2019072101003459,ILBS,55,40,210,394.00,"82,740.00"
2019-07-21,2019072101003458,ILBS,55,47,10,393.00,"3,930.00"
2019-07-21,2019072101003457,ILBS,55,47,10,393.00,"3,930.00"
2019-07-21,2019072101003688,ILBS,10,22,10,392.00,"3,920.00"
2019-07-21,2019072101003569,ILBS,33,57,10,391.00,"3,910.00"
2019-07-21,2019072101003529,ILBS,33,41,10,391.00,"3,910.00"
2019-07-21,2019072101003482,ILBS,33,8,10,391.00,"3,910.00"
2019-07-21,2019072101003467,ILBS,33,42,10,391.00,"3,910.00"
2019-07-21,2019072101003464,ILBS,33,42,10,391.00,"3,910.00"
2019-07-21,2019072101003840,ILBS,10,40,10,392.00,"3,920.00"
2019-07-21,2019072101003812,ILBS,10,39,10,392.00,"3,920.00"
2019-07-21,2019072101003798,ILBS,10,39,10,392.00,"3,920.00"
2019-07-21,2019072101003795,ILBS,10,39,10,392.00,"3,920.00"
2019-07-21,2019072101003788,ILBS,10,39,10,392.00,"3,920.00"
2019-07-21,2019072101003739,ILBS,10,39,10,392.00,"3,920.00"
2019-07-21,2019072101003591,JBBL,37,25,237,163.00,"38,631.00"
2019-07-21,2019072101003590,JBBL,46,25,200,163.00,"32,600.00"
2019-07-21,2019072101003589,JBBL,47,25,38,163.00,"6,194.00"
2019-07-21,2019072101003588,JBBL,57,25,100,163.00,"16,300.00"
2019-07-21,2019072101003587,JBBL,46,25,337,163.00,"54,931.00"
2019-07-21,2019072101003586,JBBL,4,25,50,164.00,"8,200.00"
2019-07-21,2019072101003585,JBBL,57,25,38,164.00,"6,232.00"
2019-07-21,2019072101003592,JOSHI,19,43,20,79.00,"1,580.00"
2019-07-21,2019072101003797,KBL,49,19,950,219.00,"208,050.00"
2019-07-21,2019072101003796,KBL,45,19,100,220.00,"22,000.00"
2019-07-21,2019072101003646,KBL,6,10,48,220.00,"10,560.00"
2019-07-21,2019072101003645,KBL,6,41,500,220.00,"110,000.00"
2019-07-21,2019072101003644,KBL,6,28,650,220.00,"143,000.00"
2019-07-21,2019072101003536,KBL,49,19,"3,000",219.00,"657,000.00"
2019-07-21,2019072101003525,KBL,19,19,500,219.00,"109,500.00"
2019-07-21,2019072101003805,KPCL,1,39,10,92.00,920.00
2019-07-21,2019072101003878,LBBL,25,38,500,207.00,"103,500.00"
2019-07-21,2019072101003877,LBBL,25,10,850,206.00,"175,100.00"
2019-07-21,2019072101003864,LBBL,21,10,150,206.00,"30,900.00"
2019-07-21,2019072101003830,LBBL,25,25,900,207.00,"186,300.00"
2019-07-21,2019072101003766,LBBL,25,33,500,207.00,"103,500.00"
2019-07-21,2019072101003524,LBBL,58,58,926,205.00,"189,830.00"
2019-07-21,2019072101003523,LBBL,58,32,500,205.00,"102,500.00"
2019-07-21,2019072101003522,LBBL,58,34,500,205.00,"102,500.00"
2019-07-21,2019072101003521,LBBL,58,28,490,205.00,"100,450.00"
2019-07-21,2019072101003750,LBBL,25,8,"2,340",206.00,"482,040.00"
2019-07-21,2019072101003749,LBBL,25,45,20,206.00,"4,120.00"
2019-07-21,2019072101003748,LBBL,25,35,600,206.00,"123,600.00"
2019-07-21,2019072101003747,LBBL,25,45,500,206.00,"103,000.00"
2019-07-21,2019072101003746,LBBL,25,33,"1,000",206.00,"206,000.00"
2019-07-21,2019072101003745,LBBL,25,48,40,206.00,"8,240.00"
2019-07-21,2019072101003765,LBBL,25,10,300,207.00,"62,100.00"
2019-07-21,2019072101003764,LBBL,25,29,500,207.00,"103,500.00"
2019-07-21,2019072101003763,LBBL,25,4,500,207.00,"103,500.00"
2019-07-21,2019072101003762,LBBL,25,34,500,207.00,"103,500.00"
2019-07-21,2019072101003758,LBBL,25,14,100,206.00,"20,600.00"
2019-07-21,2019072101003757,LBBL,25,49,"1,000",206.00,"206,000.00"
2019-07-21,2019072101003933,LGIL,34,22,391,430.00,"168,130.00"
2019-07-21,2019072101003932,LGIL,34,22,109,430.00,"46,870.00"
2019-07-21,2019072101003913,LGIL,34,54,451,430.00,"193,930.00"
2019-07-21,2019072101003641,LGIL,34,53,440,430.00,"189,200.00"
2019-07-21,2019072101003640,LGIL,14,53,50,431.00,"21,550.00"
2019-07-21,2019072101003639,LGIL,14,53,10,431.00,"4,310.00"
2019-07-21,2019072101003568,LGIL,14,53,90,431.00,"38,790.00"
2019-07-21,2019072101003567,LGIL,14,53,100,431.00,"43,100.00"
2019-07-21,2019072101003566,LGIL,35,53,100,432.00,"43,200.00"
2019-07-21,2019072101003565,LGIL,41,53,50,433.00,"21,650.00"
2019-07-21,2019072101003868,LICN,41,44,30,"1,599.00","47,970.00"
2019-07-21,2019072101003831,LICN,14,55,10,"1,594.00","15,940.00"
2019-07-21,2019072101003814,LICN,57,55,138,"1,595.00","220,110.00"
2019-07-21,2019072101003813,LICN,32,55,10,"1,595.00","15,950.00"
2019-07-21,2019072101003705,LICN,45,55,10,"1,600.00","16,000.00"
2019-07-21,2019072101003737,MBL,18,44,134,272.00,"36,448.00"
2019-07-21,2019072101003626,MBL,14,44,126,272.00,"34,272.00"
2019-07-21,2019072101003599,MBL,14,25,874,272.00,"237,728.00"
2019-07-21,2019072101003598,MBL,39,25,26,272.00,"7,072.00"
2019-07-21,2019072101003939,MEGA,49,41,50,215.00,"10,750.00"
2019-07-21,2019072101003912,MEGA,1,21,394,214.00,"84,316.00"
2019-07-21,2019072101003911,MEGA,33,21,200,214.00,"42,800.00"
2019-07-21,2019072101003910,MEGA,53,21,200,214.00,"42,800.00"
2019-07-21,2019072101003909,MEGA,48,21,210,214.00,"44,940.00"
2019-07-21,2019072101003908,MEGA,47,21,100,214.00,"21,400.00"
2019-07-21,2019072101003744,MEGA,45,41,100,215.00,"21,500.00"
2019-07-21,2019072101003735,MEGA,48,21,83,214.00,"17,762.00"
2019-07-21,2019072101003634,MEGA,22,41,155,215.00,"33,325.00"
2019-07-21,2019072101003624,MEGA,45,41,100,215.00,"21,500.00"
2019-07-21,2019072101003528,MEGA,51,41,500,215.00,"107,500.00"
2019-07-21,2019072101003907,MEGA,40,21,100,214.00,"21,400.00"
2019-07-21,2019072101003906,MEGA,42,21,500,214.00,"107,000.00"
2019-07-21,2019072101003905,MEGA,43,21,500,214.00,"107,000.00"
2019-07-21,2019072101003904,MEGA,48,21,296,214.00,"63,344.00"
2019-07-21,2019072101003899,MEGA,48,14,106,214.00,"22,684.00"
2019-07-21,2019072101003833,MEGA,48,14,106,214.00,"22,684.00"
2019-07-21,2019072101003949,MERO,20,20,1,512.00,512.00
2019-07-21,2019072101003867,MERO,41,21,41,511.00,"20,951.00"
2019-07-21,2019072101003855,MERO,19,21,35,512.00,"17,920.00"
2019-07-21,2019072101003564,MERO,19,40,15,512.00,"7,680.00"
2019-07-21,2019072101003563,MERO,47,40,18,512.00,"9,216.00"
2019-07-21,2019072101003502,MERO,47,40,33,512.00,"16,896.00"
2019-07-21,2019072101003550,MERO,47,40,33,512.00,"16,896.00"
2019-07-21,2019072101003541,MERO,47,40,33,512.00,"16,896.00"
2019-07-21,2019072101003533,MERO,47,40,33,512.00,"16,896.00"
2019-07-21,2019072101003527,MERO,47,40,17,512.00,"8,704.00"
2019-07-21,2019072101003511,MERO,47,40,33,512.00,"16,896.00"
2019-07-21,2019072101003948,MLBL,33,48,"1,200",200.00,"240,000.00"
2019-07-21,2019072101003504,MLBL,33,44,724,200.00,"144,800.00"
2019-07-21,2019072101003505,MLBL,33,54,54,200.00,"10,800.00"
2019-07-21,2019072101003817,MNBBL,21,17,100,382.00,"38,200.00"
2019-07-21,2019072101003701,MNBBL,13,17,10,382.00,"3,820.00"
2019-07-21,2019072101003632,MSLB,1,16,10,"1,030.00","10,300.00"
2019-07-21,2019072101003620,MSLB,5,14,25,986.00,"24,650.00"
2019-07-21,2019072101003609,MSLB,1,14,15,986.00,"14,790.00"
2019-07-21,2019072101003786,NABIL,42,6,30,801.00,"24,030.00"
2019-07-21,2019072101003665,NABIL,1,6,200,800.00,"160,000.00"
2019-07-21,2019072101003664,NABIL,33,6,100,800.00,"80,000.00"
2019-07-21,2019072101003663,NABIL,35,6,10,800.00,"8,000.00"
2019-07-21,2019072101003662,NABIL,37,6,250,800.00,"200,000.00"
2019-07-21,2019072101003661,NABIL,34,6,60,800.00,"48,000.00"
2019-07-21,2019072101003654,NABIL,17,6,20,801.00,"16,020.00"
2019-07-21,2019072101003636,NABIL,1,17,100,802.00,"80,200.00"
2019-07-21,2019072101003619,NABIL,17,17,480,801.00,"384,480.00"
2019-07-21,2019072101003618,NABIL,13,17,20,801.00,"16,020.00"
2019-07-21,2019072101003660,NABIL,51,6,100,800.00,"80,000.00"
2019-07-21,2019072101003659,NABIL,37,6,500,800.00,"400,000.00"
2019-07-21,2019072101003658,NABIL,56,6,38,800.00,"30,400.00"
2019-07-21,2019072101003657,NABIL,56,6,81,800.00,"64,800.00"
2019-07-21,2019072101003656,NABIL,26,6,100,801.00,"80,100.00"
2019-07-21,2019072101003655,NABIL,41,6,10,801.00,"8,010.00"
2019-07-21,2019072101003895,NADEP,25,43,10,417.00,"4,170.00"
2019-07-21,2019072101003577,NADEP,5,8,10,420.00,"4,200.00"
2019-07-21,2019072101003576,NADEP,5,40,30,420.00,"12,600.00"
2019-07-21,2019072101003575,NADEP,5,43,10,417.00,"4,170.00"
2019-07-21,2019072101003733,NBB,11,58,"1,000",224.00,"224,000.00"
2019-07-21,2019072101003732,NBB,11,42,42,224.00,"9,408.00"
2019-07-21,2019072101003951,NBL,44,43,300,341.00,"102,300.00"
2019-07-21,2019072101003789,NBL,34,36,500,342.00,"171,000.00"
2019-07-21,2019072101003698,NBL,45,36,30,342.00,"10,260.00"
2019-07-21,2019072101003670,NBL,36,36,299,342.00,"102,258.00"
2019-07-21,2019072101003669,NBL,36,1,600,342.00,"205,200.00"
2019-07-21,2019072101003668,NBL,36,43,101,342.00,"34,542.00"
2019-07-21,2019072101003580,NBL,44,22,200,341.00,"68,200.00"
2019-07-21,2019072101003506,NBL,34,43,"1,000",342.00,"342,000.00"
2019-07-21,2019072101003470,NBL,44,52,"1,420",341.00,"484,220.00"
2019-07-21,2019072101003890,NCCB,53,59,500,248.00,"124,000.00"
2019-07-21,2019072101003811,NCCB,32,59,128,248.00,"31,744.00"
2019-07-21,2019072101003810,NCCB,32,42,200,248.00,"49,600.00"
2019-07-21,2019072101003809,NCCB,32,29,"1,400",248.00,"347,200.00"
2019-07-21,2019072101003808,NCCB,32,29,272,248.00,"67,456.00"
2019-07-21,2019072101003686,NCCB,53,29,268,248.00,"66,464.00"
2019-07-21,2019072101003685,NCCB,53,43,232,248.00,"57,536.00"
2019-07-21,2019072101003637,NCCB,49,51,200,247.00,"49,400.00"
2019-07-21,2019072101003614,NCCB,49,1,254,247.00,"62,738.00"
2019-07-21,2019072101003595,NCCB,46,1,600,247.00,"148,200.00"
2019-07-21,2019072101003594,NCCB,6,1,100,247.00,"24,700.00"
2019-07-21,2019072101003530,NCCB,49,1,100,247.00,"24,700.00"
2019-07-21,2019072101003865,NIB,53,19,"1,000",517.00,"517,000.00"
2019-07-21,2019072101003785,NIB,55,16,400,517.00,"206,800.00"
2019-07-21,2019072101003784,NIB,1,16,"2,000",517.00,"1,034,000.00"
2019-07-21,2019072101003783,NIB,41,16,50,517.00,"25,850.00"
2019-07-21,2019072101003782,NIB,45,16,400,517.00,"206,800.00"
2019-07-21,2019072101003781,NIB,57,16,50,517.00,"25,850.00"
2019-07-21,2019072101003507,NIB,13,16,200,520.00,"104,000.00"
2019-07-21,2019072101003768,NIB,14,16,50,519.00,"25,950.00"
2019-07-21,2019072101003767,NIB,37,16,92,519.00,"47,748.00"
2019-07-21,2019072101003710,NIB,25,16,100,520.00,"52,000.00"
2019-07-21,2019072101003628,NIB,22,16,146,520.00,"75,920.00"
2019-07-21,2019072101003579,NIB,37,59,150,519.00,"77,850.00"
2019-07-21,2019072101003535,NIB,52,16,100,520.00,"52,000.00"
2019-07-21,2019072101003774,NIB,25,16,100,518.00,"51,800.00"
2019-07-21,2019072101003773,NIB,39,16,100,518.00,"51,800.00"
2019-07-21,2019072101003772,NIB,38,16,100,518.00,"51,800.00"
2019-07-21,2019072101003771,NIB,48,16,43,518.00,"22,274.00"
2019-07-21,2019072101003770,NIB,41,16,50,519.00,"25,950.00"
2019-07-21,2019072101003769,NIB,37,16,500,519.00,"259,500.00"
2019-07-21,2019072101003780,NIB,26,16,200,517.00,"103,400.00"
2019-07-21,2019072101003779,NIB,46,16,200,518.00,"103,600.00"
2019-07-21,2019072101003778,NIB,32,16,250,518.00,"129,500.00"
2019-07-21,2019072101003777,NIB,45,16,10,518.00,"5,180.00"
2019-07-21,2019072101003776,NIB,49,16,40,518.00,"20,720.00"
2019-07-21,2019072101003775,NIB,55,16,400,518.00,"207,200.00"
2019-07-21,2019072101003954,NIBPO,39,39,50,470.00,"23,500.00"
2019-07-21,2019072101003853,NIBPO,39,39,500,470.00,"235,000.00"
2019-07-21,2019072101003818,NIBPO,53,4,"1,000",470.00,"470,000.00"
2019-07-21,2019072101003794,NIBPO,52,28,990,469.00,"464,310.00"
2019-07-21,2019072101003793,NIBPO,35,28,10,469.00,"4,690.00"
2019-07-21,2019072101003499,NIBPO,25,4,500,470.00,"235,000.00"
2019-07-21,2019072101003468,NIBPO,26,4,500,470.00,"235,000.00"
2019-07-21,2019072101003828,NICA,19,44,990,462.00,"457,380.00"
2019-07-21,2019072101003827,NICA,19,1,200,462.00,"92,400.00"
2019-07-21,2019072101003684,NICA,59,44,10,462.00,"4,620.00"
2019-07-21,2019072101003680,NICA,19,56,239,460.00,"109,940.00"
2019-07-21,2019072101003679,NICA,53,56,500,460.00,"230,000.00"
2019-07-21,2019072101003678,NICA,11,56,50,460.00,"23,000.00"
2019-07-21,2019072101003677,NICA,6,56,100,461.00,"46,100.00"
2019-07-21,2019072101003676,NICA,22,56,111,461.00,"51,171.00"
2019-07-21,2019072101003503,NICA,14,20,20,459.00,"9,180.00"
2019-07-21,2019072101003497,NICA,19,32,500,460.00,"230,000.00"
2019-07-21,2019072101003496,NICA,19,56,"1,000",460.00,"460,000.00"
2019-07-21,2019072101003495,NICA,19,29,150,460.00,"69,000.00"
2019-07-21,2019072101003790,NICGF,7,42,500,10.08,"5,040.00"
2019-07-21,2019072101003956,NICL,20,20,1,348.00,348.00
2019-07-21,2019072101003837,NICL,43,53,200,348.00,"69,600.00"
2019-07-21,2019072101003836,NICL,57,53,20,348.00,"6,960.00"
2019-07-21,2019072101003835,NICL,1,53,100,348.00,"34,800.00"
2019-07-21,2019072101003834,NICL,25,53,59,348.00,"20,532.00"
2019-07-21,2019072101003672,NICL,58,10,10,351.00,"3,510.00"
2019-07-21,2019072101003953,NLBBL,58,44,500,502.00,"251,000.00"
2019-07-21,2019072101003914,NLBBL,39,50,23,495.00,"11,385.00"
2019-07-21,2019072101003702,NLBBL,58,59,210,502.00,"105,420.00"
2019-07-21,2019072101003653,NLBBL,58,45,20,500.00,"10,000.00"
2019-07-21,2019072101003652,NLBBL,58,34,150,499.00,"74,850.00"
2019-07-21,2019072101003651,NLBBL,58,44,16,499.00,"7,984.00"
2019-07-21,2019072101003650,NLBBL,58,26,87,499.00,"43,413.00"
2019-07-21,2019072101003649,NLBBL,58,59,15,499.00,"7,485.00"
2019-07-21,2019072101003648,NLBBL,58,50,500,497.00,"248,500.00"
2019-07-21,2019072101003647,NLBBL,58,34,50,494.00,"24,700.00"
2019-07-21,2019072101003596,NLBBL,38,26,100,493.00,"49,300.00"
2019-07-21,2019072101003561,NLBBL,38,21,10,490.00,"4,900.00"
2019-07-21,2019072101003483,NLG,8,26,100,726.00,"72,600.00"
2019-07-21,2019072101003863,NLIC,48,4,20,890.00,"17,800.00"
2019-07-21,2019072101003862,NLIC,34,4,30,890.00,"26,700.00"
2019-07-21,2019072101003622,NLIC,4,4,"5,000",885.00,"4,425,000.00"
2019-07-21,2019072101003479,NLIC,32,26,90,887.00,"79,830.00"
2019-07-21,2019072101003478,NLIC,22,26,10,889.00,"8,890.00"
2019-07-21,2019072101003516,NLICL,33,42,19,596.00,"11,324.00"
2019-07-21,2019072101003822,NMFBS,33,28,100,"1,397.00","139,700.00"
2019-07-21,2019072101003821,NMFBS,33,28,500,"1,400.00","700,000.00"
2019-07-21,2019072101003820,NMFBS,49,28,200,"1,420.00","284,000.00"
2019-07-21,2019072101003819,NMFBS,49,28,85,"1,425.00","121,125.00"
2019-07-21,2019072101003787,NTC,53,43,300,696.00,"208,800.00"
2019-07-21,2019072101003898,PCBL,25,37,48,282.00,"13,536.00"
2019-07-21,2019072101003897,PCBL,56,37,47,282.00,"13,254.00"
2019-07-21,2019072101003896,PCBL,17,37,50,282.00,"14,100.00"
2019-07-21,2019072101003666,PCBL,56,39,53,282.00,"14,946.00"
2019-07-21,2019072101003823,PIC,45,10,50,492.00,"24,600.00"
2019-07-21,2019072101003699,PIC,43,43,1,490.00,490.00
2019-07-21,2019072101003578,PIC,1,42,10,491.00,"4,910.00"
2019-07-21,2019072101003807,PLIC,35,38,30,432.00,"12,960.00"
2019-07-21,2019072101003806,PLIC,48,38,100,432.00,"43,200.00"
2019-07-21,2019072101003600,PPCL,21,43,10,135.00,"1,350.00"
2019-07-21,2019072101003562,PPCL,21,43,10,135.00,"1,350.00"
2019-07-21,2019072101003547,PPCL,21,34,10,135.00,"1,350.00"
2019-07-21,2019072101003947,PRVU,32,57,"1,047",276.00,"288,972.00"
2019-07-21,2019072101003946,PRVU,32,42,10,276.00,"2,760.00"
2019-07-21,2019072101003945,PRVU,32,38,270,276.00,"74,520.00"
2019-07-21,2019072101003941,PRVU,38,38,730,276.00,"201,480.00"
2019-07-21,2019072101003940,PRVU,38,57,270,276.00,"74,520.00"
2019-07-21,2019072101003938,PRVU,43,26,386,275.00,"106,150.00"
2019-07-21,2019072101003607,PRVU,49,25,250,276.00,"69,000.00"
2019-07-21,2019072101003606,PRVU,49,7,50,276.00,"13,800.00"
2019-07-21,2019072101003742,PRVU,32,26,200,276.00,"55,200.00"
2019-07-21,2019072101003741,PRVU,32,52,500,276.00,"138,000.00"
2019-07-21,2019072101003740,PRVU,32,57,770,276.00,"212,520.00"
2019-07-21,2019072101003738,PRVU,45,57,30,276.00,"8,280.00"
2019-07-21,2019072101003689,PRVU,49,57,500,276.00,"138,000.00"
2019-07-21,2019072101003608,PRVU,49,57,700,276.00,"193,200.00"
2019-07-21,2019072101003839,PRVU,49,10,500,275.00,"137,500.00"
2019-07-21,2019072101003826,PRVU,34,58,30,276.00,"8,280.00"
2019-07-21,2019072101003825,PRVU,34,25,100,276.00,"27,600.00"
2019-07-21,2019072101003824,PRVU,34,45,70,276.00,"19,320.00"
2019-07-21,2019072101003751,PRVU,49,45,400,276.00,"110,400.00"
2019-07-21,2019072101003743,PRVU,32,45,530,276.00,"146,280.00"
2019-07-21,2019072101003937,PRVU,49,26,100,275.00,"27,500.00"
2019-07-21,2019072101003919,PRVU,50,57,"1,730",276.00,"477,480.00"
2019-07-21,2019072101003918,PRVU,50,8,500,276.00,"138,000.00"
2019-07-21,2019072101003917,PRVU,50,41,300,276.00,"82,800.00"
2019-07-21,2019072101003916,PRVU,50,35,"1,500",276.00,"414,000.00"
2019-07-21,2019072101003915,PRVU,50,58,970,276.00,"267,720.00"
2019-07-21,2019072101003842,RADHI,49,7,11,145.00,"1,595.00"
2019-07-21,2019072101003841,RADHI,49,21,11,145.00,"1,595.00"
2019-07-21,2019072101003629,RADHI,7,21,11,145.00,"1,595.00"
2019-07-21,2019072101003803,RBCLPO,33,28,20,"8,400.00","168,000.00"
2019-07-21,2019072101003802,RBCLPO,52,28,20,"8,401.00","168,020.00"
2019-07-21,2019072101003801,RBCLPO,42,28,10,"8,405.00","84,050.00"
2019-07-21,2019072101003800,RBCLPO,33,28,10,"8,410.00","84,100.00"
2019-07-21,2019072101003617,RSDC,16,20,60,341.00,"20,460.00"
2019-07-21,2019072101003616,RSDC,19,20,20,341.00,"6,820.00"
2019-07-21,2019072101003510,RSDC,19,20,90,341.00,"30,690.00"
2019-07-21,2019072101003465,RSDC,19,20,90,341.00,"30,690.00"
2019-07-21,2019072101003605,SANIMA,17,10,250,353.00,"88,250.00"
2019-07-21,2019072101003604,SANIMA,17,10,94,353.00,"33,182.00"
2019-07-21,2019072101003545,SANIMA,17,25,156,353.00,"55,068.00"
2019-07-21,2019072101003544,SANIMA,17,25,250,353.00,"88,250.00"
2019-07-21,2019072101003543,SANIMA,14,25,289,353.00,"102,017.00"
2019-07-21,2019072101003542,SANIMA,44,25,205,354.00,"72,570.00"
2019-07-21,2019072101003463,SANIMA,44,43,295,354.00,"104,430.00"
2019-07-21,2019072101003462,SANIMA,6,43,100,354.00,"35,400.00"
2019-07-21,2019072101003461,SANIMA,42,43,500,354.00,"177,000.00"
2019-07-21,2019072101003460,SANIMA,53,43,105,354.00,"37,170.00"
2019-07-21,2019072101003934,SBL,44,49,200,326.00,"65,200.00"
2019-07-21,2019072101003894,SBL,25,42,10,325.00,"3,250.00"
2019-07-21,2019072101003860,SBL,25,52,166,325.00,"53,950.00"
2019-07-21,2019072101003501,SBL,49,59,38,325.00,"12,350.00"
2019-07-21,2019072101003854,SEF,6,43,400,9.95,"3,980.00"
2019-07-21,2019072101003469,SFFIL,55,14,30,218.00,"6,540.00"
2019-07-21,2019072101003697,SHINE,6,49,17,250.00,"4,250.00"
2019-07-21,2019072101003696,SHINE,56,49,50,250.00,"12,500.00"
2019-07-21,2019072101003952,SHIVM,3,3,20,624.00,"12,480.00"
2019-07-21,2019072101003857,SHIVM,17,3,80,624.00,"49,920.00"
2019-07-21,2019072101003829,SHIVM,17,39,50,624.00,"31,200.00"
2019-07-21,2019072101003804,SHIVM,34,48,100,625.00,"62,500.00"
2019-07-21,2019072101003736,SHIVM,42,48,200,625.00,"125,000.00"
2019-07-21,2019072101003638,SHIVM,17,21,20,624.00,"12,480.00"
2019-07-21,2019072101003472,SHIVM,21,7,200,625.00,"125,000.00"
2019-07-21,2019072101003471,SHIVM,32,7,450,625.00,"281,250.00"
2019-07-21,2019072101003602,SHIVM,17,38,100,624.00,"62,400.00"
2019-07-21,2019072101003601,SHIVM,17,7,50,624.00,"31,200.00"
2019-07-21,2019072101003476,SHIVM,29,7,250,624.00,"156,000.00"
2019-07-21,2019072101003475,SHIVM,44,7,950,624.00,"592,800.00"
2019-07-21,2019072101003474,SHIVM,28,7,500,625.00,"312,500.00"
2019-07-21,2019072101003473,SHIVM,43,7,100,625.00,"62,500.00"
2019-07-21,2019072101003893,SKBBL,1,54,19,981.00,"18,639.00"
2019-07-21,2019072101003526,SLICL,7,32,590,463.00,"273,170.00"
2019-07-21,2019072101003881,SMB,58,7,10,392.00,"3,920.00"
2019-07-21,2019072101003929,SMFBS,34,59,10,491.00,"4,910.00"
2019-07-21,2019072101003928,SMFBS,34,21,100,491.00,"49,100.00"
2019-07-21,2019072101003927,SMFBS,34,59,103,491.00,"50,573.00"
2019-07-21,2019072101003926,SMFBS,34,51,10,490.00,"4,900.00"
2019-07-21,2019072101003925,SMFBS,34,36,10,490.00,"4,900.00"
2019-07-21,2019072101003851,SMFBS,34,39,10,489.00,"4,890.00"
2019-07-21,2019072101003844,SMFBS,34,39,10,483.00,"4,830.00"
2019-07-21,2019072101003843,SMFBS,34,39,10,483.00,"4,830.00"
2019-07-21,2019072101003850,SMFBS,34,34,20,489.00,"9,780.00"
2019-07-21,2019072101003849,SMFBS,34,39,10,489.00,"4,890.00"
2019-07-21,2019072101003848,SMFBS,34,39,10,489.00,"4,890.00"
2019-07-21,2019072101003847,SMFBS,34,39,10,489.00,"4,890.00"
2019-07-21,2019072101003846,SMFBS,34,35,10,484.00,"4,840.00"
2019-07-21,2019072101003845,SMFBS,34,25,10,483.00,"4,830.00"
2019-07-21,2019072101003873,SRBL,21,45,19,253.00,"4,807.00"
2019-07-21,2019072101003832,SRBL,49,45,19,253.00,"4,807.00"
2019-07-21,2019072101003799,SRBL,49,45,19,253.00,"4,807.00"
2019-07-21,2019072101003792,SRBL,49,7,649,253.00,"164,197.00"
2019-07-21,2019072101003791,SRBL,49,6,13,253.00,"3,289.00"
2019-07-21,2019072101003466,SRBL,49,20,67,252.00,"16,884.00"
2019-07-21,2019072101003484,SWBBL,4,14,10,900.00,"9,000.00"
2019-07-21,2019072101003555,UFL,41,20,35,184.00,"6,440.00"
2019-07-21,2019072101003554,UFL,10,20,100,184.00,"18,400.00"
2019-07-21,2019072101003553,UFL,28,20,15,184.00,"2,760.00"
2019-07-21,2019072101003552,UFL,50,20,50,185.00,"9,250.00"
2019-07-21,2019072101003731,UPPER,32,21,40,280.00,"11,200.00"
2019-07-21,2019072101003730,UPPER,32,21,40,280.00,"11,200.00"
2019-07-21,2019072101003729,UPPER,32,21,50,280.00,"14,000.00"
2019-07-21,2019072101003728,UPPER,32,21,50,280.00,"14,000.00"
2019-07-21,2019072101003727,UPPER,32,17,500,280.00,"140,000.00"
2019-07-21,2019072101003593,UPPER,26,17,270,279.00,"75,330.00"
2019-07-21,2019072101003584,UPPER,26,38,646,279.00,"180,234.00"
2019-07-21,2019072101003583,UPPER,32,38,354,279.00,"98,766.00"
2019-07-21,2019072101003556,UPPER,32,34,"1,000",279.00,"279,000.00"
2019-07-21,2019072101003538,UPPER,32,38,49,279.00,"13,671.00"
2019-07-21,2019072101003532,UPPER,32,5,300,279.00,"83,700.00"
2019-07-21,2019072101003631,UPPER,34,38,161,279.00,"44,919.00"
2019-07-21,2019072101003630,UPPER,1,38,89,279.00,"24,831.00"
2019-07-21,2019072101003613,UPPER,1,34,16,279.00,"4,464.00"
2019-07-21,2019072101003612,UPPER,11,34,400,279.00,"111,600.00"
2019-07-21,2019072101003611,UPPER,50,34,500,279.00,"139,500.00"
2019-07-21,2019072101003610,UPPER,26,34,84,279.00,"23,436.00"
2019-07-21,2019072101003714,UPPER,32,21,50,280.00,"14,000.00"
2019-07-21,2019072101003713,UPPER,32,21,50,280.00,"14,000.00"
2019-07-21,2019072101003712,UPPER,32,21,40,280.00,"11,200.00"
2019-07-21,2019072101003711,UPPER,32,52,188,280.00,"52,640.00"
2019-07-21,2019072101003643,UPPER,39,34,61,279.00,"17,019.00"
2019-07-21,2019072101003642,UPPER,34,34,339,279.00,"94,581.00"
2019-07-21,2019072101003720,UPPER,32,21,40,280.00,"11,200.00"
2019-07-21,2019072101003719,UPPER,32,21,40,280.00,"11,200.00"
2019-07-21,2019072101003718,UPPER,32,21,50,280.00,"14,000.00"
2019-07-21,2019072101003717,UPPER,32,21,50,280.00,"14,000.00"
2019-07-21,2019072101003716,UPPER,32,21,50,280.00,"14,000.00"
2019-07-21,2019072101003715,UPPER,32,21,50,280.00,"14,000.00"
2019-07-21,2019072101003726,UPPER,32,21,50,280.00,"14,000.00"
2019-07-21,2019072101003725,UPPER,32,21,50,280.00,"14,000.00"
2019-07-21,2019072101003724,UPPER,32,21,50,280.00,"14,000.00"
2019-07-21,2019072101003723,UPPER,32,21,50,280.00,"14,000.00"
2019-07-21,2019072101003722,UPPER,32,21,50,280.00,"14,000.00"
2019-07-21,2019072101003721,UPPER,32,21,40,280.00,"11,200.00"
2019-07-21,2019072101003427,ADBL,57,20,120,414.00,"49,680.00"
2019-07-21,2019072101003347,ADBL,42,17,200,415.00,"83,000.00"
2019-07-21,2019072101003338,ADBL,52,17,19,415.00,"7,885.00"
2019-07-21,2019072101003289,ADBL,57,45,31,414.00,"12,834.00"
2019-07-21,2019072101003167,ADBL,42,17,500,415.00,"207,500.00"
2019-07-21,2019072101003166,ADBL,42,22,500,415.00,"207,500.00"
2019-07-21,2019072101002979,ADBL,57,53,200,414.00,"82,800.00"
2019-07-21,2019072101003140,ADBL,57,48,150,414.00,"62,100.00"
2019-07-21,2019072101003027,ADBL,42,17,36,415.00,"14,940.00"
2019-07-21,2019072101003026,ADBL,42,45,14,415.00,"5,810.00"
2019-07-21,2019072101003025,ADBL,42,57,250,415.00,"103,750.00"
2019-07-21,2019072101003019,ADBL,34,34,18,415.00,"7,470.00"
2019-07-21,2019072101002980,ADBL,57,54,50,414.00,"20,700.00"
2019-07-21,2019072101003419,AHPC,51,48,961,104.00,"99,944.00"
2019-07-21,2019072101003418,AHPC,34,48,"2,000",104.00,"208,000.00"
2019-07-21,2019072101003417,AHPC,45,48,"1,000",104.00,"104,000.00"
2019-07-21,2019072101003416,AHPC,49,48,"1,000",105.00,"105,000.00"
2019-07-21,2019072101003234,AHPC,32,13,60,106.00,"6,360.00"
2019-07-21,2019072101003044,AHPC,19,13,457,106.00,"48,442.00"
2019-07-21,2019072101003258,AKPL,4,54,126,175.00,"22,050.00"
2019-07-21,2019072101003257,AKPL,25,54,"1,000",175.00,"175,000.00"
2019-07-21,2019072101003256,AKPL,57,54,100,175.00,"17,500.00"
2019-07-21,2019072101003255,AKPL,41,54,200,176.00,"35,200.00"
2019-07-21,2019072101003254,AKPL,59,54,625,176.00,"110,000.00"
2019-07-21,2019072101003386,ALBSL,57,39,10,391.00,"3,910.00"
2019-07-21,2019072101003372,ALBSL,57,40,10,391.00,"3,910.00"
2019-07-21,2019072101003357,ALBSL,57,40,10,391.00,"3,910.00"
2019-07-21,2019072101003351,ALBSL,57,40,10,391.00,"3,910.00"
2019-07-21,2019072101003281,ALBSL,57,39,10,391.00,"3,910.00"
2019-07-21,2019072101003260,ALBSL,57,40,10,391.00,"3,910.00"
2019-07-21,2019072101003184,ALBSL,19,5,10,392.00,"3,920.00"
2019-07-21,2019072101003162,ALBSL,19,44,10,392.00,"3,920.00"
2019-07-21,2019072101003121,ALBSL,45,45,10,393.00,"3,930.00"
2019-07-21,2019072101003120,ALBSL,45,45,10,393.00,"3,930.00"
2019-07-21,2019072101003119,ALBSL,45,45,10,393.00,"3,930.00"
2019-07-21,2019072101003118,ALBSL,45,45,10,393.00,"3,930.00"
2019-07-21,2019072101003226,ALBSL,19,40,10,392.00,"3,920.00"
2019-07-21,2019072101003431,ALICL,26,20,52,377.00,"19,604.00"
2019-07-21,2019072101003374,ALICL,26,28,880,377.00,"331,760.00"
2019-07-21,2019072101003373,ALICL,35,28,20,377.00,"7,540.00"
2019-07-21,2019072101003056,ALICL,35,21,10,377.00,"3,770.00"
2019-07-21,2019072101002967,ALICL,1,36,237,377.00,"89,349.00"
2019-07-21,2019072101003217,API,4,26,100,140.00,"14,000.00"
2019-07-21,2019072101003161,API,36,26,500,140.00,"70,000.00"
2019-07-21,2019072101003160,API,14,26,100,140.00,"14,000.00"
2019-07-21,2019072101003159,API,19,26,45,140.00,"6,300.00"
2019-07-21,2019072101003158,API,25,26,150,140.00,"21,000.00"
2019-07-21,2019072101003157,API,25,26,120,141.00,"16,920.00"
2019-07-21,2019072101003126,BNT,33,48,10,"6,800.00","68,000.00"
2019-07-21,2019072101003441,BOKL,58,26,65,265.00,"17,225.00"
2019-07-21,2019072101003440,BOKL,58,1,225,265.00,"59,625.00"
2019-07-21,2019072101003439,BOKL,58,6,"1,010",265.00,"267,650.00"
2019-07-21,2019072101003434,BOKL,48,6,990,265.00,"262,350.00"
2019-07-21,2019072101003432,BOKL,51,11,200,264.00,"52,800.00"
2019-07-21,2019072101003363,BOKL,32,50,20,264.00,"5,280.00"
2019-07-21,2019072101003215,BOKL,49,50,200,264.00,"52,800.00"
2019-07-21,2019072101003207,BOKL,58,22,61,263.00,"16,043.00"
2019-07-21,2019072101003205,BOKL,38,49,200,263.00,"52,600.00"
2019-07-21,2019072101003353,BOKL,41,50,145,264.00,"38,280.00"
2019-07-21,2019072101003352,BOKL,58,50,50,264.00,"13,200.00"
2019-07-21,2019072101003274,BOKL,17,54,156,263.00,"41,028.00"
2019-07-21,2019072101003273,BOKL,17,54,250,263.00,"65,750.00"
2019-07-21,2019072101003272,BOKL,58,54,39,263.00,"10,257.00"
2019-07-21,2019072101003216,BOKL,58,22,100,263.00,"26,300.00"
2019-07-21,2019072101003153,BPCL,50,4,185,405.00,"74,925.00"
2019-07-21,2019072101003152,BPCL,59,4,13,405.00,"5,265.00"
2019-07-21,2019072101003136,BPCL,50,49,15,405.00,"6,075.00"
2019-07-21,2019072101003285,CBBL,46,44,20,975.00,"19,500.00"
2019-07-21,2019072101003052,CBBL,29,48,108,978.00,"105,624.00"
2019-07-21,2019072101003007,CBBL,33,52,100,975.00,"97,500.00"
2019-07-21,2019072101003006,CBBL,49,52,10,975.00,"9,750.00"
2019-07-21,2019072101003438,CBL,58,54,300,162.00,"48,600.00"
2019-07-21,2019072101003428,CBL,58,46,150,162.00,"24,300.00"
2019-07-21,2019072101003366,CBL,58,50,150,162.00,"24,300.00"
2019-07-21,2019072101003365,CBL,34,34,251,163.00,"40,913.00"
2019-07-21,2019072101003364,CBL,34,6,49,163.00,"7,987.00"
2019-07-21,2019072101003320,CBL,58,6,98,162.00,"15,876.00"
2019-07-21,2019072101003057,CBL,10,19,500,162.00,"81,000.00"
2019-07-21,2019072101003129,CBL,44,36,160,161.00,"25,760.00"
2019-07-21,2019072101003128,CBL,56,36,840,161.00,"135,240.00"
2019-07-21,2019072101003070,CBL,40,33,930,162.00,"150,660.00"
2019-07-21,2019072101003069,CBL,40,16,50,162.00,"8,100.00"
2019-07-21,2019072101003068,CBL,40,32,20,162.00,"3,240.00"
2019-07-21,2019072101003058,CBL,10,32,"1,500",162.00,"243,000.00"
2019-07-21,2019072101003237,CBL,14,47,840,162.00,"136,080.00"
2019-07-21,2019072101003236,CBL,14,54,98,162.00,"15,876.00"
2019-07-21,2019072101003198,CBL,39,54,80,162.00,"12,960.00"
2019-07-21,2019072101003186,CBL,56,54,30,162.00,"4,860.00"
2019-07-21,2019072101003185,CBL,56,33,70,162.00,"11,340.00"
2019-07-21,2019072101003155,CBL,44,28,300,161.00,"48,300.00"
2019-07-21,2019072101003299,CBL,4,41,500,162.00,"81,000.00"
2019-07-21,2019072101003298,CBL,4,39,500,162.00,"81,000.00"
2019-07-21,2019072101003297,CBL,4,6,438,162.00,"70,956.00"
2019-07-21,2019072101003265,CBL,44,34,500,161.00,"80,500.00"
2019-07-21,2019072101003239,CBL,14,6,562,162.00,"91,044.00"
2019-07-21,2019072101003238,CBL,14,58,500,162.00,"81,000.00"
2019-07-21,2019072101003305,CBL,4,1,400,162.00,"64,800.00"
2019-07-21,2019072101003304,CBL,4,14,200,162.00,"32,400.00"
2019-07-21,2019072101003303,CBL,4,38,500,162.00,"81,000.00"
2019-07-21,2019072101003302,CBL,4,58,"1,000",162.00,"162,000.00"
2019-07-21,2019072101003301,CBL,4,29,150,162.00,"24,300.00"
2019-07-21,2019072101003300,CBL,4,57,"1,800",162.00,"291,600.00"
2019-07-21,2019072101003311,CBL,4,5,551,162.00,"89,262.00"
2019-07-21,2019072101003310,CBL,4,45,20,162.00,"3,240.00"
2019-07-21,2019072101003309,CBL,4,29,49,162.00,"7,938.00"
2019-07-21,2019072101003308,CBL,4,26,650,162.00,"105,300.00"
2019-07-21,2019072101003307,CBL,4,3,"1,000",162.00,"162,000.00"
2019-07-21,2019072101003306,CBL,4,33,200,162.00,"32,400.00"
2019-07-21,2019072101003318,CBL,48,6,100,162.00,"16,200.00"
2019-07-21,2019072101003316,CBL,4,6,"1,302",162.00,"210,924.00"
2019-07-21,2019072101003315,CBL,4,39,200,162.00,"32,400.00"
2019-07-21,2019072101003314,CBL,4,51,"1,000",162.00,"162,000.00"
2019-07-21,2019072101003313,CBL,4,19,40,162.00,"6,480.00"
2019-07-21,2019072101003312,CBL,4,49,500,162.00,"81,000.00"
2019-07-21,2019072101003345,CCBL,41,44,131,178.00,"23,318.00"
2019-07-21,2019072101003267,CCBL,36,44,55,178.00,"9,790.00"
2019-07-21,2019072101003179,CCBL,37,48,10,178.00,"1,780.00"
2019-07-21,2019072101003178,CCBL,37,48,10,178.00,"1,780.00"
2019-07-21,2019072101003177,CCBL,33,48,20,178.00,"3,560.00"
2019-07-21,2019072101003176,CCBL,33,48,20,178.00,"3,560.00"
2019-07-21,2019072101003175,CCBL,38,48,120,178.00,"21,360.00"
2019-07-21,2019072101003230,CFCL,44,39,200,120.00,"24,000.00"
2019-07-21,2019072101003229,CFCL,44,13,200,120.00,"24,000.00"
2019-07-21,2019072101002959,CHL,1,42,10,88.00,880.00
2019-07-21,2019072101003261,CIT,7,19,54,"2,455.00","132,570.00"
2019-07-21,2019072101003154,CORBL,44,56,360,119.00,"42,840.00"
2019-07-21,2019072101003360,CZBIL,41,22,11,226.00,"2,486.00"
2019-07-21,2019072101003359,CZBIL,59,22,92,226.00,"20,792.00"
2019-07-21,2019072101003333,CZBIL,41,58,164,227.00,"37,228.00"
2019-07-21,2019072101003073,CZBIL,59,21,20,226.00,"4,520.00"
2019-07-21,2019072101003035,CZBIL,49,58,100,227.00,"22,700.00"
2019-07-21,2019072101003371,DBBL,38,57,"1,000",148.00,"148,000.00"
2019-07-21,2019072101003010,DHPL,7,22,13,70.00,910.00
2019-07-21,2019072101003009,DHPL,34,22,100,70.00,"7,000.00"
2019-07-21,2019072101003008,DHPL,7,22,12,70.00,840.00
2019-07-21,2019072101003295,EBL,7,42,150,668.00,"100,200.00"
2019-07-21,2019072101003294,EBL,46,42,10,668.00,"6,680.00"
2019-07-21,2019072101003293,EBL,46,42,10,668.00,"6,680.00"
2019-07-21,2019072101003292,EBL,57,42,200,668.00,"133,600.00"
2019-07-21,2019072101003291,EBL,19,42,50,668.00,"33,400.00"
2019-07-21,2019072101002976,EBL,14,41,178,670.00,"119,260.00"
2019-07-21,2019072101002975,EBL,14,6,146,670.00,"97,820.00"
2019-07-21,2019072101002974,EBL,38,38,7,670.00,"4,690.00"
2019-07-21,2019072101003290,EBL,48,42,70,668.00,"46,760.00"
2019-07-21,2019072101003284,EBL,48,42,430,668.00,"287,240.00"
2019-07-21,2019072101003283,EBL,54,42,70,669.00,"46,830.00"
2019-07-21,2019072101003151,EBL,39,6,500,670.00,"335,000.00"
2019-07-21,2019072101003124,EBL,26,10,33,669.00,"22,077.00"
2019-07-21,2019072101003071,EBL,56,10,100,669.00,"66,900.00"
2019-07-21,2019072101003086,FMDBL,39,49,30,383.00,"11,490.00"
2019-07-21,2019072101003066,FMDBL,39,29,100,383.00,"38,300.00"
2019-07-21,2019072101002972,FMDBL,6,6,"3,052",379.00,"1,156,708.00"
2019-07-21,2019072101003327,FOWAD,6,45,13,"1,330.00","17,290.00"
2019-07-21,2019072101003326,FOWAD,6,22,19,"1,326.00","25,194.00"
2019-07-21,2019072101003325,FOWAD,6,22,19,"1,326.00","25,194.00"
2019-07-21,2019072101003127,FOWAD,18,41,57,"1,316.00","75,012.00"
2019-07-21,2019072101003079,GBBL,48,6,10,228.00,"2,280.00"
2019-07-21,2019072101003043,GDBL,51,6,200,215.00,"43,000.00"
2019-07-21,2019072101003329,GLBSL,45,39,10,390.00,"3,900.00"
2019-07-21,2019072101003201,GLBSL,45,39,10,395.00,"3,950.00"
2019-07-21,2019072101003169,GLBSL,45,45,10,391.00,"3,910.00"
2019-07-21,2019072101002977,GLBSL,45,36,10,390.00,"3,900.00"
2019-07-21,2019072101002971,GLBSL,45,38,10,390.00,"3,900.00"
2019-07-21,2019072101002968,GLBSL,38,38,10,391.00,"3,910.00"
2019-07-21,2019072101002965,GLBSL,38,49,10,391.00,"3,910.00"
2019-07-21,2019072101002964,GLBSL,38,38,10,391.00,"3,910.00"
2019-07-21,2019072101002960,GLBSL,38,38,10,391.00,"3,910.00"
2019-07-21,2019072101002957,GLBSL,38,38,10,391.00,"3,910.00"
2019-07-21,2019072101003253,GMFBS,26,58,110,460.00,"50,600.00"
2019-07-21,2019072101003227,GMFBS,26,58,10,460.00,"4,600.00"
2019-07-21,2019072101003221,GMFBS,39,58,50,460.00,"23,000.00"
2019-07-21,2019072101003220,GMFBS,21,58,60,462.00,"27,720.00"
2019-07-21,2019072101003219,GMFBS,39,58,40,463.00,"18,520.00"
2019-07-21,2019072101003200,GMFBS,39,44,10,463.00,"4,630.00"
2019-07-21,2019072101003125,GMFBS,45,45,10,464.00,"4,640.00"
2019-07-21,2019072101003030,GMFBS,21,49,10,462.00,"4,620.00"
2019-07-21,2019072101003377,GUFL,44,32,400,121.00,"48,400.00"
2019-07-21,2019072101003376,GUFL,19,32,100,121.00,"12,100.00"
2019-07-21,2019072101003275,HIDCL,29,29,63,161.00,"10,143.00"
2019-07-21,2019072101002966,HPPL,22,34,10,174.00,"1,740.00"
2019-07-21,2019072101002962,HPPL,22,42,10,174.00,"1,740.00"
2019-07-21,2019072101003456,ILBS,55,47,10,393.00,"3,930.00"
2019-07-21,2019072101003455,ILBS,55,6,10,393.00,"3,930.00"
2019-07-21,2019072101003454,ILBS,55,51,10,393.00,"3,930.00"
2019-07-21,2019072101003453,ILBS,55,1,10,393.00,"3,930.00"
2019-07-21,2019072101003452,ILBS,55,40,10,392.00,"3,920.00"
2019-07-21,2019072101003389,ILBS,33,39,10,391.00,"3,910.00"
2019-07-21,2019072101003020,ILBS,38,49,10,390.00,"3,900.00"
2019-07-21,2019072101003138,ILBS,45,40,10,391.00,"3,910.00"
2019-07-21,2019072101003131,ILBS,38,38,10,390.00,"3,900.00"
2019-07-21,2019072101003097,ILBS,38,19,10,390.00,"3,900.00"
2019-07-21,2019072101003087,ILBS,38,45,10,390.00,"3,900.00"
2019-07-21,2019072101003050,ILBS,38,41,10,390.00,"3,900.00"
2019-07-21,2019072101003028,ILBS,38,10,10,390.00,"3,900.00"
2019-07-21,2019072101003342,ILBS,33,56,10,391.00,"3,910.00"
2019-07-21,2019072101003341,ILBS,33,39,10,391.00,"3,910.00"
2019-07-21,2019072101003331,ILBS,8,39,10,390.00,"3,900.00"
2019-07-21,2019072101003156,ILBS,38,5,10,390.00,"3,900.00"
2019-07-21,2019072101003143,ILBS,38,38,10,390.00,"3,900.00"
2019-07-21,2019072101003139,ILBS,38,38,10,390.00,"3,900.00"
2019-07-21,2019072101003042,JFL,18,17,63,185.00,"11,655.00"
2019-07-21,2019072101003387,JOSHI,19,54,20,79.00,"1,580.00"
2019-07-21,2019072101003415,KBL,46,28,100,220.00,"22,000.00"
2019-07-21,2019072101003361,KBL,52,19,500,219.00,"109,500.00"
2019-07-21,2019072101003348,KBL,40,37,"1,000",219.00,"219,000.00"
2019-07-21,2019072101003319,KBL,40,37,"2,000",219.00,"438,000.00"
2019-07-21,2019072101003268,KBL,40,37,"2,000",219.00,"438,000.00"
2019-07-21,2019072101003174,KBL,11,36,197,219.00,"43,143.00"
2019-07-21,2019072101003168,KBL,38,28,100,220.00,"22,000.00"
2019-07-21,2019072101003039,KBL,33,19,"2,000",219.00,"438,000.00"
2019-07-21,2019072101003208,KKHC,35,6,10,67.00,670.00
2019-07-21,2019072101002981,KSBBL,49,56,228,160.00,"36,480.00"
2019-07-21,2019072101003317,LBBL,34,28,10,205.00,"2,050.00"
2019-07-21,2019072101003018,LBBL,21,48,30,206.00,"6,180.00"
2019-07-21,2019072101002992,LBBL,34,25,30,205.00,"6,150.00"
2019-07-21,2019072101003422,LBL,22,7,12,226.00,"2,712.00"
2019-07-21,2019072101003421,LBL,49,7,20,226.00,"4,520.00"
2019-07-21,2019072101003420,LBL,49,7,35,226.00,"7,910.00"
2019-07-21,2019072101003024,LBL,38,38,8,226.00,"1,808.00"
2019-07-21,2019072101002987,LBL,34,29,190,226.00,"42,940.00"
2019-07-21,2019072101002986,LBL,34,47,50,226.00,"11,300.00"
2019-07-21,2019072101002985,LBL,34,47,169,226.00,"38,194.00"
2019-07-21,2019072101003222,LGIL,41,29,50,433.00,"21,650.00"
2019-07-21,2019072101003188,LGIL,21,29,100,433.00,"43,300.00"
2019-07-21,2019072101003187,LGIL,21,29,200,433.00,"86,600.00"
2019-07-21,2019072101003385,LICN,57,13,12,"1,595.00","19,140.00"
2019-07-21,2019072101003340,LICN,14,32,32,"1,597.00","51,104.00"
2019-07-21,2019072101003038,LICN,13,44,100,"1,596.00","159,600.00"
2019-07-21,2019072101003037,LICN,22,44,100,"1,596.00","159,600.00"
2019-07-21,2019072101003426,MBL,36,47,99,274.00,"27,126.00"
2019-07-21,2019072101003425,MBL,36,6,901,273.00,"245,973.00"
2019-07-21,2019072101003165,MBL,39,29,200,272.00,"54,400.00"
2019-07-21,2019072101003164,MBL,39,29,74,272.00,"20,128.00"
2019-07-21,2019072101003072,MBL,48,29,10,272.00,"2,720.00"
2019-07-21,2019072101003323,MEGA,13,41,284,215.00,"61,060.00"
2019-07-21,2019072101003322,MEGA,13,41,589,215.00,"126,635.00"
2019-07-21,2019072101003278,MEGA,41,41,500,215.00,"107,500.00"
2019-07-21,2019072101003190,MEGA,39,41,50,215.00,"10,750.00"
2019-07-21,2019072101003023,MEGA,22,41,10,215.00,"2,150.00"
2019-07-21,2019072101003413,MERO,26,13,33,515.00,"16,995.00"
2019-07-21,2019072101003133,MFIL,32,25,39,126.00,"4,914.00"
2019-07-21,2019072101003132,MFIL,32,4,707,125.00,"88,375.00"
2019-07-21,2019072101003381,MHNL,59,19,40,103.00,"4,120.00"
2019-07-21,2019072101003380,MHNL,59,22,40,103.00,"4,120.00"
2019-07-21,2019072101003355,MHNL,59,22,40,103.00,"4,120.00"
2019-07-21,2019072101003354,MHNL,59,13,10,103.00,"1,030.00"
2019-07-21,2019072101003344,MHNL,59,13,20,103.00,"2,060.00"
2019-07-21,2019072101003343,MHNL,59,58,30,103.00,"3,090.00"
2019-07-21,2019072101003218,MLBL,58,52,200,199.00,"39,800.00"
2019-07-21,2019072101003214,MLBL,38,52,300,199.00,"59,700.00"
2019-07-21,2019072101003451,MNBBL,50,1,521,380.00,"197,980.00"
2019-07-21,2019072101003445,MNBBL,35,1,236,381.00,"89,916.00"
2019-07-21,2019072101003444,MNBBL,26,1,88,381.00,"33,528.00"
2019-07-21,2019072101003442,MNBBL,58,17,300,382.00,"114,600.00"
2019-07-21,2019072101003064,MNBBL,32,45,70,384.00,"26,880.00"
2019-07-21,2019072101003063,MNBBL,32,43,30,384.00,"11,520.00"
2019-07-21,2019072101003183,MSLB,5,14,10,986.00,"9,860.00"
2019-07-21,2019072101003061,MSLB,1,14,10,967.00,"9,670.00"
2019-07-21,2019072101003060,MSLB,1,44,11,960.00,"10,560.00"
2019-07-21,2019072101003248,NABIL,56,6,19,800.00,"15,200.00"
2019-07-21,2019072101003247,NABIL,16,6,500,800.00,"400,000.00"
2019-07-21,2019072101003246,NABIL,14,6,10,800.00,"8,000.00"
2019-07-21,2019072101003245,NABIL,37,6,500,800.00,"400,000.00"
2019-07-21,2019072101003244,NABIL,43,6,971,800.00,"776,800.00"
2019-07-21,2019072101003225,NABIL,43,16,29,800.00,"23,200.00"
2019-07-21,2019072101003099,NABIL,19,6,200,801.00,"160,200.00"
2019-07-21,2019072101003098,NABIL,21,6,50,801.00,"40,050.00"
2019-07-21,2019072101003074,NABIL,43,6,10,802.00,"8,020.00"
2019-07-21,2019072101003224,NABIL,56,16,250,801.00,"200,250.00"
2019-07-21,2019072101003223,NABIL,36,16,50,801.00,"40,050.00"
2019-07-21,2019072101003108,NABIL,21,17,490,803.00,"393,470.00"
2019-07-21,2019072101003107,NABIL,21,6,510,802.00,"409,020.00"
2019-07-21,2019072101003102,NABIL,55,6,75,802.00,"60,150.00"
2019-07-21,2019072101003101,NABIL,55,6,125,801.00,"100,125.00"
2019-07-21,2019072101003375,NAGRO,39,39,10,503.00,"5,030.00"
2019-07-21,2019072101003368,NAGRO,39,14,10,503.00,"5,030.00"
2019-07-21,2019072101003296,NAGRO,39,39,10,503.00,"5,030.00"
2019-07-21,2019072101003259,NAGRO,39,39,10,503.00,"5,030.00"
2019-07-21,2019072101003209,NAGRO,39,44,10,503.00,"5,030.00"
2019-07-21,2019072101003130,NAGRO,45,45,10,503.00,"5,030.00"
2019-07-21,2019072101003430,NBL,6,43,99,342.00,"33,858.00"
2019-07-21,2019072101003324,NBL,6,1,500,342.00,"171,000.00"
2019-07-21,2019072101003271,NBL,6,39,"2,401",342.00,"821,142.00"
2019-07-21,2019072101003269,NBL,53,39,100,342.00,"34,200.00"
2019-07-21,2019072101003172,NBL,6,39,30,342.00,"10,260.00"
2019-07-21,2019072101003171,NBL,6,39,200,342.00,"68,400.00"
2019-07-21,2019072101003005,NBL,47,19,500,342.00,"171,000.00"
2019-07-21,2019072101002958,NBL,47,17,200,342.00,"68,400.00"
2019-07-21,2019072101003090,NBL,53,34,100,342.00,"34,200.00"
2019-07-21,2019072101003089,NBL,53,34,59,342.00,"20,178.00"
2019-07-21,2019072101003040,NBL,53,49,30,342.00,"10,260.00"
2019-07-21,2019072101003022,NBL,53,49,11,342.00,"3,762.00"
2019-07-21,2019072101003021,NBL,47,49,89,342.00,"30,438.00"
2019-07-21,2019072101003012,NBL,47,6,250,342.00,"85,500.00"
2019-07-21,2019072101003170,NBL,22,39,269,342.00,"91,998.00"
2019-07-21,2019072101003137,NBL,22,57,200,342.00,"68,400.00"
2019-07-21,2019072101003094,NBL,22,34,531,342.00,"181,602.00"
2019-07-21,2019072101003093,NBL,6,34,200,342.00,"68,400.00"
2019-07-21,2019072101003092,NBL,45,34,100,342.00,"34,200.00"
2019-07-21,2019072101003091,NBL,45,34,10,342.00,"3,420.00"
2019-07-21,2019072101003263,NCCB,28,49,300,247.00,"74,100.00"
2019-07-21,2019072101003100,NCCB,36,8,"1,000",247.00,"247,000.00"
2019-07-21,2019072101003078,NCCB,21,39,25,246.00,"6,150.00"
2019-07-21,2019072101003053,NCCB,34,43,28,248.00,"6,944.00"
2019-07-21,2019072101003041,NCCB,3,33,10,247.00,"2,470.00"
2019-07-21,2019072101002970,NCCB,59,33,50,247.00,"12,350.00"
2019-07-21,2019072101002969,NCCB,49,33,500,247.00,"123,500.00"
2019-07-21,2019072101003065,NGPL,39,51,13,115.00,"1,495.00"
2019-07-21,2019072101003048,NHPC,21,34,700,66.00,"46,200.00"
2019-07-21,2019072101003047,NHPC,21,14,300,65.00,"19,500.00"
2019-07-21,2019072101003369,NIB,19,16,64,520.00,"33,280.00"
2019-07-21,2019072101003330,NIB,41,16,91,520.00,"47,320.00"
2019-07-21,2019072101003277,NIB,29,16,30,520.00,"15,600.00"
2019-07-21,2019072101003266,NIB,37,29,30,519.00,"15,570.00"
2019-07-21,2019072101003243,NIB,37,43,228,519.00,"118,332.00"
2019-07-21,2019072101003242,NIB,7,43,10,519.00,"5,190.00"
2019-07-21,2019072101003241,NIB,21,43,100,519.00,"51,900.00"
2019-07-21,2019072101003240,NIB,55,43,162,519.00,"84,078.00"
2019-07-21,2019072101003203,NIB,21,16,10,520.00,"5,200.00"
2019-07-21,2019072101003202,NIB,55,16,56,520.00,"29,120.00"
2019-07-21,2019072101003088,NIB,55,19,500,520.00,"260,000.00"
2019-07-21,2019072101003067,NIB,55,28,44,520.00,"22,880.00"
2019-07-21,2019072101003077,NIBPO,47,4,50,470.00,"23,500.00"
2019-07-21,2019072101003076,NIBPO,44,4,50,470.00,"23,500.00"
2019-07-21,2019072101003075,NIBPO,52,4,100,470.00,"47,000.00"
2019-07-21,2019072101003002,NIBPO,46,16,100,471.00,"47,100.00"
2019-07-21,2019072101003443,NICA,14,20,117,459.00,"53,703.00"
2019-07-21,2019072101003382,NICA,14,35,500,459.00,"229,500.00"
2019-07-21,2019072101003367,NICA,22,32,130,459.00,"59,670.00"
2019-07-21,2019072101003346,NICA,19,22,100,458.00,"45,800.00"
2019-07-21,2019072101003228,NICA,48,32,10,459.00,"4,590.00"
2019-07-21,2019072101003192,NICA,54,32,90,459.00,"41,310.00"
2019-07-21,2019072101003046,NICA,49,32,370,459.00,"169,830.00"
2019-07-21,2019072101003045,NICA,49,51,30,459.00,"13,770.00"
2019-07-21,2019072101002988,NICA,19,56,297,458.00,"136,026.00"
2019-07-21,2019072101003370,NLBBL,14,44,200,492.00,"98,400.00"
2019-07-21,2019072101003288,NLBBL,14,44,100,492.00,"49,200.00"
2019-07-21,2019072101003287,NLBBL,44,44,100,492.00,"49,200.00"
2019-07-21,2019072101003286,NLBBL,38,44,100,493.00,"49,300.00"
2019-07-21,2019072101003282,NLBBL,11,34,50,494.00,"24,700.00"
2019-07-21,2019072101003450,NLG,1,54,25,726.00,"18,150.00"
2019-07-21,2019072101003000,NLG,35,44,80,738.00,"59,040.00"
2019-07-21,2019072101003411,NLIC,35,4,100,890.00,"89,000.00"
2019-07-21,2019072101003410,NLIC,25,4,100,890.00,"89,000.00"
2019-07-21,2019072101003409,NLIC,37,4,50,890.00,"44,500.00"
2019-07-21,2019072101003408,NLIC,42,4,200,890.00,"178,000.00"
2019-07-21,2019072101003407,NLIC,10,4,20,890.00,"17,800.00"
2019-07-21,2019072101003406,NLIC,28,4,50,890.00,"44,500.00"
2019-07-21,2019072101003264,NLIC,26,29,16,894.00,"14,304.00"
2019-07-21,2019072101003051,NLIC,26,7,17,894.00,"15,198.00"
2019-07-21,2019072101002984,NLIC,17,4,230,895.00,"205,850.00"
2019-07-21,2019072101003393,NLIC,40,4,183,893.00,"163,419.00"
2019-07-21,2019072101003392,NLIC,6,4,100,894.00,"89,400.00"
2019-07-21,2019072101003391,NLIC,25,4,100,894.00,"89,400.00"
2019-07-21,2019072101003390,NLIC,19,4,15,894.00,"13,410.00"
2019-07-21,2019072101003350,NLIC,6,4,13,895.00,"11,635.00"
2019-07-21,2019072101003279,NLIC,29,4,17,895.00,"15,215.00"
2019-07-21,2019072101003399,NLIC,56,4,200,892.00,"178,400.00"
2019-07-21,2019072101003398,NLIC,6,4,100,892.00,"89,200.00"
2019-07-21,2019072101003397,NLIC,32,4,150,893.00,"133,950.00"
2019-07-21,2019072101003396,NLIC,10,4,10,893.00,"8,930.00"
2019-07-21,2019072101003395,NLIC,47,4,120,893.00,"107,160.00"
2019-07-21,2019072101003394,NLIC,56,4,10,893.00,"8,930.00"
2019-07-21,2019072101003405,NLIC,42,4,50,890.00,"44,500.00"
2019-07-21,2019072101003404,NLIC,41,4,200,890.00,"178,000.00"
2019-07-21,2019072101003403,NLIC,8,4,100,890.00,"89,000.00"
2019-07-21,2019072101003402,NLIC,34,4,"1,414",891.00,"1,259,874.00"
2019-07-21,2019072101003401,NLIC,58,4,50,892.00,"44,600.00"
2019-07-21,2019072101003400,NLIC,56,4,100,892.00,"89,200.00"
2019-07-21,2019072101003196,NLICL,33,56,47,596.00,"28,012.00"
2019-07-21,2019072101003195,NLICL,38,56,20,596.00,"11,920.00"
2019-07-21,2019072101003194,NLICL,6,56,433,596.00,"258,068.00"
2019-07-21,2019072101002995,NLICL,6,56,67,596.00,"39,932.00"
2019-07-21,2019072101002994,NLICL,45,56,33,598.00,"19,734.00"
2019-07-21,2019072101003379,NMBMF,49,35,145,"1,010.00","146,450.00"
2019-07-21,2019072101003270,NTC,38,56,20,694.00,"13,880.00"
2019-07-21,2019072101003213,NUBL,49,41,50,862.00,"43,100.00"
2019-07-21,2019072101003085,OHL,57,55,65,605.00,"39,325.00"
2019-07-21,2019072101003084,OHL,50,55,200,605.00,"121,000.00"
2019-07-21,2019072101003083,OHL,45,55,10,610.00,"6,100.00"
2019-07-21,2019072101003448,PCBL,43,33,14,283.00,"3,962.00"
2019-07-21,2019072101003378,PCBL,17,42,200,282.00,"56,400.00"
2019-07-21,2019072101003328,PCBL,43,42,56,282.00,"15,792.00"
2019-07-21,2019072101003252,PCBL,17,42,250,282.00,"70,500.00"
2019-07-21,2019072101003235,PCBL,17,42,194,282.00,"54,708.00"
2019-07-21,2019072101003211,PCBL,17,42,250,282.00,"70,500.00"
2019-07-21,2019072101003199,PCBL,17,42,250,282.00,"70,500.00"
2019-07-21,2019072101003191,PCBL,39,42,50,282.00,"14,100.00"
2019-07-21,2019072101003055,PCBL,13,13,287,281.00,"80,647.00"
2019-07-21,2019072101003054,PCBL,51,13,13,281.00,"3,653.00"
2019-07-21,2019072101003033,PCBL,51,25,87,281.00,"24,447.00"
2019-07-21,2019072101003032,PCBL,21,25,13,281.00,"3,653.00"
2019-07-21,2019072101003206,PIC,41,10,100,492.00,"49,200.00"
2019-07-21,2019072101003062,PIC,1,21,10,491.00,"4,910.00"
2019-07-21,2019072101003036,PIC,1,47,11,491.00,"5,401.00"
2019-07-21,2019072101002999,PIC,13,47,11,492.00,"5,412.00"
2019-07-21,2019072101002993,PIC,13,47,12,492.00,"5,904.00"
2019-07-21,2019072101002989,PIC,13,47,12,492.00,"5,904.00"
2019-07-21,2019072101003276,PRVU,49,28,400,275.00,"110,000.00"
2019-07-21,2019072101003251,PRVU,32,49,800,275.00,"220,000.00"
2019-07-21,2019072101003250,PRVU,32,47,100,275.00,"27,500.00"
2019-07-21,2019072101003249,PRVU,32,58,800,275.00,"220,000.00"
2019-07-21,2019072101003232,PRVU,34,58,200,275.00,"55,000.00"
2019-07-21,2019072101003117,PRVU,32,41,140,275.00,"38,500.00"
2019-07-21,2019072101003001,PRVU,6,49,60,274.00,"16,440.00"
2019-07-21,2019072101003116,PRVU,32,43,500,275.00,"137,500.00"
2019-07-21,2019072101003115,PRVU,32,46,100,275.00,"27,500.00"
2019-07-21,2019072101003059,RADHI,52,17,11,143.00,"1,573.00"
2019-07-21,2019072101003231,RHPC,44,22,14,90.00,"1,260.00"
2019-07-21,2019072101002973,RRHP,44,34,10,105.00,"1,050.00"
2019-07-21,2019072101003424,SANIMA,17,6,250,355.00,"88,750.00"
2019-07-21,2019072101003383,SANIMA,17,6,250,355.00,"88,750.00"
2019-07-21,2019072101003362,SANIMA,14,6,"1,000",355.00,"355,000.00"
2019-07-21,2019072101003210,SANIMA,36,6,42,356.00,"14,952.00"
2019-07-21,2019072101003182,SANIMA,36,58,500,356.00,"178,000.00"
2019-07-21,2019072101003181,SANIMA,36,39,58,355.00,"20,590.00"
2019-07-21,2019072101003180,SANIMA,36,6,"1,400",355.00,"497,000.00"
2019-07-21,2019072101003173,SANIMA,17,6,250,355.00,"88,750.00"
2019-07-21,2019072101003148,SANIMA,17,6,250,355.00,"88,750.00"
2019-07-21,2019072101003080,SANIMA,53,59,70,354.00,"24,780.00"
2019-07-21,2019072101002997,SANIMA,53,56,53,354.00,"18,762.00"
2019-07-21,2019072101002990,SANIMA,45,6,100,355.00,"35,500.00"
2019-07-21,2019072101003423,SBI,28,6,210,472.00,"99,120.00"
2019-07-21,2019072101003356,SBL,41,59,162,325.00,"52,650.00"
2019-07-21,2019072101003349,SBL,58,59,100,325.00,"32,500.00"
2019-07-21,2019072101003147,SBL,17,8,76,323.00,"24,548.00"
2019-07-21,2019072101003146,SBL,45,8,100,323.00,"32,300.00"
2019-07-21,2019072101003145,SBL,51,8,223,323.00,"72,029.00"
2019-07-21,2019072101003144,SBL,35,8,101,323.00,"32,623.00"
2019-07-21,2019072101003016,SBL,51,49,27,323.00,"8,721.00"
2019-07-21,2019072101003015,SBL,47,49,23,326.00,"7,498.00"
2019-07-21,2019072101003150,SCB,46,13,10,675.00,"6,750.00"
2019-07-21,2019072101003149,SCB,46,45,20,675.00,"13,500.00"
2019-07-21,2019072101003123,SCB,36,48,900,674.00,"606,600.00"
2019-07-21,2019072101003122,SCB,36,10,100,673.00,"67,300.00"
2019-07-21,2019072101003082,SCB,56,48,100,674.00,"67,400.00"
2019-07-21,2019072101003081,SCB,56,6,50,673.00,"33,650.00"
2019-07-21,2019072101003049,SCB,58,48,94,672.00,"63,168.00"
2019-07-21,2019072101003358,SHIVM,42,38,200,627.00,"125,400.00"
2019-07-21,2019072101003339,SHIVM,42,38,200,627.00,"125,400.00"
2019-07-21,2019072101003204,SHIVM,42,38,300,627.00,"188,100.00"
2019-07-21,2019072101003109,SHIVM,16,34,200,626.00,"125,200.00"
2019-07-21,2019072101003034,SHIVM,42,38,300,627.00,"188,100.00"
2019-07-21,2019072101003029,SHIVM,32,52,500,625.00,"312,500.00"
2019-07-21,2019072101002996,SHIVM,32,33,50,625.00,"31,250.00"
2019-07-21,2019072101002963,SHIVM,1,52,408,626.00,"255,408.00"
2019-07-21,2019072101003193,SHL,41,22,100,232.00,"23,200.00"
2019-07-21,2019072101003447,SHPC,38,6,830,250.00,"207,500.00"
2019-07-21,2019072101003446,SHPC,38,6,98,250.00,"24,500.00"
2019-07-21,2019072101003388,SHPC,1,6,250,249.00,"62,250.00"
2019-07-21,2019072101003384,SHPC,1,48,250,249.00,"62,250.00"
2019-07-21,2019072101002978,SIC,42,36,200,610.00,"122,000.00"
2019-07-21,2019072101003280,SICL,4,45,45,781.00,"35,145.00"
2019-07-21,2019072101003004,SICL,34,56,70,780.00,"54,600.00"
2019-07-21,2019072101003003,SICL,34,56,140,780.00,"109,200.00"
2019-07-21,2019072101002961,SIL,43,57,100,470.00,"47,000.00"
2019-07-21,2019072101003437,SKBBL,4,54,25,980.00,"24,500.00"
2019-07-21,2019072101002998,SLBBL,58,49,100,467.00,"46,700.00"
2019-07-21,2019072101003321,SLBSL,11,40,10,552.00,"5,520.00"
2019-07-21,2019072101003233,SLBSL,11,39,10,552.00,"5,520.00"
2019-07-21,2019072101003189,SLBSL,11,22,10,552.00,"5,520.00"
2019-07-21,2019072101003017,SMATA,7,17,12,"1,126.00","13,512.00"
2019-07-21,2019072101003414,SMB,47,8,10,385.00,"3,850.00"
2019-07-21,2019072101003163,SMFBS,39,45,10,480.00,"4,800.00"
2019-07-21,2019072101003141,SMFBS,45,45,10,481.00,"4,810.00"
2019-07-21,2019072101003134,SMFBS,45,58,10,481.00,"4,810.00"
2019-07-21,2019072101003449,SPARS,25,40,10,422.00,"4,220.00"
2019-07-21,2019072101003433,SPARS,25,40,10,422.00,"4,220.00"
2019-07-21,2019072101003262,SPARS,25,39,10,422.00,"4,220.00"
2019-07-21,2019072101003103,SPARS,45,45,10,423.00,"4,230.00"
2019-07-21,2019072101003212,SRBL,49,22,100,252.00,"25,200.00"
2019-07-21,2019072101002991,SRBL,25,7,418,253.00,"105,754.00"
2019-07-21,2019072101002983,SRBL,49,7,750,252.00,"189,000.00"
2019-07-21,2019072101002982,SRBL,22,7,50,252.00,"12,600.00"
2019-07-21,2019072101003096,SWBBL,4,28,24,900.00,"21,600.00"
2019-07-21,2019072101003095,SWBBL,52,28,10,901.00,"9,010.00"
2019-07-21,2019072101003436,TRH,38,46,350,313.00,"109,550.00"
2019-07-21,2019072101003435,TRH,35,46,350,314.00,"109,900.00"
2019-07-21,2019072101003106,UIC,17,37,87,855.00,"74,385.00"
2019-07-21,2019072101003105,UIC,37,37,160,855.00,"136,800.00"
2019-07-21,2019072101003104,UIC,34,37,40,856.00,"34,240.00"
2019-07-21,2019072101003429,UPPER,32,54,40,279.00,"11,160.00"
2019-07-21,2019072101003412,UPPER,32,54,40,279.00,"11,160.00"
2019-07-21,2019072101003337,UPPER,32,35,"1,000",280.00,"280,000.00"
2019-07-21,2019072101003336,UPPER,32,44,40,280.00,"11,200.00"
2019-07-21,2019072101003335,UPPER,32,44,50,280.00,"14,000.00"
2019-07-21,2019072101003334,UPPER,32,44,10,280.00,"2,800.00"
2019-07-21,2019072101003111,UPPER,29,57,"2,000",280.00,"560,000.00"
2019-07-21,2019072101003110,UPPER,56,57,755,280.00,"211,400.00"
2019-07-21,2019072101003031,UPPER,56,17,40,280.00,"11,200.00"
2019-07-21,2019072101003014,UPPER,56,56,40,280.00,"11,200.00"
2019-07-21,2019072101003013,UPPER,38,38,3,280.00,840.00
2019-07-21,2019072101003011,UPPER,56,49,40,280.00,"11,200.00"
2019-07-21,2019072101003332,UPPER,32,38,23,279.00,"6,417.00"
2019-07-21,2019072101003197,UPPER,32,5,50,279.00,"13,950.00"
2019-07-21,2019072101003135,UPPER,32,38,40,279.00,"11,160.00"
2019-07-21,2019072101003114,UPPER,1,57,995,280.00,"278,600.00"
2019-07-21,2019072101003113,UPPER,51,57,350,280.00,"98,000.00"
2019-07-21,2019072101003112,UPPER,38,57,400,280.00,"112,000.00"
2019-07-21,2019072101002894,ADBL,8,5,120,413.00,"49,560.00"
2019-07-21,2019072101002809,ADBL,8,34,87,413.00,"35,931.00"
2019-07-21,2019072101002744,ADBL,58,42,100,414.00,"41,400.00"
2019-07-21,2019072101002695,ADBL,19,42,50,414.00,"20,700.00"
2019-07-21,2019072101002458,ADBL,32,5,100,414.00,"41,400.00"
2019-07-21,2019072101002817,AHPC,19,21,43,106.00,"4,558.00"
2019-07-21,2019072101002816,AHPC,38,21,100,106.00,"10,600.00"
2019-07-21,2019072101002815,AHPC,47,21,100,106.00,"10,600.00"
2019-07-21,2019072101002814,AHPC,45,21,20,106.00,"2,120.00"
2019-07-21,2019072101002813,AHPC,7,21,10,107.00,"1,070.00"
2019-07-21,2019072101002753,AKPL,39,39,13,177.00,"2,301.00"
2019-07-21,2019072101002710,AKPL,59,42,28,176.00,"4,928.00"
2019-07-21,2019072101002671,AKPL,59,40,13,176.00,"2,288.00"
2019-07-21,2019072101002614,AKPL,59,40,13,176.00,"2,288.00"
2019-07-21,2019072101002578,AKPL,59,21,21,176.00,"3,696.00"
2019-07-21,2019072101002868,ALBSL,19,17,10,392.00,"3,920.00"
2019-07-21,2019072101002928,ALICL,21,36,500,377.00,"188,500.00"
2019-07-21,2019072101002927,ALICL,41,36,30,377.00,"11,310.00"
2019-07-21,2019072101002926,ALICL,48,36,100,377.00,"37,700.00"
2019-07-21,2019072101002925,ALICL,14,36,145,377.00,"54,665.00"
2019-07-21,2019072101002924,ALICL,19,36,387,377.00,"145,899.00"
2019-07-21,2019072101002923,ALICL,34,36,434,378.00,"164,052.00"
2019-07-21,2019072101002792,ALICL,43,36,25,380.00,"9,500.00"
2019-07-21,2019072101002791,ALICL,43,36,77,380.00,"29,260.00"
2019-07-21,2019072101002790,ALICL,51,36,55,380.00,"20,900.00"
2019-07-21,2019072101002922,ALICL,35,36,10,379.00,"3,790.00"
2019-07-21,2019072101002851,ALICL,34,57,66,378.00,"24,948.00"
2019-07-21,2019072101002850,ALICL,50,57,120,378.00,"45,360.00"
2019-07-21,2019072101002849,ALICL,16,57,200,378.00,"75,600.00"
2019-07-21,2019072101002848,ALICL,52,57,20,378.00,"7,560.00"
2019-07-21,2019072101002847,ALICL,42,57,134,378.00,"50,652.00"
2019-07-21,2019072101002913,API,35,22,513,139.00,"71,307.00"
2019-07-21,2019072101002912,API,38,22,163,140.00,"22,820.00"
2019-07-21,2019072101002911,API,25,22,323,140.00,"45,220.00"
2019-07-21,2019072101002646,API,25,34,"1,742",142.00,"247,364.00"
2019-07-21,2019072101002620,API,25,40,14,140.00,"1,960.00"
2019-07-21,2019072101002457,API,25,58,431,140.00,"60,340.00"
2019-07-21,2019072101002761,API,25,42,"2,445",140.00,"342,300.00"
2019-07-21,2019072101002760,API,25,42,500,140.00,"70,000.00"
2019-07-21,2019072101002759,API,25,42,55,140.00,"7,700.00"
2019-07-21,2019072101002736,API,25,32,972,141.00,"137,052.00"
2019-07-21,2019072101002676,API,25,40,14,141.00,"1,974.00"
2019-07-21,2019072101002659,API,25,40,14,141.00,"1,974.00"
2019-07-21,2019072101002825,API,25,40,14,140.00,"1,960.00"
2019-07-21,2019072101002818,API,25,42,163,140.00,"22,820.00"
2019-07-21,2019072101002811,API,35,40,14,139.00,"1,946.00"
2019-07-21,2019072101002771,API,25,42,"2,582",140.00,"361,480.00"
2019-07-21,2019072101002770,API,43,42,200,140.00,"28,000.00"
2019-07-21,2019072101002769,API,25,42,55,140.00,"7,700.00"
2019-07-21,2019072101002854,BOKL,57,11,180,263.00,"47,340.00"
2019-07-21,2019072101002853,BOKL,52,11,500,263.00,"131,500.00"
2019-07-21,2019072101002538,BOKL,21,21,22,263.00,"5,786.00"
2019-07-21,2019072101002828,BPCL,59,13,10,405.00,"4,050.00"
2019-07-21,2019072101002653,BPCL,59,45,11,405.00,"4,455.00"
2019-07-21,2019072101002650,BPCL,59,45,11,405.00,"4,455.00"
2019-07-21,2019072101002638,BPCL,59,45,11,405.00,"4,455.00"
2019-07-21,2019072101002624,BPCL,59,45,44,405.00,"17,820.00"
2019-07-21,2019072101002766,CBBL,49,6,100,975.00,"97,500.00"
2019-07-21,2019072101002573,CBBL,4,48,500,974.00,"487,000.00"
2019-07-21,2019072101002565,CBBL,4,48,500,974.00,"487,000.00"
2019-07-21,2019072101002910,CBL,56,40,160,161.00,"25,760.00"
2019-07-21,2019072101002909,CBL,57,40,200,161.00,"32,200.00"
2019-07-21,2019072101002908,CBL,41,40,300,161.00,"48,300.00"
2019-07-21,2019072101002907,CBL,45,40,340,161.00,"54,740.00"
2019-07-21,2019072101002897,CBL,45,46,"1,000",161.00,"161,000.00"
2019-07-21,2019072101002866,CBL,45,51,90,161.00,"14,490.00"
2019-07-21,2019072101002608,CBL,41,28,500,161.00,"80,500.00"
2019-07-21,2019072101002572,CBL,41,28,300,161.00,"48,300.00"
2019-07-21,2019072101002474,CBL,55,28,"1,000",161.00,"161,000.00"
2019-07-21,2019072101002465,CBL,33,26,150,160.00,"24,000.00"
2019-07-21,2019072101002715,CBL,33,28,500,161.00,"80,500.00"
2019-07-21,2019072101002683,CBL,33,28,20,161.00,"3,220.00"
2019-07-21,2019072101002672,CBL,1,28,500,161.00,"80,500.00"
2019-07-21,2019072101002670,CBL,53,28,500,161.00,"80,500.00"
2019-07-21,2019072101002647,CBL,17,28,100,161.00,"16,100.00"
2019-07-21,2019072101002643,CBL,33,28,20,161.00,"3,220.00"
2019-07-21,2019072101002823,CBL,45,21,270,161.00,"43,470.00"
2019-07-21,2019072101002795,CBL,45,52,300,161.00,"48,300.00"
2019-07-21,2019072101002779,CBL,45,17,"2,000",161.00,"322,000.00"
2019-07-21,2019072101002735,CBL,44,29,150,161.00,"24,150.00"
2019-07-21,2019072101002734,CBL,44,58,"1,000",161.00,"161,000.00"
2019-07-21,2019072101002733,CBL,44,28,"7,790",161.00,"1,254,190.00"
2019-07-21,2019072101002610,CCBL,32,42,100,177.00,"17,700.00"
2019-07-21,2019072101002516,CCBL,32,41,946,177.00,"167,442.00"
2019-07-21,2019072101002515,CCBL,1,41,"1,000",177.00,"177,000.00"
2019-07-21,2019072101002514,CCBL,57,41,100,177.00,"17,700.00"
2019-07-21,2019072101002513,CCBL,59,41,200,177.00,"35,400.00"
2019-07-21,2019072101002512,CCBL,35,41,500,177.00,"88,500.00"
2019-07-21,2019072101002511,CCBL,1,41,"1,000",177.00,"177,000.00"
2019-07-21,2019072101002510,CCBL,47,41,175,177.00,"30,975.00"
2019-07-21,2019072101002509,CCBL,20,41,96,177.00,"16,992.00"
2019-07-21,2019072101002508,CCBL,38,41,"1,000",178.00,"178,000.00"
2019-07-21,2019072101002507,CCBL,22,41,20,178.00,"3,560.00"
2019-07-21,2019072101002506,CCBL,57,41,18,178.00,"3,204.00"
2019-07-21,2019072101002609,CCBLPO,1,25,"15,863",136.00,"2,157,368.00"
2019-07-21,2019072101002521,CEFL,4,58,"1,930",105.00,"202,650.00"
2019-07-21,2019072101002694,CHCL,28,25,200,518.00,"103,600.00"
2019-07-21,2019072101002501,CHCL,28,44,145,517.00,"74,965.00"
2019-07-21,2019072101002942,CHL,1,34,10,88.00,880.00
2019-07-21,2019072101002861,CIT,44,53,25,"2,452.00","61,300.00"
2019-07-21,2019072101002622,CIT,49,53,25,"2,452.00","61,300.00"
2019-07-21,2019072101002621,CIT,46,53,40,"2,452.00","98,080.00"
2019-07-21,2019072101002545,CLBSL,38,38,1,500.00,500.00
2019-07-21,2019072101002542,CLBSL,38,38,1,500.00,500.00
2019-07-21,2019072101002535,CLBSL,38,38,1,500.00,500.00
2019-07-21,2019072101002523,CLBSL,38,38,1,500.00,500.00
2019-07-21,2019072101002518,CLBSL,38,38,1,500.00,500.00
2019-07-21,2019072101002500,CLBSL,38,38,1,500.00,500.00
2019-07-21,2019072101002467,CLBSL,38,38,1,500.00,500.00
2019-07-21,2019072101002498,CLBSL,38,38,1,500.00,500.00
2019-07-21,2019072101002494,CLBSL,38,38,1,500.00,500.00
2019-07-21,2019072101002492,CLBSL,38,38,1,500.00,500.00
2019-07-21,2019072101002488,CLBSL,38,38,1,500.00,500.00
2019-07-21,2019072101002484,CLBSL,38,38,1,500.00,500.00
2019-07-21,2019072101002472,CLBSL,38,38,1,500.00,500.00
2019-07-21,2019072101002905,CZBIL,59,54,188,226.00,"42,488.00"
2019-07-21,2019072101002904,CZBIL,45,54,262,226.00,"59,212.00"
2019-07-21,2019072101002841,CZBIL,45,21,238,226.00,"53,788.00"
2019-07-21,2019072101002840,CZBIL,45,21,37,226.00,"8,362.00"
2019-07-21,2019072101002839,CZBIL,57,21,30,227.00,"6,810.00"
2019-07-21,2019072101002837,CZBIL,10,10,2,223.00,446.00
2019-07-21,2019072101002750,CZBIL,45,3,10,226.00,"2,260.00"
2019-07-21,2019072101002668,CZBIL,45,10,12,226.00,"2,712.00"
2019-07-21,2019072101002619,CZBIL,45,42,100,226.00,"22,600.00"
2019-07-21,2019072101002574,CZBIL,10,17,2,227.00,454.00
2019-07-21,2019072101002566,CZBIL,10,10,1,227.00,227.00
