Date,Transact. No.,Symbol,Buyer,Seller,Quantity,Rate,Amount
2019-11-14,2019111401004159,ADBL,39,34,50,417.00,"20,850.00"
2019-11-14,2019111401004158,ADBL,39,50,103,417.00,"42,951.00"
2019-11-14,2019111401004157,ADBL,39,14,299,417.00,"124,683.00"
2019-11-14,2019111401004136,ADBL,39,52,221,416.00,"91,936.00"
2019-11-14,2019111401004034,ADBL,39,4,50,416.00,"20,800.00"
2019-11-14,2019111401004135,AKBSL,43,7,10,440.00,"4,400.00"
2019-11-14,2019111401004120,AKBSL,43,7,10,440.00,"4,400.00"
2019-11-14,2019111401004064,AKBSL,43,7,10,440.00,"4,400.00"
2019-11-14,2019111401004199,AKJCL,26,6,10,54.00,540.00
2019-11-14,2019111401004198,AKJCL,51,6,10,54.00,540.00
2019-11-14,2019111401004063,AKJCL,51,6,10,55.00,550.00
2019-11-14,2019111401004341,AKPL,37,41,224,129.00,"28,896.00"
2019-11-14,2019111401004471,ALBSL,1,11,30,409.00,"12,270.00"
2019-11-14,2019111401004470,ALBSL,1,45,20,405.00,"8,100.00"
2019-11-14,2019111401004469,ALBSL,1,32,50,405.00,"20,250.00"
2019-11-14,2019111401004302,ALBSL,22,6,20,404.00,"8,080.00"
2019-11-14,2019111401004020,ALBSL,40,29,10,401.00,"4,010.00"
2019-11-14,2019111401004311,ALICL,19,58,84,318.00,"26,712.00"
2019-11-14,2019111401004221,ALICL,19,34,136,318.00,"43,248.00"
2019-11-14,2019111401004220,ALICL,19,51,100,318.00,"31,800.00"
2019-11-14,2019111401004219,ALICL,19,5,180,318.00,"57,240.00"
2019-11-14,2019111401004030,ALICL,40,22,10,316.00,"3,160.00"
2019-11-14,2019111401004380,API,25,51,20,105.00,"2,100.00"
2019-11-14,2019111401004036,API,38,22,30,104.00,"3,120.00"
2019-11-14,2019111401004339,BOKL,8,35,100,225.00,"22,500.00"
2019-11-14,2019111401004227,BOKL,44,41,455,224.00,"101,920.00"
2019-11-14,2019111401004138,BOKL,8,39,100,224.00,"22,400.00"
2019-11-14,2019111401004404,BPCL,43,19,267,357.00,"95,319.00"
2019-11-14,2019111401004403,BPCL,43,28,33,356.00,"11,748.00"
2019-11-14,2019111401004326,BPCL,22,19,241,357.00,"86,037.00"
2019-11-14,2019111401004294,BPCL,43,19,200,357.00,"71,400.00"
2019-11-14,2019111401004164,BPCL,48,19,47,357.00,"16,779.00"
2019-11-14,2019111401004163,BPCL,48,50,113,356.00,"40,228.00"
2019-11-14,2019111401004097,BPCL,25,50,10,356.00,"3,560.00"
2019-11-14,2019111401004096,BPCL,57,50,10,356.00,"3,560.00"
2019-11-14,2019111401004095,BPCL,33,50,267,356.00,"95,052.00"
2019-11-14,2019111401004255,CBBL,28,32,100,975.00,"97,500.00"
2019-11-14,2019111401004409,CBL,41,6,300,140.00,"42,000.00"
2019-11-14,2019111401004094,CBL,51,46,21,139.00,"2,919.00"
2019-11-14,2019111401004093,CBL,13,46,139,139.00,"19,321.00"
2019-11-14,2019111401004055,CCBL,4,34,421,155.00,"65,255.00"
2019-11-14,2019111401004456,CHCL,17,54,50,372.00,"18,600.00"
2019-11-14,2019111401004310,CIT,40,53,50,"1,758.00","87,900.00"
2019-11-14,2019111401004059,CIT,26,22,85,"1,755.00","149,175.00"
2019-11-14,2019111401004041,CIT,26,22,10,"1,755.00","17,550.00"
2019-11-14,2019111401004398,CLBSL,7,17,20,464.00,"9,280.00"
2019-11-14,2019111401004383,CMF1,43,22,"6,000",8.91,"53,460.00"
2019-11-14,2019111401004324,CZBIL,17,45,100,187.00,"18,700.00"
2019-11-14,2019111401004293,CZBIL,40,44,53,189.00,"10,017.00"
2019-11-14,2019111401004292,CZBIL,40,41,10,188.00,"1,880.00"
2019-11-14,2019111401004291,CZBIL,40,41,10,188.00,"1,880.00"
2019-11-14,2019111401004290,CZBIL,40,41,10,188.00,"1,880.00"
2019-11-14,2019111401004289,CZBIL,40,52,417,188.00,"78,396.00"
2019-11-14,2019111401004224,DDBL,44,6,92,736.00,"67,712.00"
2019-11-14,2019111401004223,DDBL,16,6,35,736.00,"25,760.00"
2019-11-14,2019111401004374,DHPL,11,29,90,52.00,"4,680.00"
2019-11-14,2019111401004373,DHPL,48,29,80,52.00,"4,160.00"
2019-11-14,2019111401004372,DHPL,36,29,100,52.00,"5,200.00"
2019-11-14,2019111401004371,DHPL,51,29,60,53.00,"3,180.00"
2019-11-14,2019111401004370,DHPL,22,29,10,53.00,530.00
2019-11-14,2019111401004369,DHPL,43,29,40,53.00,"2,120.00"
2019-11-14,2019111401004386,EBL,26,42,200,555.00,"111,000.00"
2019-11-14,2019111401004385,EBL,26,44,200,555.00,"111,000.00"
2019-11-14,2019111401004271,EIC,14,48,69,215.00,"14,835.00"
2019-11-14,2019111401004270,EIC,13,48,100,215.00,"21,500.00"
2019-11-14,2019111401004269,EIC,58,48,90,215.00,"19,350.00"
2019-11-14,2019111401004268,EIC,57,48,200,216.00,"43,200.00"
2019-11-14,2019111401004043,EIC,58,22,10,215.00,"2,150.00"
2019-11-14,2019111401004333,FOWAD,32,13,39,"1,330.00","51,870.00"
2019-11-14,2019111401004355,GBBL,48,35,100,219.00,"21,900.00"
2019-11-14,2019111401004354,GBBL,49,35,180,219.00,"39,420.00"
2019-11-14,2019111401004117,GBBL,49,48,500,219.00,"109,500.00"
2019-11-14,2019111401004116,GBBL,57,48,100,220.00,"22,000.00"
2019-11-14,2019111401004349,GBLBS,11,38,10,308.00,"3,080.00"
2019-11-14,2019111401004154,GBLBS,33,17,15,307.00,"4,605.00"
2019-11-14,2019111401004153,GBLBS,33,6,310,307.00,"95,170.00"
2019-11-14,2019111401004337,GILB,36,8,20,733.00,"14,660.00"
2019-11-14,2019111401004042,GILB,36,4,11,733.00,"8,063.00"
2019-11-14,2019111401004402,GLBSL,6,8,10,420.00,"4,200.00"
2019-11-14,2019111401004397,GLBSL,6,21,10,415.00,"4,150.00"
2019-11-14,2019111401004177,GLBSL,6,19,250,413.00,"103,250.00"
2019-11-14,2019111401004178,GLICL,39,49,50,360.00,"18,000.00"
2019-11-14,2019111401004367,HBL,58,50,200,484.00,"96,800.00"
2019-11-14,2019111401004366,HBL,52,50,10,484.00,"4,840.00"
2019-11-14,2019111401004365,HBL,5,50,22,484.00,"10,648.00"
2019-11-14,2019111401004364,HBL,59,50,28,484.00,"13,552.00"
2019-11-14,2019111401004084,HBL,35,50,60,485.00,"29,100.00"
2019-11-14,2019111401004496,HDL,58,35,10,"1,799.00","17,990.00"
2019-11-14,2019111401004495,HDL,58,22,10,"1,795.00","17,950.00"
2019-11-14,2019111401004455,HDL,10,26,35,"1,794.00","62,790.00"
2019-11-14,2019111401004448,HDL,51,39,10,"1,790.00","17,900.00"
2019-11-14,2019111401004053,HDL,35,22,10,"1,793.00","17,930.00"
2019-11-14,2019111401004308,HGI,47,56,20,262.00,"5,240.00"
2019-11-14,2019111401004058,HGI,59,22,20,258.00,"5,160.00"
2019-11-14,2019111401004484,HIDCL,43,8,100,131.00,"13,100.00"
2019-11-14,2019111401004413,HURJA,37,28,20,100.00,"2,000.00"
2019-11-14,2019111401004412,HURJA,37,10,580,100.00,"58,000.00"
2019-11-14,2019111401004205,HURJA,21,10,550,100.00,"55,000.00"
2019-11-14,2019111401004204,HURJA,57,10,200,100.00,"20,000.00"
2019-11-14,2019111401004203,HURJA,6,10,170,100.00,"17,000.00"
2019-11-14,2019111401004202,HURJA,45,10,50,100.00,"5,000.00"
2019-11-14,2019111401004201,HURJA,37,10,30,100.00,"3,000.00"
2019-11-14,2019111401004200,HURJA,41,10,200,101.00,"20,200.00"
2019-11-14,2019111401004415,ICFC,35,25,139,162.00,"22,518.00"
2019-11-14,2019111401004414,ICFC,7,25,61,162.00,"9,882.00"
2019-11-14,2019111401004210,ICFC,7,47,439,162.00,"71,118.00"
2019-11-14,2019111401004209,ICFC,35,47,50,163.00,"8,150.00"
2019-11-14,2019111401004208,ICFC,32,47,511,163.00,"83,293.00"
2019-11-14,2019111401004171,ICFC,1,45,57,164.00,"9,348.00"
2019-11-14,2019111401004170,ICFC,1,22,43,164.00,"7,052.00"
2019-11-14,2019111401004358,ILBS,11,6,10,466.00,"4,660.00"
2019-11-14,2019111401004288,ILBS,55,11,10,467.00,"4,670.00"
2019-11-14,2019111401004184,JBBL,49,36,111,155.00,"17,205.00"
2019-11-14,2019111401004418,JFL,6,42,100,193.00,"19,300.00"
2019-11-14,2019111401004141,JOSHI,33,6,20,53.00,"1,060.00"
2019-11-14,2019111401004510,KBL,58,47,10,180.00,"1,800.00"
2019-11-14,2019111401004509,KBL,58,52,100,179.00,"17,900.00"
2019-11-14,2019111401004357,KBL,18,44,210,178.00,"37,380.00"
2019-11-14,2019111401004127,KBL,26,44,30,179.00,"5,370.00"
2019-11-14,2019111401004319,KRBL,52,13,200,100.00,"20,000.00"
2019-11-14,2019111401004060,KSBBL,33,35,121,137.00,"16,577.00"
2019-11-14,2019111401004299,LBBL,8,4,936,170.00,"159,120.00"
2019-11-14,2019111401004298,LBBL,58,4,64,170.00,"10,880.00"
2019-11-14,2019111401004175,LBBL,58,54,136,170.00,"23,120.00"
2019-11-14,2019111401004174,LBBL,44,54,500,170.00,"85,000.00"
2019-11-14,2019111401004173,LBBL,22,54,364,170.00,"61,880.00"
2019-11-14,2019111401004516,LBL,35,40,33,217.00,"7,161.00"
2019-11-14,2019111401004515,LBL,35,40,30,217.00,"6,510.00"
2019-11-14,2019111401004514,LBL,10,40,100,217.00,"21,700.00"
2019-11-14,2019111401004513,LBL,33,40,100,217.00,"21,700.00"
2019-11-14,2019111401004512,LBL,33,40,100,217.00,"21,700.00"
2019-11-14,2019111401004511,LBL,29,40,137,217.00,"29,729.00"
2019-11-14,2019111401004111,LBL,52,37,312,218.00,"68,016.00"
2019-11-14,2019111401004112,LBL,52,25,188,218.00,"40,984.00"
2019-11-14,2019111401004169,LEMF,51,4,500,6.90,"3,450.00"
2019-11-14,2019111401004222,LGIL,53,22,300,317.00,"95,100.00"
2019-11-14,2019111401004306,LICN,22,13,40,978.00,"39,120.00"
2019-11-14,2019111401004125,MEGA,28,51,50,184.00,"9,200.00"
2019-11-14,2019111401004065,MEGA,14,8,500,183.00,"91,500.00"
2019-11-14,2019111401004025,MEGA,14,8,150,183.00,"27,450.00"
2019-11-14,2019111401004024,MEGA,59,8,500,183.00,"91,500.00"
2019-11-14,2019111401004023,MEGA,28,8,"1,000",183.00,"183,000.00"
2019-11-14,2019111401004126,MEGA,28,42,114,184.00,"20,976.00"
2019-11-14,2019111401004407,MEGA,43,59,10,185.00,"1,850.00"
2019-11-14,2019111401004346,MEGA,28,18,200,184.00,"36,800.00"
2019-11-14,2019111401004212,MEGA,11,59,11,185.00,"2,035.00"
2019-11-14,2019111401004401,MERO,11,42,13,429.00,"5,577.00"
2019-11-14,2019111401004400,MERO,11,16,20,428.00,"8,560.00"
2019-11-14,2019111401004033,MERO,39,42,20,429.00,"8,580.00"
2019-11-14,2019111401004350,MHNL,13,59,300,78.00,"23,400.00"
2019-11-14,2019111401004092,MHNL,38,59,100,77.00,"7,700.00"
2019-11-14,2019111401004091,MHNL,40,59,500,77.00,"38,500.00"
2019-11-14,2019111401004090,MHNL,1,59,100,77.00,"7,700.00"
2019-11-14,2019111401004089,MHNL,40,59,30,77.00,"2,310.00"
2019-11-14,2019111401004088,MHNL,49,59,100,78.00,"7,800.00"
2019-11-14,2019111401004303,MLBBL,34,39,63,439.00,"27,657.00"
2019-11-14,2019111401004347,MNBBL,35,41,500,317.00,"158,500.00"
2019-11-14,2019111401004145,MNBBL,16,41,200,317.00,"63,400.00"
2019-11-14,2019111401004411,NABIL,34,43,41,749.00,"30,709.00"
2019-11-14,2019111401004329,NABIL,55,43,50,749.00,"37,450.00"
2019-11-14,2019111401004328,NABIL,52,43,50,749.00,"37,450.00"
2019-11-14,2019111401004327,NABIL,42,43,39,749.00,"29,211.00"
2019-11-14,2019111401004148,NABIL,42,40,11,749.00,"8,239.00"
2019-11-14,2019111401004147,NABIL,33,40,39,749.00,"29,211.00"
2019-11-14,2019111401004144,NABIL,33,44,46,749.00,"34,454.00"
2019-11-14,2019111401004038,NABIL,57,58,100,750.00,"75,000.00"
2019-11-14,2019111401004276,NADEP,44,35,40,406.00,"16,240.00"
2019-11-14,2019111401004275,NADEP,44,49,64,406.00,"25,984.00"
2019-11-14,2019111401004274,NADEP,44,39,10,406.00,"4,060.00"
2019-11-14,2019111401004273,NADEP,44,39,10,404.00,"4,040.00"
2019-11-14,2019111401004272,NADEP,44,42,50,403.00,"20,150.00"
2019-11-14,2019111401004423,NBB,58,43,10,205.00,"2,050.00"
2019-11-14,2019111401004422,NBB,58,44,158,203.00,"32,074.00"
2019-11-14,2019111401004381,NBB,26,44,342,203.00,"69,426.00"
2019-11-14,2019111401004368,NBB,58,43,10,205.00,"2,050.00"
2019-11-14,2019111401004323,NBB,26,6,158,203.00,"32,074.00"
2019-11-14,2019111401004266,NBB,22,6,230,202.00,"46,460.00"
2019-11-14,2019111401004046,NBB,13,44,100,202.00,"20,200.00"
2019-11-14,2019111401004045,NBB,32,44,"1,000",202.00,"202,000.00"
2019-11-14,2019111401004044,NBB,17,44,"2,081",202.00,"420,362.00"
2019-11-14,2019111401004029,NBB,17,6,242,202.00,"48,884.00"
2019-11-14,2019111401004123,NBB,34,44,119,202.00,"24,038.00"
2019-11-14,2019111401004119,NBB,1,42,100,201.00,"20,100.00"
2019-11-14,2019111401004118,NBB,43,42,50,201.00,"10,050.00"
2019-11-14,2019111401004049,NBB,49,44,100,202.00,"20,200.00"
2019-11-14,2019111401004048,NBB,44,44,300,202.00,"60,600.00"
2019-11-14,2019111401004047,NBB,58,44,300,202.00,"60,600.00"
2019-11-14,2019111401004518,NBL,1,46,87,310.00,"26,970.00"
2019-11-14,2019111401004517,NBL,34,46,13,310.00,"4,030.00"
2019-11-14,2019111401004504,NBL,34,58,87,310.00,"26,970.00"
2019-11-14,2019111401004503,NBL,43,58,13,310.00,"4,030.00"
2019-11-14,2019111401004493,NBL,6,45,50,312.00,"15,600.00"
2019-11-14,2019111401004492,NBL,6,47,100,311.00,"31,100.00"
2019-11-14,2019111401004420,NBL,43,43,10,312.00,"3,120.00"
2019-11-14,2019111401004301,NBL,58,4,"1,000",311.00,"311,000.00"
2019-11-14,2019111401004189,NBL,43,47,200,310.00,"62,000.00"
2019-11-14,2019111401004179,NBL,43,14,300,310.00,"93,000.00"
2019-11-14,2019111401004032,NBL,45,51,100,311.00,"31,100.00"
2019-11-14,2019111401004031,NBL,45,29,500,311.00,"155,500.00"
2019-11-14,2019111401004491,NBL,6,52,450,311.00,"139,950.00"
2019-11-14,2019111401004466,NBL,56,52,50,311.00,"15,550.00"
2019-11-14,2019111401004454,NBL,58,45,500,312.00,"156,000.00"
2019-11-14,2019111401004432,NBL,58,45,10,312.00,"3,120.00"
2019-11-14,2019111401004431,NBL,58,14,500,312.00,"156,000.00"
2019-11-14,2019111401004430,NBL,58,43,490,312.00,"152,880.00"
2019-11-14,2019111401004384,NCCB,4,11,385,202.00,"77,770.00"
2019-11-14,2019111401004351,NCCB,1,11,"1,000",202.00,"202,000.00"
2019-11-14,2019111401004312,NCCB,33,34,737,203.00,"149,611.00"
2019-11-14,2019111401004218,NCCB,33,34,"1,263",203.00,"256,389.00"
2019-11-14,2019111401004057,NCCB,57,36,"1,000",203.00,"203,000.00"
2019-11-14,2019111401004056,NCCB,38,36,300,203.00,"60,900.00"
2019-11-14,2019111401004405,NEF,7,29,966,7.55,"7,293.30"
2019-11-14,2019111401004237,NHPC,42,42,500,51.00,"25,500.00"
2019-11-14,2019111401004236,NHPC,39,42,"1,000",51.00,"51,000.00"
2019-11-14,2019111401004235,NHPC,57,42,100,51.00,"5,100.00"
2019-11-14,2019111401004234,NHPC,7,42,500,51.00,"25,500.00"
2019-11-14,2019111401004233,NHPC,37,42,"3,000",51.00,"153,000.00"
2019-11-14,2019111401004232,NHPC,48,42,500,51.00,"25,500.00"
2019-11-14,2019111401004231,NHPC,48,42,"1,000",51.00,"51,000.00"
2019-11-14,2019111401004230,NHPC,46,42,500,52.00,"26,000.00"
2019-11-14,2019111401004229,NHPC,38,42,100,52.00,"5,200.00"
2019-11-14,2019111401004508,NIB,35,45,300,435.00,"130,500.00"
2019-11-14,2019111401004481,NIB,26,37,200,435.00,"87,000.00"
2019-11-14,2019111401004480,NIB,28,37,50,435.00,"21,750.00"
2019-11-14,2019111401004479,NIB,33,37,150,435.00,"65,250.00"
2019-11-14,2019111401004478,NIB,51,37,12,435.00,"5,220.00"
2019-11-14,2019111401004477,NIB,58,37,40,435.00,"17,400.00"
2019-11-14,2019111401004022,NIB,44,37,56,437.00,"24,472.00"
2019-11-14,2019111401004021,NIB,44,3,44,437.00,"19,228.00"
2019-11-14,2019111401004459,NIB,56,14,52,436.00,"22,672.00"
2019-11-14,2019111401004191,NIB,56,45,90,436.00,"39,240.00"
2019-11-14,2019111401004168,NIB,56,8,58,436.00,"25,288.00"
2019-11-14,2019111401004167,NIB,3,8,30,436.00,"13,080.00"
2019-11-14,2019111401004061,NIB,16,8,12,436.00,"5,232.00"
2019-11-14,2019111401004363,NIBLPF,7,25,"2,020",6.90,"13,938.00"
2019-11-14,2019111401004362,NIBLPF,7,25,"1,010",6.90,"6,969.00"
2019-11-14,2019111401004499,NIBPO,25,19,200,400.00,"80,000.00"
2019-11-14,2019111401004498,NIBPO,25,49,"1,320",400.00,"528,000.00"
2019-11-14,2019111401004497,NIBPO,25,36,200,399.00,"79,800.00"
2019-11-14,2019111401004486,NIBPO,13,36,300,399.00,"119,700.00"
2019-11-14,2019111401004485,NIBPO,42,36,200,399.00,"79,800.00"
2019-11-14,2019111401004115,NIBPO,14,36,100,399.00,"39,900.00"
2019-11-14,2019111401004114,NIBPO,14,36,200,399.00,"79,800.00"
2019-11-14,2019111401004113,NIBPO,6,36,130,399.00,"51,870.00"
2019-11-14,2019111401004460,NICA,38,55,600,406.00,"243,600.00"
2019-11-14,2019111401004345,NICA,36,55,74,406.00,"30,044.00"
2019-11-14,2019111401004344,NICA,36,25,100,406.00,"40,600.00"
2019-11-14,2019111401004343,NICA,36,19,26,406.00,"10,556.00"
2019-11-14,2019111401004342,NICA,36,25,100,406.00,"40,600.00"
2019-11-14,2019111401004331,NICA,44,34,187,405.00,"75,735.00"
2019-11-14,2019111401004070,NICA,38,8,"1,000",405.00,"405,000.00"
2019-11-14,2019111401004069,NICA,38,57,100,405.00,"40,500.00"
2019-11-14,2019111401004068,NICA,38,46,200,405.00,"81,000.00"
2019-11-14,2019111401004067,NICA,38,45,500,405.00,"202,500.00"
2019-11-14,2019111401004066,NICA,38,25,100,405.00,"40,500.00"
2019-11-14,2019111401004076,NICA,38,26,70,405.00,"28,350.00"
2019-11-14,2019111401004075,NICA,38,54,15,405.00,"6,075.00"
2019-11-14,2019111401004074,NICA,38,48,100,405.00,"40,500.00"
2019-11-14,2019111401004073,NICA,38,35,50,405.00,"20,250.00"
2019-11-14,2019111401004072,NICA,38,21,200,405.00,"81,000.00"
2019-11-14,2019111401004071,NICA,38,45,20,405.00,"8,100.00"
2019-11-14,2019111401004247,NICA,7,54,463,405.00,"187,515.00"
2019-11-14,2019111401004246,NICA,7,44,150,405.00,"60,750.00"
2019-11-14,2019111401004245,NICA,7,52,237,405.00,"95,985.00"
2019-11-14,2019111401004239,NICA,28,56,150,404.00,"60,600.00"
2019-11-14,2019111401004155,NICA,38,17,800,405.00,"324,000.00"
2019-11-14,2019111401004131,NICA,53,17,200,405.00,"81,000.00"
2019-11-14,2019111401004330,NICA,22,34,13,405.00,"5,265.00"
2019-11-14,2019111401004297,NICA,38,19,24,406.00,"9,744.00"
2019-11-14,2019111401004296,NICA,38,41,20,406.00,"8,120.00"
2019-11-14,2019111401004295,NICA,38,48,100,406.00,"40,600.00"
2019-11-14,2019111401004262,NICA,22,54,487,405.00,"197,235.00"
2019-11-14,2019111401004256,NICA,51,54,50,405.00,"20,250.00"
2019-11-14,2019111401004483,NICL,43,1,13,259.00,"3,367.00"
2019-11-14,2019111401004482,NICL,43,49,17,258.00,"4,386.00"
2019-11-14,2019111401004244,NICL,32,36,750,255.00,"191,250.00"
2019-11-14,2019111401004243,NICL,5,36,50,256.00,"12,800.00"
2019-11-14,2019111401004242,NICL,51,36,200,256.00,"51,200.00"
2019-11-14,2019111401004419,NIL,53,25,200,379.00,"75,800.00"
2019-11-14,2019111401004406,NIL,39,34,10,380.00,"3,800.00"
2019-11-14,2019111401004098,NIL,44,38,200,375.00,"75,000.00"
2019-11-14,2019111401004197,NLBBL,37,45,70,500.00,"35,000.00"
2019-11-14,2019111401004196,NLBBL,55,45,30,500.00,"15,000.00"
2019-11-14,2019111401004500,NLG,53,49,200,527.00,"105,400.00"
2019-11-14,2019111401004142,NLG,32,49,49,527.00,"25,823.00"
2019-11-14,2019111401004449,NLIC,34,40,10,798.00,"7,980.00"
2019-11-14,2019111401004396,NLIC,53,42,165,785.00,"129,525.00"
2019-11-14,2019111401004395,NLIC,38,42,10,786.00,"7,860.00"
2019-11-14,2019111401004394,NLIC,26,42,100,786.00,"78,600.00"
2019-11-14,2019111401004393,NLIC,26,42,78,787.00,"61,386.00"
2019-11-14,2019111401004192,NLIC,26,36,22,787.00,"17,314.00"
2019-11-14,2019111401004110,NLIC,41,19,270,789.00,"213,030.00"
2019-11-14,2019111401004109,NLIC,41,41,13,788.00,"10,244.00"
2019-11-14,2019111401004108,NLIC,41,17,96,788.00,"75,648.00"
2019-11-14,2019111401004107,NLIC,41,21,70,787.00,"55,090.00"
2019-11-14,2019111401004458,NLICL,36,7,190,422.00,"80,180.00"
2019-11-14,2019111401004457,NLICL,43,7,10,422.00,"4,220.00"
2019-11-14,2019111401004260,NLICL,36,36,244,419.00,"102,236.00"
2019-11-14,2019111401004259,NLICL,13,36,200,419.00,"83,800.00"
2019-11-14,2019111401004258,NLICL,43,36,100,419.00,"41,900.00"
2019-11-14,2019111401004165,NLICL,13,32,118,421.00,"49,678.00"
2019-11-14,2019111401004417,NMB,45,43,500,380.00,"190,000.00"
2019-11-14,2019111401004416,NMB,52,43,500,380.00,"190,000.00"
2019-11-14,2019111401004410,NMB,58,32,345,381.00,"131,445.00"
2019-11-14,2019111401004317,NMB,25,45,"1,000",380.00,"380,000.00"
2019-11-14,2019111401004316,NMB,25,22,160,380.00,"60,800.00"
2019-11-14,2019111401004315,NMB,25,44,100,380.00,"38,000.00"
2019-11-14,2019111401004139,NMB,57,53,29,380.00,"11,020.00"
2019-11-14,2019111401004133,NMB,39,53,200,380.00,"76,000.00"
2019-11-14,2019111401004124,NMB,57,53,"1,000",380.00,"380,000.00"
2019-11-14,2019111401004078,NMB,55,53,400,380.00,"152,000.00"
2019-11-14,2019111401004186,NMB,42,45,124,380.00,"47,120.00"
2019-11-14,2019111401004183,NMB,28,45,200,380.00,"76,000.00"
2019-11-14,2019111401004182,NMB,28,50,500,380.00,"190,000.00"
2019-11-14,2019111401004176,NMB,50,28,122,380.00,"46,360.00"
2019-11-14,2019111401004166,NMB,52,28,800,380.00,"304,000.00"
2019-11-14,2019111401004140,NMB,57,28,71,380.00,"26,980.00"
2019-11-14,2019111401004314,NMB,25,52,40,380.00,"15,200.00"
2019-11-14,2019111401004313,NMB,25,13,381,380.00,"144,780.00"
2019-11-14,2019111401004305,NMB,13,52,50,380.00,"19,000.00"
2019-11-14,2019111401004214,NMB,25,19,624,381.00,"237,744.00"
2019-11-14,2019111401004213,NMB,25,45,376,380.00,"142,880.00"
2019-11-14,2019111401004195,NMB,52,45,100,380.00,"38,000.00"
2019-11-14,2019111401004318,NMBHF1,7,22,"1,000",8.60,"8,600.00"
2019-11-14,2019111401004190,NMBMF,28,22,10,483.00,"4,830.00"
2019-11-14,2019111401004062,NMBMF,28,22,10,483.00,"4,830.00"
2019-11-14,2019111401004253,NMFBS,47,45,15,"1,700.00","25,500.00"
2019-11-14,2019111401004215,NMFBS,38,45,20,"1,700.00","34,000.00"
2019-11-14,2019111401004356,NNLB,42,55,40,463.00,"18,520.00"
2019-11-14,2019111401004336,NNLB,6,38,100,464.00,"46,400.00"
2019-11-14,2019111401004335,NNLB,44,38,50,464.00,"23,200.00"
2019-11-14,2019111401004334,NNLB,42,38,20,469.00,"9,380.00"
2019-11-14,2019111401004185,NNLB,44,40,10,464.00,"4,640.00"
2019-11-14,2019111401004450,OHL,38,57,130,440.00,"57,200.00"
2019-11-14,2019111401004284,OHL,38,13,70,440.00,"30,800.00"
2019-11-14,2019111401004283,OHL,7,13,100,440.00,"44,000.00"
2019-11-14,2019111401004282,OHL,51,13,30,442.00,"13,260.00"
2019-11-14,2019111401004392,PCBL,58,44,500,270.00,"135,000.00"
2019-11-14,2019111401004391,PCBL,58,17,381,270.00,"102,870.00"
2019-11-14,2019111401004390,PCBL,58,52,235,270.00,"63,450.00"
2019-11-14,2019111401004389,PCBL,58,25,200,270.00,"54,000.00"
2019-11-14,2019111401004379,PCBL,34,42,171,269.00,"45,999.00"
2019-11-14,2019111401004378,PCBL,34,39,232,269.00,"62,408.00"
2019-11-14,2019111401004027,PCBL,19,39,300,270.00,"81,000.00"
2019-11-14,2019111401004377,PCBL,53,39,168,269.00,"45,192.00"
2019-11-14,2019111401004376,PCBL,32,39,100,269.00,"26,900.00"
2019-11-14,2019111401004156,PCBL,57,52,100,270.00,"27,000.00"
2019-11-14,2019111401004083,PCBL,53,39,32,269.00,"8,608.00"
2019-11-14,2019111401004082,PCBL,57,39,468,269.00,"125,892.00"
2019-11-14,2019111401004028,PCBL,19,52,165,270.00,"44,550.00"
2019-11-14,2019111401004476,PFL,51,32,13,135.00,"1,755.00"
2019-11-14,2019111401004137,PIC,47,53,20,358.00,"7,160.00"
2019-11-14,2019111401004050,PIC,45,53,40,359.00,"14,360.00"
2019-11-14,2019111401004332,PRIN,53,44,200,311.00,"62,200.00"
2019-11-14,2019111401004207,PRIN,53,44,200,311.00,"62,200.00"
2019-11-14,2019111401004488,PRVU,39,34,100,227.00,"22,700.00"
2019-11-14,2019111401004426,PRVU,38,34,55,227.00,"12,485.00"
2019-11-14,2019111401004425,PRVU,38,52,245,227.00,"55,615.00"
2019-11-14,2019111401004106,PRVU,36,44,55,226.00,"12,430.00"
2019-11-14,2019111401004080,PRVU,36,44,37,226.00,"8,362.00"
2019-11-14,2019111401004052,PRVU,49,43,47,227.00,"10,669.00"
2019-11-14,2019111401004051,PRVU,49,42,453,227.00,"102,831.00"
2019-11-14,2019111401004359,PRVU,43,52,100,227.00,"22,700.00"
2019-11-14,2019111401004304,PRVU,1,52,55,227.00,"12,485.00"
2019-11-14,2019111401004248,PRVU,37,43,200,227.00,"45,400.00"
2019-11-14,2019111401004254,RBCL,11,13,20,"8,300.00","166,000.00"
2019-11-14,2019111401004226,RBCL,38,6,10,"8,320.00","83,200.00"
2019-11-14,2019111401004130,RBCL,11,37,50,"8,300.00","415,000.00"
2019-11-14,2019111401004353,RBCLPO,40,41,10,"7,400.00","74,000.00"
2019-11-14,2019111401004352,RBCLPO,40,41,10,"7,400.00","74,000.00"
2019-11-14,2019111401004264,RBCLPO,34,13,10,"7,302.00","73,020.00"
2019-11-14,2019111401004443,RHPL,32,59,700,169.00,"118,300.00"
2019-11-14,2019111401004442,RHPL,32,28,10,169.00,"1,690.00"
2019-11-14,2019111401004441,RHPL,32,7,10,169.00,"1,690.00"
2019-11-14,2019111401004440,RHPL,32,28,10,169.00,"1,690.00"
2019-11-14,2019111401004439,RHPL,32,14,"1,000",169.00,"169,000.00"
2019-11-14,2019111401004438,RHPL,32,39,40,169.00,"6,760.00"
2019-11-14,2019111401004387,RHPL,6,59,240,168.00,"40,320.00"
2019-11-14,2019111401004225,RHPL,11,17,10,169.00,"1,690.00"
2019-11-14,2019111401004146,RHPL,6,44,30,168.00,"5,040.00"
2019-11-14,2019111401004122,RHPL,6,44,30,168.00,"5,040.00"
2019-11-14,2019111401004079,RHPL,6,44,30,168.00,"5,040.00"
2019-11-14,2019111401004437,RHPL,32,43,10,169.00,"1,690.00"
2019-11-14,2019111401004436,RHPL,32,48,40,169.00,"6,760.00"
2019-11-14,2019111401004435,RHPL,32,59,300,169.00,"50,700.00"
2019-11-14,2019111401004434,RHPL,32,56,10,169.00,"1,690.00"
2019-11-14,2019111401004433,RHPL,32,17,180,169.00,"30,420.00"
2019-11-14,2019111401004388,RHPL,25,59,260,168.00,"43,680.00"
2019-11-14,2019111401004490,RMDC,39,40,50,600.00,"30,000.00"
2019-11-14,2019111401004489,RMDC,55,40,50,601.00,"30,050.00"
2019-11-14,2019111401004519,RSDC,17,16,63,326.00,"20,538.00"
2019-11-14,2019111401004453,RSDC,17,8,100,324.00,"32,400.00"
2019-11-14,2019111401004445,RSDC,17,1,100,324.00,"32,400.00"
2019-11-14,2019111401004286,RSDC,42,4,63,325.00,"20,475.00"
2019-11-14,2019111401004285,RSDC,42,26,257,325.00,"83,525.00"
2019-11-14,2019111401004261,RSDC,17,33,16,324.00,"5,184.00"
2019-11-14,2019111401004035,RSDC,8,6,50,323.00,"16,150.00"
2019-11-14,2019111401004121,RSDC,53,6,92,323.00,"29,716.00"
2019-11-14,2019111401004103,RSDC,17,8,221,322.00,"71,162.00"
2019-11-14,2019111401004102,RSDC,29,8,40,322.00,"12,880.00"
2019-11-14,2019111401004101,RSDC,34,8,100,322.00,"32,200.00"
2019-11-14,2019111401004100,RSDC,42,8,199,322.00,"64,078.00"
2019-11-14,2019111401004099,RSDC,17,8,35,322.00,"11,270.00"
2019-11-14,2019111401004487,SABSL,11,5,10,563.00,"5,630.00"
2019-11-14,2019111401004475,SABSL,28,5,10,563.00,"5,630.00"
2019-11-14,2019111401004468,SABSL,19,49,40,560.00,"22,400.00"
2019-11-14,2019111401004446,SABSL,19,7,10,560.00,"5,600.00"
2019-11-14,2019111401004429,SABSL,19,38,30,560.00,"16,800.00"
2019-11-14,2019111401004408,SABSL,28,7,10,557.00,"5,570.00"
2019-11-14,2019111401004279,SABSL,28,44,10,560.00,"5,600.00"
2019-11-14,2019111401004278,SABSL,28,38,10,559.00,"5,590.00"
2019-11-14,2019111401004277,SABSL,28,17,10,558.00,"5,580.00"
2019-11-14,2019111401004187,SABSL,28,7,10,557.00,"5,570.00"
2019-11-14,2019111401004181,SABSL,46,38,60,558.00,"33,480.00"
2019-11-14,2019111401004172,SABSL,46,7,10,558.00,"5,580.00"
2019-11-14,2019111401004360,SABSL,28,7,10,557.00,"5,570.00"
2019-11-14,2019111401004309,SABSL,28,4,10,557.00,"5,570.00"
2019-11-14,2019111401004300,SABSL,28,7,10,557.00,"5,570.00"
2019-11-14,2019111401004287,SABSL,28,4,10,557.00,"5,570.00"
2019-11-14,2019111401004281,SABSL,28,55,10,557.00,"5,570.00"
2019-11-14,2019111401004280,SABSL,28,44,10,560.00,"5,600.00"
2019-11-14,2019111401004320,SADBL,17,59,300,137.00,"41,100.00"
2019-11-14,2019111401004307,SADBL,17,8,300,137.00,"41,100.00"
2019-11-14,2019111401004257,SADBL,52,8,200,137.00,"27,400.00"
2019-11-14,2019111401004444,SANIMA,26,44,381,306.00,"116,586.00"
2019-11-14,2019111401004421,SANIMA,26,32,69,306.00,"21,114.00"
2019-11-14,2019111401004263,SANIMA,26,34,50,306.00,"15,300.00"
2019-11-14,2019111401004194,SANIMA,45,40,44,305.00,"13,420.00"
2019-11-14,2019111401004193,SANIMA,45,40,56,305.00,"17,080.00"
2019-11-14,2019111401004086,SANIMA,45,45,194,305.00,"59,170.00"
2019-11-14,2019111401004085,SANIMA,44,45,200,305.00,"61,000.00"
2019-11-14,2019111401004162,SAPDBL,35,43,31,121.00,"3,751.00"
2019-11-14,2019111401004161,SAPDBL,35,43,31,121.00,"3,751.00"
2019-11-14,2019111401004348,SBI,33,16,87,402.00,"34,974.00"
2019-11-14,2019111401004251,SBL,4,19,600,289.00,"173,400.00"
2019-11-14,2019111401004250,SBL,4,39,200,289.00,"57,800.00"
2019-11-14,2019111401004228,SBL,26,39,500,289.00,"144,500.00"
2019-11-14,2019111401004211,SBL,44,39,300,289.00,"86,700.00"
2019-11-14,2019111401004105,SCB,47,22,19,549.00,"10,431.00"
2019-11-14,2019111401004104,SCB,47,25,166,549.00,"91,134.00"
2019-11-14,2019111401004129,SDESI,17,51,30,640.00,"19,200.00"
2019-11-14,2019111401004399,SHIVM,48,22,100,481.00,"48,100.00"
2019-11-14,2019111401004382,SHIVM,48,48,100,481.00,"48,100.00"
2019-11-14,2019111401004241,SHIVM,49,26,60,480.00,"28,800.00"
2019-11-14,2019111401004240,SHIVM,48,26,135,480.00,"64,800.00"
2019-11-14,2019111401004188,SHIVM,48,14,100,480.00,"48,000.00"
2019-11-14,2019111401004134,SHPC,48,46,400,187.00,"74,800.00"
2019-11-14,2019111401004077,SIC,47,35,20,450.00,"9,000.00"
2019-11-14,2019111401004447,SIL,25,53,10,384.00,"3,840.00"
2019-11-14,2019111401004424,SIL,25,25,10,377.00,"3,770.00"
2019-11-14,2019111401004338,SIL,44,6,98,370.00,"36,260.00"
2019-11-14,2019111401004505,SJCL,11,4,10,165.00,"1,650.00"
2019-11-14,2019111401004494,SJCL,35,4,10,165.00,"1,650.00"
2019-11-14,2019111401004474,SJCL,42,28,10,164.00,"1,640.00"
2019-11-14,2019111401004473,SJCL,42,28,10,164.00,"1,640.00"
2019-11-14,2019111401004467,SJCL,35,10,10,164.00,"1,640.00"
2019-11-14,2019111401004452,SJCL,44,10,360,163.00,"58,680.00"
2019-11-14,2019111401004087,SJCL,44,44,20,163.00,"3,260.00"
2019-11-14,2019111401004152,SJCL,55,17,10,164.00,"1,640.00"
2019-11-14,2019111401004151,SJCL,55,39,20,164.00,"3,280.00"
2019-11-14,2019111401004150,SJCL,55,43,10,164.00,"1,640.00"
2019-11-14,2019111401004149,SJCL,55,45,20,164.00,"3,280.00"
2019-11-14,2019111401004132,SJCL,44,44,10,163.00,"1,630.00"
2019-11-14,2019111401004340,SJCL,21,10,50,164.00,"8,200.00"
2019-11-14,2019111401004252,SJCL,11,10,10,164.00,"1,640.00"
2019-11-14,2019111401004160,SJCL,44,44,10,163.00,"1,630.00"
2019-11-14,2019111401004037,SLBSL,19,42,39,712.00,"27,768.00"
2019-11-14,2019111401004026,SLBSL,19,42,30,715.00,"21,450.00"
2019-11-14,2019111401004238,SLICL,25,13,80,256.00,"20,480.00"
2019-11-14,2019111401004321,SMATA,39,45,100,516.00,"51,600.00"
2019-11-14,2019111401004081,SMATA,51,48,15,518.00,"7,770.00"
2019-11-14,2019111401004322,SMFBS,34,51,10,785.00,"7,850.00"
2019-11-14,2019111401004249,SMFBS,34,46,10,784.00,"7,840.00"
2019-11-14,2019111401004143,SMFBS,34,29,10,784.00,"7,840.00"
2019-11-14,2019111401004502,SMFDB,34,41,100,503.00,"50,300.00"
2019-11-14,2019111401004267,SMFDB,6,41,10,513.00,"5,130.00"
2019-11-14,2019111401004180,SPARS,49,29,10,529.00,"5,290.00"
2019-11-14,2019111401004040,SRBL,52,37,348,210.00,"73,080.00"
2019-11-14,2019111401004039,SRBL,16,37,11,210.00,"2,310.00"
2019-11-14,2019111401004375,SWBBL,34,28,60,925.00,"55,500.00"
2019-11-14,2019111401004206,TRH,25,13,190,271.00,"51,490.00"
2019-11-14,2019111401004325,UMHL,26,3,101,101.00,"10,201.00"
2019-11-14,2019111401004216,UMHL,26,22,10,101.00,"1,010.00"
2019-11-14,2019111401004472,UPCL,19,48,10,78.00,780.00
2019-11-14,2019111401004428,UPCL,36,19,100,77.00,"7,700.00"
2019-11-14,2019111401004427,UPCL,55,19,10,77.00,770.00
2019-11-14,2019111401004507,UPPER,22,3,50,231.00,"11,550.00"
2019-11-14,2019111401004506,UPPER,22,4,130,231.00,"30,030.00"
2019-11-14,2019111401004465,UPPER,56,4,870,231.00,"200,970.00"
2019-11-14,2019111401004464,UPPER,56,49,100,231.00,"23,100.00"
2019-11-14,2019111401004463,UPPER,56,58,40,231.00,"9,240.00"
2019-11-14,2019111401004462,UPPER,56,58,40,231.00,"9,240.00"
2019-11-14,2019111401004461,UPPER,56,4,50,231.00,"11,550.00"
2019-11-14,2019111401004451,UPPER,49,28,50,230.00,"11,500.00"
2019-11-14,2019111401004265,UPPER,11,4,50,231.00,"11,550.00"
2019-11-14,2019111401004217,UPPER,49,13,50,230.00,"11,500.00"
2019-11-14,2019111401004128,UPPER,49,46,30,230.00,"6,900.00"
2019-11-14,2019111401004054,UPPER,49,58,700,230.00,"161,000.00"
2019-11-14,2019111401004501,VLBS,48,43,10,589.00,"5,890.00"
2019-11-14,2019111401004361,VLBS,42,16,13,579.00,"7,527.00"
2019-11-14,2019111401003953,ADBL,26,14,200,417.00,"83,400.00"
2019-11-14,2019111401003818,ADBL,39,10,100,416.00,"41,600.00"
2019-11-14,2019111401003644,ADBL,39,37,14,416.00,"5,824.00"
2019-11-14,2019111401003549,ADBL,39,7,"1,000",416.00,"416,000.00"
2019-11-14,2019111401003568,AHPC,51,42,50,95.00,"4,750.00"
2019-11-14,2019111401004014,AKBSL,43,48,29,440.00,"12,760.00"
2019-11-14,2019111401004013,AKBSL,43,48,51,440.00,"22,440.00"
2019-11-14,2019111401004012,AKBSL,34,48,30,440.00,"13,200.00"
2019-11-14,2019111401003807,AKBSL,34,39,160,440.00,"70,400.00"
2019-11-14,2019111401003730,AKBSL,34,45,10,440.00,"4,400.00"
2019-11-14,2019111401003694,AKBSL,48,45,10,441.00,"4,410.00"
2019-11-14,2019111401003520,AKBSL,48,39,10,442.00,"4,420.00"
2019-11-14,2019111401003688,AKBSL,48,45,10,441.00,"4,410.00"
2019-11-14,2019111401003687,AKBSL,48,34,40,441.00,"17,640.00"
2019-11-14,2019111401003539,AKBSL,48,20,10,441.00,"4,410.00"
2019-11-14,2019111401003532,AKBSL,48,8,90,441.00,"39,690.00"
2019-11-14,2019111401003531,AKBSL,48,8,110,442.00,"48,620.00"
2019-11-14,2019111401003526,AKBSL,48,20,10,442.00,"4,420.00"
2019-11-14,2019111401003649,AKJCL,51,6,10,55.00,550.00
2019-11-14,2019111401003528,AKPL,45,48,"1,000",128.00,"128,000.00"
2019-11-14,2019111401003974,ALBSL,40,29,10,401.00,"4,010.00"
2019-11-14,2019111401003966,ALBSL,40,44,10,401.00,"4,010.00"
2019-11-14,2019111401003625,ALBSL,7,38,100,402.00,"40,200.00"
2019-11-14,2019111401003910,API,38,48,29,104.00,"3,016.00"
2019-11-14,2019111401003909,API,43,48,50,104.00,"5,200.00"
2019-11-14,2019111401003860,API,6,51,410,105.00,"43,050.00"
2019-11-14,2019111401003729,API,36,51,50,105.00,"5,250.00"
2019-11-14,2019111401003676,API,36,51,450,105.00,"47,250.00"
2019-11-14,2019111401003726,BARUN,49,16,10,93.00,930.00
2019-11-14,2019111401003626,BOKL,4,37,93,222.00,"20,646.00"
2019-11-14,2019111401003699,BPCL,33,38,22,356.00,"7,832.00"
2019-11-14,2019111401003556,BPCL,16,16,3,355.00,"1,065.00"
2019-11-14,2019111401003888,CBBL,34,37,69,971.00,"66,999.00"
2019-11-14,2019111401003887,CBBL,41,37,150,972.00,"145,800.00"
2019-11-14,2019111401003886,CBBL,35,37,10,972.00,"9,720.00"
2019-11-14,2019111401003885,CBBL,3,37,35,972.00,"34,020.00"
2019-11-14,2019111401003596,CBBL,3,29,65,972.00,"63,180.00"
2019-11-14,2019111401003595,CBBL,10,29,32,974.00,"31,168.00"
2019-11-14,2019111401003594,CBBL,58,29,40,975.00,"39,000.00"
2019-11-14,2019111401003714,CBL,7,6,100,140.00,"14,000.00"
2019-11-14,2019111401003713,CBL,13,49,61,139.00,"8,479.00"
2019-11-14,2019111401003712,CBL,10,49,439,139.00,"61,021.00"
2019-11-14,2019111401003576,CBL,10,14,500,139.00,"69,500.00"
2019-11-14,2019111401003880,CCBL,4,45,200,155.00,"31,000.00"
2019-11-14,2019111401003921,CEFL,39,52,660,100.00,"66,000.00"
2019-11-14,2019111401003618,CEFL,42,52,200,100.00,"20,000.00"
2019-11-14,2019111401003617,CEFL,21,52,30,100.00,"3,000.00"
2019-11-14,2019111401003978,CHCL,38,44,29,371.00,"10,759.00"
2019-11-14,2019111401003926,CHCL,8,54,200,372.00,"74,400.00"
2019-11-14,2019111401003913,CHCL,28,54,60,372.00,"22,320.00"
2019-11-14,2019111401003846,CHCL,38,21,10,371.00,"3,710.00"
2019-11-14,2019111401003743,CHCL,47,54,100,372.00,"37,200.00"
2019-11-14,2019111401003632,CHCL,38,25,340,371.00,"126,140.00"
2019-11-14,2019111401003631,CHCL,22,25,60,371.00,"22,260.00"
2019-11-14,2019111401003581,CHL,58,16,600,79.00,"47,400.00"
2019-11-14,2019111401003908,CIT,52,19,40,"1,755.00","70,200.00"
2019-11-14,2019111401003721,CIT,52,22,10,"1,755.00","17,550.00"
2019-11-14,2019111401003642,CIT,19,25,20,"1,754.00","35,080.00"
2019-11-14,2019111401003525,CIT,28,57,60,"1,759.00","105,540.00"
2019-11-14,2019111401003971,CMF1,56,47,"5,000",9.00,"45,000.00"
2019-11-14,2019111401003940,CMF1,56,47,"1,000",9.00,"9,000.00"
2019-11-14,2019111401003752,CMF1,56,47,"4,000",9.00,"36,000.00"
2019-11-14,2019111401003829,CZBIL,17,41,100,187.00,"18,700.00"
2019-11-14,2019111401003755,CZBIL,17,37,89,187.00,"16,643.00"
2019-11-14,2019111401003754,CZBIL,57,37,111,187.00,"20,757.00"
2019-11-14,2019111401003735,CZBIL,35,52,33,188.00,"6,204.00"
2019-11-14,2019111401003847,DBBL,48,57,100,123.00,"12,300.00"
2019-11-14,2019111401003698,DBBL,7,49,100,124.00,"12,400.00"
2019-11-14,2019111401003816,DHPL,43,22,20,53.00,"1,060.00"
2019-11-14,2019111401003917,EBL,20,1,200,554.00,"110,800.00"
2019-11-14,2019111401003882,EBL,33,4,200,553.00,"110,600.00"
2019-11-14,2019111401003788,EIC,59,48,100,214.00,"21,400.00"
2019-11-14,2019111401003787,EIC,48,48,200,214.00,"42,800.00"
2019-11-14,2019111401003786,EIC,41,48,100,214.00,"21,400.00"
2019-11-14,2019111401003785,EIC,45,48,100,216.00,"21,600.00"
2019-11-14,2019111401003784,EIC,36,48,100,216.00,"21,600.00"
2019-11-14,2019111401003783,EIC,20,48,40,216.00,"8,640.00"
2019-11-14,2019111401003638,EIC,28,17,100,219.00,"21,900.00"
2019-11-14,2019111401003637,EIC,14,17,200,220.00,"44,000.00"
2019-11-14,2019111401003636,EIC,25,17,100,220.00,"22,000.00"
2019-11-14,2019111401003635,EIC,17,17,70,220.00,"15,400.00"
2019-11-14,2019111401003674,EIC,45,17,100,218.00,"21,800.00"
2019-11-14,2019111401003673,EIC,22,17,20,218.00,"4,360.00"
2019-11-14,2019111401003672,EIC,58,17,12,218.00,"2,616.00"
2019-11-14,2019111401003655,EIC,58,37,88,218.00,"19,184.00"
2019-11-14,2019111401003640,EIC,22,17,10,219.00,"2,190.00"
2019-11-14,2019111401003639,EIC,6,17,25,219.00,"5,475.00"
2019-11-14,2019111401003782,EIC,59,48,200,216.00,"43,200.00"
2019-11-14,2019111401003781,EIC,45,48,100,217.00,"21,700.00"
2019-11-14,2019111401003780,EIC,57,48,20,217.00,"4,340.00"
2019-11-14,2019111401003779,EIC,42,48,50,218.00,"10,900.00"
2019-11-14,2019111401003778,EIC,29,48,200,218.00,"43,600.00"
2019-11-14,2019111401003675,EIC,45,17,100,218.00,"21,800.00"
2019-11-14,2019111401003763,FMDBL,36,57,75,308.00,"23,100.00"
2019-11-14,2019111401003606,FMDBL,21,57,100,308.00,"30,800.00"
2019-11-14,2019111401003950,FOWAD,32,19,25,"1,330.00","33,250.00"
2019-11-14,2019111401003949,FOWAD,43,19,25,"1,331.00","33,275.00"
2019-11-14,2019111401003836,FOWAD,43,11,175,"1,331.00","232,925.00"
2019-11-14,2019111401003656,FOWAD,19,47,110,"1,340.00","147,400.00"
2019-11-14,2019111401003538,GBBL,39,49,35,221.00,"7,735.00"
2019-11-14,2019111401003928,GBLBS,58,48,87,305.00,"26,535.00"
2019-11-14,2019111401003927,GBLBS,11,48,13,305.00,"3,965.00"
2019-11-14,2019111401003900,GBLBS,35,6,50,307.00,"15,350.00"
2019-11-14,2019111401003557,GBLBS,21,6,100,307.00,"30,700.00"
2019-11-14,2019111401004004,GFCL,19,58,20,139.00,"2,780.00"
2019-11-14,2019111401003930,GILB,36,21,13,733.00,"9,529.00"
2019-11-14,2019111401003565,GIMES1,7,26,"1,000",8.00,"8,000.00"
2019-11-14,2019111401003657,GLBSL,50,58,10,413.00,"4,130.00"
2019-11-14,2019111401003864,GLICL,39,46,48,360.00,"17,280.00"
2019-11-14,2019111401003615,GLICL,25,49,12,358.00,"4,296.00"
2019-11-14,2019111401003697,GUFL,21,8,200,114.00,"22,800.00"
2019-11-14,2019111401003960,HBL,35,50,40,485.00,"19,400.00"
2019-11-14,2019111401003959,HBL,25,50,10,485.00,"4,850.00"
2019-11-14,2019111401003958,HBL,52,50,100,485.00,"48,500.00"
2019-11-14,2019111401003957,HBL,5,50,20,485.00,"9,700.00"
2019-11-14,2019111401003956,HBL,4,50,100,485.00,"48,500.00"
2019-11-14,2019111401003955,HBL,17,50,100,485.00,"48,500.00"
2019-11-14,2019111401003954,HBL,35,50,30,485.00,"14,550.00"
2019-11-14,2019111401003748,HBL,29,50,200,486.00,"97,200.00"
2019-11-14,2019111401003747,HBL,3,50,50,486.00,"24,300.00"
2019-11-14,2019111401003746,HBL,14,50,10,486.00,"4,860.00"
2019-11-14,2019111401003965,HDL,34,35,10,"1,793.00","17,930.00"
2019-11-14,2019111401003964,HDL,48,35,100,"1,793.00","179,300.00"
2019-11-14,2019111401003963,HDL,42,35,100,"1,793.00","179,300.00"
2019-11-14,2019111401003962,HDL,41,35,200,"1,795.00","359,000.00"
2019-11-14,2019111401003751,HDL,1,58,25,"1,800.00","45,000.00"
2019-11-14,2019111401003734,HDL,14,58,50,"1,800.00","90,000.00"
2019-11-14,2019111401003733,HDL,8,58,175,"1,800.00","315,000.00"
2019-11-14,2019111401003732,HDL,42,58,20,"1,800.00","36,000.00"
2019-11-14,2019111401003731,HDL,28,58,85,"1,801.00","153,085.00"
2019-11-14,2019111401003619,HGI,59,37,197,258.00,"50,826.00"
2019-11-14,2019111401003683,HIDCL,43,39,146,131.00,"19,126.00"
2019-11-14,2019111401003682,HIDCL,8,39,300,131.00,"39,300.00"
2019-11-14,2019111401003686,IGI,49,37,200,285.00,"57,000.00"
2019-11-14,2019111401003982,ILBS,58,57,160,463.00,"74,080.00"
2019-11-14,2019111401003981,ILBS,58,57,20,463.00,"9,260.00"
2019-11-14,2019111401003727,ILBS,14,20,10,464.00,"4,640.00"
2019-11-14,2019111401003527,ILBS,14,37,10,464.00,"4,640.00"
2019-11-14,2019111401003985,JBBL,49,22,10,155.00,"1,550.00"
2019-11-14,2019111401003902,JBBL,49,19,110,155.00,"17,050.00"
2019-11-14,2019111401003667,JBBL,49,37,57,155.00,"8,835.00"
2019-11-14,2019111401003666,JBBL,53,37,15,155.00,"2,325.00"
2019-11-14,2019111401003665,JBBL,17,37,58,156.00,"9,048.00"
2019-11-14,2019111401003628,JBBL,17,32,42,156.00,"6,552.00"
2019-11-14,2019111401003627,JBBL,49,32,19,156.00,"2,964.00"
2019-11-14,2019111401003997,JFL,6,22,50,193.00,"9,650.00"
2019-11-14,2019111401003764,JOSHI,49,21,20,54.00,"1,080.00"
2019-11-14,2019111401003843,KBL,8,50,670,179.00,"119,930.00"
2019-11-14,2019111401003759,KBL,44,50,500,179.00,"89,500.00"
2019-11-14,2019111401003604,KBL,18,48,200,178.00,"35,600.00"
2019-11-14,2019111401003603,KBL,49,48,200,178.00,"35,600.00"
2019-11-14,2019111401003819,KSBBL,33,29,30,137.00,"4,110.00"
2019-11-14,2019111401003904,LBL,25,37,50,218.00,"10,900.00"
2019-11-14,2019111401003775,LBL,29,37,63,217.00,"13,671.00"
2019-11-14,2019111401003774,LBL,34,37,454,217.00,"98,518.00"
2019-11-14,2019111401003745,LBL,34,45,46,217.00,"9,982.00"
2019-11-14,2019111401003744,LBL,55,45,66,217.00,"14,322.00"
2019-11-14,2019111401003703,LBL,7,37,100,218.00,"21,800.00"
2019-11-14,2019111401003680,LBL,25,37,100,218.00,"21,800.00"
2019-11-14,2019111401003550,LGIL,49,53,380,315.00,"119,700.00"
2019-11-14,2019111401003652,MBL,57,3,638,224.00,"142,912.00"
2019-11-14,2019111401003651,MBL,57,7,908,224.00,"203,392.00"
2019-11-14,2019111401003650,MBL,57,25,100,224.00,"22,400.00"
2019-11-14,2019111401003616,MBL,49,38,231,223.00,"51,513.00"
2019-11-14,2019111401003986,MEGA,44,8,329,184.00,"60,536.00"
2019-11-14,2019111401003555,MEGA,28,25,250,184.00,"46,000.00"
2019-11-14,2019111401003554,MEGA,28,8,500,184.00,"92,000.00"
2019-11-14,2019111401003553,MEGA,28,8,870,184.00,"160,080.00"
2019-11-14,2019111401003762,MEGA,10,8,10,184.00,"1,840.00"
2019-11-14,2019111401003750,MEGA,29,8,500,184.00,"92,000.00"
2019-11-14,2019111401004015,MERO,10,4,13,423.00,"5,499.00"
2019-11-14,2019111401004002,MERO,10,22,10,423.00,"4,230.00"
2019-11-14,2019111401004011,MFIL,33,52,100,126.00,"12,600.00"
2019-11-14,2019111401004007,MLBL,29,22,10,184.00,"1,840.00"
2019-11-14,2019111401004018,MNBBL,19,22,10,316.00,"3,160.00"
2019-11-14,2019111401004005,MNBBL,33,41,"1,000",317.00,"317,000.00"
2019-11-14,2019111401003740,MNBBL,52,43,94,317.00,"29,798.00"
2019-11-14,2019111401003947,NABIL,34,8,100,750.00,"75,000.00"
2019-11-14,2019111401003946,NABIL,16,8,200,750.00,"150,000.00"
2019-11-14,2019111401003945,NABIL,42,8,112,750.00,"84,000.00"
2019-11-14,2019111401003803,NABIL,36,44,66,752.00,"49,632.00"
2019-11-14,2019111401003648,NABIL,33,40,45,749.00,"33,705.00"
2019-11-14,2019111401003903,NBL,43,45,"1,500",310.00,"465,000.00"
2019-11-14,2019111401003896,NBL,43,29,500,310.00,"155,000.00"
2019-11-14,2019111401003895,NBL,43,39,700,310.00,"217,000.00"
2019-11-14,2019111401003894,NBL,43,25,100,310.00,"31,000.00"
2019-11-14,2019111401003893,NBL,43,51,"1,000",310.00,"310,000.00"
2019-11-14,2019111401003892,NBL,43,49,50,310.00,"15,500.00"
2019-11-14,2019111401003569,NBL,47,22,20,309.00,"6,180.00"
2019-11-14,2019111401003551,NBL,47,44,980,309.00,"302,820.00"
2019-11-14,2019111401003891,NBL,43,34,637,310.00,"197,470.00"
2019-11-14,2019111401003883,NBL,58,4,"1,000",309.00,"309,000.00"
2019-11-14,2019111401003805,NBL,43,29,150,308.00,"46,200.00"
2019-11-14,2019111401003684,NBL,43,22,800,308.00,"246,400.00"
2019-11-14,2019111401003614,NBL,47,22,"1,000",308.00,"308,000.00"
2019-11-14,2019111401003613,NBL,47,22,"1,000",308.00,"308,000.00"
2019-11-14,2019111401004006,NCCB,33,34,"2,000",203.00,"406,000.00"
2019-11-14,2019111401003878,NCCB,25,34,200,203.00,"40,600.00"
2019-11-14,2019111401003877,NCCB,51,34,500,203.00,"101,500.00"
2019-11-14,2019111401003876,NCCB,49,34,"1,000",203.00,"203,000.00"
2019-11-14,2019111401003875,NCCB,33,34,500,203.00,"101,500.00"
2019-11-14,2019111401003874,NCCB,4,34,450,203.00,"91,350.00"
2019-11-14,2019111401003873,NCCB,57,34,200,203.00,"40,600.00"
2019-11-14,2019111401003872,NCCB,52,34,87,203.00,"17,661.00"
2019-11-14,2019111401003521,NCCB,52,46,63,203.00,"12,789.00"
2019-11-14,2019111401003772,NGPL,45,25,220,100.00,"22,000.00"
2019-11-14,2019111401003715,NHPC,55,37,500,52.00,"26,000.00"
2019-11-14,2019111401003952,NIB,16,42,148,436.00,"64,528.00"
2019-11-14,2019111401003670,NIB,58,45,60,435.00,"26,100.00"
2019-11-14,2019111401003646,NIB,45,42,17,436.00,"7,412.00"
2019-11-14,2019111401003610,NIB,17,42,225,436.00,"98,100.00"
2019-11-14,2019111401003605,NIB,16,42,110,436.00,"47,960.00"
2019-11-14,2019111401003582,NIB,58,49,400,435.00,"174,000.00"
2019-11-14,2019111401003838,NIBPO,47,49,50,400.00,"20,000.00"
2019-11-14,2019111401003948,NIBSF1,20,19,"1,000",8.83,"8,830.00"
2019-11-14,2019111401003937,NIBSF1,20,19,100,8.91,891.00
2019-11-14,2019111401003564,NIBSF1,19,22,100,9.09,909.00
2019-11-14,2019111401004008,NICA,44,57,100,405.00,"40,500.00"
2019-11-14,2019111401003850,NICA,28,59,500,404.00,"202,000.00"
2019-11-14,2019111401003849,NICA,28,45,50,404.00,"20,200.00"
2019-11-14,2019111401003848,NICA,28,36,30,404.00,"12,120.00"
2019-11-14,2019111401003653,NICA,10,25,150,404.00,"60,600.00"
2019-11-14,2019111401003567,NICA,26,44,58,404.00,"23,432.00"
2019-11-14,2019111401003566,NICA,44,44,100,404.00,"40,400.00"
2019-11-14,2019111401003536,NICA,26,33,250,404.00,"101,000.00"
2019-11-14,2019111401003535,NICA,26,43,500,404.00,"202,000.00"
2019-11-14,2019111401003534,NICA,26,19,50,404.00,"20,200.00"
2019-11-14,2019111401003533,NICA,26,55,142,404.00,"57,368.00"
2019-11-14,2019111401003914,NICL,29,52,300,257.00,"77,100.00"
2019-11-14,2019111401003690,NICL,58,49,83,258.00,"21,414.00"
2019-11-14,2019111401003689,NICL,58,6,67,258.00,"17,286.00"
2019-11-14,2019111401003939,NIL,44,37,280,375.00,"105,000.00"
2019-11-14,2019111401003938,NIL,49,37,234,375.00,"87,750.00"
2019-11-14,2019111401003868,NIL,49,36,200,375.00,"75,000.00"
2019-11-14,2019111401003867,NIL,44,36,50,376.00,"18,800.00"
2019-11-14,2019111401003918,NLG,48,22,10,525.00,"5,250.00"
2019-11-14,2019111401003899,NLIC,25,21,30,787.00,"23,610.00"
2019-11-14,2019111401003692,NLIC,53,38,22,785.00,"17,270.00"
2019-11-14,2019111401003977,NLICL,36,51,15,418.00,"6,270.00"
2019-11-14,2019111401003707,NLICL,39,45,30,417.00,"12,510.00"
2019-11-14,2019111401003706,NLICL,44,45,253,417.00,"105,501.00"
2019-11-14,2019111401004010,NMB,14,53,50,380.00,"19,000.00"
2019-11-14,2019111401004009,NMB,25,53,321,380.00,"121,980.00"
2019-11-14,2019111401004001,NMB,25,4,23,380.00,"8,740.00"
2019-11-14,2019111401003996,NMB,25,32,100,380.00,"38,000.00"
2019-11-14,2019111401003995,NMB,25,51,50,380.00,"19,000.00"
2019-11-14,2019111401003994,NMB,25,28,"1,000",380.00,"380,000.00"
2019-11-14,2019111401003523,NMB,42,45,22,380.00,"8,360.00"
2019-11-14,2019111401003575,NMB,49,43,186,380.00,"70,680.00"
2019-11-14,2019111401003574,NMB,49,52,200,380.00,"76,000.00"
2019-11-14,2019111401003573,NMB,49,56,37,380.00,"14,060.00"
2019-11-14,2019111401003572,NMB,49,34,27,380.00,"10,260.00"
2019-11-14,2019111401003563,NMB,33,34,120,380.00,"45,600.00"
2019-11-14,2019111401003524,NMB,42,34,10,380.00,"3,800.00"
2019-11-14,2019111401003776,NMB,58,49,73,379.00,"27,667.00"
2019-11-14,2019111401003771,NMB,58,42,242,379.00,"91,718.00"
2019-11-14,2019111401003770,NMB,41,42,100,379.00,"37,900.00"
2019-11-14,2019111401003769,NMB,19,42,100,379.00,"37,900.00"
2019-11-14,2019111401003691,NMB,7,43,100,380.00,"38,000.00"
2019-11-14,2019111401003659,NMB,11,43,50,380.00,"19,000.00"
2019-11-14,2019111401003922,NMB,58,42,42,379.00,"15,918.00"
2019-11-14,2019111401003840,NMB,58,45,200,379.00,"75,800.00"
2019-11-14,2019111401003839,NMB,5,43,400,380.00,"152,000.00"
2019-11-14,2019111401003799,NMB,53,43,200,380.00,"76,000.00"
2019-11-14,2019111401003798,NMB,58,19,"1,000",379.00,"379,000.00"
2019-11-14,2019111401003794,NMB,58,29,98,379.00,"37,142.00"
2019-11-14,2019111401003983,NMB,52,59,100,380.00,"38,000.00"
2019-11-14,2019111401003980,NMB,49,36,14,380.00,"5,320.00"
2019-11-14,2019111401003979,NMB,25,36,130,380.00,"49,400.00"
2019-11-14,2019111401003973,NMB,26,36,146,380.00,"55,480.00"
2019-11-14,2019111401003972,NMB,26,43,54,380.00,"20,520.00"
2019-11-14,2019111401003967,NMB,51,43,50,380.00,"19,000.00"
2019-11-14,2019111401003993,NMB,25,35,500,380.00,"190,000.00"
2019-11-14,2019111401003992,NMB,25,14,200,380.00,"76,000.00"
2019-11-14,2019111401003991,NMB,25,13,200,380.00,"76,000.00"
2019-11-14,2019111401003990,NMB,25,52,221,380.00,"83,980.00"
2019-11-14,2019111401003989,NMB,25,59,50,380.00,"19,000.00"
2019-11-14,2019111401003988,NMB,25,35,"2,000",380.00,"760,000.00"
2019-11-14,2019111401003976,NSEWA,19,6,10,378.00,"3,780.00"
2019-11-14,2019111401003861,NUBL,52,37,28,888.00,"24,864.00"
2019-11-14,2019111401003577,NUBL,52,42,60,888.00,"53,280.00"
2019-11-14,2019111401003562,NUBL,16,42,20,889.00,"17,780.00"
2019-11-14,2019111401003541,NUBL,1,42,10,891.00,"8,910.00"
2019-11-14,2019111401004000,OHL,34,50,100,442.00,"44,200.00"
2019-11-14,2019111401003999,OHL,32,50,100,442.00,"44,200.00"
2019-11-14,2019111401003998,OHL,57,50,85,442.00,"37,570.00"
2019-11-14,2019111401003825,OHL,16,8,300,443.00,"132,900.00"
2019-11-14,2019111401003824,OHL,34,8,100,444.00,"44,400.00"
2019-11-14,2019111401003823,OHL,5,8,50,444.00,"22,200.00"
2019-11-14,2019111401003932,PCBL,57,44,96,269.00,"25,824.00"
2019-11-14,2019111401003905,PCBL,57,44,42,269.00,"11,298.00"
2019-11-14,2019111401003722,PCBL,57,45,"1,332",269.00,"358,308.00"
2019-11-14,2019111401003710,PCBL,57,37,62,269.00,"16,678.00"
2019-11-14,2019111401003709,PCBL,19,37,139,269.00,"37,391.00"
2019-11-14,2019111401003630,PCBL,25,39,100,270.00,"27,000.00"
2019-11-14,2019111401003558,PCBL,35,39,50,270.00,"13,500.00"
2019-11-14,2019111401003545,PCBL,19,16,44,269.00,"11,836.00"
2019-11-14,2019111401003933,PIC,45,22,10,359.00,"3,590.00"
2019-11-14,2019111401003912,PIC,8,18,100,360.00,"36,000.00"
2019-11-14,2019111401003911,PIC,8,6,100,360.00,"36,000.00"
2019-11-14,2019111401003695,PIC,45,22,18,358.00,"6,444.00"
2019-11-14,2019111401003815,PLIC,20,7,990,309.00,"305,910.00"
2019-11-14,2019111401003814,PLIC,42,7,50,309.00,"15,450.00"
2019-11-14,2019111401003813,PLIC,57,7,50,309.00,"15,450.00"
2019-11-14,2019111401003792,PLIC,20,7,360,313.00,"112,680.00"
2019-11-14,2019111401003767,PLIC,7,7,10,318.00,"3,180.00"
2019-11-14,2019111401003812,PLIC,57,7,20,309.00,"6,180.00"
2019-11-14,2019111401003811,PLIC,14,7,150,309.00,"46,350.00"
2019-11-14,2019111401003810,PLIC,39,7,"1,204",310.00,"373,240.00"
2019-11-14,2019111401003809,PLIC,38,7,200,311.00,"62,200.00"
2019-11-14,2019111401003808,PLIC,52,7,300,311.00,"93,300.00"
2019-11-14,2019111401003793,PLIC,38,7,140,312.00,"43,680.00"
2019-11-14,2019111401003944,PPCL,40,22,10,102.00,"1,020.00"
2019-11-14,2019111401003968,PRIN,49,22,10,310.00,"3,100.00"
2019-11-14,2019111401003773,PRIN,49,42,30,310.00,"9,300.00"
2019-11-14,2019111401003561,PRIN,49,45,135,310.00,"41,850.00"
2019-11-14,2019111401003560,PRIN,45,45,100,310.00,"31,000.00"
2019-11-14,2019111401003559,PRIN,49,45,165,310.00,"51,150.00"
2019-11-14,2019111401003906,PRVU,36,42,100,226.00,"22,600.00"
2019-11-14,2019111401003830,PRVU,38,42,12,227.00,"2,724.00"
2019-11-14,2019111401003828,PRVU,53,41,200,227.00,"45,400.00"
2019-11-14,2019111401003728,PRVU,45,42,35,227.00,"7,945.00"
2019-11-14,2019111401003641,PRVU,36,58,151,226.00,"34,126.00"
2019-11-14,2019111401003529,PRVU,58,42,500,227.00,"113,500.00"
2019-11-14,2019111401003925,RADHI,57,41,21,150.00,"3,150.00"
2019-11-14,2019111401003822,RADHI,57,29,11,150.00,"1,650.00"
2019-11-14,2019111401003821,RADHI,57,57,12,150.00,"1,800.00"
2019-11-14,2019111401003796,RBCL,11,41,20,"8,299.00","165,980.00"
2019-11-14,2019111401003795,RBCL,11,6,20,"8,250.00","165,000.00"
2019-11-14,2019111401003719,RBCL,51,6,10,"8,250.00","82,500.00"
2019-11-14,2019111401003718,RBCL,18,6,10,"8,251.00","82,510.00"
2019-11-14,2019111401003924,RHPC,28,37,18,74.00,"1,332.00"
2019-11-14,2019111401003987,RHPL,6,44,30,168.00,"5,040.00"
2019-11-14,2019111401003969,RHPL,6,58,140,168.00,"23,520.00"
2019-11-14,2019111401003951,RHPL,44,44,30,167.00,"5,010.00"
2019-11-14,2019111401003941,RHPL,44,29,40,167.00,"6,680.00"
2019-11-14,2019111401003916,RHPL,44,44,30,167.00,"5,010.00"
2019-11-14,2019111401003889,RHPL,44,44,30,167.00,"5,010.00"
2019-11-14,2019111401003696,RHPL,44,20,50,167.00,"8,350.00"
2019-11-14,2019111401003669,RHPL,44,45,40,167.00,"6,680.00"
2019-11-14,2019111401003658,RHPL,44,44,30,167.00,"5,010.00"
2019-11-14,2019111401003611,RHPL,44,45,40,167.00,"6,680.00"
2019-11-14,2019111401003592,RHPL,44,29,40,167.00,"6,680.00"
2019-11-14,2019111401003766,RHPL,44,45,40,167.00,"6,680.00"
2019-11-14,2019111401003761,RHPL,44,45,40,167.00,"6,680.00"
2019-11-14,2019111401003757,RHPL,18,58,160,168.00,"26,880.00"
2019-11-14,2019111401003756,RHPL,18,29,40,168.00,"6,720.00"
2019-11-14,2019111401003739,RHPL,44,45,40,167.00,"6,680.00"
2019-11-14,2019111401003700,RHPL,44,45,40,167.00,"6,680.00"
2019-11-14,2019111401003857,RHPL,44,44,30,167.00,"5,010.00"
2019-11-14,2019111401003841,RHPL,44,44,30,167.00,"5,010.00"
2019-11-14,2019111401003820,RHPL,44,44,30,167.00,"5,010.00"
2019-11-14,2019111401003804,RHPL,44,45,40,167.00,"6,680.00"
2019-11-14,2019111401003791,RHPL,44,45,40,167.00,"6,680.00"
2019-11-14,2019111401003790,RHPL,44,44,30,167.00,"5,010.00"
2019-11-14,2019111401003936,RRHP,47,16,460,98.00,"45,080.00"
2019-11-14,2019111401003935,RRHP,47,16,180,99.00,"17,820.00"
2019-11-14,2019111401003934,RRHP,22,16,60,100.00,"6,000.00"
2019-11-14,2019111401003943,RSDC,57,6,50,323.00,"16,150.00"
2019-11-14,2019111401003942,RSDC,45,6,200,323.00,"64,600.00"
2019-11-14,2019111401003723,RSDC,29,44,110,323.00,"35,530.00"
2019-11-14,2019111401003677,RSDC,58,44,100,323.00,"32,300.00"
2019-11-14,2019111401003544,RSDC,47,44,50,323.00,"16,150.00"
2019-11-14,2019111401003834,SABSL,46,45,10,560.00,"5,600.00"
2019-11-14,2019111401003833,SABSL,46,17,100,560.00,"56,000.00"
2019-11-14,2019111401003832,SABSL,46,57,170,560.00,"95,200.00"
2019-11-14,2019111401003831,SABSL,46,34,50,559.00,"27,950.00"
2019-11-14,2019111401003827,SABSL,21,39,10,556.00,"5,560.00"
2019-11-14,2019111401003826,SABSL,21,39,80,557.00,"44,560.00"
2019-11-14,2019111401003661,SABSL,43,48,10,555.00,"5,550.00"
2019-11-14,2019111401003654,SABSL,43,48,10,555.00,"5,550.00"
2019-11-14,2019111401003645,SABSL,43,48,10,555.00,"5,550.00"
2019-11-14,2019111401003643,SABSL,43,45,10,555.00,"5,550.00"
2019-11-14,2019111401003633,SABSL,43,45,50,555.00,"27,750.00"
2019-11-14,2019111401003621,SABSL,45,57,20,560.00,"11,200.00"
2019-11-14,2019111401003720,SABSL,43,41,10,555.00,"5,550.00"
2019-11-14,2019111401003702,SABSL,43,48,10,555.00,"5,550.00"
2019-11-14,2019111401003693,SABSL,43,48,10,555.00,"5,550.00"
2019-11-14,2019111401003685,SABSL,57,57,10,560.00,"5,600.00"
2019-11-14,2019111401003681,SABSL,43,48,10,555.00,"5,550.00"
2019-11-14,2019111401003668,SABSL,43,48,10,555.00,"5,550.00"
2019-11-14,2019111401003738,SAEF,34,17,"9,200",8.67,"79,764.00"
2019-11-14,2019111401003737,SAEF,45,17,700,8.75,"6,125.00"
2019-11-14,2019111401003736,SAEF,16,17,100,8.87,887.00
2019-11-14,2019111401003705,SAEF,16,41,500,8.75,"4,375.00"
2019-11-14,2019111401003870,SANIMA,53,50,195,305.00,"59,475.00"
2019-11-14,2019111401003869,SANIMA,32,50,90,305.00,"27,450.00"
2019-11-14,2019111401003753,SANIMA,44,44,500,305.00,"152,500.00"
2019-11-14,2019111401003609,SANIMA,32,44,210,305.00,"64,050.00"
2019-11-14,2019111401003608,SANIMA,40,44,90,305.00,"27,450.00"
2019-11-14,2019111401003548,SANIMA,40,44,230,305.00,"70,150.00"
2019-11-14,2019111401003547,SANIMA,44,44,100,305.00,"30,500.00"
2019-11-14,2019111401003546,SANIMA,33,44,70,305.00,"21,350.00"
2019-11-14,2019111401003890,SAPDBL,44,19,264,120.00,"31,680.00"
2019-11-14,2019111401003920,SBI,34,16,50,402.00,"20,100.00"
2019-11-14,2019111401003919,SBI,44,16,79,402.00,"31,758.00"
2019-11-14,2019111401003664,SBI,44,1,221,402.00,"88,842.00"
2019-11-14,2019111401003663,SBI,33,1,117,402.00,"47,034.00"
2019-11-14,2019111401003662,SBI,33,45,300,402.00,"120,600.00"
2019-11-14,2019111401004017,SBL,44,36,500,289.00,"144,500.00"
2019-11-14,2019111401004016,SBL,58,36,40,289.00,"11,560.00"
2019-11-14,2019111401004003,SBL,44,4,100,290.00,"29,000.00"
2019-11-14,2019111401003647,SBL,58,43,200,289.00,"57,800.00"
2019-11-14,2019111401003542,SBL,58,42,180,289.00,"52,020.00"
2019-11-14,2019111401003540,SBL,40,25,500,290.00,"145,000.00"
2019-11-14,2019111401003741,SDESI,21,45,68,640.00,"43,520.00"
2019-11-14,2019111401003634,SDESI,46,45,32,640.00,"20,480.00"
2019-11-14,2019111401003552,SDESI,21,45,200,640.00,"128,000.00"
2019-11-14,2019111401003543,SDESI,16,16,3,640.00,"1,920.00"
2019-11-14,2019111401003975,SFFIL,21,22,30,179.00,"5,370.00"
2019-11-14,2019111401003879,SHIVM,48,22,165,480.00,"79,200.00"
2019-11-14,2019111401003858,SHIVM,48,37,100,480.00,"48,000.00"
2019-11-14,2019111401003845,SHIVM,35,13,50,479.00,"23,950.00"
2019-11-14,2019111401003844,SHIVM,35,10,150,479.00,"71,850.00"
2019-11-14,2019111401003760,SHIVM,35,57,100,479.00,"47,900.00"
2019-11-14,2019111401003749,SHIVM,35,57,100,479.00,"47,900.00"
2019-11-14,2019111401003589,SHIVM,57,45,150,479.00,"71,850.00"
2019-11-14,2019111401003588,SHIVM,14,45,225,479.00,"107,775.00"
2019-11-14,2019111401003578,SHIVM,14,25,50,479.00,"23,950.00"
2019-11-14,2019111401003530,SHIVM,14,59,25,479.00,"11,975.00"
2019-11-14,2019111401003717,SHIVM,47,45,285,479.00,"136,515.00"
2019-11-14,2019111401003600,SHIVM,44,17,"1,010",478.00,"482,780.00"
2019-11-14,2019111401003599,SHIVM,22,17,100,478.00,"47,800.00"
2019-11-14,2019111401003598,SHIVM,37,17,100,478.00,"47,800.00"
2019-11-14,2019111401003591,SHIVM,32,45,50,479.00,"23,950.00"
2019-11-14,2019111401003590,SHIVM,44,45,30,479.00,"14,370.00"
2019-11-14,2019111401003789,SHL,42,50,100,207.00,"20,700.00"
2019-11-14,2019111401003585,SHPC,59,45,26,185.00,"4,810.00"
2019-11-14,2019111401003584,SHPC,35,45,474,185.00,"87,690.00"
2019-11-14,2019111401003859,SIC,40,22,10,446.00,"4,460.00"
2019-11-14,2019111401003865,SICL,26,22,10,738.00,"7,380.00"
2019-11-14,2019111401003660,SICL,26,25,15,738.00,"11,070.00"
2019-11-14,2019111401003984,SJCL,44,44,20,163.00,"3,260.00"
2019-11-14,2019111401003970,SJCL,44,44,20,163.00,"3,260.00"
2019-11-14,2019111401003961,SJCL,44,29,20,163.00,"3,260.00"
2019-11-14,2019111401003929,SJCL,44,44,20,163.00,"3,260.00"
2019-11-14,2019111401003881,SJCL,44,44,20,163.00,"3,260.00"
2019-11-14,2019111401003597,SJCL,44,38,20,163.00,"3,260.00"
2019-11-14,2019111401003583,SJCL,44,38,20,163.00,"3,260.00"
2019-11-14,2019111401003570,SJCL,44,38,20,163.00,"3,260.00"
2019-11-14,2019111401003711,SJCL,44,20,20,163.00,"3,260.00"
2019-11-14,2019111401003704,SJCL,44,45,20,163.00,"3,260.00"
2019-11-14,2019111401003671,SJCL,44,45,20,163.00,"3,260.00"
2019-11-14,2019111401003622,SJCL,44,45,20,163.00,"3,260.00"
2019-11-14,2019111401003620,SJCL,44,38,20,163.00,"3,260.00"
2019-11-14,2019111401003601,SJCL,44,29,20,163.00,"3,260.00"
2019-11-14,2019111401003768,SJCL,44,45,20,163.00,"3,260.00"
2019-11-14,2019111401003765,SJCL,44,44,20,163.00,"3,260.00"
2019-11-14,2019111401003758,SJCL,44,45,20,163.00,"3,260.00"
2019-11-14,2019111401003742,SJCL,44,45,20,163.00,"3,260.00"
2019-11-14,2019111401003863,SJCL,44,44,20,163.00,"3,260.00"
2019-11-14,2019111401003842,SJCL,44,44,20,163.00,"3,260.00"
2019-11-14,2019111401003837,SJCL,44,44,20,163.00,"3,260.00"
2019-11-14,2019111401003817,SJCL,44,45,20,163.00,"3,260.00"
2019-11-14,2019111401003797,SJCL,44,44,20,163.00,"3,260.00"
2019-11-14,2019111401003777,SJCL,44,45,20,163.00,"3,260.00"
2019-11-14,2019111401003725,SKBBL,22,44,100,945.00,"94,500.00"
2019-11-14,2019111401003701,SKBBL,22,44,160,945.00,"151,200.00"
2019-11-14,2019111401003629,SKBBL,22,44,340,945.00,"321,300.00"
2019-11-14,2019111401003593,SKBBL,22,44,500,945.00,"472,500.00"
2019-11-14,2019111401003871,SLBSL,19,22,10,715.00,"7,150.00"
2019-11-14,2019111401003624,SLBSL,7,42,31,719.00,"22,289.00"
2019-11-14,2019111401003623,SLBSL,58,42,10,719.00,"7,190.00"
2019-11-14,2019111401003612,SLICL,54,49,21,255.00,"5,355.00"
2019-11-14,2019111401003587,SLICL,54,28,483,255.00,"123,165.00"
2019-11-14,2019111401003586,SLICL,25,28,18,257.00,"4,626.00"
2019-11-14,2019111401003537,SLICL,25,1,200,257.00,"51,400.00"
2019-11-14,2019111401003898,SMATA,16,22,10,518.00,"5,180.00"
2019-11-14,2019111401003897,SMATA,16,22,10,518.00,"5,180.00"
2019-11-14,2019111401004019,SMFBS,19,51,10,785.00,"7,850.00"
2019-11-14,2019111401003901,SMFBS,19,22,10,785.00,"7,850.00"
2019-11-14,2019111401003580,SMFBS,34,20,10,784.00,"7,840.00"
2019-11-14,2019111401003571,SMFBS,34,20,10,784.00,"7,840.00"
2019-11-14,2019111401003856,SMFDB,50,41,200,504.00,"100,800.00"
2019-11-14,2019111401003855,SMFDB,50,41,130,504.00,"65,520.00"
2019-11-14,2019111401003854,SMFDB,49,41,100,504.00,"50,400.00"
2019-11-14,2019111401003853,SMFDB,10,41,100,505.00,"50,500.00"
2019-11-14,2019111401003852,SMFDB,50,41,50,505.00,"25,250.00"
2019-11-14,2019111401003851,SMFDB,51,41,100,506.00,"50,600.00"
2019-11-14,2019111401003607,SPARS,49,20,10,529.00,"5,290.00"
2019-11-14,2019111401003679,SRBL,16,38,14,210.00,"2,940.00"
2019-11-14,2019111401003678,SRBL,51,38,20,210.00,"4,200.00"
2019-11-14,2019111401003522,SRBL,17,42,47,211.00,"9,917.00"
2019-11-14,2019111401003923,SWBBL,34,37,100,925.00,"92,500.00"
2019-11-14,2019111401003915,SWBBL,34,19,15,925.00,"13,875.00"
2019-11-14,2019111401003802,SWBBL,34,11,99,925.00,"91,575.00"
2019-11-14,2019111401003801,SWBBL,57,11,31,930.00,"28,830.00"
2019-11-14,2019111401003800,SWBBL,35,11,20,931.00,"18,620.00"
2019-11-14,2019111401003907,UIC,42,22,13,234.00,"3,042.00"
2019-11-14,2019111401003806,UIC,42,39,21,234.00,"4,914.00"
2019-11-14,2019111401003884,UPCL,55,48,10,78.00,780.00
2019-11-14,2019111401003931,UPPER,49,29,40,230.00,"9,200.00"
2019-11-14,2019111401003866,UPPER,49,45,50,230.00,"11,500.00"
2019-11-14,2019111401003862,UPPER,49,45,900,230.00,"207,000.00"
2019-11-14,2019111401003835,UPPER,49,29,100,230.00,"23,000.00"
2019-11-14,2019111401003724,UPPER,49,45,50,230.00,"11,500.00"
2019-11-14,2019111401003716,UPPER,49,25,100,230.00,"23,000.00"
2019-11-14,2019111401003708,UPPER,49,35,50,230.00,"11,500.00"
2019-11-14,2019111401003602,UPPER,49,45,500,230.00,"115,000.00"
2019-11-14,2019111401003579,UPPER,49,29,50,230.00,"11,500.00"
2019-11-14,2019111401003269,ADBL,39,41,391,416.00,"162,656.00"
2019-11-14,2019111401003096,ADBL,39,38,200,416.00,"83,200.00"
2019-11-14,2019111401003284,AHPC,40,16,200,94.00,"18,800.00"
2019-11-14,2019111401003138,AHPC,40,16,130,94.00,"12,220.00"
2019-11-14,2019111401003137,AHPC,43,16,50,94.00,"4,700.00"
2019-11-14,2019111401003519,AKBSL,48,49,10,442.00,"4,420.00"
2019-11-14,2019111401003516,AKBSL,48,20,10,442.00,"4,420.00"
2019-11-14,2019111401003509,AKBSL,48,20,10,442.00,"4,420.00"
2019-11-14,2019111401003498,AKBSL,48,20,10,442.00,"4,420.00"
2019-11-14,2019111401003392,AKBSL,48,44,10,442.00,"4,420.00"
2019-11-14,2019111401003020,AKBSL,48,16,10,442.00,"4,420.00"
2019-11-14,2019111401003372,AKJCL,51,42,10,56.00,560.00
2019-11-14,2019111401003429,AKPL,45,47,13,127.00,"1,651.00"
2019-11-14,2019111401003107,ALBSL,7,17,10,401.00,"4,010.00"
2019-11-14,2019111401003097,ALBSL,7,17,10,401.00,"4,010.00"
2019-11-14,2019111401003346,ALICL,42,4,12,317.00,"3,804.00"
2019-11-14,2019111401003443,API,19,41,50,106.00,"5,300.00"
2019-11-14,2019111401003172,BOKL,17,16,100,222.00,"22,200.00"
2019-11-14,2019111401003116,BOKL,17,47,100,222.00,"22,200.00"
2019-11-14,2019111401003409,BPCL,33,41,11,356.00,"3,916.00"
2019-11-14,2019111401003400,BPCL,16,16,3,355.00,"1,065.00"
2019-11-14,2019111401003187,BPCL,14,19,50,357.00,"17,850.00"
2019-11-14,2019111401003126,BPCL,16,16,3,350.00,"1,050.00"
2019-11-14,2019111401003200,CBBL,35,42,20,975.00,"19,500.00"
2019-11-14,2019111401003458,CBL,10,6,61,139.00,"8,479.00"
2019-11-14,2019111401003457,CBL,49,6,"1,000",139.00,"139,000.00"
2019-11-14,2019111401003456,CBL,38,6,482,139.00,"66,998.00"
2019-11-14,2019111401003283,CBL,4,6,441,140.00,"61,740.00"
2019-11-14,2019111401003282,CBL,4,38,559,140.00,"78,260.00"
2019-11-14,2019111401003237,CBL,51,38,"1,300",140.00,"182,000.00"
2019-11-14,2019111401003214,CBL,29,38,"1,653",140.00,"231,420.00"
2019-11-14,2019111401003197,CBL,38,40,18,139.00,"2,502.00"
2019-11-14,2019111401003196,CBL,25,40,100,139.00,"13,900.00"
2019-11-14,2019111401003195,CBL,57,40,900,139.00,"125,100.00"
2019-11-14,2019111401003194,CBL,57,40,111,139.00,"15,429.00"
2019-11-14,2019111401003193,CBL,44,40,524,139.00,"72,836.00"
2019-11-14,2019111401003289,CCBL,4,56,379,155.00,"58,745.00"
2019-11-14,2019111401003288,CCBL,52,43,15,154.00,"2,310.00"
2019-11-14,2019111401003234,CCBL,29,56,100,155.00,"15,500.00"
2019-11-14,2019111401003233,CCBL,45,56,21,155.00,"3,255.00"
2019-11-14,2019111401003229,CCBL,45,52,29,155.00,"4,495.00"
2019-11-14,2019111401003215,CCBL,45,56,33,155.00,"5,115.00"
2019-11-14,2019111401003202,CCBL,45,56,17,155.00,"2,635.00"
2019-11-14,2019111401003174,CHCL,22,54,125,372.00,"46,500.00"
2019-11-14,2019111401003412,CHL,58,39,10,79.00,790.00
2019-11-14,2019111401003322,CIT,42,51,10,"1,758.00","17,580.00"
2019-11-14,2019111401003355,CMF1,56,22,500,8.89,"4,445.00"
2019-11-14,2019111401003416,CZBIL,21,51,33,187.00,"6,171.00"
2019-11-14,2019111401003030,CZBIL,34,52,50,188.00,"9,400.00"
2019-11-14,2019111401003236,DBBL,52,49,270,124.00,"33,480.00"
2019-11-14,2019111401003319,DDBL,16,58,155,736.00,"114,080.00"
2019-11-14,2019111401003059,DDBL,16,42,310,736.00,"228,160.00"
2019-11-14,2019111401003058,DDBL,19,42,20,736.00,"14,720.00"
2019-11-14,2019111401003077,DHPL,43,32,10,53.00,530.00
2019-11-14,2019111401003071,DHPL,43,32,10,53.00,530.00
2019-11-14,2019111401003374,EBL,33,16,100,552.00,"55,200.00"
2019-11-14,2019111401003373,EBL,50,16,50,553.00,"27,650.00"
2019-11-14,2019111401003259,EBL,33,16,60,552.00,"33,120.00"
2019-11-14,2019111401003066,EBL,33,25,266,552.00,"146,832.00"
2019-11-14,2019111401003054,EBL,33,13,66,552.00,"36,432.00"
2019-11-14,2019111401003095,EIC,57,38,55,221.00,"12,155.00"
2019-11-14,2019111401003357,FMDBL,42,57,25,308.00,"7,700.00"
2019-11-14,2019111401003201,FMDBL,22,19,10,306.00,"3,060.00"
2019-11-14,2019111401003164,FMDBL,55,19,192,308.00,"59,136.00"
2019-11-14,2019111401003511,FOWAD,21,45,100,"1,345.00","134,500.00"
2019-11-14,2019111401003475,GBBL,39,4,150,221.00,"33,150.00"
2019-11-14,2019111401003483,GBLBS,11,6,40,307.00,"12,280.00"
2019-11-14,2019111401003415,GBLBS,42,41,15,306.00,"4,590.00"
2019-11-14,2019111401003235,GBLBS,42,17,15,306.00,"4,590.00"
2019-11-14,2019111401003104,GBLBS,11,42,37,305.00,"11,285.00"
2019-11-14,2019111401003499,GIMES1,7,26,"1,000",8.16,"8,160.00"
2019-11-14,2019111401003414,GIMES1,7,26,100,8.16,816.00
2019-11-14,2019111401003413,GIMES1,7,26,"1,200",8.17,"9,804.00"
2019-11-14,2019111401003323,GIMES1,7,32,100,8.32,832.00
2019-11-14,2019111401003340,GLBSL,42,19,25,415.00,"10,375.00"
2019-11-14,2019111401003447,GLICL,25,22,49,358.00,"17,542.00"
2019-11-14,2019111401003385,GMFBS,42,50,20,480.00,"9,600.00"
2019-11-14,2019111401003207,GMFBS,39,50,30,480.00,"14,400.00"
2019-11-14,2019111401003206,GMFBS,39,48,10,479.00,"4,790.00"
2019-11-14,2019111401003205,GMFBS,39,47,10,479.00,"4,790.00"
2019-11-14,2019111401003204,GMFBS,39,6,10,479.00,"4,790.00"
2019-11-14,2019111401003203,GMFBS,39,29,10,478.00,"4,780.00"
2019-11-14,2019111401003076,GMFBS,57,21,10,473.00,"4,730.00"
2019-11-14,2019111401003070,GMFBS,57,42,10,473.00,"4,730.00"
2019-11-14,2019111401003063,GMFBS,57,17,10,473.00,"4,730.00"
2019-11-14,2019111401003408,HDL,58,39,10,"1,815.00","18,150.00"
2019-11-14,2019111401003221,HDL,28,58,15,"1,801.00","27,015.00"
2019-11-14,2019111401003160,HDL,8,58,125,"1,801.00","225,125.00"
2019-11-14,2019111401003122,HDL,48,58,255,"1,801.00","459,255.00"
2019-11-14,2019111401003117,HDL,4,58,90,"1,801.00","162,090.00"
2019-11-14,2019111401003055,HDL,21,58,155,"1,801.00","279,155.00"
2019-11-14,2019111401003390,HIDCL,8,39,430,131.00,"56,330.00"
2019-11-14,2019111401003389,HIDCL,28,39,14,131.00,"1,834.00"
2019-11-14,2019111401003426,HPPL,45,34,10,143.00,"1,430.00"
2019-11-14,2019111401003421,HPPL,55,39,10,139.00,"1,390.00"
2019-11-14,2019111401003199,HPPL,55,16,10,139.00,"1,390.00"
2019-11-14,2019111401003491,ILBS,14,22,10,464.00,"4,640.00"
2019-11-14,2019111401003482,ILBS,14,22,10,464.00,"4,640.00"
2019-11-14,2019111401003420,ILBS,14,20,10,464.00,"4,640.00"
2019-11-14,2019111401003411,ILBS,14,20,10,464.00,"4,640.00"
2019-11-14,2019111401003404,ILBS,14,20,10,464.00,"4,640.00"
2019-11-14,2019111401003403,ILBS,14,6,10,464.00,"4,640.00"
2019-11-14,2019111401003508,JBBL,39,42,38,157.00,"5,966.00"
2019-11-14,2019111401003442,JBBL,39,6,40,157.00,"6,280.00"
2019-11-14,2019111401003441,JBBL,39,52,102,157.00,"16,014.00"
2019-11-14,2019111401003440,JBBL,39,56,100,157.00,"15,700.00"
2019-11-14,2019111401003433,JOSHI,33,57,20,54.00,"1,080.00"
2019-11-14,2019111401003423,JOSHI,33,39,20,54.00,"1,080.00"
2019-11-14,2019111401003344,JOSHI,33,21,10,54.00,540.00
2019-11-14,2019111401003343,JOSHI,38,21,10,54.00,540.00
2019-11-14,2019111401003270,JOSHI,38,21,20,54.00,"1,080.00"
2019-11-14,2019111401003223,JOSHI,38,21,20,54.00,"1,080.00"
2019-11-14,2019111401003111,JOSHI,38,21,20,54.00,"1,080.00"
2019-11-14,2019111401003094,JOSHI,38,21,20,54.00,"1,080.00"
2019-11-14,2019111401003037,JOSHI,38,21,20,54.00,"1,080.00"
2019-11-14,2019111401003513,KBL,49,38,700,178.00,"124,600.00"
2019-11-14,2019111401003445,KBL,49,13,600,178.00,"106,800.00"
2019-11-14,2019111401003371,KBL,49,32,500,178.00,"89,000.00"
2019-11-14,2019111401003209,KBL,21,4,250,179.00,"44,750.00"
2019-11-14,2019111401003448,LBBL,22,47,27,170.00,"4,590.00"
2019-11-14,2019111401003242,LBBL,33,54,"1,000",171.00,"171,000.00"
2019-11-14,2019111401003178,LBBL,55,25,500,171.00,"85,500.00"
2019-11-14,2019111401003177,LBBL,35,25,200,171.00,"34,200.00"
2019-11-14,2019111401003176,LBBL,42,25,150,171.00,"25,650.00"
2019-11-14,2019111401003455,LBL,45,37,120,218.00,"26,160.00"
2019-11-14,2019111401003257,LBL,35,37,50,218.00,"10,900.00"
2019-11-14,2019111401003232,LBL,40,37,268,218.00,"58,424.00"
2019-11-14,2019111401003231,LBL,40,45,232,218.00,"50,576.00"
2019-11-14,2019111401003228,LGIL,49,22,440,315.00,"138,600.00"
2019-11-14,2019111401003227,LGIL,49,22,392,315.00,"123,480.00"
2019-11-14,2019111401003500,MBL,44,25,300,224.00,"67,200.00"
2019-11-14,2019111401003391,MBL,44,25,100,224.00,"22,400.00"
2019-11-14,2019111401003310,MBL,44,7,300,224.00,"67,200.00"
2019-11-14,2019111401003124,MBL,44,7,300,224.00,"67,200.00"
2019-11-14,2019111401003481,MEGA,28,38,"1,000",183.00,"183,000.00"
2019-11-14,2019111401003474,MEGA,28,44,999,183.00,"182,817.00"
2019-11-14,2019111401003473,MEGA,13,44,"1,000",183.00,"183,000.00"
2019-11-14,2019111401003472,MEGA,34,44,"1,000",183.00,"183,000.00"
2019-11-14,2019111401003029,MEGA,44,8,100,184.00,"18,400.00"
2019-11-14,2019111401003220,MEGA,44,6,200,184.00,"36,800.00"
2019-11-14,2019111401003335,MEGA,21,6,80,184.00,"14,720.00"
2019-11-14,2019111401003334,MEGA,21,6,20,184.00,"3,680.00"
2019-11-14,2019111401003350,MEGA,44,6,300,184.00,"55,200.00"
2019-11-14,2019111401003381,MEGA,14,8,130,184.00,"23,920.00"
2019-11-14,2019111401003380,MEGA,14,6,20,184.00,"3,680.00"
2019-11-14,2019111401003471,MEGA,25,44,100,183.00,"18,300.00"
2019-11-14,2019111401003470,MEGA,36,44,100,183.00,"18,300.00"
2019-11-14,2019111401003469,MEGA,1,44,406,183.00,"74,298.00"
2019-11-14,2019111401003432,MEGA,1,39,75,183.00,"13,725.00"
2019-11-14,2019111401003480,MERO,21,21,1,414.00,414.00
2019-11-14,2019111401003402,MLBBL,34,26,20,439.00,"8,780.00"
2019-11-14,2019111401003401,MLBBL,14,26,20,439.00,"8,780.00"
2019-11-14,2019111401003517,MNBBL,52,53,50,317.00,"15,850.00"
2019-11-14,2019111401003032,MNBBL,52,4,24,317.00,"7,608.00"
2019-11-14,2019111401003295,NABIL,33,47,20,749.00,"14,980.00"
2019-11-14,2019111401003294,NABIL,35,47,100,749.00,"74,900.00"
2019-11-14,2019111401003224,NABIL,26,8,120,750.00,"90,000.00"
2019-11-14,2019111401003213,NABIL,19,8,10,750.00,"7,500.00"
2019-11-14,2019111401003212,NABIL,41,8,50,752.00,"37,600.00"
2019-11-14,2019111401003064,NABIL,41,22,100,752.00,"75,200.00"
2019-11-14,2019111401003395,NADEP,8,49,50,399.00,"19,950.00"
2019-11-14,2019111401003477,NBL,43,22,"1,000",308.00,"308,000.00"
2019-11-14,2019111401003370,NBL,44,22,300,308.00,"92,400.00"
2019-11-14,2019111401003158,NBL,36,34,363,310.00,"112,530.00"
2019-11-14,2019111401003157,NBL,36,4,"1,000",309.00,"309,000.00"
2019-11-14,2019111401003156,NBL,36,13,387,309.00,"119,583.00"
2019-11-14,2019111401003155,NBL,36,5,500,309.00,"154,500.00"
2019-11-14,2019111401003090,NBL,43,35,500,308.00,"154,000.00"
2019-11-14,2019111401003089,NBL,43,57,100,308.00,"30,800.00"
2019-11-14,2019111401003088,NBL,43,3,100,308.00,"30,800.00"
2019-11-14,2019111401003074,NBL,14,3,50,308.00,"15,400.00"
2019-11-14,2019111401003073,NBL,14,6,50,308.00,"15,400.00"
2019-11-14,2019111401003154,NBL,36,38,500,309.00,"154,500.00"
2019-11-14,2019111401003153,NBL,36,57,"1,000",309.00,"309,000.00"
2019-11-14,2019111401003152,NBL,36,51,100,309.00,"30,900.00"
2019-11-14,2019111401003151,NBL,36,46,100,309.00,"30,900.00"
2019-11-14,2019111401003150,NBL,36,34,30,309.00,"9,270.00"
2019-11-14,2019111401003149,NBL,36,45,200,309.00,"61,800.00"
2019-11-14,2019111401003353,NCCB,52,7,350,203.00,"71,050.00"
2019-11-14,2019111401003352,NCCB,17,7,650,203.00,"131,950.00"
2019-11-14,2019111401003341,NCCB,44,34,300,204.00,"61,200.00"
2019-11-14,2019111401003309,NCCB,17,6,350,203.00,"71,050.00"
2019-11-14,2019111401003308,NCCB,19,6,100,203.00,"20,300.00"
2019-11-14,2019111401003307,NCCB,39,6,50,203.00,"10,150.00"
2019-11-14,2019111401003260,NCCB,4,34,437,204.00,"89,148.00"
2019-11-14,2019111401003247,NCCB,4,34,"1,000",204.00,"204,000.00"
2019-11-14,2019111401003246,NCCB,4,4,160,204.00,"32,640.00"
2019-11-14,2019111401003245,NCCB,4,34,403,204.00,"82,212.00"
2019-11-14,2019111401003459,NGPL,49,47,10,99.00,990.00
2019-11-14,2019111401003427,NHPC,45,49,400,52.00,"20,800.00"
2019-11-14,2019111401003267,NHPC,42,42,500,51.00,"25,500.00"
2019-11-14,2019111401003266,NHPC,32,42,"1,000",51.00,"51,000.00"
2019-11-14,2019111401003198,NHPC,49,49,100,52.00,"5,200.00"
2019-11-14,2019111401003492,NIB,58,19,10,435.00,"4,350.00"
2019-11-14,2019111401003490,NIB,44,19,300,435.00,"130,500.00"
2019-11-14,2019111401003467,NIB,3,19,20,435.00,"8,700.00"
2019-11-14,2019111401003276,NIB,45,17,13,434.00,"5,642.00"
2019-11-14,2019111401003222,NIB,45,13,50,434.00,"21,700.00"
2019-11-14,2019111401003038,NIB,33,4,28,433.00,"12,124.00"
2019-11-14,2019111401003118,NIBPO,14,49,200,400.00,"80,000.00"
2019-11-14,2019111401003101,NIBPO,14,49,100,400.00,"40,000.00"
2019-11-14,2019111401003039,NIBPO,14,49,10,400.00,"4,000.00"
2019-11-14,2019111401003035,NIBPO,14,49,10,400.00,"4,000.00"
2019-11-14,2019111401003449,NICA,10,39,100,403.00,"40,300.00"
2019-11-14,2019111401003321,NICA,10,38,191,403.00,"76,973.00"
2019-11-14,2019111401003134,NICA,38,55,40,404.00,"16,160.00"
2019-11-14,2019111401003028,NICA,10,39,10,403.00,"4,030.00"
2019-11-14,2019111401003502,NLBBL,55,45,70,500.00,"35,000.00"
2019-11-14,2019111401003192,NLBBL,50,42,192,500.00,"96,000.00"
2019-11-14,2019111401003057,NLG,50,4,15,525.00,"7,875.00"
2019-11-14,2019111401003505,NLIC,53,50,70,785.00,"54,950.00"
2019-11-14,2019111401003504,NLIC,53,55,200,785.00,"157,000.00"
2019-11-14,2019111401003503,NLIC,53,28,339,785.00,"266,115.00"
2019-11-14,2019111401003388,NLIC,32,28,50,785.00,"39,250.00"
2019-11-14,2019111401003285,NLIC,21,28,40,785.00,"31,400.00"
2019-11-14,2019111401003169,NLIC,7,28,300,785.00,"235,500.00"
2019-11-14,2019111401003084,NLIC,34,34,1,770.00,770.00
2019-11-14,2019111401003048,NLIC,16,4,22,784.00,"17,248.00"
2019-11-14,2019111401003465,NLICL,44,19,27,417.00,"11,259.00"
2019-11-14,2019111401003386,NLICL,44,43,454,417.00,"189,318.00"
2019-11-14,2019111401003376,NLICL,44,43,35,417.00,"14,595.00"
2019-11-14,2019111401003368,NLICL,44,43,231,417.00,"96,327.00"
2019-11-14,2019111401003367,NLICL,20,43,480,417.00,"200,160.00"
2019-11-14,2019111401003366,NLICL,55,43,50,417.00,"20,850.00"
2019-11-14,2019111401003365,NLICL,16,43,15,418.00,"6,270.00"
2019-11-14,2019111401003364,NLICL,56,43,252,418.00,"105,336.00"
2019-11-14,2019111401003363,NLICL,53,43,105,418.00,"43,890.00"
2019-11-14,2019111401003362,NLICL,1,43,25,418.00,"10,450.00"
2019-11-14,2019111401003147,NLICL,1,19,25,418.00,"10,450.00"
2019-11-14,2019111401003479,NMB,17,45,250,380.00,"95,000.00"
2019-11-14,2019111401003461,NMB,40,45,500,380.00,"190,000.00"
2019-11-14,2019111401003454,NMB,17,45,200,380.00,"76,000.00"
2019-11-14,2019111401003336,NMB,50,45,100,380.00,"38,000.00"
2019-11-14,2019111401003290,NMB,28,45,915,380.00,"347,700.00"
2019-11-14,2019111401003275,NMB,56,45,13,380.00,"4,940.00"
2019-11-14,2019111401003131,NMB,34,36,400,380.00,"152,000.00"
2019-11-14,2019111401003130,NMB,6,36,306,380.00,"116,280.00"
2019-11-14,2019111401003119,NMB,6,45,33,380.00,"12,540.00"
2019-11-14,2019111401003075,NMB,6,45,126,380.00,"47,880.00"
2019-11-14,2019111401003036,NMB,6,16,126,380.00,"47,880.00"
2019-11-14,2019111401003143,NMB,39,53,100,380.00,"38,000.00"
2019-11-14,2019111401003142,NMB,45,53,100,380.00,"38,000.00"
2019-11-14,2019111401003141,NMB,40,53,100,380.00,"38,000.00"
2019-11-14,2019111401003140,NMB,49,53,31,380.00,"11,780.00"
2019-11-14,2019111401003139,NMB,38,53,206,380.00,"78,280.00"
2019-11-14,2019111401003132,NMB,38,36,294,380.00,"111,720.00"
2019-11-14,2019111401003219,NMB,6,19,200,381.00,"76,200.00"
2019-11-14,2019111401003163,NMB,25,25,169,380.00,"64,220.00"
2019-11-14,2019111401003162,NMB,42,25,831,380.00,"315,780.00"
2019-11-14,2019111401003146,NMB,42,53,169,380.00,"64,220.00"
2019-11-14,2019111401003145,NMB,22,53,150,380.00,"57,000.00"
2019-11-14,2019111401003144,NMB,45,53,50,380.00,"19,000.00"
2019-11-14,2019111401003250,NMB,35,32,162,380.00,"61,560.00"
2019-11-14,2019111401003249,NMB,22,32,10,380.00,"3,800.00"
2019-11-14,2019111401003248,NMB,45,32,328,380.00,"124,640.00"
2019-11-14,2019111401003240,NMB,45,32,172,380.00,"65,360.00"
2019-11-14,2019111401003239,NMB,16,32,200,380.00,"76,000.00"
2019-11-14,2019111401003238,NMB,25,32,131,380.00,"49,780.00"
2019-11-14,2019111401003262,NMB,56,56,25,380.00,"9,500.00"
2019-11-14,2019111401003256,NMB,56,32,162,380.00,"61,560.00"
2019-11-14,2019111401003255,NMB,43,32,"1,000",380.00,"380,000.00"
2019-11-14,2019111401003254,NMB,14,32,100,380.00,"38,000.00"
2019-11-14,2019111401003253,NMB,41,32,300,380.00,"114,000.00"
2019-11-14,2019111401003252,NMB,35,32,338,380.00,"128,440.00"
2019-11-14,2019111401003396,NMFBS,47,44,15,"1,710.00","25,650.00"
2019-11-14,2019111401003351,NMFBS,47,8,50,"1,709.00","85,450.00"
2019-11-14,2019111401003311,NNLB,44,40,100,464.00,"46,400.00"
2019-11-14,2019111401003244,NTC,26,28,100,620.00,"62,000.00"
2019-11-14,2019111401003243,NTC,50,28,20,620.00,"12,400.00"
2019-11-14,2019111401003175,NTC,43,25,120,624.00,"74,880.00"
2019-11-14,2019111401003123,NUBL,38,49,56,900.00,"50,400.00"
2019-11-14,2019111401003356,PCBL,19,6,381,269.00,"102,489.00"
2019-11-14,2019111401003272,PFL,33,43,100,135.00,"13,500.00"
2019-11-14,2019111401003271,PFL,25,43,28,135.00,"3,780.00"
2019-11-14,2019111401003025,PIC,19,22,22,360.00,"7,920.00"
2019-11-14,2019111401003024,PIC,19,50,20,360.00,"7,200.00"
2019-11-14,2019111401003358,PMHPL,49,6,10,84.00,840.00
2019-11-14,2019111401003484,PPCL,14,16,30,102.00,"3,060.00"
2019-11-14,2019111401003072,PPCL,14,16,30,102.00,"3,060.00"
2019-11-14,2019111401003274,PRIN,49,52,436,310.00,"135,160.00"
2019-11-14,2019111401003424,PRVU,36,16,100,226.00,"22,600.00"
2019-11-14,2019111401003320,PRVU,36,42,100,226.00,"22,600.00"
2019-11-14,2019111401003318,PRVU,13,44,500,227.00,"113,500.00"
2019-11-14,2019111401003317,PRVU,13,21,905,227.00,"205,435.00"
2019-11-14,2019111401003293,PRVU,13,21,"1,095",227.00,"248,565.00"
2019-11-14,2019111401003292,PRVU,13,21,905,227.00,"205,435.00"
2019-11-14,2019111401003397,RADHI,54,6,90,150.00,"13,500.00"
2019-11-14,2019111401003306,RADHI,54,22,52,150.00,"7,800.00"
2019-11-14,2019111401003226,RADHI,38,41,26,155.00,"4,030.00"
2019-11-14,2019111401003225,RADHI,38,44,24,155.00,"3,720.00"
2019-11-14,2019111401003115,RADHI,54,19,11,153.00,"1,683.00"
2019-11-14,2019111401003114,RADHI,54,13,814,153.00,"124,542.00"
2019-11-14,2019111401003033,RADHI,21,21,1,143.00,143.00
2019-11-14,2019111401003083,RADHI,54,1,12,147.00,"1,764.00"
2019-11-14,2019111401003082,RADHI,54,1,12,147.00,"1,764.00"
2019-11-14,2019111401003081,RADHI,54,1,12,147.00,"1,764.00"
2019-11-14,2019111401003080,RADHI,54,1,11,147.00,"1,617.00"
2019-11-14,2019111401003079,RADHI,54,1,12,147.00,"1,764.00"
2019-11-14,2019111401003078,RADHI,54,44,341,147.00,"50,127.00"
2019-11-14,2019111401003113,RADHI,54,44,14,153.00,"2,142.00"
2019-11-14,2019111401003112,RADHI,54,17,254,152.00,"38,608.00"
2019-11-14,2019111401003103,RADHI,54,25,55,151.00,"8,305.00"
2019-11-14,2019111401003093,RADHI,54,45,13,149.00,"1,937.00"
2019-11-14,2019111401003092,RADHI,54,57,220,149.00,"32,780.00"
2019-11-14,2019111401003091,RADHI,54,48,11,149.00,"1,639.00"
2019-11-14,2019111401003324,RBCL,6,6,10,"8,260.00","82,600.00"
2019-11-14,2019111401003507,RHPL,44,21,30,167.00,"5,010.00"
2019-11-14,2019111401003506,RHPL,44,16,30,167.00,"5,010.00"
2019-11-14,2019111401003501,RHPL,44,29,40,167.00,"6,680.00"
2019-11-14,2019111401003460,RHPL,44,44,30,167.00,"5,010.00"
2019-11-14,2019111401003451,RHPL,59,59,500,168.00,"84,000.00"
2019-11-14,2019111401003450,RHPL,58,59,270,168.00,"45,360.00"
2019-11-14,2019111401003026,RHPL,59,21,30,169.00,"5,070.00"
2019-11-14,2019111401003022,RHPL,59,44,30,169.00,"5,070.00"
2019-11-14,2019111401003021,RHPL,59,7,40,169.00,"6,760.00"
2019-11-14,2019111401003069,RHPL,59,7,40,169.00,"6,760.00"
2019-11-14,2019111401003067,RHPL,59,44,30,169.00,"5,070.00"
2019-11-14,2019111401003060,RHPL,40,19,361,170.00,"61,370.00"
2019-11-14,2019111401003049,RHPL,59,7,40,169.00,"6,760.00"
2019-11-14,2019111401003040,RHPL,59,44,30,169.00,"5,070.00"
2019-11-14,2019111401003031,RHPL,59,7,40,169.00,"6,760.00"
2019-11-14,2019111401003106,RHPL,59,7,10,169.00,"1,690.00"
2019-11-14,2019111401003105,RHPL,59,7,30,169.00,"5,070.00"
2019-11-14,2019111401003098,RHPL,59,7,40,169.00,"6,760.00"
2019-11-14,2019111401003087,RHPL,59,44,30,169.00,"5,070.00"
2019-11-14,2019111401003086,RHPL,59,16,30,169.00,"5,070.00"
2019-11-14,2019111401003085,RHPL,59,7,40,169.00,"6,760.00"
2019-11-14,2019111401003182,RHPL,59,20,40,169.00,"6,760.00"
2019-11-14,2019111401003171,RHPL,59,7,40,169.00,"6,760.00"
2019-11-14,2019111401003161,RHPL,59,44,30,169.00,"5,070.00"
2019-11-14,2019111401003129,RHPL,59,7,40,169.00,"6,760.00"
2019-11-14,2019111401003128,RHPL,59,44,30,169.00,"5,070.00"
2019-11-14,2019111401003120,RHPL,59,7,40,169.00,"6,760.00"
2019-11-14,2019111401003216,RHPL,59,7,50,169.00,"8,450.00"
2019-11-14,2019111401003208,RHPL,59,20,40,169.00,"6,760.00"
2019-11-14,2019111401003191,RHPL,59,7,410,169.00,"69,290.00"
2019-11-14,2019111401003186,RHPL,59,44,30,169.00,"5,070.00"
2019-11-14,2019111401003185,RHPL,59,7,40,169.00,"6,760.00"
2019-11-14,2019111401003184,RHPL,59,16,40,169.00,"6,760.00"
2019-11-14,2019111401003268,RHPL,45,56,10,169.00,"1,690.00"
2019-11-14,2019111401003263,RHPL,45,21,30,169.00,"5,070.00"
2019-11-14,2019111401003261,RHPL,59,20,40,169.00,"6,760.00"
2019-11-14,2019111401003241,RHPL,59,20,40,169.00,"6,760.00"
2019-11-14,2019111401003230,RHPL,59,7,50,169.00,"8,450.00"
2019-11-14,2019111401003217,RHPL,59,21,30,169.00,"5,070.00"
2019-11-14,2019111401003339,RHPL,58,20,40,168.00,"6,720.00"
2019-11-14,2019111401003314,RHPL,53,17,500,169.00,"84,500.00"
2019-11-14,2019111401003313,RHPL,4,17,100,169.00,"16,900.00"
2019-11-14,2019111401003312,RHPL,45,17,80,169.00,"13,520.00"
2019-11-14,2019111401003291,RHPL,45,20,40,169.00,"6,760.00"
2019-11-14,2019111401003273,RHPL,45,20,40,169.00,"6,760.00"
2019-11-14,2019111401003422,RHPL,58,16,30,168.00,"5,040.00"
2019-11-14,2019111401003394,RHPL,58,20,40,168.00,"6,720.00"
2019-11-14,2019111401003393,RHPL,25,35,500,168.00,"84,000.00"
2019-11-14,2019111401003379,RHPL,58,29,50,168.00,"8,400.00"
2019-11-14,2019111401003378,RHPL,58,20,40,168.00,"6,720.00"
2019-11-14,2019111401003354,RHPL,58,20,40,168.00,"6,720.00"
2019-11-14,2019111401003159,RRHP,22,32,10,100.00,"1,000.00"
2019-11-14,2019111401003136,RRHP,22,32,10,100.00,"1,000.00"
2019-11-14,2019111401003387,RSDC,35,44,40,323.00,"12,920.00"
2019-11-14,2019111401003316,RSDC,16,8,145,324.00,"46,980.00"
2019-11-14,2019111401003133,RSDC,46,54,21,323.00,"6,783.00"
2019-11-14,2019111401003127,RSDC,51,8,20,324.00,"6,480.00"
2019-11-14,2019111401003485,SABSL,28,48,10,553.00,"5,530.00"
2019-11-14,2019111401003468,SABSL,28,48,10,553.00,"5,530.00"
2019-11-14,2019111401003464,SABSL,28,48,10,553.00,"5,530.00"
2019-11-14,2019111401003453,SABSL,28,48,10,553.00,"5,530.00"
2019-11-14,2019111401003444,SABSL,28,48,10,553.00,"5,530.00"
2019-11-14,2019111401003428,SABSL,28,48,10,553.00,"5,530.00"
2019-11-14,2019111401003188,SABSL,28,48,10,561.00,"5,610.00"
2019-11-14,2019111401003181,SABSL,28,42,100,565.00,"56,500.00"
2019-11-14,2019111401003180,SABSL,28,39,10,564.00,"5,640.00"
2019-11-14,2019111401003179,SABSL,28,21,10,563.00,"5,630.00"
2019-11-14,2019111401003041,SABSL,21,16,10,560.00,"5,600.00"
2019-11-14,2019111401003301,SABSL,38,57,100,557.00,"55,700.00"
2019-11-14,2019111401003300,SABSL,28,57,50,559.00,"27,950.00"
2019-11-14,2019111401003299,SABSL,33,57,200,560.00,"112,000.00"
2019-11-14,2019111401003298,SABSL,59,57,10,560.00,"5,600.00"
2019-11-14,2019111401003297,SABSL,21,57,180,560.00,"100,800.00"
2019-11-14,2019111401003296,SABSL,28,57,10,561.00,"5,610.00"
2019-11-14,2019111401003329,SABSL,43,57,200,554.00,"110,800.00"
2019-11-14,2019111401003328,SABSL,34,57,100,555.00,"55,500.00"
2019-11-14,2019111401003327,SABSL,28,57,200,556.00,"111,200.00"
2019-11-14,2019111401003304,SABSL,5,57,100,556.00,"55,600.00"
2019-11-14,2019111401003303,SABSL,28,57,100,556.00,"55,600.00"
2019-11-14,2019111401003302,SABSL,28,57,40,556.00,"22,240.00"
2019-11-14,2019111401003419,SABSL,28,48,10,553.00,"5,530.00"
2019-11-14,2019111401003342,SABSL,28,57,20,552.00,"11,040.00"
2019-11-14,2019111401003333,SABSL,47,57,100,552.00,"55,200.00"
2019-11-14,2019111401003332,SABSL,40,57,260,552.00,"143,520.00"
2019-11-14,2019111401003331,SABSL,28,57,100,553.00,"55,300.00"
2019-11-14,2019111401003330,SABSL,34,57,20,553.00,"11,060.00"
2019-11-14,2019111401003431,SANIMA,33,44,200,305.00,"61,000.00"
2019-11-14,2019111401003430,SANIMA,44,44,100,305.00,"30,500.00"
2019-11-14,2019111401003410,SANIMA,33,35,30,305.00,"9,150.00"
2019-11-14,2019111401003407,SANIMA,44,35,300,305.00,"91,500.00"
2019-11-14,2019111401003406,SANIMA,47,35,20,305.00,"6,100.00"
2019-11-14,2019111401003405,SANIMA,47,35,100,305.00,"30,500.00"
2019-11-14,2019111401003326,SANIMA,47,44,100,305.00,"30,500.00"
2019-11-14,2019111401003325,SANIMA,20,44,200,305.00,"61,000.00"
2019-11-14,2019111401003167,SANIMA,44,44,300,305.00,"91,500.00"
2019-11-14,2019111401003100,SANIMA,38,35,125,306.00,"38,250.00"
2019-11-14,2019111401003023,SANIMA,44,44,500,305.00,"152,500.00"
2019-11-14,2019111401003135,SAPDBL,52,16,200,121.00,"24,200.00"
2019-11-14,2019111401003518,SBI,33,37,64,402.00,"25,728.00"
2019-11-14,2019111401003418,SBI,33,6,19,402.00,"7,638.00"
2019-11-14,2019111401003417,SBI,35,6,50,402.00,"20,100.00"
2019-11-14,2019111401003210,SBI,16,6,52,403.00,"20,956.00"
2019-11-14,2019111401003045,SBI,16,13,27,403.00,"10,881.00"
2019-11-14,2019111401003512,SBL,58,37,17,289.00,"4,913.00"
2019-11-14,2019111401003338,SBL,58,42,26,289.00,"7,514.00"
2019-11-14,2019111401003110,SBL,38,42,74,289.00,"21,386.00"
2019-11-14,2019111401003109,SBL,38,32,60,289.00,"17,340.00"
2019-11-14,2019111401003108,SBL,38,32,56,289.00,"16,184.00"
2019-11-14,2019111401003053,SBL,44,32,24,289.00,"6,936.00"
2019-11-14,2019111401003052,SBL,44,32,40,289.00,"11,560.00"
2019-11-14,2019111401003051,SBL,44,43,36,289.00,"10,404.00"
2019-11-14,2019111401003050,SBL,44,6,100,289.00,"28,900.00"
2019-11-14,2019111401003462,SCB,38,39,10,547.00,"5,470.00"
2019-11-14,2019111401003452,SCB,17,39,10,548.00,"5,480.00"
2019-11-14,2019111401003377,SCB,46,22,20,549.00,"10,980.00"
2019-11-14,2019111401003165,SCB,17,22,90,548.00,"49,320.00"
2019-11-14,2019111401003046,SCB,38,6,200,547.00,"109,400.00"
2019-11-14,2019111401003375,SDESI,16,16,3,640.00,"1,920.00"
2019-11-14,2019111401003170,SFFIL,21,19,100,179.00,"17,900.00"
2019-11-14,2019111401003497,SHIVM,1,45,10,480.00,"4,800.00"
2019-11-14,2019111401003496,SHIVM,44,45,200,480.00,"96,000.00"
2019-11-14,2019111401003495,SHIVM,36,45,40,480.00,"19,200.00"
2019-11-14,2019111401003494,SHIVM,50,45,100,480.00,"48,000.00"
2019-11-14,2019111401003493,SHIVM,48,45,410,480.00,"196,800.00"
2019-11-14,2019111401003439,SHIVM,48,17,90,480.00,"43,200.00"
2019-11-14,2019111401003286,SHIVM,5,41,40,481.00,"19,240.00"
2019-11-14,2019111401003438,SHIVM,57,17,100,480.00,"48,000.00"
2019-11-14,2019111401003437,SHIVM,19,17,100,480.00,"48,000.00"
2019-11-14,2019111401003436,SHIVM,28,17,100,480.00,"48,000.00"
2019-11-14,2019111401003435,SHIVM,34,17,100,481.00,"48,100.00"
2019-11-14,2019111401003434,SHIVM,59,17,100,481.00,"48,100.00"
2019-11-14,2019111401003287,SHIVM,1,41,10,481.00,"4,810.00"
2019-11-14,2019111401003281,SHL,1,50,100,207.00,"20,700.00"
2019-11-14,2019111401003478,SICL,56,37,31,737.00,"22,847.00"
2019-11-14,2019111401003315,SICL,7,7,6,738.00,"4,428.00"
2019-11-14,2019111401003515,SJCL,44,16,20,163.00,"3,260.00"
2019-11-14,2019111401003510,SJCL,44,29,20,163.00,"3,260.00"
2019-11-14,2019111401003099,SJCL,29,16,20,164.00,"3,280.00"
2019-11-14,2019111401003062,SJCL,29,44,20,164.00,"3,280.00"
2019-11-14,2019111401003047,SJCL,29,44,20,164.00,"3,280.00"
2019-11-14,2019111401003034,SJCL,29,7,20,164.00,"3,280.00"
2019-11-14,2019111401003027,SJCL,29,44,20,164.00,"3,280.00"
2019-11-14,2019111401003173,SJCL,29,32,10,164.00,"1,640.00"
2019-11-14,2019111401003168,SJCL,29,44,20,164.00,"3,280.00"
2019-11-14,2019111401003166,SJCL,4,4,100,165.00,"16,500.00"
2019-11-14,2019111401003125,SJCL,29,44,10,164.00,"1,640.00"
2019-11-14,2019111401003121,SJCL,29,32,200,164.00,"32,800.00"
2019-11-14,2019111401003102,SJCL,29,44,20,164.00,"3,280.00"
2019-11-14,2019111401003218,SJCL,44,20,10,163.00,"1,630.00"
2019-11-14,2019111401003211,SJCL,29,20,10,164.00,"1,640.00"
2019-11-14,2019111401003190,SJCL,29,16,20,164.00,"3,280.00"
2019-11-14,2019111401003189,SJCL,29,20,20,164.00,"3,280.00"
2019-11-14,2019111401003183,SJCL,29,44,20,164.00,"3,280.00"
2019-11-14,2019111401003305,SJCL,44,20,20,163.00,"3,260.00"
2019-11-14,2019111401003280,SJCL,44,20,20,163.00,"3,260.00"
2019-11-14,2019111401003265,SJCL,44,20,20,163.00,"3,260.00"
2019-11-14,2019111401003251,SJCL,44,20,20,163.00,"3,260.00"
2019-11-14,2019111401003369,SJCL,44,20,20,163.00,"3,260.00"
2019-11-14,2019111401003349,SJCL,25,45,980,164.00,"160,720.00"
2019-11-14,2019111401003348,SJCL,25,56,10,164.00,"1,640.00"
2019-11-14,2019111401003347,SJCL,25,56,10,164.00,"1,640.00"
2019-11-14,2019111401003345,SJCL,44,20,20,163.00,"3,260.00"
2019-11-14,2019111401003425,SJCL,44,16,20,163.00,"3,260.00"
2019-11-14,2019111401003398,SJCL,44,20,20,163.00,"3,260.00"
2019-11-14,2019111401003384,SJCL,44,29,20,163.00,"3,260.00"
2019-11-14,2019111401003382,SJCL,44,20,20,163.00,"3,260.00"
2019-11-14,2019111401003466,SJCL,44,44,20,163.00,"3,260.00"
2019-11-14,2019111401003463,SJCL,44,29,20,163.00,"3,260.00"
2019-11-14,2019111401003514,SKBBL,57,42,132,935.00,"123,420.00"
2019-11-14,2019111401003488,SKBBL,57,59,50,935.00,"46,750.00"
2019-11-14,2019111401003487,SKBBL,55,59,50,935.00,"46,750.00"
2019-11-14,2019111401003258,SLBBL,50,42,100,594.00,"59,400.00"
2019-11-14,2019111401003476,SLBSL,58,39,10,719.00,"7,190.00"
2019-11-14,2019111401003278,SLICL,25,41,282,257.00,"72,474.00"
2019-11-14,2019111401003277,SLICL,17,41,50,257.00,"12,850.00"
2019-11-14,2019111401003148,SLICL,17,42,50,257.00,"12,850.00"
2019-11-14,2019111401003065,SMB,26,36,10,427.00,"4,270.00"
2019-11-14,2019111401003056,SMB,26,42,30,425.00,"12,750.00"
2019-11-14,2019111401003361,SMFBS,34,29,10,800.00,"8,000.00"
2019-11-14,2019111401003360,SMFBS,34,40,10,800.00,"8,000.00"
2019-11-14,2019111401003359,SMFBS,34,8,10,794.00,"7,940.00"
2019-11-14,2019111401003399,SPDL,29,6,10,73.00,730.00
2019-11-14,2019111401003068,SRBL,17,22,153,211.00,"32,283.00"
2019-11-14,2019111401003044,TMDBL,14,59,100,147.00,"14,700.00"
2019-11-14,2019111401003043,TMDBL,7,59,"1,000",147.00,"147,000.00"
2019-11-14,2019111401003042,TMDBL,40,59,500,148.00,"74,000.00"
2019-11-14,2019111401003383,UNHPL,45,22,50,52.00,"2,600.00"
2019-11-14,2019111401003489,UPPER,49,39,50,230.00,"11,500.00"
2019-11-14,2019111401003486,UPPER,49,29,50,230.00,"11,500.00"
2019-11-14,2019111401003446,UPPER,49,29,50,230.00,"11,500.00"
2019-11-14,2019111401003337,UPPER,49,56,40,230.00,"9,200.00"
2019-11-14,2019111401003279,UPPER,49,56,50,230.00,"11,500.00"
2019-11-14,2019111401003264,UPPER,49,28,108,230.00,"24,840.00"
2019-11-14,2019111401003061,UPPER,49,38,50,230.00,"11,500.00"
2019-11-14,2019111401002985,AHPC,22,16,50,95.00,"4,750.00"
2019-11-14,2019111401002868,AHPC,49,16,20,96.00,"1,920.00"
2019-11-14,2019111401002763,AHPC,39,16,50,97.00,"4,850.00"
2019-11-14,2019111401002616,AHPC,18,48,18,98.00,"1,764.00"
2019-11-14,2019111401002940,AKBSL,48,53,10,442.00,"4,420.00"
2019-11-14,2019111401002756,AKBSL,48,19,10,441.00,"4,410.00"
2019-11-14,2019111401002745,AKBSL,43,10,10,442.00,"4,420.00"
2019-11-14,2019111401002735,AKBSL,48,10,10,441.00,"4,410.00"
2019-11-14,2019111401002726,AKBSL,48,10,10,441.00,"4,410.00"
2019-11-14,2019111401002719,AKBSL,43,10,10,442.00,"4,420.00"
2019-11-14,2019111401002531,AKBSL,48,48,10,441.00,"4,410.00"
2019-11-14,2019111401002525,AKBSL,49,43,10,442.00,"4,420.00"
2019-11-14,2019111401002729,ALBSL,33,38,100,402.00,"40,200.00"
2019-11-14,2019111401002636,ALBSL,33,42,100,402.00,"40,200.00"
2019-11-14,2019111401002550,ALBSL,7,48,10,402.00,"4,020.00"
2019-11-14,2019111401002930,ALICL,40,43,50,316.00,"15,800.00"
2019-11-14,2019111401002938,API,10,4,48,105.00,"5,040.00"
2019-11-14,2019111401002937,API,10,58,"1,000",105.00,"105,000.00"
2019-11-14,2019111401002936,API,10,51,45,105.00,"4,725.00"
2019-11-14,2019111401002962,BOKL,32,3,"2,500",222.00,"555,000.00"
2019-11-14,2019111401002927,BOKL,32,42,300,222.00,"66,600.00"
2019-11-14,2019111401002916,BOKL,44,42,100,222.00,"22,200.00"
2019-11-14,2019111401002699,BPCL,36,26,41,356.00,"14,596.00"
2019-11-14,2019111401002698,BPCL,13,26,14,356.00,"4,984.00"
2019-11-14,2019111401002661,BPCL,13,38,11,356.00,"3,916.00"
2019-11-14,2019111401002660,BPCL,47,38,139,356.00,"49,484.00"
2019-11-14,2019111401002553,BPCL,47,48,11,356.00,"3,916.00"
2019-11-14,2019111401002975,CBBL,10,46,57,975.00,"55,575.00"
2019-11-14,2019111401002974,CBBL,10,42,41,974.00,"39,934.00"
2019-11-14,2019111401002845,CBBL,53,42,105,972.00,"102,060.00"
2019-11-14,2019111401002835,CBBL,58,42,50,973.00,"48,650.00"
2019-11-14,2019111401002830,CBL,44,4,56,139.00,"7,784.00"
2019-11-14,2019111401002728,CCBL,43,26,73,155.00,"11,315.00"
2019-11-14,2019111401002724,CCBL,52,52,77,156.00,"12,012.00"
2019-11-14,2019111401002723,CCBL,52,51,223,156.00,"34,788.00"
2019-11-14,2019111401003013,CHCL,22,1,200,372.00,"74,400.00"
2019-11-14,2019111401003012,CHCL,22,13,175,372.00,"65,100.00"
2019-11-14,2019111401002961,CHCL,22,19,180,371.00,"66,780.00"
2019-11-14,2019111401002628,CHCL,22,46,50,371.00,"18,550.00"
2019-11-14,2019111401002530,CMF1,21,45,500,8.85,"4,425.00"
2019-11-14,2019111401002929,CZBIL,17,56,"1,144",188.00,"215,072.00"
2019-11-14,2019111401002864,CZBIL,45,56,500,188.00,"94,000.00"
2019-11-14,2019111401002863,CZBIL,37,56,778,188.00,"146,264.00"
2019-11-14,2019111401002831,CZBIL,36,44,50,189.00,"9,450.00"
2019-11-14,2019111401002751,CZBIL,52,44,200,189.00,"37,800.00"
2019-11-14,2019111401002733,CZBIL,44,44,100,189.00,"18,900.00"
2019-11-14,2019111401002730,CZBIL,37,26,10,188.00,"1,880.00"
2019-11-14,2019111401002676,CZBIL,37,17,18,188.00,"3,384.00"
2019-11-14,2019111401002757,DBBL,52,35,30,124.00,"3,720.00"
2019-11-14,2019111401002716,EBL,28,45,15,551.00,"8,265.00"
2019-11-14,2019111401002754,EIC,10,10,15,222.00,"3,330.00"
2019-11-14,2019111401002630,FOWAD,52,52,7,"1,315.00","9,205.00"
2019-11-14,2019111401002786,GBBL,52,4,200,222.00,"44,400.00"
2019-11-14,2019111401002932,GBLBS,8,7,200,303.00,"60,600.00"
2019-11-14,2019111401002902,GBLBS,8,42,15,303.00,"4,545.00"
2019-11-14,2019111401002759,GBLBS,49,49,"1,370",302.00,"413,740.00"
2019-11-14,2019111401002694,GBLBS,52,4,396,302.00,"119,592.00"
2019-11-14,2019111401002693,GBLBS,49,4,100,302.00,"30,200.00"
2019-11-14,2019111401002692,GBLBS,48,4,20,303.00,"6,060.00"
2019-11-14,2019111401002520,GBLBS,1,8,50,307.00,"15,350.00"
2019-11-14,2019111401002643,GBLBS,42,4,50,304.00,"15,200.00"
2019-11-14,2019111401002642,GBLBS,52,4,360,305.00,"109,800.00"
2019-11-14,2019111401002524,GBLBS,52,8,140,305.00,"42,700.00"
2019-11-14,2019111401002523,GBLBS,28,8,300,306.00,"91,800.00"
2019-11-14,2019111401002522,GBLBS,38,8,20,306.00,"6,120.00"
2019-11-14,2019111401002521,GBLBS,21,8,20,306.00,"6,120.00"
2019-11-14,2019111401002649,GBLBS,38,4,200,302.00,"60,400.00"
2019-11-14,2019111401002648,GBLBS,17,4,50,303.00,"15,150.00"
2019-11-14,2019111401002647,GBLBS,38,4,100,303.00,"30,300.00"
2019-11-14,2019111401002646,GBLBS,35,4,200,304.00,"60,800.00"
2019-11-14,2019111401002645,GBLBS,32,4,60,304.00,"18,240.00"
2019-11-14,2019111401002644,GBLBS,40,4,150,304.00,"45,600.00"
2019-11-14,2019111401002655,GBLBS,42,4,270,301.00,"81,270.00"
2019-11-14,2019111401002654,GBLBS,35,4,"1,000",301.00,"301,000.00"
2019-11-14,2019111401002653,GBLBS,22,4,"1,000",301.00,"301,000.00"
2019-11-14,2019111401002652,GBLBS,32,4,200,302.00,"60,400.00"
2019-11-14,2019111401002651,GBLBS,19,4,60,302.00,"18,120.00"
2019-11-14,2019111401002650,GBLBS,26,4,300,302.00,"90,600.00"
2019-11-14,2019111401002767,GGBSL,32,16,10,395.00,"3,950.00"
2019-11-14,2019111401002631,GGBSL,47,28,10,388.00,"3,880.00"
2019-11-14,2019111401002782,GILB,34,51,30,735.00,"22,050.00"
2019-11-14,2019111401002573,GILB,52,52,22,734.00,"16,148.00"
2019-11-14,2019111401003019,GLICL,25,45,15,358.00,"5,370.00"
2019-11-14,2019111401002926,GLICL,25,7,10,358.00,"3,580.00"
2019-11-14,2019111401002923,GLICL,25,7,172,358.00,"61,576.00"
2019-11-14,2019111401002922,GLICL,34,7,348,358.00,"124,584.00"
2019-11-14,2019111401002921,GLICL,17,7,186,358.00,"66,588.00"
2019-11-14,2019111401002920,GLICL,19,7,94,359.00,"33,746.00"
2019-11-14,2019111401002911,GLICL,48,45,10,360.00,"3,600.00"
2019-11-14,2019111401002910,GLICL,42,45,75,360.00,"27,000.00"
2019-11-14,2019111401002843,GUFL,58,47,11,116.00,"1,276.00"
2019-11-14,2019111401002838,GUFL,58,10,49,114.00,"5,586.00"
2019-11-14,2019111401002812,GUFL,58,8,20,112.00,"2,240.00"
2019-11-14,2019111401002613,GUFL,44,44,600,110.00,"66,000.00"
2019-11-14,2019111401002984,HDL,42,58,80,"1,800.00","144,000.00"
2019-11-14,2019111401002973,HDL,38,58,20,"1,800.00","36,000.00"
2019-11-14,2019111401002857,HDL,48,58,200,"1,801.00","360,200.00"
2019-11-14,2019111401002850,HDL,55,58,75,"1,801.00","135,075.00"
2019-11-14,2019111401002849,HDL,55,53,200,"1,800.00","360,000.00"
2019-11-14,2019111401002848,HDL,55,37,25,"1,800.00","45,000.00"
2019-11-14,2019111401002847,HDL,55,7,100,"1,800.00","180,000.00"
2019-11-14,2019111401002913,HGI,59,7,404,258.00,"104,232.00"
2019-11-14,2019111401002912,HGI,52,7,70,260.00,"18,200.00"
2019-11-14,2019111401002747,HIDCL,49,49,891,131.00,"116,721.00"
2019-11-14,2019111401002737,HIDCL,28,49,14,131.00,"1,834.00"
2019-11-14,2019111401002675,HIDCL,47,49,100,131.00,"13,100.00"
2019-11-14,2019111401002674,HIDCL,34,49,300,131.00,"39,300.00"
2019-11-14,2019111401002673,HIDCL,42,49,"1,000",131.00,"131,000.00"
2019-11-14,2019111401002672,HIDCL,1,49,756,131.00,"99,036.00"
2019-11-14,2019111401002627,HIDCL,1,42,34,131.00,"4,454.00"
2019-11-14,2019111401002908,HURJA,37,36,20,100.00,"2,000.00"
2019-11-14,2019111401002792,HURJA,37,36,20,100.00,"2,000.00"
2019-11-14,2019111401002561,HURJA,37,48,20,100.00,"2,000.00"
2019-11-14,2019111401002958,ICFC,45,22,60,164.00,"9,840.00"
2019-11-14,2019111401002945,ILBS,14,21,10,464.00,"4,640.00"
2019-11-14,2019111401002919,ILBS,14,36,10,464.00,"4,640.00"
2019-11-14,2019111401002804,ILBS,58,57,100,465.00,"46,500.00"
2019-11-14,2019111401002803,ILBS,58,16,10,465.00,"4,650.00"
2019-11-14,2019111401002802,ILBS,58,16,10,465.00,"4,650.00"
2019-11-14,2019111401002801,ILBS,58,16,10,465.00,"4,650.00"
2019-11-14,2019111401002583,ILBS,58,28,10,463.00,"4,630.00"
2019-11-14,2019111401002571,ILBS,58,48,10,463.00,"4,630.00"
2019-11-14,2019111401002638,JFL,17,47,28,195.00,"5,460.00"
2019-11-14,2019111401003011,JOSHI,38,21,20,54.00,"1,080.00"
2019-11-14,2019111401002935,JOSHI,38,21,20,54.00,"1,080.00"
2019-11-14,2019111401002766,JSLBB,41,35,14,"1,026.00","14,364.00"
2019-11-14,2019111401002765,JSLBB,41,35,50,"1,027.00","51,350.00"
2019-11-14,2019111401002764,JSLBB,58,35,36,"1,028.00","37,008.00"
2019-11-14,2019111401002696,JSLBB,58,55,12,"1,028.00","12,336.00"
2019-11-14,2019111401002689,JSLBB,58,55,12,"1,028.00","12,336.00"
2019-11-14,2019111401002968,KKHC,42,48,10,53.00,530.00
