Date,Transact. No.,Symbol,Buyer,Seller,Quantity,Rate,Amount
2019-10-22,2019102201003214,ADBL,6,57,483,411.00,"198,513.00"
2019-10-22,2019102201003213,ADBL,21,57,17,411.00,"6,987.00"
2019-10-22,2019102201002920,ADBL,21,41,83,411.00,"34,113.00"
2019-10-22,2019102201002918,ADBL,21,37,100,411.00,"41,100.00"
2019-10-22,2019102201002746,ADBL,21,45,100,411.00,"41,100.00"
2019-10-22,2019102201002902,AHPC,58,40,"1,980",95.00,"188,100.00"
2019-10-22,2019102201002741,AHPC,25,40,20,96.00,"1,920.00"
2019-10-22,2019102201003086,AKBSL,48,42,10,408.00,"4,080.00"
2019-10-22,2019102201003081,AKBSL,48,41,10,408.00,"4,080.00"
2019-10-22,2019102201002952,AKBSL,48,8,10,408.00,"4,080.00"
2019-10-22,2019102201002943,AKBSL,48,8,10,408.00,"4,080.00"
2019-10-22,2019102201002911,AKBSL,48,32,10,408.00,"4,080.00"
2019-10-22,2019102201002749,AKPL,25,47,13,137.00,"1,781.00"
2019-10-22,2019102201003095,ALBSL,19,42,10,379.00,"3,790.00"
2019-10-22,2019102201002928,ALBSL,48,17,10,378.00,"3,780.00"
2019-10-22,2019102201003155,ALICL,41,40,100,310.00,"31,000.00"
2019-10-22,2019102201002910,ALICL,41,57,313,310.00,"97,030.00"
2019-10-22,2019102201002909,ALICL,16,57,"1,000",310.00,"310,000.00"
2019-10-22,2019102201002908,ALICL,41,57,50,310.00,"15,500.00"
2019-10-22,2019102201002907,ALICL,16,57,227,311.00,"70,597.00"
2019-10-22,2019102201002906,ALICL,43,57,50,312.00,"15,600.00"
2019-10-22,2019102201002905,ALICL,8,57,200,312.00,"62,400.00"
2019-10-22,2019102201002904,ALICL,25,57,150,313.00,"46,950.00"
2019-10-22,2019102201002903,ALICL,7,57,10,313.00,"3,130.00"
2019-10-22,2019102201002833,ALICL,58,48,300,315.00,"94,500.00"
2019-10-22,2019102201002832,ALICL,58,28,125,315.00,"39,375.00"
2019-10-22,2019102201003089,API,25,51,30,110.00,"3,300.00"
2019-10-22,2019102201003061,API,59,38,"1,000",110.00,"110,000.00"
2019-10-22,2019102201003028,API,53,42,30,109.00,"3,270.00"
2019-10-22,2019102201003027,API,45,42,50,109.00,"5,450.00"
2019-10-22,2019102201003026,API,25,42,40,110.00,"4,400.00"
2019-10-22,2019102201002897,API,25,51,50,111.00,"5,550.00"
2019-10-22,2019102201002884,API,25,57,250,110.00,"27,500.00"
2019-10-22,2019102201002821,API,25,57,140,110.00,"15,400.00"
2019-10-22,2019102201002825,BARUN,13,17,142,88.00,"12,496.00"
2019-10-22,2019102201003107,BARUN,56,19,10,90.00,900.00
2019-10-22,2019102201003096,BARUN,56,56,10,89.00,890.00
2019-10-22,2019102201002852,BFC,32,17,100,91.00,"9,100.00"
2019-10-22,2019102201002849,BFC,32,17,100,91.00,"9,100.00"
2019-10-22,2019102201002874,BOKL,55,11,50,227.00,"11,350.00"
2019-10-22,2019102201002873,BOKL,55,48,336,227.00,"76,272.00"
2019-10-22,2019102201002867,BOKL,22,48,500,227.00,"113,500.00"
2019-10-22,2019102201003121,BPCL,33,26,17,365.00,"6,205.00"
2019-10-22,2019102201003120,BPCL,33,28,33,358.00,"11,814.00"
2019-10-22,2019102201003098,CBL,56,42,220,143.00,"31,460.00"
2019-10-22,2019102201003097,CBL,56,46,280,143.00,"40,040.00"
2019-10-22,2019102201003060,CBL,47,51,55,142.00,"7,810.00"
2019-10-22,2019102201003225,CCBL,45,6,97,152.00,"14,744.00"
2019-10-22,2019102201003224,CCBL,6,6,60,152.00,"9,120.00"
2019-10-22,2019102201003223,CCBL,34,6,323,152.00,"49,096.00"
2019-10-22,2019102201003059,CCBL,45,16,500,153.00,"76,500.00"
2019-10-22,2019102201002992,CCBL,51,16,100,153.00,"15,300.00"
2019-10-22,2019102201002938,CCBL,26,16,200,153.00,"30,600.00"
2019-10-22,2019102201003185,CEFL,52,52,10,111.00,"1,110.00"
2019-10-22,2019102201002869,CIT,52,13,50,"1,780.00","89,000.00"
2019-10-22,2019102201002824,CIT,52,47,25,"1,780.00","44,500.00"
2019-10-22,2019102201003194,CZBIL,40,48,50,196.00,"9,800.00"
2019-10-22,2019102201002862,CZBIL,6,22,195,195.00,"38,025.00"
2019-10-22,2019102201003228,EBL,42,58,239,546.00,"130,494.00"
2019-10-22,2019102201003227,EBL,28,58,120,546.00,"65,520.00"
2019-10-22,2019102201003169,EBL,28,43,400,546.00,"218,400.00"
2019-10-22,2019102201003168,EBL,28,58,180,545.00,"98,100.00"
2019-10-22,2019102201003134,EBL,40,58,520,545.00,"283,400.00"
2019-10-22,2019102201003025,EBL,6,44,500,545.00,"272,500.00"
2019-10-22,2019102201002937,EBL,52,58,50,546.00,"27,300.00"
2019-10-22,2019102201002924,EBL,19,57,800,545.00,"436,000.00"
2019-10-22,2019102201002883,EBL,49,58,50,546.00,"27,300.00"
2019-10-22,2019102201002752,EDBL,20,41,60,261.00,"15,660.00"
2019-10-22,2019102201002739,EDBL,45,41,50,266.00,"13,300.00"
2019-10-22,2019102201002738,EDBL,39,41,20,266.00,"5,320.00"
2019-10-22,2019102201002789,EIC,8,51,100,226.00,"22,600.00"
2019-10-22,2019102201002831,FOWAD,16,38,10,"1,290.00","12,900.00"
2019-10-22,2019102201002830,FOWAD,16,28,19,"1,288.00","24,472.00"
2019-10-22,2019102201002829,FOWAD,16,28,23,"1,288.00","29,624.00"
2019-10-22,2019102201002828,FOWAD,16,49,19,"1,285.00","24,415.00"
2019-10-22,2019102201003173,GBBL,39,4,20,211.00,"4,220.00"
2019-10-22,2019102201003012,GBBL,56,4,10,212.00,"2,120.00"
2019-10-22,2019102201003100,GBLBS,17,42,15,309.00,"4,635.00"
2019-10-22,2019102201003080,GBLBS,18,19,500,312.00,"156,000.00"
2019-10-22,2019102201003079,GBLBS,18,51,130,311.00,"40,430.00"
2019-10-22,2019102201003078,GBLBS,18,26,15,311.00,"4,665.00"
2019-10-22,2019102201003067,GBLBS,18,45,150,310.00,"46,500.00"
2019-10-22,2019102201002747,GBLBS,44,49,300,310.00,"93,000.00"
2019-10-22,2019102201002890,GFCL,59,59,35,135.00,"4,725.00"
2019-10-22,2019102201003211,GLBSL,32,7,10,420.00,"4,200.00"
2019-10-22,2019102201003116,GLBSL,48,42,10,412.00,"4,120.00"
2019-10-22,2019102201003101,GLBSL,32,52,10,418.00,"4,180.00"
2019-10-22,2019102201003205,GLICL,25,54,340,359.00,"122,060.00"
2019-10-22,2019102201003014,GLICL,25,49,40,358.00,"14,320.00"
2019-10-22,2019102201003013,GLICL,25,26,90,357.00,"32,130.00"
2019-10-22,2019102201002737,GLICL,25,26,10,357.00,"3,570.00"
2019-10-22,2019102201003166,GMFBS,57,7,10,447.00,"4,470.00"
2019-10-22,2019102201003165,GMFBS,32,7,210,447.00,"93,870.00"
2019-10-22,2019102201003164,GMFBS,32,7,190,447.00,"84,930.00"
2019-10-22,2019102201003123,GMFBS,32,42,10,447.00,"4,470.00"
2019-10-22,2019102201002931,GMFBS,33,10,10,454.00,"4,540.00"
2019-10-22,2019102201002823,GMFIL,28,28,700,114.00,"79,800.00"
2019-10-22,2019102201003135,GRDBL,13,42,50,102.00,"5,100.00"
2019-10-22,2019102201003022,GUFL,44,25,"1,000",109.00,"109,000.00"
2019-10-22,2019102201002863,GUFL,34,53,100,110.00,"11,000.00"
2019-10-22,2019102201003202,HBL,43,45,10,494.00,"4,940.00"
2019-10-22,2019102201003170,HBL,14,45,78,490.00,"38,220.00"
2019-10-22,2019102201003162,HBL,14,50,190,490.00,"93,100.00"
2019-10-22,2019102201003148,HBL,26,50,100,491.00,"49,100.00"
2019-10-22,2019102201003021,HBL,26,8,100,491.00,"49,100.00"
2019-10-22,2019102201002783,HBL,49,50,50,492.00,"24,600.00"
2019-10-22,2019102201003143,HIDCL,33,42,61,137.00,"8,357.00"
2019-10-22,2019102201003157,HPPL,19,42,10,138.00,"1,380.00"
2019-10-22,2019102201003074,HURJA,45,28,20,103.00,"2,060.00"
2019-10-22,2019102201002959,HURJA,37,42,40,104.00,"4,160.00"
2019-10-22,2019102201002923,HURJA,45,22,20,103.00,"2,060.00"
2019-10-22,2019102201002810,HURJA,21,42,40,104.00,"4,160.00"
2019-10-22,2019102201003050,ICFC,28,52,70,160.00,"11,200.00"
2019-10-22,2019102201003011,ILBS,52,38,10,417.00,"4,170.00"
2019-10-22,2019102201003010,ILBS,52,38,10,417.00,"4,170.00"
2019-10-22,2019102201002984,ILBS,54,32,10,415.00,"4,150.00"
2019-10-22,2019102201002958,JFL,6,32,300,194.00,"58,200.00"
2019-10-22,2019102201002957,JFL,16,32,50,194.00,"9,700.00"
2019-10-22,2019102201002956,JFL,1,32,100,194.00,"19,400.00"
2019-10-22,2019102201002955,JFL,5,32,125,194.00,"24,250.00"
2019-10-22,2019102201002954,JFL,16,32,20,195.00,"3,900.00"
2019-10-22,2019102201002970,KBL,43,49,"1,830",183.00,"334,890.00"
2019-10-22,2019102201002929,KBL,18,10,117,182.00,"21,294.00"
2019-10-22,2019102201002917,KBL,43,49,"2,000",183.00,"366,000.00"
2019-10-22,2019102201002916,KBL,13,49,320,183.00,"58,560.00"
2019-10-22,2019102201002842,KBL,13,1,180,183.00,"32,940.00"
2019-10-22,2019102201002748,KBL,51,1,100,183.00,"18,300.00"
2019-10-22,2019102201002930,KKHC,18,22,92,59.00,"5,428.00"
2019-10-22,2019102201003099,LBBL,8,53,100,172.00,"17,200.00"
2019-10-22,2019102201003070,LBBL,28,28,447,173.00,"77,331.00"
2019-10-22,2019102201002811,LBBL,6,28,200,173.00,"34,600.00"
2019-10-22,2019102201003201,LBL,34,42,30,217.00,"6,510.00"
2019-10-22,2019102201002813,LBL,57,1,16,216.00,"3,456.00"
2019-10-22,2019102201003210,MBL,14,42,76,226.00,"17,176.00"
2019-10-22,2019102201003209,MBL,14,48,124,225.00,"27,900.00"
2019-10-22,2019102201002816,MBL,14,14,250,225.00,"56,250.00"
2019-10-22,2019102201002979,MDB,6,6,"1,500",252.00,"378,000.00"
2019-10-22,2019102201002896,MDB,6,6,500,252.00,"126,000.00"
2019-10-22,2019102201002881,MDB,6,6,"1,500",252.00,"378,000.00"
2019-10-22,2019102201002872,MDB,35,34,50,253.00,"12,650.00"
2019-10-22,2019102201002871,MDB,35,16,100,253.00,"25,300.00"
2019-10-22,2019102201002870,MDB,6,6,"1,500",252.00,"378,000.00"
2019-10-22,2019102201002854,MDB,6,6,"1,500",252.00,"378,000.00"
2019-10-22,2019102201002844,MDB,6,6,"1,500",252.00,"378,000.00"
2019-10-22,2019102201002782,MDB,6,6,"2,000",252.00,"504,000.00"
2019-10-22,2019102201002781,MDB,6,25,400,252.00,"100,800.00"
2019-10-22,2019102201002744,MDB,6,59,"1,000",251.00,"251,000.00"
2019-10-22,2019102201002743,MDB,6,33,139,250.00,"34,750.00"
2019-10-22,2019102201002778,MEGA,41,28,125,197.00,"24,625.00"
2019-10-22,2019102201002942,MEGA,33,35,50,197.00,"9,850.00"
2019-10-22,2019102201002936,MEGA,33,41,18,197.00,"3,546.00"
2019-10-22,2019102201002864,MEGA,33,28,875,197.00,"172,375.00"
2019-10-22,2019102201003093,MEGA,35,50,14,198.00,"2,772.00"
2019-10-22,2019102201003055,MEGA,47,28,214,197.00,"42,158.00"
2019-10-22,2019102201003054,MEGA,33,28,286,197.00,"56,342.00"
2019-10-22,2019102201003147,MERO,32,34,60,555.00,"33,300.00"
2019-10-22,2019102201003146,MERO,32,49,140,555.00,"77,700.00"
2019-10-22,2019102201002786,MERO,49,49,10,555.00,"5,550.00"
2019-10-22,2019102201002785,MERO,49,41,35,549.00,"19,215.00"
2019-10-22,2019102201002981,MHNL,47,59,300,78.00,"23,400.00"
2019-10-22,2019102201002980,MHNL,38,59,100,78.00,"7,800.00"
2019-10-22,2019102201002966,MHNL,48,59,20,79.00,"1,580.00"
2019-10-22,2019102201002815,MLBL,42,33,80,213.00,"17,040.00"
2019-10-22,2019102201003036,MNBBL,33,35,10,309.00,"3,090.00"
2019-10-22,2019102201003002,MNBBL,58,35,490,306.00,"149,940.00"
2019-10-22,2019102201003001,MNBBL,42,35,25,306.00,"7,650.00"
2019-10-22,2019102201003000,MNBBL,57,35,170,306.00,"52,020.00"
2019-10-22,2019102201002999,MNBBL,35,35,150,306.00,"45,900.00"
2019-10-22,2019102201003131,MSMBS,14,37,11,460.00,"5,060.00"
2019-10-22,2019102201003094,MSMBS,14,37,11,460.00,"5,060.00"
2019-10-22,2019102201003056,MSMBS,1,37,11,462.00,"5,082.00"
2019-10-22,2019102201002963,NABIL,22,35,250,756.00,"189,000.00"
2019-10-22,2019102201002932,NABIL,22,22,12,756.00,"9,072.00"
2019-10-22,2019102201002894,NABIL,22,35,10,756.00,"7,560.00"
2019-10-22,2019102201002893,NABIL,35,35,100,757.00,"75,700.00"
2019-10-22,2019102201002892,NABIL,38,35,136,757.00,"102,952.00"
2019-10-22,2019102201002891,NABIL,19,35,100,758.00,"75,800.00"
2019-10-22,2019102201002751,NABIL,38,35,10,757.00,"7,570.00"
2019-10-22,2019102201002750,NABIL,29,35,90,758.00,"68,220.00"
2019-10-22,2019102201003192,NBB,41,33,500,211.00,"105,500.00"
2019-10-22,2019102201003171,NBB,25,42,134,210.00,"28,140.00"
2019-10-22,2019102201003138,NBB,52,33,55,211.00,"11,605.00"
2019-10-22,2019102201003122,NBB,25,33,100,211.00,"21,100.00"
2019-10-22,2019102201003117,NBB,25,7,"1,000",210.00,"210,000.00"
2019-10-22,2019102201003230,NBL,33,59,10,319.00,"3,190.00"
2019-10-22,2019102201003163,NBL,36,59,33,319.00,"10,527.00"
2019-10-22,2019102201003115,NBL,6,6,100,318.00,"31,800.00"
2019-10-22,2019102201003114,NBL,6,42,100,318.00,"31,800.00"
2019-10-22,2019102201003113,NBL,6,17,"1,000",318.00,"318,000.00"
2019-10-22,2019102201003112,NBL,6,25,200,318.00,"63,600.00"
2019-10-22,2019102201002969,NBL,16,49,"1,000",317.00,"317,000.00"
2019-10-22,2019102201002787,NBL,35,49,500,317.00,"158,500.00"
2019-10-22,2019102201002762,NBL,51,49,10,317.00,"3,170.00"
2019-10-22,2019102201003111,NBL,6,51,250,318.00,"79,500.00"
2019-10-22,2019102201003110,NBL,6,51,200,318.00,"63,600.00"
2019-10-22,2019102201003109,NBL,6,4,100,318.00,"31,800.00"
2019-10-22,2019102201003108,NBL,6,22,500,317.00,"158,500.00"
2019-10-22,2019102201002985,NBL,34,22,500,317.00,"158,500.00"
2019-10-22,2019102201002983,NBL,16,49,"1,174",317.00,"372,158.00"
2019-10-22,2019102201003160,NCCB,58,38,20,200.00,"4,000.00"
2019-10-22,2019102201003106,NCCB,58,55,500,199.00,"99,500.00"
2019-10-22,2019102201003105,NCCB,58,22,579,199.00,"115,221.00"
2019-10-22,2019102201003104,NCCB,58,48,414,199.00,"82,386.00"
2019-10-22,2019102201003103,NCCB,58,1,195,199.00,"38,805.00"
2019-10-22,2019102201003102,NCCB,58,25,"1,600",199.00,"318,400.00"
2019-10-22,2019102201002779,NCCB,58,48,429,198.00,"84,942.00"
2019-10-22,2019102201003024,NCCB,58,38,427,198.00,"84,546.00"
2019-10-22,2019102201003023,NCCB,57,38,"1,573",198.00,"311,454.00"
2019-10-22,2019102201002951,NCCB,57,57,927,198.00,"183,546.00"
2019-10-22,2019102201002950,NCCB,58,57,"3,000",198.00,"594,000.00"
2019-10-22,2019102201002949,NCCB,8,57,100,198.00,"19,800.00"
2019-10-22,2019102201002948,NCCB,58,57,"1,633",198.00,"323,334.00"
2019-10-22,2019102201003220,NHPC,6,47,"1,000",53.00,"53,000.00"
2019-10-22,2019102201003219,NHPC,56,47,25,53.00,"1,325.00"
2019-10-22,2019102201003195,NIB,29,42,23,441.00,"10,143.00"
2019-10-22,2019102201003075,NIB,51,59,15,443.00,"6,645.00"
2019-10-22,2019102201003063,NIB,29,16,51,441.00,"22,491.00"
2019-10-22,2019102201002990,NIB,26,44,80,442.00,"35,360.00"
2019-10-22,2019102201002989,NIB,26,45,145,442.00,"64,090.00"
2019-10-22,2019102201002988,NIB,26,39,300,442.00,"132,600.00"
2019-10-22,2019102201002757,NIB,57,43,100,440.00,"44,000.00"
2019-10-22,2019102201002941,NIB,43,39,200,442.00,"88,400.00"
2019-10-22,2019102201002940,NIB,54,22,18,440.00,"7,920.00"
2019-10-22,2019102201002922,NIB,54,35,23,440.00,"10,120.00"
2019-10-22,2019102201002760,NIB,54,43,20,440.00,"8,800.00"
2019-10-22,2019102201002759,NIB,49,43,30,440.00,"13,200.00"
2019-10-22,2019102201002758,NIB,54,43,150,440.00,"66,000.00"
2019-10-22,2019102201003159,NIBPO,28,49,"1,000",406.00,"406,000.00"
2019-10-22,2019102201003158,NIBPO,52,49,200,406.00,"81,200.00"
2019-10-22,2019102201003118,NIBSF1,7,26,200,8.60,"1,720.00"
2019-10-22,2019102201003215,NICA,46,8,13,391.00,"5,083.00"
2019-10-22,2019102201003208,NICA,35,43,150,390.00,"58,500.00"
2019-10-22,2019102201003207,NICA,35,55,698,390.00,"272,220.00"
2019-10-22,2019102201003153,NICA,53,55,302,390.00,"117,780.00"
2019-10-22,2019102201003152,NICA,53,19,50,390.00,"19,500.00"
2019-10-22,2019102201003151,NICA,53,8,68,390.00,"26,520.00"
2019-10-22,2019102201002777,NICA,18,22,35,389.00,"13,615.00"
2019-10-22,2019102201002945,NICA,45,8,911,390.00,"355,290.00"
2019-10-22,2019102201002944,NICA,45,25,89,390.00,"34,710.00"
2019-10-22,2019102201002919,NICA,53,22,400,389.00,"155,600.00"
2019-10-22,2019102201002882,NICA,53,25,59,389.00,"22,951.00"
2019-10-22,2019102201002866,NICA,25,25,41,389.00,"15,949.00"
2019-10-22,2019102201002865,NICA,25,22,59,389.00,"22,951.00"
2019-10-22,2019102201003048,NICL,47,5,100,266.00,"26,600.00"
2019-10-22,2019102201003183,NIL,25,55,47,351.00,"16,497.00"
2019-10-22,2019102201003182,NIL,32,55,120,351.00,"42,120.00"
2019-10-22,2019102201003181,NIL,36,55,100,352.00,"35,200.00"
2019-10-22,2019102201003180,NIL,14,55,20,352.00,"7,040.00"
2019-10-22,2019102201003179,NIL,49,55,51,352.00,"17,952.00"
2019-10-22,2019102201003178,NIL,51,55,29,352.00,"10,208.00"
2019-10-22,2019102201003177,NIL,52,55,500,353.00,"176,500.00"
2019-10-22,2019102201003176,NIL,45,55,300,354.00,"106,200.00"
2019-10-22,2019102201003175,NIL,11,55,30,354.00,"10,620.00"
2019-10-22,2019102201003174,NIL,52,55,90,355.00,"31,950.00"
2019-10-22,2019102201003066,NLIC,19,44,74,780.00,"57,720.00"
2019-10-22,2019102201003065,NLIC,4,35,127,778.00,"98,806.00"
2019-10-22,2019102201003019,NLIC,55,6,25,779.00,"19,475.00"
2019-10-22,2019102201003018,NLIC,55,57,275,779.00,"214,225.00"
2019-10-22,2019102201003017,NLIC,55,49,131,779.00,"102,049.00"
2019-10-22,2019102201003016,NLIC,55,33,10,778.00,"7,780.00"
2019-10-22,2019102201002962,NLIC,4,55,231,778.00,"179,718.00"
2019-10-22,2019102201002961,NLIC,4,6,12,778.00,"9,336.00"
2019-10-22,2019102201002947,NLIC,42,34,40,777.00,"31,080.00"
2019-10-22,2019102201002946,NLIC,42,22,15,777.00,"11,655.00"
2019-10-22,2019102201003129,NLICL,51,59,50,453.00,"22,650.00"
2019-10-22,2019102201003029,NLICL,25,59,10,454.00,"4,540.00"
2019-10-22,2019102201002993,NLICL,22,1,18,450.00,"8,100.00"
2019-10-22,2019102201003233,NMBMF,40,34,20,"1,090.00","21,800.00"
2019-10-22,2019102201003232,NMBMF,45,34,50,"1,090.00","54,500.00"
2019-10-22,2019102201003231,NMBMF,45,34,30,"1,090.00","32,700.00"
2019-10-22,2019102201003218,NMBMF,44,44,6,"1,069.00","6,414.00"
2019-10-22,2019102201003150,NMBMF,45,1,70,"1,090.00","76,300.00"
2019-10-22,2019102201003149,NMBMF,16,1,30,"1,091.00","32,730.00"
2019-10-22,2019102201003031,NMBMF,34,40,42,"1,094.00","45,948.00"
2019-10-22,2019102201002880,NMBMF,21,40,10,"1,094.00","10,940.00"
2019-10-22,2019102201002861,NMBMF,52,40,48,"1,094.00","52,512.00"
2019-10-22,2019102201002855,NMBMF,14,1,100,"1,092.00","109,200.00"
2019-10-22,2019102201002851,NMBMF,46,46,2,"1,074.00","2,148.00"
2019-10-22,2019102201003090,NMBMF,57,21,100,"1,092.00","109,200.00"
2019-10-22,2019102201003072,NMBMF,22,21,18,"1,095.00","19,710.00"
2019-10-22,2019102201003071,NMBMF,22,32,41,"1,095.00","44,895.00"
2019-10-22,2019102201003049,NMBMF,22,32,41,"1,095.00","44,895.00"
2019-10-22,2019102201003167,NMFBS,49,44,23,"1,696.00","39,008.00"
2019-10-22,2019102201003145,NMFBS,38,48,40,"1,705.00","68,200.00"
2019-10-22,2019102201003144,NMFBS,38,44,10,"1,705.00","17,050.00"
2019-10-22,2019102201003142,NTC,59,19,615,616.00,"378,840.00"
2019-10-22,2019102201003043,NTC,38,59,20,618.00,"12,360.00"
2019-10-22,2019102201003042,NTC,22,59,15,619.00,"9,285.00"
2019-10-22,2019102201003030,NTC,22,56,100,619.00,"61,900.00"
2019-10-22,2019102201003085,NTC,34,36,40,619.00,"24,760.00"
2019-10-22,2019102201003051,NTC,59,36,10,619.00,"6,190.00"
2019-10-22,2019102201003047,NTC,35,59,300,617.00,"185,100.00"
2019-10-22,2019102201003046,NTC,48,59,15,617.00,"9,255.00"
2019-10-22,2019102201003045,NTC,28,59,250,617.00,"154,250.00"
2019-10-22,2019102201003044,NTC,49,59,200,618.00,"123,600.00"
2019-10-22,2019102201003193,PCBL,53,53,10,267.00,"2,670.00"
2019-10-22,2019102201002982,PCBL,13,41,350,266.00,"93,100.00"
2019-10-22,2019102201002901,PCBL,17,41,100,266.00,"26,600.00"
2019-10-22,2019102201002754,PCBL,14,43,31,266.00,"8,246.00"
2019-10-22,2019102201002753,PCBL,14,45,72,266.00,"19,152.00"
2019-10-22,2019102201002868,PIC,43,29,200,364.00,"72,800.00"
2019-10-22,2019102201002812,PIC,43,59,522,364.00,"190,008.00"
2019-10-22,2019102201003020,PICL,6,28,30,442.00,"13,260.00"
2019-10-22,2019102201003064,PLIC,11,29,18,321.00,"5,778.00"
2019-10-22,2019102201002996,PLIC,6,28,475,315.00,"149,625.00"
2019-10-22,2019102201002995,PLIC,48,28,25,315.00,"7,875.00"
2019-10-22,2019102201002965,PLIC,36,41,82,317.00,"25,994.00"
2019-10-22,2019102201002934,PLIC,48,35,25,315.00,"7,875.00"
2019-10-22,2019102201002933,PLIC,6,35,25,316.00,"7,900.00"
2019-10-22,2019102201002991,PPCL,39,51,20,93.00,"1,860.00"
2019-10-22,2019102201002820,PRIN,44,47,290,310.00,"89,900.00"
2019-10-22,2019102201003221,PRVU,38,45,200,264.00,"52,800.00"
2019-10-22,2019102201003206,PRVU,58,45,500,264.00,"132,000.00"
2019-10-22,2019102201003199,PRVU,58,52,500,264.00,"132,000.00"
2019-10-22,2019102201003076,PRVU,34,45,200,265.00,"53,000.00"
2019-10-22,2019102201003057,PRVU,38,45,200,264.00,"52,800.00"
2019-10-22,2019102201003052,PRVU,44,45,"1,000",264.00,"264,000.00"
2019-10-22,2019102201002895,PRVU,36,45,244,265.00,"64,660.00"
2019-10-22,2019102201002742,PRVU,14,45,70,265.00,"18,550.00"
2019-10-22,2019102201003007,PRVU,29,45,200,264.00,"52,800.00"
2019-10-22,2019102201003006,PRVU,25,45,200,264.00,"52,800.00"
2019-10-22,2019102201003005,PRVU,16,45,200,264.00,"52,800.00"
2019-10-22,2019102201003004,PRVU,33,45,"1,000",264.00,"264,000.00"
2019-10-22,2019102201003003,PRVU,53,45,"2,550",264.00,"673,200.00"
2019-10-22,2019102201002939,PRVU,33,43,500,264.00,"132,000.00"
2019-10-22,2019102201003041,PRVU,38,45,125,265.00,"33,125.00"
2019-10-22,2019102201003040,PRVU,38,10,500,265.00,"132,500.00"
2019-10-22,2019102201003039,PRVU,38,44,100,265.00,"26,500.00"
2019-10-22,2019102201003038,PRVU,38,56,100,265.00,"26,500.00"
2019-10-22,2019102201003037,PRVU,38,52,500,265.00,"132,500.00"
2019-10-22,2019102201003008,PRVU,45,45,70,264.00,"18,480.00"
2019-10-22,2019102201002879,RBCL,42,57,10,"8,400.00","84,000.00"
2019-10-22,2019102201002878,RBCL,41,57,20,"8,400.00","168,000.00"
2019-10-22,2019102201002877,RBCL,37,57,10,"8,400.00","84,000.00"
2019-10-22,2019102201002876,RBCL,42,57,10,"8,405.00","84,050.00"
2019-10-22,2019102201002875,RBCL,37,57,10,"8,410.00","84,100.00"
2019-10-22,2019102201003234,RHPL,19,57,40,169.00,"6,760.00"
2019-10-22,2019102201003204,RHPL,19,42,10,169.00,"1,690.00"
2019-10-22,2019102201003172,RHPL,19,48,20,170.00,"3,400.00"
2019-10-22,2019102201003161,RHPL,56,28,20,168.00,"3,360.00"
2019-10-22,2019102201003124,RHPL,56,42,40,168.00,"6,720.00"
2019-10-22,2019102201002972,RHPL,56,22,10,171.00,"1,710.00"
2019-10-22,2019102201002792,RHPL,59,44,"1,000",169.00,"169,000.00"
2019-10-22,2019102201002791,RHPL,59,43,200,169.00,"33,800.00"
2019-10-22,2019102201002801,RHPL,59,40,400,171.00,"68,400.00"
2019-10-22,2019102201002797,RHPL,59,11,500,170.00,"85,000.00"
2019-10-22,2019102201002796,RHPL,59,19,40,170.00,"6,800.00"
2019-10-22,2019102201002795,RHPL,59,59,300,170.00,"51,000.00"
2019-10-22,2019102201002794,RHPL,59,42,50,170.00,"8,500.00"
2019-10-22,2019102201002793,RHPL,59,58,40,170.00,"6,800.00"
2019-10-22,2019102201002809,RHPL,59,10,300,173.00,"51,900.00"
2019-10-22,2019102201002808,RHPL,59,17,40,173.00,"6,920.00"
2019-10-22,2019102201002805,RHPL,59,19,40,172.00,"6,880.00"
2019-10-22,2019102201002804,RHPL,59,10,"1,040",172.00,"178,880.00"
2019-10-22,2019102201002803,RHPL,59,47,100,172.00,"17,200.00"
2019-10-22,2019102201002802,RHPL,59,40,300,172.00,"51,600.00"
2019-10-22,2019102201002971,RHPL,56,32,20,171.00,"3,420.00"
2019-10-22,2019102201002860,RHPL,59,44,"1,000",174.00,"174,000.00"
2019-10-22,2019102201002859,RHPL,59,25,100,173.00,"17,300.00"
2019-10-22,2019102201002858,RHPL,59,59,100,173.00,"17,300.00"
2019-10-22,2019102201002857,RHPL,59,59,100,171.00,"17,100.00"
2019-10-22,2019102201002856,RHPL,59,52,40,170.00,"6,800.00"
2019-10-22,2019102201003084,RLFL,13,43,100,108.00,"10,800.00"
2019-10-22,2019102201003083,RLFL,1,43,500,108.00,"54,000.00"
2019-10-22,2019102201003082,RLFL,45,43,100,111.00,"11,100.00"
2019-10-22,2019102201002927,RMDC,10,42,177,600.00,"106,200.00"
2019-10-22,2019102201002926,RMDC,34,42,300,601.00,"180,300.00"
2019-10-22,2019102201002925,RMDC,53,42,23,605.00,"13,915.00"
2019-10-22,2019102201002800,RMDC,53,41,77,605.00,"46,585.00"
2019-10-22,2019102201002799,RMDC,37,41,23,605.00,"13,915.00"
2019-10-22,2019102201003130,RRHP,47,41,10,101.00,"1,010.00"
2019-10-22,2019102201002843,RSDC,33,8,10,320.00,"3,200.00"
2019-10-22,2019102201002765,RSDC,25,22,33,316.00,"10,428.00"
2019-10-22,2019102201002764,RSDC,47,22,24,316.00,"7,584.00"
2019-10-22,2019102201002763,RSDC,33,22,50,317.00,"15,850.00"
2019-10-22,2019102201003226,SABSL,57,28,10,448.00,"4,480.00"
2019-10-22,2019102201003069,SABSL,52,47,10,450.00,"4,500.00"
2019-10-22,2019102201003068,SABSL,52,28,10,450.00,"4,500.00"
2019-10-22,2019102201002819,SADBL,5,1,49,138.00,"6,762.00"
2019-10-22,2019102201002968,SANIMA,38,32,50,310.00,"15,500.00"
2019-10-22,2019102201002967,SANIMA,38,55,245,310.00,"75,950.00"
2019-10-22,2019102201002935,SANIMA,32,41,11,308.00,"3,388.00"
2019-10-22,2019102201002915,SANIMA,38,55,50,310.00,"15,500.00"
2019-10-22,2019102201002853,SANIMA,33,11,30,309.00,"9,270.00"
2019-10-22,2019102201002826,SANIMA,32,1,15,308.00,"4,620.00"
2019-10-22,2019102201002745,SANIMA,38,11,20,309.00,"6,180.00"
2019-10-22,2019102201002814,SBI,14,21,20,403.00,"8,060.00"
2019-10-22,2019102201003198,SBL,33,6,38,288.00,"10,944.00"
2019-10-22,2019102201003197,SBL,26,6,60,288.00,"17,280.00"
2019-10-22,2019102201003196,SBL,33,6,81,289.00,"23,409.00"
2019-10-22,2019102201003087,SBL,33,43,419,289.00,"121,091.00"
2019-10-22,2019102201002960,SBL,6,43,61,289.00,"17,629.00"
2019-10-22,2019102201002776,SBL,6,44,39,289.00,"11,271.00"
2019-10-22,2019102201002775,SBL,35,44,200,289.00,"57,800.00"
2019-10-22,2019102201002774,SBL,8,44,100,289.00,"28,900.00"
2019-10-22,2019102201002773,SBL,51,44,161,289.00,"46,529.00"
2019-10-22,2019102201002994,SCB,13,33,20,557.00,"11,140.00"
2019-10-22,2019102201002889,SCB,21,33,50,557.00,"27,850.00"
2019-10-22,2019102201003053,SDESI,25,55,10,615.00,"6,150.00"
2019-10-22,2019102201002756,SDESI,48,4,20,608.00,"12,160.00"
2019-10-22,2019102201002755,SDESI,48,4,12,608.00,"7,296.00"
2019-10-22,2019102201003133,SFFIL,45,51,65,198.00,"12,870.00"
2019-10-22,2019102201003077,SFFIL,21,51,25,198.00,"4,950.00"
2019-10-22,2019102201003229,SHIVM,48,38,10,485.00,"4,850.00"
2019-10-22,2019102201003203,SHIVM,34,50,300,484.00,"145,200.00"
2019-10-22,2019102201003128,SHIVM,42,50,200,482.00,"96,400.00"
2019-10-22,2019102201003127,SHIVM,45,50,500,482.00,"241,000.00"
2019-10-22,2019102201002964,SHIVM,16,25,300,484.00,"145,200.00"
2019-10-22,2019102201002900,SHIVM,55,41,20,481.00,"9,620.00"
2019-10-22,2019102201002766,SHIVM,39,57,500,481.00,"240,500.00"
2019-10-22,2019102201002836,SHIVM,41,6,100,480.00,"48,000.00"
2019-10-22,2019102201002772,SHIVM,34,57,46,480.00,"22,080.00"
2019-10-22,2019102201002771,SHIVM,42,57,200,480.00,"96,000.00"
2019-10-22,2019102201002770,SHIVM,34,57,110,480.00,"52,800.00"
2019-10-22,2019102201002768,SHIVM,34,57,100,481.00,"48,100.00"
2019-10-22,2019102201002767,SHIVM,14,57,44,481.00,"21,164.00"
2019-10-22,2019102201003235,SHL,39,57,226,206.00,"46,556.00"
2019-10-22,2019102201003191,SHL,58,57,140,207.00,"28,980.00"
2019-10-22,2019102201003190,SHL,28,57,200,207.00,"41,400.00"
2019-10-22,2019102201003189,SHL,51,57,100,207.00,"20,700.00"
2019-10-22,2019102201003188,SHL,34,57,155,207.00,"32,085.00"
2019-10-22,2019102201003187,SHL,39,57,200,207.00,"41,400.00"
2019-10-22,2019102201003186,SHL,11,57,100,207.00,"20,700.00"
2019-10-22,2019102201003132,SHL,45,57,200,208.00,"41,600.00"
2019-10-22,2019102201003119,SHL,33,57,500,208.00,"104,000.00"
2019-10-22,2019102201002953,SHL,14,57,179,208.00,"37,232.00"
2019-10-22,2019102201002888,SHPC,55,28,213,190.00,"40,470.00"
2019-10-22,2019102201002887,SHPC,6,28,100,191.00,"19,100.00"
2019-10-22,2019102201002886,SHPC,14,28,100,191.00,"19,100.00"
2019-10-22,2019102201002885,SHPC,7,28,93,192.00,"17,856.00"
2019-10-22,2019102201003126,SIC,41,35,150,471.00,"70,650.00"
2019-10-22,2019102201003125,SIC,18,35,50,471.00,"23,550.00"
2019-10-22,2019102201002914,SICL,58,33,100,735.00,"73,500.00"
2019-10-22,2019102201002913,SICL,58,34,100,735.00,"73,500.00"
2019-10-22,2019102201002912,SICL,58,25,50,734.00,"36,700.00"
2019-10-22,2019102201002807,SICL,58,43,900,730.00,"657,000.00"
2019-10-22,2019102201002806,SICL,58,35,100,729.00,"72,900.00"
2019-10-22,2019102201002740,SICL,49,56,200,729.00,"145,800.00"
2019-10-22,2019102201002817,SIL,25,1,10,385.00,"3,850.00"
2019-10-22,2019102201003216,SJCL,10,32,10,170.00,"1,700.00"
2019-10-22,2019102201003212,SJCL,55,42,10,168.00,"1,680.00"
2019-10-22,2019102201003200,SJCL,55,28,10,168.00,"1,680.00"
2019-10-22,2019102201003154,SJCL,56,32,10,170.00,"1,700.00"
2019-10-22,2019102201003137,SJCL,56,41,10,170.00,"1,700.00"
2019-10-22,2019102201003136,SJCL,56,42,10,170.00,"1,700.00"
2019-10-22,2019102201002736,SJCL,29,44,10,169.00,"1,690.00"
2019-10-22,2019102201002788,SJCL,45,18,10,167.00,"1,670.00"
2019-10-22,2019102201002784,SJCL,45,18,20,167.00,"3,340.00"
2019-10-22,2019102201002780,SJCL,45,18,10,167.00,"1,670.00"
2019-10-22,2019102201002769,SJCL,45,41,20,167.00,"3,340.00"
2019-10-22,2019102201002761,SJCL,45,41,20,167.00,"3,340.00"
2019-10-22,2019102201002838,SJCL,59,38,40,172.00,"6,880.00"
2019-10-22,2019102201002837,SJCL,59,10,10,172.00,"1,720.00"
2019-10-22,2019102201002827,SJCL,59,10,10,171.00,"1,710.00"
2019-10-22,2019102201002822,SJCL,55,58,20,168.00,"3,360.00"
2019-10-22,2019102201002818,SJCL,55,41,20,168.00,"3,360.00"
2019-10-22,2019102201002790,SJCL,45,41,20,167.00,"3,340.00"
2019-10-22,2019102201002847,SJCL,59,1,200,175.00,"35,000.00"
2019-10-22,2019102201002846,SJCL,59,40,100,175.00,"17,500.00"
2019-10-22,2019102201002845,SJCL,59,10,50,175.00,"8,750.00"
2019-10-22,2019102201002841,SJCL,59,47,100,174.00,"17,400.00"
2019-10-22,2019102201002840,SJCL,59,10,100,174.00,"17,400.00"
2019-10-22,2019102201002839,SJCL,59,59,60,174.00,"10,440.00"
2019-10-22,2019102201002899,SJCL,44,34,20,176.00,"3,520.00"
2019-10-22,2019102201002898,SJCL,44,48,20,173.00,"3,460.00"
2019-10-22,2019102201002848,SJCL,59,19,20,175.00,"3,500.00"
2019-10-22,2019102201003073,SJCL,56,35,20,170.00,"3,400.00"
2019-10-22,2019102201002998,SJCL,56,22,10,173.00,"1,730.00"
2019-10-22,2019102201002997,SJCL,56,32,20,173.00,"3,460.00"
2019-10-22,2019102201003058,SKBBL,42,45,10,927.00,"9,270.00"
2019-10-22,2019102201002978,SMATA,39,28,100,514.00,"51,400.00"
2019-10-22,2019102201002977,SMATA,51,28,50,515.00,"25,750.00"
2019-10-22,2019102201002976,SMATA,39,28,50,519.00,"25,950.00"
2019-10-22,2019102201002975,SMATA,51,28,30,523.00,"15,690.00"
2019-10-22,2019102201002974,SMATA,34,28,10,523.00,"5,230.00"
2019-10-22,2019102201002973,SMATA,52,28,100,524.00,"52,400.00"
2019-10-22,2019102201003222,SPARS,58,42,10,519.00,"5,190.00"
2019-10-22,2019102201003015,SRBL,33,1,10,213.00,"2,130.00"
2019-10-22,2019102201002987,SRBL,32,32,50,211.00,"10,550.00"
2019-10-22,2019102201002986,SRBL,32,7,100,211.00,"21,100.00"
2019-10-22,2019102201003092,SWBBL,20,38,20,910.00,"18,200.00"
2019-10-22,2019102201003091,SWBBL,40,38,54,910.00,"49,140.00"
2019-10-22,2019102201003088,SWBBL,19,41,25,911.00,"22,775.00"
2019-10-22,2019102201003156,TRH,33,14,10,288.00,"2,880.00"
2019-10-22,2019102201003035,UIC,41,57,20,252.00,"5,040.00"
2019-10-22,2019102201003034,UIC,39,57,200,252.00,"50,400.00"
2019-10-22,2019102201003033,UIC,11,57,15,253.00,"3,795.00"
2019-10-22,2019102201003032,UIC,26,57,40,254.00,"10,160.00"
2019-10-22,2019102201002921,UIC,52,58,500,255.00,"127,500.00"
2019-10-22,2019102201002835,UIC,8,58,100,255.00,"25,500.00"
2019-10-22,2019102201002834,UIC,47,58,20,255.00,"5,100.00"
2019-10-22,2019102201002798,UIC,57,58,40,256.00,"10,240.00"
2019-10-22,2019102201002850,UMHL,17,35,10,101.00,"1,010.00"
2019-10-22,2019102201003217,UPPER,19,26,50,235.00,"11,750.00"
2019-10-22,2019102201003184,UPPER,58,33,412,236.00,"97,232.00"
2019-10-22,2019102201003141,UPPER,51,33,50,236.00,"11,800.00"
2019-10-22,2019102201003140,UPPER,56,33,350,236.00,"82,600.00"
2019-10-22,2019102201003139,UPPER,56,5,150,236.00,"35,400.00"
2019-10-22,2019102201003062,UPPER,25,5,20,236.00,"4,720.00"
2019-10-22,2019102201003009,UPPER,58,26,22,235.00,"5,170.00"
2019-10-22,2019102201002529,ADBL,56,16,500,412.00,"206,000.00"
2019-10-22,2019102201002477,ADBL,14,34,40,411.00,"16,440.00"
2019-10-22,2019102201002384,ADBL,6,34,20,411.00,"8,220.00"
2019-10-22,2019102201002368,ADBL,6,14,401,410.00,"164,410.00"
2019-10-22,2019102201002367,ADBL,22,14,20,410.00,"8,200.00"
2019-10-22,2019102201002366,ADBL,39,14,79,410.00,"32,390.00"
2019-10-22,2019102201002312,ADBL,59,34,30,411.00,"12,330.00"
2019-10-22,2019102201002306,ADBL,53,53,"1,000",411.00,"411,000.00"
2019-10-22,2019102201002288,ADBL,39,38,421,410.00,"172,610.00"
2019-10-22,2019102201002287,ADBL,42,38,50,410.00,"20,500.00"
2019-10-22,2019102201002266,ADBL,32,34,10,411.00,"4,110.00"
2019-10-22,2019102201002668,AKBSL,48,18,10,408.00,"4,080.00"
2019-10-22,2019102201002612,AKBSL,48,28,10,408.00,"4,080.00"
2019-10-22,2019102201002611,AKBSL,48,41,10,408.00,"4,080.00"
2019-10-22,2019102201002586,AKBSL,48,41,10,408.00,"4,080.00"
2019-10-22,2019102201002543,AKBSL,48,29,10,408.00,"4,080.00"
2019-10-22,2019102201002486,AKBSL,29,29,10,409.00,"4,090.00"
2019-10-22,2019102201002264,AKBSL,26,22,10,410.00,"4,100.00"
2019-10-22,2019102201002263,AKBSL,26,38,10,410.00,"4,100.00"
2019-10-22,2019102201002262,AKBSL,26,38,10,410.00,"4,100.00"
2019-10-22,2019102201002480,AKBSL,48,44,10,408.00,"4,080.00"
2019-10-22,2019102201002473,AKBSL,29,21,10,410.00,"4,100.00"
2019-10-22,2019102201002464,AKBSL,39,38,10,409.00,"4,090.00"
2019-10-22,2019102201002456,AKBSL,39,38,10,409.00,"4,090.00"
2019-10-22,2019102201002450,AKBSL,39,38,10,409.00,"4,090.00"
2019-10-22,2019102201002442,AKBSL,39,38,10,409.00,"4,090.00"
2019-10-22,2019102201002362,AKJCL,49,28,10,54.00,540.00
2019-10-22,2019102201002680,ALBSL,48,18,10,378.00,"3,780.00"
2019-10-22,2019102201002580,ALBSL,25,25,75,378.00,"28,350.00"
2019-10-22,2019102201002579,ALBSL,34,25,20,379.00,"7,580.00"
2019-10-22,2019102201002578,ALBSL,17,7,30,380.00,"11,400.00"
2019-10-22,2019102201002577,ALBSL,17,29,10,380.00,"3,800.00"
2019-10-22,2019102201002452,ALBSL,34,44,10,379.00,"3,790.00"
2019-10-22,2019102201002353,ALBSL,34,32,20,379.00,"7,580.00"
2019-10-22,2019102201002642,API,51,25,150,108.00,"16,200.00"
2019-10-22,2019102201002641,API,41,25,100,109.00,"10,900.00"
2019-10-22,2019102201002640,API,25,25,100,109.00,"10,900.00"
2019-10-22,2019102201002639,API,49,25,100,109.00,"10,900.00"
2019-10-22,2019102201002638,API,14,25,50,109.00,"5,450.00"
2019-10-22,2019102201002637,API,25,25,300,109.00,"32,700.00"
2019-10-22,2019102201002636,API,41,25,30,109.00,"3,270.00"
2019-10-22,2019102201002635,API,29,25,200,109.00,"21,800.00"
2019-10-22,2019102201002634,API,40,25,20,109.00,"2,180.00"
2019-10-22,2019102201002584,API,7,57,110,110.00,"12,100.00"
2019-10-22,2019102201002342,API,37,57,100,110.00,"11,000.00"
2019-10-22,2019102201002315,BARUN,13,22,10,88.00,880.00
2019-10-22,2019102201002719,BOKL,44,48,164,227.00,"37,228.00"
2019-10-22,2019102201002492,BOKL,44,8,12,227.00,"2,724.00"
2019-10-22,2019102201002348,BOKL,44,41,200,227.00,"45,400.00"
2019-10-22,2019102201002624,BPCL,45,28,23,358.00,"8,234.00"
2019-10-22,2019102201002623,BPCL,33,28,10,364.00,"3,640.00"
2019-10-22,2019102201002343,BPCL,22,22,22,358.00,"7,876.00"
2019-10-22,2019102201002570,CBBL,55,58,250,965.00,"241,250.00"
2019-10-22,2019102201002551,CBBL,54,58,50,966.00,"48,300.00"
2019-10-22,2019102201002683,CBL,49,35,206,143.00,"29,458.00"
2019-10-22,2019102201002622,CBL,26,35,50,143.00,"7,150.00"
2019-10-22,2019102201002717,CHCL,14,57,74,415.00,"30,710.00"
2019-10-22,2019102201002559,CHCL,14,57,20,415.00,"8,300.00"
2019-10-22,2019102201002558,CHCL,14,21,29,415.00,"12,035.00"
2019-10-22,2019102201002631,CIT,14,48,17,"1,781.00","30,277.00"
2019-10-22,2019102201002613,CIT,34,48,23,"1,781.00","40,963.00"
2019-10-22,2019102201002454,CLBSL,46,44,10,460.00,"4,600.00"
2019-10-22,2019102201002714,CZBIL,28,22,100,195.00,"19,500.00"
2019-10-22,2019102201002583,CZBIL,34,22,125,195.00,"24,375.00"
2019-10-22,2019102201002484,CZBIL,13,44,341,194.00,"66,154.00"
2019-10-22,2019102201002483,CZBIL,37,44,159,194.00,"30,846.00"
2019-10-22,2019102201002447,CZBIL,37,19,150,194.00,"29,100.00"
2019-10-22,2019102201002328,CZBIL,37,48,191,194.00,"37,054.00"
2019-10-22,2019102201002327,CZBIL,34,48,30,194.00,"5,820.00"
2019-10-22,2019102201002326,CZBIL,14,48,79,194.00,"15,326.00"
2019-10-22,2019102201002325,CZBIL,28,48,700,195.00,"136,500.00"
2019-10-22,2019102201002240,CZBIL,28,41,100,195.00,"19,500.00"
2019-10-22,2019102201002239,CZBIL,28,26,200,195.00,"39,000.00"
2019-10-22,2019102201002336,DBBL,34,41,145,124.00,"17,980.00"
2019-10-22,2019102201002335,DBBL,28,41,99,124.00,"12,276.00"
2019-10-22,2019102201002334,DBBL,45,41,100,125.00,"12,500.00"
2019-10-22,2019102201002333,DBBL,38,41,68,125.00,"8,500.00"
2019-10-22,2019102201002299,DBBL,38,38,32,125.00,"4,000.00"
2019-10-22,2019102201002298,DBBL,57,38,68,125.00,"8,500.00"
2019-10-22,2019102201002297,DBBL,49,38,"1,900",125.00,"237,500.00"
2019-10-22,2019102201002720,EBL,40,44,480,545.00,"261,600.00"
2019-10-22,2019102201002718,EBL,45,44,20,545.00,"10,900.00"
2019-10-22,2019102201002679,EBL,6,35,10,544.00,"5,440.00"
2019-10-22,2019102201002678,EBL,25,35,487,545.00,"265,415.00"
2019-10-22,2019102201002665,EBL,25,45,13,545.00,"7,085.00"
2019-10-22,2019102201002497,EBL,22,44,50,545.00,"27,250.00"
2019-10-22,2019102201002385,EBL,10,44,470,545.00,"256,150.00"
2019-10-22,2019102201002339,EBL,6,41,200,544.00,"108,800.00"
2019-10-22,2019102201002279,EBL,6,57,340,545.00,"185,300.00"
2019-10-22,2019102201002664,EBL,6,45,12,545.00,"6,540.00"
2019-10-22,2019102201002599,EBL,6,11,266,545.00,"144,970.00"
2019-10-22,2019102201002598,EBL,6,44,200,545.00,"109,000.00"
2019-10-22,2019102201002588,EBL,26,44,200,545.00,"109,000.00"
2019-10-22,2019102201002523,EBL,6,58,"4,522",544.00,"2,459,968.00"
2019-10-22,2019102201002498,EBL,46,44,50,545.00,"27,250.00"
2019-10-22,2019102201002372,FMDBL,4,45,37,308.00,"11,396.00"
2019-10-22,2019102201002363,FMDBL,16,45,50,308.00,"15,400.00"
2019-10-22,2019102201002540,FOWAD,42,41,49,"1,273.00","62,377.00"
2019-10-22,2019102201002533,FOWAD,42,41,29,"1,273.00","36,917.00"
2019-10-22,2019102201002532,FOWAD,40,41,20,"1,273.00","25,460.00"
2019-10-22,2019102201002337,GBBL,39,28,15,211.00,"3,165.00"
2019-10-22,2019102201002676,GBLBS,5,5,15,310.00,"4,650.00"
2019-10-22,2019102201002593,GLBSL,47,41,10,411.00,"4,110.00"
2019-10-22,2019102201002491,GLBSL,34,7,100,412.00,"41,200.00"
2019-10-22,2019102201002490,GLBSL,32,7,90,413.00,"37,170.00"
2019-10-22,2019102201002398,GLBSL,32,44,10,413.00,"4,130.00"
2019-10-22,2019102201002482,GMFBS,33,44,10,446.00,"4,460.00"
2019-10-22,2019102201002457,GMFBS,32,44,10,445.00,"4,450.00"
2019-10-22,2019102201002414,GMFBS,32,44,10,445.00,"4,450.00"
2019-10-22,2019102201002633,GRDBL,13,38,250,102.00,"25,500.00"
2019-10-22,2019102201002632,GRDBL,13,38,50,102.00,"5,100.00"
2019-10-22,2019102201002728,HBL,7,50,10,492.00,"4,920.00"
2019-10-22,2019102201002684,HDL,33,25,10,"1,458.00","14,580.00"
2019-10-22,2019102201002468,HDL,58,53,50,"1,430.00","71,500.00"
2019-10-22,2019102201002467,HDL,58,42,50,"1,430.00","71,500.00"
2019-10-22,2019102201002466,HDL,58,25,150,"1,429.00","214,350.00"
2019-10-22,2019102201002465,HDL,58,7,40,"1,425.00","57,000.00"
2019-10-22,2019102201002494,HGI,16,28,206,270.00,"55,620.00"
2019-10-22,2019102201002461,HGI,1,28,50,270.00,"13,500.00"
2019-10-22,2019102201002460,HGI,37,28,33,272.00,"8,976.00"
2019-10-22,2019102201002307,HGI,1,34,50,275.00,"13,750.00"
2019-10-22,2019102201002647,HIDCL,6,38,30,136.00,"4,080.00"
2019-10-22,2019102201002620,HIDCL,45,18,18,137.00,"2,466.00"
2019-10-22,2019102201002590,HIDCL,45,38,30,137.00,"4,110.00"
2019-10-22,2019102201002544,HPPL,19,6,20,138.00,"2,760.00"
2019-10-22,2019102201002694,HURJA,32,42,20,104.00,"2,080.00"
2019-10-22,2019102201002629,HURJA,32,28,20,104.00,"2,080.00"
2019-10-22,2019102201002463,HURJA,32,58,20,104.00,"2,080.00"
2019-10-22,2019102201002295,HURJA,32,1,20,104.00,"2,080.00"
2019-10-22,2019102201002251,HURJA,32,1,20,104.00,"2,080.00"
2019-10-22,2019102201002688,ILBS,54,38,10,415.00,"4,150.00"
2019-10-22,2019102201002630,ILBS,54,41,10,415.00,"4,150.00"
2019-10-22,2019102201002597,ILBS,54,41,10,415.00,"4,150.00"
2019-10-22,2019102201002585,ILBS,54,38,10,415.00,"4,150.00"
2019-10-22,2019102201002496,ILBS,54,44,10,415.00,"4,150.00"
2019-10-22,2019102201002485,ILBS,26,44,10,415.00,"4,150.00"
2019-10-22,2019102201002476,ILBS,26,58,10,415.00,"4,150.00"
2019-10-22,2019102201002347,JBBL,45,41,338,156.00,"52,728.00"
2019-10-22,2019102201002346,JBBL,17,41,162,157.00,"25,434.00"
2019-10-22,2019102201002594,JFL,6,32,200,195.00,"39,000.00"
2019-10-22,2019102201002253,JFL,6,32,500,195.00,"97,500.00"
2019-10-22,2019102201002252,JFL,1,32,22,196.00,"4,312.00"
2019-10-22,2019102201002246,JFL,1,28,78,196.00,"15,288.00"
2019-10-22,2019102201002704,KBL,43,8,200,183.00,"36,600.00"
2019-10-22,2019102201002703,KBL,43,56,100,183.00,"18,300.00"
2019-10-22,2019102201002702,KBL,43,55,900,183.00,"164,700.00"
2019-10-22,2019102201002628,KBL,35,55,100,183.00,"18,300.00"
2019-10-22,2019102201002726,KKHC,18,56,242,58.00,"14,036.00"
2019-10-22,2019102201002655,KKHC,18,38,10,57.00,570.00
2019-10-22,2019102201002444,KKHC,18,57,10,58.00,580.00
2019-10-22,2019102201002443,KKHC,18,45,100,58.00,"5,800.00"
2019-10-22,2019102201002707,LBBL,28,40,53,172.00,"9,116.00"
2019-10-22,2019102201002575,LBBL,22,28,96,172.00,"16,512.00"
2019-10-22,2019102201002574,LBBL,22,33,70,172.00,"12,040.00"
2019-10-22,2019102201002272,LBBL,42,10,200,171.00,"34,200.00"
2019-10-22,2019102201002725,LBL,57,32,50,216.00,"10,800.00"
2019-10-22,2019102201002724,LBL,57,57,170,216.00,"36,720.00"
2019-10-22,2019102201002709,LBL,28,57,100,216.00,"21,600.00"
2019-10-22,2019102201002549,LBL,56,57,30,216.00,"6,480.00"
2019-10-22,2019102201002548,LBL,56,51,246,216.00,"53,136.00"
2019-10-22,2019102201002547,LBL,56,47,200,215.00,"43,000.00"
2019-10-22,2019102201002546,LBL,56,16,24,215.00,"5,160.00"
2019-10-22,2019102201002250,LEMF,47,32,"1,000",6.96,"6,960.00"
2019-10-22,2019102201002682,MBL,14,44,150,225.00,"33,750.00"
2019-10-22,2019102201002603,MBL,14,38,350,225.00,"78,750.00"
2019-10-22,2019102201002449,MBL,14,14,250,225.00,"56,250.00"
2019-10-22,2019102201002244,MBL,38,49,400,224.00,"89,600.00"
2019-10-22,2019102201002243,MBL,38,35,150,224.00,"33,600.00"
2019-10-22,2019102201002561,MEGA,41,50,50,198.00,"9,900.00"
2019-10-22,2019102201002545,MEGA,33,38,"1,531",197.00,"301,607.00"
2019-10-22,2019102201002516,MEGA,33,41,"1,000",197.00,"197,000.00"
2019-10-22,2019102201002439,MEGA,33,41,50,197.00,"9,850.00"
2019-10-22,2019102201002278,MEGA,53,53,"1,000",197.00,"197,000.00"
2019-10-22,2019102201002268,MEGA,41,50,24,198.00,"4,752.00"
2019-10-22,2019102201002267,MEGA,41,45,26,197.00,"5,122.00"
2019-10-22,2019102201002438,MEGA,33,41,300,197.00,"59,100.00"
2019-10-22,2019102201002530,MERO,37,49,147,550.00,"80,850.00"
2019-10-22,2019102201002521,MERO,48,49,400,550.00,"220,000.00"
2019-10-22,2019102201002520,MERO,50,49,50,550.00,"27,500.00"
2019-10-22,2019102201002519,MERO,57,49,100,551.00,"55,100.00"
2019-10-22,2019102201002518,MERO,22,49,20,551.00,"11,020.00"
2019-10-22,2019102201002311,MERO,57,49,11,554.00,"6,094.00"
2019-10-22,2019102201002499,MFIL,21,33,30,127.00,"3,810.00"
2019-10-22,2019102201002615,MHNL,6,59,460,80.00,"36,800.00"
2019-10-22,2019102201002504,MHNL,49,59,60,81.00,"4,860.00"
2019-10-22,2019102201002440,MHNL,6,51,40,80.00,"3,200.00"
2019-10-22,2019102201002723,MNBBL,57,35,10,306.00,"3,060.00"
2019-10-22,2019102201002722,MNBBL,25,35,50,308.00,"15,400.00"
2019-10-22,2019102201002314,MSMBS,1,48,22,465.00,"10,230.00"
2019-10-22,2019102201002542,NABIL,29,35,10,758.00,"7,580.00"
2019-10-22,2019102201002541,NABIL,22,35,15,762.00,"11,430.00"
2019-10-22,2019102201002535,NABIL,22,25,40,762.00,"30,480.00"
2019-10-22,2019102201002534,NABIL,6,25,100,762.00,"76,200.00"
2019-10-22,2019102201002479,NABIL,38,35,10,757.00,"7,570.00"
2019-10-22,2019102201002478,NABIL,18,35,25,758.00,"18,950.00"
2019-10-22,2019102201002274,NABIL,36,38,115,758.00,"87,170.00"
2019-10-22,2019102201002273,NABIL,34,38,50,759.00,"37,950.00"
2019-10-22,2019102201002332,NABIL,38,41,44,757.00,"33,308.00"
2019-10-22,2019102201002331,NABIL,59,41,15,757.00,"11,355.00"
2019-10-22,2019102201002330,NABIL,17,41,100,758.00,"75,800.00"
2019-10-22,2019102201002329,NABIL,17,41,100,758.00,"75,800.00"
2019-10-22,2019102201002276,NABIL,59,38,85,757.00,"64,345.00"
2019-10-22,2019102201002275,NABIL,18,38,50,757.00,"37,850.00"
2019-10-22,2019102201002685,NADEP,49,18,20,387.00,"7,740.00"
2019-10-22,2019102201002503,NADEP,49,44,10,387.00,"3,870.00"
2019-10-22,2019102201002432,NADEP,43,44,10,386.00,"3,860.00"
2019-10-22,2019102201002675,NBB,25,5,400,210.00,"84,000.00"
2019-10-22,2019102201002674,NBB,36,5,100,210.00,"21,000.00"
2019-10-22,2019102201002673,NBB,17,5,200,210.00,"42,000.00"
2019-10-22,2019102201002672,NBB,22,5,50,210.00,"10,500.00"
2019-10-22,2019102201002671,NBB,34,5,50,210.00,"10,500.00"
2019-10-22,2019102201002670,NBB,25,5,200,210.00,"42,000.00"
2019-10-22,2019102201002669,NBB,55,5,300,210.00,"63,000.00"
2019-10-22,2019102201002455,NBB,55,21,100,210.00,"21,000.00"
2019-10-22,2019102201002569,NBL,32,38,199,316.00,"62,884.00"
2019-10-22,2019102201002568,NBL,14,38,401,316.00,"126,716.00"
2019-10-22,2019102201002437,NBL,32,43,50,316.00,"15,800.00"
2019-10-22,2019102201002435,NBL,32,43,50,316.00,"15,800.00"
2019-10-22,2019102201002431,NBL,32,6,220,316.00,"69,520.00"
2019-10-22,2019102201002375,NBL,33,49,"2,000",317.00,"634,000.00"
2019-10-22,2019102201002374,NBL,41,49,316,317.00,"100,172.00"
2019-10-22,2019102201002373,NBL,41,22,"1,000",317.00,"317,000.00"
2019-10-22,2019102201002371,NBL,41,51,184,317.00,"58,328.00"
2019-10-22,2019102201002370,NBL,16,51,16,317.00,"5,072.00"
2019-10-22,2019102201002677,NCCB,58,48,938,198.00,"185,724.00"
2019-10-22,2019102201002658,NCCB,58,48,62,198.00,"12,276.00"
2019-10-22,2019102201002653,NCCB,58,57,"1,600",198.00,"316,800.00"
2019-10-22,2019102201002606,NCCB,58,17,"1,338",198.00,"264,924.00"
2019-10-22,2019102201002605,NCCB,57,17,662,198.00,"131,076.00"
2019-10-22,2019102201002459,NCCB,49,48,500,199.00,"99,500.00"
2019-10-22,2019102201002451,NCCB,7,48,50,199.00,"9,950.00"
2019-10-22,2019102201002412,NCCB,45,48,21,199.00,"4,179.00"
2019-10-22,2019102201002657,NEF,19,17,100,8.05,805.00
2019-10-22,2019102201002649,NEF,7,19,300,7.90,"2,370.00"
2019-10-22,2019102201002517,NEF,7,25,100,8.06,806.00
2019-10-22,2019102201002386,NEF,19,25,100,8.06,806.00
2019-10-22,2019102201002319,NHDL,7,22,10,95.00,950.00
2019-10-22,2019102201002247,NHPC,7,47,200,54.00,"10,800.00"
2019-10-22,2019102201002681,NIB,8,25,30,441.00,"13,230.00"
2019-10-22,2019102201002411,NIB,6,39,50,440.00,"22,000.00"
2019-10-22,2019102201002410,NIB,41,39,20,440.00,"8,800.00"
2019-10-22,2019102201002409,NIB,52,39,800,440.00,"352,000.00"
2019-10-22,2019102201002408,NIB,54,39,100,440.00,"44,000.00"
2019-10-22,2019102201002407,NIB,34,39,50,440.00,"22,000.00"
2019-10-22,2019102201002400,NIB,28,39,79,442.00,"34,918.00"
2019-10-22,2019102201002249,NIB,28,58,421,442.00,"186,082.00"
2019-10-22,2019102201002237,NIB,38,58,500,442.00,"221,000.00"
2019-10-22,2019102201002406,NIB,25,39,700,440.00,"308,000.00"
2019-10-22,2019102201002405,NIB,51,39,444,440.00,"195,360.00"
2019-10-22,2019102201002404,NIB,51,39,50,441.00,"22,050.00"
2019-10-22,2019102201002403,NIB,52,39,300,441.00,"132,300.00"
2019-10-22,2019102201002402,NIB,25,39,100,441.00,"44,100.00"
2019-10-22,2019102201002401,NIB,35,39,200,442.00,"88,400.00"
2019-10-22,2019102201002701,NIBPO,14,4,16,406.00,"6,496.00"
2019-10-22,2019102201002667,NICA,53,1,80,388.00,"31,040.00"
2019-10-22,2019102201002607,NICA,38,22,26,389.00,"10,114.00"
2019-10-22,2019102201002458,NICA,46,8,21,390.00,"8,190.00"
2019-10-22,2019102201002352,NICA,28,35,50,387.00,"19,350.00"
2019-10-22,2019102201002345,NICA,45,5,18,390.00,"7,020.00"
2019-10-22,2019102201002344,NICA,45,55,452,389.00,"175,828.00"
2019-10-22,2019102201002323,NICA,38,55,548,389.00,"213,172.00"
2019-10-22,2019102201002322,NICA,38,14,150,389.00,"58,350.00"
2019-10-22,2019102201002321,NICA,38,22,301,389.00,"117,089.00"
2019-10-22,2019102201002320,NICA,38,44,301,388.00,"116,788.00"
2019-10-22,2019102201002293,NICA,38,44,400,388.00,"155,200.00"
2019-10-22,2019102201002277,NICA,28,7,35,387.00,"13,545.00"
2019-10-22,2019102201002489,NLBBL,55,5,143,491.00,"70,213.00"
2019-10-22,2019102201002488,NLBBL,46,5,10,492.00,"4,920.00"
2019-10-22,2019102201002487,NLBBL,57,5,100,493.00,"49,300.00"
2019-10-22,2019102201002733,NLIC,52,22,10,777.00,"7,770.00"
2019-10-22,2019102201002727,NLIC,55,37,25,776.00,"19,400.00"
2019-10-22,2019102201002591,NLIC,28,22,100,777.00,"77,700.00"
2019-10-22,2019102201002522,NLIC,16,44,44,778.00,"34,232.00"
2019-10-22,2019102201002369,NLIC,55,41,50,776.00,"38,800.00"
2019-10-22,2019102201002716,NLICL,6,56,280,453.00,"126,840.00"
2019-10-22,2019102201002715,NLICL,6,34,839,450.00,"377,550.00"
2019-10-22,2019102201002710,NLICL,19,34,31,450.00,"13,950.00"
2019-10-22,2019102201002693,NLICL,54,34,10,450.00,"4,500.00"
2019-10-22,2019102201002656,NLICL,54,44,90,450.00,"40,500.00"
2019-10-22,2019102201002236,NLICL,54,38,100,450.00,"45,000.00"
2019-10-22,2019102201002705,NMBMF,48,1,30,"1,095.00","32,850.00"
2019-10-22,2019102201002502,NMBMF,33,45,50,"1,095.00","54,750.00"
2019-10-22,2019102201002501,NMBMF,37,45,85,"1,096.00","93,160.00"
2019-10-22,2019102201002500,NMBMF,17,45,10,"1,097.00","10,970.00"
2019-10-22,2019102201002446,NMBMF,37,58,15,"1,100.00","16,500.00"
2019-10-22,2019102201002445,NMBMF,35,58,25,"1,100.00","27,500.00"
2019-10-22,2019102201002248,NTC,59,36,10,624.00,"6,240.00"
2019-10-22,2019102201002242,NTC,21,59,500,619.00,"309,500.00"
2019-10-22,2019102201002241,NTC,55,59,50,620.00,"31,000.00"
2019-10-22,2019102201002514,OHL,45,5,18,441.00,"7,938.00"
2019-10-22,2019102201002513,OHL,43,5,25,441.00,"11,025.00"
2019-10-22,2019102201002512,OHL,34,5,50,441.00,"22,050.00"
2019-10-22,2019102201002505,OHL,45,5,100,444.00,"44,400.00"
2019-10-22,2019102201002511,OHL,34,5,10,441.00,"4,410.00"
2019-10-22,2019102201002510,OHL,6,5,50,442.00,"22,100.00"
2019-10-22,2019102201002509,OHL,34,5,50,442.00,"22,100.00"
2019-10-22,2019102201002508,OHL,38,5,100,442.00,"44,200.00"
2019-10-22,2019102201002507,OHL,46,5,10,442.00,"4,420.00"
2019-10-22,2019102201002506,OHL,34,5,50,443.00,"22,150.00"
2019-10-22,2019102201002691,PCBL,21,13,391,265.00,"103,615.00"
2019-10-22,2019102201002690,PCBL,14,13,109,265.00,"28,885.00"
2019-10-22,2019102201002686,PCBL,14,5,195,265.00,"51,675.00"
2019-10-22,2019102201002646,PCBL,14,48,"1,000",265.00,"265,000.00"
2019-10-22,2019102201002245,PCBL,17,45,100,266.00,"26,600.00"
2019-10-22,2019102201002708,PIC,58,59,30,364.00,"10,920.00"
2019-10-22,2019102201002470,PIC,42,8,39,360.00,"14,040.00"
2019-10-22,2019102201002469,PIC,11,8,30,361.00,"10,830.00"
2019-10-22,2019102201002383,PIC,42,6,61,360.00,"21,960.00"
2019-10-22,2019102201002382,PIC,28,6,340,360.00,"122,400.00"
2019-10-22,2019102201002381,PIC,6,6,100,360.00,"36,000.00"
2019-10-22,2019102201002380,PIC,8,6,58,360.00,"20,880.00"
2019-10-22,2019102201002379,PIC,25,6,10,360.00,"3,600.00"
2019-10-22,2019102201002378,PIC,49,6,30,361.00,"10,830.00"
2019-10-22,2019102201002377,PIC,16,6,201,361.00,"72,561.00"
2019-10-22,2019102201002292,PICL,6,48,200,436.00,"87,200.00"
2019-10-22,2019102201002291,PICL,6,48,70,436.00,"30,520.00"
2019-10-22,2019102201002290,PICL,28,48,300,437.00,"131,100.00"
2019-10-22,2019102201002300,PLIC,6,38,10,321.00,"3,210.00"
2019-10-22,2019102201002481,PPCL,39,58,10,93.00,930.00
2019-10-22,2019102201002712,PRIN,57,47,210,310.00,"65,100.00"
2019-10-22,2019102201002711,PRIN,57,47,100,309.00,"30,900.00"
2019-10-22,2019102201002595,PRVU,40,45,140,265.00,"37,100.00"
2019-10-22,2019102201002581,PRVU,34,45,20,265.00,"5,300.00"
2019-10-22,2019102201002567,PRVU,16,45,100,265.00,"26,500.00"
2019-10-22,2019102201002304,PRVU,6,45,200,265.00,"53,000.00"
2019-10-22,2019102201002303,PRVU,52,45,200,265.00,"53,000.00"
2019-10-22,2019102201002302,PRVU,38,45,238,265.00,"63,070.00"
2019-10-22,2019102201002285,PRVU,38,34,950,266.00,"252,700.00"
2019-10-22,2019102201002284,PRVU,38,43,50,266.00,"13,300.00"
2019-10-22,2019102201002419,PRVU,32,45,200,264.00,"52,800.00"
2019-10-22,2019102201002418,PRVU,26,45,50,264.00,"13,200.00"
2019-10-22,2019102201002417,PRVU,45,45,200,264.00,"52,800.00"
2019-10-22,2019102201002416,PRVU,26,45,178,264.00,"46,992.00"
2019-10-22,2019102201002395,PRVU,26,42,290,264.00,"76,560.00"
2019-10-22,2019102201002305,PRVU,4,45,"1,700",265.00,"450,500.00"
2019-10-22,2019102201002425,PRVU,45,45,20,264.00,"5,280.00"
2019-10-22,2019102201002424,PRVU,28,45,"1,500",264.00,"396,000.00"
2019-10-22,2019102201002423,PRVU,17,45,100,264.00,"26,400.00"
2019-10-22,2019102201002422,PRVU,33,45,210,264.00,"55,440.00"
2019-10-22,2019102201002421,PRVU,38,45,400,264.00,"105,600.00"
2019-10-22,2019102201002420,PRVU,33,45,200,264.00,"52,800.00"
2019-10-22,2019102201002430,PRVU,16,45,500,264.00,"132,000.00"
2019-10-22,2019102201002429,PRVU,25,45,100,264.00,"26,400.00"
2019-10-22,2019102201002428,PRVU,41,45,40,264.00,"10,560.00"
2019-10-22,2019102201002427,PRVU,58,45,500,264.00,"132,000.00"
2019-10-22,2019102201002426,PRVU,4,45,22,264.00,"5,808.00"
2019-10-22,2019102201002472,RADHI,22,29,11,135.00,"1,485.00"
2019-10-22,2019102201002471,RADHI,22,32,11,135.00,"1,485.00"
2019-10-22,2019102201002415,RADHI,47,13,12,133.00,"1,596.00"
2019-10-22,2019102201002399,RADHI,47,13,11,133.00,"1,463.00"
2019-10-22,2019102201002393,RADHI,47,13,12,133.00,"1,596.00"
2019-10-22,2019102201002309,RADHI,39,51,12,132.00,"1,584.00"
2019-10-22,2019102201002286,RADHI,39,41,11,132.00,"1,452.00"
2019-10-22,2019102201002563,RBCL,50,36,10,"8,420.00","84,200.00"
2019-10-22,2019102201002713,RHPC,5,5,19,79.00,"1,501.00"
2019-10-22,2019102201002692,RHPC,5,5,19,79.00,"1,501.00"
2019-10-22,2019102201002283,RHPC,33,16,19,78.00,"1,482.00"
2019-10-22,2019102201002282,RHPC,33,16,19,78.00,"1,482.00"
2019-10-22,2019102201002281,RHPC,33,45,106,78.00,"8,268.00"
2019-10-22,2019102201002689,RHPL,38,18,10,167.00,"1,670.00"
2019-10-22,2019102201002659,RHPL,59,41,40,166.00,"6,640.00"
2019-10-22,2019102201002654,RHPL,16,18,30,166.00,"4,980.00"
2019-10-22,2019102201002627,RHPL,40,18,20,167.00,"3,340.00"
2019-10-22,2019102201002614,RHPL,40,41,40,167.00,"6,680.00"
2019-10-22,2019102201002604,RHPL,40,41,40,167.00,"6,680.00"
2019-10-22,2019102201002254,RHPL,19,1,30,165.00,"4,950.00"
2019-10-22,2019102201002260,RHPL,59,45,"1,976",167.00,"329,992.00"
2019-10-22,2019102201002259,RHPL,59,52,"1,000",167.00,"167,000.00"
2019-10-22,2019102201002258,RHPL,59,22,50,167.00,"8,350.00"
2019-10-22,2019102201002257,RHPL,59,39,314,167.00,"52,438.00"
2019-10-22,2019102201002256,RHPL,59,58,30,166.00,"4,980.00"
2019-10-22,2019102201002255,RHPL,59,1,30,166.00,"4,980.00"
2019-10-22,2019102201002354,RHPL,59,59,300,168.00,"50,400.00"
2019-10-22,2019102201002318,RHPL,40,1,20,165.00,"3,300.00"
2019-10-22,2019102201002317,RHPL,19,1,10,165.00,"1,650.00"
2019-10-22,2019102201002308,RHPL,19,1,30,165.00,"4,950.00"
2019-10-22,2019102201002271,RHPL,19,1,30,165.00,"4,950.00"
2019-10-22,2019102201002265,RHPL,59,45,24,167.00,"4,008.00"
2019-10-22,2019102201002360,RHPL,59,48,20,168.00,"3,360.00"
2019-10-22,2019102201002359,RHPL,59,1,200,168.00,"33,600.00"
2019-10-22,2019102201002358,RHPL,59,40,80,168.00,"13,440.00"
2019-10-22,2019102201002357,RHPL,59,32,20,168.00,"3,360.00"
2019-10-22,2019102201002356,RHPL,59,40,400,168.00,"67,200.00"
2019-10-22,2019102201002355,RHPL,59,41,30,168.00,"5,040.00"
2019-10-22,2019102201002539,RHPL,40,40,300,169.00,"50,700.00"
2019-10-22,2019102201002462,RHPL,16,44,10,166.00,"1,660.00"
2019-10-22,2019102201002436,RHPL,16,44,10,167.00,"1,670.00"
2019-10-22,2019102201002365,RHPL,59,49,100,170.00,"17,000.00"
2019-10-22,2019102201002364,RHPL,59,45,500,169.00,"84,500.00"
2019-10-22,2019102201002361,RHPL,59,49,30,168.00,"5,040.00"
2019-10-22,2019102201002448,RRHP,22,13,10,103.00,"1,030.00"
2019-10-22,2019102201002433,RRHP,22,13,10,103.00,"1,030.00"
2019-10-22,2019102201002565,RSDC,47,37,26,316.00,"8,216.00"
2019-10-22,2019102201002564,RSDC,33,37,37,316.00,"11,692.00"
2019-10-22,2019102201002552,RSDC,33,37,63,316.00,"19,908.00"
2019-10-22,2019102201002538,RSDC,32,22,25,317.00,"7,925.00"
2019-10-22,2019102201002562,SABSL,57,22,10,448.00,"4,480.00"
2019-10-22,2019102201002434,SABSL,29,29,10,449.00,"4,490.00"
2019-10-22,2019102201002394,SABSL,29,29,10,449.00,"4,490.00"
2019-10-22,2019102201002296,SABSL,50,22,10,448.00,"4,480.00"
2019-10-22,2019102201002537,SADBL,5,19,262,138.00,"36,156.00"
2019-10-22,2019102201002536,SADBL,5,19,50,138.00,"6,900.00"
2019-10-22,2019102201002730,SAEF,49,57,"1,000",9.00,"9,000.00"
2019-10-22,2019102201002729,SANIMA,38,37,50,309.00,"15,450.00"
2019-10-22,2019102201002696,SANIMA,57,55,205,310.00,"63,550.00"
2019-10-22,2019102201002695,SANIMA,57,47,185,310.00,"57,350.00"
2019-10-22,2019102201002626,SANIMA,38,32,30,309.00,"9,270.00"
2019-10-22,2019102201002572,SANIMA,38,46,500,309.00,"154,500.00"
2019-10-22,2019102201002571,SANIMA,38,14,40,309.00,"12,360.00"
2019-10-22,2019102201002341,SANIMA,32,21,50,308.00,"15,400.00"
2019-10-22,2019102201002340,SANIMA,32,28,100,308.00,"30,800.00"
2019-10-22,2019102201002316,SAPDBL,42,16,100,121.00,"12,100.00"
2019-10-22,2019102201002731,SBI,6,11,100,404.00,"40,400.00"
2019-10-22,2019102201002652,SBI,17,16,100,404.00,"40,400.00"
2019-10-22,2019102201002651,SBI,42,16,200,404.00,"80,800.00"
2019-10-22,2019102201002650,SBI,16,16,91,404.00,"36,764.00"
2019-10-22,2019102201002560,SBI,16,28,109,404.00,"44,036.00"
2019-10-22,2019102201002350,SBL,51,59,"1,300",289.00,"375,700.00"
2019-10-22,2019102201002349,SBL,51,57,39,289.00,"11,271.00"
2019-10-22,2019102201002608,SCB,22,35,10,554.00,"5,540.00"
2019-10-22,2019102201002413,SCB,22,21,10,554.00,"5,540.00"
2019-10-22,2019102201002301,SCB,7,41,100,553.00,"55,300.00"
2019-10-22,2019102201002270,SCB,17,45,20,555.00,"11,100.00"
2019-10-22,2019102201002732,SHINE,39,33,500,253.00,"126,500.00"
2019-10-22,2019102201002721,SHIVM,34,34,"2,200",483.00,"1,062,600.00"
2019-10-22,2019102201002697,SHIVM,14,34,146,481.00,"70,226.00"
2019-10-22,2019102201002645,SHIVM,14,35,10,481.00,"4,810.00"
2019-10-22,2019102201002644,SHIVM,14,52,100,481.00,"48,100.00"
2019-10-22,2019102201002557,SHIVM,32,52,100,481.00,"48,100.00"
2019-10-22,2019102201002556,SHIVM,56,52,200,481.00,"96,200.00"
2019-10-22,2019102201002525,SHIVM,34,1,50,483.00,"24,150.00"
2019-10-22,2019102201002555,SHIVM,34,52,50,481.00,"24,050.00"
2019-10-22,2019102201002554,SHIVM,51,52,10,482.00,"4,820.00"
2019-10-22,2019102201002553,SHIVM,13,52,40,482.00,"19,280.00"
2019-10-22,2019102201002528,SHIVM,13,1,210,482.00,"101,220.00"
2019-10-22,2019102201002527,SHIVM,51,1,40,482.00,"19,280.00"
2019-10-22,2019102201002526,SHIVM,45,1,100,483.00,"48,300.00"
2019-10-22,2019102201002376,SHL,44,58,300,208.00,"62,400.00"
2019-10-22,2019102201002338,SHL,42,58,100,209.00,"20,900.00"
2019-10-22,2019102201002700,SIC,25,59,10,480.00,"4,800.00"
2019-10-22,2019102201002294,SICL,19,41,29,726.00,"21,054.00"
2019-10-22,2019102201002625,SIL,25,22,10,381.00,"3,810.00"
2019-10-22,2019102201002619,SIL,25,19,20,376.00,"7,520.00"
2019-10-22,2019102201002618,SIL,25,7,30,375.00,"11,250.00"
2019-10-22,2019102201002617,SIL,25,41,111,371.00,"41,181.00"
2019-10-22,2019102201002616,SIL,25,35,118,370.00,"43,660.00"
2019-10-22,2019102201002493,SIL,53,35,50,370.00,"18,500.00"
2019-10-22,2019102201002666,SINDU,29,1,50,124.00,"6,200.00"
2019-10-22,2019102201002610,SINDU,29,1,40,122.00,"4,880.00"
2019-10-22,2019102201002313,SINDU,11,22,10,120.00,"1,200.00"
2019-10-22,2019102201002735,SJCL,29,44,10,169.00,"1,690.00"
2019-10-22,2019102201002734,SJCL,29,44,10,169.00,"1,690.00"
2019-10-22,2019102201002261,SJCL,45,1,20,167.00,"3,340.00"
2019-10-22,2019102201002238,SJCL,45,58,20,167.00,"3,340.00"
2019-10-22,2019102201002389,SJCL,59,21,20,169.00,"3,380.00"
2019-10-22,2019102201002388,SJCL,59,21,20,169.00,"3,380.00"
2019-10-22,2019102201002387,SJCL,59,11,10,168.00,"1,680.00"
2019-10-22,2019102201002324,SJCL,45,1,20,167.00,"3,340.00"
2019-10-22,2019102201002310,SJCL,45,1,20,167.00,"3,340.00"
2019-10-22,2019102201002280,SJCL,45,1,20,167.00,"3,340.00"
2019-10-22,2019102201002397,SJCL,59,39,300,172.00,"51,600.00"
2019-10-22,2019102201002396,SJCL,59,22,20,171.00,"3,420.00"
2019-10-22,2019102201002392,SJCL,59,19,20,170.00,"3,400.00"
2019-10-22,2019102201002391,SJCL,59,19,20,170.00,"3,400.00"
2019-10-22,2019102201002390,SJCL,59,48,20,169.00,"3,380.00"
2019-10-22,2019102201002475,SKBBL,39,5,"1,038",910.00,"944,580.00"
2019-10-22,2019102201002474,SKBBL,22,5,42,915.00,"38,430.00"
2019-10-22,2019102201002643,SMFBS,14,41,10,771.00,"7,710.00"
2019-10-22,2019102201002582,SMFBS,14,43,10,775.00,"7,750.00"
2019-10-22,2019102201002351,SMFBS,14,53,10,775.00,"7,750.00"
2019-10-22,2019102201002589,SPARS,58,35,20,519.00,"10,380.00"
2019-10-22,2019102201002515,SPARS,58,44,10,519.00,"5,190.00"
2019-10-22,2019102201002663,SRBL,32,52,140,210.00,"29,400.00"
2019-10-22,2019102201002662,SRBL,13,52,100,210.00,"21,000.00"
2019-10-22,2019102201002661,SRBL,3,52,100,210.00,"21,000.00"
2019-10-22,2019102201002660,SRBL,45,52,160,210.00,"33,600.00"
2019-10-22,2019102201002550,SRBL,45,7,100,210.00,"21,000.00"
2019-10-22,2019102201002441,SRBL,45,21,10,210.00,"2,100.00"
2019-10-22,2019102201002531,SWBBL,11,38,32,914.00,"29,248.00"
2019-10-22,2019102201002699,TRH,57,55,100,285.00,"28,500.00"
2019-10-22,2019102201002687,TRH,57,35,150,285.00,"42,750.00"
2019-10-22,2019102201002596,UIC,5,58,100,255.00,"25,500.00"
2019-10-22,2019102201002592,UIC,7,57,10,257.00,"2,570.00"
2019-10-22,2019102201002453,UIC,52,58,500,256.00,"128,000.00"
2019-10-22,2019102201002601,UMHL,43,44,23,101.00,"2,323.00"
2019-10-22,2019102201002600,UMHL,43,29,13,101.00,"1,313.00"
2019-10-22,2019102201002289,UPCL,32,22,200,77.00,"15,400.00"
2019-10-22,2019102201002269,UPCL,22,51,50,76.00,"3,800.00"
2019-10-22,2019102201002706,UPPER,58,41,50,235.00,"11,750.00"
2019-10-22,2019102201002698,UPPER,14,33,96,236.00,"22,656.00"
2019-10-22,2019102201002648,UPPER,58,41,40,235.00,"9,400.00"
2019-10-22,2019102201002621,UPPER,58,41,50,235.00,"11,750.00"
2019-10-22,2019102201002609,UPPER,58,41,40,235.00,"9,400.00"
2019-10-22,2019102201002602,UPPER,58,54,404,235.00,"94,940.00"
2019-10-22,2019102201002587,UPPER,54,33,404,236.00,"95,344.00"
2019-10-22,2019102201002576,UPPER,41,22,643,236.00,"151,748.00"
2019-10-22,2019102201002573,UPPER,41,22,10,236.00,"2,360.00"
2019-10-22,2019102201002566,UPPER,41,28,40,236.00,"9,440.00"
2019-10-22,2019102201002524,UPPER,41,59,307,236.00,"72,452.00"
2019-10-22,2019102201002495,VLBS,45,17,10,561.00,"5,610.00"
2019-10-22,2019102201002199,ADBL,45,38,30,411.00,"12,330.00"
2019-10-22,2019102201002198,ADBL,22,38,115,411.00,"47,265.00"
2019-10-22,2019102201002040,ADBL,45,16,10,412.00,"4,120.00"
2019-10-22,2019102201001989,ADBL,22,57,85,411.00,"34,935.00"
2019-10-22,2019102201001840,ADBL,22,4,50,411.00,"20,550.00"
2019-10-22,2019102201001834,ADBL,19,16,25,412.00,"10,300.00"
2019-10-22,2019102201001818,ADBL,38,16,20,412.00,"8,240.00"
2019-10-22,2019102201001893,AHPC,37,40,"1,000",95.00,"95,000.00"
2019-10-22,2019102201001819,AKBSL,29,29,10,409.00,"4,090.00"
2019-10-22,2019102201001773,AKBSL,48,57,10,408.00,"4,080.00"
2019-10-22,2019102201001757,AKBSL,48,57,10,408.00,"4,080.00"
2019-10-22,2019102201002090,AKJCL,7,22,110,54.00,"5,940.00"
2019-10-22,2019102201002092,AKPL,7,47,50,136.00,"6,800.00"
2019-10-22,2019102201001873,ALBSL,45,46,10,380.00,"3,800.00"
2019-10-22,2019102201001872,ALBSL,45,45,10,380.00,"3,800.00"
2019-10-22,2019102201001826,ALBSL,5,56,10,382.00,"3,820.00"
2019-10-22,2019102201001814,ALBSL,5,7,90,382.00,"34,380.00"
2019-10-22,2019102201001813,ALBSL,6,7,10,384.00,"3,840.00"
2019-10-22,2019102201002116,API,7,57,107,110.00,"11,770.00"
2019-10-22,2019102201002096,API,45,57,110,110.00,"12,100.00"
2019-10-22,2019102201002073,API,45,6,490,110.00,"53,900.00"
2019-10-22,2019102201002023,API,11,57,199,110.00,"21,890.00"
2019-10-22,2019102201002022,API,36,57,121,110.00,"13,310.00"
2019-10-22,2019102201002004,API,36,7,79,110.00,"8,690.00"
2019-10-22,2019102201002003,API,25,7,21,110.00,"2,310.00"
2019-10-22,2019102201002160,BOKL,44,58,84,227.00,"19,068.00"
2019-10-22,2019102201001860,BOKL,44,37,189,228.00,"43,092.00"
2019-10-22,2019102201001859,BOKL,44,16,111,228.00,"25,308.00"
2019-10-22,2019102201001788,BOKL,28,16,489,228.00,"111,492.00"
2019-10-22,2019102201001808,BPCL,33,26,10,365.00,"3,650.00"
2019-10-22,2019102201001770,BPCL,22,29,22,358.00,"7,876.00"
2019-10-22,2019102201001769,BPCL,22,29,22,358.00,"7,876.00"
2019-10-22,2019102201001768,BPCL,22,29,22,358.00,"7,876.00"
2019-10-22,2019102201002079,CBBL,54,25,50,966.00,"48,300.00"
2019-10-22,2019102201001879,CBBL,58,58,"1,100",965.00,"1,061,500.00"
2019-10-22,2019102201002157,CBL,26,38,30,143.00,"4,290.00"
2019-10-22,2019102201002156,CBL,6,38,27,143.00,"3,861.00"
2019-10-22,2019102201002018,CBL,6,57,150,143.00,"21,450.00"
2019-10-22,2019102201001846,CBL,6,51,23,143.00,"3,289.00"
2019-10-22,2019102201002130,CCBL,34,48,10,152.00,"1,520.00"
2019-10-22,2019102201001948,CCBL,34,4,167,152.00,"25,384.00"
2019-10-22,2019102201001947,CCBL,32,4,33,152.00,"5,016.00"
2019-10-22,2019102201001848,CCBL,32,4,50,152.00,"7,600.00"
2019-10-22,2019102201001839,CCBL,1,16,150,153.00,"22,950.00"
2019-10-22,2019102201001759,CEFL,52,13,443,109.00,"48,287.00"
2019-10-22,2019102201001758,CEFL,57,13,257,109.00,"28,013.00"
2019-10-22,2019102201002015,CFCL,52,48,39,105.00,"4,095.00"
2019-10-22,2019102201002014,CFCL,13,48,50,105.00,"5,250.00"
2019-10-22,2019102201002128,CZBIL,14,48,41,194.00,"7,954.00"
2019-10-22,2019102201001738,CZBIL,47,34,179,193.00,"34,547.00"
2019-10-22,2019102201001737,CZBIL,59,34,30,194.00,"5,820.00"
2019-10-22,2019102201002134,DBBL,49,57,100,125.00,"12,500.00"
2019-10-22,2019102201001901,DBBL,19,44,490,126.00,"61,740.00"
2019-10-22,2019102201001900,DBBL,19,52,10,126.00,"1,260.00"
2019-10-22,2019102201001979,DDBL,37,42,16,730.00,"11,680.00"
2019-10-22,2019102201001973,DDBL,38,42,75,730.00,"54,750.00"
2019-10-22,2019102201001972,DDBL,38,52,25,730.00,"18,250.00"
2019-10-22,2019102201002179,EBL,32,57,400,545.00,"218,000.00"
2019-10-22,2019102201002178,EBL,26,57,50,545.00,"27,250.00"
2019-10-22,2019102201002177,EBL,56,57,200,545.00,"109,000.00"
2019-10-22,2019102201002176,EBL,6,57,10,545.00,"5,450.00"
2019-10-22,2019102201002144,EBL,25,58,200,546.00,"109,200.00"
2019-10-22,2019102201002135,EBL,25,22,100,546.00,"54,600.00"
2019-10-22,2019102201002103,EBL,52,44,30,547.00,"16,410.00"
2019-10-22,2019102201002016,EBL,41,57,19,545.00,"10,355.00"
2019-10-22,2019102201001978,EBL,50,59,100,546.00,"54,600.00"
2019-10-22,2019102201001864,EBL,25,35,350,546.00,"191,100.00"
2019-10-22,2019102201001843,EDBL,39,39,280,266.00,"74,480.00"
2019-10-22,2019102201002155,EIC,7,13,230,222.00,"51,060.00"
2019-10-22,2019102201002216,FMDBL,37,45,50,308.00,"15,400.00"
2019-10-22,2019102201002215,FMDBL,42,45,50,308.00,"15,400.00"
2019-10-22,2019102201002214,FMDBL,39,45,13,309.00,"4,017.00"
2019-10-22,2019102201002213,GBBL,39,32,109,211.00,"22,999.00"
2019-10-22,2019102201002212,GBBL,35,32,200,211.00,"42,200.00"
2019-10-22,2019102201002204,GBBL,13,32,91,212.00,"19,292.00"
2019-10-22,2019102201002124,GBBL,13,48,10,212.00,"2,120.00"
2019-10-22,2019102201001985,GBBL,13,29,68,212.00,"14,416.00"
2019-10-22,2019102201001959,GBBL,13,4,331,212.00,"70,172.00"
2019-10-22,2019102201001958,GBBL,40,4,19,212.00,"4,028.00"
2019-10-22,2019102201001899,GBBL,56,4,20,213.00,"4,260.00"
2019-10-22,2019102201001898,GBBL,14,4,100,213.00,"21,300.00"
2019-10-22,2019102201001856,GLBSL,38,38,10,418.00,"4,180.00"
2019-10-22,2019102201001760,GLBSL,38,38,10,420.00,"4,200.00"
2019-10-22,2019102201001966,GLICL,25,4,58,352.00,"20,416.00"
2019-10-22,2019102201001905,GLICL,25,4,100,352.00,"35,200.00"
2019-10-22,2019102201002057,GMFBS,38,38,10,453.00,"4,530.00"
2019-10-22,2019102201002104,GMFIL,28,28,83,115.00,"9,545.00"
2019-10-22,2019102201002129,GRDBL,21,59,50,103.00,"5,150.00"
2019-10-22,2019102201001824,GRDBL,21,5,100,103.00,"10,300.00"
2019-10-22,2019102201002043,HBL,32,16,515,492.00,"253,380.00"
2019-10-22,2019102201002042,HBL,32,16,444,492.00,"218,448.00"
2019-10-22,2019102201001833,HBL,14,5,25,490.00,"12,250.00"
2019-10-22,2019102201002111,HDL,50,7,50,"1,425.00","71,250.00"
2019-10-22,2019102201001930,HGI,37,37,50,272.00,"13,600.00"
2019-10-22,2019102201002164,HIDCL,7,43,31,137.00,"4,247.00"
2019-10-22,2019102201001823,HIDCL,38,41,19,137.00,"2,603.00"
2019-10-22,2019102201001822,HIDCL,38,16,31,137.00,"4,247.00"
2019-10-22,2019102201001777,HIDCL,18,18,2,136.00,272.00
2019-10-22,2019102201001771,HIDCL,18,18,2,136.00,272.00
2019-10-22,2019102201002077,HPPL,19,45,10,138.00,"1,380.00"
2019-10-22,2019102201002076,HPPL,19,45,10,138.00,"1,380.00"
2019-10-22,2019102201002108,HURJA,32,41,20,104.00,"2,080.00"
2019-10-22,2019102201002107,HURJA,32,45,20,104.00,"2,080.00"
2019-10-22,2019102201001850,HURJA,45,1,20,103.00,"2,060.00"
2019-10-22,2019102201001744,HURJA,45,1,20,103.00,"2,060.00"
2019-10-22,2019102201001924,ILBS,18,38,10,416.00,"4,160.00"
2019-10-22,2019102201001897,ILBS,18,38,10,416.00,"4,160.00"
2019-10-22,2019102201001812,ILBS,18,38,10,416.00,"4,160.00"
2019-10-22,2019102201001787,ILBS,18,57,10,416.00,"4,160.00"
2019-10-22,2019102201002226,JBBL,17,32,38,157.00,"5,966.00"
2019-10-22,2019102201002063,JFL,19,32,"1,000",195.00,"195,000.00"
2019-10-22,2019102201002062,JFL,35,32,200,196.00,"39,200.00"
2019-10-22,2019102201002061,JFL,45,32,30,196.00,"5,880.00"
2019-10-22,2019102201001995,JFL,58,17,24,198.00,"4,752.00"
2019-10-22,2019102201002230,KBL,43,7,40,182.00,"7,280.00"
2019-10-22,2019102201002229,KBL,43,3,240,182.00,"43,680.00"
2019-10-22,2019102201002228,KBL,43,4,250,182.00,"45,500.00"
2019-10-22,2019102201002227,KBL,43,4,70,182.00,"12,740.00"
2019-10-22,2019102201002192,KBL,7,4,14,182.00,"2,548.00"
2019-10-22,2019102201001912,KBL,44,4,66,182.00,"12,012.00"
2019-10-22,2019102201001888,KBL,44,22,134,182.00,"24,388.00"
2019-10-22,2019102201001887,KBL,17,22,78,182.00,"14,196.00"
2019-10-22,2019102201002029,KRBL,57,48,45,99.00,"4,455.00"
2019-10-22,2019102201002028,KRBL,34,48,300,100.00,"30,000.00"
2019-10-22,2019102201002027,KRBL,57,48,500,100.00,"50,000.00"
2019-10-22,2019102201002026,KRBL,59,48,800,100.00,"80,000.00"
2019-10-22,2019102201002025,KRBL,59,48,200,100.00,"20,000.00"
2019-10-22,2019102201002021,KRBL,58,48,500,101.00,"50,500.00"
2019-10-22,2019102201002201,LBBL,45,33,30,172.00,"5,160.00"
2019-10-22,2019102201002200,LBBL,43,33,70,172.00,"12,040.00"
2019-10-22,2019102201002035,LBL,28,16,500,215.00,"107,500.00"
2019-10-22,2019102201001876,LBL,44,16,81,215.00,"17,415.00"
2019-10-22,2019102201001875,LBL,44,52,119,215.00,"25,585.00"
2019-10-22,2019102201001868,LBL,44,55,54,214.00,"11,556.00"
2019-10-22,2019102201001867,LBL,44,16,587,214.00,"125,618.00"
2019-10-22,2019102201002175,LICN,29,6,25,987.00,"24,675.00"
2019-10-22,2019102201002037,LICN,34,49,40,980.00,"39,200.00"
2019-10-22,2019102201001938,LICN,47,22,46,972.00,"44,712.00"
2019-10-22,2019102201001937,LICN,17,22,100,973.00,"97,300.00"
2019-10-22,2019102201002217,LLBS,18,16,10,660.00,"6,600.00"
2019-10-22,2019102201002122,LLBS,57,56,27,650.00,"17,550.00"
2019-10-22,2019102201002165,MBL,14,35,100,224.00,"22,400.00"
2019-10-22,2019102201002038,MBL,54,7,100,223.00,"22,300.00"
2019-10-22,2019102201002007,MBL,54,49,161,223.00,"35,903.00"
2019-10-22,2019102201002006,MBL,33,49,40,223.00,"8,920.00"
2019-10-22,2019102201002005,MBL,57,49,"1,025",223.00,"228,575.00"
2019-10-22,2019102201001943,MBL,14,49,74,224.00,"16,576.00"
2019-10-22,2019102201001746,MBL,14,34,16,224.00,"3,584.00"
2019-10-22,2019102201002187,MEGA,40,50,10,198.00,"1,980.00"
2019-10-22,2019102201002183,MEGA,33,13,"1,000",197.00,"197,000.00"
2019-10-22,2019102201002119,MEGA,33,50,25,198.00,"4,950.00"
2019-10-22,2019102201002091,MEGA,41,49,50,198.00,"9,900.00"
2019-10-22,2019102201002078,MEGA,33,57,190,197.00,"37,430.00"
2019-10-22,2019102201001832,MEGA,38,25,10,197.00,"1,970.00"
2019-10-22,2019102201002010,MEGA,45,51,10,197.00,"1,970.00"
2019-10-22,2019102201002009,MEGA,45,25,90,197.00,"17,730.00"
2019-10-22,2019102201002053,MEGA,36,57,10,197.00,"1,970.00"
2019-10-22,2019102201002052,MEGA,36,51,90,197.00,"17,730.00"
2019-10-22,2019102201001805,MERO,49,49,500,550.00,"275,000.00"
2019-10-22,2019102201002138,MHNL,22,59,40,81.00,"3,240.00"
2019-10-22,2019102201002118,MHNL,22,59,60,81.00,"4,860.00"
2019-10-22,2019102201001776,MHNL,22,59,100,80.00,"8,000.00"
2019-10-22,2019102201001775,MHNL,22,29,40,79.00,"3,160.00"
2019-10-22,2019102201002065,MNBBL,35,6,10,312.00,"3,120.00"
2019-10-22,2019102201002064,MNBBL,35,4,32,310.00,"9,920.00"
2019-10-22,2019102201001993,MNBBL,6,48,20,309.00,"6,180.00"
2019-10-22,2019102201001983,MNBBL,33,4,58,310.00,"17,980.00"
2019-10-22,2019102201001885,MNBBL,21,35,426,310.00,"132,060.00"
2019-10-22,2019102201001862,MNBBL,21,14,15,310.00,"4,650.00"
2019-10-22,2019102201001895,NABIL,45,35,20,756.00,"15,120.00"
2019-10-22,2019102201001894,NABIL,58,35,20,756.00,"15,120.00"
2019-10-22,2019102201002117,NADEP,45,51,10,385.00,"3,850.00"
2019-10-22,2019102201002163,NBB,21,33,300,211.00,"63,300.00"
2019-10-22,2019102201002136,NBB,57,33,"2,000",211.00,"422,000.00"
2019-10-22,2019102201002126,NBB,49,16,110,211.00,"23,210.00"
2019-10-22,2019102201002044,NBB,55,6,500,210.00,"105,000.00"
2019-10-22,2019102201001975,NBB,55,4,100,210.00,"21,000.00"
2019-10-22,2019102201001907,NBB,22,35,100,210.00,"21,000.00"
2019-10-22,2019102201001906,NBB,17,35,100,210.00,"21,000.00"
2019-10-22,2019102201001866,NBB,55,16,"2,000",211.00,"422,000.00"
2019-10-22,2019102201001836,NBB,52,16,100,211.00,"21,100.00"
2019-10-22,2019102201002219,NBL,7,52,50,318.00,"15,900.00"
2019-10-22,2019102201002159,NBL,16,58,184,317.00,"58,328.00"
2019-10-22,2019102201002158,NBL,41,58,21,317.00,"6,657.00"
2019-10-22,2019102201002151,NBL,41,5,29,317.00,"9,193.00"
2019-10-22,2019102201002150,NBL,45,5,30,317.00,"9,510.00"
2019-10-22,2019102201002149,NBL,16,5,41,317.00,"12,997.00"
2019-10-22,2019102201001957,NBL,22,52,43,318.00,"13,674.00"
2019-10-22,2019102201001956,NBL,22,25,37,318.00,"11,766.00"
2019-10-22,2019102201001908,NBL,16,5,50,317.00,"15,850.00"
2019-10-22,2019102201001884,NBL,34,45,100,317.00,"31,700.00"
2019-10-22,2019102201001750,NBL,36,25,31,318.00,"9,858.00"
2019-10-22,2019102201002202,NCCB,7,48,107,199.00,"21,293.00"
2019-10-22,2019102201002194,NCCB,5,48,50,199.00,"9,950.00"
2019-10-22,2019102201002162,NCCB,57,37,50,198.00,"9,900.00"
2019-10-22,2019102201002084,NCCB,57,57,57,198.00,"11,286.00"
2019-10-22,2019102201001911,NCCB,19,48,23,199.00,"4,577.00"
2019-10-22,2019102201001910,NCCB,19,6,160,199.00,"31,840.00"
2019-10-22,2019102201001909,NCCB,19,59,17,198.00,"3,366.00"
2019-10-22,2019102201001751,NCCB,58,34,185,197.00,"36,445.00"
2019-10-22,2019102201001742,NCCB,14,59,90,198.00,"17,820.00"
2019-10-22,2019102201002114,NEF,7,19,128,7.91,"1,012.48"
2019-10-22,2019102201002153,NGPL,42,58,13,99.00,"1,287.00"
2019-10-22,2019102201001890,NHDL,7,45,10,95.00,950.00
2019-10-22,2019102201002170,NIB,48,58,40,442.00,"17,680.00"
2019-10-22,2019102201002169,NIB,49,58,70,442.00,"30,940.00"
2019-10-22,2019102201002168,NIB,59,58,200,442.00,"88,400.00"
2019-10-22,2019102201002167,NIB,42,58,100,442.00,"44,200.00"
2019-10-22,2019102201002166,NIB,42,58,60,442.00,"26,520.00"
2019-10-22,2019102201001987,NIB,42,53,40,442.00,"17,680.00"
2019-10-22,2019102201001986,NIB,45,53,20,443.00,"8,860.00"
2019-10-22,2019102201001764,NIB,18,18,8,442.00,"3,536.00"
2019-10-22,2019102201001903,NIBLPF,38,38,"12,511",7.05,"88,202.55"
2019-10-22,2019102201001902,NIBLPF,38,38,"25,000",7.05,"176,250.00"
2019-10-22,2019102201002094,NIBPO,52,4,64,406.00,"25,984.00"
2019-10-22,2019102201002093,NIBPO,52,4,37,406.00,"15,022.00"
2019-10-22,2019102201002049,NIBPO,4,4,43,406.00,"17,458.00"
2019-10-22,2019102201002173,NIBSF1,7,26,200,8.60,"1,720.00"
2019-10-22,2019102201002154,NICA,28,22,55,387.00,"21,285.00"
2019-10-22,2019102201002120,NICA,28,48,39,387.00,"15,093.00"
2019-10-22,2019102201002071,NICA,36,44,100,388.00,"38,800.00"
2019-10-22,2019102201002070,NICA,28,44,199,388.00,"77,212.00"
2019-10-22,2019102201002067,NICA,28,22,55,389.00,"21,395.00"
2019-10-22,2019102201001944,NICA,28,22,200,388.00,"77,600.00"
2019-10-22,2019102201001815,NICA,53,22,100,389.00,"38,900.00"
2019-10-22,2019102201001801,NICA,44,22,44,389.00,"17,116.00"
2019-10-22,2019102201001800,NICA,44,54,156,389.00,"60,684.00"
2019-10-22,2019102201001792,NICA,7,54,638,389.00,"248,182.00"
2019-10-22,2019102201001791,NICA,7,8,462,389.00,"179,718.00"
2019-10-22,2019102201001755,NICA,36,8,14,389.00,"5,446.00"
2019-10-22,2019102201002131,NIL,52,35,10,353.00,"3,530.00"
2019-10-22,2019102201002002,NIL,52,35,150,355.00,"53,250.00"
2019-10-22,2019102201001927,NIL,51,35,27,352.00,"9,504.00"
2019-10-22,2019102201001892,NLBBL,57,25,30,497.00,"14,910.00"
2019-10-22,2019102201002054,NLG,19,5,10,570.00,"5,700.00"
2019-10-22,2019102201002148,NLIC,4,58,124,775.00,"96,100.00"
2019-10-22,2019102201002097,NLIC,32,57,25,778.00,"19,450.00"
2019-10-22,2019102201002083,NLIC,4,4,"1,000",776.00,"776,000.00"
2019-10-22,2019102201002082,NLIC,4,5,50,776.00,"38,800.00"
2019-10-22,2019102201002081,NLIC,4,34,394,775.00,"305,350.00"
2019-10-22,2019102201001982,NLIC,32,34,26,774.00,"20,124.00"
2019-10-22,2019102201001962,NLIC,58,53,34,773.00,"26,282.00"
2019-10-22,2019102201001961,NLIC,1,53,10,773.00,"7,730.00"
2019-10-22,2019102201001942,NLIC,1,35,40,773.00,"30,920.00"
2019-10-22,2019102201001941,NLIC,54,35,10,773.00,"7,730.00"
2019-10-22,2019102201001940,NLIC,4,35,50,773.00,"38,650.00"
2019-10-22,2019102201002235,NLICL,45,38,70,450.00,"31,500.00"
2019-10-22,2019102201002234,NLICL,51,38,50,450.00,"22,500.00"
2019-10-22,2019102201002233,NLICL,26,38,70,451.00,"31,570.00"
2019-10-22,2019102201002232,NLICL,6,38,40,452.00,"18,080.00"
2019-10-22,2019102201002231,NLICL,19,38,12,452.00,"5,424.00"
2019-10-22,2019102201002109,NLICL,52,25,15,455.00,"6,825.00"
2019-10-22,2019102201002056,NLICL,19,35,88,452.00,"39,776.00"
2019-10-22,2019102201002222,NMBMF,33,1,20,"1,100.00","22,000.00"
2019-10-22,2019102201002203,NMBMF,33,1,30,"1,100.00","33,000.00"
2019-10-22,2019102201002102,NMBMF,41,36,15,"1,102.00","16,530.00"
2019-10-22,2019102201002101,NMBMF,41,58,200,"1,100.00","220,000.00"
2019-10-22,2019102201002100,NMBMF,41,42,75,"1,100.00","82,500.00"
2019-10-22,2019102201002099,NMBMF,41,46,76,"1,098.00","83,448.00"
2019-10-22,2019102201002098,NMBMF,41,46,50,"1,095.00","54,750.00"
2019-10-22,2019102201002059,NMBMF,26,46,50,"1,095.00","54,750.00"
2019-10-22,2019102201001950,NMBMF,45,38,27,"1,090.00","29,430.00"
2019-10-22,2019102201001949,NMBMF,49,38,10,"1,090.00","10,900.00"
2019-10-22,2019102201001845,NMBMF,58,58,5,"1,075.00","5,375.00"
2019-10-22,2019102201001803,NMBMF,29,29,1,"1,069.00","1,069.00"
2019-10-22,2019102201002000,NMFBS,45,10,50,"1,705.00","85,250.00"
2019-10-22,2019102201001967,NMFBS,33,55,50,"1,700.00","85,000.00"
2019-10-22,2019102201002143,NSEWA,57,45,80,378.00,"30,240.00"
2019-10-22,2019102201002142,NSEWA,57,45,10,378.00,"3,780.00"
2019-10-22,2019102201002141,NSEWA,57,38,10,376.00,"3,760.00"
2019-10-22,2019102201001804,NTC,33,36,10,624.00,"6,240.00"
2019-10-22,2019102201001761,NTC,55,38,150,619.00,"92,850.00"
2019-10-22,2019102201001971,NUBL,14,52,100,871.00,"87,100.00"
2019-10-22,2019102201001970,NUBL,14,58,20,870.00,"17,400.00"
2019-10-22,2019102201002218,PCBL,53,53,"5,000",265.00,"1,325,000.00"
2019-10-22,2019102201002174,PCBL,14,22,100,265.00,"26,500.00"
2019-10-22,2019102201002089,PCBL,14,57,48,265.00,"12,720.00"
2019-10-22,2019102201002088,PCBL,36,57,300,265.00,"79,500.00"
2019-10-22,2019102201001999,PCBL,13,43,500,265.00,"132,500.00"
2019-10-22,2019102201001998,PCBL,13,53,141,265.00,"37,365.00"
2019-10-22,2019102201001871,PCBL,13,39,178,264.00,"46,992.00"
2019-10-22,2019102201001854,PCBL,26,53,100,265.00,"26,500.00"
2019-10-22,2019102201001853,PCBL,34,53,90,265.00,"23,850.00"
2019-10-22,2019102201001852,PCBL,26,53,30,265.00,"7,950.00"
2019-10-22,2019102201001851,PCBL,14,53,639,265.00,"169,335.00"
2019-10-22,2019102201001817,PFL,13,18,13,133.00,"1,729.00"
2019-10-22,2019102201001857,PIC,16,56,11,361.00,"3,971.00"
2019-10-22,2019102201001955,PLIC,39,38,105,319.00,"33,495.00"
2019-10-22,2019102201001954,PLIC,33,38,70,320.00,"22,400.00"
2019-10-22,2019102201002036,PPCL,22,22,30,94.00,"2,820.00"
2019-10-22,2019102201002106,PRIN,57,47,100,309.00,"30,900.00"
2019-10-22,2019102201001990,PRIN,55,48,300,308.00,"92,400.00"
2019-10-22,2019102201001996,PROFL,28,56,150,96.00,"14,400.00"
2019-10-22,2019102201002211,PRVU,38,40,111,265.00,"29,415.00"
2019-10-22,2019102201002195,PRVU,6,40,40,265.00,"10,600.00"
2019-10-22,2019102201002191,PRVU,59,40,500,265.00,"132,500.00"
2019-10-22,2019102201002189,PRVU,59,40,349,265.00,"92,485.00"
2019-10-22,2019102201002188,PRVU,59,52,151,265.00,"40,015.00"
2019-10-22,2019102201002186,PRVU,38,52,10,265.00,"2,650.00"
2019-10-22,2019102201001880,PRVU,28,45,"1,359",265.00,"360,135.00"
2019-10-22,2019102201001844,PRVU,26,56,302,264.00,"79,728.00"
2019-10-22,2019102201001767,PRVU,57,45,350,265.00,"92,750.00"
2019-10-22,2019102201001926,PRVU,26,4,50,264.00,"13,200.00"
2019-10-22,2019102201001918,PRVU,47,29,100,265.00,"26,500.00"
2019-10-22,2019102201001882,PRVU,28,29,71,265.00,"18,815.00"
2019-10-22,2019102201001881,PRVU,28,28,70,265.00,"18,550.00"
2019-10-22,2019102201002132,PRVU,4,29,"2,000",265.00,"530,000.00"
2019-10-22,2019102201002125,PRVU,33,29,25,265.00,"6,625.00"
2019-10-22,2019102201002051,PRVU,41,29,30,265.00,"7,950.00"
2019-10-22,2019102201002047,PRVU,26,54,151,264.00,"39,864.00"
2019-10-22,2019102201002001,PRVU,26,57,18,264.00,"4,752.00"
2019-10-22,2019102201001991,PRVU,26,4,100,264.00,"26,400.00"
2019-10-22,2019102201002185,PRVU,59,52,339,265.00,"89,835.00"
2019-10-22,2019102201002184,PRVU,59,45,161,265.00,"42,665.00"
2019-10-22,2019102201002147,PRVU,11,45,226,265.00,"59,890.00"
2019-10-22,2019102201002146,PRVU,11,10,500,265.00,"132,500.00"
2019-10-22,2019102201002145,PRVU,11,29,274,265.00,"72,610.00"
2019-10-22,2019102201002137,PRVU,26,29,300,265.00,"79,500.00"
2019-10-22,2019102201002012,RADHI,17,29,12,134.00,"1,608.00"
2019-10-22,2019102201001841,RADHI,16,5,10,135.00,"1,350.00"
2019-10-22,2019102201002210,RHPL,59,38,500,166.00,"83,000.00"
2019-10-22,2019102201002209,RHPL,59,38,50,166.00,"8,300.00"
2019-10-22,2019102201002208,RHPL,59,38,40,166.00,"6,640.00"
2019-10-22,2019102201002207,RHPL,59,38,40,166.00,"6,640.00"
2019-10-22,2019102201002206,RHPL,59,38,40,166.00,"6,640.00"
2019-10-22,2019102201002205,RHPL,59,26,30,166.00,"4,980.00"
2019-10-22,2019102201001739,RHPL,54,57,40,165.00,"6,600.00"
2019-10-22,2019102201001736,RHPL,54,51,20,165.00,"3,300.00"
2019-10-22,2019102201001763,RHPL,54,57,40,165.00,"6,600.00"
2019-10-22,2019102201001762,RHPL,54,1,30,165.00,"4,950.00"
2019-10-22,2019102201001752,RHPL,54,1,30,165.00,"4,950.00"
2019-10-22,2019102201001749,RHPL,54,57,40,165.00,"6,600.00"
2019-10-22,2019102201001747,RHPL,54,26,40,165.00,"6,600.00"
2019-10-22,2019102201001745,RHPL,54,51,20,165.00,"3,300.00"
2019-10-22,2019102201001830,RHPL,18,26,40,166.00,"6,640.00"
2019-10-22,2019102201001829,RHPL,18,38,50,166.00,"8,300.00"
2019-10-22,2019102201001825,RHPL,54,1,30,165.00,"4,950.00"
2019-10-22,2019102201001811,RHPL,54,1,30,165.00,"4,950.00"
2019-10-22,2019102201001793,RHPL,54,57,40,165.00,"6,600.00"
2019-10-22,2019102201001778,RHPL,54,1,30,165.00,"4,950.00"
2019-10-22,2019102201001883,RHPL,26,38,30,165.00,"4,950.00"
2019-10-22,2019102201001878,RHPL,26,46,10,165.00,"1,650.00"
2019-10-22,2019102201001877,RHPL,54,46,30,165.00,"4,950.00"
2019-10-22,2019102201001870,RHPL,54,56,10,165.00,"1,650.00"
2019-10-22,2019102201001858,RHPL,54,1,30,165.00,"4,950.00"
2019-10-22,2019102201001831,RHPL,18,26,10,166.00,"1,660.00"
2019-10-22,2019102201001988,RHPL,54,38,40,165.00,"6,600.00"
2019-10-22,2019102201001976,RHPL,54,38,50,165.00,"8,250.00"
2019-10-22,2019102201001946,RHPL,54,38,50,165.00,"8,250.00"
2019-10-22,2019102201001933,RHPL,54,38,40,165.00,"6,600.00"
2019-10-22,2019102201001932,RHPL,54,38,40,165.00,"6,600.00"
2019-10-22,2019102201001931,RHPL,54,38,10,165.00,"1,650.00"
2019-10-22,2019102201002087,RHPL,54,11,10,165.00,"1,650.00"
2019-10-22,2019102201002068,RHPL,54,38,40,165.00,"6,600.00"
2019-10-22,2019102201002060,RHPL,54,38,40,165.00,"6,600.00"
2019-10-22,2019102201002039,RHPL,54,38,40,165.00,"6,600.00"
2019-10-22,2019102201002020,RHPL,54,38,40,165.00,"6,600.00"
2019-10-22,2019102201001994,RHPL,54,38,40,165.00,"6,600.00"
2019-10-22,2019102201002034,RLFL,1,48,447,109.00,"48,723.00"
2019-10-22,2019102201002033,RLFL,22,48,100,109.00,"10,900.00"
2019-10-22,2019102201002032,RLFL,52,48,50,109.00,"5,450.00"
2019-10-22,2019102201002031,RLFL,16,48,10,110.00,"1,100.00"
2019-10-22,2019102201002123,RMDC,37,16,27,605.00,"16,335.00"
2019-10-22,2019102201001807,RRHP,22,41,10,103.00,"1,030.00"
2019-10-22,2019102201001806,RRHP,22,41,10,103.00,"1,030.00"
2019-10-22,2019102201001799,RRHP,22,56,10,102.00,"1,020.00"
2019-10-22,2019102201002193,RSDC,17,17,2,310.00,620.00
2019-10-22,2019102201002181,RSDC,17,17,2,310.00,620.00
2019-10-22,2019102201002161,RSDC,33,38,13,314.00,"4,082.00"
2019-10-22,2019102201002139,RSDC,7,22,50,317.00,"15,850.00"
2019-10-22,2019102201001842,RSDC,59,58,91,311.00,"28,301.00"
2019-10-22,2019102201002095,SABSL,50,51,10,448.00,"4,480.00"
2019-10-22,2019102201002086,SABSL,50,51,10,448.00,"4,480.00"
2019-10-22,2019102201002085,SABSL,50,51,10,448.00,"4,480.00"
2019-10-22,2019102201002080,SABSL,57,51,10,448.00,"4,480.00"
2019-10-22,2019102201002075,SABSL,57,51,10,448.00,"4,480.00"
2019-10-22,2019102201002072,SABSL,57,51,10,448.00,"4,480.00"
2019-10-22,2019102201001925,SABSL,57,38,10,448.00,"4,480.00"
2019-10-22,2019102201001919,SABSL,40,38,10,448.00,"4,480.00"
2019-10-22,2019102201001913,SABSL,40,38,10,448.00,"4,480.00"
2019-10-22,2019102201001869,SABSL,50,57,10,448.00,"4,480.00"
2019-10-22,2019102201001820,SABSL,50,56,10,448.00,"4,480.00"
2019-10-22,2019102201001809,SABSL,50,56,10,448.00,"4,480.00"
2019-10-22,2019102201002069,SABSL,57,51,10,448.00,"4,480.00"
2019-10-22,2019102201002058,SABSL,57,51,10,448.00,"4,480.00"
2019-10-22,2019102201001984,SABSL,57,38,10,448.00,"4,480.00"
2019-10-22,2019102201001977,SABSL,57,38,10,448.00,"4,480.00"
2019-10-22,2019102201001935,SABSL,57,38,10,448.00,"4,480.00"
2019-10-22,2019102201001928,SABSL,57,38,10,448.00,"4,480.00"
2019-10-22,2019102201002045,SAEF,7,57,100,9.13,913.00
2019-10-22,2019102201002197,SANIMA,38,42,100,307.00,"30,700.00"
2019-10-22,2019102201002140,SANIMA,38,7,25,307.00,"7,675.00"
2019-10-22,2019102201001896,SANIMA,46,26,42,308.00,"12,936.00"
2019-10-22,2019102201001838,SANIMA,54,13,365,307.00,"112,055.00"
2019-10-22,2019102201001923,SBI,57,16,347,405.00,"140,535.00"
2019-10-22,2019102201001922,SBI,57,17,45,405.00,"18,225.00"
2019-10-22,2019102201001921,SBI,57,3,50,405.00,"20,250.00"
2019-10-22,2019102201001920,SBI,57,45,21,404.00,"8,484.00"
2019-10-22,2019102201001772,SBI,14,52,150,403.00,"60,450.00"
2019-10-22,2019102201002152,SBL,26,7,50,288.00,"14,400.00"
2019-10-22,2019102201001929,SBL,46,57,70,289.00,"20,230.00"
2019-10-22,2019102201001855,SBL,51,57,20,289.00,"5,780.00"
2019-10-22,2019102201001827,SBL,38,57,10,289.00,"2,890.00"
2019-10-22,2019102201002196,SCB,21,33,10,557.00,"5,570.00"
2019-10-22,2019102201001847,SCB,7,5,10,553.00,"5,530.00"
2019-10-22,2019102201001796,SCB,7,57,380,553.00,"210,140.00"
2019-10-22,2019102201001795,SCB,19,57,100,553.00,"55,300.00"
2019-10-22,2019102201001794,SCB,45,57,20,554.00,"11,080.00"
2019-10-22,2019102201002220,SDESI,57,4,18,608.00,"10,944.00"
2019-10-22,2019102201002190,SFFIL,21,1,25,198.00,"4,950.00"
2019-10-22,2019102201002225,SHINE,14,58,260,252.00,"65,520.00"
2019-10-22,2019102201002224,SHINE,21,58,90,253.00,"22,770.00"
2019-10-22,2019102201002008,SHIVM,19,32,100,484.00,"48,400.00"
2019-10-22,2019102201001936,SHIVM,34,4,50,483.00,"24,150.00"
2019-10-22,2019102201001945,SHL,44,34,200,208.00,"41,600.00"
2019-10-22,2019102201001861,SHL,44,58,500,209.00,"104,500.00"
2019-10-22,2019102201002046,SIC,35,59,10,474.00,"4,740.00"
2019-10-22,2019102201001974,SICL,36,43,100,730.00,"73,000.00"
2019-10-22,2019102201002221,SJCL,45,1,20,167.00,"3,340.00"
2019-10-22,2019102201001754,SJCL,45,1,20,166.00,"3,320.00"
2019-10-22,2019102201001753,SJCL,45,57,20,166.00,"3,320.00"
2019-10-22,2019102201001748,SJCL,51,51,10,166.00,"1,660.00"
2019-10-22,2019102201001743,SJCL,51,57,20,166.00,"3,320.00"
2019-10-22,2019102201001741,SJCL,26,29,10,167.00,"1,670.00"
2019-10-22,2019102201001740,SJCL,51,51,10,166.00,"1,660.00"
2019-10-22,2019102201001782,SJCL,44,29,20,167.00,"3,340.00"
2019-10-22,2019102201001781,SJCL,44,29,20,167.00,"3,340.00"
2019-10-22,2019102201001780,SJCL,44,38,20,167.00,"3,340.00"
2019-10-22,2019102201001779,SJCL,44,29,10,167.00,"1,670.00"
2019-10-22,2019102201001766,SJCL,45,1,20,166.00,"3,320.00"
2019-10-22,2019102201001765,SJCL,45,57,20,166.00,"3,320.00"
2019-10-22,2019102201001798,SJCL,44,57,20,167.00,"3,340.00"
2019-10-22,2019102201001797,SJCL,44,1,20,167.00,"3,340.00"
2019-10-22,2019102201001786,SJCL,44,38,20,167.00,"3,340.00"
2019-10-22,2019102201001785,SJCL,44,26,20,167.00,"3,340.00"
2019-10-22,2019102201001784,SJCL,44,29,20,167.00,"3,340.00"
2019-10-22,2019102201001783,SJCL,44,26,20,167.00,"3,340.00"
2019-10-22,2019102201001849,SJCL,44,5,10,167.00,"1,670.00"
2019-10-22,2019102201001837,SJCL,44,1,20,167.00,"3,340.00"
2019-10-22,2019102201001835,SJCL,18,29,30,168.00,"5,040.00"
2019-10-22,2019102201001828,SJCL,44,38,20,167.00,"3,340.00"
2019-10-22,2019102201001816,SJCL,44,1,20,167.00,"3,340.00"
2019-10-22,2019102201001904,SJCL,44,38,20,167.00,"3,340.00"
2019-10-22,2019102201001889,SJCL,44,38,20,167.00,"3,340.00"
2019-10-22,2019102201001886,SJCL,44,46,20,167.00,"3,340.00"
2019-10-22,2019102201001874,SJCL,44,38,20,167.00,"3,340.00"
2019-10-22,2019102201001865,SJCL,44,38,20,167.00,"3,340.00"
2019-10-22,2019102201001863,SJCL,44,56,10,167.00,"1,670.00"
2019-10-22,2019102201001960,SJCL,33,38,20,168.00,"3,360.00"
2019-10-22,2019102201001934,SJCL,33,38,10,168.00,"1,680.00"
2019-10-22,2019102201001917,SJCL,33,42,20,168.00,"3,360.00"
2019-10-22,2019102201001916,SJCL,33,43,200,168.00,"33,600.00"
2019-10-22,2019102201001915,SJCL,33,29,150,168.00,"25,200.00"
2019-10-22,2019102201001914,SJCL,44,32,"2,630",167.00,"439,210.00"
2019-10-22,2019102201001997,SJCL,33,38,20,168.00,"3,360.00"
2019-10-22,2019102201001992,SJCL,33,38,20,168.00,"3,360.00"
2019-10-22,2019102201001980,SJCL,33,38,20,168.00,"3,360.00"
2019-10-22,2019102201001969,SJCL,33,53,20,168.00,"3,360.00"
2019-10-22,2019102201002074,SJCL,45,38,20,167.00,"3,340.00"
2019-10-22,2019102201002066,SJCL,33,38,20,168.00,"3,360.00"
2019-10-22,2019102201002041,SJCL,33,38,20,168.00,"3,360.00"
2019-10-22,2019102201002024,SJCL,33,38,20,168.00,"3,360.00"
2019-10-22,2019102201002112,SKBBL,14,57,100,920.00,"92,000.00"
2019-10-22,2019102201001981,SKBBL,14,25,20,920.00,"18,400.00"
2019-10-22,2019102201001965,SKBBL,14,35,30,915.00,"27,450.00"
2019-10-22,2019102201001964,SKBBL,19,35,60,916.00,"54,960.00"
2019-10-22,2019102201001963,SKBBL,22,35,10,916.00,"9,160.00"
2019-10-22,2019102201001939,SMFBS,57,38,10,770.00,"7,700.00"
2019-10-22,2019102201001810,SMFBS,57,57,10,770.00,"7,700.00"
2019-10-22,2019102201001774,SMFBS,57,38,10,770.00,"7,700.00"
2019-10-22,2019102201002055,SPARS,45,22,10,520.00,"5,200.00"
2019-10-22,2019102201002048,SPARS,45,38,10,520.00,"5,200.00"
2019-10-22,2019102201002030,SPARS,45,38,10,520.00,"5,200.00"
2019-10-22,2019102201002011,SPARS,45,38,10,520.00,"5,200.00"
2019-10-22,2019102201001968,SPARS,45,38,10,520.00,"5,200.00"
2019-10-22,2019102201001802,SPARS,38,56,10,520.00,"5,200.00"
2019-10-22,2019102201001756,SPARS,26,26,10,522.00,"5,220.00"
2019-10-22,2019102201002223,SRBL,45,21,30,210.00,"6,300.00"
2019-10-22,2019102201002017,SRBL,45,35,600,210.00,"126,000.00"
2019-10-22,2019102201002019,SWBBL,28,28,202,915.00,"184,830.00"
2019-10-22,2019102201001953,SWBBL,14,7,100,920.00,"92,000.00"
2019-10-22,2019102201001952,SWBBL,14,26,97,920.00,"89,240.00"
2019-10-22,2019102201001951,SWBBL,14,41,100,918.00,"91,800.00"
2019-10-22,2019102201001790,SWBBL,11,39,103,914.00,"94,142.00"
2019-10-22,2019102201001789,SWBBL,33,39,10,915.00,"9,150.00"
2019-10-22,2019102201002182,UPPER,40,59,186,236.00,"43,896.00"
2019-10-22,2019102201002180,UPPER,33,59,10,237.00,"2,370.00"
2019-10-22,2019102201002172,UPPER,40,38,40,236.00,"9,440.00"
2019-10-22,2019102201002171,UPPER,40,36,10,236.00,"2,360.00"
2019-10-22,2019102201002133,UPPER,7,36,10,236.00,"2,360.00"
2019-10-22,2019102201002127,UPPER,38,38,5,235.00,"1,175.00"
2019-10-22,2019102201002013,UPPER,58,38,40,235.00,"9,400.00"
2019-10-22,2019102201001891,UPPER,58,46,50,235.00,"11,750.00"
2019-10-22,2019102201001821,UPPER,38,36,20,236.00,"4,720.00"
2019-10-22,2019102201002121,UPPER,38,38,3,235.00,705.00
2019-10-22,2019102201002115,UPPER,58,51,50,235.00,"11,750.00"
2019-10-22,2019102201002113,UPPER,58,51,50,235.00,"11,750.00"
2019-10-22,2019102201002110,UPPER,58,51,40,235.00,"9,400.00"
2019-10-22,2019102201002105,UPPER,58,51,50,235.00,"11,750.00"
2019-10-22,2019102201002050,UPPER,58,54,50,235.00,"11,750.00"
2019-10-22,2019102201001621,ADBL,19,1,15,411.00,"6,165.00"
2019-10-22,2019102201001562,ADBL,19,26,10,411.00,"4,110.00"
2019-10-22,2019102201001246,ADBL,36,16,20,412.00,"8,240.00"
2019-10-22,2019102201001245,ADBL,36,42,100,410.00,"41,000.00"
2019-10-22,2019102201001244,ADBL,36,42,40,410.00,"16,400.00"
2019-10-22,2019102201001729,AKBSL,42,26,10,410.00,"4,100.00"
2019-10-22,2019102201001683,AKBSL,42,38,10,410.00,"4,100.00"
2019-10-22,2019102201001574,AKBSL,42,18,10,410.00,"4,100.00"
2019-10-22,2019102201001384,AKBSL,42,1,10,410.00,"4,100.00"
2019-10-22,2019102201001323,AKBSL,42,39,10,410.00,"4,100.00"
2019-10-22,2019102201001614,AKPL,29,39,13,135.00,"1,755.00"
2019-10-22,2019102201001613,AKPL,29,39,13,135.00,"1,755.00"
2019-10-22,2019102201001612,AKPL,29,39,13,135.00,"1,755.00"
2019-10-22,2019102201001611,AKPL,29,39,13,135.00,"1,755.00"
2019-10-22,2019102201001610,AKPL,29,39,13,135.00,"1,755.00"
2019-10-22,2019102201001609,AKPL,29,39,13,135.00,"1,755.00"
2019-10-22,2019102201001608,AKPL,29,39,13,135.00,"1,755.00"
2019-10-22,2019102201001417,AKPL,59,5,99,133.00,"13,167.00"
2019-10-22,2019102201001388,ALBSL,37,25,50,382.00,"19,100.00"
2019-10-22,2019102201001392,ALBSL,52,25,30,381.00,"11,430.00"
2019-10-22,2019102201001391,ALBSL,43,25,100,381.00,"38,100.00"
2019-10-22,2019102201001390,ALBSL,6,25,10,382.00,"3,820.00"
2019-10-22,2019102201001389,ALBSL,36,25,50,382.00,"19,100.00"
2019-10-22,2019102201001588,ALICL,46,16,375,315.00,"118,125.00"
2019-10-22,2019102201001587,ALICL,46,45,100,315.00,"31,500.00"
2019-10-22,2019102201001561,ALICL,46,10,100,314.00,"31,400.00"
2019-10-22,2019102201001327,ALICL,25,16,49,312.00,"15,288.00"
2019-10-22,2019102201001421,API,25,5,29,110.00,"3,190.00"
2019-10-22,2019102201001406,API,25,51,50,111.00,"5,550.00"
2019-10-22,2019102201001405,BOKL,44,57,40,227.00,"9,080.00"
2019-10-22,2019102201001404,BOKL,44,51,100,227.00,"22,700.00"
2019-10-22,2019102201001354,BOKL,44,16,400,227.00,"90,800.00"
2019-10-22,2019102201001708,CBL,14,44,150,144.00,"21,600.00"
2019-10-22,2019102201001722,CCBL,14,16,150,153.00,"22,950.00"
2019-10-22,2019102201001715,CCBL,32,32,98,152.00,"14,896.00"
2019-10-22,2019102201001631,CCBL,32,26,48,152.00,"7,296.00"
2019-10-22,2019102201001256,CCBL,32,45,52,152.00,"7,904.00"
2019-10-22,2019102201001239,CIT,54,20,138,"1,780.00","245,640.00"
2019-10-22,2019102201001377,CLBSL,7,56,10,465.00,"4,650.00"
2019-10-22,2019102201001364,CZBIL,57,37,"1,000",195.00,"195,000.00"
2019-10-22,2019102201001363,CZBIL,57,25,100,194.00,"19,400.00"
2019-10-22,2019102201001455,DBBL,46,52,90,126.00,"11,340.00"
2019-10-22,2019102201001449,DDBL,37,35,80,723.00,"57,840.00"
2019-10-22,2019102201001486,DHPL,42,34,100,56.00,"5,600.00"
2019-10-22,2019102201001287,EBL,6,44,"1,990",545.00,"1,084,550.00"
2019-10-22,2019102201001286,EBL,13,44,10,545.00,"5,450.00"
2019-10-22,2019102201001248,EBL,36,1,200,546.00,"109,200.00"
2019-10-22,2019102201001247,EBL,14,16,100,545.00,"54,500.00"
2019-10-22,2019102201001623,EIC,51,13,100,222.00,"22,200.00"
2019-10-22,2019102201001533,EIC,28,41,10,219.00,"2,190.00"
2019-10-22,2019102201001532,EIC,40,41,100,219.00,"21,900.00"
2019-10-22,2019102201001531,EIC,11,41,20,219.00,"4,380.00"
2019-10-22,2019102201001530,EIC,11,41,20,219.00,"4,380.00"
2019-10-22,2019102201001243,EIC,34,46,156,220.00,"34,320.00"
2019-10-22,2019102201001314,FOWAD,36,29,19,"1,290.00","24,510.00"
2019-10-22,2019102201001272,FOWAD,36,36,38,"1,280.00","48,640.00"
2019-10-22,2019102201001411,GBBL,40,36,81,212.00,"17,172.00"
2019-10-22,2019102201001410,GBBL,47,36,100,213.00,"21,300.00"
2019-10-22,2019102201001409,GBBL,22,36,50,213.00,"10,650.00"
2019-10-22,2019102201001633,GBLBS,42,57,15,307.00,"4,605.00"
2019-10-22,2019102201001564,GBLBS,42,57,15,307.00,"4,605.00"
2019-10-22,2019102201001539,GBLBS,42,57,15,307.00,"4,605.00"
2019-10-22,2019102201001259,GBLBS,21,45,15,308.00,"4,620.00"
2019-10-22,2019102201001570,GFCL,59,6,40,137.00,"5,480.00"
2019-10-22,2019102201001643,GLBSL,48,57,10,412.00,"4,120.00"
2019-10-22,2019102201001498,GLICL,33,54,"1,000",352.00,"352,000.00"
2019-10-22,2019102201001497,GLICL,34,54,100,352.00,"35,200.00"
2019-10-22,2019102201001496,GLICL,58,54,50,352.00,"17,600.00"
2019-10-22,2019102201001495,GLICL,20,54,10,352.00,"3,520.00"
2019-10-22,2019102201001649,GMFBS,32,57,10,445.00,"4,450.00"
2019-10-22,2019102201001445,GMFBS,32,8,10,449.00,"4,490.00"
2019-10-22,2019102201001695,HBL,14,42,"1,244",490.00,"609,560.00"
2019-10-22,2019102201001694,HBL,34,42,100,490.00,"49,000.00"
2019-10-22,2019102201001693,HBL,57,42,15,490.00,"7,350.00"
2019-10-22,2019102201001348,HGI,40,37,50,277.00,"13,850.00"
2019-10-22,2019102201001657,HIDCL,54,46,222,135.00,"29,970.00"
2019-10-22,2019102201001656,HIDCL,59,46,78,135.00,"10,530.00"
2019-10-22,2019102201001336,HIDCL,17,17,12,136.00,"1,632.00"
2019-10-22,2019102201001267,HIDCL,59,45,61,135.00,"8,235.00"
2019-10-22,2019102201001674,HPPL,45,57,10,137.00,"1,370.00"
2019-10-22,2019102201001679,HURJA,45,57,20,103.00,"2,060.00"
2019-10-22,2019102201001640,HURJA,45,48,50,103.00,"5,150.00"
2019-10-22,2019102201001691,ILBS,18,38,10,416.00,"4,160.00"
2019-10-22,2019102201001627,ILBS,11,11,10,417.00,"4,170.00"
2019-10-22,2019102201001607,ILBS,11,11,10,417.00,"4,170.00"
2019-10-22,2019102201001594,ILBS,18,18,50,416.00,"20,800.00"
2019-10-22,2019102201001593,ILBS,22,18,50,416.00,"20,800.00"
2019-10-22,2019102201001578,ILBS,22,38,10,416.00,"4,160.00"
2019-10-22,2019102201001457,ILBS,22,37,10,416.00,"4,160.00"
2019-10-22,2019102201001452,ILBS,22,37,10,416.00,"4,160.00"
2019-10-22,2019102201001435,ILBS,22,38,10,416.00,"4,160.00"
2019-10-22,2019102201001398,JBBL,49,7,846,156.00,"131,976.00"
2019-10-22,2019102201001706,KBL,17,38,105,182.00,"19,110.00"
2019-10-22,2019102201001386,KBL,17,16,17,182.00,"3,094.00"
2019-10-22,2019102201001358,KBL,39,16,89,182.00,"16,198.00"
2019-10-22,2019102201001357,KBL,39,16,11,182.00,"2,002.00"
2019-10-22,2019102201001288,KRBL,55,42,100,103.00,"10,300.00"
2019-10-22,2019102201001596,KSBBL,38,7,147,143.00,"21,021.00"
2019-10-22,2019102201001527,KSBBL,56,47,"1,000",143.00,"143,000.00"
2019-10-22,2019102201001456,KSBBL,50,45,75,142.00,"10,650.00"
2019-10-22,2019102201001427,KSBBL,44,51,100,141.00,"14,100.00"
2019-10-22,2019102201001433,LBBL,42,51,80,171.00,"13,680.00"
2019-10-22,2019102201001423,LBBL,22,51,80,172.00,"13,760.00"
2019-10-22,2019102201001661,LBL,36,28,35,213.00,"7,455.00"
2019-10-22,2019102201001660,LBL,42,28,73,213.00,"15,549.00"
2019-10-22,2019102201001647,LBL,42,26,60,213.00,"12,780.00"
2019-10-22,2019102201001601,LBL,42,45,100,213.00,"21,300.00"
2019-10-22,2019102201001400,LBL,42,17,67,213.00,"14,271.00"
2019-10-22,2019102201001252,LEMF,26,55,500,6.96,"3,480.00"
2019-10-22,2019102201001251,LEMF,26,55,100,6.83,683.00
2019-10-22,2019102201001734,MBL,14,58,20,224.00,"4,480.00"
2019-10-22,2019102201001592,MBL,57,47,300,223.00,"66,900.00"
2019-10-22,2019102201001270,MBL,26,13,"1,000",224.00,"224,000.00"
2019-10-22,2019102201001278,MEGA,11,45,19,194.00,"3,686.00"
2019-10-22,2019102201001312,MEGA,44,26,"1,951",195.00,"380,445.00"
2019-10-22,2019102201001311,MEGA,44,53,"4,000",195.00,"780,000.00"
2019-10-22,2019102201001310,MEGA,44,16,242,195.00,"47,190.00"
2019-10-22,2019102201001383,MEGA,57,8,200,196.00,"39,200.00"
2019-10-22,2019102201001382,MEGA,57,33,"2,000",196.00,"392,000.00"
2019-10-22,2019102201001381,MEGA,57,59,700,196.00,"137,200.00"
2019-10-22,2019102201001425,MEGA,49,5,545,194.00,"105,730.00"
2019-10-22,2019102201001424,MEGA,11,5,70,194.00,"13,580.00"
2019-10-22,2019102201001704,MERO,37,41,53,550.00,"29,150.00"
2019-10-22,2019102201001700,MERO,37,41,47,550.00,"25,850.00"
2019-10-22,2019102201001699,MERO,37,45,20,550.00,"11,000.00"
2019-10-22,2019102201001698,MERO,37,25,100,550.00,"55,000.00"
2019-10-22,2019102201001697,MERO,37,48,33,549.00,"18,117.00"
2019-10-22,2019102201001689,MLBBL,22,16,10,435.00,"4,350.00"
2019-10-22,2019102201001360,MNBBL,21,35,150,310.00,"46,500.00"
2019-10-22,2019102201001690,NABIL,42,58,10,760.00,"7,600.00"
2019-10-22,2019102201001618,NABIL,26,58,50,760.00,"38,000.00"
2019-10-22,2019102201001494,NABIL,46,45,20,754.00,"15,080.00"
2019-10-22,2019102201001485,NABIL,6,58,"3,015",755.00,"2,276,325.00"
