Date,Transact. No.,Symbol,Buyer,Seller,Quantity,Rate,Amount
2020-11-22,2020112204004791,BBC,38,55,10,"3,230.00","32,300.00"
2020-11-22,2020112204004745,BBC,37,46,15,"3,189.00","47,835.00"
2020-11-22,2020112204004741,BBC,38,46,10,"3,189.00","31,890.00"
2020-11-22,2020112204004713,BBC,43,21,20,"3,127.00","62,540.00"
2020-11-22,2020112204004699,BBC,19,22,30,"3,066.00","91,980.00"
2020-11-22,2020112204004691,BBC,44,22,10,"3,066.00","30,660.00"
2020-11-22,2020112204004423,BBC,19,58,40,"3,113.00","124,520.00"
2020-11-22,2020112204004645,BBC,42,48,88,"3,070.00","270,160.00"
2020-11-22,2020112204004644,BBC,34,48,10,"3,113.00","31,130.00"
2020-11-22,2020112204004519,BBC,34,13,29,"3,113.00","90,277.00"
2020-11-22,2020112204004518,BBC,34,46,15,"3,113.00","46,695.00"
2020-11-22,2020112204004515,BBC,4,58,10,"3,113.00","31,130.00"
2020-11-22,2020112204004495,BBC,38,58,10,"3,113.00","31,130.00"
2020-11-22,2020112204004672,BBC,34,48,52,"3,067.00","159,484.00"
2020-11-22,2020112204004650,BBC,38,48,10,"3,067.00","30,670.00"
2020-11-22,2020112204004649,BBC,17,48,10,"3,067.00","30,670.00"
2020-11-22,2020112204004648,BBC,52,48,10,"3,068.00","30,680.00"
2020-11-22,2020112204004647,BBC,33,48,20,"3,068.00","61,360.00"
2020-11-22,2020112204004646,BBC,28,48,100,"3,069.00","306,900.00"
2020-11-22,2020112204004464,CCBLPO,57,34,"5,659",112.00,"633,808.00"
2020-11-22,2020112204004536,CMF1,43,42,200,10.45,"2,090.00"
2020-11-22,2020112204004915,GIC,7,7,10,543.00,"5,430.00"
2020-11-22,2020112204004908,GIC,7,14,10,543.00,"5,430.00"
2020-11-22,2020112204004907,GIC,7,14,10,543.00,"5,430.00"
2020-11-22,2020112204004905,GIC,7,49,10,543.00,"5,430.00"
2020-11-22,2020112204004903,GIC,42,57,10,545.00,"5,450.00"
2020-11-22,2020112204004894,GIC,7,14,10,543.00,"5,430.00"
2020-11-22,2020112204004420,GIC,11,44,10,544.00,"5,440.00"
2020-11-22,2020112204004487,GIC,22,39,10,543.00,"5,430.00"
2020-11-22,2020112204004478,GIC,22,44,10,543.00,"5,430.00"
2020-11-22,2020112204004462,GIC,22,41,10,543.00,"5,430.00"
2020-11-22,2020112204004442,GIC,22,44,10,543.00,"5,430.00"
2020-11-22,2020112204004441,GIC,22,38,10,543.00,"5,430.00"
2020-11-22,2020112204004427,GIC,11,38,10,544.00,"5,440.00"
2020-11-22,2020112204004502,GIC,41,38,60,545.00,"32,700.00"
2020-11-22,2020112204004501,GIC,41,49,10,545.00,"5,450.00"
2020-11-22,2020112204004500,GIC,41,33,10,545.00,"5,450.00"
2020-11-22,2020112204004499,GIC,41,34,20,545.00,"10,900.00"
2020-11-22,2020112204004492,GIC,33,6,10,544.00,"5,440.00"
2020-11-22,2020112204004491,GIC,22,44,10,543.00,"5,430.00"
2020-11-22,2020112204004539,GIC,39,38,10,544.00,"5,440.00"
2020-11-22,2020112204004533,GIC,6,45,10,544.00,"5,440.00"
2020-11-22,2020112204004530,GIC,6,4,10,544.00,"5,440.00"
2020-11-22,2020112204004528,GIC,22,44,10,543.00,"5,430.00"
2020-11-22,2020112204004525,GIC,33,45,10,544.00,"5,440.00"
2020-11-22,2020112204004508,GIC,33,44,10,544.00,"5,440.00"
2020-11-22,2020112204004558,GIC,14,10,10,545.00,"5,450.00"
2020-11-22,2020112204004557,GIC,14,52,10,545.00,"5,450.00"
2020-11-22,2020112204004556,GIC,14,54,10,545.00,"5,450.00"
2020-11-22,2020112204004555,GIC,14,38,40,545.00,"21,800.00"
2020-11-22,2020112204004550,GIC,39,14,10,544.00,"5,440.00"
2020-11-22,2020112204004540,GIC,39,35,10,544.00,"5,440.00"
2020-11-22,2020112204004564,GIC,14,35,10,549.00,"5,490.00"
2020-11-22,2020112204004563,GIC,14,48,10,549.00,"5,490.00"
2020-11-22,2020112204004562,GIC,14,41,10,547.00,"5,470.00"
2020-11-22,2020112204004561,GIC,14,58,10,546.00,"5,460.00"
2020-11-22,2020112204004560,GIC,14,43,10,546.00,"5,460.00"
2020-11-22,2020112204004559,GIC,14,36,10,546.00,"5,460.00"
2020-11-22,2020112204004585,GIC,34,21,10,545.00,"5,450.00"
2020-11-22,2020112204004578,GIC,20,45,10,545.00,"5,450.00"
2020-11-22,2020112204004572,GIC,20,57,10,545.00,"5,450.00"
2020-11-22,2020112204004567,GIC,39,39,10,544.00,"5,440.00"
2020-11-22,2020112204004566,GIC,14,49,10,550.00,"5,500.00"
2020-11-22,2020112204004565,GIC,14,21,10,549.00,"5,490.00"
2020-11-22,2020112204004623,GIC,34,49,10,545.00,"5,450.00"
2020-11-22,2020112204004613,GIC,34,25,10,545.00,"5,450.00"
2020-11-22,2020112204004604,GIC,51,49,40,550.00,"22,000.00"
2020-11-22,2020112204004601,GIC,34,38,10,545.00,"5,450.00"
2020-11-22,2020112204004598,GIC,34,56,10,545.00,"5,450.00"
2020-11-22,2020112204004597,GIC,34,44,10,545.00,"5,450.00"
2020-11-22,2020112204004659,GIC,5,45,10,546.00,"5,460.00"
2020-11-22,2020112204004657,GIC,34,49,10,545.00,"5,450.00"
2020-11-22,2020112204004655,GIC,17,38,10,546.00,"5,460.00"
2020-11-22,2020112204004638,GIC,17,49,10,546.00,"5,460.00"
2020-11-22,2020112204004631,GIC,17,49,10,546.00,"5,460.00"
2020-11-22,2020112204004628,GIC,17,1,10,546.00,"5,460.00"
2020-11-22,2020112204004694,GIC,5,49,10,546.00,"5,460.00"
2020-11-22,2020112204004681,GIC,5,42,10,546.00,"5,460.00"
2020-11-22,2020112204004674,GIC,5,49,10,546.00,"5,460.00"
2020-11-22,2020112204004670,GIC,5,56,10,546.00,"5,460.00"
2020-11-22,2020112204004667,GIC,5,59,10,546.00,"5,460.00"
2020-11-22,2020112204004665,GIC,5,49,10,546.00,"5,460.00"
2020-11-22,2020112204004718,GIC,44,13,10,547.00,"5,470.00"
2020-11-22,2020112204004715,GIC,57,49,100,550.00,"55,000.00"
2020-11-22,2020112204004711,GIC,44,28,10,547.00,"5,470.00"
2020-11-22,2020112204004707,GIC,44,29,10,547.00,"5,470.00"
2020-11-22,2020112204004700,GIC,44,49,10,547.00,"5,470.00"
2020-11-22,2020112204004696,GIC,5,49,10,546.00,"5,460.00"
2020-11-22,2020112204004740,GIC,35,46,10,548.00,"5,480.00"
2020-11-22,2020112204004731,GIC,35,42,10,548.00,"5,480.00"
2020-11-22,2020112204004730,GIC,35,59,10,548.00,"5,480.00"
2020-11-22,2020112204004724,GIC,35,42,10,548.00,"5,480.00"
2020-11-22,2020112204004722,GIC,35,29,10,547.00,"5,470.00"
2020-11-22,2020112204004720,GIC,44,42,10,547.00,"5,470.00"
2020-11-22,2020112204004750,GIC,8,55,10,550.00,"5,500.00"
2020-11-22,2020112204004749,GIC,8,45,10,550.00,"5,500.00"
2020-11-22,2020112204004748,GIC,8,49,80,550.00,"44,000.00"
2020-11-22,2020112204004746,GIC,35,7,10,548.00,"5,480.00"
2020-11-22,2020112204004744,GIC,35,14,10,548.00,"5,480.00"
2020-11-22,2020112204004742,GIC,35,42,10,548.00,"5,480.00"
2020-11-22,2020112204004756,GIC,8,58,10,550.00,"5,500.00"
2020-11-22,2020112204004755,GIC,8,55,10,550.00,"5,500.00"
2020-11-22,2020112204004754,GIC,8,21,10,550.00,"5,500.00"
2020-11-22,2020112204004753,GIC,8,56,10,550.00,"5,500.00"
2020-11-22,2020112204004752,GIC,8,56,10,550.00,"5,500.00"
2020-11-22,2020112204004751,GIC,8,56,10,550.00,"5,500.00"
2020-11-22,2020112204004762,GIC,8,38,10,550.00,"5,500.00"
2020-11-22,2020112204004761,GIC,8,38,10,550.00,"5,500.00"
2020-11-22,2020112204004760,GIC,8,42,10,550.00,"5,500.00"
2020-11-22,2020112204004759,GIC,8,50,10,550.00,"5,500.00"
2020-11-22,2020112204004758,GIC,8,8,10,550.00,"5,500.00"
2020-11-22,2020112204004757,GIC,8,49,10,550.00,"5,500.00"
2020-11-22,2020112204004775,GIC,57,41,10,550.00,"5,500.00"
2020-11-22,2020112204004774,GIC,35,41,10,548.00,"5,480.00"
2020-11-22,2020112204004771,GIC,35,45,10,548.00,"5,480.00"
2020-11-22,2020112204004765,GIC,8,46,10,550.00,"5,500.00"
2020-11-22,2020112204004764,GIC,8,42,10,550.00,"5,500.00"
2020-11-22,2020112204004763,GIC,8,25,10,550.00,"5,500.00"
2020-11-22,2020112204004793,GIC,38,29,10,550.00,"5,500.00"
2020-11-22,2020112204004792,GIC,38,14,10,550.00,"5,500.00"
2020-11-22,2020112204004789,GIC,38,44,10,550.00,"5,500.00"
2020-11-22,2020112204004786,GIC,38,42,10,550.00,"5,500.00"
2020-11-22,2020112204004777,GIC,57,48,10,551.00,"5,510.00"
2020-11-22,2020112204004776,GIC,57,10,10,551.00,"5,510.00"
2020-11-22,2020112204004814,GIC,38,42,10,550.00,"5,500.00"
2020-11-22,2020112204004808,GIC,38,29,10,550.00,"5,500.00"
2020-11-22,2020112204004807,GIC,38,14,10,550.00,"5,500.00"
2020-11-22,2020112204004803,GIC,38,56,10,550.00,"5,500.00"
2020-11-22,2020112204004799,GIC,38,42,10,550.00,"5,500.00"
2020-11-22,2020112204004794,GIC,38,14,10,550.00,"5,500.00"
2020-11-22,2020112204004828,GIC,59,44,25,549.00,"13,725.00"
2020-11-22,2020112204004825,GIC,59,45,10,549.00,"5,490.00"
2020-11-22,2020112204004823,GIC,59,42,10,549.00,"5,490.00"
2020-11-22,2020112204004821,GIC,59,45,10,549.00,"5,490.00"
2020-11-22,2020112204004819,GIC,59,42,10,549.00,"5,490.00"
2020-11-22,2020112204004815,GIC,59,42,10,549.00,"5,490.00"
2020-11-22,2020112204004859,GIC,51,44,50,547.00,"27,350.00"
2020-11-22,2020112204004844,GIC,25,44,10,548.00,"5,480.00"
2020-11-22,2020112204004843,GIC,25,22,10,547.00,"5,470.00"
2020-11-22,2020112204004831,GIC,25,44,50,548.00,"27,400.00"
2020-11-22,2020112204004830,GIC,35,44,330,548.00,"180,840.00"
2020-11-22,2020112204004829,GIC,29,44,250,549.00,"137,250.00"
2020-11-22,2020112204004866,GIC,33,14,10,545.00,"5,450.00"
2020-11-22,2020112204004864,GIC,33,44,85,545.00,"46,325.00"
2020-11-22,2020112204004863,GIC,34,44,30,545.00,"16,350.00"
2020-11-22,2020112204004862,GIC,57,44,100,546.00,"54,600.00"
2020-11-22,2020112204004861,GIC,53,44,50,546.00,"27,300.00"
2020-11-22,2020112204004860,GIC,5,44,20,546.00,"10,920.00"
2020-11-22,2020112204004885,GIC,40,44,14,545.00,"7,630.00"
2020-11-22,2020112204004884,GIC,59,44,30,545.00,"16,350.00"
2020-11-22,2020112204004883,GIC,29,44,100,545.00,"54,500.00"
2020-11-22,2020112204004882,GIC,33,44,35,545.00,"19,075.00"
2020-11-22,2020112204004880,GIC,33,14,10,545.00,"5,450.00"
2020-11-22,2020112204004876,GIC,33,4,10,545.00,"5,450.00"
2020-11-22,2020112204004891,GIC,7,44,331,543.00,"179,733.00"
2020-11-22,2020112204004890,GIC,22,44,80,543.00,"43,440.00"
2020-11-22,2020112204004889,GIC,52,44,250,544.00,"136,000.00"
2020-11-22,2020112204004888,GIC,52,44,50,544.00,"27,200.00"
2020-11-22,2020112204004887,GIC,34,44,100,544.00,"54,400.00"
2020-11-22,2020112204004886,GIC,39,44,10,544.00,"5,440.00"
2020-11-22,2020112204004852,GIMES1,34,49,"19,766",10.94,"216,240.04"
2020-11-22,2020112204004851,GIMES1,38,49,"2,500",10.94,"27,350.00"
2020-11-22,2020112204004850,GIMES1,57,49,"1,000",10.95,"10,950.00"
2020-11-22,2020112204004849,GIMES1,35,49,"1,734",10.96,"19,004.64"
2020-11-22,2020112204004836,GIMES1,35,49,"4,100",10.96,"44,936.00"
2020-11-22,2020112204004835,GIMES1,33,49,"3,000",11.00,"33,000.00"
2020-11-22,2020112204004834,GIMES1,38,49,"5,500",11.01,"60,555.00"
2020-11-22,2020112204004833,GIMES1,42,49,400,11.03,"4,412.00"
2020-11-22,2020112204004832,GIMES1,6,49,"5,000",11.05,"55,250.00"
2020-11-22,2020112204004697,GIMES1,33,13,"5,000",11.00,"55,000.00"
2020-11-22,2020112204004606,GIMES1,33,6,"1,000",11.00,"11,000.00"
2020-11-22,2020112204004605,GIMES1,33,13,"1,000",11.00,"11,000.00"
2020-11-22,2020112204004721,LUK,14,49,"1,000",9.74,"9,740.00"
2020-11-22,2020112204004660,NBF2,57,42,500,10.02,"5,010.00"
2020-11-22,2020112204004643,NBF2,57,45,"17,000",10.02,"170,340.00"
2020-11-22,2020112204004642,NBF2,52,45,"5,000",10.03,"50,150.00"
2020-11-22,2020112204004640,NBF2,52,39,100,10.03,"1,003.00"
2020-11-22,2020112204004544,NBF2,52,1,"2,500",10.03,"25,075.00"
2020-11-22,2020112204004496,NBF2,52,59,500,10.03,"5,015.00"
2020-11-22,2020112204004436,NBF2,52,34,"1,000",10.03,"10,030.00"
2020-11-22,2020112204004827,NEF,10,10,586,9.98,"5,848.28"
2020-11-22,2020112204004826,NEF,10,16,414,9.98,"4,131.72"
2020-11-22,2020112204004739,NEF,47,10,"5,000",9.97,"49,850.00"
2020-11-22,2020112204004714,NEF,47,42,483,9.97,"4,815.51"
2020-11-22,2020112204004546,NIBLPF,17,3,"1,010",10.05,"10,150.50"
2020-11-22,2020112204004511,NIBLPF,47,8,253,10.00,"2,530.00"
2020-11-22,2020112204004510,NIBLPF,47,49,"7,639",10.00,"76,390.00"
2020-11-22,2020112204004509,NIBLPF,47,42,573,10.00,"5,730.00"
2020-11-22,2020112204004879,NIBPO,8,38,327,363.00,"118,701.00"
2020-11-22,2020112204004878,NIBPO,39,38,50,363.00,"18,150.00"
2020-11-22,2020112204004877,NIBPO,8,38,23,363.00,"8,349.00"
2020-11-22,2020112204004874,NIBPO,46,38,500,364.00,"182,000.00"
2020-11-22,2020112204004873,NIBPO,38,38,"1,000",364.00,"364,000.00"
2020-11-22,2020112204004872,NIBPO,19,38,300,364.00,"109,200.00"
2020-11-22,2020112204004549,NIBPO,57,45,"1,000",366.00,"366,000.00"
2020-11-22,2020112204004548,NIBPO,47,45,200,368.00,"73,600.00"
2020-11-22,2020112204004532,NIBPO,6,42,80,370.00,"29,600.00"
2020-11-22,2020112204004531,NIBPO,6,17,"1,000",369.00,"369,000.00"
2020-11-22,2020112204004800,NIBPO,19,56,850,368.00,"312,800.00"
2020-11-22,2020112204004619,NIBPO,16,45,650,369.00,"239,850.00"
2020-11-22,2020112204004616,NIBPO,16,45,"1,000",369.00,"369,000.00"
2020-11-22,2020112204004584,NIBPO,51,45,350,369.00,"129,150.00"
2020-11-22,2020112204004554,NIBPO,19,45,150,366.00,"54,900.00"
2020-11-22,2020112204004551,NIBPO,29,45,650,366.00,"237,900.00"
2020-11-22,2020112204004871,NIBPO,19,38,50,365.00,"18,250.00"
2020-11-22,2020112204004870,NIBPO,44,38,500,365.00,"182,500.00"
2020-11-22,2020112204004869,NIBPO,17,38,200,365.00,"73,000.00"
2020-11-22,2020112204004868,NIBPO,19,38,150,365.00,"54,750.00"
2020-11-22,2020112204004867,NIBPO,53,38,100,365.00,"36,500.00"
2020-11-22,2020112204004801,NIBPO,16,56,350,368.00,"128,800.00"
2020-11-22,2020112204004484,NICBF,33,25,100,10.14,"1,014.00"
2020-11-22,2020112204004787,NMBHF1,19,49,"4,161",10.15,"42,234.15"
2020-11-22,2020112204004505,NMBHF1,21,49,416,10.13,"4,214.08"
2020-11-22,2020112204004916,RBCLPO,59,4,10,"14,851.00","148,510.00"
2020-11-22,2020112204004904,RBCLPO,32,33,50,"14,900.00","745,000.00"
2020-11-22,2020112204004848,RBCLPO,32,42,10,"15,000.00","150,000.00"
2020-11-22,2020112204004784,RBCLPO,33,39,50,"15,050.00","752,500.00"
2020-11-22,2020112204004732,RBCLPO,33,35,320,"15,000.00","4,800,000.00"
2020-11-22,2020112204004717,RBCLPO,59,35,50,"15,000.00","750,000.00"
2020-11-22,2020112204004504,RBCLPO,43,45,10,"14,930.00","149,300.00"
2020-11-22,2020112204004594,RBCLPO,35,17,50,"15,000.00","750,000.00"
2020-11-22,2020112204004593,RBCLPO,35,45,20,"15,000.00","300,000.00"
2020-11-22,2020112204004592,RBCLPO,35,17,50,"14,999.00","749,950.00"
2020-11-22,2020112204004582,RBCLPO,49,28,13,"14,999.00","194,987.00"
2020-11-22,2020112204004513,RBCLPO,57,53,20,"14,950.00","299,000.00"
2020-11-22,2020112204004512,RBCLPO,57,17,50,"14,940.00","747,000.00"
2020-11-22,2020112204004632,RBCLPO,28,35,10,"15,000.00","150,000.00"
2020-11-22,2020112204004630,RBCLPO,49,35,10,"15,000.00","150,000.00"
2020-11-22,2020112204004624,RBCLPO,28,35,10,"15,000.00","150,000.00"
2020-11-22,2020112204004617,RBCLPO,43,35,20,"15,000.00","300,000.00"
2020-11-22,2020112204004611,RBCLPO,33,35,200,"15,000.00","3,000,000.00"
2020-11-22,2020112204004595,RBCLPO,35,35,380,"15,000.00","5,700,000.00"
2020-11-22,2020112204004913,SAEF,17,3,"5,000",11.01,"55,050.00"
2020-11-22,2020112204004677,SAEF,25,3,100,11.18,"1,118.00"
2020-11-22,2020112204004676,SAEF,25,3,200,11.18,"2,236.00"
2020-11-22,2020112204004570,SEF,34,44,"5,000",10.45,"52,250.00"
2020-11-22,2020112204004569,SEF,34,48,"2,500",10.45,"26,125.00"
2020-11-22,2020112204004914,SGI,5,18,10,627.00,"6,270.00"
2020-11-22,2020112204004912,SGI,50,18,10,623.00,"6,230.00"
2020-11-22,2020112204004911,SGI,49,49,360,622.00,"223,920.00"
2020-11-22,2020112204004910,SGI,1,49,190,625.00,"118,750.00"
2020-11-22,2020112204004909,SGI,1,35,10,625.00,"6,250.00"
2020-11-22,2020112204004906,SGI,49,45,10,622.00,"6,220.00"
2020-11-22,2020112204004422,SGI,16,20,10,612.00,"6,120.00"
2020-11-22,2020112204004421,SGI,16,7,10,612.00,"6,120.00"
2020-11-22,2020112204004419,SGI,16,56,10,612.00,"6,120.00"
2020-11-22,2020112204004418,SGI,39,38,10,612.00,"6,120.00"
2020-11-22,2020112204004417,SGI,39,34,10,612.00,"6,120.00"
2020-11-22,2020112204004430,SGI,16,56,10,612.00,"6,120.00"
2020-11-22,2020112204004429,SGI,16,34,10,612.00,"6,120.00"
2020-11-22,2020112204004428,SGI,16,28,10,612.00,"6,120.00"
2020-11-22,2020112204004426,SGI,16,59,10,612.00,"6,120.00"
2020-11-22,2020112204004425,SGI,16,56,10,612.00,"6,120.00"
2020-11-22,2020112204004424,SGI,16,28,10,612.00,"6,120.00"
2020-11-22,2020112204004437,SGI,16,59,10,612.00,"6,120.00"
2020-11-22,2020112204004435,SGI,16,20,10,612.00,"6,120.00"
2020-11-22,2020112204004434,SGI,16,28,10,612.00,"6,120.00"
2020-11-22,2020112204004433,SGI,16,59,10,612.00,"6,120.00"
2020-11-22,2020112204004432,SGI,16,46,10,612.00,"6,120.00"
2020-11-22,2020112204004431,SGI,16,22,10,612.00,"6,120.00"
2020-11-22,2020112204004445,SGI,11,49,20,613.00,"12,260.00"
2020-11-22,2020112204004444,SGI,11,59,10,613.00,"6,130.00"
2020-11-22,2020112204004443,SGI,11,21,10,613.00,"6,130.00"
2020-11-22,2020112204004440,SGI,11,49,10,613.00,"6,130.00"
2020-11-22,2020112204004439,SGI,25,28,10,613.00,"6,130.00"
2020-11-22,2020112204004438,SGI,16,28,10,612.00,"6,120.00"
2020-11-22,2020112204004451,SGI,25,10,10,614.00,"6,140.00"
2020-11-22,2020112204004450,SGI,25,25,30,614.00,"18,420.00"
2020-11-22,2020112204004449,SGI,32,49,10,611.00,"6,110.00"
2020-11-22,2020112204004448,SGI,36,49,50,612.00,"30,600.00"
2020-11-22,2020112204004447,SGI,6,49,10,612.00,"6,120.00"
2020-11-22,2020112204004446,SGI,16,49,40,612.00,"24,480.00"
2020-11-22,2020112204004457,SGI,25,54,10,614.00,"6,140.00"
2020-11-22,2020112204004456,SGI,25,57,10,614.00,"6,140.00"
2020-11-22,2020112204004455,SGI,25,34,10,614.00,"6,140.00"
2020-11-22,2020112204004454,SGI,25,58,10,614.00,"6,140.00"
2020-11-22,2020112204004453,SGI,25,10,10,614.00,"6,140.00"
2020-11-22,2020112204004452,SGI,25,58,10,614.00,"6,140.00"
2020-11-22,2020112204004465,SGI,32,20,10,611.00,"6,110.00"
2020-11-22,2020112204004463,SGI,32,49,10,611.00,"6,110.00"
2020-11-22,2020112204004461,SGI,32,28,10,611.00,"6,110.00"
2020-11-22,2020112204004460,SGI,25,21,10,614.00,"6,140.00"
2020-11-22,2020112204004459,SGI,25,51,10,614.00,"6,140.00"
2020-11-22,2020112204004458,SGI,25,44,40,614.00,"24,560.00"
2020-11-22,2020112204004471,SGI,3,57,10,615.00,"6,150.00"
2020-11-22,2020112204004470,SGI,3,35,10,615.00,"6,150.00"
2020-11-22,2020112204004469,SGI,3,58,10,615.00,"6,150.00"
2020-11-22,2020112204004468,SGI,3,51,10,615.00,"6,150.00"
2020-11-22,2020112204004467,SGI,3,56,10,615.00,"6,150.00"
2020-11-22,2020112204004466,SGI,1,28,10,613.00,"6,130.00"
2020-11-22,2020112204004477,SGI,3,42,10,615.00,"6,150.00"
2020-11-22,2020112204004476,SGI,3,32,10,615.00,"6,150.00"
2020-11-22,2020112204004475,SGI,3,57,10,615.00,"6,150.00"
2020-11-22,2020112204004474,SGI,3,57,10,615.00,"6,150.00"
2020-11-22,2020112204004473,SGI,3,57,10,615.00,"6,150.00"
2020-11-22,2020112204004472,SGI,3,57,10,615.00,"6,150.00"
2020-11-22,2020112204004485,SGI,3,56,10,615.00,"6,150.00"
2020-11-22,2020112204004483,SGI,3,40,10,615.00,"6,150.00"
2020-11-22,2020112204004482,SGI,3,6,10,615.00,"6,150.00"
2020-11-22,2020112204004481,SGI,3,20,10,615.00,"6,150.00"
2020-11-22,2020112204004480,SGI,3,38,10,615.00,"6,150.00"
2020-11-22,2020112204004479,SGI,3,39,10,615.00,"6,150.00"
2020-11-22,2020112204004497,SGI,49,39,10,616.00,"6,160.00"
2020-11-22,2020112204004493,SGI,6,20,10,615.00,"6,150.00"
2020-11-22,2020112204004490,SGI,3,34,10,615.00,"6,150.00"
2020-11-22,2020112204004489,SGI,11,42,10,616.00,"6,160.00"
2020-11-22,2020112204004488,SGI,3,20,10,615.00,"6,150.00"
2020-11-22,2020112204004486,SGI,3,4,10,615.00,"6,150.00"
2020-11-22,2020112204004516,SGI,34,20,10,616.00,"6,160.00"
2020-11-22,2020112204004514,SGI,49,42,10,620.00,"6,200.00"
2020-11-22,2020112204004507,SGI,34,28,10,616.00,"6,160.00"
2020-11-22,2020112204004506,SGI,34,1,10,616.00,"6,160.00"
2020-11-22,2020112204004503,SGI,34,28,10,616.00,"6,160.00"
2020-11-22,2020112204004498,SGI,34,20,10,616.00,"6,160.00"
2020-11-22,2020112204004524,SGI,40,38,10,622.00,"6,220.00"
2020-11-22,2020112204004523,SGI,40,21,10,622.00,"6,220.00"
2020-11-22,2020112204004522,SGI,40,58,50,620.00,"31,000.00"
2020-11-22,2020112204004521,SGI,40,47,10,620.00,"6,200.00"
2020-11-22,2020112204004520,SGI,40,28,10,620.00,"6,200.00"
2020-11-22,2020112204004517,SGI,34,28,10,616.00,"6,160.00"
2020-11-22,2020112204004537,SGI,40,38,10,622.00,"6,220.00"
2020-11-22,2020112204004535,SGI,40,20,10,622.00,"6,220.00"
2020-11-22,2020112204004534,SGI,40,14,10,622.00,"6,220.00"
2020-11-22,2020112204004529,SGI,40,20,10,622.00,"6,220.00"
2020-11-22,2020112204004527,SGI,40,57,10,622.00,"6,220.00"
2020-11-22,2020112204004526,SGI,40,4,10,622.00,"6,220.00"
2020-11-22,2020112204004547,SGI,32,28,10,617.00,"6,170.00"
2020-11-22,2020112204004545,SGI,32,57,10,617.00,"6,170.00"
2020-11-22,2020112204004543,SGI,32,35,10,617.00,"6,170.00"
2020-11-22,2020112204004542,SGI,32,20,10,617.00,"6,170.00"
2020-11-22,2020112204004541,SGI,34,42,10,616.00,"6,160.00"
2020-11-22,2020112204004538,SGI,34,13,10,616.00,"6,160.00"
2020-11-22,2020112204004574,SGI,38,28,10,620.00,"6,200.00"
2020-11-22,2020112204004573,SGI,38,14,10,620.00,"6,200.00"
2020-11-22,2020112204004571,SGI,49,58,10,627.00,"6,270.00"
2020-11-22,2020112204004568,SGI,47,28,10,618.00,"6,180.00"
2020-11-22,2020112204004553,SGI,32,28,10,617.00,"6,170.00"
2020-11-22,2020112204004552,SGI,32,20,10,617.00,"6,170.00"
2020-11-22,2020112204004581,SGI,38,41,10,620.00,"6,200.00"
2020-11-22,2020112204004580,SGI,38,28,10,620.00,"6,200.00"
2020-11-22,2020112204004579,SGI,38,39,10,620.00,"6,200.00"
2020-11-22,2020112204004577,SGI,38,44,10,620.00,"6,200.00"
2020-11-22,2020112204004576,SGI,38,20,10,620.00,"6,200.00"
2020-11-22,2020112204004575,SGI,38,56,10,620.00,"6,200.00"
2020-11-22,2020112204004590,SGI,32,14,10,621.00,"6,210.00"
2020-11-22,2020112204004589,SGI,32,44,10,621.00,"6,210.00"
2020-11-22,2020112204004588,SGI,42,58,10,628.00,"6,280.00"
2020-11-22,2020112204004587,SGI,42,58,10,628.00,"6,280.00"
2020-11-22,2020112204004586,SGI,32,28,10,621.00,"6,210.00"
2020-11-22,2020112204004583,SGI,38,28,10,620.00,"6,200.00"
2020-11-22,2020112204004603,SGI,29,44,10,620.00,"6,200.00"
2020-11-22,2020112204004602,SGI,38,14,10,620.00,"6,200.00"
2020-11-22,2020112204004600,SGI,49,28,10,621.00,"6,210.00"
2020-11-22,2020112204004599,SGI,32,14,10,621.00,"6,210.00"
2020-11-22,2020112204004596,SGI,32,14,10,621.00,"6,210.00"
2020-11-22,2020112204004591,SGI,32,28,10,621.00,"6,210.00"
2020-11-22,2020112204004614,SGI,29,14,10,620.00,"6,200.00"
2020-11-22,2020112204004612,SGI,29,41,10,620.00,"6,200.00"
2020-11-22,2020112204004610,SGI,29,44,10,620.00,"6,200.00"
2020-11-22,2020112204004609,SGI,29,14,10,620.00,"6,200.00"
2020-11-22,2020112204004608,SGI,29,28,10,620.00,"6,200.00"
2020-11-22,2020112204004607,SGI,29,22,10,620.00,"6,200.00"
2020-11-22,2020112204004626,SGI,29,34,10,620.00,"6,200.00"
2020-11-22,2020112204004625,SGI,29,49,10,620.00,"6,200.00"
2020-11-22,2020112204004622,SGI,29,14,10,620.00,"6,200.00"
2020-11-22,2020112204004620,SGI,29,28,10,620.00,"6,200.00"
2020-11-22,2020112204004618,SGI,29,14,10,620.00,"6,200.00"
2020-11-22,2020112204004615,SGI,29,28,10,620.00,"6,200.00"
2020-11-22,2020112204004636,SGI,44,51,10,625.00,"6,250.00"
2020-11-22,2020112204004635,SGI,34,34,10,621.00,"6,210.00"
2020-11-22,2020112204004634,SGI,34,45,10,621.00,"6,210.00"
2020-11-22,2020112204004633,SGI,34,28,10,621.00,"6,210.00"
2020-11-22,2020112204004629,SGI,29,49,10,620.00,"6,200.00"
2020-11-22,2020112204004627,SGI,29,4,10,620.00,"6,200.00"
2020-11-22,2020112204004653,SGI,34,38,10,621.00,"6,210.00"
2020-11-22,2020112204004652,SGI,34,28,10,621.00,"6,210.00"
2020-11-22,2020112204004651,SGI,34,3,10,621.00,"6,210.00"
2020-11-22,2020112204004641,SGI,34,36,10,621.00,"6,210.00"
2020-11-22,2020112204004639,SGI,34,3,10,621.00,"6,210.00"
2020-11-22,2020112204004637,SGI,44,41,290,625.00,"181,250.00"
2020-11-22,2020112204004663,SGI,22,28,10,623.00,"6,230.00"
2020-11-22,2020112204004662,SGI,22,56,10,622.00,"6,220.00"
2020-11-22,2020112204004661,SGI,29,45,10,620.00,"6,200.00"
2020-11-22,2020112204004658,SGI,29,38,10,620.00,"6,200.00"
2020-11-22,2020112204004656,SGI,34,28,10,621.00,"6,210.00"
2020-11-22,2020112204004654,SGI,34,45,10,621.00,"6,210.00"
2020-11-22,2020112204004673,SGI,45,14,10,622.00,"6,220.00"
2020-11-22,2020112204004671,SGI,45,14,10,622.00,"6,220.00"
2020-11-22,2020112204004669,SGI,45,49,10,622.00,"6,220.00"
2020-11-22,2020112204004668,SGI,29,14,10,620.00,"6,200.00"
2020-11-22,2020112204004666,SGI,29,49,10,620.00,"6,200.00"
2020-11-22,2020112204004664,SGI,22,41,30,625.00,"18,750.00"
2020-11-22,2020112204004684,SGI,49,41,80,625.00,"50,000.00"
2020-11-22,2020112204004683,SGI,45,14,10,622.00,"6,220.00"
2020-11-22,2020112204004680,SGI,45,14,10,622.00,"6,220.00"
2020-11-22,2020112204004679,SGI,45,28,10,622.00,"6,220.00"
2020-11-22,2020112204004678,SGI,45,22,10,622.00,"6,220.00"
2020-11-22,2020112204004675,SGI,45,39,10,622.00,"6,220.00"
2020-11-22,2020112204004690,SGI,44,41,10,625.00,"6,250.00"
2020-11-22,2020112204004689,SGI,29,42,10,620.00,"6,200.00"
2020-11-22,2020112204004688,SGI,45,14,10,622.00,"6,220.00"
2020-11-22,2020112204004687,SGI,45,28,10,622.00,"6,220.00"
2020-11-22,2020112204004686,SGI,49,49,10,625.00,"6,250.00"
2020-11-22,2020112204004685,SGI,49,45,10,625.00,"6,250.00"
2020-11-22,2020112204004702,SGI,44,56,10,628.00,"6,280.00"
2020-11-22,2020112204004701,SGI,44,4,10,628.00,"6,280.00"
2020-11-22,2020112204004698,SGI,44,49,10,625.00,"6,250.00"
2020-11-22,2020112204004695,SGI,44,28,10,625.00,"6,250.00"
2020-11-22,2020112204004693,SGI,44,49,10,625.00,"6,250.00"
2020-11-22,2020112204004692,SGI,44,28,10,625.00,"6,250.00"
2020-11-22,2020112204004709,SGI,44,59,10,628.00,"6,280.00"
2020-11-22,2020112204004708,SGI,44,53,10,628.00,"6,280.00"
2020-11-22,2020112204004706,SGI,44,29,10,628.00,"6,280.00"
2020-11-22,2020112204004705,SGI,44,41,10,628.00,"6,280.00"
2020-11-22,2020112204004704,SGI,44,11,10,628.00,"6,280.00"
2020-11-22,2020112204004703,SGI,44,56,10,628.00,"6,280.00"
2020-11-22,2020112204004725,SGI,50,14,10,620.00,"6,200.00"
2020-11-22,2020112204004723,SGI,49,41,10,625.00,"6,250.00"
2020-11-22,2020112204004719,SGI,49,38,10,628.00,"6,280.00"
2020-11-22,2020112204004716,SGI,50,21,10,620.00,"6,200.00"
2020-11-22,2020112204004712,SGI,44,29,10,628.00,"6,280.00"
2020-11-22,2020112204004710,SGI,44,59,10,628.00,"6,280.00"
2020-11-22,2020112204004734,SGI,50,29,10,620.00,"6,200.00"
2020-11-22,2020112204004733,SGI,50,14,10,620.00,"6,200.00"
2020-11-22,2020112204004729,SGI,4,49,20,629.00,"12,580.00"
2020-11-22,2020112204004728,SGI,4,36,10,629.00,"6,290.00"
2020-11-22,2020112204004727,SGI,4,29,10,628.00,"6,280.00"
2020-11-22,2020112204004726,SGI,4,29,10,625.00,"6,250.00"
2020-11-22,2020112204004747,SGI,49,49,10,629.00,"6,290.00"
2020-11-22,2020112204004743,SGI,42,42,10,625.00,"6,250.00"
2020-11-22,2020112204004738,SGI,50,59,10,620.00,"6,200.00"
2020-11-22,2020112204004737,SGI,46,49,10,629.00,"6,290.00"
2020-11-22,2020112204004736,SGI,49,42,10,625.00,"6,250.00"
2020-11-22,2020112204004735,SGI,50,28,10,620.00,"6,200.00"
2020-11-22,2020112204004772,SGI,51,49,10,621.00,"6,210.00"
2020-11-22,2020112204004770,SGI,51,4,10,621.00,"6,210.00"
2020-11-22,2020112204004769,SGI,51,42,10,621.00,"6,210.00"
2020-11-22,2020112204004768,SGI,20,20,10,625.00,"6,250.00"
2020-11-22,2020112204004767,SGI,51,42,10,621.00,"6,210.00"
2020-11-22,2020112204004766,SGI,51,11,10,621.00,"6,210.00"
2020-11-22,2020112204004782,SGI,48,56,10,625.00,"6,250.00"
2020-11-22,2020112204004781,SGI,48,49,10,625.00,"6,250.00"
2020-11-22,2020112204004780,SGI,48,51,10,625.00,"6,250.00"
2020-11-22,2020112204004779,SGI,59,42,10,622.00,"6,220.00"
2020-11-22,2020112204004778,SGI,59,56,10,622.00,"6,220.00"
2020-11-22,2020112204004773,SGI,49,42,10,625.00,"6,250.00"
2020-11-22,2020112204004796,SGI,25,45,10,625.00,"6,250.00"
2020-11-22,2020112204004795,SGI,25,39,10,625.00,"6,250.00"
2020-11-22,2020112204004790,SGI,40,56,10,623.00,"6,230.00"
2020-11-22,2020112204004788,SGI,40,41,10,623.00,"6,230.00"
2020-11-22,2020112204004785,SGI,48,49,10,625.00,"6,250.00"
2020-11-22,2020112204004783,SGI,48,33,10,625.00,"6,250.00"
2020-11-22,2020112204004806,SGI,53,41,10,626.00,"6,260.00"
2020-11-22,2020112204004805,SGI,53,4,10,626.00,"6,260.00"
2020-11-22,2020112204004804,SGI,53,38,10,626.00,"6,260.00"
2020-11-22,2020112204004802,SGI,53,25,10,626.00,"6,260.00"
2020-11-22,2020112204004798,SGI,25,41,10,625.00,"6,250.00"
2020-11-22,2020112204004797,SGI,25,33,10,625.00,"6,250.00"
2020-11-22,2020112204004816,SGI,53,41,10,626.00,"6,260.00"
2020-11-22,2020112204004813,SGI,53,4,10,626.00,"6,260.00"
2020-11-22,2020112204004812,SGI,53,35,10,626.00,"6,260.00"
2020-11-22,2020112204004811,SGI,53,38,10,626.00,"6,260.00"
2020-11-22,2020112204004810,SGI,53,49,10,626.00,"6,260.00"
2020-11-22,2020112204004809,SGI,53,42,10,626.00,"6,260.00"
2020-11-22,2020112204004837,SGI,51,22,10,621.00,"6,210.00"
2020-11-22,2020112204004824,SGI,51,39,10,621.00,"6,210.00"
2020-11-22,2020112204004822,SGI,40,55,10,623.00,"6,230.00"
2020-11-22,2020112204004820,SGI,40,19,10,623.00,"6,230.00"
2020-11-22,2020112204004818,SGI,40,22,10,623.00,"6,230.00"
2020-11-22,2020112204004817,SGI,25,29,10,625.00,"6,250.00"
2020-11-22,2020112204004847,SGI,51,45,10,621.00,"6,210.00"
2020-11-22,2020112204004846,SGI,51,20,10,621.00,"6,210.00"
2020-11-22,2020112204004841,SGI,51,29,10,621.00,"6,210.00"
2020-11-22,2020112204004840,SGI,51,57,10,621.00,"6,210.00"
2020-11-22,2020112204004839,SGI,51,14,10,621.00,"6,210.00"
2020-11-22,2020112204004838,SGI,51,45,10,621.00,"6,210.00"
2020-11-22,2020112204004858,SGI,51,29,10,621.00,"6,210.00"
2020-11-22,2020112204004857,SGI,51,57,10,621.00,"6,210.00"
2020-11-22,2020112204004856,SGI,42,51,10,625.00,"6,250.00"
2020-11-22,2020112204004855,SGI,42,34,10,625.00,"6,250.00"
2020-11-22,2020112204004854,SGI,42,47,10,625.00,"6,250.00"
2020-11-22,2020112204004853,SGI,51,45,10,621.00,"6,210.00"
2020-11-22,2020112204004896,SGI,32,33,10,626.00,"6,260.00"
2020-11-22,2020112204004895,SGI,32,42,10,624.00,"6,240.00"
2020-11-22,2020112204004893,SGI,51,42,10,621.00,"6,210.00"
2020-11-22,2020112204004892,SGI,51,1,10,621.00,"6,210.00"
2020-11-22,2020112204004875,SGI,25,1,10,626.00,"6,260.00"
2020-11-22,2020112204004865,SGI,51,44,10,621.00,"6,210.00"
2020-11-22,2020112204004902,SGI,36,18,60,628.00,"37,680.00"
2020-11-22,2020112204004901,SGI,36,49,10,625.00,"6,250.00"
2020-11-22,2020112204004900,SGI,51,41,10,621.00,"6,210.00"
2020-11-22,2020112204004899,SGI,32,35,10,626.00,"6,260.00"
2020-11-22,2020112204004898,SGI,32,35,10,626.00,"6,260.00"
2020-11-22,2020112204004897,SGI,32,18,10,626.00,"6,260.00"
2020-11-22,2020112204004881,STC,37,46,20,"6,801.00","136,020.00"
2020-11-22,2020112204004845,STC,25,46,20,"6,900.00","138,000.00"
2020-11-22,2020112204004842,STC,47,46,10,"6,901.00","69,010.00"
2020-11-22,2020112204004682,STC,59,8,10,"7,038.00","70,380.00"
2020-11-22,2020112204004621,STC,49,32,100,"7,000.00","700,000.00"
2020-11-22,2020112204004494,STC,8,8,10,"7,038.00","70,380.00"
2020-11-22,2020112204003960,BBC,8,38,11,"3,176.00","34,936.00"
2020-11-22,2020112204004416,GIC,11,42,10,544.00,"5,440.00"
2020-11-22,2020112204004414,GIC,11,58,10,544.00,"5,440.00"
2020-11-22,2020112204004413,GIC,11,14,10,544.00,"5,440.00"
2020-11-22,2020112204004404,GIC,22,44,10,543.00,"5,430.00"
2020-11-22,2020112204004374,GIC,22,14,10,543.00,"5,430.00"
2020-11-22,2020112204004371,GIC,22,10,10,543.00,"5,430.00"
2020-11-22,2020112204003930,GIC,38,32,10,541.00,"5,410.00"
2020-11-22,2020112204003920,GIC,36,49,10,540.00,"5,400.00"
2020-11-22,2020112204003917,GIC,36,49,10,540.00,"5,400.00"
2020-11-22,2020112204003940,GIC,42,28,10,545.00,"5,450.00"
2020-11-22,2020112204003939,GIC,42,34,10,545.00,"5,450.00"
2020-11-22,2020112204003934,GIC,42,40,10,545.00,"5,450.00"
2020-11-22,2020112204003933,GIC,42,40,10,545.00,"5,450.00"
2020-11-22,2020112204003932,GIC,42,45,10,542.00,"5,420.00"
2020-11-22,2020112204003931,GIC,42,22,10,542.00,"5,420.00"
2020-11-22,2020112204003962,GIC,49,8,10,542.00,"5,420.00"
2020-11-22,2020112204003958,GIC,49,44,10,542.00,"5,420.00"
2020-11-22,2020112204003955,GIC,41,29,10,541.00,"5,410.00"
2020-11-22,2020112204003954,GIC,41,57,10,541.00,"5,410.00"
2020-11-22,2020112204003945,GIC,41,41,10,541.00,"5,410.00"
2020-11-22,2020112204003941,GIC,42,34,30,545.00,"16,350.00"
2020-11-22,2020112204003979,GIC,1,28,10,543.00,"5,430.00"
2020-11-22,2020112204003977,GIC,1,39,10,543.00,"5,430.00"
2020-11-22,2020112204003974,GIC,1,41,10,543.00,"5,430.00"
2020-11-22,2020112204003972,GIC,1,28,10,543.00,"5,430.00"
2020-11-22,2020112204003969,GIC,1,45,10,543.00,"5,430.00"
2020-11-22,2020112204003966,GIC,1,41,10,543.00,"5,430.00"
2020-11-22,2020112204004007,GIC,1,28,10,543.00,"5,430.00"
2020-11-22,2020112204004006,GIC,1,41,10,543.00,"5,430.00"
2020-11-22,2020112204003999,GIC,1,28,10,543.00,"5,430.00"
2020-11-22,2020112204003991,GIC,1,57,10,543.00,"5,430.00"
2020-11-22,2020112204003990,GIC,1,28,10,543.00,"5,430.00"
2020-11-22,2020112204003989,GIC,1,42,10,543.00,"5,430.00"
2020-11-22,2020112204004023,GIC,1,38,10,543.00,"5,430.00"
2020-11-22,2020112204004021,GIC,1,49,10,543.00,"5,430.00"
2020-11-22,2020112204004018,GIC,1,28,10,543.00,"5,430.00"
2020-11-22,2020112204004017,GIC,1,38,10,543.00,"5,430.00"
2020-11-22,2020112204004011,GIC,1,49,10,543.00,"5,430.00"
2020-11-22,2020112204004008,GIC,1,28,10,543.00,"5,430.00"
2020-11-22,2020112204004044,GIC,1,49,10,543.00,"5,430.00"
2020-11-22,2020112204004040,GIC,1,28,10,543.00,"5,430.00"
2020-11-22,2020112204004039,GIC,1,55,10,543.00,"5,430.00"
2020-11-22,2020112204004031,GIC,1,1,10,543.00,"5,430.00"
2020-11-22,2020112204004027,GIC,1,49,10,543.00,"5,430.00"
2020-11-22,2020112204004025,GIC,1,28,10,543.00,"5,430.00"
2020-11-22,2020112204004065,GIC,1,28,10,543.00,"5,430.00"
2020-11-22,2020112204004060,GIC,1,1,10,543.00,"5,430.00"
2020-11-22,2020112204004059,GIC,1,28,10,543.00,"5,430.00"
2020-11-22,2020112204004050,GIC,1,49,10,543.00,"5,430.00"
2020-11-22,2020112204004048,GIC,1,42,10,543.00,"5,430.00"
2020-11-22,2020112204004045,GIC,1,28,10,543.00,"5,430.00"
2020-11-22,2020112204004100,GIC,33,28,10,543.00,"5,430.00"
2020-11-22,2020112204004094,GIC,42,28,10,543.00,"5,430.00"
2020-11-22,2020112204004080,GIC,42,49,10,543.00,"5,430.00"
2020-11-22,2020112204004076,GIC,42,1,10,543.00,"5,430.00"
2020-11-22,2020112204004075,GIC,42,49,10,543.00,"5,430.00"
2020-11-22,2020112204004072,GIC,42,21,10,543.00,"5,430.00"
2020-11-22,2020112204004157,GIC,33,11,10,543.00,"5,430.00"
2020-11-22,2020112204004155,GIC,33,14,10,543.00,"5,430.00"
2020-11-22,2020112204004154,GIC,33,28,10,543.00,"5,430.00"
2020-11-22,2020112204004152,GIC,33,28,10,543.00,"5,430.00"
2020-11-22,2020112204004105,GIC,33,44,10,543.00,"5,430.00"
2020-11-22,2020112204004104,GIC,33,14,10,543.00,"5,430.00"
2020-11-22,2020112204004230,GIC,1,44,10,542.00,"5,420.00"
2020-11-22,2020112204004229,GIC,49,55,10,542.00,"5,420.00"
2020-11-22,2020112204004169,GIC,33,41,10,543.00,"5,430.00"
2020-11-22,2020112204004167,GIC,33,33,10,543.00,"5,430.00"
2020-11-22,2020112204004165,GIC,42,47,10,544.00,"5,440.00"
2020-11-22,2020112204004158,GIC,33,28,10,543.00,"5,430.00"
2020-11-22,2020112204004254,GIC,41,49,10,541.00,"5,410.00"
2020-11-22,2020112204004252,GIC,41,42,10,541.00,"5,410.00"
2020-11-22,2020112204004251,GIC,43,32,10,542.00,"5,420.00"
2020-11-22,2020112204004250,GIC,43,48,10,542.00,"5,420.00"
2020-11-22,2020112204004238,GIC,41,33,10,541.00,"5,410.00"
2020-11-22,2020112204004236,GIC,17,34,20,542.00,"10,840.00"
2020-11-22,2020112204004271,GIC,53,35,10,541.00,"5,410.00"
2020-11-22,2020112204004270,GIC,53,28,10,541.00,"5,410.00"
2020-11-22,2020112204004268,GIC,41,28,10,541.00,"5,410.00"
2020-11-22,2020112204004266,GIC,41,28,10,541.00,"5,410.00"
2020-11-22,2020112204004264,GIC,41,36,10,541.00,"5,410.00"
2020-11-22,2020112204004257,GIC,41,28,10,541.00,"5,410.00"
2020-11-22,2020112204004286,GIC,53,44,10,541.00,"5,410.00"
2020-11-22,2020112204004283,GIC,53,22,10,541.00,"5,410.00"
2020-11-22,2020112204004280,GIC,53,10,10,541.00,"5,410.00"
2020-11-22,2020112204004278,GIC,53,52,10,541.00,"5,410.00"
2020-11-22,2020112204004277,GIC,53,28,10,541.00,"5,410.00"
2020-11-22,2020112204004274,GIC,53,28,10,541.00,"5,410.00"
2020-11-22,2020112204004306,GIC,53,11,10,541.00,"5,410.00"
2020-11-22,2020112204004305,GIC,53,49,10,541.00,"5,410.00"
2020-11-22,2020112204004304,GIC,53,44,10,541.00,"5,410.00"
2020-11-22,2020112204004301,GIC,53,49,10,541.00,"5,410.00"
2020-11-22,2020112204004297,GIC,53,11,10,541.00,"5,410.00"
2020-11-22,2020112204004292,GIC,53,25,10,541.00,"5,410.00"
2020-11-22,2020112204004322,GIC,53,11,10,541.00,"5,410.00"
2020-11-22,2020112204004321,GIC,53,10,10,541.00,"5,410.00"
2020-11-22,2020112204004317,GIC,4,58,10,542.00,"5,420.00"
2020-11-22,2020112204004316,GIC,4,16,10,542.00,"5,420.00"
2020-11-22,2020112204004311,GIC,39,1,10,542.00,"5,420.00"
2020-11-22,2020112204004307,GIC,39,1,10,542.00,"5,420.00"
2020-11-22,2020112204004335,GIC,22,59,10,543.00,"5,430.00"
2020-11-22,2020112204004334,GIC,22,41,240,543.00,"130,320.00"
2020-11-22,2020112204004333,GIC,22,32,10,542.00,"5,420.00"
2020-11-22,2020112204004332,GIC,53,10,10,541.00,"5,410.00"
2020-11-22,2020112204004329,GIC,53,22,10,541.00,"5,410.00"
2020-11-22,2020112204004327,GIC,53,44,10,541.00,"5,410.00"
2020-11-22,2020112204004363,GIC,22,28,10,543.00,"5,430.00"
2020-11-22,2020112204004355,GIC,22,45,10,543.00,"5,430.00"
2020-11-22,2020112204004349,GIC,22,45,10,543.00,"5,430.00"
2020-11-22,2020112204004339,GIC,22,3,10,543.00,"5,430.00"
2020-11-22,2020112204004337,GIC,22,22,10,543.00,"5,430.00"
2020-11-22,2020112204004336,GIC,22,49,10,543.00,"5,430.00"
2020-11-22,2020112204004389,LEMF,52,21,"5,000",10.03,"50,150.00"
2020-11-22,2020112204004276,LEMF,34,21,"5,000",10.03,"50,150.00"
2020-11-22,2020112204003952,LEMF,34,43,"5,850",10.10,"59,085.00"
2020-11-22,2020112204004058,LUK,7,28,"5,000",9.76,"48,800.00"
2020-11-22,2020112204004032,LUK,34,49,"1,000",9.77,"9,770.00"
2020-11-22,2020112204003926,LUK,47,49,"10,000",9.77,"97,700.00"
2020-11-22,2020112204004362,MEGAPO,53,29,100,126.00,"12,600.00"
2020-11-22,2020112204004398,NBF2,52,42,100,10.03,"1,003.00"
2020-11-22,2020112204004323,NBF2,52,42,300,10.03,"3,009.00"
2020-11-22,2020112204004315,NBF2,52,57,100,10.03,"1,003.00"
2020-11-22,2020112204004272,NBF2,52,25,300,10.03,"3,009.00"
2020-11-22,2020112204004063,NBF2,17,4,100,10.05,"1,005.00"
2020-11-22,2020112204004062,NBF2,17,32,500,10.05,"5,025.00"
2020-11-22,2020112204004055,NBF2,17,42,100,10.04,"1,004.00"
2020-11-22,2020112204004054,NBF2,17,41,100,10.04,"1,004.00"
2020-11-22,2020112204004053,NBF2,17,41,100,10.04,"1,004.00"
2020-11-22,2020112204003998,NBF2,52,38,100,10.03,"1,003.00"
2020-11-22,2020112204004358,NEF,57,16,"2,000",9.98,"19,960.00"
2020-11-22,2020112204004343,NEF,47,58,966,9.97,"9,631.02"
2020-11-22,2020112204004260,NEF,47,49,683,9.97,"6,809.51"
2020-11-22,2020112204004259,NEF,55,49,283,9.98,"2,824.34"
2020-11-22,2020112204004240,NEF,55,3,117,9.98,"1,167.66"
2020-11-22,2020112204004239,NEF,22,3,"10,000",9.98,"99,800.00"
2020-11-22,2020112204004090,NEF,38,25,"2,500",9.99,"24,975.00"
2020-11-22,2020112204004089,NEF,51,25,"7,368",9.99,"73,606.32"
2020-11-22,2020112204004085,NEF,34,10,"5,037",10.00,"50,370.00"
2020-11-22,2020112204004070,NEF,34,36,966,10.00,"9,660.00"
2020-11-22,2020112204003918,NEF,34,29,483,10.00,"4,830.00"
2020-11-22,2020112204004279,NIBLPF,17,49,253,9.89,"2,502.17"
2020-11-22,2020112204003936,NIBLPF,47,42,"1,010",9.88,"9,978.80"
2020-11-22,2020112204003925,NIBLPF,47,29,253,9.88,"2,499.64"
2020-11-22,2020112204004082,NIBPO,16,42,"1,000",369.00,"369,000.00"
2020-11-22,2020112204004081,NIBPO,16,42,158,370.00,"58,460.00"
2020-11-22,2020112204004364,NIBSF1,17,51,"5,000",10.95,"54,750.00"
2020-11-22,2020112204003997,NIBSF1,34,7,"83,200",11.13,"926,016.00"
2020-11-22,2020112204003994,NIBSF1,34,17,"5,000",11.13,"55,650.00"
2020-11-22,2020112204003947,NIBSF1,34,17,"5,000",11.13,"55,650.00"
2020-11-22,2020112204003938,NIBSF1,34,17,"5,000",11.13,"55,650.00"
2020-11-22,2020112204003923,NIBSF1,34,45,"1,800",11.13,"20,034.00"
2020-11-22,2020112204004263,NICAD8283,4,58,30,"1,162.00","34,860.00"
2020-11-22,2020112204004262,NICAD8283,4,45,100,"1,160.00","116,000.00"
2020-11-22,2020112204004261,NICAD8283,4,43,200,"1,160.00","232,000.00"
2020-11-22,2020112204004356,NICBF,33,57,200,10.14,"2,028.00"
2020-11-22,2020112204003988,NICBF,33,41,"1,000",10.14,"10,140.00"
2020-11-22,2020112204003937,NICBF,33,22,800,10.14,"8,112.00"
2020-11-22,2020112204004248,NMB50,25,22,250,10.25,"2,562.50"
2020-11-22,2020112204004370,NMBHF1,16,58,"1,664",10.11,"16,823.04"
2020-11-22,2020112204004242,NMBHF1,21,58,"4,161",10.13,"42,150.93"
2020-11-22,2020112204004241,NMBHF1,21,36,"1,164",10.13,"11,791.32"
2020-11-22,2020112204004051,NMBHF1,47,36,500,10.13,"5,065.00"
2020-11-22,2020112204004326,RBCLPO,33,46,82,"14,802.00","1,213,764.00"
2020-11-22,2020112204004325,RBCLPO,34,46,10,"14,802.00","148,020.00"
2020-11-22,2020112204004324,RBCLPO,34,46,10,"14,803.00","148,030.00"
2020-11-22,2020112204004300,RBCLPO,33,45,10,"14,900.00","149,000.00"
2020-11-22,2020112204004233,RBCLPO,32,45,10,"14,798.00","147,980.00"
2020-11-22,2020112204003986,RBCLPO,32,50,25,"15,000.00","375,000.00"
2020-11-22,2020112204003985,RBCLPO,32,6,20,"14,990.00","299,800.00"
2020-11-22,2020112204003984,RBCLPO,32,59,35,"14,810.00","518,350.00"
2020-11-22,2020112204003964,RBCLPO,32,56,10,"14,810.00","148,100.00"
2020-11-22,2020112204004379,SAEF,22,17,800,11.20,"8,960.00"
2020-11-22,2020112204004056,SAEF,22,32,"17,000",11.20,"190,400.00"
2020-11-22,2020112204004407,SAND2085,17,57,25,"1,054.00","26,350.00"
2020-11-22,2020112204004096,SAND2085,17,38,100,"1,054.00","105,400.00"
2020-11-22,2020112204004288,SBLD2082,4,13,203,"1,119.00","227,157.00"
2020-11-22,2020112204004287,SBLD2082,4,36,100,"1,115.00","111,500.00"
2020-11-22,2020112204004412,SEF,37,42,"1,000",10.36,"10,360.00"
2020-11-22,2020112204004402,SEF,37,41,"2,100",10.36,"21,756.00"
2020-11-22,2020112204004401,SEF,22,41,"7,900",10.36,"81,844.00"
2020-11-22,2020112204004395,SEF,22,41,"10,000",10.36,"103,600.00"
2020-11-22,2020112204004174,SEF,17,6,500,10.40,"5,200.00"
2020-11-22,2020112204004173,SEF,17,59,"413,100",10.40,"4,296,240.00"
2020-11-22,2020112204004172,SEF,17,48,"5,500",10.38,"57,090.00"
2020-11-22,2020112204004102,SEF,34,48,"4,500",10.38,"46,710.00"
2020-11-22,2020112204004101,SEF,34,48,500,10.37,"5,185.00"
2020-11-22,2020112204004074,SEF,22,32,"2,000",10.36,"20,720.00"
2020-11-22,2020112204003953,SEF,47,48,"2,000",10.37,"20,740.00"
2020-11-22,2020112204003935,SEF,47,29,500,10.37,"5,185.00"
2020-11-22,2020112204003961,SFMF,34,6,"1,200",10.30,"12,360.00"
2020-11-22,2020112204004415,SGI,39,28,10,612.00,"6,120.00"
2020-11-22,2020112204004411,SGI,39,56,10,612.00,"6,120.00"
2020-11-22,2020112204004410,SGI,39,56,10,612.00,"6,120.00"
2020-11-22,2020112204004409,SGI,39,56,10,612.00,"6,120.00"
2020-11-22,2020112204004408,SGI,39,28,10,612.00,"6,120.00"
2020-11-22,2020112204004406,SGI,39,34,10,612.00,"6,120.00"
2020-11-22,2020112204003924,SGI,45,51,10,611.00,"6,110.00"
2020-11-22,2020112204003922,SGI,18,57,10,612.00,"6,120.00"
2020-11-22,2020112204003921,SGI,49,36,10,613.00,"6,130.00"
2020-11-22,2020112204003919,SGI,18,51,10,612.00,"6,120.00"
2020-11-22,2020112204003946,SGI,52,16,10,611.00,"6,110.00"
2020-11-22,2020112204003944,SGI,52,29,10,611.00,"6,110.00"
2020-11-22,2020112204003943,SGI,52,32,10,611.00,"6,110.00"
2020-11-22,2020112204003942,SGI,52,41,10,611.00,"6,110.00"
2020-11-22,2020112204003929,SGI,49,22,10,613.00,"6,130.00"
2020-11-22,2020112204003928,SGI,52,38,10,611.00,"6,110.00"
2020-11-22,2020112204003959,SGI,43,59,10,612.00,"6,120.00"
2020-11-22,2020112204003957,SGI,43,44,10,612.00,"6,120.00"
2020-11-22,2020112204003956,SGI,43,45,10,612.00,"6,120.00"
2020-11-22,2020112204003950,SGI,52,40,10,611.00,"6,110.00"
2020-11-22,2020112204003949,SGI,52,29,10,611.00,"6,110.00"
2020-11-22,2020112204003948,SGI,52,47,10,611.00,"6,110.00"
2020-11-22,2020112204003971,SGI,52,34,10,611.00,"6,110.00"
2020-11-22,2020112204003970,SGI,52,45,10,611.00,"6,110.00"
2020-11-22,2020112204003968,SGI,52,59,10,611.00,"6,110.00"
2020-11-22,2020112204003967,SGI,52,45,10,611.00,"6,110.00"
2020-11-22,2020112204003965,SGI,52,49,10,611.00,"6,110.00"
2020-11-22,2020112204003963,SGI,43,17,10,612.00,"6,120.00"
2020-11-22,2020112204003981,SGI,52,49,200,611.00,"122,200.00"
2020-11-22,2020112204003980,SGI,52,56,10,611.00,"6,110.00"
2020-11-22,2020112204003978,SGI,52,58,10,611.00,"6,110.00"
2020-11-22,2020112204003976,SGI,52,34,10,611.00,"6,110.00"
2020-11-22,2020112204003975,SGI,52,49,10,611.00,"6,110.00"
2020-11-22,2020112204003973,SGI,52,1,10,611.00,"6,110.00"
2020-11-22,2020112204003995,SGI,52,48,10,611.00,"6,110.00"
2020-11-22,2020112204003993,SGI,52,55,10,611.00,"6,110.00"
2020-11-22,2020112204003992,SGI,52,49,10,611.00,"6,110.00"
2020-11-22,2020112204003987,SGI,52,45,10,611.00,"6,110.00"
2020-11-22,2020112204003983,SGI,52,38,10,611.00,"6,110.00"
2020-11-22,2020112204003982,SGI,52,55,10,611.00,"6,110.00"
2020-11-22,2020112204004004,SGI,32,34,500,611.00,"305,500.00"
2020-11-22,2020112204004003,SGI,25,34,100,611.00,"61,100.00"
2020-11-22,2020112204004002,SGI,52,34,30,611.00,"18,330.00"
2020-11-22,2020112204004001,SGI,52,21,10,611.00,"6,110.00"
2020-11-22,2020112204004000,SGI,52,21,10,611.00,"6,110.00"
2020-11-22,2020112204003996,SGI,52,55,10,611.00,"6,110.00"
2020-11-22,2020112204004014,SGI,45,4,10,610.00,"6,100.00"
2020-11-22,2020112204004013,SGI,45,13,10,610.00,"6,100.00"
2020-11-22,2020112204004012,SGI,45,55,10,610.00,"6,100.00"
2020-11-22,2020112204004010,SGI,45,57,120,610.00,"73,200.00"
2020-11-22,2020112204004009,SGI,6,57,80,610.00,"48,800.00"
2020-11-22,2020112204004005,SGI,6,34,200,611.00,"122,200.00"
2020-11-22,2020112204004026,SGI,45,57,10,610.00,"6,100.00"
2020-11-22,2020112204004024,SGI,45,49,10,610.00,"6,100.00"
2020-11-22,2020112204004022,SGI,45,51,10,610.00,"6,100.00"
2020-11-22,2020112204004020,SGI,45,1,10,610.00,"6,100.00"
2020-11-22,2020112204004019,SGI,45,39,10,610.00,"6,100.00"
2020-11-22,2020112204004016,SGI,45,49,10,610.00,"6,100.00"
2020-11-22,2020112204004035,SGI,57,8,30,611.00,"18,330.00"
2020-11-22,2020112204004034,SGI,57,58,10,611.00,"6,110.00"
2020-11-22,2020112204004033,SGI,57,34,60,611.00,"36,660.00"
2020-11-22,2020112204004030,SGI,45,49,10,610.00,"6,100.00"
2020-11-22,2020112204004029,SGI,45,44,10,610.00,"6,100.00"
2020-11-22,2020112204004028,SGI,45,55,10,610.00,"6,100.00"
2020-11-22,2020112204004047,SGI,45,45,10,610.00,"6,100.00"
2020-11-22,2020112204004046,SGI,45,55,10,610.00,"6,100.00"
2020-11-22,2020112204004042,SGI,45,1,10,610.00,"6,100.00"
2020-11-22,2020112204004041,SGI,45,44,10,610.00,"6,100.00"
2020-11-22,2020112204004038,SGI,45,57,460,610.00,"280,600.00"
2020-11-22,2020112204004036,SGI,45,55,10,610.00,"6,100.00"
2020-11-22,2020112204004067,SGI,45,4,10,610.00,"6,100.00"
2020-11-22,2020112204004064,SGI,49,41,10,611.00,"6,110.00"
2020-11-22,2020112204004061,SGI,45,49,10,610.00,"6,100.00"
2020-11-22,2020112204004057,SGI,45,44,10,610.00,"6,100.00"
2020-11-22,2020112204004052,SGI,45,14,10,610.00,"6,100.00"
2020-11-22,2020112204004049,SGI,42,8,40,611.00,"24,440.00"
2020-11-22,2020112204004078,SGI,45,45,10,610.00,"6,100.00"
2020-11-22,2020112204004077,SGI,45,14,10,610.00,"6,100.00"
2020-11-22,2020112204004073,SGI,45,47,10,610.00,"6,100.00"
2020-11-22,2020112204004071,SGI,45,49,10,610.00,"6,100.00"
2020-11-22,2020112204004069,SGI,45,49,10,610.00,"6,100.00"
2020-11-22,2020112204004068,SGI,45,17,10,610.00,"6,100.00"
2020-11-22,2020112204004088,SGI,45,47,10,610.00,"6,100.00"
2020-11-22,2020112204004087,SGI,45,34,10,610.00,"6,100.00"
2020-11-22,2020112204004086,SGI,45,14,10,610.00,"6,100.00"
2020-11-22,2020112204004084,SGI,45,51,10,610.00,"6,100.00"
2020-11-22,2020112204004083,SGI,45,57,10,610.00,"6,100.00"
2020-11-22,2020112204004079,SGI,45,44,10,610.00,"6,100.00"
2020-11-22,2020112204004098,SGI,57,59,50,610.00,"30,500.00"
2020-11-22,2020112204004097,SGI,10,59,60,610.00,"36,600.00"
2020-11-22,2020112204004095,SGI,10,44,10,610.00,"6,100.00"
2020-11-22,2020112204004093,SGI,10,17,10,610.00,"6,100.00"
2020-11-22,2020112204004092,SGI,10,47,10,610.00,"6,100.00"
2020-11-22,2020112204004091,SGI,45,17,10,610.00,"6,100.00"
2020-11-22,2020112204004109,SGI,6,29,10,610.00,"6,100.00"
2020-11-22,2020112204004108,SGI,6,47,10,610.00,"6,100.00"
2020-11-22,2020112204004107,SGI,6,47,10,610.00,"6,100.00"
2020-11-22,2020112204004106,SGI,6,59,50,610.00,"30,500.00"
2020-11-22,2020112204004103,SGI,6,49,10,608.00,"6,080.00"
2020-11-22,2020112204004099,SGI,35,59,40,610.00,"24,400.00"
2020-11-22,2020112204004115,SGI,6,58,10,613.00,"6,130.00"
2020-11-22,2020112204004114,SGI,6,58,10,612.00,"6,120.00"
2020-11-22,2020112204004113,SGI,6,32,10,612.00,"6,120.00"
2020-11-22,2020112204004112,SGI,6,42,10,612.00,"6,120.00"
2020-11-22,2020112204004111,SGI,6,51,10,612.00,"6,120.00"
2020-11-22,2020112204004110,SGI,6,21,10,611.00,"6,110.00"
2020-11-22,2020112204004121,SGI,6,42,10,615.00,"6,150.00"
2020-11-22,2020112204004120,SGI,6,51,10,615.00,"6,150.00"
2020-11-22,2020112204004119,SGI,6,22,10,615.00,"6,150.00"
2020-11-22,2020112204004118,SGI,6,11,10,615.00,"6,150.00"
2020-11-22,2020112204004117,SGI,6,42,10,614.00,"6,140.00"
2020-11-22,2020112204004116,SGI,6,35,10,614.00,"6,140.00"
2020-11-22,2020112204004127,SGI,6,34,10,616.00,"6,160.00"
2020-11-22,2020112204004126,SGI,6,42,10,616.00,"6,160.00"
2020-11-22,2020112204004125,SGI,6,6,10,615.00,"6,150.00"
2020-11-22,2020112204004124,SGI,6,50,10,615.00,"6,150.00"
2020-11-22,2020112204004123,SGI,6,50,10,615.00,"6,150.00"
2020-11-22,2020112204004122,SGI,6,44,10,615.00,"6,150.00"
2020-11-22,2020112204004133,SGI,6,42,10,619.00,"6,190.00"
2020-11-22,2020112204004132,SGI,6,57,10,618.00,"6,180.00"
2020-11-22,2020112204004131,SGI,6,57,10,618.00,"6,180.00"
2020-11-22,2020112204004130,SGI,6,39,10,618.00,"6,180.00"
2020-11-22,2020112204004129,SGI,6,58,10,617.00,"6,170.00"
2020-11-22,2020112204004128,SGI,6,17,10,617.00,"6,170.00"
2020-11-22,2020112204004139,SGI,6,32,10,620.00,"6,200.00"
2020-11-22,2020112204004138,SGI,6,58,10,619.00,"6,190.00"
2020-11-22,2020112204004137,SGI,6,42,10,619.00,"6,190.00"
2020-11-22,2020112204004136,SGI,6,21,10,619.00,"6,190.00"
2020-11-22,2020112204004135,SGI,6,42,10,619.00,"6,190.00"
2020-11-22,2020112204004134,SGI,6,21,10,619.00,"6,190.00"
2020-11-22,2020112204004145,SGI,6,4,10,620.00,"6,200.00"
2020-11-22,2020112204004144,SGI,6,45,10,620.00,"6,200.00"
2020-11-22,2020112204004143,SGI,6,32,10,620.00,"6,200.00"
2020-11-22,2020112204004142,SGI,6,32,10,620.00,"6,200.00"
2020-11-22,2020112204004141,SGI,6,32,10,620.00,"6,200.00"
2020-11-22,2020112204004140,SGI,6,32,10,620.00,"6,200.00"
2020-11-22,2020112204004151,SGI,6,44,10,620.00,"6,200.00"
2020-11-22,2020112204004150,SGI,6,42,10,620.00,"6,200.00"
2020-11-22,2020112204004149,SGI,6,58,10,620.00,"6,200.00"
2020-11-22,2020112204004148,SGI,6,44,10,620.00,"6,200.00"
2020-11-22,2020112204004147,SGI,6,58,10,620.00,"6,200.00"
2020-11-22,2020112204004146,SGI,6,38,10,620.00,"6,200.00"
2020-11-22,2020112204004166,SGI,6,43,10,615.00,"6,150.00"
2020-11-22,2020112204004164,SGI,6,42,10,615.00,"6,150.00"
2020-11-22,2020112204004163,SGI,6,47,10,610.00,"6,100.00"
2020-11-22,2020112204004162,SGI,6,47,10,610.00,"6,100.00"
2020-11-22,2020112204004161,SGI,6,47,10,608.00,"6,080.00"
2020-11-22,2020112204004153,SGI,6,49,10,608.00,"6,080.00"
2020-11-22,2020112204004179,SGI,6,44,10,620.00,"6,200.00"
2020-11-22,2020112204004178,SGI,6,35,150,619.00,"92,850.00"
2020-11-22,2020112204004177,SGI,6,49,10,615.00,"6,150.00"
2020-11-22,2020112204004175,SGI,6,47,10,615.00,"6,150.00"
2020-11-22,2020112204004171,SGI,6,38,10,615.00,"6,150.00"
2020-11-22,2020112204004170,SGI,6,47,10,615.00,"6,150.00"
2020-11-22,2020112204004185,SGI,6,52,10,620.00,"6,200.00"
2020-11-22,2020112204004184,SGI,6,58,10,620.00,"6,200.00"
2020-11-22,2020112204004183,SGI,6,58,10,620.00,"6,200.00"
2020-11-22,2020112204004182,SGI,6,14,10,620.00,"6,200.00"
2020-11-22,2020112204004181,SGI,6,38,10,620.00,"6,200.00"
2020-11-22,2020112204004180,SGI,6,19,10,620.00,"6,200.00"
2020-11-22,2020112204004191,SGI,6,32,10,621.00,"6,210.00"
2020-11-22,2020112204004190,SGI,6,34,10,621.00,"6,210.00"
2020-11-22,2020112204004189,SGI,6,14,10,620.00,"6,200.00"
2020-11-22,2020112204004188,SGI,6,55,10,620.00,"6,200.00"
2020-11-22,2020112204004187,SGI,6,6,10,620.00,"6,200.00"
2020-11-22,2020112204004186,SGI,6,21,10,620.00,"6,200.00"
2020-11-22,2020112204004197,SGI,6,46,10,622.00,"6,220.00"
2020-11-22,2020112204004196,SGI,6,17,10,621.00,"6,210.00"
2020-11-22,2020112204004195,SGI,6,47,10,621.00,"6,210.00"
2020-11-22,2020112204004194,SGI,6,46,10,621.00,"6,210.00"
2020-11-22,2020112204004193,SGI,6,38,10,621.00,"6,210.00"
2020-11-22,2020112204004192,SGI,6,33,10,621.00,"6,210.00"
2020-11-22,2020112204004203,SGI,6,58,10,623.00,"6,230.00"
2020-11-22,2020112204004202,SGI,6,22,300,623.00,"186,900.00"
2020-11-22,2020112204004201,SGI,6,36,10,623.00,"6,230.00"
2020-11-22,2020112204004200,SGI,6,11,10,622.00,"6,220.00"
2020-11-22,2020112204004199,SGI,6,58,10,622.00,"6,220.00"
2020-11-22,2020112204004198,SGI,6,45,10,622.00,"6,220.00"
2020-11-22,2020112204004209,SGI,6,44,10,625.00,"6,250.00"
2020-11-22,2020112204004208,SGI,6,29,10,625.00,"6,250.00"
2020-11-22,2020112204004207,SGI,6,13,10,625.00,"6,250.00"
2020-11-22,2020112204004206,SGI,6,13,10,625.00,"6,250.00"
2020-11-22,2020112204004205,SGI,6,55,10,625.00,"6,250.00"
2020-11-22,2020112204004204,SGI,6,35,10,623.00,"6,230.00"
2020-11-22,2020112204004215,SGI,6,32,10,626.00,"6,260.00"
2020-11-22,2020112204004214,SGI,6,8,10,626.00,"6,260.00"
2020-11-22,2020112204004213,SGI,6,58,10,625.00,"6,250.00"
2020-11-22,2020112204004212,SGI,6,52,10,625.00,"6,250.00"
2020-11-22,2020112204004211,SGI,6,58,10,625.00,"6,250.00"
2020-11-22,2020112204004210,SGI,6,45,10,625.00,"6,250.00"
2020-11-22,2020112204004221,SGI,6,7,10,627.00,"6,270.00"
2020-11-22,2020112204004220,SGI,6,7,10,627.00,"6,270.00"
2020-11-22,2020112204004219,SGI,6,7,10,627.00,"6,270.00"
2020-11-22,2020112204004218,SGI,6,52,40,627.00,"25,080.00"
2020-11-22,2020112204004217,SGI,6,58,10,626.00,"6,260.00"
2020-11-22,2020112204004216,SGI,6,36,10,626.00,"6,260.00"
2020-11-22,2020112204004227,SGI,6,36,10,627.00,"6,270.00"
2020-11-22,2020112204004226,SGI,6,58,10,627.00,"6,270.00"
2020-11-22,2020112204004225,SGI,6,48,10,627.00,"6,270.00"
2020-11-22,2020112204004224,SGI,6,32,10,627.00,"6,270.00"
2020-11-22,2020112204004223,SGI,6,7,10,627.00,"6,270.00"
2020-11-22,2020112204004222,SGI,6,29,10,627.00,"6,270.00"
2020-11-22,2020112204004237,SGI,6,51,10,615.00,"6,150.00"
2020-11-22,2020112204004235,SGI,6,49,10,615.00,"6,150.00"
2020-11-22,2020112204004234,SGI,6,51,10,627.00,"6,270.00"
2020-11-22,2020112204004232,SGI,6,49,10,627.00,"6,270.00"
2020-11-22,2020112204004231,SGI,6,51,10,627.00,"6,270.00"
2020-11-22,2020112204004228,SGI,6,51,10,627.00,"6,270.00"
2020-11-22,2020112204004249,SGI,52,42,10,608.00,"6,080.00"
2020-11-22,2020112204004247,SGI,52,17,10,608.00,"6,080.00"
2020-11-22,2020112204004246,SGI,52,49,10,608.00,"6,080.00"
2020-11-22,2020112204004245,SGI,52,51,10,608.00,"6,080.00"
2020-11-22,2020112204004244,SGI,6,4,10,608.00,"6,080.00"
2020-11-22,2020112204004243,SGI,6,48,10,608.00,"6,080.00"
2020-11-22,2020112204004267,SGI,4,1,10,609.00,"6,090.00"
2020-11-22,2020112204004265,SGI,4,58,10,609.00,"6,090.00"
2020-11-22,2020112204004258,SGI,4,42,10,609.00,"6,090.00"
2020-11-22,2020112204004256,SGI,4,45,10,609.00,"6,090.00"
2020-11-22,2020112204004255,SGI,28,44,10,608.00,"6,080.00"
2020-11-22,2020112204004253,SGI,52,51,10,608.00,"6,080.00"
2020-11-22,2020112204004284,SGI,41,28,10,610.00,"6,100.00"
2020-11-22,2020112204004282,SGI,41,4,10,610.00,"6,100.00"
2020-11-22,2020112204004281,SGI,41,38,10,610.00,"6,100.00"
2020-11-22,2020112204004275,SGI,41,22,10,610.00,"6,100.00"
2020-11-22,2020112204004273,SGI,41,10,10,610.00,"6,100.00"
2020-11-22,2020112204004269,SGI,4,1,10,609.00,"6,090.00"
2020-11-22,2020112204004295,SGI,41,10,10,610.00,"6,100.00"
2020-11-22,2020112204004294,SGI,41,28,10,610.00,"6,100.00"
2020-11-22,2020112204004291,SGI,41,10,10,610.00,"6,100.00"
2020-11-22,2020112204004290,SGI,41,52,20,610.00,"12,200.00"
2020-11-22,2020112204004289,SGI,41,28,10,610.00,"6,100.00"
2020-11-22,2020112204004285,SGI,11,57,10,614.00,"6,140.00"
2020-11-22,2020112204004308,SGI,41,10,10,610.00,"6,100.00"
2020-11-22,2020112204004303,SGI,41,45,10,610.00,"6,100.00"
2020-11-22,2020112204004302,SGI,41,3,10,610.00,"6,100.00"
2020-11-22,2020112204004299,SGI,41,28,10,610.00,"6,100.00"
2020-11-22,2020112204004298,SGI,41,51,10,610.00,"6,100.00"
2020-11-22,2020112204004296,SGI,41,28,10,610.00,"6,100.00"
2020-11-22,2020112204004328,SGI,41,55,10,610.00,"6,100.00"
2020-11-22,2020112204004314,SGI,41,10,10,610.00,"6,100.00"
2020-11-22,2020112204004313,SGI,41,58,10,610.00,"6,100.00"
2020-11-22,2020112204004312,SGI,41,22,10,610.00,"6,100.00"
2020-11-22,2020112204004310,SGI,41,52,10,610.00,"6,100.00"
2020-11-22,2020112204004309,SGI,41,11,10,610.00,"6,100.00"
2020-11-22,2020112204004345,SGI,41,3,10,610.00,"6,100.00"
2020-11-22,2020112204004344,SGI,41,11,10,610.00,"6,100.00"
2020-11-22,2020112204004340,SGI,41,22,10,610.00,"6,100.00"
2020-11-22,2020112204004338,SGI,41,42,10,610.00,"6,100.00"
2020-11-22,2020112204004331,SGI,41,55,10,610.00,"6,100.00"
2020-11-22,2020112204004330,SGI,41,52,10,610.00,"6,100.00"
2020-11-22,2020112204004352,SGI,4,32,10,612.00,"6,120.00"
2020-11-22,2020112204004351,SGI,41,42,10,610.00,"6,100.00"
2020-11-22,2020112204004350,SGI,41,57,10,610.00,"6,100.00"
2020-11-22,2020112204004348,SGI,41,59,10,610.00,"6,100.00"
2020-11-22,2020112204004347,SGI,41,10,10,610.00,"6,100.00"
2020-11-22,2020112204004346,SGI,41,45,10,610.00,"6,100.00"
2020-11-22,2020112204004361,SGI,32,11,10,611.00,"6,110.00"
2020-11-22,2020112204004360,SGI,32,41,10,611.00,"6,110.00"
2020-11-22,2020112204004359,SGI,32,45,10,611.00,"6,110.00"
2020-11-22,2020112204004357,SGI,41,48,10,610.00,"6,100.00"
2020-11-22,2020112204004354,SGI,4,58,10,612.00,"6,120.00"
2020-11-22,2020112204004353,SGI,4,3,10,612.00,"6,120.00"
2020-11-22,2020112204004372,SGI,57,58,10,612.00,"6,120.00"
2020-11-22,2020112204004369,SGI,45,25,70,614.00,"42,980.00"
2020-11-22,2020112204004368,SGI,45,46,10,614.00,"6,140.00"
2020-11-22,2020112204004367,SGI,45,36,10,614.00,"6,140.00"
2020-11-22,2020112204004366,SGI,45,42,10,614.00,"6,140.00"
2020-11-22,2020112204004365,SGI,32,55,10,611.00,"6,110.00"
2020-11-22,2020112204004380,SGI,57,28,10,612.00,"6,120.00"
2020-11-22,2020112204004378,SGI,57,22,10,612.00,"6,120.00"
2020-11-22,2020112204004377,SGI,57,28,10,612.00,"6,120.00"
2020-11-22,2020112204004376,SGI,57,5,10,612.00,"6,120.00"
2020-11-22,2020112204004375,SGI,57,10,10,612.00,"6,120.00"
2020-11-22,2020112204004373,SGI,57,28,10,612.00,"6,120.00"
2020-11-22,2020112204004387,SGI,50,58,10,613.00,"6,130.00"
2020-11-22,2020112204004386,SGI,50,28,10,613.00,"6,130.00"
2020-11-22,2020112204004385,SGI,50,58,10,613.00,"6,130.00"
2020-11-22,2020112204004383,SGI,57,28,10,612.00,"6,120.00"
2020-11-22,2020112204004382,SGI,57,58,10,612.00,"6,120.00"
2020-11-22,2020112204004381,SGI,57,21,10,612.00,"6,120.00"
2020-11-22,2020112204004394,SGI,57,58,10,612.00,"6,120.00"
2020-11-22,2020112204004393,SGI,57,28,10,612.00,"6,120.00"
2020-11-22,2020112204004392,SGI,57,41,10,612.00,"6,120.00"
2020-11-22,2020112204004391,SGI,57,20,10,612.00,"6,120.00"
2020-11-22,2020112204004390,SGI,57,42,10,612.00,"6,120.00"
2020-11-22,2020112204004388,SGI,57,28,10,612.00,"6,120.00"
2020-11-22,2020112204004405,SGI,39,56,10,612.00,"6,120.00"
2020-11-22,2020112204004403,SGI,39,48,10,612.00,"6,120.00"
2020-11-22,2020112204004400,SGI,57,28,10,612.00,"6,120.00"
2020-11-22,2020112204004399,SGI,57,47,10,612.00,"6,120.00"
2020-11-22,2020112204004397,SGI,57,4,10,612.00,"6,120.00"
2020-11-22,2020112204004396,SGI,57,28,10,612.00,"6,120.00"
2020-11-22,2020112204003927,SRBLD83,14,45,10,"1,020.00","10,200.00"
2020-11-22,2020112204004384,STC,22,14,50,"6,900.00","345,000.00"
2020-11-22,2020112204004342,STC,47,6,10,"6,800.00","68,000.00"
2020-11-22,2020112204004341,STC,47,14,20,"6,800.00","136,000.00"
2020-11-22,2020112204004320,STC,28,55,55,"6,671.00","366,905.00"
2020-11-22,2020112204004319,STC,28,55,10,"6,672.00","66,720.00"
2020-11-22,2020112204004318,STC,49,55,35,"6,700.00","234,500.00"
2020-11-22,2020112204004066,STC,49,28,10,"6,700.00","67,000.00"
2020-11-22,2020112204004043,STC,28,40,10,"6,672.00","66,720.00"
2020-11-22,2020112204004037,STC,38,40,10,"6,673.00","66,730.00"
2020-11-22,2020112204004015,STC,29,28,10,"6,724.00","67,240.00"
2020-11-22,2020112204003951,STC,29,14,10,"6,860.00","68,600.00"
2020-11-22,2020112204004293,STC,49,36,25,"6,700.00","167,500.00"
2020-11-22,2020112204004176,STC,49,45,10,"6,700.00","67,000.00"
2020-11-22,2020112204004168,STC,49,6,10,"6,700.00","67,000.00"
2020-11-22,2020112204004160,STC,49,58,30,"6,700.00","201,000.00"
2020-11-22,2020112204004159,STC,22,58,10,"6,701.00","67,010.00"
2020-11-22,2020112204004156,STC,49,28,10,"6,701.00","67,010.00"
2020-11-22,2020112204003899,BBC,8,50,10,"3,176.00","31,760.00"
2020-11-22,2020112204003884,BBC,8,33,30,"3,176.00","95,280.00"
2020-11-22,2020112204003863,BBC,45,34,50,"3,180.00","159,000.00"
2020-11-22,2020112204003856,CCBLPO,34,37,"11,981",112.00,"1,341,872.00"
2020-11-22,2020112204003915,CMF1,43,29,100,10.27,"1,027.00"
2020-11-22,2020112204003737,CMF1,43,32,500,10.40,"5,200.00"
2020-11-22,2020112204003731,CMF1,51,6,"3,900",10.26,"40,014.00"
2020-11-22,2020112204003730,CMF1,58,6,"2,200",10.26,"22,572.00"
2020-11-22,2020112204003729,CMF1,43,1,"5,000",10.30,"51,500.00"
2020-11-22,2020112204003728,CMF1,43,50,250,10.30,"2,575.00"
2020-11-22,2020112204003711,CMF1,43,6,"2,900",10.27,"29,783.00"
2020-11-22,2020112204003473,CMF1,43,42,100,10.27,"1,027.00"
2020-11-22,2020112204003913,GIC,36,49,10,540.00,"5,400.00"
2020-11-22,2020112204003911,GIC,36,3,454,540.00,"245,160.00"
2020-11-22,2020112204003910,GIC,11,3,65,540.00,"35,100.00"
2020-11-22,2020112204003909,GIC,33,3,200,540.00,"108,000.00"
2020-11-22,2020112204003908,GIC,38,3,30,541.00,"16,230.00"
2020-11-22,2020112204003907,GIC,36,3,200,541.00,"108,200.00"
2020-11-22,2020112204003424,GIC,41,21,10,545.00,"5,450.00"
2020-11-22,2020112204003419,GIC,41,42,10,545.00,"5,450.00"
2020-11-22,2020112204003440,GIC,19,10,10,545.00,"5,450.00"
2020-11-22,2020112204003439,GIC,19,21,10,545.00,"5,450.00"
2020-11-22,2020112204003437,GIC,19,8,10,545.00,"5,450.00"
2020-11-22,2020112204003436,GIC,41,38,10,545.00,"5,450.00"
2020-11-22,2020112204003432,GIC,58,40,10,546.00,"5,460.00"
2020-11-22,2020112204003428,GIC,41,21,10,545.00,"5,450.00"
2020-11-22,2020112204003459,GIC,7,8,10,546.00,"5,460.00"
2020-11-22,2020112204003458,GIC,7,13,10,546.00,"5,460.00"
2020-11-22,2020112204003449,GIC,7,8,10,546.00,"5,460.00"
2020-11-22,2020112204003448,GIC,19,38,10,545.00,"5,450.00"
2020-11-22,2020112204003447,GIC,19,10,10,545.00,"5,450.00"
2020-11-22,2020112204003441,GIC,19,8,10,545.00,"5,450.00"
2020-11-22,2020112204003502,GIC,19,40,10,545.00,"5,450.00"
2020-11-22,2020112204003501,GIC,19,16,10,545.00,"5,450.00"
2020-11-22,2020112204003498,GIC,19,21,10,545.00,"5,450.00"
2020-11-22,2020112204003490,GIC,19,40,10,545.00,"5,450.00"
2020-11-22,2020112204003481,GIC,7,40,10,546.00,"5,460.00"
2020-11-22,2020112204003479,GIC,7,42,10,546.00,"5,460.00"
2020-11-22,2020112204003521,GIC,42,40,10,545.00,"5,450.00"
2020-11-22,2020112204003519,GIC,42,21,10,545.00,"5,450.00"
2020-11-22,2020112204003514,GIC,42,16,10,545.00,"5,450.00"
2020-11-22,2020112204003510,GIC,42,58,10,545.00,"5,450.00"
2020-11-22,2020112204003507,GIC,42,56,10,545.00,"5,450.00"
2020-11-22,2020112204003506,GIC,42,40,10,545.00,"5,450.00"
2020-11-22,2020112204003558,GIC,42,40,10,545.00,"5,450.00"
2020-11-22,2020112204003553,GIC,42,21,10,545.00,"5,450.00"
2020-11-22,2020112204003549,GIC,42,40,10,545.00,"5,450.00"
2020-11-22,2020112204003544,GIC,42,11,10,545.00,"5,450.00"
2020-11-22,2020112204003542,GIC,42,56,10,545.00,"5,450.00"
2020-11-22,2020112204003537,GIC,42,40,10,545.00,"5,450.00"
2020-11-22,2020112204003597,GIC,42,3,10,545.00,"5,450.00"
2020-11-22,2020112204003594,GIC,42,40,10,545.00,"5,450.00"
2020-11-22,2020112204003582,GIC,42,40,10,545.00,"5,450.00"
2020-11-22,2020112204003577,GIC,42,56,10,545.00,"5,450.00"
2020-11-22,2020112204003574,GIC,42,40,10,545.00,"5,450.00"
2020-11-22,2020112204003566,GIC,42,40,10,545.00,"5,450.00"
2020-11-22,2020112204003622,GIC,38,59,10,545.00,"5,450.00"
2020-11-22,2020112204003618,GIC,38,40,10,545.00,"5,450.00"
2020-11-22,2020112204003616,GIC,38,56,10,545.00,"5,450.00"
2020-11-22,2020112204003609,GIC,38,40,10,545.00,"5,450.00"
2020-11-22,2020112204003602,GIC,42,13,10,545.00,"5,450.00"
2020-11-22,2020112204003598,GIC,42,11,10,545.00,"5,450.00"
2020-11-22,2020112204003638,GIC,38,47,10,545.00,"5,450.00"
2020-11-22,2020112204003633,GIC,38,29,10,545.00,"5,450.00"
2020-11-22,2020112204003631,GIC,38,40,10,545.00,"5,450.00"
2020-11-22,2020112204003629,GIC,38,56,10,545.00,"5,450.00"
2020-11-22,2020112204003627,GIC,38,42,10,545.00,"5,450.00"
2020-11-22,2020112204003623,GIC,38,40,10,545.00,"5,450.00"
2020-11-22,2020112204003669,GIC,13,44,10,546.00,"5,460.00"
2020-11-22,2020112204003668,GIC,1,40,10,545.00,"5,450.00"
2020-11-22,2020112204003660,GIC,1,40,10,545.00,"5,450.00"
2020-11-22,2020112204003657,GIC,1,42,10,545.00,"5,450.00"
2020-11-22,2020112204003655,GIC,1,54,10,545.00,"5,450.00"
2020-11-22,2020112204003639,GIC,42,14,10,545.00,"5,450.00"
2020-11-22,2020112204003681,GIC,13,40,10,546.00,"5,460.00"
2020-11-22,2020112204003680,GIC,13,38,10,546.00,"5,460.00"
2020-11-22,2020112204003678,GIC,13,48,10,546.00,"5,460.00"
2020-11-22,2020112204003677,GIC,13,1,10,546.00,"5,460.00"
2020-11-22,2020112204003671,GIC,13,17,10,546.00,"5,460.00"
2020-11-22,2020112204003670,GIC,13,21,10,546.00,"5,460.00"
2020-11-22,2020112204003713,GIC,49,40,10,545.00,"5,450.00"
2020-11-22,2020112204003704,GIC,49,13,10,545.00,"5,450.00"
2020-11-22,2020112204003701,GIC,1,40,10,545.00,"5,450.00"
2020-11-22,2020112204003692,GIC,13,17,10,546.00,"5,460.00"
2020-11-22,2020112204003688,GIC,13,40,10,546.00,"5,460.00"
2020-11-22,2020112204003683,GIC,13,53,10,546.00,"5,460.00"
2020-11-22,2020112204003738,GIC,7,32,10,545.00,"5,450.00"
2020-11-22,2020112204003734,GIC,37,58,10,545.00,"5,450.00"
2020-11-22,2020112204003733,GIC,37,40,10,545.00,"5,450.00"
2020-11-22,2020112204003722,GIC,49,40,10,545.00,"5,450.00"
2020-11-22,2020112204003721,GIC,49,45,10,545.00,"5,450.00"
2020-11-22,2020112204003720,GIC,49,40,10,545.00,"5,450.00"
2020-11-22,2020112204003745,GIC,38,3,20,545.00,"10,900.00"
2020-11-22,2020112204003744,GIC,38,11,20,545.00,"10,900.00"
2020-11-22,2020112204003743,GIC,7,11,20,545.00,"10,900.00"
2020-11-22,2020112204003742,GIC,43,11,60,545.00,"32,700.00"
2020-11-22,2020112204003741,GIC,7,40,10,545.00,"5,450.00"
2020-11-22,2020112204003740,GIC,7,3,10,545.00,"5,450.00"
2020-11-22,2020112204003757,GIC,58,56,10,543.00,"5,430.00"
2020-11-22,2020112204003750,GIC,51,3,200,544.00,"108,800.00"
2020-11-22,2020112204003749,GIC,45,3,30,544.00,"16,320.00"
2020-11-22,2020112204003748,GIC,51,3,20,544.00,"10,880.00"
2020-11-22,2020112204003747,GIC,26,3,100,544.00,"54,400.00"
2020-11-22,2020112204003746,GIC,33,3,544,544.00,"295,936.00"
2020-11-22,2020112204003787,GIC,58,58,10,543.00,"5,430.00"
2020-11-22,2020112204003786,GIC,58,40,10,543.00,"5,430.00"
2020-11-22,2020112204003770,GIC,58,40,10,543.00,"5,430.00"
2020-11-22,2020112204003768,GIC,58,56,10,543.00,"5,430.00"
2020-11-22,2020112204003763,GIC,58,25,10,543.00,"5,430.00"
2020-11-22,2020112204003759,GIC,58,40,10,543.00,"5,430.00"
2020-11-22,2020112204003805,GIC,58,56,10,543.00,"5,430.00"
2020-11-22,2020112204003803,GIC,58,45,10,543.00,"5,430.00"
2020-11-22,2020112204003798,GIC,58,40,10,543.00,"5,430.00"
2020-11-22,2020112204003793,GIC,58,40,10,543.00,"5,430.00"
2020-11-22,2020112204003792,GIC,58,45,10,543.00,"5,430.00"
2020-11-22,2020112204003791,GIC,58,56,10,543.00,"5,430.00"
2020-11-22,2020112204003828,GIC,58,40,10,543.00,"5,430.00"
2020-11-22,2020112204003827,GIC,58,58,10,543.00,"5,430.00"
2020-11-22,2020112204003818,GIC,58,14,10,543.00,"5,430.00"
2020-11-22,2020112204003816,GIC,58,3,86,543.00,"46,698.00"
2020-11-22,2020112204003812,GIC,58,40,10,543.00,"5,430.00"
2020-11-22,2020112204003807,GIC,58,40,10,543.00,"5,430.00"
2020-11-22,2020112204003840,GIC,21,3,20,543.00,"10,860.00"
2020-11-22,2020112204003839,GIC,58,3,194,543.00,"105,342.00"
2020-11-22,2020112204003837,GIC,58,57,10,543.00,"5,430.00"
2020-11-22,2020112204003835,GIC,58,56,10,543.00,"5,430.00"
2020-11-22,2020112204003834,GIC,58,40,10,543.00,"5,430.00"
2020-11-22,2020112204003833,GIC,58,49,10,543.00,"5,430.00"
2020-11-22,2020112204003852,GIC,19,49,10,542.00,"5,420.00"
2020-11-22,2020112204003849,GIC,19,45,10,542.00,"5,420.00"
2020-11-22,2020112204003847,GIC,19,6,10,542.00,"5,420.00"
2020-11-22,2020112204003843,GIC,19,29,10,542.00,"5,420.00"
2020-11-22,2020112204003842,GIC,19,49,10,542.00,"5,420.00"
2020-11-22,2020112204003841,GIC,16,3,100,543.00,"54,300.00"
2020-11-22,2020112204003887,GIC,37,3,76,541.00,"41,116.00"
2020-11-22,2020112204003886,GIC,5,3,10,542.00,"5,420.00"
2020-11-22,2020112204003878,GIC,5,1,10,542.00,"5,420.00"
2020-11-22,2020112204003864,GIC,55,45,50,542.00,"27,100.00"
2020-11-22,2020112204003857,GIC,5,39,10,542.00,"5,420.00"
2020-11-22,2020112204003853,GIC,5,40,10,542.00,"5,420.00"
2020-11-22,2020112204003906,GIC,32,3,100,541.00,"54,100.00"
2020-11-22,2020112204003905,GIC,49,3,50,542.00,"27,100.00"
2020-11-22,2020112204003904,GIC,5,3,10,542.00,"5,420.00"
2020-11-22,2020112204003901,GIC,5,49,10,542.00,"5,420.00"
2020-11-22,2020112204003897,GIC,37,49,10,541.00,"5,410.00"
2020-11-22,2020112204003891,GIC,37,49,10,541.00,"5,410.00"
2020-11-22,2020112204003912,GIMES1,35,29,200,10.96,"2,192.00"
2020-11-22,2020112204003767,GIMES1,35,49,"43,966",10.96,"481,867.36"
2020-11-22,2020112204003766,GIMES1,38,49,"2,500",10.97,"27,425.00"
2020-11-22,2020112204003765,GIMES1,51,49,"1,000",11.00,"11,000.00"
2020-11-22,2020112204003539,GIMES1,57,13,"1,000",10.95,"10,950.00"
2020-11-22,2020112204003601,LEMF,4,39,"1,000",10.10,"10,100.00"
2020-11-22,2020112204003600,LEMF,4,33,"292,478",10.10,"2,954,027.80"
2020-11-22,2020112204003592,LEMF,4,37,"11,699",10.00,"116,990.00"
2020-11-22,2020112204003591,LEMF,4,1,"5,000",10.00,"50,000.00"
2020-11-22,2020112204003590,LEMF,4,6,"5,000",10.00,"50,000.00"
2020-11-22,2020112204003443,LEMF,51,37,"1,500",9.82,"14,730.00"
2020-11-22,2020112204003423,LEMF,38,37,"2,500",9.83,"24,575.00"
2020-11-22,2020112204003589,LEMF,4,50,500,10.00,"5,000.00"
2020-11-22,2020112204003581,LEMF,4,37,"3,549",9.81,"34,815.69"
2020-11-22,2020112204003456,LEMF,13,37,"3,150",9.81,"30,901.50"
2020-11-22,2020112204003451,LEMF,13,58,"1,000",9.81,"9,810.00"
2020-11-22,2020112204003444,LEMF,37,37,"1,000",9.82,"9,820.00"
2020-11-22,2020112204003781,LUK,37,49,200,9.77,"1,954.00"
2020-11-22,2020112204003780,LUK,37,49,"1,000",9.77,"9,770.00"
2020-11-22,2020112204003779,LUK,22,49,"5,300",9.77,"51,781.00"
2020-11-22,2020112204003778,LUK,51,49,"17,100",9.77,"167,067.00"
2020-11-22,2020112204003777,LUK,14,49,600,9.78,"5,868.00"
2020-11-22,2020112204003764,LUK,14,38,100,9.78,978.00
2020-11-22,2020112204003718,LUK,14,22,"2,300",9.78,"22,494.00"
2020-11-22,2020112204003620,NBF2,57,35,"5,500",10.02,"55,110.00"
2020-11-22,2020112204003480,NBF2,57,42,100,10.02,"1,002.00"
2020-11-22,2020112204003769,NEF,34,42,"2,414",10.00,"24,140.00"
2020-11-22,2020112204003659,NEF,34,16,"1,100",10.00,"11,000.00"
2020-11-22,2020112204003612,NEF,58,35,644,10.12,"6,517.28"
2020-11-22,2020112204003611,NEF,58,22,483,10.10,"4,878.30"
2020-11-22,2020112204003788,NIBLPF,25,42,"1,952",10.00,"19,520.00"
2020-11-22,2020112204003580,NIBLPF,25,50,"13,048",10.00,"130,480.00"
2020-11-22,2020112204003576,NIBLPF,38,50,"2,500",10.05,"25,125.00"
2020-11-22,2020112204003575,NIBLPF,5,50,977,10.05,"9,818.85"
2020-11-22,2020112204003552,NIBLPF,5,58,"1,010",10.05,"10,150.50"
2020-11-22,2020112204003462,NIBLPF,5,58,505,10.05,"5,075.25"
2020-11-22,2020112204003445,NIBLPF,5,32,"2,525",10.05,"25,376.25"
2020-11-22,2020112204003755,NIBPO,16,1,100,370.00,"37,000.00"
2020-11-22,2020112204003491,NIBPO,16,49,21,370.00,"7,770.00"
2020-11-22,2020112204003900,NIBSF1,25,45,200,11.14,"2,228.00"
2020-11-22,2020112204003790,NICBF,33,49,"1,300",10.14,"13,182.00"
2020-11-22,2020112204003789,NICBF,42,49,300,10.16,"3,048.00"
2020-11-22,2020112204003461,NICBF,33,34,200,10.14,"2,028.00"
2020-11-22,2020112204003815,NICGF,19,49,"20,000",10.53,"210,600.00"
2020-11-22,2020112204003814,NICGF,19,49,"14,700",10.53,"154,791.00"
2020-11-22,2020112204003810,NICGF,19,49,"10,300",10.53,"108,459.00"
2020-11-22,2020112204003809,NICGF,38,49,"1,900",10.53,"20,007.00"
2020-11-22,2020112204003808,NICGF,47,49,"1,500",10.54,"15,810.00"
2020-11-22,2020112204003760,NICGF,47,45,"1,000",10.54,"10,540.00"
2020-11-22,2020112204003758,NICGF,19,1,"5,000",10.55,"52,750.00"
2020-11-22,2020112204003489,NICGF,38,42,100,10.53,"1,053.00"
2020-11-22,2020112204003761,NMB50,25,22,"2,500",10.25,"25,625.00"
2020-11-22,2020112204003500,NMB50,25,42,100,10.25,"1,025.00"
2020-11-22,2020112204003494,NMB50,25,4,100,10.25,"1,025.00"
2020-11-22,2020112204003454,NMB50,25,21,"7,050",10.25,"72,262.50"
2020-11-22,2020112204003453,NMB50,38,21,950,10.30,"9,785.00"
2020-11-22,2020112204003801,NMBHF1,10,49,"2,168",10.16,"22,026.88"
2020-11-22,2020112204003800,NMBHF1,47,49,"3,000",10.17,"30,510.00"
2020-11-22,2020112204003689,NMBHF1,19,59,"10,000",10.22,"102,200.00"
2020-11-22,2020112204003607,NMBHF1,28,59,"20,000",10.22,"204,400.00"
2020-11-22,2020112204003565,NMBHF1,21,59,"20,000",10.22,"204,400.00"
2020-11-22,2020112204003520,NMBHF1,10,58,832,10.16,"8,453.12"
2020-11-22,2020112204003495,NMBHF1,21,38,"3,745",10.21,"38,236.45"
2020-11-22,2020112204003418,NMBHF1,19,22,483,10.15,"4,902.45"
2020-11-22,2020112204003889,RBCLPO,49,34,20,"14,900.00","298,000.00"
2020-11-22,2020112204003773,RBCLPO,32,43,20,"15,000.00","300,000.00"
2020-11-22,2020112204003772,RBCLPO,32,59,20,"14,950.00","299,000.00"
2020-11-22,2020112204003771,RBCLPO,32,45,10,"14,900.00","149,000.00"
2020-11-22,2020112204003557,RBCLPO,32,33,30,"15,100.00","453,000.00"
2020-11-22,2020112204003556,RBCLPO,32,33,10,"15,100.00","151,000.00"
2020-11-22,2020112204003555,RBCLPO,32,6,10,"15,000.00","150,000.00"
2020-11-22,2020112204003554,RBCLPO,32,6,10,"14,990.00","149,900.00"
2020-11-22,2020112204003427,RBCLPO,51,7,20,"14,805.00","296,100.00"
2020-11-22,2020112204003702,SAEF,22,39,500,11.20,"5,600.00"
2020-11-22,2020112204003567,SAEF,22,50,"1,700",11.20,"19,040.00"
2020-11-22,2020112204003562,SAEF,34,50,"4,800",11.21,"53,808.00"
2020-11-22,2020112204003561,SAEF,34,42,200,11.21,"2,242.00"
2020-11-22,2020112204003438,SAND2085,17,7,25,"1,054.00","26,350.00"
2020-11-22,2020112204003528,SEF,22,42,100,10.36,"1,036.00"
2020-11-22,2020112204003512,SFMF,51,42,100,10.14,"1,014.00"
2020-11-22,2020112204003916,SGI,18,51,10,612.00,"6,120.00"
2020-11-22,2020112204003914,SGI,18,42,10,612.00,"6,120.00"
2020-11-22,2020112204003903,SGI,18,51,10,612.00,"6,120.00"
2020-11-22,2020112204003902,SGI,18,14,10,612.00,"6,120.00"
2020-11-22,2020112204003898,SGI,18,51,10,612.00,"6,120.00"
2020-11-22,2020112204003896,SGI,18,48,10,612.00,"6,120.00"
2020-11-22,2020112204003420,SGI,6,56,10,617.00,"6,170.00"
2020-11-22,2020112204003417,SGI,6,21,10,617.00,"6,170.00"
2020-11-22,2020112204003430,SGI,49,6,10,617.00,"6,170.00"
2020-11-22,2020112204003429,SGI,49,21,10,617.00,"6,170.00"
2020-11-22,2020112204003426,SGI,49,38,10,617.00,"6,170.00"
2020-11-22,2020112204003425,SGI,45,45,10,617.00,"6,170.00"
2020-11-22,2020112204003422,SGI,6,6,10,617.00,"6,170.00"
2020-11-22,2020112204003421,SGI,6,41,10,617.00,"6,170.00"
2020-11-22,2020112204003446,SGI,49,38,10,617.00,"6,170.00"
2020-11-22,2020112204003442,SGI,49,17,10,617.00,"6,170.00"
2020-11-22,2020112204003435,SGI,49,6,10,617.00,"6,170.00"
2020-11-22,2020112204003434,SGI,49,38,10,617.00,"6,170.00"
2020-11-22,2020112204003433,SGI,49,21,10,617.00,"6,170.00"
2020-11-22,2020112204003431,SGI,49,38,10,617.00,"6,170.00"
2020-11-22,2020112204003463,SGI,49,6,10,617.00,"6,170.00"
2020-11-22,2020112204003460,SGI,49,38,10,617.00,"6,170.00"
2020-11-22,2020112204003457,SGI,49,6,10,617.00,"6,170.00"
2020-11-22,2020112204003455,SGI,49,10,10,617.00,"6,170.00"
2020-11-22,2020112204003452,SGI,49,45,10,618.00,"6,180.00"
2020-11-22,2020112204003450,SGI,49,38,10,617.00,"6,170.00"
2020-11-22,2020112204003469,SGI,49,10,10,617.00,"6,170.00"
2020-11-22,2020112204003468,SGI,49,6,10,617.00,"6,170.00"
2020-11-22,2020112204003467,SGI,49,38,10,617.00,"6,170.00"
2020-11-22,2020112204003466,SGI,49,6,10,617.00,"6,170.00"
2020-11-22,2020112204003465,SGI,49,40,10,617.00,"6,170.00"
2020-11-22,2020112204003464,SGI,49,38,10,617.00,"6,170.00"
2020-11-22,2020112204003476,SGI,49,6,10,617.00,"6,170.00"
2020-11-22,2020112204003475,SGI,49,38,10,617.00,"6,170.00"
2020-11-22,2020112204003474,SGI,49,38,10,617.00,"6,170.00"
2020-11-22,2020112204003472,SGI,49,6,10,617.00,"6,170.00"
2020-11-22,2020112204003471,SGI,49,38,10,617.00,"6,170.00"
2020-11-22,2020112204003470,SGI,49,28,10,617.00,"6,170.00"
2020-11-22,2020112204003485,SGI,10,58,10,616.00,"6,160.00"
2020-11-22,2020112204003484,SGI,10,38,10,616.00,"6,160.00"
2020-11-22,2020112204003483,SGI,6,28,10,616.00,"6,160.00"
2020-11-22,2020112204003482,SGI,57,38,10,616.00,"6,160.00"
2020-11-22,2020112204003478,SGI,19,52,10,617.00,"6,170.00"
2020-11-22,2020112204003477,SGI,19,6,10,617.00,"6,170.00"
2020-11-22,2020112204003496,SGI,10,28,10,616.00,"6,160.00"
2020-11-22,2020112204003493,SGI,10,56,10,616.00,"6,160.00"
2020-11-22,2020112204003492,SGI,10,38,10,616.00,"6,160.00"
2020-11-22,2020112204003488,SGI,10,38,10,616.00,"6,160.00"
2020-11-22,2020112204003487,SGI,10,21,10,616.00,"6,160.00"
2020-11-22,2020112204003486,SGI,10,58,10,616.00,"6,160.00"
2020-11-22,2020112204003508,SGI,49,17,10,616.00,"6,160.00"
2020-11-22,2020112204003505,SGI,49,21,10,616.00,"6,160.00"
2020-11-22,2020112204003504,SGI,49,17,10,616.00,"6,160.00"
2020-11-22,2020112204003503,SGI,49,36,10,616.00,"6,160.00"
2020-11-22,2020112204003499,SGI,10,38,10,616.00,"6,160.00"
2020-11-22,2020112204003497,SGI,10,32,10,616.00,"6,160.00"
2020-11-22,2020112204003517,SGI,49,6,10,616.00,"6,160.00"
2020-11-22,2020112204003516,SGI,49,17,10,616.00,"6,160.00"
2020-11-22,2020112204003515,SGI,49,21,10,616.00,"6,160.00"
2020-11-22,2020112204003513,SGI,49,38,10,616.00,"6,160.00"
2020-11-22,2020112204003511,SGI,49,28,10,616.00,"6,160.00"
2020-11-22,2020112204003509,SGI,49,21,10,616.00,"6,160.00"
2020-11-22,2020112204003527,SGI,49,17,10,616.00,"6,160.00"
2020-11-22,2020112204003525,SGI,49,28,10,616.00,"6,160.00"
2020-11-22,2020112204003524,SGI,49,21,10,616.00,"6,160.00"
2020-11-22,2020112204003523,SGI,49,38,10,616.00,"6,160.00"
2020-11-22,2020112204003522,SGI,49,29,10,616.00,"6,160.00"
2020-11-22,2020112204003518,SGI,49,38,10,616.00,"6,160.00"
2020-11-22,2020112204003534,SGI,49,29,10,616.00,"6,160.00"
2020-11-22,2020112204003533,SGI,49,17,10,616.00,"6,160.00"
2020-11-22,2020112204003532,SGI,49,46,10,616.00,"6,160.00"
2020-11-22,2020112204003531,SGI,49,21,10,616.00,"6,160.00"
2020-11-22,2020112204003530,SGI,49,16,10,616.00,"6,160.00"
2020-11-22,2020112204003529,SGI,49,29,10,616.00,"6,160.00"
2020-11-22,2020112204003546,SGI,49,29,10,616.00,"6,160.00"
2020-11-22,2020112204003545,SGI,49,58,10,616.00,"6,160.00"
2020-11-22,2020112204003543,SGI,49,38,10,616.00,"6,160.00"
2020-11-22,2020112204003541,SGI,49,28,10,616.00,"6,160.00"
2020-11-22,2020112204003540,SGI,49,29,10,616.00,"6,160.00"
2020-11-22,2020112204003538,SGI,49,33,10,616.00,"6,160.00"
2020-11-22,2020112204003560,SGI,49,38,10,616.00,"6,160.00"
2020-11-22,2020112204003559,SGI,49,17,10,616.00,"6,160.00"
2020-11-22,2020112204003551,SGI,49,28,10,616.00,"6,160.00"
2020-11-22,2020112204003550,SGI,49,54,10,616.00,"6,160.00"
2020-11-22,2020112204003548,SGI,49,17,10,616.00,"6,160.00"
2020-11-22,2020112204003547,SGI,49,38,10,616.00,"6,160.00"
2020-11-22,2020112204003571,SGI,49,45,10,616.00,"6,160.00"
2020-11-22,2020112204003570,SGI,49,1,10,616.00,"6,160.00"
2020-11-22,2020112204003569,SGI,49,38,10,616.00,"6,160.00"
2020-11-22,2020112204003568,SGI,49,17,10,616.00,"6,160.00"
2020-11-22,2020112204003564,SGI,49,17,10,616.00,"6,160.00"
2020-11-22,2020112204003563,SGI,49,28,10,616.00,"6,160.00"
2020-11-22,2020112204003584,SGI,49,58,10,616.00,"6,160.00"
2020-11-22,2020112204003583,SGI,49,28,10,616.00,"6,160.00"
2020-11-22,2020112204003579,SGI,49,17,10,616.00,"6,160.00"
2020-11-22,2020112204003578,SGI,49,45,10,616.00,"6,160.00"
2020-11-22,2020112204003573,SGI,49,32,10,616.00,"6,160.00"
2020-11-22,2020112204003572,SGI,49,17,10,616.00,"6,160.00"
2020-11-22,2020112204003596,SGI,49,56,10,616.00,"6,160.00"
2020-11-22,2020112204003595,SGI,49,45,10,616.00,"6,160.00"
2020-11-22,2020112204003593,SGI,49,6,10,616.00,"6,160.00"
2020-11-22,2020112204003588,SGI,49,17,10,616.00,"6,160.00"
2020-11-22,2020112204003587,SGI,49,42,10,616.00,"6,160.00"
2020-11-22,2020112204003586,SGI,49,54,10,616.00,"6,160.00"
2020-11-22,2020112204003610,SGI,49,45,10,616.00,"6,160.00"
2020-11-22,2020112204003608,SGI,49,6,10,616.00,"6,160.00"
2020-11-22,2020112204003605,SGI,49,11,10,616.00,"6,160.00"
2020-11-22,2020112204003604,SGI,49,28,10,616.00,"6,160.00"
2020-11-22,2020112204003603,SGI,49,32,10,616.00,"6,160.00"
2020-11-22,2020112204003599,SGI,49,43,10,616.00,"6,160.00"
2020-11-22,2020112204003621,SGI,13,32,10,616.00,"6,160.00"
2020-11-22,2020112204003619,SGI,13,6,10,616.00,"6,160.00"
2020-11-22,2020112204003617,SGI,13,28,10,616.00,"6,160.00"
2020-11-22,2020112204003615,SGI,13,14,10,616.00,"6,160.00"
2020-11-22,2020112204003614,SGI,49,42,10,616.00,"6,160.00"
2020-11-22,2020112204003613,SGI,49,38,10,616.00,"6,160.00"
2020-11-22,2020112204003636,SGI,35,56,10,616.00,"6,160.00"
2020-11-22,2020112204003635,SGI,35,20,10,616.00,"6,160.00"
2020-11-22,2020112204003634,SGI,35,58,10,616.00,"6,160.00"
2020-11-22,2020112204003632,SGI,35,21,10,616.00,"6,160.00"
2020-11-22,2020112204003630,SGI,35,45,10,616.00,"6,160.00"
2020-11-22,2020112204003626,SGI,13,34,10,616.00,"6,160.00"
2020-11-22,2020112204003644,SGI,36,39,10,617.00,"6,170.00"
2020-11-22,2020112204003643,SGI,36,38,10,617.00,"6,170.00"
2020-11-22,2020112204003642,SGI,35,25,10,616.00,"6,160.00"
2020-11-22,2020112204003641,SGI,35,14,10,616.00,"6,160.00"
2020-11-22,2020112204003640,SGI,35,4,10,616.00,"6,160.00"
2020-11-22,2020112204003637,SGI,35,54,10,616.00,"6,160.00"
2020-11-22,2020112204003650,SGI,36,6,10,617.00,"6,170.00"
2020-11-22,2020112204003649,SGI,36,6,10,617.00,"6,170.00"
2020-11-22,2020112204003648,SGI,36,6,10,617.00,"6,170.00"
2020-11-22,2020112204003647,SGI,36,48,10,617.00,"6,170.00"
2020-11-22,2020112204003646,SGI,36,6,10,617.00,"6,170.00"
2020-11-22,2020112204003645,SGI,36,6,10,617.00,"6,170.00"
2020-11-22,2020112204003658,SGI,51,38,10,616.00,"6,160.00"
2020-11-22,2020112204003656,SGI,51,38,10,616.00,"6,160.00"
2020-11-22,2020112204003654,SGI,51,42,10,616.00,"6,160.00"
2020-11-22,2020112204003653,SGI,51,21,10,616.00,"6,160.00"
2020-11-22,2020112204003652,SGI,36,6,10,617.00,"6,170.00"
2020-11-22,2020112204003651,SGI,36,6,10,617.00,"6,170.00"
2020-11-22,2020112204003666,SGI,41,36,10,616.00,"6,160.00"
2020-11-22,2020112204003665,SGI,41,52,10,616.00,"6,160.00"
2020-11-22,2020112204003664,SGI,41,17,10,616.00,"6,160.00"
2020-11-22,2020112204003663,SGI,41,25,10,616.00,"6,160.00"
2020-11-22,2020112204003662,SGI,41,36,10,616.00,"6,160.00"
2020-11-22,2020112204003661,SGI,41,16,10,616.00,"6,160.00"
2020-11-22,2020112204003676,SGI,41,45,10,616.00,"6,160.00"
2020-11-22,2020112204003675,SGI,41,21,10,616.00,"6,160.00"
2020-11-22,2020112204003674,SGI,41,54,10,616.00,"6,160.00"
2020-11-22,2020112204003673,SGI,41,38,10,616.00,"6,160.00"
2020-11-22,2020112204003672,SGI,41,38,10,616.00,"6,160.00"
2020-11-22,2020112204003667,SGI,41,54,10,616.00,"6,160.00"
2020-11-22,2020112204003687,SGI,41,59,10,616.00,"6,160.00"
2020-11-22,2020112204003686,SGI,41,34,10,616.00,"6,160.00"
2020-11-22,2020112204003685,SGI,41,38,10,616.00,"6,160.00"
2020-11-22,2020112204003684,SGI,41,36,10,616.00,"6,160.00"
2020-11-22,2020112204003682,SGI,41,17,10,616.00,"6,160.00"
2020-11-22,2020112204003679,SGI,41,36,10,616.00,"6,160.00"
2020-11-22,2020112204003696,SGI,41,34,10,616.00,"6,160.00"
2020-11-22,2020112204003695,SGI,41,45,10,616.00,"6,160.00"
2020-11-22,2020112204003694,SGI,41,49,10,616.00,"6,160.00"
2020-11-22,2020112204003693,SGI,41,36,10,616.00,"6,160.00"
2020-11-22,2020112204003691,SGI,41,17,10,616.00,"6,160.00"
2020-11-22,2020112204003690,SGI,41,58,200,616.00,"123,200.00"
2020-11-22,2020112204003705,SGI,41,36,10,616.00,"6,160.00"
2020-11-22,2020112204003703,SGI,41,48,10,616.00,"6,160.00"
2020-11-22,2020112204003700,SGI,42,45,10,617.00,"6,170.00"
2020-11-22,2020112204003699,SGI,42,6,10,617.00,"6,170.00"
2020-11-22,2020112204003698,SGI,42,6,10,617.00,"6,170.00"
2020-11-22,2020112204003697,SGI,41,38,10,616.00,"6,160.00"
2020-11-22,2020112204003712,SGI,41,20,10,616.00,"6,160.00"
2020-11-22,2020112204003710,SGI,41,45,10,616.00,"6,160.00"
2020-11-22,2020112204003709,SGI,41,45,10,616.00,"6,160.00"
2020-11-22,2020112204003708,SGI,41,50,10,616.00,"6,160.00"
2020-11-22,2020112204003707,SGI,41,34,10,616.00,"6,160.00"
2020-11-22,2020112204003706,SGI,41,49,10,616.00,"6,160.00"
2020-11-22,2020112204003724,SGI,41,32,10,616.00,"6,160.00"
2020-11-22,2020112204003723,SGI,41,34,10,616.00,"6,160.00"
2020-11-22,2020112204003719,SGI,41,56,10,616.00,"6,160.00"
2020-11-22,2020112204003716,SGI,41,34,10,616.00,"6,160.00"
2020-11-22,2020112204003715,SGI,41,38,10,616.00,"6,160.00"
2020-11-22,2020112204003714,SGI,41,17,10,616.00,"6,160.00"
2020-11-22,2020112204003736,SGI,20,56,10,616.00,"6,160.00"
2020-11-22,2020112204003735,SGI,20,20,10,616.00,"6,160.00"
2020-11-22,2020112204003732,SGI,20,1,10,616.00,"6,160.00"
2020-11-22,2020112204003727,SGI,20,20,10,616.00,"6,160.00"
2020-11-22,2020112204003726,SGI,41,38,10,616.00,"6,160.00"
2020-11-22,2020112204003725,SGI,41,48,10,616.00,"6,160.00"
2020-11-22,2020112204003756,SGI,20,20,10,616.00,"6,160.00"
2020-11-22,2020112204003754,SGI,20,6,10,616.00,"6,160.00"
2020-11-22,2020112204003753,SGI,20,52,10,616.00,"6,160.00"
2020-11-22,2020112204003752,SGI,20,21,10,616.00,"6,160.00"
2020-11-22,2020112204003751,SGI,20,58,10,616.00,"6,160.00"
2020-11-22,2020112204003739,SGI,20,49,10,616.00,"6,160.00"
2020-11-22,2020112204003783,SGI,20,55,10,616.00,"6,160.00"
2020-11-22,2020112204003782,SGI,20,49,10,616.00,"6,160.00"
2020-11-22,2020112204003776,SGI,20,13,10,616.00,"6,160.00"
2020-11-22,2020112204003775,SGI,20,42,10,616.00,"6,160.00"
2020-11-22,2020112204003774,SGI,20,3,10,616.00,"6,160.00"
2020-11-22,2020112204003762,SGI,20,56,10,616.00,"6,160.00"
2020-11-22,2020112204003797,SGI,20,38,10,616.00,"6,160.00"
2020-11-22,2020112204003796,SGI,20,32,10,616.00,"6,160.00"
2020-11-22,2020112204003795,SGI,20,51,10,616.00,"6,160.00"
2020-11-22,2020112204003794,SGI,20,55,10,616.00,"6,160.00"
2020-11-22,2020112204003785,SGI,20,41,10,616.00,"6,160.00"
2020-11-22,2020112204003784,SGI,20,57,10,616.00,"6,160.00"
2020-11-22,2020112204003813,SGI,20,51,10,616.00,"6,160.00"
2020-11-22,2020112204003811,SGI,20,6,10,616.00,"6,160.00"
2020-11-22,2020112204003806,SGI,20,51,10,616.00,"6,160.00"
2020-11-22,2020112204003804,SGI,20,45,10,616.00,"6,160.00"
2020-11-22,2020112204003802,SGI,20,58,10,616.00,"6,160.00"
2020-11-22,2020112204003799,SGI,20,55,10,616.00,"6,160.00"
2020-11-22,2020112204003823,SGI,3,20,10,617.00,"6,170.00"
2020-11-22,2020112204003822,SGI,3,45,10,617.00,"6,170.00"
2020-11-22,2020112204003821,SGI,3,46,10,617.00,"6,170.00"
2020-11-22,2020112204003820,SGI,3,6,10,617.00,"6,170.00"
2020-11-22,2020112204003819,SGI,20,35,10,616.00,"6,160.00"
2020-11-22,2020112204003817,SGI,20,20,10,616.00,"6,160.00"
2020-11-22,2020112204003831,SGI,47,57,70,616.00,"43,120.00"
2020-11-22,2020112204003830,SGI,47,51,10,616.00,"6,160.00"
2020-11-22,2020112204003829,SGI,47,57,10,616.00,"6,160.00"
2020-11-22,2020112204003826,SGI,47,51,10,616.00,"6,160.00"
2020-11-22,2020112204003825,SGI,3,57,50,617.00,"30,850.00"
2020-11-22,2020112204003824,SGI,3,32,10,617.00,"6,170.00"
2020-11-22,2020112204003846,SGI,55,1,10,615.00,"6,150.00"
2020-11-22,2020112204003845,SGI,55,17,10,615.00,"6,150.00"
2020-11-22,2020112204003844,SGI,55,51,10,615.00,"6,150.00"
2020-11-22,2020112204003838,SGI,55,58,10,615.00,"6,150.00"
2020-11-22,2020112204003836,SGI,55,51,10,615.00,"6,150.00"
2020-11-22,2020112204003832,SGI,6,57,20,616.00,"12,320.00"
2020-11-22,2020112204003858,SGI,32,58,10,615.00,"6,150.00"
2020-11-22,2020112204003855,SGI,17,43,10,615.00,"6,150.00"
2020-11-22,2020112204003854,SGI,17,34,10,615.00,"6,150.00"
2020-11-22,2020112204003851,SGI,17,50,10,615.00,"6,150.00"
2020-11-22,2020112204003850,SGI,17,43,10,615.00,"6,150.00"
2020-11-22,2020112204003848,SGI,17,42,10,615.00,"6,150.00"
2020-11-22,2020112204003869,SGI,42,29,10,616.00,"6,160.00"
2020-11-22,2020112204003868,SGI,42,1,10,616.00,"6,160.00"
2020-11-22,2020112204003867,SGI,42,29,10,616.00,"6,160.00"
2020-11-22,2020112204003866,SGI,32,32,10,615.00,"6,150.00"
2020-11-22,2020112204003865,SGI,32,51,10,615.00,"6,150.00"
2020-11-22,2020112204003860,SGI,32,51,10,615.00,"6,150.00"
2020-11-22,2020112204003875,SGI,45,34,300,613.00,"183,900.00"
2020-11-22,2020112204003874,SGI,57,34,15,613.00,"9,195.00"
2020-11-22,2020112204003873,SGI,51,34,300,614.00,"184,200.00"
2020-11-22,2020112204003872,SGI,13,34,30,615.00,"18,450.00"
2020-11-22,2020112204003871,SGI,38,34,100,615.00,"61,500.00"
2020-11-22,2020112204003870,SGI,32,34,60,615.00,"36,900.00"
2020-11-22,2020112204003882,SGI,39,4,10,612.00,"6,120.00"
2020-11-22,2020112204003881,SGI,35,33,10,612.00,"6,120.00"
2020-11-22,2020112204003880,SGI,35,51,10,612.00,"6,120.00"
2020-11-22,2020112204003879,SGI,35,34,10,612.00,"6,120.00"
2020-11-22,2020112204003877,SGI,35,34,165,612.00,"100,980.00"
2020-11-22,2020112204003876,SGI,57,34,30,612.00,"18,360.00"
2020-11-22,2020112204003895,SGI,18,51,10,612.00,"6,120.00"
2020-11-22,2020112204003894,SGI,18,56,10,612.00,"6,120.00"
2020-11-22,2020112204003892,SGI,10,51,10,612.00,"6,120.00"
2020-11-22,2020112204003890,SGI,10,32,10,612.00,"6,120.00"
2020-11-22,2020112204003888,SGI,10,51,10,612.00,"6,120.00"
2020-11-22,2020112204003883,SGI,39,32,10,612.00,"6,120.00"
2020-11-22,2020112204003859,SRBLD83,19,45,40,"1,020.00","40,800.00"
2020-11-22,2020112204003717,SRBLD83,19,57,25,"1,020.00","25,500.00"
2020-11-22,2020112204003893,STC,43,55,15,"6,999.00","104,985.00"
2020-11-22,2020112204003885,STC,43,58,20,"6,936.00","138,720.00"
2020-11-22,2020112204003862,STC,28,19,12,"6,800.00","81,600.00"
2020-11-22,2020112204003861,STC,28,14,10,"6,800.00","68,000.00"
2020-11-22,2020112204003628,STC,45,55,10,"6,800.00","68,000.00"
2020-11-22,2020112204003625,STC,49,58,50,"6,800.00","340,000.00"
2020-11-22,2020112204003624,STC,41,58,10,"6,860.00","68,600.00"
2020-11-22,2020112204003606,STC,49,7,10,"6,800.00","68,000.00"
2020-11-22,2020112204003585,STC,49,59,10,"6,800.00","68,000.00"
2020-11-22,2020112204003536,STC,49,34,40,"6,800.00","272,000.00"
2020-11-22,2020112204003535,STC,42,34,10,"6,810.00","68,100.00"
2020-11-22,2020112204003526,STC,16,34,10,"6,860.00","68,600.00"
2020-11-22,2020112204003155,BBC,32,28,30,"3,240.00","97,200.00"
2020-11-22,2020112204003147,BBC,43,28,10,"3,240.00","32,400.00"
2020-11-22,2020112204003126,BBC,43,54,10,"3,219.00","32,190.00"
2020-11-22,2020112204003095,BBC,51,5,10,"3,185.00","31,850.00"
2020-11-22,2020112204003089,BBC,25,33,10,"3,185.00","31,850.00"
2020-11-22,2020112204003076,BBC,45,50,10,"3,183.00","31,830.00"
2020-11-22,2020112204002983,BBC,34,33,20,"3,121.00","62,420.00"
2020-11-22,2020112204002922,BBC,34,33,25,"3,121.00","78,025.00"
2020-11-22,2020112204003120,CMF1,58,6,200,10.26,"2,052.00"
2020-11-22,2020112204003119,CMF1,43,6,"2,300",10.27,"23,621.00"
2020-11-22,2020112204003118,CMF1,38,6,"2,500",10.30,"25,750.00"
2020-11-22,2020112204003117,CMF1,51,6,500,10.30,"5,150.00"
2020-11-22,2020112204003116,CMF1,28,6,"9,500",10.35,"98,325.00"
2020-11-22,2020112204003416,GIC,38,41,30,547.00,"16,410.00"
2020-11-22,2020112204003415,GIC,41,10,10,545.00,"5,450.00"
2020-11-22,2020112204003410,GIC,41,42,10,545.00,"5,450.00"
2020-11-22,2020112204003407,GIC,41,14,10,545.00,"5,450.00"
2020-11-22,2020112204003406,GIC,41,40,10,545.00,"5,450.00"
2020-11-22,2020112204003404,GIC,41,20,10,545.00,"5,450.00"
2020-11-22,2020112204002918,GIC,10,38,10,545.00,"5,450.00"
2020-11-22,2020112204002917,GIC,10,48,10,545.00,"5,450.00"
2020-11-22,2020112204002943,GIC,8,25,10,545.00,"5,450.00"
2020-11-22,2020112204002940,GIC,13,21,10,545.00,"5,450.00"
2020-11-22,2020112204002925,GIC,13,8,10,545.00,"5,450.00"
2020-11-22,2020112204002924,GIC,10,20,10,545.00,"5,450.00"
2020-11-22,2020112204002921,GIC,10,20,10,545.00,"5,450.00"
2020-11-22,2020112204002920,GIC,10,20,10,545.00,"5,450.00"
2020-11-22,2020112204002965,GIC,8,21,10,545.00,"5,450.00"
2020-11-22,2020112204002961,GIC,8,33,10,545.00,"5,450.00"
2020-11-22,2020112204002960,GIC,8,39,10,545.00,"5,450.00"
2020-11-22,2020112204002949,GIC,8,53,10,545.00,"5,450.00"
2020-11-22,2020112204002946,GIC,8,6,10,545.00,"5,450.00"
2020-11-22,2020112204002945,GIC,8,21,10,545.00,"5,450.00"
2020-11-22,2020112204002999,GIC,8,6,10,545.00,"5,450.00"
2020-11-22,2020112204002991,GIC,8,39,10,545.00,"5,450.00"
2020-11-22,2020112204002977,GIC,50,39,40,546.00,"21,840.00"
2020-11-22,2020112204002976,GIC,50,22,10,546.00,"5,460.00"
2020-11-22,2020112204002975,GIC,50,55,10,546.00,"5,460.00"
2020-11-22,2020112204002971,GIC,8,21,10,545.00,"5,450.00"
2020-11-22,2020112204003018,GIC,50,48,10,545.00,"5,450.00"
2020-11-22,2020112204003015,GIC,50,32,10,545.00,"5,450.00"
2020-11-22,2020112204003014,GIC,50,41,10,545.00,"5,450.00"
2020-11-22,2020112204003011,GIC,50,21,10,545.00,"5,450.00"
2020-11-22,2020112204003010,GIC,50,42,10,545.00,"5,450.00"
2020-11-22,2020112204003006,GIC,50,42,10,545.00,"5,450.00"
2020-11-22,2020112204003062,GIC,50,34,10,545.00,"5,450.00"
2020-11-22,2020112204003043,GIC,50,47,10,545.00,"5,450.00"
2020-11-22,2020112204003042,GIC,50,32,10,545.00,"5,450.00"
2020-11-22,2020112204003031,GIC,50,38,10,545.00,"5,450.00"
2020-11-22,2020112204003030,GIC,50,38,10,545.00,"5,450.00"
2020-11-22,2020112204003020,GIC,50,39,10,545.00,"5,450.00"
2020-11-22,2020112204003110,GIC,51,53,10,546.00,"5,460.00"
2020-11-22,2020112204003100,GIC,50,49,10,545.00,"5,450.00"
2020-11-22,2020112204003099,GIC,50,41,10,545.00,"5,450.00"
2020-11-22,2020112204003084,GIC,50,45,10,545.00,"5,450.00"
2020-11-22,2020112204003083,GIC,50,34,10,545.00,"5,450.00"
2020-11-22,2020112204003067,GIC,50,32,10,545.00,"5,450.00"
2020-11-22,2020112204003143,GIC,45,36,10,547.00,"5,470.00"
2020-11-22,2020112204003132,GIC,48,34,10,546.00,"5,460.00"
2020-11-22,2020112204003131,GIC,48,39,10,546.00,"5,460.00"
2020-11-22,2020112204003122,GIC,48,32,10,546.00,"5,460.00"
2020-11-22,2020112204003113,GIC,50,39,10,545.00,"5,450.00"
2020-11-22,2020112204003111,GIC,51,32,10,546.00,"5,460.00"
2020-11-22,2020112204003172,GIC,50,32,10,545.00,"5,450.00"
2020-11-22,2020112204003167,GIC,50,36,10,545.00,"5,450.00"
2020-11-22,2020112204003152,GIC,48,36,10,546.00,"5,460.00"
2020-11-22,2020112204003149,GIC,48,46,10,546.00,"5,460.00"
2020-11-22,2020112204003148,GIC,48,57,10,546.00,"5,460.00"
2020-11-22,2020112204003144,GIC,45,36,10,547.00,"5,470.00"
2020-11-22,2020112204003189,GIC,38,41,10,547.00,"5,470.00"
2020-11-22,2020112204003188,GIC,38,11,100,547.00,"54,700.00"
2020-11-22,2020112204003187,GIC,38,32,10,547.00,"5,470.00"
2020-11-22,2020112204003186,GIC,38,41,10,546.00,"5,460.00"
2020-11-22,2020112204003179,GIC,50,45,10,545.00,"5,450.00"
2020-11-22,2020112204003174,GIC,50,57,10,545.00,"5,450.00"
2020-11-22,2020112204003241,GIC,50,32,10,545.00,"5,450.00"
2020-11-22,2020112204003235,GIC,50,38,10,545.00,"5,450.00"
2020-11-22,2020112204003226,GIC,50,45,10,545.00,"5,450.00"
2020-11-22,2020112204003211,GIC,50,32,10,545.00,"5,450.00"
2020-11-22,2020112204003208,GIC,50,42,10,545.00,"5,450.00"
2020-11-22,2020112204003191,GIC,50,38,10,545.00,"5,450.00"
2020-11-22,2020112204003255,GIC,50,56,10,545.00,"5,450.00"
2020-11-22,2020112204003254,GIC,50,19,10,545.00,"5,450.00"
2020-11-22,2020112204003253,GIC,50,49,10,545.00,"5,450.00"
2020-11-22,2020112204003252,GIC,50,56,10,545.00,"5,450.00"
2020-11-22,2020112204003248,GIC,50,11,10,545.00,"5,450.00"
2020-11-22,2020112204003244,GIC,50,41,10,545.00,"5,450.00"
2020-11-22,2020112204003281,GIC,50,22,10,545.00,"5,450.00"
2020-11-22,2020112204003279,GIC,50,42,10,545.00,"5,450.00"
2020-11-22,2020112204003273,GIC,50,45,10,545.00,"5,450.00"
2020-11-22,2020112204003270,GIC,50,56,10,545.00,"5,450.00"
2020-11-22,2020112204003267,GIC,50,3,10,545.00,"5,450.00"
2020-11-22,2020112204003257,GIC,50,32,10,545.00,"5,450.00"
2020-11-22,2020112204003340,GIC,50,39,10,545.00,"5,450.00"
2020-11-22,2020112204003337,GIC,50,35,10,545.00,"5,450.00"
2020-11-22,2020112204003314,GIC,50,56,10,545.00,"5,450.00"
2020-11-22,2020112204003291,GIC,50,45,10,545.00,"5,450.00"
2020-11-22,2020112204003287,GIC,20,41,50,547.00,"27,350.00"
2020-11-22,2020112204003284,GIC,50,39,10,545.00,"5,450.00"
2020-11-22,2020112204003358,GIC,50,14,10,545.00,"5,450.00"
2020-11-22,2020112204003353,GIC,50,4,10,545.00,"5,450.00"
2020-11-22,2020112204003351,GIC,58,44,10,546.00,"5,460.00"
2020-11-22,2020112204003349,GIC,50,13,10,545.00,"5,450.00"
2020-11-22,2020112204003345,GIC,50,22,10,545.00,"5,450.00"
2020-11-22,2020112204003342,GIC,50,59,10,545.00,"5,450.00"
2020-11-22,2020112204003383,GIC,29,34,10,545.00,"5,450.00"
2020-11-22,2020112204003380,GIC,40,39,10,545.00,"5,450.00"
2020-11-22,2020112204003379,GIC,40,32,10,545.00,"5,450.00"
2020-11-22,2020112204003378,GIC,40,45,10,545.00,"5,450.00"
2020-11-22,2020112204003371,GIC,40,53,10,545.00,"5,450.00"
2020-11-22,2020112204003370,GIC,40,38,10,545.00,"5,450.00"
2020-11-22,2020112204003399,GIC,41,56,10,545.00,"5,450.00"
2020-11-22,2020112204003397,GIC,52,40,10,545.00,"5,450.00"
2020-11-22,2020112204003393,GIC,52,28,10,545.00,"5,450.00"
2020-11-22,2020112204003390,GIC,52,32,10,545.00,"5,450.00"
2020-11-22,2020112204003389,GIC,52,40,10,545.00,"5,450.00"
2020-11-22,2020112204003386,GIC,52,6,10,545.00,"5,450.00"
2020-11-22,2020112204003164,GIMES1,51,13,"15,000",10.93,"163,950.00"
2020-11-22,2020112204003140,GIMES1,51,6,"4,800",10.93,"52,464.00"
2020-11-22,2020112204003139,GIMES1,29,6,"1,000",11.08,"11,080.00"
2020-11-22,2020112204003138,GIMES1,29,6,"1,000",11.09,"11,090.00"
2020-11-22,2020112204003137,GIMES1,38,6,"2,500",11.10,"27,750.00"
2020-11-22,2020112204003136,GIMES1,29,6,"1,000",11.10,"11,100.00"
2020-11-22,2020112204003080,GIMES1,16,17,"5,000",11.11,"55,550.00"
2020-11-22,2020112204003029,GIMES1,29,49,"1,000",11.11,"11,110.00"
2020-11-22,2020112204003071,LEMF,38,6,"1,000",9.95,"9,950.00"
2020-11-22,2020112204003198,LUK,51,45,100,9.77,977.00
2020-11-22,2020112204003183,LUK,51,41,500,9.77,"4,885.00"
2020-11-22,2020112204003086,LUK,51,6,"2,300",9.77,"22,471.00"
2020-11-22,2020112204003085,LUK,37,6,200,9.77,"1,954.00"
2020-11-22,2020112204003310,NBF2,17,17,500,10.05,"5,025.00"
2020-11-22,2020112204003303,NBF2,57,41,"5,000",10.02,"50,100.00"
2020-11-22,2020112204003098,NBF2,51,6,"15,000",10.01,"150,150.00"
2020-11-22,2020112204003055,NBF2,51,42,100,10.01,"1,001.00"
2020-11-22,2020112204003369,NEF,4,58,587,10.14,"5,952.18"
2020-11-22,2020112204003362,NEF,4,58,500,10.14,"5,070.00"
2020-11-22,2020112204003350,NEF,4,42,"1,207",10.14,"12,238.98"
2020-11-22,2020112204003330,NEF,4,11,"3,000",10.14,"30,420.00"
2020-11-22,2020112204003329,NEF,4,48,100,10.14,"1,014.00"
2020-11-22,2020112204003328,NEF,4,10,"15,000",10.14,"152,100.00"
2020-11-22,2020112204003321,NEF,4,17,"9,656",10.00,"96,560.00"
2020-11-22,2020112204003288,NEF,38,42,"2,414",10.00,"24,140.00"
2020-11-22,2020112204003239,NEF,51,40,"2,400",9.99,"23,976.00"
2020-11-22,2020112204003127,NEF,13,10,"5,632",10.00,"56,320.00"
2020-11-22,2020112204003092,NEF,13,6,"2,127",10.00,"21,270.00"
2020-11-22,2020112204002973,NEF,13,28,"2,414",10.00,"24,140.00"
2020-11-22,2020112204003327,NEF,4,56,"9,011",10.14,"91,371.54"
2020-11-22,2020112204003326,NEF,4,51,"2,414",10.10,"24,381.40"
2020-11-22,2020112204003325,NEF,4,58,"4,732",10.10,"47,793.20"
2020-11-22,2020112204003324,NEF,4,5,"1,127",10.05,"11,326.35"
2020-11-22,2020112204003323,NEF,4,58,"1,183",10.05,"11,889.15"
2020-11-22,2020112204003322,NEF,4,49,483,10.03,"4,844.49"
2020-11-22,2020112204003028,NIBLPF,5,56,"3,458",10.05,"34,752.90"
2020-11-22,2020112204002996,NIBLPF,47,32,"1,075",10.06,"10,814.50"
2020-11-22,2020112204002995,NIBLPF,38,32,"1,450",10.06,"14,587.00"
2020-11-22,2020112204003268,NIBPO,34,45,"7,000",371.00,"2,597,000.00"
2020-11-22,2020112204002986,NIBPO,16,17,250,370.00,"92,500.00"
2020-11-22,2020112204002985,NIBPO,16,54,435,370.00,"160,950.00"
2020-11-22,2020112204002978,NIBPO,16,54,515,370.00,"190,550.00"
2020-11-22,2020112204002929,NIBPO,42,54,50,370.00,"18,500.00"
2020-11-22,2020112204003405,NICBF,33,21,500,10.14,"5,070.00"
2020-11-22,2020112204003360,NICBF,33,49,500,10.14,"5,070.00"
2020-11-22,2020112204003077,NICBF,38,42,100,10.13,"1,013.00"
2020-11-22,2020112204003027,NICBF,38,6,200,10.13,"2,026.00"
2020-11-22,2020112204003365,NMB50,38,49,200,10.30,"2,060.00"
