Date,Transact. No.,Symbol,Buyer,Seller,Quantity,Rate,Amount
2020-02-09,2020020901011684,ADBL,16,22,190,381.00,"72,390.00"
2020-02-09,2020020901011683,ADBL,14,22,10,381.00,"3,810.00"
2020-02-09,2020020901011493,ADBL,5,45,10,382.00,"3,820.00"
2020-02-09,2020020901011397,AHPC,40,14,260,94.00,"24,440.00"
2020-02-09,2020020901011396,AHPC,59,14,300,94.00,"28,200.00"
2020-02-09,2020020901011395,AHPC,59,14,700,94.00,"65,800.00"
2020-02-09,2020020901011530,AKJCL,37,32,20,55.00,"1,100.00"
2020-02-09,2020020901011489,ALBSL,45,4,76,691.00,"52,516.00"
2020-02-09,2020020901011488,ALBSL,14,4,102,691.00,"70,482.00"
2020-02-09,2020020901011487,ALBSL,22,4,200,692.00,"138,400.00"
2020-02-09,2020020901011486,ALBSL,22,4,52,692.00,"35,984.00"
2020-02-09,2020020901011485,ALBSL,8,4,20,693.00,"13,860.00"
2020-02-09,2020020901011484,ALBSL,22,4,100,695.00,"69,500.00"
2020-02-09,2020020901011636,ALICL,34,33,82,560.00,"45,920.00"
2020-02-09,2020020901011635,ALICL,50,33,18,560.00,"10,080.00"
2020-02-09,2020020901011608,ALICL,50,59,82,560.00,"45,920.00"
2020-02-09,2020020901011607,ALICL,52,59,18,560.00,"10,080.00"
2020-02-09,2020020901011311,ALICL,14,6,200,561.00,"112,200.00"
2020-02-09,2020020901011452,API,25,40,500,126.00,"63,000.00"
2020-02-09,2020020901011385,API,25,42,100,125.00,"12,500.00"
2020-02-09,2020020901011384,API,33,42,200,125.00,"25,000.00"
2020-02-09,2020020901011697,BOKL,38,36,100,231.00,"23,100.00"
2020-02-09,2020020901011696,BOKL,38,34,90,231.00,"20,790.00"
2020-02-09,2020020901011561,BOKL,5,34,10,231.00,"2,310.00"
2020-02-09,2020020901011366,BPCL,33,38,10,327.00,"3,270.00"
2020-02-09,2020020901011241,CBBL,55,32,94,981.00,"92,214.00"
2020-02-09,2020020901011470,CCBL,4,56,110,186.00,"20,460.00"
2020-02-09,2020020901011469,CCBL,4,39,"1,002",185.00,"185,370.00"
2020-02-09,2020020901011468,CCBL,4,34,888,185.00,"164,280.00"
2020-02-09,2020020901011320,CCBL,4,42,280,184.00,"51,520.00"
2020-02-09,2020020901011391,CHCL,6,26,500,429.00,"214,500.00"
2020-02-09,2020020901011227,CHL,52,21,100,96.00,"9,600.00"
2020-02-09,2020020901011634,CIT,38,59,10,"2,436.00","24,360.00"
2020-02-09,2020020901011633,CIT,38,43,10,"2,436.00","24,360.00"
2020-02-09,2020020901011531,CIT,7,40,30,"2,435.00","73,050.00"
2020-02-09,2020020901011467,CIT,7,49,20,"2,432.00","48,640.00"
2020-02-09,2020020901011588,CLBSL,38,6,10,"1,000.00","10,000.00"
2020-02-09,2020020901011693,DDBL,47,6,100,812.00,"81,200.00"
2020-02-09,2020020901011473,EBL,35,36,500,630.00,"315,000.00"
2020-02-09,2020020901011472,EBL,58,36,200,630.00,"126,000.00"
2020-02-09,2020020901011471,EBL,11,36,17,630.00,"10,710.00"
2020-02-09,2020020901011651,EIC,48,58,200,439.00,"87,800.00"
2020-02-09,2020020901011621,EIC,29,58,100,439.00,"43,900.00"
2020-02-09,2020020901011617,EIC,32,58,200,439.00,"87,800.00"
2020-02-09,2020020901011616,EIC,52,58,57,439.00,"25,023.00"
2020-02-09,2020020901011482,EIC,52,21,100,440.00,"44,000.00"
2020-02-09,2020020901011479,EIC,48,21,10,440.00,"4,400.00"
2020-02-09,2020020901011478,EIC,48,46,100,440.00,"44,000.00"
2020-02-09,2020020901011477,EIC,48,36,90,440.00,"39,600.00"
2020-02-09,2020020901011686,FMDBL,26,57,100,451.00,"45,100.00"
2020-02-09,2020020901011685,FMDBL,26,1,50,451.00,"22,550.00"
2020-02-09,2020020901011620,FMDBL,6,1,50,451.00,"22,550.00"
2020-02-09,2020020901011594,FOWAD,45,45,90,"1,390.00","125,100.00"
2020-02-09,2020020901011593,FOWAD,59,45,80,"1,391.00","111,280.00"
2020-02-09,2020020901011592,FOWAD,25,45,20,"1,391.00","27,820.00"
2020-02-09,2020020901011591,FOWAD,41,45,200,"1,392.00","278,400.00"
2020-02-09,2020020901011590,FOWAD,45,45,110,"1,393.00","153,230.00"
2020-02-09,2020020901011547,GBBL,16,6,58,240.00,"13,920.00"
2020-02-09,2020020901011719,GBIME,8,17,137,282.00,"38,634.00"
2020-02-09,2020020901011718,GBIME,8,57,63,282.00,"17,766.00"
2020-02-09,2020020901011447,GBIME,44,29,68,281.00,"19,108.00"
2020-02-09,2020020901011446,GBIME,32,29,162,281.00,"45,522.00"
2020-02-09,2020020901011436,GBIME,32,28,300,281.00,"84,300.00"
2020-02-09,2020020901011365,GBIME,32,34,538,281.00,"151,178.00"
2020-02-09,2020020901011364,GBIME,6,34,"1,312",281.00,"368,672.00"
2020-02-09,2020020901011714,GBLBS,22,46,89,463.00,"41,207.00"
2020-02-09,2020020901011713,GBLBS,40,46,100,463.00,"46,300.00"
2020-02-09,2020020901011712,GBLBS,56,46,50,463.00,"23,150.00"
2020-02-09,2020020901011711,GBLBS,36,46,30,465.00,"13,950.00"
2020-02-09,2020020901011630,GBLBS,49,46,40,466.00,"18,640.00"
2020-02-09,2020020901011619,GBLBS,46,46,11,466.00,"5,126.00"
2020-02-09,2020020901011618,GBLBS,46,29,30,465.00,"13,950.00"
2020-02-09,2020020901011596,GBLBS,56,17,100,463.00,"46,300.00"
2020-02-09,2020020901011424,GBLBS,56,41,10,463.00,"4,630.00"
2020-02-09,2020020901011348,GFCL,48,58,50,151.00,"7,550.00"
2020-02-09,2020020901011387,GLBSL,1,48,10,676.00,"6,760.00"
2020-02-09,2020020901011609,GLICL,57,45,100,759.00,"75,900.00"
2020-02-09,2020020901011455,GLICL,42,57,100,759.00,"75,900.00"
2020-02-09,2020020901011454,GLICL,42,51,19,759.00,"14,421.00"
2020-02-09,2020020901011453,GLICL,42,51,64,759.00,"48,576.00"
2020-02-09,2020020901011363,GLICL,41,51,15,759.00,"11,385.00"
2020-02-09,2020020901011659,GRDBL,45,45,100,129.00,"12,900.00"
2020-02-09,2020020901011392,HBL,10,49,100,522.00,"52,200.00"
2020-02-09,2020020901011664,HDL,29,33,40,"1,217.00","48,680.00"
2020-02-09,2020020901011571,HDL,29,36,50,"1,217.00","60,850.00"
2020-02-09,2020020901011570,HDL,29,33,13,"1,216.00","15,808.00"
2020-02-09,2020020901011290,HDL,10,33,30,"1,216.00","36,480.00"
2020-02-09,2020020901011663,HGI,32,32,500,402.00,"201,000.00"
2020-02-09,2020020901011662,HGI,32,56,100,402.00,"40,200.00"
2020-02-09,2020020901011643,HGI,29,7,50,401.00,"20,050.00"
2020-02-09,2020020901011599,HGI,58,56,200,402.00,"80,400.00"
2020-02-09,2020020901011250,HGI,49,56,100,402.00,"40,200.00"
2020-02-09,2020020901011249,HGI,45,56,100,402.00,"40,200.00"
2020-02-09,2020020901011362,HIDCL,1,57,225,139.00,"31,275.00"
2020-02-09,2020020901011346,IGI,29,8,100,423.00,"42,300.00"
2020-02-09,2020020901011536,IGI,48,34,100,425.00,"42,500.00"
2020-02-09,2020020901011631,ILBS,49,22,10,810.00,"8,100.00"
2020-02-09,2020020901011704,JBBL,58,36,30,190.00,"5,700.00"
2020-02-09,2020020901011703,JBBL,58,57,70,190.00,"13,300.00"
2020-02-09,2020020901011425,JBBL,48,57,30,190.00,"5,700.00"
2020-02-09,2020020901011698,JSLBB,34,37,10,"1,599.00","15,990.00"
2020-02-09,2020020901011595,JSLBB,59,17,100,"1,590.00","159,000.00"
2020-02-09,2020020901011665,KADBL,13,42,268,283.00,"75,844.00"
2020-02-09,2020020901011308,KADBL,4,4,20,288.00,"5,760.00"
2020-02-09,2020020901011307,KADBL,4,36,76,287.00,"21,812.00"
2020-02-09,2020020901011566,KBL,38,20,300,195.00,"58,500.00"
2020-02-09,2020020901011476,KBL,32,20,100,195.00,"19,500.00"
2020-02-09,2020020901011332,KBL,55,21,100,194.00,"19,400.00"
2020-02-09,2020020901011331,KBL,55,36,950,194.00,"184,300.00"
2020-02-09,2020020901011273,KBL,58,36,50,194.00,"9,700.00"
2020-02-09,2020020901011716,KSBBL,48,42,30,160.00,"4,800.00"
2020-02-09,2020020901011660,LBBL,35,20,300,193.00,"57,900.00"
2020-02-09,2020020901011564,LBBL,35,34,500,193.00,"96,500.00"
2020-02-09,2020020901011645,LGIL,59,34,500,478.00,"239,000.00"
2020-02-09,2020020901011632,LGIL,39,34,50,478.00,"23,900.00"
2020-02-09,2020020901011466,LGIL,14,35,300,477.00,"143,100.00"
2020-02-09,2020020901011465,LGIL,59,35,100,477.00,"47,700.00"
2020-02-09,2020020901011491,LLBS,10,18,280,"1,004.00","281,120.00"
2020-02-09,2020020901011490,LLBS,21,18,20,"1,010.00","20,200.00"
2020-02-09,2020020901011552,MBL,56,17,100,230.00,"23,000.00"
2020-02-09,2020020901011562,MDB,38,48,10,340.00,"3,400.00"
2020-02-09,2020020901011269,MFIL,19,41,100,195.00,"19,500.00"
2020-02-09,2020020901011389,MLBL,39,29,59,210.00,"12,390.00"
2020-02-09,2020020901011388,MLBL,42,29,41,210.00,"8,610.00"
2020-02-09,2020020901011560,MNBBL,58,41,12,317.00,"3,804.00"
2020-02-09,2020020901011559,MNBBL,35,41,80,317.00,"25,360.00"
2020-02-09,2020020901011558,MNBBL,35,41,100,317.00,"31,700.00"
2020-02-09,2020020901011557,MNBBL,35,41,80,317.00,"25,360.00"
2020-02-09,2020020901011556,MNBBL,35,41,466,317.00,"147,722.00"
2020-02-09,2020020901011680,NABIL,49,4,200,721.00,"144,200.00"
2020-02-09,2020020901011679,NABIL,7,4,119,721.00,"85,799.00"
2020-02-09,2020020901011678,NABIL,44,4,50,721.00,"36,050.00"
2020-02-09,2020020901011677,NABIL,19,4,144,721.00,"103,824.00"
2020-02-09,2020020901011649,NABIL,34,4,133,724.00,"96,292.00"
2020-02-09,2020020901011545,NABIL,21,4,200,724.00,"144,800.00"
2020-02-09,2020020901011284,NABIL,41,4,77,724.00,"55,748.00"
2020-02-09,2020020901011563,NADEP,44,7,100,693.00,"69,300.00"
2020-02-09,2020020901011278,NADEP,44,48,230,693.00,"159,390.00"
2020-02-09,2020020901011277,NADEP,52,48,20,694.00,"13,880.00"
2020-02-09,2020020901011276,NADEP,44,48,50,694.00,"34,700.00"
2020-02-09,2020020901011626,NBB,49,52,100,205.00,"20,500.00"
2020-02-09,2020020902000001,NBF2,5,58,500,10.00,"5,000.00"
2020-02-09,2020020901011705,NBL,33,47,20,269.00,"5,380.00"
2020-02-09,2020020901011435,NBL,42,38,42,268.00,"11,256.00"
2020-02-09,2020020901011314,NBL,42,48,400,268.00,"107,200.00"
2020-02-09,2020020901011313,NBL,42,4,"2,286",268.00,"612,648.00"
2020-02-09,2020020901011302,NBL,42,4,80,268.00,"21,440.00"
2020-02-09,2020020901011567,NCCB,33,52,10,195.00,"1,950.00"
2020-02-09,2020020901011423,NCCB,6,33,365,194.00,"70,810.00"
2020-02-09,2020020901011422,NCCB,54,33,100,194.00,"19,400.00"
2020-02-09,2020020901011421,NCCB,20,33,40,194.00,"7,760.00"
2020-02-09,2020020901011420,NCCB,28,33,32,194.00,"6,208.00"
2020-02-09,2020020901011419,NCCB,32,33,"1,000",194.00,"194,000.00"
2020-02-09,2020020901011418,NCCB,36,33,50,194.00,"9,700.00"
2020-02-09,2020020901011417,NCCB,33,33,300,194.00,"58,200.00"
2020-02-09,2020020901011416,NCCB,34,33,500,194.00,"97,000.00"
2020-02-09,2020020901011415,NCCB,59,33,50,194.00,"9,700.00"
2020-02-09,2020020901011414,NCCB,25,33,569,194.00,"110,386.00"
2020-02-09,2020020901011372,NCCB,38,52,100,195.00,"19,500.00"
2020-02-09,2020020901011672,NIB,35,42,90,383.00,"34,470.00"
2020-02-09,2020020901011658,NIB,49,26,"1,394",381.00,"531,114.00"
2020-02-09,2020020901011657,NIB,28,26,170,381.00,"64,770.00"
2020-02-09,2020020901011656,NIB,26,26,200,381.00,"76,200.00"
2020-02-09,2020020901011655,NIB,14,26,132,381.00,"50,292.00"
2020-02-09,2020020901011654,NIB,6,26,200,382.00,"76,400.00"
2020-02-09,2020020901011653,NIB,19,26,38,382.00,"14,516.00"
2020-02-09,2020020901011637,NIB,13,42,50,383.00,"19,150.00"
2020-02-09,2020020901011542,NIB,11,42,24,383.00,"9,192.00"
2020-02-09,2020020901011286,NIB,19,59,62,382.00,"23,684.00"
2020-02-09,2020020901011285,NIB,28,59,38,382.00,"14,516.00"
2020-02-09,2020020901011624,NICA,35,45,300,483.00,"144,900.00"
2020-02-09,2020020901011623,NICA,35,14,200,482.00,"96,400.00"
2020-02-09,2020020901011622,NICA,58,33,111,481.00,"53,391.00"
2020-02-09,2020020901011598,NICA,33,34,166,482.00,"80,012.00"
2020-02-09,2020020901011527,NICA,58,17,40,481.00,"19,240.00"
2020-02-09,2020020901011526,NICA,45,17,140,482.00,"67,480.00"
2020-02-09,2020020901011706,NICL,34,37,300,432.00,"129,600.00"
2020-02-09,2020020901011451,NICL,14,17,100,433.00,"43,300.00"
2020-02-09,2020020901011399,NICL,14,17,100,433.00,"43,300.00"
2020-02-09,2020020901011371,NICL,16,37,351,430.00,"150,930.00"
2020-02-09,2020020901011370,NICL,42,37,149,430.00,"64,070.00"
2020-02-09,2020020901011668,NIL,13,57,200,551.00,"110,200.00"
2020-02-09,2020020901011667,NIL,13,28,250,551.00,"137,750.00"
2020-02-09,2020020901011597,NIL,52,28,200,551.00,"110,200.00"
2020-02-09,2020020901011495,NIL,59,29,100,550.00,"55,000.00"
2020-02-09,2020020901011450,NIL,50,29,50,550.00,"27,500.00"
2020-02-09,2020020901011401,NIL,28,32,224,549.00,"122,976.00"
2020-02-09,2020020901011274,NIL,14,29,200,550.00,"110,000.00"
2020-02-09,2020020901011240,NIL,43,59,500,550.00,"275,000.00"
2020-02-09,2020020901011400,NIL,59,32,145,549.00,"79,605.00"
2020-02-09,2020020901011383,NIL,45,29,50,550.00,"27,500.00"
2020-02-09,2020020901011355,NIL,14,29,100,550.00,"55,000.00"
2020-02-09,2020020901011318,NIL,59,26,355,549.00,"194,895.00"
2020-02-09,2020020901011317,NIL,13,26,385,549.00,"211,365.00"
2020-02-09,2020020901011275,NIL,28,29,100,550.00,"55,000.00"
2020-02-09,2020020901011586,NLBBL,52,14,10,759.00,"7,590.00"
2020-02-09,2020020901011529,NLBBL,44,41,609,750.00,"456,750.00"
2020-02-09,2020020901011528,NLBBL,44,6,150,749.00,"112,350.00"
2020-02-09,2020020901011445,NLBBL,33,52,26,745.00,"19,370.00"
2020-02-09,2020020901011444,NLBBL,48,52,174,746.00,"129,804.00"
2020-02-09,2020020901011702,NLG,45,47,200,845.00,"169,000.00"
2020-02-09,2020020901011671,NLG,40,46,198,847.00,"167,706.00"
2020-02-09,2020020901011577,NLG,34,34,29,844.00,"24,476.00"
2020-02-09,2020020901011576,NLG,7,34,170,844.00,"143,480.00"
2020-02-09,2020020901011575,NLG,40,34,200,845.00,"169,000.00"
2020-02-09,2020020901011574,NLG,40,34,101,846.00,"85,446.00"
2020-02-09,2020020901011368,NLG,7,6,50,844.00,"42,200.00"
2020-02-09,2020020901011267,NLG,19,17,74,847.00,"62,678.00"
2020-02-09,2020020901011266,NLG,19,6,26,847.00,"22,022.00"
2020-02-09,2020020901011569,NLG,40,52,240,846.00,"203,040.00"
2020-02-09,2020020901011565,NLG,52,25,100,846.00,"84,600.00"
2020-02-09,2020020901011538,NLG,33,25,50,846.00,"42,300.00"
2020-02-09,2020020901011537,NLG,17,25,24,846.00,"20,304.00"
2020-02-09,2020020901011496,NLG,17,17,26,846.00,"21,996.00"
2020-02-09,2020020901011402,NLG,17,47,50,846.00,"42,300.00"
2020-02-09,2020020901011717,NLIC,3,57,22,"1,114.00","24,508.00"
2020-02-09,2020020901011403,NLIC,50,34,15,"1,110.00","16,650.00"
2020-02-09,2020020901011357,NLIC,50,19,134,"1,109.00","148,606.00"
2020-02-09,2020020901011356,NLIC,36,19,16,"1,109.00","17,744.00"
2020-02-09,2020020901011333,NLIC,1,34,23,"1,110.00","25,530.00"
2020-02-09,2020020901011330,NLIC,50,34,300,"1,110.00","333,000.00"
2020-02-09,2020020901011323,NLIC,51,34,12,"1,114.00","13,368.00"
2020-02-09,2020020901011306,NLIC,6,54,400,"1,115.00","446,000.00"
2020-02-09,2020020901011292,NLIC,18,54,150,"1,115.00","167,250.00"
2020-02-09,2020020901011329,NLIC,21,34,200,"1,110.00","222,000.00"
2020-02-09,2020020901011328,NLIC,51,34,30,"1,110.00","33,300.00"
2020-02-09,2020020901011327,NLIC,20,34,100,"1,110.00","111,000.00"
2020-02-09,2020020901011326,NLIC,32,34,200,"1,111.00","222,200.00"
2020-02-09,2020020901011325,NLIC,45,34,110,"1,112.00","122,320.00"
2020-02-09,2020020901011324,NLIC,56,34,10,"1,114.00","11,140.00"
2020-02-09,2020020901011640,NMB,57,57,150,368.00,"55,200.00"
2020-02-09,2020020901011639,NMB,57,59,195,368.00,"71,760.00"
2020-02-09,2020020901011610,NMB,48,59,50,368.00,"18,400.00"
2020-02-09,2020020901011549,NMB,43,33,178,367.00,"65,326.00"
2020-02-09,2020020901011548,NMB,44,33,322,367.00,"118,174.00"
2020-02-09,2020020901011358,NMB,35,59,"1,500",368.00,"552,000.00"
2020-02-09,2020020901011345,NMB,39,59,232,368.00,"85,376.00"
2020-02-09,2020020901011294,NMB,44,33,78,367.00,"28,626.00"
2020-02-09,2020020901011293,NMB,29,33,422,367.00,"154,874.00"
2020-02-09,2020020901011483,NMBHF1,47,18,"1,577",9.20,"14,508.40"
2020-02-09,2020020901011701,NMBMF,42,7,10,888.00,"8,880.00"
2020-02-09,2020020901011674,NMBMF,14,7,10,888.00,"8,880.00"
2020-02-09,2020020901011638,NMBMF,14,42,10,877.00,"8,770.00"
2020-02-09,2020020901011641,PCBL,5,19,10,280.00,"2,800.00"
2020-02-09,2020020901011613,PCBL,50,19,60,280.00,"16,800.00"
2020-02-09,2020020901011612,PCBL,50,56,100,280.00,"28,000.00"
2020-02-09,2020020901011611,PCBL,50,56,128,278.00,"35,584.00"
2020-02-09,2020020901011474,PCBL,50,50,"1,000",278.00,"278,000.00"
2020-02-09,2020020901011367,PFL,13,46,21,160.00,"3,360.00"
2020-02-09,2020020901011261,PFL,13,44,100,160.00,"16,000.00"
2020-02-09,2020020901011260,PFL,13,41,200,160.00,"32,000.00"
2020-02-09,2020020901011259,PFL,13,57,39,158.00,"6,162.00"
2020-02-09,2020020901011258,PFL,13,57,19,158.00,"3,002.00"
2020-02-09,2020020901011398,PIC,19,57,77,550.00,"42,350.00"
2020-02-09,2020020901011245,PIC,25,57,10,550.00,"5,500.00"
2020-02-09,2020020901011244,PIC,25,57,20,548.00,"10,960.00"
2020-02-09,2020020901011243,PIC,25,57,50,548.00,"27,400.00"
2020-02-09,2020020901011242,PIC,25,1,120,548.00,"65,760.00"
2020-02-09,2020020901011710,PICL,45,16,100,688.00,"68,800.00"
2020-02-09,2020020901011709,PICL,1,16,200,689.00,"137,800.00"
2020-02-09,2020020901011708,PICL,45,16,200,689.00,"137,800.00"
2020-02-09,2020020901011692,PICL,6,34,100,690.00,"69,000.00"
2020-02-09,2020020901011691,PICL,57,34,40,690.00,"27,600.00"
2020-02-09,2020020901011690,PICL,38,34,20,690.00,"13,800.00"
2020-02-09,2020020901011321,PICL,41,25,40,693.00,"27,720.00"
2020-02-09,2020020901011375,PICL,14,37,200,691.00,"138,200.00"
2020-02-09,2020020901011374,PICL,32,37,100,693.00,"69,300.00"
2020-02-09,2020020901011361,PICL,32,34,100,693.00,"69,300.00"
2020-02-09,2020020901011360,PICL,41,34,200,693.00,"138,600.00"
2020-02-09,2020020901011359,PICL,32,34,40,693.00,"27,720.00"
2020-02-09,2020020901011322,PICL,32,25,60,693.00,"41,580.00"
2020-02-09,2020020901011381,PICL,37,37,117,690.00,"80,730.00"
2020-02-09,2020020901011380,PICL,16,37,50,690.00,"34,500.00"
2020-02-09,2020020901011379,PICL,44,37,100,690.00,"69,000.00"
2020-02-09,2020020901011378,PICL,42,37,67,690.00,"46,230.00"
2020-02-09,2020020901011377,PICL,21,37,100,691.00,"69,100.00"
2020-02-09,2020020901011376,PICL,34,37,100,691.00,"69,100.00"
2020-02-09,2020020901011647,PICL,19,28,73,690.00,"50,370.00"
2020-02-09,2020020901011568,PICL,45,33,100,691.00,"69,100.00"
2020-02-09,2020020901011544,PICL,19,28,127,690.00,"87,630.00"
2020-02-09,2020020901011543,PICL,37,28,23,690.00,"15,870.00"
2020-02-09,2020020901011523,PICL,13,41,200,693.00,"138,600.00"
2020-02-09,2020020901011434,PICL,37,28,60,690.00,"41,400.00"
2020-02-09,2020020901011689,PICL,21,34,10,690.00,"6,900.00"
2020-02-09,2020020901011688,PICL,42,34,200,690.00,"138,000.00"
2020-02-09,2020020901011687,PICL,58,34,23,690.00,"15,870.00"
2020-02-09,2020020901011670,PICL,1,33,11,691.00,"7,601.00"
2020-02-09,2020020901011652,PICL,49,33,10,691.00,"6,910.00"
2020-02-09,2020020901011648,PICL,58,28,77,690.00,"53,130.00"
2020-02-09,2020020901011724,PLIC,22,57,30,565.00,"16,950.00"
2020-02-09,2020020901011661,PLIC,22,41,20,565.00,"11,300.00"
2020-02-09,2020020901011532,PLIC,38,41,30,565.00,"16,950.00"
2020-02-09,2020020901011442,PLIC,45,25,200,559.00,"111,800.00"
2020-02-09,2020020901011429,PLIC,45,25,100,559.00,"55,900.00"
2020-02-09,2020020901011428,PLIC,45,25,100,559.00,"55,900.00"
2020-02-09,2020020901011427,PLIC,52,25,100,559.00,"55,900.00"
2020-02-09,2020020901011725,PRIN,52,10,100,435.00,"43,500.00"
2020-02-09,2020020901011721,PRIN,34,10,10,435.00,"4,350.00"
2020-02-09,2020020901011676,PRIN,44,10,50,435.00,"21,750.00"
2020-02-09,2020020901011627,PRIN,14,50,117,430.00,"50,310.00"
2020-02-09,2020020901011572,PRIN,14,50,150,430.00,"64,500.00"
2020-02-09,2020020901011448,PRIN,42,50,500,430.00,"215,000.00"
2020-02-09,2020020901011373,PRIN,34,50,500,430.00,"215,000.00"
2020-02-09,2020020901011272,PRIN,34,28,40,427.00,"17,080.00"
2020-02-09,2020020901011271,PRIN,49,28,200,428.00,"85,600.00"
2020-02-09,2020020901011270,PRIN,58,28,500,428.00,"214,000.00"
2020-02-09,2020020901011305,PRVU,34,57,380,244.00,"92,720.00"
2020-02-09,2020020901011304,PRVU,4,57,500,244.00,"122,000.00"
2020-02-09,2020020901011303,PRVU,4,57,77,244.00,"18,788.00"
2020-02-09,2020020901011707,RBCL,14,6,14,"8,862.00","124,068.00"
2020-02-09,2020020901011268,RBCL,46,14,10,"8,865.00","88,650.00"
2020-02-09,2020020901011669,RHPL,17,26,40,168.00,"6,720.00"
2020-02-09,2020020901011540,RLFL,45,46,10,145.00,"1,450.00"
2020-02-09,2020020901011614,RSDC,58,7,100,462.00,"46,200.00"
2020-02-09,2020020901011723,SABSL,5,44,30,848.00,"25,440.00"
2020-02-09,2020020901011722,SABSL,16,44,60,848.00,"50,880.00"
2020-02-09,2020020901011675,SABSL,53,44,50,849.00,"42,450.00"
2020-02-09,2020020901011584,SADBL,1,4,938,154.00,"144,452.00"
2020-02-09,2020020901011583,SADBL,49,4,"1,062",154.00,"163,548.00"
2020-02-09,2020020901011535,SADBL,49,4,938,154.00,"144,452.00"
2020-02-09,2020020901011534,SADBL,20,4,312,155.00,"48,360.00"
2020-02-09,2020020901011533,SADBL,39,4,750,155.00,"116,250.00"
2020-02-09,2020020901011456,SADBL,39,4,"2,000",155.00,"310,000.00"
2020-02-09,2020020901011606,SANIMA,8,50,37,340.00,"12,580.00"
2020-02-09,2020020901011605,SANIMA,25,50,200,340.00,"68,000.00"
2020-02-09,2020020901011604,SANIMA,49,50,100,340.00,"34,000.00"
2020-02-09,2020020901011603,SANIMA,26,50,"1,000",340.00,"340,000.00"
2020-02-09,2020020901011602,SANIMA,44,50,50,340.00,"17,000.00"
2020-02-09,2020020901011601,SANIMA,25,50,500,340.00,"170,000.00"
2020-02-09,2020020901011600,SANIMA,47,50,50,340.00,"17,000.00"
2020-02-09,2020020901011539,SANIMA,1,50,20,341.00,"6,820.00"
2020-02-09,2020020901011386,SBI,57,50,86,409.00,"35,174.00"
2020-02-09,2020020901011625,SCB,57,18,100,607.00,"60,700.00"
2020-02-09,2020020901011413,SCB,1,47,382,610.00,"233,020.00"
2020-02-09,2020020901011412,SCB,1,14,30,610.00,"18,300.00"
2020-02-09,2020020901011411,SCB,1,48,20,610.00,"12,200.00"
2020-02-09,2020020901011410,SCB,1,6,101,610.00,"61,610.00"
2020-02-09,2020020901011409,SCB,1,41,347,610.00,"211,670.00"
2020-02-09,2020020901011408,SCB,1,16,94,610.00,"57,340.00"
2020-02-09,2020020901011407,SCB,1,32,58,609.00,"35,322.00"
2020-02-09,2020020901011406,SCB,1,45,20,608.00,"12,160.00"
2020-02-09,2020020901011405,SCB,1,8,80,608.00,"48,640.00"
2020-02-09,2020020901011404,SCB,1,8,80,608.00,"48,640.00"
2020-02-09,2020020901011291,SDESI,45,38,60,840.00,"50,400.00"
2020-02-09,2020020901011295,SFCL,20,57,300,110.00,"33,000.00"
2020-02-09,2020020901011573,SHINE,4,16,10,278.00,"2,780.00"
2020-02-09,2020020901011354,SHINE,1,6,650,275.00,"178,750.00"
2020-02-09,2020020901011353,SHINE,57,6,100,275.00,"27,500.00"
2020-02-09,2020020901011352,SHINE,11,6,200,276.00,"55,200.00"
2020-02-09,2020020901011351,SHINE,56,6,50,276.00,"13,800.00"
2020-02-09,2020020901011494,SHINE,26,45,750,277.00,"207,750.00"
2020-02-09,2020020901011700,SHIVM,52,44,150,522.00,"78,300.00"
2020-02-09,2020020901011699,SHIVM,52,35,50,522.00,"26,100.00"
2020-02-09,2020020901011615,SHIVM,39,25,100,521.00,"52,100.00"
2020-02-09,2020020901011238,SHIVM,37,35,200,521.00,"104,200.00"
2020-02-09,2020020901011299,SHIVM,25,57,100,522.00,"52,200.00"
2020-02-09,2020020901011298,SHIVM,25,49,200,522.00,"104,400.00"
2020-02-09,2020020901011297,SHIVM,25,28,100,522.00,"52,200.00"
2020-02-09,2020020901011263,SHIVM,37,25,300,521.00,"156,300.00"
2020-02-09,2020020901011262,SHIVM,44,28,100,522.00,"52,200.00"
2020-02-09,2020020901011350,SHIVM,25,42,40,521.00,"20,840.00"
2020-02-09,2020020901011347,SHIVM,25,44,60,521.00,"31,260.00"
2020-02-09,2020020901011301,SHIVM,25,46,100,522.00,"52,200.00"
2020-02-09,2020020901011300,SHIVM,25,34,100,522.00,"52,200.00"
2020-02-09,2020020901011525,SHIVM,19,46,100,523.00,"52,300.00"
2020-02-09,2020020901011524,SHIVM,19,25,50,522.00,"26,100.00"
2020-02-09,2020020901011382,SHIVM,25,42,60,521.00,"31,260.00"
2020-02-09,2020020901011715,SHPC,49,45,10,215.00,"2,150.00"
2020-02-09,2020020901011629,SHPC,56,47,200,214.00,"42,800.00"
2020-02-09,2020020901011433,SHPC,44,4,100,212.00,"21,200.00"
2020-02-09,2020020901011432,SHPC,44,29,100,212.00,"21,200.00"
2020-02-09,2020020901011431,SHPC,44,36,100,212.00,"21,200.00"
2020-02-09,2020020901011666,SICL,5,29,10,"1,125.00","11,250.00"
2020-02-09,2020020901011265,SICL,58,37,157,"1,120.00","175,840.00"
2020-02-09,2020020901011248,SICL,50,37,200,"1,120.00","224,000.00"
2020-02-09,2020020901011587,SIL,45,13,846,571.00,"483,066.00"
2020-02-09,2020020901011443,SINDU,39,53,30,132.00,"3,960.00"
2020-02-09,2020020901011342,SINDU,33,53,50,132.00,"6,600.00"
2020-02-09,2020020901011646,SJCL,37,33,200,154.00,"30,800.00"
2020-02-09,2020020901011546,SJCL,47,33,50,154.00,"7,700.00"
2020-02-09,2020020901011522,SJCL,22,33,100,154.00,"15,400.00"
2020-02-09,2020020901011521,SJCL,55,33,"1,000",154.00,"154,000.00"
2020-02-09,2020020901011520,SJCL,51,33,500,154.00,"77,000.00"
2020-02-09,2020020901011519,SJCL,52,33,500,154.00,"77,000.00"
2020-02-09,2020020901011500,SJCL,37,33,500,155.00,"77,500.00"
2020-02-09,2020020901011499,SJCL,1,33,422,155.00,"65,410.00"
2020-02-09,2020020901011498,SJCL,51,33,100,156.00,"15,600.00"
2020-02-09,2020020901011497,SJCL,45,33,490,156.00,"76,440.00"
2020-02-09,2020020901011506,SJCL,22,33,100,155.00,"15,500.00"
2020-02-09,2020020901011505,SJCL,51,33,500,155.00,"77,500.00"
2020-02-09,2020020901011504,SJCL,34,33,100,155.00,"15,500.00"
2020-02-09,2020020901011503,SJCL,57,33,134,155.00,"20,770.00"
2020-02-09,2020020901011502,SJCL,22,33,100,155.00,"15,500.00"
2020-02-09,2020020901011501,SJCL,22,33,500,155.00,"77,500.00"
2020-02-09,2020020901011512,SJCL,45,33,"1,000",155.00,"155,000.00"
2020-02-09,2020020901011511,SJCL,14,33,400,155.00,"62,000.00"
2020-02-09,2020020901011510,SJCL,37,33,60,155.00,"9,300.00"
2020-02-09,2020020901011509,SJCL,56,33,10,155.00,"1,550.00"
2020-02-09,2020020901011508,SJCL,45,33,"1,000",155.00,"155,000.00"
2020-02-09,2020020901011507,SJCL,22,33,500,155.00,"77,500.00"
2020-02-09,2020020901011518,SJCL,38,33,200,154.00,"30,800.00"
2020-02-09,2020020901011517,SJCL,34,33,500,154.00,"77,000.00"
2020-02-09,2020020901011516,SJCL,13,33,"1,000",154.00,"154,000.00"
2020-02-09,2020020901011515,SJCL,14,33,500,154.00,"77,000.00"
2020-02-09,2020020901011514,SJCL,32,33,100,154.00,"15,400.00"
2020-02-09,2020020901011513,SJCL,17,33,30,154.00,"4,620.00"
2020-02-09,2020020901011449,SKBBL,55,4,100,978.00,"97,800.00"
2020-02-09,2020020901011394,SKBBL,55,44,100,977.00,"97,700.00"
2020-02-09,2020020901011393,SKBBL,55,50,40,977.00,"39,080.00"
2020-02-09,2020020901011682,SLBBL,53,57,10,827.00,"8,270.00"
2020-02-09,2020020901011695,SLICL,44,4,20,450.00,"9,000.00"
2020-02-09,2020020901011694,SLICL,44,57,190,449.00,"85,310.00"
2020-02-09,2020020901011430,SLICL,32,21,200,447.00,"89,400.00"
2020-02-09,2020020901011390,SLICL,44,57,10,449.00,"4,490.00"
2020-02-09,2020020901011344,SLICL,39,52,350,446.00,"156,100.00"
2020-02-09,2020020901011343,SLICL,16,52,150,447.00,"67,050.00"
2020-02-09,2020020901011252,SLICL,7,19,100,448.00,"44,800.00"
2020-02-09,2020020901011251,SLICL,13,19,50,448.00,"22,400.00"
2020-02-09,2020020901011312,SLICL,55,57,100,449.00,"44,900.00"
2020-02-09,2020020901011257,SLICL,16,19,50,447.00,"22,350.00"
2020-02-09,2020020901011256,SLICL,43,19,100,447.00,"44,700.00"
2020-02-09,2020020901011255,SLICL,50,19,300,447.00,"134,100.00"
2020-02-09,2020020901011254,SLICL,16,19,100,447.00,"44,700.00"
2020-02-09,2020020901011253,SLICL,39,19,100,447.00,"44,700.00"
2020-02-09,2020020901011492,SMATA,57,53,10,725.00,"7,250.00"
2020-02-09,2020020901011341,SMATA,1,45,50,711.00,"35,550.00"
2020-02-09,2020020901011340,SMATA,43,45,50,711.00,"35,550.00"
2020-02-09,2020020901011339,SMATA,57,45,200,712.00,"142,400.00"
2020-02-09,2020020901011338,SMATA,51,45,10,713.00,"7,130.00"
2020-02-09,2020020901011337,SMATA,17,45,50,713.00,"35,650.00"
2020-02-09,2020020901011336,SMATA,1,45,10,713.00,"7,130.00"
2020-02-09,2020020901011335,SMATA,57,45,26,713.00,"18,538.00"
2020-02-09,2020020901011334,SMATA,38,45,10,715.00,"7,150.00"
2020-02-09,2020020901011650,SMB,28,40,25,"1,048.00","26,200.00"
2020-02-09,2020020901011644,SMB,28,17,10,"1,048.00","10,480.00"
2020-02-09,2020020901011585,SMB,28,28,15,"1,045.00","15,675.00"
2020-02-09,2020020901011551,SMB,28,28,20,"1,045.00","20,900.00"
2020-02-09,2020020901011550,SMB,28,6,100,"1,010.00","101,000.00"
2020-02-09,2020020901011239,SMB,34,18,352,"1,014.00","356,928.00"
2020-02-09,2020020901011319,SMB,34,17,30,"1,010.00","30,300.00"
2020-02-09,2020020901011264,SMB,43,47,140,"1,024.00","143,360.00"
2020-02-09,2020020901011481,SMB,34,28,10,"1,040.00","10,400.00"
2020-02-09,2020020901011437,SMB,34,43,10,"1,030.00","10,300.00"
2020-02-09,2020020901011237,SRBL,49,49,100,241.00,"24,100.00"
2020-02-09,2020020901011236,SRBL,44,49,200,241.00,"48,200.00"
2020-02-09,2020020901011235,SRBL,51,49,500,241.00,"120,500.00"
2020-02-09,2020020901011234,SRBL,40,49,200,241.00,"48,200.00"
2020-02-09,2020020901011233,SRBL,58,49,"1,000",241.00,"241,000.00"
2020-02-09,2020020901011232,SRBL,25,49,"1,000",242.00,"242,000.00"
2020-02-09,2020020901011231,SRBL,14,49,150,242.00,"36,300.00"
2020-02-09,2020020901011230,SRBL,59,49,40,242.00,"9,680.00"
2020-02-09,2020020901011229,SRBL,25,49,"1,000",242.00,"242,000.00"
2020-02-09,2020020901011228,SRBL,51,49,100,242.00,"24,200.00"
2020-02-09,2020020901011541,STC,45,49,10,"2,458.00","24,580.00"
2020-02-09,2020020901011247,STC,17,33,24,"2,413.00","57,912.00"
2020-02-09,2020020901011246,STC,25,33,50,"2,426.00","121,300.00"
2020-02-09,2020020901011480,SWBBL,19,25,40,"1,128.00","45,120.00"
2020-02-09,2020020901011349,SWBBL,49,22,400,"1,119.00","447,600.00"
2020-02-09,2020020901011310,SWBBL,19,56,50,"1,120.00","56,000.00"
2020-02-09,2020020901011309,SWBBL,44,56,50,"1,121.00","56,050.00"
2020-02-09,2020020901011628,TMDBL,16,21,20,186.00,"3,720.00"
2020-02-09,2020020901011475,UIC,55,6,50,413.00,"20,650.00"
2020-02-09,2020020901011289,UIC,53,6,150,417.00,"62,550.00"
2020-02-09,2020020901011288,UIC,53,48,40,415.00,"16,600.00"
2020-02-09,2020020901011287,UIC,53,22,10,415.00,"4,150.00"
2020-02-09,2020020901011673,UMHL,34,36,14,107.00,"1,498.00"
2020-02-09,2020020901011426,UPCL,16,36,10,76.00,760.00
2020-02-09,2020020901011582,UPPER,45,42,40,243.00,"9,720.00"
2020-02-09,2020020901011581,UPPER,45,14,500,243.00,"121,500.00"
2020-02-09,2020020901011580,UPPER,45,10,50,243.00,"12,150.00"
2020-02-09,2020020901011579,UPPER,45,28,200,243.00,"48,600.00"
2020-02-09,2020020901011578,UPPER,45,19,50,243.00,"12,150.00"
2020-02-09,2020020901011283,UPPER,45,37,20,241.00,"4,820.00"
2020-02-09,2020020901011282,UPPER,45,44,480,241.00,"115,680.00"
2020-02-09,2020020901011281,UPPER,45,13,290,241.00,"69,890.00"
2020-02-09,2020020901011280,UPPER,45,28,50,240.00,"12,000.00"
2020-02-09,2020020901011279,UPPER,45,22,30,240.00,"7,200.00"
2020-02-09,2020020901011441,UPPER,45,3,10,242.00,"2,420.00"
2020-02-09,2020020901011440,UPPER,45,25,50,242.00,"12,100.00"
2020-02-09,2020020901011439,UPPER,45,46,50,242.00,"12,100.00"
2020-02-09,2020020901011438,UPPER,45,35,40,242.00,"9,680.00"
2020-02-09,2020020901011369,UPPER,45,13,"1,000",242.00,"242,000.00"
2020-02-09,2020020901011681,VLBS,33,45,10,"1,054.00","10,540.00"
2020-02-09,2020020901011642,VLBS,22,45,10,"1,054.00","10,540.00"
2020-02-09,2020020901011589,VLBS,34,46,66,"1,044.00","68,904.00"
2020-02-09,2020020901011296,VLBS,36,51,20,"1,045.00","20,900.00"
2020-02-09,2020020901011316,VLBS,34,58,100,"1,044.00","104,400.00"
2020-02-09,2020020901011315,VLBS,36,58,180,"1,045.00","188,100.00"
2020-02-09,2020020901011555,VLBS,33,58,20,"1,054.00","21,080.00"
2020-02-09,2020020901011554,VLBS,33,42,10,"1,054.00","10,540.00"
2020-02-09,2020020901011553,VLBS,33,51,20,"1,054.00","21,080.00"
2020-02-09,2020020901011720,WOMI,39,45,10,980.00,"9,800.00"
2020-02-09,2020020901011464,WOMI,49,45,50,980.00,"49,000.00"
2020-02-09,2020020901011463,WOMI,1,45,50,980.00,"49,000.00"
2020-02-09,2020020901011462,WOMI,26,45,20,980.00,"19,600.00"
2020-02-09,2020020901011461,WOMI,32,45,100,980.00,"98,000.00"
2020-02-09,2020020901011460,WOMI,41,45,50,980.00,"49,000.00"
2020-02-09,2020020901011459,WOMI,34,45,200,980.00,"196,000.00"
2020-02-09,2020020901011458,WOMI,14,45,200,981.00,"196,200.00"
2020-02-09,2020020901011457,WOMI,45,45,200,982.00,"196,400.00"
2020-02-09,2020020901010871,ADBL,14,36,54,381.00,"20,574.00"
2020-02-09,2020020901010904,AKPL,49,40,250,121.00,"30,250.00"
2020-02-09,2020020901010910,AKPL,8,40,"2,000",121.00,"242,000.00"
2020-02-09,2020020901010909,AKPL,17,40,200,121.00,"24,200.00"
2020-02-09,2020020901010908,AKPL,17,40,80,121.00,"9,680.00"
2020-02-09,2020020901010907,AKPL,49,40,"2,000",121.00,"242,000.00"
2020-02-09,2020020901010906,AKPL,6,40,50,121.00,"6,050.00"
2020-02-09,2020020901010905,AKPL,1,40,"2,000",121.00,"242,000.00"
2020-02-09,2020020901010952,AKPL,36,40,"2,000",122.00,"244,000.00"
2020-02-09,2020020901010912,AKPL,19,40,420,121.00,"50,820.00"
2020-02-09,2020020901010911,AKPL,38,40,"1,000",121.00,"121,000.00"
2020-02-09,2020020901011216,ALBSL,22,4,48,692.00,"33,216.00"
2020-02-09,2020020901011215,ALBSL,1,4,20,695.00,"13,900.00"
2020-02-09,2020020901011214,ALBSL,39,4,81,695.00,"56,295.00"
2020-02-09,2020020901011213,ALBSL,32,4,25,695.00,"17,375.00"
2020-02-09,2020020901011212,ALBSL,40,4,100,696.00,"69,600.00"
2020-02-09,2020020901011211,ALBSL,25,4,100,696.00,"69,600.00"
2020-02-09,2020020901011097,ALBSL,22,4,39,701.00,"27,339.00"
2020-02-09,2020020901011096,ALBSL,32,4,30,702.00,"21,060.00"
2020-02-09,2020020901010991,ALBSL,45,26,50,704.00,"35,200.00"
2020-02-09,2020020901011103,ALBSL,25,4,20,698.00,"13,960.00"
2020-02-09,2020020901011102,ALBSL,48,4,80,700.00,"56,000.00"
2020-02-09,2020020901011101,ALBSL,25,4,100,700.00,"70,000.00"
2020-02-09,2020020901011100,ALBSL,29,4,19,700.00,"13,300.00"
2020-02-09,2020020901011099,ALBSL,49,4,100,701.00,"70,100.00"
2020-02-09,2020020901011098,ALBSL,22,4,200,701.00,"140,200.00"
2020-02-09,2020020901011210,ALBSL,22,4,200,697.00,"139,400.00"
2020-02-09,2020020901011209,ALBSL,39,4,88,697.00,"61,336.00"
2020-02-09,2020020901011208,ALBSL,8,4,38,698.00,"26,524.00"
2020-02-09,2020020901011180,ALBSL,8,42,12,698.00,"8,376.00"
2020-02-09,2020020901011105,ALBSL,39,4,112,697.00,"78,064.00"
2020-02-09,2020020901011104,ALBSL,18,4,200,698.00,"139,600.00"
2020-02-09,2020020901011004,ALICL,52,45,82,560.00,"45,920.00"
2020-02-09,2020020901011220,API,33,13,200,125.00,"25,000.00"
2020-02-09,2020020901011057,API,33,47,100,125.00,"12,500.00"
2020-02-09,2020020901011036,API,25,40,500,126.00,"63,000.00"
2020-02-09,2020020901011005,BPCL,34,46,100,324.00,"32,400.00"
2020-02-09,2020020901010987,BPCL,33,46,100,324.00,"32,400.00"
2020-02-09,2020020901010842,BPCL,14,46,100,324.00,"32,400.00"
2020-02-09,2020020901011130,BPCL,47,46,25,324.00,"8,100.00"
2020-02-09,2020020901011008,CBBL,42,4,50,980.00,"49,000.00"
2020-02-09,2020020901010990,CBBL,45,41,100,984.00,"98,400.00"
2020-02-09,2020020901010810,CBBL,55,6,44,980.00,"43,120.00"
2020-02-09,2020020901010873,CBBL,16,48,56,980.00,"54,880.00"
2020-02-09,2020020901010867,CBBL,55,48,44,980.00,"43,120.00"
2020-02-09,2020020901010866,CBBL,55,6,56,980.00,"54,880.00"
2020-02-09,2020020901011150,CCBL,4,57,385,184.00,"70,840.00"
2020-02-09,2020020901010913,CCBL,4,44,10,184.00,"1,840.00"
2020-02-09,2020020901010795,CCBL,16,34,112,185.00,"20,720.00"
2020-02-09,2020020901010776,CCBL,16,25,388,185.00,"71,780.00"
2020-02-09,2020020901010775,CCBL,19,25,115,185.00,"21,275.00"
2020-02-09,2020020901010774,CCBL,44,25,997,185.00,"184,445.00"
2020-02-09,2020020901010734,CCBL,44,55,12,185.00,"2,220.00"
2020-02-09,2020020901011003,CHCL,36,29,10,427.00,"4,270.00"
2020-02-09,2020020901011002,CHCL,51,29,200,427.00,"85,400.00"
2020-02-09,2020020901011001,CHCL,37,29,10,427.00,"4,270.00"
2020-02-09,2020020901011223,CLBSL,16,6,27,989.00,"26,703.00"
2020-02-09,2020020901011222,CLBSL,38,6,73,990.00,"72,270.00"
2020-02-09,2020020901011108,CORBL,42,44,60,128.00,"7,680.00"
2020-02-09,2020020901011091,DDBL,25,45,25,808.00,"20,200.00"
2020-02-09,2020020901010998,DDBL,18,45,10,808.00,"8,080.00"
2020-02-09,2020020901010806,DDBL,45,45,200,808.00,"161,600.00"
2020-02-09,2020020901010805,DDBL,58,45,100,809.00,"80,900.00"
2020-02-09,2020020901010804,DDBL,44,45,50,809.00,"40,450.00"
2020-02-09,2020020901010803,DDBL,39,45,50,809.00,"40,450.00"
2020-02-09,2020020901010802,DDBL,22,45,50,809.00,"40,450.00"
2020-02-09,2020020901010801,DDBL,45,45,200,810.00,"162,000.00"
2020-02-09,2020020901010800,DDBL,6,45,100,810.00,"81,000.00"
2020-02-09,2020020901010879,EBL,11,6,156,630.00,"98,280.00"
2020-02-09,2020020901010948,EDBL,36,38,450,357.00,"160,650.00"
2020-02-09,2020020901010947,EDBL,52,38,30,358.00,"10,740.00"
2020-02-09,2020020901011207,EIC,45,36,110,440.00,"48,400.00"
2020-02-09,2020020901011206,EIC,45,18,190,440.00,"83,600.00"
2020-02-09,2020020901011205,EIC,45,18,10,440.00,"4,400.00"
2020-02-09,2020020901010977,EIC,52,58,143,439.00,"62,777.00"
2020-02-09,2020020901010758,EIC,57,58,310,437.00,"135,470.00"
2020-02-09,2020020901011158,FMDBL,19,36,25,448.00,"11,200.00"
2020-02-09,2020020901011157,FMDBL,49,36,100,448.00,"44,800.00"
2020-02-09,2020020901011156,FMDBL,6,36,111,448.00,"49,728.00"
2020-02-09,2020020901010946,FMDBL,6,4,181,448.00,"81,088.00"
2020-02-09,2020020901010897,FMDBL,26,57,"1,000",450.00,"450,000.00"
2020-02-09,2020020901010896,FMDBL,26,14,100,449.00,"44,900.00"
2020-02-09,2020020901010870,FMDBL,6,42,510,448.00,"228,480.00"
2020-02-09,2020020901011178,FOWAD,45,44,49,"1,400.00","68,600.00"
2020-02-09,2020020901010836,FOWAD,19,1,100,"1,402.00","140,200.00"
2020-02-09,2020020901011106,GBBL,16,39,309,240.00,"74,160.00"
2020-02-09,2020020901011168,GBIME,6,38,315,281.00,"88,515.00"
2020-02-09,2020020901011125,GBIME,6,40,100,281.00,"28,100.00"
2020-02-09,2020020901011090,GBIME,6,53,273,281.00,"76,713.00"
2020-02-09,2020020901011089,GBIME,52,53,100,281.00,"28,100.00"
2020-02-09,2020020901011052,GBIME,19,17,99,281.00,"27,819.00"
2020-02-09,2020020901011051,GBIME,8,17,30,281.00,"8,430.00"
2020-02-09,2020020901010736,GBIME,28,44,100,281.00,"28,100.00"
2020-02-09,2020020901011050,GBIME,49,17,871,281.00,"244,751.00"
2020-02-09,2020020901010986,GBIME,49,3,350,281.00,"98,350.00"
2020-02-09,2020020901010983,GBIME,49,56,479,281.00,"134,599.00"
2020-02-09,2020020901010982,GBIME,17,56,175,281.00,"49,175.00"
2020-02-09,2020020901010981,GBIME,28,56,346,281.00,"97,226.00"
2020-02-09,2020020901010814,GBIME,6,57,45,282.00,"12,690.00"
2020-02-09,2020020901011029,GFCL,48,52,50,151.00,"7,550.00"
2020-02-09,2020020901010899,GLBSL,22,48,90,676.00,"60,840.00"
2020-02-09,2020020901010838,GLBSL,34,45,10,679.00,"6,790.00"
2020-02-09,2020020901010846,GLICL,26,58,500,758.00,"379,000.00"
2020-02-09,2020020901010826,GLICL,7,50,85,754.00,"64,090.00"
2020-02-09,2020020901010825,GLICL,33,50,30,755.00,"22,650.00"
2020-02-09,2020020901010824,GLICL,58,50,250,755.00,"188,750.00"
2020-02-09,2020020901010823,GLICL,43,50,10,755.00,"7,550.00"
2020-02-09,2020020901010822,GLICL,32,50,200,755.00,"151,000.00"
2020-02-09,2020020901010821,GLICL,34,50,175,755.00,"132,125.00"
2020-02-09,2020020901010760,GLICL,34,42,300,755.00,"226,500.00"
2020-02-09,2020020901011176,GMFBS,28,33,278,825.00,"229,350.00"
2020-02-09,2020020901011109,GMFBS,19,33,50,826.00,"41,300.00"
2020-02-09,2020020901011015,GMFBS,1,33,50,827.00,"41,350.00"
2020-02-09,2020020901010777,GMFIL,1,28,200,131.00,"26,200.00"
2020-02-09,2020020901011143,GRDBL,17,45,200,129.00,"25,800.00"
2020-02-09,2020020901011181,GUFL,58,21,30,129.00,"3,870.00"
2020-02-09,2020020901010939,GUFL,39,44,790,128.00,"101,120.00"
2020-02-09,2020020901011194,HDL,34,34,245,"1,215.00","297,675.00"
2020-02-09,2020020901011087,HDL,26,34,50,"1,215.00","60,750.00"
2020-02-09,2020020901010815,HDL,55,7,150,"1,214.00","182,100.00"
2020-02-09,2020020901011010,HGI,29,48,200,401.00,"80,200.00"
2020-02-09,2020020901010833,HGI,48,5,50,403.00,"20,150.00"
2020-02-09,2020020901010950,HIDCL,1,44,14,138.00,"1,932.00"
2020-02-09,2020020901010872,HIDCL,1,6,31,138.00,"4,278.00"
2020-02-09,2020020901011056,JSLBB,45,44,26,"1,595.00","41,470.00"
2020-02-09,2020020901011055,JSLBB,45,54,20,"1,595.00","31,900.00"
2020-02-09,2020020901010738,KBL,34,59,292,194.00,"56,648.00"
2020-02-09,2020020901010756,KSBBL,13,13,29,159.00,"4,611.00"
2020-02-09,2020020901010755,KSBBL,13,36,100,159.00,"15,900.00"
2020-02-09,2020020901010773,LBL,13,36,100,219.00,"21,900.00"
2020-02-09,2020020901010772,LBL,50,36,200,219.00,"43,800.00"
2020-02-09,2020020901010771,LBL,55,36,100,219.00,"21,900.00"
2020-02-09,2020020901010770,LBL,55,36,130,219.00,"28,470.00"
2020-02-09,2020020901010769,LBL,48,36,970,219.00,"212,430.00"
2020-02-09,2020020901011225,LGIL,29,34,75,478.00,"35,850.00"
2020-02-09,2020020901010919,LGIL,26,34,136,478.00,"65,008.00"
2020-02-09,2020020901010874,LGIL,26,21,364,478.00,"173,992.00"
2020-02-09,2020020901010766,LGIL,11,40,49,477.00,"23,373.00"
2020-02-09,2020020901010765,LGIL,41,40,341,477.00,"162,657.00"
2020-02-09,2020020901010764,LGIL,1,40,10,478.00,"4,780.00"
2020-02-09,2020020901011204,LICN,25,4,25,"1,230.00","30,750.00"
2020-02-09,2020020901011203,LICN,25,44,75,"1,229.00","92,175.00"
2020-02-09,2020020901010733,LLBS,57,18,200,"1,004.00","200,800.00"
2020-02-09,2020020901010989,MBL,34,37,100,231.00,"23,100.00"
2020-02-09,2020020901011201,MEGA,42,51,10,203.00,"2,030.00"
2020-02-09,2020020901011200,MEGA,42,56,593,202.00,"119,786.00"
2020-02-09,2020020901011199,MEGA,42,52,235,202.00,"47,470.00"
2020-02-09,2020020901010938,MEGA,8,52,200,202.00,"40,400.00"
2020-02-09,2020020901010937,MEGA,22,52,565,202.00,"114,130.00"
2020-02-09,2020020901011192,MERO,48,48,21,643.00,"13,503.00"
2020-02-09,2020020901010954,MERO,38,25,262,640.00,"167,680.00"
2020-02-09,2020020901010953,MERO,14,25,30,641.00,"19,230.00"
2020-02-09,2020020901010785,MFIL,48,57,100,195.00,"19,500.00"
2020-02-09,2020020901010768,MLBL,38,45,50,211.00,"10,550.00"
2020-02-09,2020020901011141,MNBBL,26,41,96,318.00,"30,528.00"
2020-02-09,2020020901011140,MNBBL,26,42,204,318.00,"64,872.00"
2020-02-09,2020020901011110,MNBBL,55,42,500,318.00,"159,000.00"
2020-02-09,2020020901011144,NABIL,49,4,80,724.00,"57,920.00"
2020-02-09,2020020901011035,NABIL,56,4,10,724.00,"7,240.00"
2020-02-09,2020020901010925,NABIL,17,4,500,724.00,"362,000.00"
2020-02-09,2020020901010924,NABIL,17,6,100,723.00,"72,300.00"
2020-02-09,2020020901010923,NABIL,17,4,500,723.00,"361,500.00"
2020-02-09,2020020901011166,NBB,34,44,500,205.00,"102,500.00"
2020-02-09,2020020901011165,NBB,34,6,453,205.00,"92,865.00"
2020-02-09,2020020901011164,NBB,34,13,267,205.00,"54,735.00"
2020-02-09,2020020901011151,NBL,5,4,400,268.00,"107,200.00"
2020-02-09,2020020901011128,NBL,44,36,10,267.00,"2,670.00"
2020-02-09,2020020901011127,NBL,58,36,250,267.00,"66,750.00"
2020-02-09,2020020901011126,NBL,6,36,40,267.00,"10,680.00"
2020-02-09,2020020901011028,NBL,6,4,"2,000",267.00,"534,000.00"
2020-02-09,2020020901010914,NBL,6,43,400,267.00,"106,800.00"
2020-02-09,2020020901011092,NCCB,25,45,210,194.00,"40,740.00"
2020-02-09,2020020901010880,NGPL,6,43,500,115.00,"57,500.00"
2020-02-09,2020020901011196,NHPC,58,57,10,58.00,580.00
2020-02-09,2020020901010837,NIB,11,42,15,383.00,"5,745.00"
2020-02-09,2020020901010812,NIB,53,42,50,383.00,"19,150.00"
2020-02-09,2020020901010976,NIBPO,56,4,500,340.00,"170,000.00"
2020-02-09,2020020901010930,NIBPO,14,28,500,341.00,"170,500.00"
2020-02-09,2020020901010929,NIBPO,14,28,327,341.00,"111,507.00"
2020-02-09,2020020901010936,NIBPO,56,28,473,340.00,"160,820.00"
2020-02-09,2020020901010935,NIBPO,43,28,300,340.00,"102,000.00"
2020-02-09,2020020901010934,NIBPO,43,28,50,340.00,"17,000.00"
2020-02-09,2020020901010933,NIBPO,43,28,200,340.00,"68,000.00"
2020-02-09,2020020901010932,NIBPO,45,28,50,340.00,"17,000.00"
2020-02-09,2020020901010931,NIBPO,20,28,100,340.00,"34,000.00"
2020-02-09,2020020901010972,NICA,58,28,400,481.00,"192,400.00"
2020-02-09,2020020901010971,NICA,58,28,500,482.00,"241,000.00"
2020-02-09,2020020901010970,NICA,45,28,100,482.00,"48,200.00"
2020-02-09,2020020901010789,NICA,43,53,300,483.00,"144,900.00"
2020-02-09,2020020901010788,NICA,43,42,100,483.00,"48,300.00"
2020-02-09,2020020901011221,NICL,42,36,261,430.00,"112,230.00"
2020-02-09,2020020901011142,NICL,42,17,10,433.00,"4,330.00"
2020-02-09,2020020901011082,NICL,16,6,400,432.00,"172,800.00"
2020-02-09,2020020901011038,NICL,6,6,100,432.00,"43,200.00"
2020-02-09,2020020901010794,NICL,58,42,500,429.00,"214,500.00"
2020-02-09,2020020901010729,NICL,14,53,10,430.00,"4,300.00"
2020-02-09,2020020901010985,NICL,42,21,90,430.00,"38,700.00"
2020-02-09,2020020901010984,NICL,38,21,10,430.00,"4,300.00"
2020-02-09,2020020901010898,NICL,38,53,290,430.00,"124,700.00"
2020-02-09,2020020901011169,NIL,13,36,204,549.00,"111,996.00"
2020-02-09,2020020901011034,NIL,13,32,271,549.00,"148,779.00"
2020-02-09,2020020901011033,NIL,34,32,10,550.00,"5,500.00"
2020-02-09,2020020901011032,NIL,34,59,50,550.00,"27,500.00"
2020-02-09,2020020901011026,NIL,34,40,140,550.00,"77,000.00"
2020-02-09,2020020901010980,NIL,42,40,60,550.00,"33,000.00"
2020-02-09,2020020901010865,NIL,49,28,50,551.00,"27,550.00"
2020-02-09,2020020901010832,NIL,42,51,40,550.00,"22,000.00"
2020-02-09,2020020901010831,NIL,4,51,60,550.00,"33,000.00"
2020-02-09,2020020901010922,NLBBL,57,6,150,749.00,"112,350.00"
2020-02-09,2020020901010728,NLBBL,48,33,126,746.00,"93,996.00"
2020-02-09,2020020901010727,NLBBL,45,33,200,748.00,"149,600.00"
2020-02-09,2020020901011202,NLG,47,45,20,846.00,"16,920.00"
2020-02-09,2020020901011198,NLG,34,47,44,845.00,"37,180.00"
2020-02-09,2020020901011179,NLG,34,5,200,845.00,"169,000.00"
2020-02-09,2020020901011159,NLG,21,45,10,846.00,"8,460.00"
2020-02-09,2020020901011134,NLG,34,29,56,845.00,"47,320.00"
2020-02-09,2020020901011133,NLG,49,29,50,845.00,"42,250.00"
2020-02-09,2020020901010737,NLG,26,52,50,850.00,"42,500.00"
2020-02-09,2020020901011027,NLG,53,47,62,846.00,"52,452.00"
2020-02-09,2020020901010945,NLG,19,21,56,845.00,"47,320.00"
2020-02-09,2020020901010757,NLG,59,19,100,849.00,"84,900.00"
2020-02-09,2020020901011132,NLG,56,29,10,845.00,"8,450.00"
2020-02-09,2020020901011131,NLG,19,29,24,845.00,"20,280.00"
2020-02-09,2020020901011111,NLG,45,45,50,846.00,"42,300.00"
2020-02-09,2020020901011031,NLG,19,57,120,845.00,"101,400.00"
2020-02-09,2020020901011030,NLG,53,57,38,846.00,"32,148.00"
2020-02-09,2020020901011195,NLIC,6,54,50,"1,115.00","55,750.00"
2020-02-09,2020020901011177,NLIC,51,56,45,"1,114.00","50,130.00"
2020-02-09,2020020901011081,NLIC,51,41,193,"1,114.00","215,002.00"
2020-02-09,2020020901011080,NLIC,6,41,89,"1,114.00","99,146.00"
2020-02-09,2020020901011037,NLIC,6,45,100,"1,114.00","111,400.00"
2020-02-09,2020020901010988,NLIC,6,58,411,"1,114.00","457,854.00"
2020-02-09,2020020901010891,NLIC,52,58,50,"1,114.00","55,700.00"
2020-02-09,2020020901010881,NLIC,51,29,50,"1,113.00","55,650.00"
2020-02-09,2020020901010829,NLIC,45,52,18,"1,112.00","20,016.00"
2020-02-09,2020020901010808,NLIC,45,45,72,"1,112.00","80,064.00"
2020-02-09,2020020901010807,NLIC,20,45,100,"1,112.00","111,200.00"
2020-02-09,2020020901010996,NLICL,37,43,50,640.00,"32,000.00"
2020-02-09,2020020901011193,NMB,52,59,23,368.00,"8,464.00"
2020-02-09,2020020901011189,NMB,52,1,27,368.00,"9,936.00"
2020-02-09,2020020901011188,NMB,52,19,250,368.00,"92,000.00"
2020-02-09,2020020901011163,NMB,39,19,300,368.00,"110,400.00"
2020-02-09,2020020901011152,NMB,29,33,100,367.00,"36,700.00"
2020-02-09,2020020901011016,NMB,29,21,10,367.00,"3,670.00"
2020-02-09,2020020901010854,NMB,35,34,500,368.00,"184,000.00"
2020-02-09,2020020901010853,NMB,35,11,40,368.00,"14,720.00"
2020-02-09,2020020901010852,NMB,35,45,653,368.00,"240,304.00"
2020-02-09,2020020901011000,NMB,49,19,300,368.00,"110,400.00"
2020-02-09,2020020901010999,NMB,49,19,400,368.00,"147,200.00"
2020-02-09,2020020901010969,NMB,16,35,100,369.00,"36,900.00"
2020-02-09,2020020901010857,NMB,35,46,100,368.00,"36,800.00"
2020-02-09,2020020901010856,NMB,35,36,368,368.00,"135,424.00"
2020-02-09,2020020901010855,NMB,35,45,50,368.00,"18,400.00"
2020-02-09,2020020901010967,NTC,34,58,10,620.00,"6,200.00"
2020-02-09,2020020901011218,OHL,34,26,110,489.00,"53,790.00"
2020-02-09,2020020901011217,OHL,45,26,20,490.00,"9,800.00"
2020-02-09,2020020901010799,OHL,52,34,100,489.00,"48,900.00"
2020-02-09,2020020901010798,OHL,58,34,200,490.00,"98,000.00"
2020-02-09,2020020901010797,OHL,59,34,100,490.00,"49,000.00"
2020-02-09,2020020901010796,OHL,48,34,95,490.00,"46,550.00"
2020-02-09,2020020901010868,OHL,34,34,105,489.00,"51,345.00"
2020-02-09,2020020901010900,PCBL,34,46,200,277.00,"55,400.00"
2020-02-09,2020020901010864,PCBL,45,20,"1,400",275.00,"385,000.00"
2020-02-09,2020020901011183,PIC,42,57,50,548.00,"27,400.00"
2020-02-09,2020020901011073,PIC,45,42,120,545.00,"65,400.00"
2020-02-09,2020020901011072,PIC,1,42,100,546.00,"54,600.00"
2020-02-09,2020020901011071,PIC,13,42,80,546.00,"43,680.00"
2020-02-09,2020020901010943,PIC,25,57,23,550.00,"12,650.00"
2020-02-09,2020020901010942,PIC,25,25,110,550.00,"60,500.00"
2020-02-09,2020020901010941,PIC,25,35,120,550.00,"66,000.00"
2020-02-09,2020020901010940,PIC,25,43,47,549.00,"25,803.00"
2020-02-09,2020020901010869,PIC,13,42,20,546.00,"10,920.00"
2020-02-09,2020020901011226,PICL,41,28,60,693.00,"41,580.00"
2020-02-09,2020020901011148,PICL,25,28,30,691.00,"20,730.00"
2020-02-09,2020020901011147,PICL,53,28,100,693.00,"69,300.00"
2020-02-09,2020020901011124,PICL,19,6,100,694.00,"69,400.00"
2020-02-09,2020020901011123,PICL,19,33,200,693.00,"138,600.00"
2020-02-09,2020020901011079,PICL,25,40,20,691.00,"13,820.00"
2020-02-09,2020020901010916,PICL,33,49,20,691.00,"13,820.00"
2020-02-09,2020020901010851,PICL,53,49,50,690.00,"34,500.00"
2020-02-09,2020020901010850,PICL,19,49,50,691.00,"34,550.00"
2020-02-09,2020020901010828,PICL,58,13,100,693.00,"69,300.00"
2020-02-09,2020020901010759,PICL,7,13,140,694.00,"97,160.00"
2020-02-09,2020020901010958,PICL,55,6,130,694.00,"90,220.00"
2020-02-09,2020020901010957,PICL,55,13,300,694.00,"208,200.00"
2020-02-09,2020020901010956,PICL,55,48,70,693.00,"48,510.00"
2020-02-09,2020020901010951,PICL,42,45,50,690.00,"34,500.00"
2020-02-09,2020020901010918,PICL,42,49,33,690.00,"22,770.00"
2020-02-09,2020020901010917,PICL,53,49,97,690.00,"66,930.00"
2020-02-09,2020020901011078,PICL,1,40,30,691.00,"20,730.00"
2020-02-09,2020020901011077,PICL,35,40,50,693.00,"34,650.00"
2020-02-09,2020020901011024,PICL,1,36,120,691.00,"82,920.00"
2020-02-09,2020020901011023,PICL,19,36,80,693.00,"55,440.00"
2020-02-09,2020020901011013,PICL,19,5,122,693.00,"84,546.00"
2020-02-09,2020020901011012,PICL,17,5,80,693.00,"55,440.00"
2020-02-09,2020020901011048,PLIC,57,28,150,558.00,"83,700.00"
2020-02-09,2020020901011014,PLIC,38,25,200,560.00,"112,000.00"
2020-02-09,2020020901010811,PLIC,57,25,10,558.00,"5,580.00"
2020-02-09,2020020901010747,PLIC,25,25,100,558.00,"55,800.00"
2020-02-09,2020020901010746,PLIC,32,25,100,559.00,"55,900.00"
2020-02-09,2020020901010745,PLIC,45,25,90,559.00,"50,310.00"
2020-02-09,2020020901010744,PLIC,41,34,200,568.00,"113,600.00"
2020-02-09,2020020901010743,PLIC,41,47,100,568.00,"56,800.00"
2020-02-09,2020020901010742,PLIC,41,50,200,567.00,"113,400.00"
2020-02-09,2020020901010741,PLIC,41,25,500,567.00,"283,500.00"
2020-02-09,2020020901011054,PPCL,21,56,30,125.00,"3,750.00"
2020-02-09,2020020901011053,PPCL,21,43,30,125.00,"3,750.00"
2020-02-09,2020020901011009,PRIN,16,26,270,429.00,"115,830.00"
2020-02-09,2020020901010740,PRIN,42,26,30,429.00,"12,870.00"
2020-02-09,2020020901010739,PRIN,42,55,100,429.00,"42,900.00"
2020-02-09,2020020901011185,PRVU,4,29,323,244.00,"78,812.00"
2020-02-09,2020020901011184,PRVU,43,29,677,244.00,"165,188.00"
2020-02-09,2020020901011154,PRVU,58,57,43,245.00,"10,535.00"
2020-02-09,2020020901011153,PRVU,58,57,48,245.00,"11,760.00"
2020-02-09,2020020901011129,PRVU,43,6,72,244.00,"17,568.00"
2020-02-09,2020020901010975,PRVU,43,39,251,244.00,"61,244.00"
2020-02-09,2020020901010974,PRVU,32,39,149,244.00,"36,356.00"
2020-02-09,2020020901010895,PRVU,32,52,100,244.00,"24,400.00"
2020-02-09,2020020901010839,PRVU,32,4,"3,533",244.00,"862,052.00"
2020-02-09,2020020901011069,RHPC,46,5,280,78.00,"21,840.00"
2020-02-09,2020020901011068,RHPC,3,5,200,78.00,"15,600.00"
2020-02-09,2020020901011067,RHPC,38,5,400,78.00,"31,200.00"
2020-02-09,2020020901011066,RHPC,25,5,"1,000",78.00,"78,000.00"
2020-02-09,2020020901011065,RHPC,41,5,100,78.00,"7,800.00"
2020-02-09,2020020901011064,RHPC,40,5,100,78.00,"7,800.00"
2020-02-09,2020020901011063,RHPC,56,5,100,78.00,"7,800.00"
2020-02-09,2020020901011062,RHPC,14,5,100,78.00,"7,800.00"
2020-02-09,2020020901011061,RHPC,35,5,20,78.00,"1,560.00"
2020-02-09,2020020901011060,RHPC,50,5,"1,000",78.00,"78,000.00"
2020-02-09,2020020901011059,RHPC,41,5,500,78.00,"39,000.00"
2020-02-09,2020020901011058,RHPC,59,5,100,78.00,"7,800.00"
2020-02-09,2020020901010944,RHPL,17,26,40,168.00,"6,720.00"
2020-02-09,2020020901010827,RHPL,17,26,40,168.00,"6,720.00"
2020-02-09,2020020901011007,RSDC,58,6,10,460.00,"4,600.00"
2020-02-09,2020020901010878,RSDC,42,6,20,461.00,"9,220.00"
2020-02-09,2020020901010877,RSDC,39,6,50,461.00,"23,050.00"
2020-02-09,2020020901010876,RSDC,56,6,120,461.00,"55,320.00"
2020-02-09,2020020901011162,SABSL,26,35,60,860.00,"51,600.00"
2020-02-09,2020020901011138,SADBL,39,4,250,155.00,"38,750.00"
2020-02-09,2020020901011137,SADBL,21,4,"1,000",155.00,"155,000.00"
2020-02-09,2020020901011136,SADBL,16,4,500,156.00,"78,000.00"
2020-02-09,2020020901011135,SADBL,57,4,100,156.00,"15,600.00"
2020-02-09,2020020901011161,SANIMA,35,50,50,341.00,"17,050.00"
2020-02-09,2020020901011122,SANIMA,52,50,500,341.00,"170,500.00"
2020-02-09,2020020901011121,SANIMA,55,50,30,341.00,"10,230.00"
2020-02-09,2020020901011120,SANIMA,38,50,100,341.00,"34,100.00"
2020-02-09,2020020901011119,SANIMA,4,50,500,341.00,"170,500.00"
2020-02-09,2020020901011118,SANIMA,51,50,"1,000",341.00,"341,000.00"
2020-02-09,2020020901011042,SANIMA,14,37,135,342.00,"46,170.00"
2020-02-09,2020020901011117,SANIMA,42,50,863,342.00,"295,146.00"
2020-02-09,2020020901011047,SANIMA,42,37,"1,137",342.00,"388,854.00"
2020-02-09,2020020901011046,SANIMA,37,37,170,342.00,"58,140.00"
2020-02-09,2020020901011045,SANIMA,36,37,48,342.00,"16,416.00"
2020-02-09,2020020901011044,SANIMA,55,37,10,342.00,"3,420.00"
2020-02-09,2020020901011043,SANIMA,57,37,500,342.00,"171,000.00"
2020-02-09,2020020901011182,SBI,50,45,40,408.00,"16,320.00"
2020-02-09,2020020901010902,SBI,57,50,250,409.00,"102,250.00"
2020-02-09,2020020901010787,SCB,57,16,140,607.00,"84,980.00"
2020-02-09,2020020901010786,SCB,47,16,160,607.00,"97,120.00"
2020-02-09,2020020901010915,SDESI,49,1,62,836.00,"51,832.00"
2020-02-09,2020020901010968,SFCL,49,57,500,110.00,"55,000.00"
2020-02-09,2020020901010835,SHINE,56,4,250,276.00,"69,000.00"
2020-02-09,2020020901010754,SHINE,51,28,500,276.00,"138,000.00"
2020-02-09,2020020901010753,SHINE,58,28,500,276.00,"138,000.00"
2020-02-09,2020020901011219,SHIVM,53,35,110,521.00,"57,310.00"
2020-02-09,2020020901011197,SHIVM,53,35,200,521.00,"104,200.00"
2020-02-09,2020020901011175,SHIVM,53,4,50,521.00,"26,050.00"
2020-02-09,2020020901011174,SHIVM,53,50,100,521.00,"52,100.00"
2020-02-09,2020020901011173,SHIVM,53,4,50,521.00,"26,050.00"
2020-02-09,2020020901011172,SHIVM,53,21,190,521.00,"98,990.00"
2020-02-09,2020020901010735,SHIVM,16,40,100,515.00,"51,500.00"
2020-02-09,2020020901010732,SHIVM,39,40,360,515.00,"185,400.00"
2020-02-09,2020020901010731,SHIVM,39,6,50,515.00,"25,750.00"
2020-02-09,2020020901010730,SHIVM,39,44,90,515.00,"46,350.00"
2020-02-09,2020020901010819,SHIVM,39,37,500,516.00,"258,000.00"
2020-02-09,2020020901010818,SHIVM,39,45,100,516.00,"51,600.00"
2020-02-09,2020020901010817,SHIVM,39,56,45,516.00,"23,220.00"
2020-02-09,2020020901010816,SHIVM,39,56,20,516.00,"10,320.00"
2020-02-09,2020020901010763,SHIVM,16,34,100,515.00,"51,500.00"
2020-02-09,2020020901010762,SHIVM,16,40,40,515.00,"20,600.00"
2020-02-09,2020020901010921,SHIVM,39,39,200,517.00,"103,400.00"
2020-02-09,2020020901010920,SHIVM,39,3,100,517.00,"51,700.00"
2020-02-09,2020020901010893,SHIVM,39,6,800,516.00,"412,800.00"
2020-02-09,2020020901010892,SHIVM,39,57,150,516.00,"77,400.00"
2020-02-09,2020020901010849,SHIVM,48,49,500,516.00,"258,000.00"
2020-02-09,2020020901010820,SHIVM,39,19,200,516.00,"103,200.00"
2020-02-09,2020020901011018,SHIVM,38,41,100,520.00,"52,000.00"
2020-02-09,2020020901011017,SHIVM,38,34,300,520.00,"156,000.00"
2020-02-09,2020020901010979,SHIVM,14,49,50,518.00,"25,900.00"
2020-02-09,2020020901010978,SHIVM,14,45,400,518.00,"207,200.00"
2020-02-09,2020020901010973,SHIVM,44,45,100,518.00,"51,800.00"
2020-02-09,2020020901010966,SHIVM,33,45,500,518.00,"259,000.00"
2020-02-09,2020020901011074,SHIVM,49,21,10,518.00,"5,180.00"
2020-02-09,2020020901011025,SHIVM,35,57,10,520.00,"5,200.00"
2020-02-09,2020020901011022,SHIVM,38,39,20,520.00,"10,400.00"
2020-02-09,2020020901011021,SHIVM,38,28,100,520.00,"52,000.00"
2020-02-09,2020020901011020,SHIVM,38,58,100,520.00,"52,000.00"
2020-02-09,2020020901011019,SHIVM,38,25,60,520.00,"31,200.00"
2020-02-09,2020020901011171,SHIVM,53,38,100,520.00,"52,000.00"
2020-02-09,2020020901011139,SHIVM,35,21,10,521.00,"5,210.00"
2020-02-09,2020020901011116,SHIVM,49,6,100,518.00,"51,800.00"
2020-02-09,2020020901011107,SHIVM,49,26,100,518.00,"51,800.00"
2020-02-09,2020020901011095,SHIVM,52,50,200,520.00,"104,000.00"
2020-02-09,2020020901011094,SHIVM,52,57,190,520.00,"98,800.00"
2020-02-09,2020020901010949,SHL,42,56,"3,308",196.00,"648,368.00"
2020-02-09,2020020901010863,SHPC,3,38,200,211.00,"42,200.00"
2020-02-09,2020020901010862,SHPC,44,38,230,211.00,"48,530.00"
2020-02-09,2020020901011070,SIC,45,37,50,721.00,"36,050.00"
2020-02-09,2020020901010845,SIC,44,37,100,721.00,"72,100.00"
2020-02-09,2020020901010844,SIC,45,37,100,721.00,"72,100.00"
2020-02-09,2020020901010843,SIC,44,37,42,721.00,"30,282.00"
2020-02-09,2020020901010793,SIC,44,37,58,721.00,"41,818.00"
2020-02-09,2020020901010792,SIC,39,37,32,721.00,"23,072.00"
2020-02-09,2020020901010791,SIC,28,37,10,721.00,"7,210.00"
2020-02-09,2020020901010790,SIC,25,37,100,722.00,"72,200.00"
2020-02-09,2020020901011115,SICL,34,56,73,"1,115.00","81,395.00"
2020-02-09,2020020901011114,SICL,51,56,20,"1,115.00","22,300.00"
2020-02-09,2020020901011113,SICL,58,56,200,"1,116.00","223,200.00"
2020-02-09,2020020901011112,SICL,3,56,57,"1,116.00","63,612.00"
2020-02-09,2020020901011084,SICL,38,37,143,"1,120.00","160,160.00"
2020-02-09,2020020901011083,SICL,38,41,57,"1,120.00","63,840.00"
2020-02-09,2020020901010848,SICL,3,44,50,"1,116.00","55,800.00"
2020-02-09,2020020901010847,SICL,55,44,50,"1,116.00","55,800.00"
2020-02-09,2020020901010955,SIL,5,5,100,573.00,"57,300.00"
2020-02-09,2020020901011187,SKBBL,19,52,35,975.00,"34,125.00"
2020-02-09,2020020901011186,SKBBL,19,14,36,975.00,"35,100.00"
2020-02-09,2020020901011049,SKBBL,44,45,40,974.00,"38,960.00"
2020-02-09,2020020901010861,SKBBL,19,52,15,975.00,"14,625.00"
2020-02-09,2020020901010860,SKBBL,19,10,25,975.00,"24,375.00"
2020-02-09,2020020901011155,SLBBL,44,42,200,820.00,"164,000.00"
2020-02-09,2020020901011086,SLBBL,44,41,50,820.00,"41,000.00"
2020-02-09,2020020901011085,SLBBL,46,41,50,820.00,"41,000.00"
2020-02-09,2020020901011006,SLBBL,50,44,100,822.00,"82,200.00"
2020-02-09,2020020901010894,SLBBL,34,44,210,821.00,"172,410.00"
2020-02-09,2020020901010858,SLBBL,48,44,15,825.00,"12,375.00"
2020-02-09,2020020901010809,SLBBL,48,49,35,825.00,"28,875.00"
2020-02-09,2020020901011224,SLICL,50,4,100,450.00,"45,000.00"
2020-02-09,2020020901011167,SLICL,53,4,378,450.00,"170,100.00"
2020-02-09,2020020901011146,SLICL,38,4,500,450.00,"225,000.00"
2020-02-09,2020020901011145,SLICL,38,44,500,449.00,"224,500.00"
2020-02-09,2020020901011075,SLICL,59,4,10,450.00,"4,500.00"
2020-02-09,2020020901010780,SLICL,1,6,200,447.00,"89,400.00"
2020-02-09,2020020901010779,SLICL,25,6,100,447.00,"44,700.00"
2020-02-09,2020020901010778,SLICL,43,6,110,447.00,"49,170.00"
2020-02-09,2020020901010750,SLICL,1,52,100,448.00,"44,800.00"
2020-02-09,2020020901010749,SLICL,38,52,100,448.00,"44,800.00"
2020-02-09,2020020901010748,SLICL,48,52,30,448.00,"13,440.00"
2020-02-09,2020020901010834,SLICL,11,52,100,448.00,"44,800.00"
2020-02-09,2020020901010813,SLICL,28,52,100,448.00,"44,800.00"
2020-02-09,2020020901010784,SLICL,38,6,120,446.00,"53,520.00"
2020-02-09,2020020901010783,SLICL,56,6,"1,000",446.00,"446,000.00"
2020-02-09,2020020901010782,SLICL,22,6,200,447.00,"89,400.00"
2020-02-09,2020020901010781,SLICL,29,6,100,447.00,"44,700.00"
2020-02-09,2020020901010887,SLICL,21,28,80,445.00,"35,600.00"
2020-02-09,2020020901010886,SLICL,34,28,50,445.00,"22,250.00"
2020-02-09,2020020901010885,SLICL,57,28,20,445.00,"8,900.00"
2020-02-09,2020020901010884,SLICL,34,28,100,446.00,"44,600.00"
2020-02-09,2020020901010883,SLICL,32,28,40,446.00,"17,840.00"
2020-02-09,2020020901010882,SLICL,38,28,80,446.00,"35,680.00"
2020-02-09,2020020901010903,SLICL,5,52,70,448.00,"31,360.00"
2020-02-09,2020020901010890,SLICL,1,28,480,444.00,"213,120.00"
2020-02-09,2020020901010889,SLICL,45,28,100,445.00,"44,500.00"
2020-02-09,2020020901010888,SLICL,28,28,50,445.00,"22,250.00"
2020-02-09,2020020901010997,SMATA,57,28,74,713.00,"52,762.00"
2020-02-09,2020020901010965,SMATA,41,28,356,714.00,"254,184.00"
2020-02-09,2020020901010964,SMATA,46,28,150,715.00,"107,250.00"
2020-02-09,2020020901010963,SMATA,55,28,10,715.00,"7,150.00"
2020-02-09,2020020901010962,SMATA,26,28,50,716.00,"35,800.00"
2020-02-09,2020020901010961,SMATA,41,28,100,717.00,"71,700.00"
2020-02-09,2020020901010960,SMATA,51,28,20,720.00,"14,400.00"
2020-02-09,2020020901010959,SMATA,17,28,90,720.00,"64,800.00"
2020-02-09,2020020901011191,SMB,19,18,180,"1,014.00","182,520.00"
2020-02-09,2020020901011190,SMB,19,50,20,"1,012.00","20,240.00"
2020-02-09,2020020901011170,SMB,8,50,50,"1,012.00","50,600.00"
2020-02-09,2020020901011149,SMB,28,50,100,"1,013.00","101,300.00"
2020-02-09,2020020901011041,SMB,34,18,500,"1,014.00","507,000.00"
2020-02-09,2020020901011040,SMB,34,18,200,"1,014.00","202,800.00"
2020-02-09,2020020901011039,SMB,26,18,68,"1,015.00","69,020.00"
2020-02-09,2020020901010995,SMB,26,42,32,"1,015.00","32,480.00"
2020-02-09,2020020901010994,SMB,7,42,55,"1,015.00","55,825.00"
2020-02-09,2020020901010993,SMB,19,42,100,"1,015.00","101,500.00"
2020-02-09,2020020901010992,SMB,38,42,100,"1,018.00","101,800.00"
2020-02-09,2020020901010875,SPARS,25,17,45,840.00,"37,800.00"
2020-02-09,2020020901010859,SPARS,25,50,255,835.00,"212,925.00"
2020-02-09,2020020901011160,SWBBL,44,29,50,"1,121.00","56,050.00"
2020-02-09,2020020901010840,SWBBL,57,7,100,"1,121.00","112,100.00"
2020-02-09,2020020901010830,SWBBL,57,7,400,"1,121.00","448,400.00"
2020-02-09,2020020901011076,TMDBL,44,4,100,184.00,"18,400.00"
2020-02-09,2020020901011088,TRH,36,50,320,295.00,"94,400.00"
2020-02-09,2020020901011093,UIC,13,22,50,415.00,"20,750.00"
2020-02-09,2020020901011011,UIC,45,22,100,415.00,"41,500.00"
2020-02-09,2020020901010901,UIC,35,22,90,415.00,"37,350.00"
2020-02-09,2020020901010928,UNHPL,46,38,100,58.00,"5,800.00"
2020-02-09,2020020901010927,UNHPL,46,17,50,57.00,"2,850.00"
2020-02-09,2020020901010926,UNHPL,46,38,60,57.00,"3,420.00"
2020-02-09,2020020901010761,UPPER,1,41,40,239.00,"9,560.00"
2020-02-09,2020020901010752,UPPER,25,22,460,240.00,"110,400.00"
2020-02-09,2020020901010751,UPPER,25,17,40,240.00,"9,600.00"
2020-02-09,2020020901010841,WOMI,45,25,30,983.00,"29,490.00"
2020-02-09,2020020901010767,WOMI,45,29,50,985.00,"49,250.00"
2020-02-09,2020020901010521,ADBL,19,36,76,381.00,"28,956.00"
2020-02-09,2020020901010700,AKPL,49,40,250,121.00,"30,250.00"
2020-02-09,2020020901010699,AKPL,1,40,100,121.00,"12,100.00"
2020-02-09,2020020901010698,AKPL,40,40,500,121.00,"60,500.00"
2020-02-09,2020020901010697,AKPL,49,40,300,121.00,"36,300.00"
2020-02-09,2020020901010696,AKPL,51,40,500,121.00,"60,500.00"
2020-02-09,2020020901010695,AKPL,58,40,"2,000",121.00,"242,000.00"
2020-02-09,2020020901010694,AKPL,32,40,500,121.00,"60,500.00"
2020-02-09,2020020901010693,AKPL,46,40,500,121.00,"60,500.00"
2020-02-09,2020020901010692,AKPL,45,40,"3,000",121.00,"363,000.00"
2020-02-09,2020020901010691,AKPL,19,40,"1,000",121.00,"121,000.00"
2020-02-09,2020020901010690,AKPL,45,40,"1,350",121.00,"163,350.00"
2020-02-09,2020020901010229,ALBSL,29,38,11,700.00,"7,700.00"
2020-02-09,2020020901010407,ALBSL,22,32,11,701.00,"7,711.00"
2020-02-09,2020020901010721,ALICL,57,38,40,560.00,"22,400.00"
2020-02-09,2020020901010720,ALICL,57,21,10,560.00,"5,600.00"
2020-02-09,2020020901010719,ALICL,57,56,250,560.00,"140,000.00"
2020-02-09,2020020901010630,ALICL,43,34,"1,000",558.00,"558,000.00"
2020-02-09,2020020901010409,ALICL,52,5,100,558.00,"55,800.00"
2020-02-09,2020020901010314,ALICL,38,43,100,557.00,"55,700.00"
2020-02-09,2020020901010635,API,42,33,100,124.00,"12,400.00"
2020-02-09,2020020901010590,API,25,40,122,126.00,"15,372.00"
2020-02-09,2020020901010589,API,25,11,50,125.00,"6,250.00"
2020-02-09,2020020901010235,API,25,32,616,125.00,"77,000.00"
2020-02-09,2020020901010588,API,25,49,328,125.00,"41,000.00"
2020-02-09,2020020901010248,API,25,49,"1,172",125.00,"146,500.00"
2020-02-09,2020020901010247,API,25,35,200,125.00,"25,000.00"
2020-02-09,2020020901010246,API,25,29,628,125.00,"78,500.00"
2020-02-09,2020020901010236,API,25,29,372,125.00,"46,500.00"
2020-02-09,2020020901010293,BFC,42,49,340,100.00,"34,000.00"
2020-02-09,2020020901010292,BFC,38,49,"2,000",100.00,"200,000.00"
2020-02-09,2020020901010291,BFC,59,49,60,100.00,"6,000.00"
2020-02-09,2020020901010290,BFC,8,49,500,100.00,"50,000.00"
2020-02-09,2020020901010289,BFC,38,49,100,101.00,"10,100.00"
2020-02-09,2020020901010288,BFC,38,49,"2,000",101.00,"202,000.00"
2020-02-09,2020020901010444,BOKL,34,46,161,229.00,"36,869.00"
2020-02-09,2020020901010383,BOKL,19,46,100,229.00,"22,900.00"
2020-02-09,2020020901010382,BOKL,59,46,200,229.00,"45,800.00"
2020-02-09,2020020901010381,BOKL,19,46,39,229.00,"8,931.00"
2020-02-09,2020020901010307,BOKL,19,6,350,229.00,"80,150.00"
2020-02-09,2020020901010306,BOKL,13,6,100,230.00,"23,000.00"
2020-02-09,2020020901010271,BPCL,29,41,55,324.00,"17,820.00"
2020-02-09,2020020901010448,BPCL,35,46,30,324.00,"9,720.00"
2020-02-09,2020020901010363,BPCL,29,46,145,324.00,"46,980.00"
2020-02-09,2020020901010468,BPCL,46,16,98,323.00,"31,654.00"
2020-02-09,2020020901010467,BPCL,13,16,50,323.00,"16,150.00"
2020-02-09,2020020901010466,BPCL,8,16,352,323.00,"113,696.00"
2020-02-09,2020020901010711,CBL,32,22,50,152.00,"7,600.00"
2020-02-09,2020020901010669,CBL,57,4,500,153.00,"76,500.00"
2020-02-09,2020020901010546,CBL,32,25,27,152.00,"4,104.00"
2020-02-09,2020020901010353,CBL,32,41,50,152.00,"7,600.00"
2020-02-09,2020020901010262,CBL,17,25,100,153.00,"15,300.00"
2020-02-09,2020020901010671,CCBL,56,56,10,186.00,"1,860.00"
2020-02-09,2020020901010603,CCBL,44,45,977,185.00,"180,745.00"
2020-02-09,2020020901010351,CCBL,44,36,14,185.00,"2,590.00"
2020-02-09,2020020901010350,CCBL,4,36,33,185.00,"6,105.00"
2020-02-09,2020020901010599,CIT,16,17,12,"2,422.00","29,064.00"
2020-02-09,2020020901010447,CIT,45,28,42,"2,421.00","101,682.00"
2020-02-09,2020020901010339,CIT,44,28,200,"2,421.00","484,200.00"
2020-02-09,2020020901010338,CIT,22,28,100,"2,422.00","242,200.00"
2020-02-09,2020020901010337,CIT,55,28,100,"2,422.00","242,200.00"
2020-02-09,2020020901010336,CIT,7,28,18,"2,422.00","43,596.00"
2020-02-09,2020020901010335,CIT,22,28,20,"2,423.00","48,460.00"
2020-02-09,2020020901010334,CIT,39,28,20,"2,423.00","48,460.00"
2020-02-09,2020020901010598,CLBSL,38,49,10,990.00,"9,900.00"
2020-02-09,2020020901010681,CORBL,42,58,"2,020",130.00,"262,600.00"
2020-02-09,2020020901010341,CORBL,42,58,940,130.00,"122,200.00"
2020-02-09,2020020901010340,CORBL,57,58,50,131.00,"6,550.00"
2020-02-09,2020020901010505,CZBIL,45,36,67,195.00,"13,065.00"
2020-02-09,2020020901010504,CZBIL,49,36,33,195.00,"6,435.00"
2020-02-09,2020020901010707,EIC,57,33,30,437.00,"13,110.00"
2020-02-09,2020020901010706,EIC,52,33,20,438.00,"8,760.00"
2020-02-09,2020020901010677,EIC,35,18,100,440.00,"44,000.00"
2020-02-09,2020020901010618,EIC,56,18,200,440.00,"88,000.00"
2020-02-09,2020020901010617,EIC,56,21,300,439.00,"131,700.00"
2020-02-09,2020020901010543,EIC,57,47,160,437.00,"69,920.00"
2020-02-09,2020020901010542,EIC,25,47,50,437.00,"21,850.00"
2020-02-09,2020020901010541,EIC,29,47,40,437.00,"17,480.00"
2020-02-09,2020020901010506,EIC,45,51,500,438.00,"219,000.00"
2020-02-09,2020020901010486,FMDBL,6,17,17,448.00,"7,616.00"
2020-02-09,2020020901010342,FMDBL,6,44,500,448.00,"224,000.00"
2020-02-09,2020020901010634,GBBL,49,19,114,240.00,"27,360.00"
2020-02-09,2020020901010633,GBBL,49,48,64,240.00,"15,360.00"
2020-02-09,2020020901010632,GBBL,49,21,72,240.00,"17,280.00"
2020-02-09,2020020901010479,GBBL,49,17,500,239.00,"119,500.00"
2020-02-09,2020020901010514,GBIME,28,55,11,281.00,"3,091.00"
2020-02-09,2020020901010455,GBIME,28,34,43,281.00,"12,083.00"
2020-02-09,2020020901010436,GBIME,43,34,400,281.00,"112,400.00"
2020-02-09,2020020901010433,GBIME,14,34,50,281.00,"14,050.00"
2020-02-09,2020020901010414,GBIME,19,34,507,281.00,"142,467.00"
2020-02-09,2020020901010413,GBIME,19,50,100,281.00,"28,100.00"
2020-02-09,2020020901010412,GBIME,19,36,"1,000",281.00,"281,000.00"
2020-02-09,2020020901010411,GBIME,19,52,200,281.00,"56,200.00"
2020-02-09,2020020901010410,GBIME,19,19,193,281.00,"54,233.00"
2020-02-09,2020020901010551,GBLBS,36,45,85,462.00,"39,270.00"
2020-02-09,2020020901010550,GBLBS,28,45,250,462.00,"115,500.00"
2020-02-09,2020020901010549,GBLBS,48,45,100,463.00,"46,300.00"
2020-02-09,2020020901010512,GBLBS,28,18,450,462.00,"207,900.00"
2020-02-09,2020020901010511,GBLBS,42,18,50,462.00,"23,100.00"
2020-02-09,2020020901010367,GBLBS,46,19,135,461.00,"62,235.00"
2020-02-09,2020020901010366,GBLBS,28,19,500,461.00,"230,500.00"
2020-02-09,2020020901010365,GBLBS,22,19,100,462.00,"46,200.00"
2020-02-09,2020020901010364,GBLBS,44,19,265,462.00,"122,430.00"
2020-02-09,2020020901010300,GBLBS,52,1,480,465.00,"223,200.00"
2020-02-09,2020020901010547,GFCL,45,36,100,150.00,"15,000.00"
2020-02-09,2020020901010519,GFCL,45,21,20,150.00,"3,000.00"
2020-02-09,2020020901010537,GLICL,34,17,25,755.00,"18,875.00"
2020-02-09,2020020901010536,GLICL,6,17,18,755.00,"13,590.00"
2020-02-09,2020020901010535,GLICL,6,17,27,755.00,"20,385.00"
2020-02-09,2020020901010243,GLICL,6,17,90,755.00,"67,950.00"
2020-02-09,2020020901010242,GLICL,1,17,10,757.00,"7,570.00"
2020-02-09,2020020901010591,GMFBS,32,33,60,830.00,"49,800.00"
2020-02-09,2020020901010322,GMFIL,58,28,300,131.00,"39,300.00"
2020-02-09,2020020901010675,GRDBL,4,11,190,130.00,"24,700.00"
2020-02-09,2020020901010674,GRDBL,4,46,810,129.00,"104,490.00"
2020-02-09,2020020901010416,GRDBL,4,55,50,128.00,"6,400.00"
2020-02-09,2020020901010255,GRDBL,40,45,190,127.00,"24,130.00"
2020-02-09,2020020901010253,GRDBL,4,46,190,129.00,"24,510.00"
2020-02-09,2020020901010454,HDL,57,54,65,"1,210.00","78,650.00"
2020-02-09,2020020901010451,HDL,7,54,50,"1,210.00","60,500.00"
2020-02-09,2020020901010405,HDL,56,54,50,"1,210.00","60,500.00"
2020-02-09,2020020901010404,HDL,52,54,50,"1,210.00","60,500.00"
2020-02-09,2020020901010403,HDL,43,54,30,"1,210.00","36,300.00"
2020-02-09,2020020901010402,HDL,6,54,50,"1,210.00","60,500.00"
2020-02-09,2020020901010395,HDL,42,54,200,"1,213.00","242,600.00"
2020-02-09,2020020901010394,HDL,56,54,100,"1,213.00","121,300.00"
2020-02-09,2020020901010388,HDL,45,7,50,"1,214.00","60,700.00"
2020-02-09,2020020901010401,HDL,33,54,10,"1,210.00","12,100.00"
2020-02-09,2020020901010400,HDL,8,54,100,"1,210.00","121,000.00"
2020-02-09,2020020901010399,HDL,28,54,10,"1,210.00","12,100.00"
2020-02-09,2020020901010398,HDL,44,54,60,"1,212.00","72,720.00"
2020-02-09,2020020901010397,HDL,54,54,200,"1,212.00","242,400.00"
2020-02-09,2020020901010396,HDL,45,54,25,"1,212.00","30,300.00"
2020-02-09,2020020901010724,HGI,32,29,562,399.00,"224,238.00"
2020-02-09,2020020901010686,HGI,29,36,281,398.00,"111,838.00"
2020-02-09,2020020901010662,HGI,55,36,500,398.00,"199,000.00"
2020-02-09,2020020901010661,HGI,45,36,15,398.00,"5,970.00"
2020-02-09,2020020901010660,HGI,55,36,400,398.00,"159,200.00"
2020-02-09,2020020901010659,HGI,57,36,30,398.00,"11,940.00"
2020-02-09,2020020901010295,HGI,50,58,150,401.00,"60,150.00"
2020-02-09,2020020901010646,HGI,1,36,200,401.00,"80,200.00"
2020-02-09,2020020901010645,HGI,50,36,150,401.00,"60,150.00"
2020-02-09,2020020901010644,HGI,51,36,100,402.00,"40,200.00"
2020-02-09,2020020901010569,HGI,51,34,200,402.00,"80,400.00"
2020-02-09,2020020901010568,HGI,57,34,100,402.00,"40,200.00"
2020-02-09,2020020901010515,HGI,57,33,100,402.00,"40,200.00"
2020-02-09,2020020901010652,HGI,50,36,200,400.00,"80,000.00"
2020-02-09,2020020901010651,HGI,16,36,100,400.00,"40,000.00"
2020-02-09,2020020901010650,HGI,34,36,200,400.00,"80,000.00"
2020-02-09,2020020901010649,HGI,16,36,300,400.00,"120,000.00"
2020-02-09,2020020901010648,HGI,45,36,50,400.00,"20,000.00"
2020-02-09,2020020901010647,HGI,54,36,14,400.00,"5,600.00"
2020-02-09,2020020901010658,HGI,8,36,500,400.00,"200,000.00"
2020-02-09,2020020901010657,HGI,38,36,200,400.00,"80,000.00"
2020-02-09,2020020901010656,HGI,1,36,100,400.00,"40,000.00"
2020-02-09,2020020901010655,HGI,45,36,20,400.00,"8,000.00"
2020-02-09,2020020901010654,HGI,22,36,100,400.00,"40,000.00"
2020-02-09,2020020901010653,HGI,59,36,200,400.00,"80,000.00"
2020-02-09,2020020901010670,HIDCL,1,44,200,138.00,"27,600.00"
2020-02-09,2020020901010484,HPPL,36,44,10,148.00,"1,480.00"
2020-02-09,2020020901010483,HPPL,36,16,10,148.00,"1,480.00"
2020-02-09,2020020901010311,JBBL,59,58,155,189.00,"29,295.00"
2020-02-09,2020020901010310,JBBL,38,58,75,189.00,"14,175.00"
2020-02-09,2020020901010309,JBBL,56,58,270,189.00,"51,030.00"
2020-02-09,2020020901010251,JBBL,17,57,200,190.00,"38,000.00"
2020-02-09,2020020901010419,KADBL,4,4,100,283.00,"28,300.00"
2020-02-09,2020020901010582,KBL,33,36,100,193.00,"19,300.00"
2020-02-09,2020020901010558,KBL,33,28,913,193.00,"176,209.00"
2020-02-09,2020020901010557,KBL,38,28,100,193.00,"19,300.00"
2020-02-09,2020020901010556,KBL,36,28,337,193.00,"65,041.00"
2020-02-09,2020020901010443,KBL,36,35,163,193.00,"31,459.00"
2020-02-09,2020020901010442,KBL,26,35,200,194.00,"38,800.00"
2020-02-09,2020020901010441,KBL,1,35,100,194.00,"19,400.00"
2020-02-09,2020020901010440,KBL,16,35,500,194.00,"97,000.00"
2020-02-09,2020020901010439,KBL,45,35,192,194.00,"37,248.00"
2020-02-09,2020020901010469,KPCL,35,14,300,91.00,"27,300.00"
2020-02-09,2020020901010485,KRBL,43,34,10,116.00,"1,160.00"
2020-02-09,2020020901010303,LBBL,35,20,652,193.00,"125,836.00"
2020-02-09,2020020901010710,LBL,48,55,30,219.00,"6,570.00"
2020-02-09,2020020901010709,LBL,21,55,200,220.00,"44,000.00"
2020-02-09,2020020901010708,LBL,41,55,24,220.00,"5,280.00"
2020-02-09,2020020901010522,LGIL,59,45,100,479.00,"47,900.00"
2020-02-09,2020020901010520,LGIL,59,11,60,479.00,"28,740.00"
2020-02-09,2020020901010349,LGIL,1,53,240,478.00,"114,720.00"
2020-02-09,2020020901010346,LGIL,32,34,250,479.00,"119,750.00"
2020-02-09,2020020901010554,LICN,50,54,21,"1,209.00","25,389.00"
2020-02-09,2020020901010534,LICN,25,44,25,"1,229.00","30,725.00"
2020-02-09,2020020901010533,LICN,25,14,192,"1,228.00","235,776.00"
2020-02-09,2020020901010532,LICN,25,19,25,"1,225.00","30,625.00"
2020-02-09,2020020901010531,LICN,25,42,50,"1,223.00","61,150.00"
2020-02-09,2020020901010530,LICN,25,36,108,"1,222.00","131,976.00"
2020-02-09,2020020901010302,LICN,41,56,200,"1,215.00","243,000.00"
2020-02-09,2020020901010244,LICN,4,56,100,"1,216.00","121,600.00"
2020-02-09,2020020901010492,LICN,46,22,100,"1,214.00","121,400.00"
2020-02-09,2020020901010491,LICN,33,22,123,"1,215.00","149,445.00"
2020-02-09,2020020901010490,LICN,1,22,100,"1,215.00","121,500.00"
2020-02-09,2020020901010489,LICN,41,22,27,"1,215.00","32,805.00"
2020-02-09,2020020901010421,LICN,41,14,150,"1,215.00","182,250.00"
2020-02-09,2020020901010631,LLBS,13,55,99,"1,005.00","99,495.00"
2020-02-09,2020020901010487,MBL,56,11,100,230.00,"23,000.00"
2020-02-09,2020020901010465,MBL,21,37,600,231.00,"138,600.00"
2020-02-09,2020020901010464,MBL,40,37,500,231.00,"115,500.00"
2020-02-09,2020020901010463,MBL,29,37,200,231.00,"46,200.00"
2020-02-09,2020020901010462,MBL,26,37,200,232.00,"46,400.00"
2020-02-09,2020020901010461,MBL,34,37,340,232.00,"78,880.00"
2020-02-09,2020020901010616,MDB,52,36,100,336.00,"33,600.00"
2020-02-09,2020020901010324,MDB,52,21,235,336.00,"78,960.00"
2020-02-09,2020020901010323,MDB,19,21,50,336.00,"16,800.00"
2020-02-09,2020020901010317,MDB,19,4,50,336.00,"16,800.00"
2020-02-09,2020020901010233,MDB,19,45,350,336.00,"117,600.00"
2020-02-09,2020020901010232,MDB,17,45,150,337.00,"50,550.00"
2020-02-09,2020020901010488,MEGA,22,26,20,202.00,"4,040.00"
2020-02-09,2020020901010470,MEGA,22,11,100,202.00,"20,200.00"
2020-02-09,2020020901010685,MERO,38,44,100,640.00,"64,000.00"
2020-02-09,2020020901010682,MERO,38,18,100,640.00,"64,000.00"
2020-02-09,2020020901010540,MERO,14,18,50,640.00,"32,000.00"
2020-02-09,2020020901010498,MERO,14,45,49,640.00,"31,360.00"
2020-02-09,2020020901010418,MERO,45,45,131,641.00,"83,971.00"
2020-02-09,2020020901010245,MERO,32,45,100,640.00,"64,000.00"
2020-02-09,2020020901010668,MLBBL,43,58,200,765.00,"153,000.00"
2020-02-09,2020020901010667,MLBBL,45,58,40,765.00,"30,600.00"
2020-02-09,2020020901010666,MLBBL,47,58,100,770.00,"77,000.00"
2020-02-09,2020020901010665,MLBBL,52,58,100,770.00,"77,000.00"
2020-02-09,2020020901010664,MLBBL,20,58,129,771.00,"99,459.00"
2020-02-09,2020020901010576,MLBBL,20,4,371,771.00,"286,041.00"
2020-02-09,2020020901010575,MLBBL,20,4,129,771.00,"99,459.00"
2020-02-09,2020020901010574,MLBBL,17,4,100,772.00,"77,200.00"
2020-02-09,2020020901010573,MLBBL,17,4,50,772.00,"38,600.00"
2020-02-09,2020020901010572,MLBBL,28,4,50,772.00,"38,600.00"
2020-02-09,2020020901010718,MLBL,36,38,"5,118",212.00,"1,085,016.00"
2020-02-09,2020020901010717,MLBL,36,33,90,212.00,"19,080.00"
2020-02-09,2020020901010716,MLBL,36,54,292,212.00,"61,904.00"
2020-02-09,2020020901010715,MLBL,36,52,"1,000",211.00,"211,000.00"
2020-02-09,2020020901010559,MLBL,42,11,100,210.00,"21,000.00"
2020-02-09,2020020901010684,MNBBL,35,16,200,317.00,"63,400.00"
2020-02-09,2020020901010600,MNBBL,35,11,100,317.00,"31,700.00"
2020-02-09,2020020901010561,MNBBL,19,42,198,318.00,"62,964.00"
2020-02-09,2020020901010502,MNBBL,35,22,100,317.00,"31,700.00"
2020-02-09,2020020901010434,MNBBL,35,19,100,317.00,"31,700.00"
2020-02-09,2020020901010308,MNBBL,35,43,105,317.00,"33,285.00"
2020-02-09,2020020901010362,MSMBS,32,1,21,754.00,"15,834.00"
2020-02-09,2020020901010361,MSMBS,32,34,251,740.00,"185,740.00"
2020-02-09,2020020901010260,MSMBS,32,34,300,740.00,"222,000.00"
2020-02-09,2020020901010259,MSMBS,46,34,300,741.00,"222,300.00"
2020-02-09,2020020901010258,MSMBS,46,34,189,743.00,"140,427.00"
2020-02-09,2020020901010587,NABIL,19,53,56,721.00,"40,376.00"
2020-02-09,2020020901010330,NADEP,44,42,50,693.00,"34,650.00"
2020-02-09,2020020901010673,NBL,10,4,60,268.00,"16,080.00"
2020-02-09,2020020901010501,NBL,20,4,274,268.00,"73,432.00"
2020-02-09,2020020901010360,NBL,35,4,100,268.00,"26,800.00"
2020-02-09,2020020901010228,NCCB,25,6,221,194.00,"42,874.00"
2020-02-09,2020020901010227,NCCB,32,6,358,194.00,"69,452.00"
2020-02-09,2020020901010570,NIB,28,59,100,382.00,"38,200.00"
2020-02-09,2020020901010473,NIB,28,38,362,382.00,"138,284.00"
2020-02-09,2020020901010450,NIB,14,59,100,381.00,"38,100.00"
2020-02-09,2020020901010375,NIB,41,38,200,382.00,"76,400.00"
2020-02-09,2020020901010345,NIB,14,45,268,381.00,"102,108.00"
2020-02-09,2020020901010344,NIB,52,45,71,381.00,"27,051.00"
2020-02-09,2020020901010343,NIB,46,45,161,381.00,"61,341.00"
2020-02-09,2020020901010298,NIBLPF,26,32,867,7.54,"6,537.18"
2020-02-09,2020020901010264,NIBLPF,22,32,"2,474",7.55,"18,678.70"
2020-02-09,2020020901010263,NIBLPF,51,32,"1,010",7.56,"7,635.60"
2020-02-09,2020020901010384,NIBPO,14,26,673,341.00,"229,493.00"
2020-02-09,2020020901010297,NIBPO,47,4,12,341.00,"4,092.00"
2020-02-09,2020020901010606,NICA,35,6,600,482.00,"289,200.00"
2020-02-09,2020020901010605,NICA,35,45,100,482.00,"48,200.00"
2020-02-09,2020020901010581,NICA,16,34,50,482.00,"24,100.00"
2020-02-09,2020020901010406,NICA,58,10,115,481.00,"55,315.00"
2020-02-09,2020020901010261,NICA,58,4,25,481.00,"12,025.00"
2020-02-09,2020020901010231,NICA,4,34,297,482.00,"143,154.00"
2020-02-09,2020020901010230,NICA,4,44,443,482.00,"213,526.00"
2020-02-09,2020020901010672,NICL,33,36,50,428.00,"21,400.00"
2020-02-09,2020020901010615,NICL,33,41,278,428.00,"118,984.00"
2020-02-09,2020020901010614,NICL,14,41,22,429.00,"9,438.00"
2020-02-09,2020020901010613,NICL,4,41,100,429.00,"42,900.00"
2020-02-09,2020020901010612,NICL,58,41,100,429.00,"42,900.00"
2020-02-09,2020020901010604,NICL,32,53,200,430.00,"86,000.00"
2020-02-09,2020020901010478,NICL,43,38,"1,000",429.00,"429,000.00"
2020-02-09,2020020901010474,NICL,3,52,100,430.00,"43,000.00"
2020-02-09,2020020901010333,NICL,33,41,"1,000",428.00,"428,000.00"
2020-02-09,2020020901010476,NIL,4,5,90,550.00,"49,500.00"
2020-02-09,2020020901010475,NIL,38,5,60,550.00,"33,000.00"
2020-02-09,2020020901010278,NIL,38,57,440,550.00,"242,000.00"
2020-02-09,2020020901010277,NIL,44,57,100,550.00,"55,000.00"
2020-02-09,2020020901010276,NIL,50,57,100,550.00,"55,000.00"
2020-02-09,2020020901010275,NIL,45,57,200,550.00,"110,000.00"
2020-02-09,2020020901010274,NIL,32,57,100,552.00,"55,200.00"
2020-02-09,2020020901010273,NIL,39,57,60,552.00,"33,120.00"
2020-02-09,2020020901010726,NLBBL,32,33,300,749.00,"224,700.00"
2020-02-09,2020020901010602,NLBBL,57,41,"1,000",750.00,"750,000.00"
2020-02-09,2020020901010460,NLBBL,32,41,200,750.00,"150,000.00"
2020-02-09,2020020901010459,NLBBL,45,41,41,750.00,"30,750.00"
2020-02-09,2020020901010458,NLBBL,46,41,150,753.00,"112,950.00"
2020-02-09,2020020901010643,NLG,40,14,100,842.00,"84,200.00"
2020-02-09,2020020901010642,NLG,35,14,100,843.00,"84,300.00"
2020-02-09,2020020901010641,NLG,14,14,20,843.00,"16,860.00"
2020-02-09,2020020901010640,NLG,22,14,245,843.00,"206,535.00"
2020-02-09,2020020901010639,NLG,14,14,25,844.00,"21,100.00"
2020-02-09,2020020901010638,NLG,38,14,23,844.00,"19,412.00"
2020-02-09,2020020901010326,NLG,34,51,73,843.00,"61,539.00"
2020-02-09,2020020901010321,NLG,34,33,27,843.00,"22,761.00"
2020-02-09,2020020901010320,NLG,25,38,20,844.00,"16,880.00"
2020-02-09,2020020901010438,NLG,41,8,40,845.00,"33,800.00"
2020-02-09,2020020901010391,NLG,22,29,28,843.00,"23,604.00"
2020-02-09,2020020901010390,NLG,7,29,22,844.00,"18,568.00"
2020-02-09,2020020901010327,NLG,22,51,27,843.00,"22,761.00"
2020-02-09,2020020901010580,NLG,40,7,140,845.00,"118,300.00"
2020-02-09,2020020901010548,NLG,38,13,27,844.00,"22,788.00"
2020-02-09,2020020901010544,NLG,41,7,10,845.00,"8,450.00"
2020-02-09,2020020901010560,NLIC,1,58,100,"1,114.00","111,400.00"
2020-02-09,2020020901010680,NMB,29,25,200,367.00,"73,400.00"
2020-02-09,2020020901010663,NMB,29,11,18,367.00,"6,606.00"
2020-02-09,2020020901010518,NMB,29,3,50,367.00,"18,350.00"
2020-02-09,2020020901010437,NMB,32,3,300,367.00,"110,100.00"
2020-02-09,2020020901010352,NMB,20,3,150,367.00,"55,050.00"
2020-02-09,2020020901010325,NMB,45,53,500,367.00,"183,500.00"
2020-02-09,2020020901010268,NMB,41,37,336,367.00,"123,312.00"
2020-02-09,2020020901010257,NMB,41,45,37,367.00,"13,579.00"
2020-02-09,2020020901010256,NMB,22,45,13,367.00,"4,771.00"
2020-02-09,2020020901010592,NMBMF,16,29,100,860.00,"86,000.00"
2020-02-09,2020020901010415,NMBMF,16,38,31,860.00,"26,660.00"
2020-02-09,2020020901010372,NMBMF,52,49,100,860.00,"86,000.00"
2020-02-09,2020020901010331,NMBMF,26,45,34,872.00,"29,648.00"
2020-02-09,2020020901010316,NSEWA,34,51,10,708.00,"7,080.00"
2020-02-09,2020020901010315,NSEWA,34,1,10,708.00,"7,080.00"
2020-02-09,2020020901010250,NSEWA,13,51,10,706.00,"7,060.00"
2020-02-09,2020020901010596,NUBL,42,45,300,945.00,"283,500.00"
2020-02-09,2020020901010595,NUBL,53,45,100,945.00,"94,500.00"
2020-02-09,2020020901010594,NUBL,57,45,100,946.00,"94,600.00"
2020-02-09,2020020901010593,NUBL,34,45,50,946.00,"47,300.00"
2020-02-09,2020020901010497,NUBL,42,19,340,948.00,"322,320.00"
2020-02-09,2020020901010496,NUBL,42,25,10,948.00,"9,480.00"
2020-02-09,2020020901010495,NUBL,42,19,150,947.00,"142,050.00"
2020-02-09,2020020901010493,PCBL,35,46,100,277.00,"27,700.00"
2020-02-09,2020020901010286,PCBL,34,56,372,278.00,"103,416.00"
2020-02-09,2020020901010285,PCBL,34,36,200,278.00,"55,600.00"
2020-02-09,2020020901010284,PCBL,34,28,100,278.00,"27,800.00"
2020-02-09,2020020901010283,PCBL,34,13,932,277.00,"258,164.00"
2020-02-09,2020020901010282,PCBL,34,34,"2,611",276.00,"720,636.00"
2020-02-09,2020020901010281,PCBL,34,45,150,276.00,"41,400.00"
2020-02-09,2020020901010280,PCBL,34,53,570,276.00,"157,320.00"
2020-02-09,2020020901010279,PCBL,34,17,65,275.00,"17,875.00"
2020-02-09,2020020901010272,PCBL,45,38,200,274.00,"54,800.00"
2020-02-09,2020020901010539,PIC,45,36,11,545.00,"5,995.00"
2020-02-09,2020020901010538,PIC,42,36,39,546.00,"21,294.00"
2020-02-09,2020020901010420,PIC,42,6,11,546.00,"6,006.00"
2020-02-09,2020020901010374,PIC,45,35,134,545.00,"73,030.00"
2020-02-09,2020020901010373,PIC,52,35,50,546.00,"27,300.00"
2020-02-09,2020020901010270,PIC,52,58,50,546.00,"27,300.00"
2020-02-09,2020020901010269,PIC,32,58,100,546.00,"54,600.00"
2020-02-09,2020020901010238,PIC,44,38,500,547.00,"273,500.00"
2020-02-09,2020020901010676,PICL,53,59,200,690.00,"138,000.00"
2020-02-09,2020020901010628,PICL,52,45,100,691.00,"69,100.00"
2020-02-09,2020020901010627,PICL,53,7,40,690.00,"27,600.00"
2020-02-09,2020020901010608,PICL,53,48,113,690.00,"77,970.00"
2020-02-09,2020020901010607,PICL,52,48,127,690.00,"87,630.00"
2020-02-09,2020020901010583,PICL,52,13,"1,000",690.00,"690,000.00"
2020-02-09,2020020901010254,PICL,34,48,200,690.00,"138,000.00"
2020-02-09,2020020901010457,PICL,14,28,63,690.00,"43,470.00"
2020-02-09,2020020901010456,PICL,7,28,42,690.00,"28,980.00"
2020-02-09,2020020901010453,PICL,34,33,100,690.00,"69,000.00"
2020-02-09,2020020901010358,PICL,57,7,50,693.00,"34,650.00"
2020-02-09,2020020901010332,PICL,57,17,250,693.00,"173,250.00"
2020-02-09,2020020901010294,PICL,50,48,140,690.00,"96,600.00"
2020-02-09,2020020901010571,PICL,45,45,100,691.00,"69,100.00"
2020-02-09,2020020901010545,PICL,52,6,300,692.00,"207,600.00"
2020-02-09,2020020901010509,PICL,52,28,13,690.00,"8,970.00"
2020-02-09,2020020901010508,PICL,53,28,50,690.00,"34,500.00"
2020-02-09,2020020901010507,PICL,14,28,37,690.00,"25,530.00"
2020-02-09,2020020901010477,PICL,14,13,200,690.00,"138,000.00"
2020-02-09,2020020901010725,PLIC,45,21,10,559.00,"5,590.00"
2020-02-09,2020020901010678,PLIC,17,29,136,565.00,"76,840.00"
2020-02-09,2020020901010428,PLIC,22,25,600,556.00,"333,600.00"
2020-02-09,2020020901010427,PLIC,45,25,100,556.00,"55,600.00"
2020-02-09,2020020901010426,PLIC,47,25,300,556.00,"166,800.00"
2020-02-09,2020020901010425,PLIC,10,25,200,557.00,"111,400.00"
2020-02-09,2020020901010424,PLIC,50,25,100,558.00,"55,800.00"
2020-02-09,2020020901010423,PLIC,34,25,500,558.00,"279,000.00"
2020-02-09,2020020901010422,PLIC,22,25,200,558.00,"111,600.00"
2020-02-09,2020020901010389,PLIC,11,49,124,560.00,"69,440.00"
2020-02-09,2020020901010313,PLIC,22,35,100,559.00,"55,900.00"
2020-02-09,2020020901010312,PLIC,22,35,100,559.00,"55,900.00"
2020-02-09,2020020901010494,PRIN,58,43,500,428.00,"214,000.00"
2020-02-09,2020020901010319,PRIN,19,13,500,429.00,"214,500.00"
2020-02-09,2020020901010318,PRIN,19,34,102,429.00,"43,758.00"
2020-02-09,2020020901010305,PROFL,51,29,990,110.00,"108,900.00"
2020-02-09,2020020901010304,PROFL,36,29,10,110.00,"1,100.00"
2020-02-09,2020020901010683,PRVU,32,36,100,244.00,"24,400.00"
2020-02-09,2020020901010296,PRVU,32,55,16,244.00,"3,904.00"
2020-02-09,2020020901010500,RHPC,1,41,200,79.00,"15,800.00"
2020-02-09,2020020901010499,RHPC,57,41,402,79.00,"31,758.00"
2020-02-09,2020020901010723,RHPL,17,26,40,168.00,"6,720.00"
2020-02-09,2020020901010722,RHPL,17,19,200,168.00,"33,600.00"
2020-02-09,2020020901010637,RHPL,52,6,40,167.00,"6,680.00"
2020-02-09,2020020901010241,RMDC,29,52,200,655.00,"131,000.00"
2020-02-09,2020020901010564,RSDC,56,17,80,461.00,"36,880.00"
2020-02-09,2020020901010563,RSDC,22,17,10,461.00,"4,610.00"
2020-02-09,2020020901010408,SADBL,57,4,50,156.00,"7,800.00"
2020-02-09,2020020901010597,SANIMA,16,37,50,343.00,"17,150.00"
2020-02-09,2020020901010586,SANIMA,14,55,158,342.00,"54,036.00"
2020-02-09,2020020901010585,SANIMA,45,55,128,342.00,"43,776.00"
2020-02-09,2020020901010387,SANIMA,52,37,500,343.00,"171,500.00"
2020-02-09,2020020901010386,SANIMA,38,37,100,343.00,"34,300.00"
2020-02-09,2020020901010385,SANIMA,1,37,255,343.00,"87,465.00"
2020-02-09,2020020901010249,SANIMA,1,16,163,343.00,"55,909.00"
2020-02-09,2020020901010446,SAPDBL,57,49,707,143.00,"101,101.00"
2020-02-09,2020020901010445,SAPDBL,57,49,"1,000",143.00,"143,000.00"
2020-02-09,2020020901010553,SBI,17,50,500,409.00,"204,500.00"
2020-02-09,2020020901010552,SBI,13,50,164,409.00,"67,076.00"
2020-02-09,2020020901010626,SBL,59,28,37,309.00,"11,433.00"
2020-02-09,2020020901010625,SBL,59,28,300,309.00,"92,700.00"
2020-02-09,2020020901010624,SBL,26,28,200,309.00,"61,800.00"
2020-02-09,2020020901010623,SBL,35,28,500,310.00,"155,000.00"
2020-02-09,2020020901010622,SBL,44,28,50,310.00,"15,500.00"
2020-02-09,2020020901010621,SBL,26,28,15,310.00,"4,650.00"
2020-02-09,2020020901010620,SBL,57,28,100,310.00,"31,000.00"
2020-02-09,2020020901010619,SBL,35,28,18,310.00,"5,580.00"
2020-02-09,2020020901010432,SBL,35,22,482,310.00,"149,420.00"
2020-02-09,2020020901010431,SBL,49,22,18,310.00,"5,580.00"
2020-02-09,2020020901010435,SCB,47,6,20,607.00,"12,140.00"
2020-02-09,2020020901010301,SCB,47,7,20,607.00,"12,140.00"
2020-02-09,2020020901010371,SDESI,49,50,60,836.00,"50,160.00"
2020-02-09,2020020901010370,SDESI,19,50,30,837.00,"25,110.00"
2020-02-09,2020020901010369,SDESI,40,50,100,837.00,"83,700.00"
2020-02-09,2020020901010368,SDESI,44,50,10,838.00,"8,380.00"
2020-02-09,2020020901010252,SDESI,44,34,17,838.00,"14,246.00"
2020-02-09,2020020901010701,SHINE,47,28,50,276.00,"13,800.00"
2020-02-09,2020020901010714,SHIVM,39,50,500,514.00,"257,000.00"
2020-02-09,2020020901010713,SHIVM,39,14,500,514.00,"257,000.00"
2020-02-09,2020020901010712,SHIVM,39,57,100,514.00,"51,400.00"
2020-02-09,2020020901010584,SHIVM,35,44,10,515.00,"5,150.00"
2020-02-09,2020020901010579,SHIVM,44,34,200,514.00,"102,800.00"
2020-02-09,2020020901010578,SHIVM,44,50,500,514.00,"257,000.00"
2020-02-09,2020020901010577,SHIVM,44,35,500,514.00,"257,000.00"
2020-02-09,2020020901010555,SHIVM,44,51,490,513.00,"251,370.00"
2020-02-09,2020020901010482,SHIVM,35,51,10,513.00,"5,130.00"
2020-02-09,2020020901010376,SHIVM,44,40,500,512.00,"256,000.00"
2020-02-09,2020020901010348,SHIVM,52,35,"1,000",511.00,"511,000.00"
2020-02-09,2020020901010347,SHIVM,52,38,200,511.00,"102,200.00"
2020-02-09,2020020901010636,SHL,40,56,200,196.00,"39,200.00"
2020-02-09,2020020901010287,SHPC,44,6,20,211.00,"4,220.00"
2020-02-09,2020020901010510,SICL,45,41,50,"1,120.00","56,000.00"
2020-02-09,2020020901010513,SIL,45,38,154,571.00,"87,934.00"
2020-02-09,2020020901010359,SIL,45,26,125,572.00,"71,500.00"
2020-02-09,2020020901010601,SJCL,45,6,10,156.00,"1,560.00"
2020-02-09,2020020901010234,SJCL,1,34,38,155.00,"5,890.00"
2020-02-09,2020020901010430,SLBBL,52,44,100,821.00,"82,100.00"
2020-02-09,2020020901010429,SLBBL,53,44,500,821.00,"410,500.00"
2020-02-09,2020020901010380,SLBBL,48,44,10,824.00,"8,240.00"
2020-02-09,2020020901010379,SLBBL,39,44,50,824.00,"41,200.00"
2020-02-09,2020020901010611,SLBSL,11,18,11,800.00,"8,800.00"
2020-02-09,2020020901010610,SLBSL,45,18,10,800.00,"8,000.00"
2020-02-09,2020020901010609,SLBSL,22,18,19,801.00,"15,219.00"
2020-02-09,2020020901010237,SLBSL,22,58,31,801.00,"24,831.00"
2020-02-09,2020020901010704,SLICL,48,36,20,448.00,"8,960.00"
2020-02-09,2020020901010703,SLICL,5,36,30,448.00,"13,440.00"
2020-02-09,2020020901010689,SLICL,34,4,112,450.00,"50,400.00"
2020-02-09,2020020901010688,SLICL,34,58,88,449.00,"39,512.00"
2020-02-09,2020020901010529,SLICL,44,58,12,449.00,"5,388.00"
2020-02-09,2020020901010452,SLICL,42,44,200,449.00,"89,800.00"
2020-02-09,2020020901010377,SLICL,34,52,83,448.00,"37,184.00"
2020-02-09,2020020901010329,SLICL,34,5,25,448.00,"11,200.00"
2020-02-09,2020020901010328,SLICL,38,5,200,448.00,"89,600.00"
2020-02-09,2020020901010705,SMATA,17,6,60,720.00,"43,200.00"
2020-02-09,2020020901010702,SMATA,19,53,10,725.00,"7,250.00"
2020-02-09,2020020901010562,SMATA,46,53,12,725.00,"8,700.00"
2020-02-09,2020020901010472,SMATA,57,53,10,725.00,"7,250.00"
2020-02-09,2020020901010417,SMATA,1,58,19,720.00,"13,680.00"
2020-02-09,2020020901010679,SMB,36,42,25,"1,025.00","25,625.00"
2020-02-09,2020020901010503,SMB,34,42,20,"1,035.00","20,700.00"
2020-02-09,2020020901010481,SMB,36,21,265,"1,023.00","271,095.00"
2020-02-09,2020020901010480,SMB,36,21,10,"1,022.00","10,220.00"
2020-02-09,2020020901010378,SMB,52,21,10,"1,023.00","10,230.00"
2020-02-09,2020020901010449,SMFBS,34,48,10,"1,044.00","10,440.00"
2020-02-09,2020020901010267,SMFBS,34,14,10,"1,024.00","10,240.00"
2020-02-09,2020020901010266,SMFBS,34,6,10,"1,020.00","10,200.00"
2020-02-09,2020020901010265,SMFBS,34,5,50,"1,015.00","50,750.00"
2020-02-09,2020020901010240,SMFBS,34,56,10,"1,005.00","10,050.00"
2020-02-09,2020020901010239,SMFBS,34,48,60,999.00,"59,940.00"
2020-02-09,2020020901010567,SPARS,38,47,60,820.00,"49,200.00"
2020-02-09,2020020901010566,SPARS,49,47,40,820.00,"32,800.00"
2020-02-09,2020020901010528,SRBL,22,28,200,245.00,"49,000.00"
2020-02-09,2020020901010527,SRBL,13,28,50,245.00,"12,250.00"
2020-02-09,2020020901010526,SRBL,40,28,400,245.00,"98,000.00"
2020-02-09,2020020901010525,SRBL,43,28,"1,000",245.00,"245,000.00"
2020-02-09,2020020901010524,SRBL,35,28,400,245.00,"98,000.00"
2020-02-09,2020020901010523,SRBL,58,28,539,245.00,"132,055.00"
2020-02-09,2020020901010357,SRBL,21,41,30,246.00,"7,380.00"
2020-02-09,2020020901010356,SRBL,4,41,"1,000",246.00,"246,000.00"
2020-02-09,2020020901010355,SRBL,19,41,50,246.00,"12,300.00"
2020-02-09,2020020901010354,SRBL,32,41,213,246.00,"52,398.00"
2020-02-09,2020020901010393,STC,51,52,100,"2,427.00","242,700.00"
2020-02-09,2020020901010392,STC,45,52,10,"2,428.00","24,280.00"
2020-02-09,2020020901010517,UFL,44,34,500,183.00,"91,500.00"
2020-02-09,2020020901010516,UFL,44,6,20,183.00,"3,660.00"
2020-02-09,2020020901010629,UIC,55,16,100,413.00,"41,300.00"
2020-02-09,2020020901010299,UIC,32,22,50,415.00,"20,750.00"
2020-02-09,2020020901010687,UPPER,1,11,50,239.00,"11,950.00"
2020-02-09,2020020901010471,UPPER,1,6,293,239.00,"70,027.00"
2020-02-09,2020020901010565,WOMI,39,29,50,985.00,"49,250.00"
2020-02-09,2020020901009962,AKJCL,37,41,10,55.00,550.00
2020-02-09,2020020901009788,AKPL,45,1,459,121.00,"55,539.00"
2020-02-09,2020020901009787,AKPL,36,1,41,122.00,"5,002.00"
2020-02-09,2020020901009992,ALBSL,29,6,70,700.00,"49,000.00"
2020-02-09,2020020901009991,ALBSL,53,6,30,700.00,"21,000.00"
2020-02-09,2020020901009990,ALBSL,37,6,50,700.00,"35,000.00"
2020-02-09,2020020901009968,ALBSL,59,39,76,701.00,"53,276.00"
2020-02-09,2020020901009918,ALBSL,17,39,10,701.00,"7,010.00"
2020-02-09,2020020901009865,ALBSL,17,41,10,701.00,"7,010.00"
2020-02-09,2020020901010195,ALICL,34,17,70,556.00,"38,920.00"
2020-02-09,2020020901009782,ALICL,38,43,100,559.00,"55,900.00"
2020-02-09,2020020901010192,API,42,11,50,124.00,"6,200.00"
2020-02-09,2020020901010112,API,25,1,12,124.00,"1,488.00"
2020-02-09,2020020901010111,API,1,1,500,124.00,"62,000.00"
2020-02-09,2020020901010110,API,58,1,488,124.00,"60,512.00"
2020-02-09,2020020901009901,BOKL,19,35,11,229.00,"2,519.00"
2020-02-09,2020020901009980,CBBL,55,4,13,980.00,"12,740.00"
2020-02-09,2020020901009916,CBBL,55,53,143,980.00,"140,140.00"
2020-02-09,2020020901009915,CBBL,45,53,100,980.00,"98,000.00"
2020-02-09,2020020901009914,CBBL,35,53,50,981.00,"49,050.00"
2020-02-09,2020020901009913,CBBL,35,53,50,981.00,"49,050.00"
2020-02-09,2020020901009912,CBBL,35,53,50,981.00,"49,050.00"
2020-02-09,2020020901009911,CBBL,35,53,50,981.00,"49,050.00"
2020-02-09,2020020901009910,CBBL,42,53,57,982.00,"55,974.00"
2020-02-09,2020020901010052,CBL,39,25,200,153.00,"30,600.00"
2020-02-09,2020020901010190,CCBL,4,13,86,185.00,"15,910.00"
2020-02-09,2020020901010189,CCBL,4,43,31,185.00,"5,735.00"
2020-02-09,2020020901010025,CCBL,4,43,676,185.00,"125,060.00"
2020-02-09,2020020901010024,CCBL,4,38,514,185.00,"95,090.00"
2020-02-09,2020020901010023,CCBL,4,42,500,185.00,"92,500.00"
2020-02-09,2020020901010022,CCBL,4,39,"1,000",185.00,"185,000.00"
2020-02-09,2020020901009815,CCBL,4,6,13,184.00,"2,392.00"
2020-02-09,2020020901010021,CCBL,4,51,200,185.00,"37,000.00"
2020-02-09,2020020901010020,CCBL,4,45,205,185.00,"37,925.00"
2020-02-09,2020020901010019,CCBL,4,36,102,185.00,"18,870.00"
2020-02-09,2020020901010018,CCBL,4,50,503,185.00,"93,055.00"
2020-02-09,2020020901009967,CCBL,4,45,149,184.00,"27,416.00"
2020-02-09,2020020901009818,CCBL,4,58,106,184.00,"19,504.00"
2020-02-09,2020020901010033,CFCL,4,34,"1,650",143.00,"235,950.00"
2020-02-09,2020020901010032,CFCL,7,34,200,144.00,"28,800.00"
2020-02-09,2020020901010031,CFCL,41,34,100,144.00,"14,400.00"
2020-02-09,2020020901010030,CFCL,6,34,150,144.00,"21,600.00"
2020-02-09,2020020901010029,CFCL,51,34,100,144.00,"14,400.00"
2020-02-09,2020020901010028,CFCL,45,34,500,144.00,"72,000.00"
2020-02-09,2020020901010027,CFCL,7,34,48,145.00,"6,960.00"
2020-02-09,2020020901010026,CFCL,33,34,24,145.00,"3,480.00"
2020-02-09,2020020901010167,CHCL,37,39,40,427.00,"17,080.00"
2020-02-09,2020020901010166,CHCL,25,39,60,428.00,"25,680.00"
2020-02-09,2020020901010118,CHCL,25,56,40,428.00,"17,120.00"
2020-02-09,2020020901010117,CHCL,35,56,160,428.00,"68,480.00"
2020-02-09,2020020901009955,CHCL,35,3,40,428.00,"17,120.00"
2020-02-09,2020020901009954,CHCL,25,3,100,428.00,"42,800.00"
2020-02-09,2020020901009953,CHCL,28,3,17,428.00,"7,276.00"
2020-02-09,2020020901009819,CHCL,49,34,45,428.00,"19,260.00"
2020-02-09,2020020901010168,CIT,7,19,50,"2,422.00","121,100.00"
2020-02-09,2020020901010051,CIT,7,40,32,"2,422.00","77,504.00"
2020-02-09,2020020901010050,CIT,57,40,100,"2,422.00","242,200.00"
2020-02-09,2020020901010049,CIT,45,40,10,"2,422.00","24,220.00"
2020-02-09,2020020901010048,CIT,38,40,20,"2,422.00","48,440.00"
2020-02-09,2020020901010047,CIT,19,40,30,"2,422.00","72,660.00"
2020-02-09,2020020901010046,CIT,57,40,100,"2,423.00","242,300.00"
2020-02-09,2020020901010045,CIT,33,40,70,"2,423.00","169,610.00"
2020-02-09,2020020901010044,CIT,35,40,20,"2,424.00","48,480.00"
2020-02-09,2020020901010043,CIT,6,40,20,"2,426.00","48,520.00"
2020-02-09,2020020901009868,CLBSL,38,45,11,"1,000.00","11,000.00"
2020-02-09,2020020901009848,CORBL,45,1,60,132.00,"7,920.00"
2020-02-09,2020020901009847,CORBL,45,20,140,132.00,"18,480.00"
2020-02-09,2020020901009981,CZBIL,49,33,23,195.00,"4,485.00"
2020-02-09,2020020901009996,DDBL,32,32,200,810.00,"162,000.00"
2020-02-09,2020020901009995,DDBL,45,32,20,810.00,"16,200.00"
2020-02-09,2020020901009975,EBL,11,42,30,630.00,"18,900.00"
2020-02-09,2020020901009831,EBL,11,43,50,630.00,"31,500.00"
2020-02-09,2020020901009879,EDBL,36,4,50,358.00,"17,900.00"
2020-02-09,2020020901009794,EIC,13,56,604,432.00,"260,928.00"
2020-02-09,2020020901009793,EIC,35,56,200,433.00,"86,600.00"
2020-02-09,2020020901009792,EIC,38,56,50,433.00,"21,650.00"
2020-02-09,2020020901009791,EIC,55,56,500,433.00,"216,500.00"
2020-02-09,2020020901009790,EIC,6,56,100,433.00,"43,300.00"
2020-02-09,2020020901009789,EIC,29,56,400,434.00,"173,600.00"
2020-02-09,2020020901010099,FMDBL,6,36,681,448.00,"305,088.00"
2020-02-09,2020020901010098,FMDBL,50,36,200,448.00,"89,600.00"
2020-02-09,2020020901010097,FMDBL,26,36,100,448.00,"44,800.00"
2020-02-09,2020020901010096,FMDBL,26,36,300,448.00,"134,400.00"
2020-02-09,2020020901010095,FMDBL,26,36,100,448.00,"44,800.00"
2020-02-09,2020020901010094,FMDBL,39,36,19,449.00,"8,531.00"
2020-02-09,2020020901009754,FMDBL,20,42,50,450.00,"22,500.00"
2020-02-09,2020020901009753,FMDBL,42,42,500,450.00,"225,000.00"
2020-02-09,2020020901010159,FOWAD,42,14,100,"1,400.00","140,000.00"
2020-02-09,2020020901010193,GBIME,11,55,13,280.00,"3,640.00"
2020-02-09,2020020901010151,GBIME,43,19,200,281.00,"56,200.00"
2020-02-09,2020020901010091,GBIME,57,19,100,281.00,"28,100.00"
2020-02-09,2020020901010090,GBIME,43,19,175,281.00,"49,175.00"
2020-02-09,2020020901010089,GBIME,8,19,30,281.00,"8,430.00"
2020-02-09,2020020901010088,GBIME,43,19,203,281.00,"57,043.00"
2020-02-09,2020020901010079,GBIME,43,17,45,281.00,"12,645.00"
2020-02-09,2020020901010041,GBIME,19,57,"1,000",282.00,"282,000.00"
2020-02-09,2020020901010165,GBLBS,44,36,"1,190",462.00,"549,780.00"
2020-02-09,2020020901010164,GBLBS,44,45,15,462.00,"6,930.00"
2020-02-09,2020020901010163,GBLBS,38,45,50,463.00,"23,150.00"
2020-02-09,2020020901010162,GBLBS,22,45,100,463.00,"46,300.00"
2020-02-09,2020020901010161,GBLBS,11,45,35,463.00,"16,205.00"
2020-02-09,2020020901009977,GBLBS,11,33,65,463.00,"30,095.00"
2020-02-09,2020020901009976,GBLBS,28,33,485,463.00,"224,555.00"
2020-02-09,2020020901009764,GBLBS,28,41,15,463.00,"6,945.00"
2020-02-09,2020020901010135,GILB,44,38,500,"1,312.00","656,000.00"
2020-02-09,2020020901010134,GILB,44,38,500,"1,312.00","656,000.00"
2020-02-09,2020020901010133,GILB,44,38,235,"1,313.00","308,555.00"
2020-02-09,2020020901010063,GLICL,43,17,100,756.00,"75,600.00"
2020-02-09,2020020901009841,GLICL,6,57,33,755.00,"24,915.00"
2020-02-09,2020020901009840,GLICL,6,57,77,755.00,"58,135.00"
