Date,Transact. No.,Symbol,Buyer,Seller,Quantity,Rate,Amount
2019-08-21,2019082101006077,ADBL,54,58,500,429.00,"214,500.00"
2019-08-21,2019082101006076,ADBL,54,41,80,429.00,"34,320.00"
2019-08-21,2019082101006075,ADBL,54,40,542,429.00,"232,518.00"
2019-08-21,2019082101006074,ADBL,54,58,213,429.00,"91,377.00"
2019-08-21,2019082101006025,ADBL,57,58,560,428.00,"239,680.00"
2019-08-21,2019082101006024,ADBL,36,58,440,428.00,"188,320.00"
2019-08-21,2019082101006016,ADBL,36,10,60,428.00,"25,680.00"
2019-08-21,2019082101006015,ADBL,25,10,40,428.00,"17,120.00"
2019-08-21,2019082101005866,ADBL,57,10,"1,008",428.00,"431,424.00"
2019-08-21,2019082101006013,AKJCL,44,44,20,66.00,"1,320.00"
2019-08-21,2019082101005919,AKJCL,11,11,20,65.00,"1,300.00"
2019-08-21,2019082101006245,AKPL,45,5,10,161.00,"1,610.00"
2019-08-21,2019082101006244,AKPL,45,25,50,160.00,"8,000.00"
2019-08-21,2019082101006243,AKPL,45,56,10,158.00,"1,580.00"
2019-08-21,2019082101006073,ALBSL,57,4,10,466.00,"4,660.00"
2019-08-21,2019082101006019,ALBSL,45,4,50,460.00,"23,000.00"
2019-08-21,2019082101006018,ALBSL,58,4,80,460.00,"36,800.00"
2019-08-21,2019082101006017,ALBSL,25,4,650,461.00,"299,650.00"
2019-08-21,2019082101005784,ALBSL,25,11,10,461.00,"4,610.00"
2019-08-21,2019082101006161,API,56,25,10,126.00,"1,260.00"
2019-08-21,2019082101006110,API,50,42,73,125.00,"9,125.00"
2019-08-21,2019082101006109,API,54,42,100,125.00,"12,500.00"
2019-08-21,2019082101006108,API,6,42,400,126.00,"50,400.00"
2019-08-21,2019082101005844,API,14,42,100,126.00,"12,600.00"
2019-08-21,2019082101005754,API,26,42,200,126.00,"25,200.00"
2019-08-21,2019082101005753,API,42,42,100,126.00,"12,600.00"
2019-08-21,2019082101005752,API,34,42,500,126.00,"63,000.00"
2019-08-21,2019082101005751,API,22,42,600,127.00,"76,200.00"
2019-08-21,2019082101005750,API,22,42,10,127.00,"1,270.00"
2019-08-21,2019082101005806,API,14,42,50,126.00,"6,300.00"
2019-08-21,2019082101005800,API,34,11,10,124.00,"1,240.00"
2019-08-21,2019082101005758,API,43,42,300,126.00,"37,800.00"
2019-08-21,2019082101005757,API,25,42,10,126.00,"1,260.00"
2019-08-21,2019082101005756,API,25,42,"1,500",126.00,"189,000.00"
2019-08-21,2019082101005755,API,25,42,100,126.00,"12,600.00"
2019-08-21,2019082101006151,BOKL,26,11,230,256.00,"58,880.00"
2019-08-21,2019082101006150,BOKL,16,11,100,256.00,"25,600.00"
2019-08-21,2019082101006149,BOKL,57,11,500,256.00,"128,000.00"
2019-08-21,2019082101006148,BOKL,51,11,170,256.00,"43,520.00"
2019-08-21,2019082101006128,BOKL,51,11,30,256.00,"7,680.00"
2019-08-21,2019082101006127,BOKL,10,11,670,256.00,"171,520.00"
2019-08-21,2019082101006126,BOKL,48,11,300,256.00,"76,800.00"
2019-08-21,2019082101006121,BOKL,44,49,50,257.00,"12,850.00"
2019-08-21,2019082101006233,BPCL,33,39,10,392.00,"3,920.00"
2019-08-21,2019082101006232,BPCL,33,34,13,391.00,"5,083.00"
2019-08-21,2019082101006231,BPCL,33,3,22,391.00,"8,602.00"
2019-08-21,2019082101006177,BPCL,11,42,11,388.00,"4,268.00"
2019-08-21,2019082101006057,BPCL,48,39,2,390.00,780.00
2019-08-21,2019082101006051,BPCL,48,39,2,390.00,780.00
2019-08-21,2019082101006159,CBBL,45,5,150,990.00,"148,500.00"
2019-08-21,2019082101006181,CBL,34,48,100,147.00,"14,700.00"
2019-08-21,2019082101006020,CBL,43,48,300,147.00,"44,100.00"
2019-08-21,2019082101005949,CBL,39,48,380,147.00,"55,860.00"
2019-08-21,2019082101005948,CBL,39,42,"4,000",147.00,"588,000.00"
2019-08-21,2019082101005947,CBL,39,41,600,147.00,"88,200.00"
2019-08-21,2019082101005946,CBL,39,42,20,147.00,"2,940.00"
2019-08-21,2019082101005773,CBL,52,42,200,147.00,"29,400.00"
2019-08-21,2019082101006167,CCBL,17,48,150,160.00,"24,000.00"
2019-08-21,2019082101005889,CCBL,32,26,208,159.00,"33,072.00"
2019-08-21,2019082101005888,CCBL,45,26,100,159.00,"15,900.00"
2019-08-21,2019082101005887,CCBL,42,26,92,159.00,"14,628.00"
2019-08-21,2019082101005843,CEFL,4,57,20,113.00,"2,260.00"
2019-08-21,2019082101005817,CEFL,4,4,20,112.00,"2,240.00"
2019-08-21,2019082101006152,CHCL,56,57,99,450.00,"44,550.00"
2019-08-21,2019082101006120,CHCL,4,14,37,451.00,"16,687.00"
2019-08-21,2019082101006113,CHCL,6,26,400,450.00,"180,000.00"
2019-08-21,2019082101006112,CHCL,6,58,500,449.00,"224,500.00"
2019-08-21,2019082101006063,CHCL,37,58,650,449.00,"291,850.00"
2019-08-21,2019082101006062,CHCL,51,58,100,449.00,"44,900.00"
2019-08-21,2019082101006061,CHCL,59,58,100,449.00,"44,900.00"
2019-08-21,2019082101006060,CHCL,45,58,50,449.00,"22,450.00"
2019-08-21,2019082101006059,CHCL,22,58,200,449.00,"89,800.00"
2019-08-21,2019082101005909,CHCL,28,58,300,450.00,"135,000.00"
2019-08-21,2019082101005908,CHCL,8,58,100,450.00,"45,000.00"
2019-08-21,2019082101006242,CIT,33,40,100,"2,425.00","242,500.00"
2019-08-21,2019082101006209,CIT,25,17,20,"2,392.00","47,840.00"
2019-08-21,2019082101006208,CIT,58,17,30,"2,392.00","71,760.00"
2019-08-21,2019082101006207,CIT,35,17,50,"2,393.00","119,650.00"
2019-08-21,2019082101006118,CIT,40,40,40,"2,393.00","95,720.00"
2019-08-21,2019082101006117,CIT,50,40,35,"2,397.00","83,895.00"
2019-08-21,2019082101006026,CIT,50,29,10,"2,400.00","24,000.00"
2019-08-21,2019082101006111,CLBSL,48,39,1,501.00,501.00
2019-08-21,2019082101006012,CLBSL,38,58,400,498.00,"199,200.00"
2019-08-21,2019082101006011,CLBSL,51,58,10,500.00,"5,000.00"
2019-08-21,2019082101006236,CZBIL,45,10,100,215.00,"21,500.00"
2019-08-21,2019082101005842,CZBIL,45,49,"1,062",215.00,"228,330.00"
2019-08-21,2019082101005841,CZBIL,21,49,500,215.00,"107,500.00"
2019-08-21,2019082101005840,CZBIL,34,49,500,215.00,"107,500.00"
2019-08-21,2019082101005839,CZBIL,54,49,17,215.00,"3,655.00"
2019-08-21,2019082101005763,CZBIL,45,1,"2,105",216.00,"454,680.00"
2019-08-21,2019082101006195,DBBL,29,10,56,136.00,"7,616.00"
2019-08-21,2019082101006069,DDBL,34,34,10,755.00,"7,550.00"
2019-08-21,2019082101006140,EBL,26,25,100,651.00,"65,100.00"
2019-08-21,2019082101005881,EBL,32,8,20,655.00,"13,100.00"
2019-08-21,2019082101006125,FMDBL,58,43,32,390.00,"12,480.00"
2019-08-21,2019082101006124,FMDBL,19,43,68,390.00,"26,520.00"
2019-08-21,2019082101006048,FMDBL,6,43,50,391.00,"19,550.00"
2019-08-21,2019082101005967,FOWAD,40,25,49,"1,336.00","65,464.00"
2019-08-21,2019082101005871,FOWAD,17,25,49,"1,335.00","65,415.00"
2019-08-21,2019082101006170,GBLBS,6,19,30,361.00,"10,830.00"
2019-08-21,2019082101006086,GLBSL,17,25,15,481.00,"7,215.00"
2019-08-21,2019082101006085,GLBSL,7,25,80,482.00,"38,560.00"
2019-08-21,2019082101006084,GLBSL,39,25,50,482.00,"24,100.00"
2019-08-21,2019082101006083,GLBSL,13,25,50,482.00,"24,100.00"
2019-08-21,2019082101006082,GLBSL,6,25,10,482.00,"4,820.00"
2019-08-21,2019082101006081,GLBSL,39,25,10,482.00,"4,820.00"
2019-08-21,2019082101006080,GLBSL,6,25,30,483.00,"14,490.00"
2019-08-21,2019082101006079,GLBSL,34,25,60,483.00,"28,980.00"
2019-08-21,2019082101006078,GLBSL,26,25,50,484.00,"24,200.00"
2019-08-21,2019082101005788,GLBSL,51,44,10,484.00,"4,840.00"
2019-08-21,2019082101005785,GLBSL,51,42,10,484.00,"4,840.00"
2019-08-21,2019082101005855,GMFBS,8,21,12,538.00,"6,456.00"
2019-08-21,2019082101005854,GMFBS,8,38,10,536.00,"5,360.00"
2019-08-21,2019082101005853,GMFBS,8,48,10,536.00,"5,360.00"
2019-08-21,2019082101006071,HIDCL,48,4,"1,000",148.00,"148,000.00"
2019-08-21,2019082101005834,HIDCL,41,45,24,147.00,"3,528.00"
2019-08-21,2019082101005833,HIDCL,36,45,100,147.00,"14,700.00"
2019-08-21,2019082101005832,HIDCL,25,45,200,147.00,"29,400.00"
2019-08-21,2019082101005831,HIDCL,5,45,100,147.00,"14,700.00"
2019-08-21,2019082101005830,HIDCL,54,45,20,147.00,"2,940.00"
2019-08-21,2019082101005829,HIDCL,6,45,425,147.00,"62,475.00"
2019-08-21,2019082101005828,HIDCL,6,45,"1,131",147.00,"166,257.00"
2019-08-21,2019082101006052,HURJA,11,38,500,126.00,"63,000.00"
2019-08-21,2019082101005962,HURJA,11,3,20,124.00,"2,480.00"
2019-08-21,2019082101005869,HURJA,11,3,20,124.00,"2,480.00"
2019-08-21,2019082101006249,ILBS,52,58,10,462.00,"4,620.00"
2019-08-21,2019082101006240,ILBS,52,58,10,462.00,"4,620.00"
2019-08-21,2019082101006197,ILBS,52,55,10,462.00,"4,620.00"
2019-08-21,2019082101006093,ILBS,48,10,100,465.00,"46,500.00"
2019-08-21,2019082101006092,ILBS,38,10,310,465.00,"144,150.00"
2019-08-21,2019082101006091,ILBS,52,10,100,466.00,"46,600.00"
2019-08-21,2019082101006090,ILBS,14,10,10,466.00,"4,660.00"
2019-08-21,2019082101005865,ILBS,14,39,10,466.00,"4,660.00"
2019-08-21,2019082101006115,JBBL,48,39,1,158.00,158.00
2019-08-21,2019082101005985,JBBL,36,44,450,157.00,"70,650.00"
2019-08-21,2019082101005769,JBBL,46,35,54,160.00,"8,640.00"
2019-08-21,2019082101005768,JBBL,46,25,165,160.00,"26,400.00"
2019-08-21,2019082101005767,JBBL,46,22,500,160.00,"80,000.00"
2019-08-21,2019082101006068,JOSHI,46,25,20,68.00,"1,360.00"
2019-08-21,2019082101005964,JOSHI,25,39,20,67.00,"1,340.00"
2019-08-21,2019082101005900,JOSHI,25,39,20,67.00,"1,340.00"
2019-08-21,2019082101006200,KBL,39,33,175,204.00,"35,700.00"
2019-08-21,2019082101005876,KBL,52,28,200,205.00,"41,000.00"
2019-08-21,2019082101005810,KPCL,42,11,10,83.00,830.00
2019-08-21,2019082101005836,KRBL,41,26,20,107.00,"2,140.00"
2019-08-21,2019082101005904,KSBBL,45,14,"1,000",145.00,"145,000.00"
2019-08-21,2019082101005903,KSBBL,57,14,200,145.00,"29,000.00"
2019-08-21,2019082101005856,KSBBL,39,17,100,146.00,"14,600.00"
2019-08-21,2019082101006227,LBBL,33,45,10,179.00,"1,790.00"
2019-08-21,2019082101006224,LBBL,49,33,84,178.00,"14,952.00"
2019-08-21,2019082101006223,LBBL,26,33,116,178.00,"20,648.00"
2019-08-21,2019082101006176,LBBL,1,45,75,179.00,"13,425.00"
2019-08-21,2019082101006175,LBBL,1,45,90,179.00,"16,110.00"
2019-08-21,2019082101006174,LBBL,26,33,184,178.00,"32,752.00"
2019-08-21,2019082101006173,LBBL,39,33,66,178.00,"11,748.00"
2019-08-21,2019082101006172,LBBL,26,33,250,178.00,"44,500.00"
2019-08-21,2019082101006055,LBL,32,51,100,216.00,"21,600.00"
2019-08-21,2019082101005906,LBL,32,29,307,215.00,"66,005.00"
2019-08-21,2019082101005905,LBL,45,29,493,215.00,"105,995.00"
2019-08-21,2019082101005816,LBL,7,51,200,216.00,"43,200.00"
2019-08-21,2019082101005815,LBL,7,48,300,216.00,"64,800.00"
2019-08-21,2019082101005783,LBL,45,11,77,215.00,"16,555.00"
2019-08-21,2019082101006028,MBL,45,34,588,254.00,"149,352.00"
2019-08-21,2019082101005808,MBL,14,16,200,255.00,"51,000.00"
2019-08-21,2019082101005807,MBL,14,54,133,255.00,"33,915.00"
2019-08-21,2019082101006072,MDB,38,48,110,237.00,"26,070.00"
2019-08-21,2019082101006191,MEGA,14,40,50,201.00,"10,050.00"
2019-08-21,2019082101006248,MERO,32,1,37,536.00,"19,832.00"
2019-08-21,2019082101006247,MERO,32,1,88,536.00,"47,168.00"
2019-08-21,2019082101006226,MERO,32,1,112,536.00,"60,032.00"
2019-08-21,2019082101005978,MERO,45,22,145,530.00,"76,850.00"
2019-08-21,2019082101005950,MERO,26,22,300,531.00,"159,300.00"
2019-08-21,2019082101005977,MLBL,13,51,114,211.00,"24,054.00"
2019-08-21,2019082101005963,MLBL,57,44,"2,334",210.00,"490,140.00"
2019-08-21,2019082101006143,MNBBL,26,43,50,328.00,"16,400.00"
2019-08-21,2019082101005993,MNBBL,26,53,150,328.00,"49,200.00"
2019-08-21,2019082101005939,MNBBL,4,51,18,329.00,"5,922.00"
2019-08-21,2019082101005851,MSLB,48,3,11,974.00,"10,714.00"
2019-08-21,2019082101005850,MSLB,22,3,15,975.00,"14,625.00"
2019-08-21,2019082101006185,MSMBS,40,14,55,510.00,"28,050.00"
2019-08-21,2019082101006087,NABIL,11,57,100,778.00,"77,800.00"
2019-08-21,2019082101005766,NABIL,32,48,242,777.00,"188,034.00"
2019-08-21,2019082101005765,NABIL,47,48,25,777.00,"19,425.00"
2019-08-21,2019082101005764,NABIL,41,48,76,777.00,"59,052.00"
2019-08-21,2019082101005760,NABIL,34,43,167,778.00,"129,926.00"
2019-08-21,2019082101006246,NADEP,18,58,11,469.00,"5,159.00"
2019-08-21,2019082101006212,NADEP,37,40,100,472.00,"47,200.00"
2019-08-21,2019082101006169,NADEP,57,40,10,472.00,"4,720.00"
2019-08-21,2019082101005923,NADEP,26,58,70,472.00,"33,040.00"
2019-08-21,2019082101005922,NADEP,49,58,50,473.00,"23,650.00"
2019-08-21,2019082101005880,NADEP,49,21,20,473.00,"9,460.00"
2019-08-21,2019082101005960,NADEP,57,40,10,475.00,"4,750.00"
2019-08-21,2019082101005925,NADEP,18,58,70,469.00,"32,830.00"
2019-08-21,2019082101005924,NADEP,52,58,10,472.00,"4,720.00"
2019-08-21,2019082101006155,NADEP,18,40,90,469.00,"42,210.00"
2019-08-21,2019082101006154,NADEP,45,40,100,470.00,"47,000.00"
2019-08-21,2019082101006153,NADEP,42,40,50,473.00,"23,650.00"
2019-08-21,2019082101006178,NAGRO,39,4,100,778.00,"77,800.00"
2019-08-21,2019082101005986,NAGRO,25,4,10,778.00,"7,780.00"
2019-08-21,2019082101006139,NBB,10,10,53,215.00,"11,395.00"
2019-08-21,2019082101005914,NBB,10,58,947,215.00,"203,605.00"
2019-08-21,2019082101005913,NBB,21,58,200,215.00,"43,000.00"
2019-08-21,2019082101005912,NBB,42,58,"1,853",215.00,"398,395.00"
2019-08-21,2019082101005911,NBB,26,58,200,216.00,"43,200.00"
2019-08-21,2019082101005910,NBB,17,58,500,216.00,"108,000.00"
2019-08-21,2019082101005929,NBL,10,44,370,325.00,"120,250.00"
2019-08-21,2019082101005928,NBL,10,37,630,325.00,"204,750.00"
2019-08-21,2019082101005782,NBL,26,48,471,324.00,"152,604.00"
2019-08-21,2019082101005781,NBL,32,48,100,324.00,"32,400.00"
2019-08-21,2019082101005780,NBL,14,48,25,324.00,"8,100.00"
2019-08-21,2019082101005779,NBL,14,48,400,324.00,"129,600.00"
2019-08-21,2019082101005778,NBL,47,48,489,324.00,"158,436.00"
2019-08-21,2019082101005761,NBL,53,37,370,325.00,"120,250.00"
2019-08-21,2019082101006222,NCCB,32,17,"1,000",204.00,"204,000.00"
2019-08-21,2019082101006022,NCCB,49,17,166,204.00,"33,864.00"
2019-08-21,2019082101006003,NCCB,49,11,334,204.00,"68,136.00"
2019-08-21,2019082101006002,NCCB,8,11,500,204.00,"102,000.00"
2019-08-21,2019082101006001,NCCB,6,11,100,204.00,"20,400.00"
2019-08-21,2019082101006000,NCCB,58,11,66,204.00,"13,464.00"
2019-08-21,2019082101006138,NHDL,58,44,10,113.00,"1,130.00"
2019-08-21,2019082101006221,NHPC,35,58,300,60.00,"18,000.00"
2019-08-21,2019082101006038,NHPC,25,33,200,60.00,"12,000.00"
2019-08-21,2019082101006037,NHPC,47,33,600,60.00,"36,000.00"
2019-08-21,2019082101006036,NHPC,28,33,30,60.00,"1,800.00"
2019-08-21,2019082101006035,NHPC,26,33,40,60.00,"2,400.00"
2019-08-21,2019082101006034,NHPC,45,33,500,60.00,"30,000.00"
2019-08-21,2019082101006033,NHPC,43,33,100,60.00,"6,000.00"
2019-08-21,2019082101006032,NHPC,41,33,10,60.00,600.00
2019-08-21,2019082101006031,NHPC,20,33,50,60.00,"3,000.00"
2019-08-21,2019082101006214,NIB,41,26,20,468.00,"9,360.00"
2019-08-21,2019082101006102,NIB,10,1,200,466.00,"93,200.00"
2019-08-21,2019082101005992,NIB,10,49,773,466.00,"360,218.00"
2019-08-21,2019082101005991,NIB,40,49,50,466.00,"23,300.00"
2019-08-21,2019082101005990,NIB,56,49,200,466.00,"93,200.00"
2019-08-21,2019082101005989,NIB,10,49,60,467.00,"28,020.00"
2019-08-21,2019082101005794,NIB,52,49,25,468.00,"11,700.00"
2019-08-21,2019082101005793,NIB,28,49,100,468.00,"46,800.00"
2019-08-21,2019082101005792,NIB,38,49,100,468.00,"46,800.00"
2019-08-21,2019082101005791,NIB,11,49,700,468.00,"327,600.00"
2019-08-21,2019082101005790,NIB,47,49,25,469.00,"11,725.00"
2019-08-21,2019082101005789,NIB,56,49,50,469.00,"23,450.00"
2019-08-21,2019082101005867,NIB,56,49,29,468.00,"13,572.00"
2019-08-21,2019082101005857,NIB,56,53,14,468.00,"6,552.00"
2019-08-21,2019082101005812,NIB,44,26,100,469.00,"46,900.00"
2019-08-21,2019082101005797,NIB,56,49,57,468.00,"26,676.00"
2019-08-21,2019082101005796,NIB,45,49,200,468.00,"93,600.00"
2019-08-21,2019082101005795,NIB,49,49,100,468.00,"46,800.00"
2019-08-21,2019082101005988,NIB,26,49,200,467.00,"93,400.00"
2019-08-21,2019082101005987,NIB,51,49,258,467.00,"120,486.00"
2019-08-21,2019082101005945,NIB,51,53,14,467.00,"6,538.00"
2019-08-21,2019082101005921,NIB,51,1,228,467.00,"106,476.00"
2019-08-21,2019082101005917,NIB,43,49,100,468.00,"46,800.00"
2019-08-21,2019082101005868,NIB,55,49,100,468.00,"46,800.00"
2019-08-21,2019082101005918,NIBPO,44,49,14,435.00,"6,090.00"
2019-08-21,2019082101006230,NICA,58,4,350,454.00,"158,900.00"
2019-08-21,2019082101006229,NICA,28,4,500,454.00,"227,000.00"
2019-08-21,2019082101006216,NICA,48,4,150,454.00,"68,100.00"
2019-08-21,2019082101006215,NICA,48,4,50,454.00,"22,700.00"
2019-08-21,2019082101006203,NICA,56,4,200,454.00,"90,800.00"
2019-08-21,2019082101006186,NICA,56,4,100,454.00,"45,400.00"
2019-08-21,2019082101005940,NICA,8,4,500,454.00,"227,000.00"
2019-08-21,2019082101006145,NICA,49,4,100,454.00,"45,400.00"
2019-08-21,2019082101006144,NICA,1,4,50,454.00,"22,700.00"
2019-08-21,2019082101006054,NICA,54,4,"1,475",454.00,"669,650.00"
2019-08-21,2019082101006030,NICA,14,4,500,454.00,"227,000.00"
2019-08-21,2019082101006029,NICA,25,4,25,454.00,"11,350.00"
2019-08-21,2019082101005995,NICA,25,25,100,454.00,"45,400.00"
2019-08-21,2019082101006219,NLIC,29,25,18,864.00,"15,552.00"
2019-08-21,2019082101006218,NLIC,28,25,50,864.00,"43,200.00"
2019-08-21,2019082101005997,NLIC,19,21,18,864.00,"15,552.00"
2019-08-21,2019082101005996,NLIC,26,21,75,865.00,"64,875.00"
2019-08-21,2019082101005936,NLIC,26,25,25,865.00,"21,625.00"
2019-08-21,2019082101005935,NLIC,56,25,44,866.00,"38,104.00"
2019-08-21,2019082101005824,NLIC,56,25,68,866.00,"58,888.00"
2019-08-21,2019082101006194,NLICL,56,25,78,550.00,"42,900.00"
2019-08-21,2019082101006193,NLICL,56,25,100,550.00,"55,000.00"
2019-08-21,2019082101006192,NLICL,6,25,22,550.00,"12,100.00"
2019-08-21,2019082101006142,NMBMF,1,58,40,"1,055.00","42,200.00"
2019-08-21,2019082101006201,NMFBS,5,41,15,"1,482.00","22,230.00"
2019-08-21,2019082101006225,NTC,35,33,150,669.00,"100,350.00"
2019-08-21,2019082101006100,PCBL,11,45,312,277.00,"86,424.00"
2019-08-21,2019082101006058,PCBL,56,38,317,276.00,"87,492.00"
2019-08-21,2019082101006004,PCBL,56,53,50,276.00,"13,800.00"
2019-08-21,2019082101005873,PCBL,56,53,30,276.00,"8,280.00"
2019-08-21,2019082101005872,PCBL,45,53,20,277.00,"5,540.00"
2019-08-21,2019082101005809,PCBL,38,11,100,277.00,"27,700.00"
2019-08-21,2019082101006239,PFL,28,26,10,134.00,"1,340.00"
2019-08-21,2019082101006228,PFL,28,26,10,134.00,"1,340.00"
2019-08-21,2019082101006211,PFL,1,4,145,133.00,"19,285.00"
2019-08-21,2019082101006210,PFL,1,4,78,133.00,"10,374.00"
2019-08-21,2019082101006234,PLIC,45,40,130,415.00,"53,950.00"
2019-08-21,2019082101005999,PLIC,45,22,133,407.00,"54,131.00"
2019-08-21,2019082101006096,PMHPL,4,13,10,101.00,"1,010.00"
2019-08-21,2019082101006095,PMHPL,4,13,10,101.00,"1,010.00"
2019-08-21,2019082101006067,PMHPL,4,39,10,100.00,"1,000.00"
2019-08-21,2019082101006066,PMHPL,4,36,10,100.00,"1,000.00"
2019-08-21,2019082101005825,PMHPL,49,11,10,99.00,990.00
2019-08-21,2019082101006146,PPCL,6,39,50,109.00,"5,450.00"
2019-08-21,2019082101006123,PPCL,6,19,100,107.00,"10,700.00"
2019-08-21,2019082101006106,PPCL,6,21,20,105.00,"2,100.00"
2019-08-21,2019082101006105,PPCL,6,21,30,105.00,"3,150.00"
2019-08-21,2019082101006104,PPCL,6,21,30,105.00,"3,150.00"
2019-08-21,2019082101006103,PPCL,6,21,30,105.00,"3,150.00"
2019-08-21,2019082101006101,PPCL,6,58,30,103.00,"3,090.00"
2019-08-21,2019082101005822,PPCL,45,39,10,101.00,"1,010.00"
2019-08-21,2019082101005799,PPCL,45,39,10,101.00,"1,010.00"
2019-08-21,2019082101006070,PRVU,32,28,100,270.00,"27,000.00"
2019-08-21,2019082101005998,PRVU,34,26,200,269.00,"53,800.00"
2019-08-21,2019082101005827,PRVU,34,26,778,269.00,"209,282.00"
2019-08-21,2019082101005826,PRVU,48,26,222,269.00,"59,718.00"
2019-08-21,2019082101005777,PRVU,56,28,20,270.00,"5,400.00"
2019-08-21,2019082101006220,RBCL,45,58,10,"9,200.00","92,000.00"
2019-08-21,2019082101005994,RBCL,42,42,20,"9,150.00","183,000.00"
2019-08-21,2019082101005814,RBCLPO,32,48,20,"8,300.00","166,000.00"
2019-08-21,2019082101005813,RBCLPO,22,48,20,"8,325.00","166,500.00"
2019-08-21,2019082101006199,RHPL,25,41,20,200.00,"4,000.00"
2019-08-21,2019082101006198,RHPL,57,41,20,201.00,"4,020.00"
2019-08-21,2019082101006190,RHPL,39,29,30,202.00,"6,060.00"
2019-08-21,2019082101006184,RHPL,57,50,40,201.00,"8,040.00"
2019-08-21,2019082101006171,RHPL,57,43,30,201.00,"6,030.00"
2019-08-21,2019082101006168,RHPL,57,47,10,201.00,"2,010.00"
2019-08-21,2019082101005845,RHPL,37,42,10,200.00,"2,000.00"
2019-08-21,2019082101005835,RHPL,37,39,40,200.00,"8,000.00"
2019-08-21,2019082101005823,RHPL,37,44,10,200.00,"2,000.00"
2019-08-21,2019082101005798,RHPL,37,42,40,200.00,"8,000.00"
2019-08-21,2019082101005774,RHPL,37,39,50,200.00,"10,000.00"
2019-08-21,2019082101005759,RHPL,37,42,40,200.00,"8,000.00"
2019-08-21,2019082101005862,RHPL,39,21,40,201.00,"8,040.00"
2019-08-21,2019082101005861,RHPL,39,21,50,201.00,"10,050.00"
2019-08-21,2019082101005860,RHPL,39,25,10,201.00,"2,010.00"
2019-08-21,2019082101005859,RHPL,39,21,40,201.00,"8,040.00"
2019-08-21,2019082101005858,RHPL,42,39,40,200.00,"8,000.00"
2019-08-21,2019082101005846,RHPL,42,42,40,200.00,"8,000.00"
2019-08-21,2019082101005885,RHPL,14,51,10,200.00,"2,000.00"
2019-08-21,2019082101005884,RHPL,42,51,30,200.00,"6,000.00"
2019-08-21,2019082101005879,RHPL,42,53,40,200.00,"8,000.00"
2019-08-21,2019082101005878,RHPL,42,39,50,200.00,"10,000.00"
2019-08-21,2019082101005874,RHPL,39,42,20,201.00,"4,020.00"
2019-08-21,2019082101005863,RHPL,39,25,40,201.00,"8,040.00"
2019-08-21,2019082101005931,RHPL,34,44,40,201.00,"8,040.00"
2019-08-21,2019082101005930,RHPL,34,6,40,201.00,"8,040.00"
2019-08-21,2019082101005927,RHPL,14,42,20,200.00,"4,000.00"
2019-08-21,2019082101005926,RHPL,14,3,10,200.00,"2,000.00"
2019-08-21,2019082101005901,RHPL,14,42,20,200.00,"4,000.00"
2019-08-21,2019082101005886,RHPL,14,42,20,200.00,"4,000.00"
2019-08-21,2019082101005956,RHPL,43,44,10,200.00,"2,000.00"
2019-08-21,2019082101005955,RHPL,14,44,30,200.00,"6,000.00"
2019-08-21,2019082101005942,RHPL,14,18,10,200.00,"2,000.00"
2019-08-21,2019082101005941,RHPL,14,39,40,200.00,"8,000.00"
2019-08-21,2019082101005934,RHPL,14,44,40,200.00,"8,000.00"
2019-08-21,2019082101005932,RHPL,34,6,20,201.00,"4,020.00"
2019-08-21,2019082101005982,RHPL,34,6,10,201.00,"2,010.00"
2019-08-21,2019082101005981,RHPL,34,6,10,201.00,"2,010.00"
2019-08-21,2019082101005980,RHPL,34,6,50,201.00,"10,050.00"
2019-08-21,2019082101005979,RHPL,34,6,20,201.00,"4,020.00"
2019-08-21,2019082101005976,RHPL,43,41,50,200.00,"10,000.00"
2019-08-21,2019082101005961,RHPL,43,53,50,200.00,"10,000.00"
2019-08-21,2019082101006050,RHPL,37,38,90,201.00,"18,090.00"
2019-08-21,2019082101006040,RHPL,37,52,110,201.00,"22,110.00"
2019-08-21,2019082101006039,RHPL,34,52,90,201.00,"18,090.00"
2019-08-21,2019082101006014,RHPL,34,53,40,201.00,"8,040.00"
2019-08-21,2019082101005984,RHPL,34,44,40,201.00,"8,040.00"
2019-08-21,2019082101005983,RHPL,34,6,40,201.00,"8,040.00"
2019-08-21,2019082101006162,RHPL,57,43,30,201.00,"6,030.00"
2019-08-21,2019082101006158,RHPL,57,43,30,201.00,"6,030.00"
2019-08-21,2019082101006157,RHPL,57,43,30,201.00,"6,030.00"
2019-08-21,2019082101006156,RHPL,57,38,110,201.00,"22,110.00"
2019-08-21,2019082101006114,RHPL,43,45,40,200.00,"8,000.00"
2019-08-21,2019082101006064,RHPL,42,38,50,201.00,"10,050.00"
2019-08-21,2019082101005974,RSDC,42,33,49,351.00,"17,199.00"
2019-08-21,2019082101005973,RSDC,39,33,100,351.00,"35,100.00"
2019-08-21,2019082101005972,RSDC,19,33,100,353.00,"35,300.00"
2019-08-21,2019082101005971,RSDC,57,33,20,355.00,"7,100.00"
2019-08-21,2019082101005970,RSDC,45,33,81,355.00,"28,755.00"
2019-08-21,2019082101006099,SANIMA,34,49,28,348.00,"9,744.00"
2019-08-21,2019082101006098,SANIMA,48,49,165,349.00,"57,585.00"
2019-08-21,2019082101006097,SANIMA,34,49,593,349.00,"206,957.00"
2019-08-21,2019082101005875,SANIMA,39,49,100,350.00,"35,000.00"
2019-08-21,2019082101005821,SANIMA,22,49,100,350.00,"35,000.00"
2019-08-21,2019082101005820,SANIMA,32,49,50,350.00,"17,500.00"
2019-08-21,2019082101005819,SANIMA,58,49,58,351.00,"20,358.00"
2019-08-21,2019082101005818,SANIMA,4,49,66,351.00,"23,166.00"
2019-08-21,2019082101005938,SBI,43,25,81,445.00,"36,045.00"
2019-08-21,2019082101005937,SBI,36,25,119,445.00,"52,955.00"
2019-08-21,2019082101005969,SBL,49,49,"2,353",315.00,"741,195.00"
2019-08-21,2019082101006179,SCB,52,16,199,634.00,"126,166.00"
2019-08-21,2019082101006166,SCB,34,16,100,634.00,"63,400.00"
2019-08-21,2019082101006165,SCB,6,16,20,634.00,"12,680.00"
2019-08-21,2019082101005916,SCB,1,25,98,635.00,"62,230.00"
2019-08-21,2019082101005953,SCB,45,25,19,635.00,"12,065.00"
2019-08-21,2019082101005952,SCB,1,25,79,635.00,"50,165.00"
2019-08-21,2019082101005943,SCB,1,34,190,635.00,"120,650.00"
2019-08-21,2019082101006164,SCB,39,16,10,635.00,"6,350.00"
2019-08-21,2019082101006163,SCB,45,16,81,635.00,"51,435.00"
2019-08-21,2019082101006141,SCB,52,25,98,635.00,"62,230.00"
2019-08-21,2019082101006238,SDESI,45,58,200,622.00,"124,400.00"
2019-08-21,2019082101006237,SDESI,45,58,140,623.00,"87,220.00"
2019-08-21,2019082101006183,SDESI,45,43,10,623.00,"6,230.00"
2019-08-21,2019082101006182,SDESI,45,43,30,623.00,"18,690.00"
2019-08-21,2019082101006160,SHINE,35,56,200,247.00,"49,400.00"
2019-08-21,2019082101006130,SHIVM,3,38,100,582.00,"58,200.00"
2019-08-21,2019082101006129,SHIVM,3,16,65,582.00,"37,830.00"
2019-08-21,2019082101005958,SHIVM,50,26,210,581.00,"122,010.00"
2019-08-21,2019082101005957,SHIVM,51,26,290,581.00,"168,490.00"
2019-08-21,2019082101005933,SHIVM,51,48,100,581.00,"58,100.00"
2019-08-21,2019082101005804,SHIVM,52,16,200,582.00,"116,400.00"
2019-08-21,2019082101005803,SHIVM,14,16,60,582.00,"34,920.00"
2019-08-21,2019082101005802,SHIVM,14,3,40,582.00,"23,280.00"
2019-08-21,2019082101005801,SHIVM,26,3,10,582.00,"5,820.00"
2019-08-21,2019082101005775,SHIVM,26,38,40,582.00,"23,280.00"
2019-08-21,2019082101005915,SHIVM,51,3,50,581.00,"29,050.00"
2019-08-21,2019082101005895,SHIVM,51,26,60,581.00,"34,860.00"
2019-08-21,2019082101005894,SHIVM,50,26,500,581.00,"290,500.00"
2019-08-21,2019082101005893,SHIVM,51,26,500,581.00,"290,500.00"
2019-08-21,2019082101005892,SHIVM,51,26,440,581.00,"255,640.00"
2019-08-21,2019082101005805,SHIVM,16,16,200,582.00,"116,400.00"
2019-08-21,2019082101006213,SHL,37,43,300,228.00,"68,400.00"
2019-08-21,2019082101005968,SHPC,45,13,"1,000",225.00,"225,000.00"
2019-08-21,2019082101006235,SICL,11,33,30,780.00,"23,400.00"
2019-08-21,2019082101006187,SINDU,58,6,55,129.00,"7,095.00"
2019-08-21,2019082101006180,SINDU,52,6,50,129.00,"6,450.00"
2019-08-21,2019082101006053,SINDU,52,6,20,131.00,"2,620.00"
2019-08-21,2019082101006217,SJCL,33,41,20,217.00,"4,340.00"
2019-08-21,2019082101006147,SJCL,33,57,10,217.00,"2,170.00"
2019-08-21,2019082101006119,SJCL,57,50,20,216.00,"4,320.00"
2019-08-21,2019082101006116,SJCL,57,45,20,216.00,"4,320.00"
2019-08-21,2019082101006023,SJCL,57,42,20,216.00,"4,320.00"
2019-08-21,2019082101005786,SJCL,45,39,20,216.00,"4,320.00"
2019-08-21,2019082101005770,SJCL,45,41,20,216.00,"4,320.00"
2019-08-21,2019082101005762,SJCL,45,42,20,216.00,"4,320.00"
2019-08-21,2019082101005870,SJCL,45,39,20,216.00,"4,320.00"
2019-08-21,2019082101005864,SJCL,45,42,20,216.00,"4,320.00"
2019-08-21,2019082101005847,SJCL,45,39,20,216.00,"4,320.00"
2019-08-21,2019082101005838,SJCL,45,11,20,216.00,"4,320.00"
2019-08-21,2019082101005837,SJCL,45,44,10,216.00,"2,160.00"
2019-08-21,2019082101005811,SJCL,45,42,20,216.00,"4,320.00"
2019-08-21,2019082101005944,SJCL,37,3,10,216.00,"2,160.00"
2019-08-21,2019082101005920,SJCL,37,18,10,216.00,"2,160.00"
2019-08-21,2019082101005902,SJCL,37,54,20,216.00,"4,320.00"
2019-08-21,2019082101005896,SJCL,37,53,20,216.00,"4,320.00"
2019-08-21,2019082101005891,SJCL,37,39,20,216.00,"4,320.00"
2019-08-21,2019082101005890,SJCL,37,44,20,216.00,"4,320.00"
2019-08-21,2019082101006021,SJCL,57,53,20,216.00,"4,320.00"
2019-08-21,2019082101006009,SJCL,37,57,190,217.00,"41,230.00"
2019-08-21,2019082101006008,SJCL,37,21,10,217.00,"2,170.00"
2019-08-21,2019082101005966,SJCL,57,53,20,216.00,"4,320.00"
2019-08-21,2019082101005954,SJCL,37,22,20,216.00,"4,320.00"
2019-08-21,2019082101005951,SJCL,37,39,20,216.00,"4,320.00"
2019-08-21,2019082101006047,SKBBL,45,46,282,990.00,"279,180.00"
2019-08-21,2019082101006046,SKBBL,45,38,283,990.00,"280,170.00"
2019-08-21,2019082101006045,SKBBL,45,17,400,990.00,"396,000.00"
2019-08-21,2019082101006044,SKBBL,45,22,300,990.00,"297,000.00"
2019-08-21,2019082101006043,SKBBL,45,49,71,990.00,"70,290.00"
2019-08-21,2019082101006042,SKBBL,45,38,500,989.00,"494,500.00"
2019-08-21,2019082101006041,SKBBL,45,41,200,988.00,"197,600.00"
2019-08-21,2019082101005907,SKBBL,34,11,100,981.00,"98,100.00"
2019-08-21,2019082101005852,SKBBL,45,51,25,985.00,"24,625.00"
2019-08-21,2019082101006196,SLBBL,55,43,200,561.00,"112,200.00"
2019-08-21,2019082101006241,SLBSL,58,58,10,715.00,"7,150.00"
2019-08-21,2019082101006189,SMB,13,34,100,480.00,"48,000.00"
2019-08-21,2019082101006188,SMB,22,34,30,482.00,"14,460.00"
2019-08-21,2019082101006202,SMFBS,22,47,10,811.00,"8,110.00"
2019-08-21,2019082101006049,SMFBS,13,57,20,811.00,"16,220.00"
2019-08-21,2019082101006010,SPARS,7,3,10,600.00,"6,000.00"
2019-08-21,2019082101005877,SWBBL,33,18,100,923.00,"92,300.00"
2019-08-21,2019082101005772,SWBBL,34,16,150,920.00,"138,000.00"
2019-08-21,2019082101005771,SWBBL,34,43,31,920.00,"28,520.00"
2019-08-21,2019082101005975,TRH,4,38,100,306.00,"30,600.00"
2019-08-21,2019082101005965,TRH,4,8,150,306.00,"45,900.00"
2019-08-21,2019082101005849,TRH,4,34,270,306.00,"82,620.00"
2019-08-21,2019082101005848,TRH,4,34,230,306.00,"70,380.00"
2019-08-21,2019082101006206,UMHL,7,13,300,105.00,"31,500.00"
2019-08-21,2019082101006205,UMHL,57,13,100,105.00,"10,500.00"
2019-08-21,2019082101006204,UMHL,48,13,108,105.00,"11,340.00"
2019-08-21,2019082101006089,UPCL,7,34,210,82.00,"17,220.00"
2019-08-21,2019082101006088,UPCL,7,39,90,82.00,"7,380.00"
2019-08-21,2019082101006137,UPPER,41,59,986,255.00,"251,430.00"
2019-08-21,2019082101006136,UPPER,49,59,50,255.00,"12,750.00"
2019-08-21,2019082101006135,UPPER,25,59,100,255.00,"25,500.00"
2019-08-21,2019082101006134,UPPER,38,59,500,255.00,"127,500.00"
2019-08-21,2019082101006133,UPPER,38,59,"1,000",255.00,"255,000.00"
2019-08-21,2019082101005882,UPPER,58,3,10,256.00,"2,560.00"
2019-08-21,2019082101005776,UPPER,58,3,40,256.00,"10,240.00"
2019-08-21,2019082101006027,UPPER,56,3,40,255.00,"10,200.00"
2019-08-21,2019082101006007,UPPER,45,44,"1,000",257.00,"257,000.00"
2019-08-21,2019082101006006,UPPER,45,54,120,257.00,"30,840.00"
2019-08-21,2019082101006005,UPPER,45,59,280,257.00,"71,960.00"
2019-08-21,2019082101005959,UPPER,56,48,50,255.00,"12,750.00"
2019-08-21,2019082101005883,UPPER,56,3,30,255.00,"7,650.00"
2019-08-21,2019082101006132,UPPER,45,59,20,255.00,"5,100.00"
2019-08-21,2019082101006131,UPPER,56,59,344,255.00,"87,720.00"
2019-08-21,2019082101006107,UPPER,56,50,50,255.00,"12,750.00"
2019-08-21,2019082101006094,UPPER,56,39,40,255.00,"10,200.00"
2019-08-21,2019082101006065,UPPER,1,59,100,256.00,"25,600.00"
2019-08-21,2019082101006056,UPPER,41,55,200,257.00,"51,400.00"
2019-08-21,2019082101006122,VLBS,48,39,1,590.00,590.00
2019-08-21,2019082101005787,VLBS,45,10,53,588.00,"31,164.00"
2019-08-21,2019082101005737,ADBL,16,58,200,429.00,"85,800.00"
2019-08-21,2019082101005684,ADBL,21,58,87,429.00,"37,323.00"
2019-08-21,2019082101005683,ADBL,21,14,163,429.00,"69,927.00"
2019-08-21,2019082101005678,ADBL,53,10,500,428.00,"214,000.00"
2019-08-21,2019082101005677,ADBL,53,8,96,428.00,"41,088.00"
2019-08-21,2019082101005674,ADBL,21,8,250,428.00,"107,000.00"
2019-08-21,2019082101005615,ADBL,51,8,90,428.00,"38,520.00"
2019-08-21,2019082101005614,ADBL,44,8,179,428.00,"76,612.00"
2019-08-21,2019082101005578,ADBL,44,8,521,428.00,"222,988.00"
2019-08-21,2019082101005577,ADBL,45,8,500,428.00,"214,000.00"
2019-08-21,2019082101005408,ADBL,25,14,100,429.00,"42,900.00"
2019-08-21,2019082101005350,ADBL,26,14,10,429.00,"4,290.00"
2019-08-21,2019082101005747,AKJCL,44,44,20,66.00,"1,320.00"
2019-08-21,2019082101005679,AKJCL,29,11,10,65.00,650.00
2019-08-21,2019082101005576,AKJCL,29,11,20,65.00,"1,300.00"
2019-08-21,2019082101005449,AKJCL,29,11,20,65.00,"1,300.00"
2019-08-21,2019082101005324,AKJCL,29,11,20,65.00,"1,300.00"
2019-08-21,2019082101005260,AKJCL,29,11,20,65.00,"1,300.00"
2019-08-21,2019082101005725,ALBSL,25,42,10,461.00,"4,610.00"
2019-08-21,2019082101005598,ALBSL,29,48,170,466.00,"79,220.00"
2019-08-21,2019082101005597,ALBSL,29,21,30,465.00,"13,950.00"
2019-08-21,2019082101005595,ALBSL,25,11,10,461.00,"4,610.00"
2019-08-21,2019082101005584,ALBSL,26,21,20,465.00,"9,300.00"
2019-08-21,2019082101005472,ALBSL,46,21,20,465.00,"9,300.00"
2019-08-21,2019082101005411,ALBSL,25,42,10,461.00,"4,610.00"
2019-08-21,2019082101005342,ALBSL,25,21,20,465.00,"9,300.00"
2019-08-21,2019082101005339,ALBSL,25,11,10,461.00,"4,610.00"
2019-08-21,2019082101005492,ALICL,41,38,192,338.00,"64,896.00"
2019-08-21,2019082101005491,ALICL,41,28,150,338.00,"50,700.00"
2019-08-21,2019082101005744,API,57,42,400,128.00,"51,200.00"
2019-08-21,2019082101005743,API,36,42,50,128.00,"6,400.00"
2019-08-21,2019082101005742,API,25,42,100,128.00,"12,800.00"
2019-08-21,2019082101005741,API,25,42,107,128.00,"13,696.00"
2019-08-21,2019082101005740,API,41,42,100,129.00,"12,900.00"
2019-08-21,2019082101005688,API,6,11,10,129.00,"1,290.00"
2019-08-21,2019082101005605,API,6,11,10,129.00,"1,290.00"
2019-08-21,2019082101005368,API,25,20,13,130.00,"1,690.00"
2019-08-21,2019082101005346,API,6,11,10,129.00,"1,290.00"
2019-08-21,2019082101005267,API,6,11,11,129.00,"1,419.00"
2019-08-21,2019082101005322,BFC,46,51,50,95.00,"4,750.00"
2019-08-21,2019082101005375,BPCL,5,45,55,387.00,"21,285.00"
2019-08-21,2019082101005602,CBBL,45,58,35,990.00,"34,650.00"
2019-08-21,2019082101005567,CBL,45,42,100,147.00,"14,700.00"
2019-08-21,2019082101005376,CBL,56,42,231,147.00,"33,957.00"
2019-08-21,2019082101005691,CCBL,52,48,200,160.00,"32,000.00"
2019-08-21,2019082101005575,CCBL,10,52,200,160.00,"32,000.00"
2019-08-21,2019082101005574,CCBL,10,57,"1,000",160.00,"160,000.00"
2019-08-21,2019082101005723,CEFL,4,17,60,110.00,"6,600.00"
2019-08-21,2019082101005634,CEFL,44,17,"1,000",108.00,"108,000.00"
2019-08-21,2019082101005633,CEFL,52,17,20,108.00,"2,160.00"
2019-08-21,2019082101005632,CEFL,44,17,10,110.00,"1,100.00"
2019-08-21,2019082101005626,CHCL,56,43,405,452.00,"183,060.00"
2019-08-21,2019082101005625,CHCL,56,46,44,452.00,"19,888.00"
2019-08-21,2019082101005294,CHCL,22,43,30,452.00,"13,560.00"
2019-08-21,2019082101005518,CIT,25,58,1,"2,400.00","2,400.00"
2019-08-21,2019082101005511,CIT,59,17,10,"2,402.00","24,020.00"
2019-08-21,2019082101005510,CIT,58,17,20,"2,406.00","48,120.00"
2019-08-21,2019082101005509,CIT,25,17,20,"2,410.00","48,200.00"
2019-08-21,2019082101005487,CIT,39,17,10,"2,431.00","24,310.00"
2019-08-21,2019082101005308,CIT,39,35,10,"2,431.00","24,310.00"
2019-08-21,2019082101005307,CIT,40,35,10,"2,431.00","24,310.00"
2019-08-21,2019082101005591,CZBIL,54,22,33,215.00,"7,095.00"
2019-08-21,2019082101005590,CZBIL,44,22,100,215.00,"21,500.00"
2019-08-21,2019082101005589,CZBIL,56,22,500,215.00,"107,500.00"
2019-08-21,2019082101005588,CZBIL,1,22,100,215.00,"21,500.00"
2019-08-21,2019082101005587,CZBIL,26,22,40,215.00,"8,600.00"
2019-08-21,2019082101005462,DBBL,1,48,147,136.00,"19,992.00"
2019-08-21,2019082101005362,DBBL,45,48,53,136.00,"7,208.00"
2019-08-21,2019082101005361,DBBL,45,7,427,136.00,"58,072.00"
2019-08-21,2019082101005360,DBBL,45,1,20,136.00,"2,720.00"
2019-08-21,2019082101005721,DDBL,16,25,50,749.00,"37,450.00"
2019-08-21,2019082101005720,DDBL,52,25,200,749.00,"149,800.00"
2019-08-21,2019082101005719,DDBL,39,25,50,750.00,"37,500.00"
2019-08-21,2019082101005718,DDBL,52,25,100,751.00,"75,100.00"
2019-08-21,2019082101005717,DDBL,34,25,500,752.00,"376,000.00"
2019-08-21,2019082101005716,DDBL,52,25,100,753.00,"75,300.00"
2019-08-21,2019082101005519,DHPL,34,22,10,57.00,570.00
2019-08-21,2019082101005366,DHPL,34,1,10,56.00,560.00
2019-08-21,2019082101005365,DHPL,34,26,777,56.00,"43,512.00"
2019-08-21,2019082101005338,DHPL,22,26,"1,000",56.00,"56,000.00"
2019-08-21,2019082101005528,EBL,32,22,100,655.00,"65,500.00"
2019-08-21,2019082101005527,EBL,32,57,100,655.00,"65,500.00"
2019-08-21,2019082101005526,EBL,32,17,200,655.00,"131,000.00"
2019-08-21,2019082101005525,EBL,32,36,80,654.00,"52,320.00"
2019-08-21,2019082101005320,EBL,22,36,20,654.00,"13,080.00"
2019-08-21,2019082101005303,EBL,4,13,100,650.00,"65,000.00"
2019-08-21,2019082101005302,EBL,4,40,39,650.00,"25,350.00"
2019-08-21,2019082101005301,EBL,4,35,20,648.00,"12,960.00"
2019-08-21,2019082101005353,FMDBL,39,4,450,392.00,"176,400.00"
2019-08-21,2019082101005281,FMDBL,6,4,50,392.00,"19,600.00"
2019-08-21,2019082101005619,GBBL,4,40,977,216.00,"211,032.00"
2019-08-21,2019082101005503,GBBL,39,40,23,216.00,"4,968.00"
2019-08-21,2019082101005502,GBBL,39,52,177,216.00,"38,232.00"
2019-08-21,2019082101005347,GBBL,4,52,100,216.00,"21,600.00"
2019-08-21,2019082101005596,GBLBS,6,41,10,361.00,"3,610.00"
2019-08-21,2019082101005604,GFCL,41,21,108,141.00,"15,228.00"
2019-08-21,2019082101005524,GILB,11,32,26,771.00,"20,046.00"
2019-08-21,2019082101005523,GILB,11,56,39,771.00,"30,069.00"
2019-08-21,2019082101005712,GMFBS,34,17,10,534.00,"5,340.00"
2019-08-21,2019082101005499,GMFBS,5,16,50,535.00,"26,750.00"
2019-08-21,2019082101005468,GMFBS,34,11,10,534.00,"5,340.00"
2019-08-21,2019082101005647,HBL,4,8,288,557.00,"160,416.00"
2019-08-21,2019082101005646,HBL,4,8,210,557.00,"116,970.00"
2019-08-21,2019082101005645,HBL,26,8,22,558.00,"12,276.00"
2019-08-21,2019082101005638,HBL,26,17,10,558.00,"5,580.00"
2019-08-21,2019082101005637,HBL,26,25,68,558.00,"37,944.00"
2019-08-21,2019082101005483,HBL,4,8,340,557.00,"189,380.00"
2019-08-21,2019082101005341,HBL,22,8,20,560.00,"11,200.00"
2019-08-21,2019082101005622,HDL,21,49,10,"1,555.00","15,550.00"
2019-08-21,2019082101005323,HGI,44,35,50,322.00,"16,100.00"
2019-08-21,2019082101005709,HIDCL,6,48,319,147.00,"46,893.00"
2019-08-21,2019082101005603,HIDCL,6,44,61,147.00,"8,967.00"
2019-08-21,2019082101005312,HPPL,43,45,10,154.00,"1,540.00"
2019-08-21,2019082101005513,HURJA,51,39,20,126.00,"2,520.00"
2019-08-21,2019082101005446,HURJA,11,58,20,124.00,"2,480.00"
2019-08-21,2019082101005699,ILBS,14,11,10,466.00,"4,660.00"
2019-08-21,2019082101005681,ILBS,38,52,10,470.00,"4,700.00"
2019-08-21,2019082101005550,ILBS,38,41,10,465.00,"4,650.00"
2019-08-21,2019082101005391,ILBS,25,1,10,470.00,"4,700.00"
2019-08-21,2019082101005390,ILBS,25,44,10,469.00,"4,690.00"
2019-08-21,2019082101005289,ILBS,45,48,210,468.00,"98,280.00"
2019-08-21,2019082101005272,ILBS,22,48,130,468.00,"60,840.00"
2019-08-21,2019082101005271,ILBS,22,17,70,467.00,"32,690.00"
2019-08-21,2019082101005255,ILBS,25,17,20,467.00,"9,340.00"
2019-08-21,2019082101005254,JBBL,47,35,"1,000",159.00,"159,000.00"
2019-08-21,2019082101005423,JFL,58,49,10,195.00,"1,950.00"
2019-08-21,2019082101005422,JFL,58,59,70,194.00,"13,580.00"
2019-08-21,2019082101005421,JFL,58,58,14,192.00,"2,688.00"
2019-08-21,2019082101005306,JFL,42,58,140,192.00,"26,880.00"
2019-08-21,2019082101005305,JFL,42,49,10,192.00,"1,920.00"
2019-08-21,2019082101005533,JSLBB,55,39,10,975.00,"9,750.00"
2019-08-21,2019082101005532,JSLBB,38,39,20,976.00,"19,520.00"
2019-08-21,2019082101005748,KBL,55,28,200,205.00,"41,000.00"
2019-08-21,2019082101005705,KBL,39,43,81,204.00,"16,524.00"
2019-08-21,2019082101005704,KBL,29,43,25,204.00,"5,100.00"
2019-08-21,2019082101005703,KBL,32,43,794,204.00,"161,976.00"
2019-08-21,2019082101005702,KBL,16,43,100,204.00,"20,400.00"
2019-08-21,2019082101005531,KKHC,7,42,10,60.00,600.00
2019-08-21,2019082101005711,KPCL,42,11,10,83.00,830.00
2019-08-21,2019082101005355,KPCL,52,11,10,83.00,830.00
2019-08-21,2019082101005278,KPCL,52,11,10,83.00,830.00
2019-08-21,2019082101005620,KPCL,42,11,10,83.00,830.00
2019-08-21,2019082101005549,KPCL,52,11,10,83.00,830.00
2019-08-21,2019082101005693,KSBBL,14,14,100,145.00,"14,500.00"
2019-08-21,2019082101005371,KSBBL,38,14,"1,000",145.00,"145,000.00"
2019-08-21,2019082101005370,KSBBL,21,14,300,145.00,"43,500.00"
2019-08-21,2019082101005369,KSBBL,42,14,250,145.00,"36,250.00"
2019-08-21,2019082101005559,LBBL,4,45,310,179.00,"55,490.00"
2019-08-21,2019082101005358,LBBL,4,38,270,180.00,"48,600.00"
2019-08-21,2019082101005357,LBBL,4,53,80,179.00,"14,320.00"
2019-08-21,2019082101005352,LBBL,4,53,170,179.00,"30,430.00"
2019-08-21,2019082101005351,LBBL,4,45,200,179.00,"35,800.00"
2019-08-21,2019082101005734,LBL,44,48,24,216.00,"5,184.00"
2019-08-21,2019082101005364,LBL,4,6,20,217.00,"4,340.00"
2019-08-21,2019082101005325,LBL,44,34,20,216.00,"4,320.00"
2019-08-21,2019082101005431,LEMF,1,6,"1,000",7.69,"7,690.00"
2019-08-21,2019082101005413,LEMF,45,6,400,7.70,"3,080.00"
2019-08-21,2019082101005534,LGIL,28,45,4,401.00,"1,604.00"
2019-08-21,2019082101005466,LLBS,11,43,50,755.00,"37,750.00"
2019-08-21,2019082101005569,MBL,4,54,40,255.00,"10,200.00"
2019-08-21,2019082101005568,MBL,4,32,83,255.00,"21,165.00"
2019-08-21,2019082101005379,MBL,4,54,27,255.00,"6,885.00"
2019-08-21,2019082101005378,MBL,4,46,293,255.00,"74,715.00"
2019-08-21,2019082101005269,MEGA,45,22,200,200.00,"40,000.00"
2019-08-21,2019082101005508,MEGA,49,22,"2,300",200.00,"460,000.00"
2019-08-21,2019082101005494,MEGA,49,22,"2,000",200.00,"400,000.00"
2019-08-21,2019082101005473,MEGA,49,22,"2,000",200.00,"400,000.00"
2019-08-21,2019082101005552,MEGA,51,22,108,200.00,"21,600.00"
2019-08-21,2019082101005555,MERO,52,43,70,535.00,"37,450.00"
2019-08-21,2019082101005253,MERO,45,48,13,530.00,"6,890.00"
2019-08-21,2019082101005739,MHNL,16,48,100,96.00,"9,600.00"
2019-08-21,2019082101005644,MHNL,59,29,500,97.00,"48,500.00"
2019-08-21,2019082101005643,MHNL,38,29,100,98.00,"9,800.00"
2019-08-21,2019082101005642,MHNL,25,29,100,98.00,"9,800.00"
2019-08-21,2019082101005641,MHNL,45,29,100,98.00,"9,800.00"
2019-08-21,2019082101005728,MLBL,4,52,479,210.00,"100,590.00"
2019-08-21,2019082101005727,MLBL,58,52,150,210.00,"31,500.00"
2019-08-21,2019082101005726,MLBL,26,52,100,210.00,"21,000.00"
2019-08-21,2019082101005639,MLBL,4,51,36,211.00,"7,596.00"
2019-08-21,2019082101005283,MLBL,14,17,100,209.00,"20,900.00"
2019-08-21,2019082101005261,MLBL,14,17,500,209.00,"104,500.00"
2019-08-21,2019082101005334,MLBL,14,40,54,210.00,"11,340.00"
2019-08-21,2019082101005333,MLBL,14,33,25,210.00,"5,250.00"
2019-08-21,2019082101005300,MLBL,49,13,414,209.00,"86,526.00"
2019-08-21,2019082101005293,MLBL,50,13,"1,000",209.00,"209,000.00"
2019-08-21,2019082101005287,MLBL,48,13,10,209.00,"2,090.00"
2019-08-21,2019082101005286,MLBL,48,17,290,209.00,"60,610.00"
2019-08-21,2019082101005465,MLBL,4,26,44,211.00,"9,284.00"
2019-08-21,2019082101005387,MLBL,4,34,30,211.00,"6,330.00"
2019-08-21,2019082101005386,MLBL,4,47,200,211.00,"42,200.00"
2019-08-21,2019082101005336,MLBL,14,21,"1,000",210.00,"210,000.00"
2019-08-21,2019082101005335,MLBL,14,38,"1,000",210.00,"210,000.00"
2019-08-21,2019082101005579,MNBBL,4,48,170,330.00,"56,100.00"
2019-08-21,2019082101005401,MNBBL,4,20,100,329.00,"32,900.00"
2019-08-21,2019082101005400,MNBBL,4,26,82,328.00,"26,896.00"
2019-08-21,2019082101005373,MNBBL,4,26,152,328.00,"49,856.00"
2019-08-21,2019082101005372,MNBBL,4,6,38,328.00,"12,464.00"
2019-08-21,2019082101005540,MSLB,48,51,53,984.00,"52,152.00"
2019-08-21,2019082101005539,MSLB,48,43,50,984.00,"49,200.00"
2019-08-21,2019082101005497,MSLB,48,6,100,983.00,"98,300.00"
2019-08-21,2019082101005493,MSLB,48,43,17,982.00,"16,694.00"
2019-08-21,2019082101005558,MSMBS,40,10,10,501.00,"5,010.00"
2019-08-21,2019082101005610,NABIL,4,43,13,778.00,"10,114.00"
2019-08-21,2019082101005593,NABIL,17,43,50,778.00,"38,900.00"
2019-08-21,2019082101005515,NABIL,4,45,77,777.00,"59,829.00"
2019-08-21,2019082101005514,NABIL,14,45,23,777.00,"17,871.00"
2019-08-21,2019082101005440,NABIL,51,43,30,778.00,"23,340.00"
2019-08-21,2019082101005410,NABIL,4,43,40,778.00,"31,120.00"
2019-08-21,2019082101005380,NABIL,4,43,100,778.00,"77,800.00"
2019-08-21,2019082101005356,NABIL,21,43,100,778.00,"77,800.00"
2019-08-21,2019082101005263,NABIL,32,59,50,779.00,"38,950.00"
2019-08-21,2019082101005326,NADEP,32,4,50,476.00,"23,800.00"
2019-08-21,2019082101005256,NADEP,26,4,10,476.00,"4,760.00"
2019-08-21,2019082101005738,NAGRO,57,42,10,775.00,"7,750.00"
2019-08-21,2019082101005340,NAGRO,39,45,20,779.00,"15,580.00"
2019-08-21,2019082101005345,NBB,32,34,"1,000",216.00,"216,000.00"
2019-08-21,2019082101005344,NBB,32,38,173,216.00,"37,368.00"
2019-08-21,2019082101005319,NBB,42,1,147,215.00,"31,605.00"
2019-08-21,2019082101005318,NBB,56,1,100,215.00,"21,500.00"
2019-08-21,2019082101005317,NBB,28,1,800,215.00,"172,000.00"
2019-08-21,2019082101005316,NBB,42,1,50,215.00,"10,750.00"
2019-08-21,2019082101005315,NBB,8,1,700,215.00,"150,500.00"
2019-08-21,2019082101005706,NBL,53,26,130,325.00,"42,250.00"
2019-08-21,2019082101005697,NBL,10,26,300,325.00,"97,500.00"
2019-08-21,2019082101005594,NBL,22,26,200,325.00,"65,000.00"
2019-08-21,2019082101005471,NBL,45,26,100,325.00,"32,500.00"
2019-08-21,2019082101005464,NBL,16,26,250,325.00,"81,250.00"
2019-08-21,2019082101005403,NBL,7,26,420,325.00,"136,500.00"
2019-08-21,2019082101005402,NBL,7,19,580,325.00,"188,500.00"
2019-08-21,2019082101005393,NBL,48,19,200,325.00,"65,000.00"
2019-08-21,2019082101005383,NBL,22,19,220,325.00,"71,500.00"
2019-08-21,2019082101005382,NBL,22,17,230,325.00,"74,750.00"
2019-08-21,2019082101005337,NBL,48,17,500,325.00,"162,500.00"
2019-08-21,2019082101005266,NBL,47,48,200,324.00,"64,800.00"
2019-08-21,2019082101005729,NCCB,32,32,"2,000",205.00,"410,000.00"
2019-08-21,2019082101005469,NCCB,58,8,250,204.00,"51,000.00"
2019-08-21,2019082101005367,NCCB,26,11,10,205.00,"2,050.00"
2019-08-21,2019082101005265,NCCB,56,11,10,205.00,"2,050.00"
2019-08-21,2019082101005285,NEF,10,10,"225,000",7.81,"1,757,250.00"
2019-08-21,2019082101005653,NIB,56,22,50,469.00,"23,450.00"
2019-08-21,2019082101005652,NIB,52,22,48,469.00,"22,512.00"
2019-08-21,2019082101005651,NIB,22,22,22,469.00,"10,318.00"
2019-08-21,2019082101005640,NIB,43,26,200,470.00,"94,000.00"
2019-08-21,2019082101005592,NIB,45,44,50,470.00,"23,500.00"
2019-08-21,2019082101005560,NIB,56,44,100,470.00,"47,000.00"
2019-08-21,2019082101005329,NIB,7,44,50,470.00,"23,500.00"
2019-08-21,2019082101005314,NIB,32,42,14,469.00,"6,566.00"
2019-08-21,2019082101005313,NIB,55,42,25,469.00,"11,725.00"
2019-08-21,2019082101005280,NIB,55,48,25,469.00,"11,725.00"
2019-08-21,2019082101005279,NIB,59,48,19,469.00,"8,911.00"
2019-08-21,2019082101005457,NIB,22,48,38,469.00,"17,822.00"
2019-08-21,2019082101005456,NIB,22,48,20,469.00,"9,380.00"
2019-08-21,2019082101005455,NIB,34,48,50,469.00,"23,450.00"
2019-08-21,2019082101005454,NIB,37,48,20,469.00,"9,380.00"
2019-08-21,2019082101005453,NIB,32,48,426,469.00,"199,794.00"
2019-08-21,2019082101005388,NIB,32,49,60,469.00,"28,140.00"
2019-08-21,2019082101005606,NICA,17,4,50,455.00,"22,750.00"
2019-08-21,2019082101005495,NICA,1,4,500,455.00,"227,500.00"
2019-08-21,2019082101005482,NICA,53,4,10,455.00,"4,550.00"
2019-08-21,2019082101005444,NICA,44,4,273,455.00,"124,215.00"
2019-08-21,2019082101005443,NICA,44,55,150,455.00,"68,250.00"
2019-08-21,2019082101005442,NICA,44,44,10,455.00,"4,550.00"
2019-08-21,2019082101005441,NICA,44,25,67,455.00,"30,485.00"
2019-08-21,2019082101005399,NICA,57,25,"1,100",455.00,"500,500.00"
2019-08-21,2019082101005348,NICA,22,25,30,455.00,"13,650.00"
2019-08-21,2019082101005435,NLG,58,53,50,660.00,"33,000.00"
2019-08-21,2019082101005434,NLG,55,53,50,660.00,"33,000.00"
2019-08-21,2019082101005631,NLIC,19,21,15,864.00,"12,960.00"
2019-08-21,2019082101005623,NLIC,34,21,20,865.00,"17,300.00"
2019-08-21,2019082101005581,NLIC,34,21,22,865.00,"19,030.00"
2019-08-21,2019082101005580,NLIC,4,21,13,869.00,"11,297.00"
2019-08-21,2019082101005436,NLIC,4,45,17,868.00,"14,756.00"
2019-08-21,2019082101005311,NLIC,19,48,17,864.00,"14,688.00"
2019-08-21,2019082101005611,NMFBS,5,34,10,"1,495.00","14,950.00"
2019-08-21,2019082101005498,NSEWA,49,49,10,430.00,"4,300.00"
2019-08-21,2019082101005419,NTC,4,51,40,672.00,"26,880.00"
2019-08-21,2019082101005397,NTC,4,51,120,672.00,"80,640.00"
2019-08-21,2019082101005613,PCBL,46,38,10,278.00,"2,780.00"
2019-08-21,2019082101005612,PCBL,46,45,20,278.00,"5,560.00"
2019-08-21,2019082101005537,PFL,1,45,350,133.00,"46,550.00"
2019-08-21,2019082101005536,PFL,51,45,150,134.00,"20,100.00"
2019-08-21,2019082101005392,PFL,32,42,100,135.00,"13,500.00"
2019-08-21,2019082101005328,PIC,8,34,100,448.00,"44,800.00"
2019-08-21,2019082101005299,PIC,6,34,200,448.00,"89,600.00"
2019-08-21,2019082101005298,PIC,35,34,100,448.00,"44,800.00"
2019-08-21,2019082101005452,PICL,4,43,70,470.00,"32,900.00"
2019-08-21,2019082101005448,PICL,4,43,10,470.00,"4,700.00"
2019-08-21,2019082101005746,PLIC,45,45,200,407.00,"81,400.00"
2019-08-21,2019082101005685,PLIC,45,22,13,415.00,"5,395.00"
2019-08-21,2019082101005724,PMHPL,49,11,10,99.00,990.00
2019-08-21,2019082101005629,PMHPL,49,11,10,99.00,990.00
2019-08-21,2019082101005374,PMHPL,49,11,10,99.00,990.00
2019-08-21,2019082101005288,PMHPL,49,11,10,99.00,990.00
2019-08-21,2019082101005707,PPCL,45,8,30,101.00,"3,030.00"
2019-08-21,2019082101005586,PPCL,45,43,750,101.00,"75,750.00"
2019-08-21,2019082101005676,PRIN,7,45,42,345.00,"14,490.00"
2019-08-21,2019082101005433,PRIN,4,45,130,345.00,"44,850.00"
2019-08-21,2019082101005432,PRIN,4,45,120,345.00,"41,400.00"
2019-08-21,2019082101005649,PRVU,48,38,100,269.00,"26,900.00"
2019-08-21,2019082101005617,PRVU,48,43,100,269.00,"26,900.00"
2019-08-21,2019082101005563,PRVU,48,6,78,269.00,"20,982.00"
2019-08-21,2019082101005475,PRVU,17,28,78,270.00,"21,060.00"
2019-08-21,2019082101005474,PRVU,17,50,72,270.00,"19,440.00"
2019-08-21,2019082101005331,PRVU,22,50,28,270.00,"7,560.00"
2019-08-21,2019082101005330,PRVU,22,40,22,270.00,"5,940.00"
2019-08-21,2019082101005407,RADHI,22,45,11,136.00,"1,496.00"
2019-08-21,2019082101005749,RHPL,37,42,40,200.00,"8,000.00"
2019-08-21,2019082101005690,RHPL,37,48,40,200.00,"8,000.00"
2019-08-21,2019082101005675,RHPL,37,58,40,200.00,"8,000.00"
2019-08-21,2019082101005650,RHPL,37,48,40,200.00,"8,000.00"
2019-08-21,2019082101005624,RHPL,37,48,40,200.00,"8,000.00"
2019-08-21,2019082101005607,RHPL,37,48,40,200.00,"8,000.00"
2019-08-21,2019082101005250,RHPL,14,48,40,201.00,"8,040.00"
2019-08-21,2019082101005292,RHPL,17,48,40,200.00,"8,000.00"
2019-08-21,2019082101005282,RHPL,17,42,30,200.00,"6,000.00"
2019-08-21,2019082101005277,RHPL,17,48,40,200.00,"8,000.00"
2019-08-21,2019082101005264,RHPL,17,48,40,200.00,"8,000.00"
2019-08-21,2019082101005259,RHPL,17,48,20,200.00,"4,000.00"
2019-08-21,2019082101005258,RHPL,42,48,20,200.00,"4,000.00"
2019-08-21,2019082101005395,RHPL,17,48,40,200.00,"8,000.00"
2019-08-21,2019082101005384,RHPL,17,48,30,200.00,"6,000.00"
2019-08-21,2019082101005377,RHPL,17,48,40,200.00,"8,000.00"
2019-08-21,2019082101005349,RHPL,17,48,40,200.00,"8,000.00"
2019-08-21,2019082101005327,RHPL,17,48,40,200.00,"8,000.00"
2019-08-21,2019082101005304,RHPL,17,48,40,200.00,"8,000.00"
2019-08-21,2019082101005424,RHPL,17,42,20,200.00,"4,000.00"
2019-08-21,2019082101005420,RHPL,17,48,40,200.00,"8,000.00"
2019-08-21,2019082101005418,RHPL,56,21,40,201.00,"8,040.00"
2019-08-21,2019082101005417,RHPL,56,21,40,201.00,"8,040.00"
2019-08-21,2019082101005416,RHPL,56,39,10,201.00,"2,010.00"
2019-08-21,2019082101005409,RHPL,17,48,40,200.00,"8,000.00"
2019-08-21,2019082101005485,RHPL,57,42,20,201.00,"4,020.00"
2019-08-21,2019082101005484,RHPL,57,21,40,201.00,"8,040.00"
2019-08-21,2019082101005470,RHPL,37,48,40,200.00,"8,000.00"
2019-08-21,2019082101005459,RHPL,37,48,40,200.00,"8,000.00"
2019-08-21,2019082101005447,RHPL,37,48,50,200.00,"10,000.00"
2019-08-21,2019082101005425,RHPL,37,42,10,200.00,"2,000.00"
2019-08-21,2019082101005546,RHPL,57,48,40,201.00,"8,040.00"
2019-08-21,2019082101005530,RHPL,57,48,40,201.00,"8,040.00"
2019-08-21,2019082101005517,RHPL,57,48,40,201.00,"8,040.00"
2019-08-21,2019082101005507,RHPL,57,48,40,201.00,"8,040.00"
2019-08-21,2019082101005488,RHPL,57,48,40,201.00,"8,040.00"
2019-08-21,2019082101005486,RHPL,57,21,40,201.00,"8,040.00"
2019-08-21,2019082101005583,RHPL,37,48,30,200.00,"6,000.00"
2019-08-21,2019082101005582,RHPL,57,48,10,201.00,"2,010.00"
2019-08-21,2019082101005572,RHPL,57,21,40,201.00,"8,040.00"
2019-08-21,2019082101005566,RHPL,57,48,50,201.00,"10,050.00"
2019-08-21,2019082101005557,RHPL,57,48,50,201.00,"10,050.00"
2019-08-21,2019082101005556,RHPL,57,21,50,201.00,"10,050.00"
2019-08-21,2019082101005714,RRHP,38,8,10,104.00,"1,040.00"
2019-08-21,2019082101005628,RSDC,45,22,19,355.00,"6,745.00"
2019-08-21,2019082101005627,RSDC,39,22,136,355.00,"48,280.00"
2019-08-21,2019082101005609,RSDC,39,21,14,355.00,"4,970.00"
2019-08-21,2019082101005608,RSDC,49,21,20,355.00,"7,100.00"
2019-08-21,2019082101005570,RSDC,49,21,34,355.00,"12,070.00"
2019-08-21,2019082101005295,RSDC,49,48,63,355.00,"22,365.00"
2019-08-21,2019082101005656,SAEF,57,57,200,9.81,"1,962.00"
2019-08-21,2019082101005616,SAEF,57,32,"2,000",9.95,"19,900.00"
2019-08-21,2019082101005713,SANIMA,22,47,30,352.00,"10,560.00"
2019-08-21,2019082101005636,SANIMA,4,56,134,351.00,"47,034.00"
2019-08-21,2019082101005538,SANIMA,58,56,20,351.00,"7,020.00"
2019-08-21,2019082101005415,SANIMA,4,56,46,351.00,"16,146.00"
2019-08-21,2019082101005414,SANIMA,4,45,174,350.00,"60,900.00"
2019-08-21,2019082101005529,SBI,4,8,260,448.00,"116,480.00"
2019-08-21,2019082101005321,SBI,4,8,220,448.00,"98,560.00"
2019-08-21,2019082101005310,SBI,4,8,250,448.00,"112,000.00"
2019-08-21,2019082101005687,SCB,25,34,10,639.00,"6,390.00"
2019-08-21,2019082101005654,SCB,1,41,10,635.00,"6,350.00"
2019-08-21,2019082101005522,SCB,4,34,60,637.00,"38,220.00"
2019-08-21,2019082101005481,SCB,4,45,30,637.00,"19,110.00"
2019-08-21,2019082101005480,SCB,4,45,170,637.00,"108,290.00"
2019-08-21,2019082101005381,SCB,1,11,383,638.00,"244,354.00"
2019-08-21,2019082101005363,SCB,22,11,20,638.00,"12,760.00"
2019-08-21,2019082101005332,SCB,4,11,160,638.00,"102,080.00"
2019-08-21,2019082101005698,SDESI,45,43,10,625.00,"6,250.00"
2019-08-21,2019082101005635,SDESI,45,41,10,625.00,"6,250.00"
2019-08-21,2019082101005427,SHIVM,4,6,25,584.00,"14,600.00"
2019-08-21,2019082101005426,SHIVM,32,28,50,584.00,"29,200.00"
2019-08-21,2019082101005396,SHIVM,48,48,50,583.00,"29,150.00"
2019-08-21,2019082101005389,SHIVM,48,36,25,583.00,"14,575.00"
2019-08-21,2019082101005273,SHIVM,37,47,100,582.00,"58,200.00"
2019-08-21,2019082101005489,SHIVM,4,51,225,584.00,"131,400.00"
2019-08-21,2019082101005479,SHIVM,53,51,200,584.00,"116,800.00"
2019-08-21,2019082101005478,SHIVM,4,51,75,584.00,"43,800.00"
2019-08-21,2019082101005477,SHIVM,4,38,265,584.00,"154,760.00"
2019-08-21,2019082101005429,SHIVM,4,38,235,584.00,"137,240.00"
2019-08-21,2019082101005428,SHIVM,4,1,60,584.00,"35,040.00"
2019-08-21,2019082101005520,SHIVM,53,16,100,582.00,"58,200.00"
2019-08-21,2019082101005506,SHIVM,39,16,50,582.00,"29,100.00"
2019-08-21,2019082101005505,SHIVM,37,16,400,582.00,"232,800.00"
2019-08-21,2019082101005504,SHIVM,48,16,25,583.00,"14,575.00"
2019-08-21,2019082101005500,SHIVM,53,57,35,584.00,"20,440.00"
2019-08-21,2019082101005490,SHIVM,4,57,65,584.00,"37,960.00"
2019-08-21,2019082101005501,SHL,34,34,"1,000",228.00,"228,000.00"
2019-08-21,2019082101005460,SHL,50,43,660,228.00,"150,480.00"
2019-08-21,2019082101005439,SHL,49,34,"1,080",227.00,"245,160.00"
2019-08-21,2019082101005438,SHL,33,34,100,227.00,"22,700.00"
2019-08-21,2019082101005437,SHL,20,34,120,227.00,"27,240.00"
2019-08-21,2019082101005274,SHL,4,43,340,228.00,"77,520.00"
2019-08-21,2019082101005516,SICL,34,45,85,779.00,"66,215.00"
2019-08-21,2019082101005461,SICL,52,45,15,779.00,"11,685.00"
2019-08-21,2019082101005601,SIFC,26,22,18,156.00,"2,808.00"
2019-08-21,2019082101005450,SINDU,52,26,10,133.00,"1,330.00"
2019-08-21,2019082101005745,SJCL,45,57,20,216.00,"4,320.00"
2019-08-21,2019082101005736,SJCL,45,42,20,216.00,"4,320.00"
2019-08-21,2019082101005735,SJCL,45,11,20,216.00,"4,320.00"
2019-08-21,2019082101005722,SJCL,45,42,20,216.00,"4,320.00"
2019-08-21,2019082101005710,SJCL,45,42,20,216.00,"4,320.00"
2019-08-21,2019082101005700,SJCL,45,42,20,216.00,"4,320.00"
2019-08-21,2019082101005284,SJCL,6,48,20,216.00,"4,320.00"
2019-08-21,2019082101005270,SJCL,6,48,10,216.00,"2,160.00"
2019-08-21,2019082101005262,SJCL,6,48,20,216.00,"4,320.00"
2019-08-21,2019082101005252,SJCL,6,48,10,216.00,"2,160.00"
2019-08-21,2019082101005251,SJCL,37,48,10,217.00,"2,170.00"
2019-08-21,2019082101005343,SJCL,3,48,20,216.00,"4,320.00"
2019-08-21,2019082101005309,SJCL,3,48,20,216.00,"4,320.00"
2019-08-21,2019082101005297,SJCL,3,11,20,216.00,"4,320.00"
2019-08-21,2019082101005296,SJCL,3,48,20,216.00,"4,320.00"
2019-08-21,2019082101005291,SJCL,3,42,70,216.00,"15,120.00"
2019-08-21,2019082101005290,SJCL,6,42,30,216.00,"6,480.00"
2019-08-21,2019082101005406,SJCL,7,11,20,216.00,"4,320.00"
2019-08-21,2019082101005405,SJCL,7,48,10,216.00,"2,160.00"
2019-08-21,2019082101005404,SJCL,3,48,10,216.00,"2,160.00"
2019-08-21,2019082101005398,SJCL,3,48,20,216.00,"4,320.00"
2019-08-21,2019082101005385,SJCL,3,48,20,216.00,"4,320.00"
2019-08-21,2019082101005359,SJCL,3,48,20,216.00,"4,320.00"
2019-08-21,2019082101005463,SJCL,7,48,20,216.00,"4,320.00"
2019-08-21,2019082101005458,SJCL,45,16,20,217.00,"4,340.00"
2019-08-21,2019082101005451,SJCL,7,48,20,216.00,"4,320.00"
2019-08-21,2019082101005445,SJCL,7,42,10,216.00,"2,160.00"
2019-08-21,2019082101005430,SJCL,7,48,20,216.00,"4,320.00"
2019-08-21,2019082101005412,SJCL,7,48,20,216.00,"4,320.00"
2019-08-21,2019082101005512,SJCL,7,48,20,216.00,"4,320.00"
2019-08-21,2019082101005496,SJCL,7,48,20,216.00,"4,320.00"
2019-08-21,2019082101005476,SJCL,7,48,20,216.00,"4,320.00"
2019-08-21,2019082101005562,SJCL,7,48,10,216.00,"2,160.00"
2019-08-21,2019082101005561,SJCL,7,11,20,216.00,"4,320.00"
2019-08-21,2019082101005551,SJCL,7,48,10,216.00,"2,160.00"
2019-08-21,2019082101005535,SJCL,7,48,20,216.00,"4,320.00"
2019-08-21,2019082101005521,SJCL,7,48,20,216.00,"4,320.00"
2019-08-21,2019082101005600,SJCL,7,21,20,216.00,"4,320.00"
2019-08-21,2019082101005599,SJCL,7,48,10,216.00,"2,160.00"
2019-08-21,2019082101005585,SJCL,7,21,20,216.00,"4,320.00"
2019-08-21,2019082101005573,SJCL,7,21,20,216.00,"4,320.00"
2019-08-21,2019082101005571,SJCL,7,48,20,216.00,"4,320.00"
2019-08-21,2019082101005564,SJCL,7,25,20,216.00,"4,320.00"
2019-08-21,2019082101005660,SJCL,29,16,20,217.00,"4,340.00"
2019-08-21,2019082101005659,SJCL,29,16,20,217.00,"4,340.00"
2019-08-21,2019082101005655,SJCL,7,48,20,216.00,"4,320.00"
2019-08-21,2019082101005648,SJCL,7,11,20,216.00,"4,320.00"
2019-08-21,2019082101005630,SJCL,7,48,20,216.00,"4,320.00"
2019-08-21,2019082101005618,SJCL,7,48,20,216.00,"4,320.00"
2019-08-21,2019082101005666,SJCL,29,21,20,217.00,"4,340.00"
2019-08-21,2019082101005665,SJCL,29,43,20,217.00,"4,340.00"
2019-08-21,2019082101005664,SJCL,29,21,20,217.00,"4,340.00"
2019-08-21,2019082101005663,SJCL,29,43,20,217.00,"4,340.00"
2019-08-21,2019082101005662,SJCL,29,21,20,217.00,"4,340.00"
2019-08-21,2019082101005661,SJCL,29,21,20,217.00,"4,340.00"
2019-08-21,2019082101005672,SJCL,29,21,20,217.00,"4,340.00"
2019-08-21,2019082101005671,SJCL,29,21,20,217.00,"4,340.00"
2019-08-21,2019082101005670,SJCL,29,21,20,217.00,"4,340.00"
2019-08-21,2019082101005669,SJCL,29,43,20,217.00,"4,340.00"
2019-08-21,2019082101005668,SJCL,29,43,20,217.00,"4,340.00"
2019-08-21,2019082101005667,SJCL,29,43,20,217.00,"4,340.00"
2019-08-21,2019082101005696,SJCL,45,42,10,216.00,"2,160.00"
2019-08-21,2019082101005695,SJCL,7,42,10,216.00,"2,160.00"
2019-08-21,2019082101005694,SJCL,7,48,20,216.00,"4,320.00"
2019-08-21,2019082101005686,SJCL,7,58,20,216.00,"4,320.00"
2019-08-21,2019082101005682,SJCL,29,21,10,217.00,"2,170.00"
2019-08-21,2019082101005673,SJCL,29,21,10,217.00,"2,170.00"
2019-08-21,2019082101005708,SLBSL,45,52,10,702.00,"7,020.00"
2019-08-21,2019082101005276,SLICL,58,28,129,300.00,"38,700.00"
2019-08-21,2019082101005275,SLICL,58,58,30,300.00,"9,000.00"
2019-08-21,2019082101005701,SMATA,59,41,12,"1,325.00","15,900.00"
2019-08-21,2019082101005680,SMB,13,41,10,489.00,"4,890.00"
2019-08-21,2019082101005548,SPARS,45,17,10,600.00,"6,000.00"
2019-08-21,2019082101005547,SPARS,21,17,90,601.00,"54,090.00"
2019-08-21,2019082101005257,SPARS,17,55,10,610.00,"6,100.00"
2019-08-21,2019082101005354,SRBL,44,42,149,232.00,"34,568.00"
2019-08-21,2019082101005394,UMHL,48,45,34,105.00,"3,570.00"
2019-08-21,2019082101005565,UPCL,49,39,10,82.00,820.00
2019-08-21,2019082101005733,UPPER,6,59,100,256.00,"25,600.00"
2019-08-21,2019082101005732,UPPER,6,59,100,256.00,"25,600.00"
2019-08-21,2019082101005731,UPPER,16,59,"1,000",256.00,"256,000.00"
2019-08-21,2019082101005730,UPPER,57,59,440,256.00,"112,640.00"
2019-08-21,2019082101005692,UPPER,57,41,60,256.00,"15,360.00"
2019-08-21,2019082101005542,UPPER,40,1,50,256.00,"12,800.00"
2019-08-21,2019082101005541,UPPER,40,39,40,256.00,"10,240.00"
2019-08-21,2019082101005467,UPPER,56,49,50,255.00,"12,750.00"
2019-08-21,2019082101005268,UPPER,41,41,40,256.00,"10,240.00"
2019-08-21,2019082101005689,UPPER,25,59,20,257.00,"5,140.00"
2019-08-21,2019082101005545,UPPER,40,43,100,256.00,"25,600.00"
2019-08-21,2019082101005544,UPPER,40,1,50,256.00,"12,800.00"
2019-08-21,2019082101005543,UPPER,40,1,50,256.00,"12,800.00"
2019-08-21,2019082101005715,VLBS,34,10,47,588.00,"27,636.00"
2019-08-21,2019082101005658,VLBS,34,14,53,588.00,"31,164.00"
2019-08-21,2019082101005657,VLBS,51,14,57,588.00,"33,516.00"
2019-08-21,2019082101005621,VLBS,51,22,13,588.00,"7,644.00"
2019-08-21,2019082101005554,VLBS,51,10,30,588.00,"17,640.00"
2019-08-21,2019082101005553,VLBS,39,10,70,589.00,"41,230.00"
2019-08-21,2019082101005147,ADBL,1,14,50,429.00,"21,450.00"
2019-08-21,2019082101005112,ADBL,50,6,70,427.00,"29,890.00"
2019-08-21,2019082101004838,ADBL,50,6,70,427.00,"29,890.00"
2019-08-21,2019082101004831,ADBL,50,14,811,427.00,"346,297.00"
2019-08-21,2019082101005168,AKJCL,29,11,10,65.00,650.00
2019-08-21,2019082101004992,AKJCL,29,11,20,65.00,"1,300.00"
2019-08-21,2019082101004931,AKJCL,29,11,10,65.00,650.00
2019-08-21,2019082101005162,ALBSL,58,48,10,460.00,"4,600.00"
2019-08-21,2019082101005159,ALBSL,25,21,10,465.00,"4,650.00"
2019-08-21,2019082101005158,ALBSL,25,39,10,463.00,"4,630.00"
2019-08-21,2019082101005157,ALBSL,25,11,10,463.00,"4,630.00"
2019-08-21,2019082101005156,ALBSL,25,21,10,461.00,"4,610.00"
2019-08-21,2019082101005004,ALBSL,58,11,10,460.00,"4,600.00"
2019-08-21,2019082101004978,ALICL,48,39,1,330.00,330.00
2019-08-21,2019082101005191,API,25,11,10,128.00,"1,280.00"
2019-08-21,2019082101005068,API,25,11,11,128.00,"1,408.00"
2019-08-21,2019082101004774,API,25,25,372,128.00,"47,616.00"
2019-08-21,2019082101004773,API,39,25,500,128.00,"64,000.00"
2019-08-21,2019082101004772,API,26,25,128,128.00,"16,384.00"
2019-08-21,2019082101004960,BOKL,41,52,302,258.00,"77,916.00"
2019-08-21,2019082101004946,BOKL,41,17,"1,218",257.00,"313,026.00"
2019-08-21,2019082101004817,BOKL,26,17,200,257.00,"51,400.00"
2019-08-21,2019082101005181,CBL,56,21,229,147.00,"33,663.00"
2019-08-21,2019082101005180,CBL,46,21,36,147.00,"5,292.00"
2019-08-21,2019082101005095,CBL,46,56,100,147.00,"14,700.00"
2019-08-21,2019082101004778,CBL,46,21,14,147.00,"2,058.00"
2019-08-21,2019082101005188,CCBL,42,48,181,159.00,"28,779.00"
2019-08-21,2019082101005111,CCBL,42,40,100,159.00,"15,900.00"
2019-08-21,2019082101004763,CCBL,32,59,14,161.00,"2,254.00"
2019-08-21,2019082101004762,CCBL,32,52,100,160.00,"16,000.00"
2019-08-21,2019082101004761,CCBL,32,56,10,160.00,"1,600.00"
2019-08-21,2019082101004760,CCBL,32,43,290,160.00,"46,400.00"
2019-08-21,2019082101004759,CCBL,32,21,400,160.00,"64,000.00"
2019-08-21,2019082101004758,CCBL,32,40,70,160.00,"11,200.00"
2019-08-21,2019082101004757,CCBL,32,42,126,160.00,"20,160.00"
2019-08-21,2019082101004975,CEFL,44,4,"1,990",110.00,"218,900.00"
2019-08-21,2019082101004974,CEFL,59,4,500,110.00,"55,000.00"
2019-08-21,2019082101004973,CEFL,52,4,10,110.00,"1,100.00"
2019-08-21,2019082101004972,CEFL,44,4,"1,000",111.00,"111,000.00"
2019-08-21,2019082101005160,CFCL,44,4,250,115.00,"28,750.00"
2019-08-21,2019082101005232,CHCL,56,58,80,451.00,"36,080.00"
2019-08-21,2019082101005001,CHCL,56,58,471,451.00,"212,421.00"
2019-08-21,2019082101005000,CHCL,56,43,79,451.00,"35,629.00"
2019-08-21,2019082101004752,CIT,34,43,50,"2,480.00","124,000.00"
2019-08-21,2019082101004751,CIT,34,51,94,"2,480.00","233,120.00"
2019-08-21,2019082101004750,CIT,34,40,50,"2,479.00","123,950.00"
2019-08-21,2019082101004989,CZBIL,38,13,288,216.00,"62,208.00"
2019-08-21,2019082101004949,CZBIL,46,13,100,216.00,"21,600.00"
2019-08-21,2019082101004948,CZBIL,53,13,103,217.00,"22,351.00"
2019-08-21,2019082101004947,CZBIL,53,32,97,217.00,"21,049.00"
2019-08-21,2019082101004839,CZBIL,46,51,400,216.00,"86,400.00"
2019-08-21,2019082101004801,CZBIL,45,51,100,216.00,"21,600.00"
2019-08-21,2019082101005215,DHPL,14,26,40,56.00,"2,240.00"
2019-08-21,2019082101004970,DHPL,14,26,74,56.00,"4,144.00"
2019-08-21,2019082101005197,EIC,58,17,230,329.00,"75,670.00"
2019-08-21,2019082101005196,EIC,37,17,50,330.00,"16,500.00"
2019-08-21,2019082101004889,EIC,37,46,50,330.00,"16,500.00"
2019-08-21,2019082101004888,EIC,37,51,100,330.00,"33,000.00"
2019-08-21,2019082101004930,FMDBL,52,49,40,392.00,"15,680.00"
2019-08-21,2019082101005144,GBBL,4,13,281,215.00,"60,415.00"
2019-08-21,2019082101005143,GBBL,4,13,229,215.00,"49,235.00"
2019-08-21,2019082101005109,GBBL,4,21,31,215.00,"6,665.00"
2019-08-21,2019082101004937,GBLBS,45,58,10,364.00,"3,640.00"
2019-08-21,2019082101004936,GBLBS,45,39,240,362.00,"86,880.00"
2019-08-21,2019082101004935,GBLBS,45,52,10,360.00,"3,600.00"
2019-08-21,2019082101004934,GBLBS,45,52,10,360.00,"3,600.00"
2019-08-21,2019082101005174,GDBL,59,29,390,208.00,"81,120.00"
2019-08-21,2019082101005137,GDBL,59,38,610,208.00,"126,880.00"
2019-08-21,2019082101005094,GLBSL,51,11,10,484.00,"4,840.00"
2019-08-21,2019082101004753,GLBSL,11,11,10,486.00,"4,860.00"
2019-08-21,2019082101004979,GLICL,17,25,970,453.00,"439,410.00"
2019-08-21,2019082101005205,GMFBS,34,48,10,534.00,"5,340.00"
2019-08-21,2019082101005201,GMFBS,52,48,20,536.00,"10,720.00"
2019-08-21,2019082101004961,GMFBS,39,48,150,536.00,"80,400.00"
2019-08-21,2019082101004771,GMFBS,50,48,70,536.00,"37,520.00"
2019-08-21,2019082101004770,GMFBS,50,28,10,536.00,"5,360.00"
2019-08-21,2019082101004769,GMFBS,50,28,10,535.00,"5,350.00"
2019-08-21,2019082101004768,GMFBS,50,28,10,535.00,"5,350.00"
2019-08-21,2019082101005084,HDL,56,35,100,"1,554.00","155,400.00"
2019-08-21,2019082101005083,HDL,25,35,50,"1,555.00","77,750.00"
2019-08-21,2019082101005082,HDL,6,35,32,"1,555.00","49,760.00"
2019-08-21,2019082101005081,HDL,21,35,50,"1,556.00","77,800.00"
2019-08-21,2019082101004821,HGI,59,21,70,323.00,"22,610.00"
2019-08-21,2019082101005214,HIDCL,6,48,315,147.00,"46,305.00"
2019-08-21,2019082101005125,HIDCL,52,45,740,148.00,"109,520.00"
2019-08-21,2019082101005124,HIDCL,52,45,586,148.00,"86,728.00"
2019-08-21,2019082101005072,HPPL,43,4,10,154.00,"1,540.00"
2019-08-21,2019082101005096,HURJA,22,4,20,123.00,"2,460.00"
2019-08-21,2019082101004982,HURJA,22,4,20,123.00,"2,460.00"
2019-08-21,2019082101004943,HURJA,41,41,20,125.00,"2,500.00"
2019-08-21,2019082101004852,HURJA,41,4,10,124.00,"1,240.00"
2019-08-21,2019082101004845,HURJA,22,4,20,123.00,"2,460.00"
2019-08-21,2019082101004800,HURJA,22,4,20,123.00,"2,460.00"
2019-08-21,2019082101005242,ILBS,52,56,10,462.00,"4,620.00"
2019-08-21,2019082101005173,ILBS,25,17,10,467.00,"4,670.00"
2019-08-21,2019082101005172,ILBS,25,17,70,465.00,"32,550.00"
2019-08-21,2019082101005171,ILBS,25,48,10,465.00,"4,650.00"
2019-08-21,2019082101004964,JBBL,47,21,156,159.00,"24,804.00"
2019-08-21,2019082101005206,KPCL,52,11,10,83.00,830.00
2019-08-21,2019082101005123,KPCL,52,11,10,83.00,830.00
2019-08-21,2019082101004786,KPCL,45,4,10,84.00,840.00
2019-08-21,2019082101005091,KPCL,52,4,10,83.00,830.00
2019-08-21,2019082101004959,KPCL,52,4,10,83.00,830.00
2019-08-21,2019082101004940,KPCL,45,11,10,84.00,840.00
2019-08-21,2019082101004832,KPCL,45,4,10,84.00,840.00
2019-08-21,2019082101005098,LBBL,37,45,100,179.00,"17,900.00"
2019-08-21,2019082101004820,LBBL,57,25,500,178.00,"89,000.00"
2019-08-21,2019082101004819,LBBL,57,51,164,178.00,"29,192.00"
2019-08-21,2019082101005097,LBBL,37,59,200,179.00,"35,800.00"
2019-08-21,2019082101005152,LBL,44,34,400,216.00,"86,400.00"
2019-08-21,2019082101005119,LBL,44,45,56,216.00,"12,096.00"
2019-08-21,2019082101005090,LBL,7,13,601,216.00,"129,816.00"
2019-08-21,2019082101005089,LBL,7,34,300,216.00,"64,800.00"
2019-08-21,2019082101004836,LBL,32,34,200,216.00,"43,200.00"
2019-08-21,2019082101005142,LGIL,1,21,130,401.00,"52,130.00"
2019-08-21,2019082101004980,LGIL,8,25,78,395.00,"30,810.00"
2019-08-21,2019082101004966,LGIL,17,35,300,400.00,"120,000.00"
2019-08-21,2019082101004965,LGIL,17,8,331,399.00,"132,069.00"
2019-08-21,2019082101005169,MBL,4,45,147,254.00,"37,338.00"
2019-08-21,2019082101005163,MBL,4,26,300,254.00,"76,200.00"
2019-08-21,2019082101004998,MBL,26,26,200,254.00,"50,800.00"
2019-08-21,2019082101004997,MBL,26,11,100,254.00,"25,400.00"
2019-08-21,2019082101004962,MBL,14,11,100,254.00,"25,400.00"
2019-08-21,2019082101004950,MBL,34,11,500,254.00,"127,000.00"
2019-08-21,2019082101005235,MEGA,13,48,113,199.00,"22,487.00"
2019-08-21,2019082101004815,MEGA,38,51,226,200.00,"45,200.00"
2019-08-21,2019082101004814,MEGA,38,45,600,200.00,"120,000.00"
2019-08-21,2019082101005118,MEGA,59,22,500,200.00,"100,000.00"
2019-08-21,2019082101005248,MERO,3,48,20,531.00,"10,620.00"
2019-08-21,2019082101005198,MLBL,58,17,30,209.00,"6,270.00"
2019-08-21,2019082101005189,MLBL,4,17,270,209.00,"56,430.00"
2019-08-21,2019082101005179,MLBL,4,17,290,209.00,"60,610.00"
2019-08-21,2019082101005086,MLBL,33,17,500,209.00,"104,500.00"
2019-08-21,2019082101005073,MLBL,17,17,20,209.00,"4,180.00"
2019-08-21,2019082101005151,MNBBL,47,6,20,328.00,"6,560.00"
2019-08-21,2019082101005139,MNBBL,47,6,70,328.00,"22,960.00"
2019-08-21,2019082101005126,MNBBL,47,6,500,328.00,"164,000.00"
2019-08-21,2019082101005108,MNBBL,47,6,30,328.00,"9,840.00"
2019-08-21,2019082101005100,MNBBL,47,6,30,328.00,"9,840.00"
2019-08-21,2019082101004895,MNBBL,47,6,230,328.00,"75,440.00"
2019-08-21,2019082101004841,MNBBL,47,32,"1,000",327.00,"327,000.00"
2019-08-21,2019082101004840,MNBBL,47,39,50,327.00,"16,350.00"
2019-08-21,2019082101005092,MNBBL,47,6,220,328.00,"72,160.00"
2019-08-21,2019082101005077,MNBBL,47,6,30,328.00,"9,840.00"
2019-08-21,2019082101005061,MNBBL,47,6,10,328.00,"3,280.00"
2019-08-21,2019082101004999,MNBBL,47,6,12,328.00,"3,936.00"
2019-08-21,2019082101004987,MNBBL,47,6,10,328.00,"3,280.00"
2019-08-21,2019082101004851,NABIL,14,16,77,777.00,"59,829.00"
2019-08-21,2019082101005085,NADEP,6,4,145,473.00,"68,585.00"
2019-08-21,2019082101004981,NADEP,56,4,50,473.00,"23,650.00"
2019-08-21,2019082101004896,NADEP,26,40,230,472.00,"108,560.00"
2019-08-21,2019082101005071,NAGRO,13,1,10,780.00,"7,800.00"
2019-08-21,2019082101005070,NAGRO,13,56,10,780.00,"7,800.00"
2019-08-21,2019082101005069,NAGRO,13,43,30,775.00,"23,250.00"
2019-08-21,2019082101005003,NBB,25,38,275,216.00,"59,400.00"
2019-08-21,2019082101005002,NBB,25,51,225,216.00,"48,600.00"
2019-08-21,2019082101005229,NBL,54,17,270,325.00,"87,750.00"
2019-08-21,2019082101005228,NBL,54,42,730,325.00,"237,250.00"
2019-08-21,2019082101005120,NBL,45,42,35,325.00,"11,375.00"
2019-08-21,2019082101004971,NBL,34,42,100,325.00,"32,500.00"
2019-08-21,2019082101004952,NBL,57,42,100,325.00,"32,500.00"
2019-08-21,2019082101005247,NCCB,58,48,200,204.00,"40,800.00"
2019-08-21,2019082101005246,NCCB,58,1,300,204.00,"61,200.00"
2019-08-21,2019082101005245,NCCB,58,1,184,204.00,"37,536.00"
2019-08-21,2019082101005200,NIB,46,44,20,470.00,"9,400.00"
2019-08-21,2019082101004991,NIB,55,44,25,470.00,"11,750.00"
2019-08-21,2019082101004967,NIB,51,44,100,470.00,"47,000.00"
2019-08-21,2019082101004767,NIB,22,44,50,470.00,"23,500.00"
2019-08-21,2019082101004765,NIB,47,44,100,470.00,"47,000.00"
2019-08-21,2019082101004755,NIB,48,39,7,460.00,"3,220.00"
2019-08-21,2019082101005234,NICA,36,4,140,454.00,"63,560.00"
2019-08-21,2019082101005233,NICA,43,4,360,454.00,"163,440.00"
2019-08-21,2019082101005202,NICA,43,4,140,454.00,"63,560.00"
2019-08-21,2019082101005170,NICA,52,4,500,454.00,"227,000.00"
2019-08-21,2019082101005165,NICA,58,4,360,454.00,"163,440.00"
2019-08-21,2019082101005164,NICA,58,4,330,454.00,"149,820.00"
2019-08-21,2019082101004892,NICA,45,4,189,454.00,"85,806.00"
2019-08-21,2019082101004844,NICA,44,4,11,454.00,"4,994.00"
2019-08-21,2019082101004843,NICA,44,4,"1,000",454.00,"454,000.00"
2019-08-21,2019082101004842,NICA,44,17,489,454.00,"222,006.00"
2019-08-21,2019082101005150,NICA,45,4,200,454.00,"90,800.00"
2019-08-21,2019082101005105,NICA,42,4,160,454.00,"72,640.00"
2019-08-21,2019082101005078,NICA,56,4,20,454.00,"9,080.00"
2019-08-21,2019082101005058,NICA,48,4,200,454.00,"90,800.00"
2019-08-21,2019082101005057,NICA,13,4,90,454.00,"40,860.00"
2019-08-21,2019082101004957,NICA,36,25,40,455.00,"18,200.00"
2019-08-21,2019082101005213,NICL,49,42,100,308.00,"30,800.00"
2019-08-21,2019082101005194,NICL,22,42,520,308.00,"160,160.00"
2019-08-21,2019082101005193,NICL,22,32,200,307.00,"61,400.00"
2019-08-21,2019082101005113,NICL,25,42,20,308.00,"6,160.00"
2019-08-21,2019082101005104,NICL,25,14,134,302.00,"40,468.00"
2019-08-21,2019082101005076,NICL,37,14,100,302.00,"30,200.00"
2019-08-21,2019082101005060,NICL,22,43,100,301.00,"30,100.00"
2019-08-21,2019082101005059,NICL,22,25,180,300.00,"54,000.00"
2019-08-21,2019082101004990,NICL,25,22,10,300.00,"3,000.00"
2019-08-21,2019082101004850,NICL,45,25,10,295.00,"2,950.00"
2019-08-21,2019082101005178,NIL,37,57,32,399.00,"12,768.00"
2019-08-21,2019082101005177,NIL,37,50,500,397.00,"198,500.00"
2019-08-21,2019082101005176,NIL,37,49,20,397.00,"7,940.00"
2019-08-21,2019082101005175,NIL,37,52,448,396.00,"177,408.00"
2019-08-21,2019082101005153,NIL,29,52,500,396.00,"198,000.00"
2019-08-21,2019082101004969,NIL,34,34,107,396.00,"42,372.00"
2019-08-21,2019082101005220,NLBBL,37,38,55,560.00,"30,800.00"
2019-08-21,2019082101005219,NLBBL,37,29,50,560.00,"28,000.00"
2019-08-21,2019082101005218,NLBBL,37,11,25,560.00,"14,000.00"
2019-08-21,2019082101004939,NLBBL,14,36,68,557.00,"37,876.00"
2019-08-21,2019082101004835,NLBBL,52,36,50,557.00,"27,850.00"
2019-08-21,2019082101005231,NLIC,4,16,60,866.00,"51,960.00"
2019-08-21,2019082101005230,NLIC,4,16,25,866.00,"21,650.00"
2019-08-21,2019082101005223,NLIC,4,16,36,866.00,"31,176.00"
2019-08-21,2019082101005222,NLIC,4,56,10,865.00,"8,650.00"
2019-08-21,2019082101005221,NLIC,4,35,34,865.00,"29,410.00"
2019-08-21,2019082101005121,NLICL,6,36,278,550.00,"152,900.00"
2019-08-21,2019082101005116,NLICL,25,25,41,549.00,"22,509.00"
2019-08-21,2019082101005115,NLICL,56,25,60,549.00,"32,940.00"
2019-08-21,2019082101005110,NLICL,39,36,22,550.00,"12,100.00"
2019-08-21,2019082101004994,NLICL,45,36,200,550.00,"110,000.00"
2019-08-21,2019082101004976,NLICL,21,36,30,550.00,"16,500.00"
2019-08-21,2019082101004944,NLICL,39,36,50,550.00,"27,500.00"
2019-08-21,2019082101004766,NMFBS,8,41,15,"1,499.00","22,485.00"
2019-08-21,2019082101004826,NSEWA,48,55,10,430.00,"4,300.00"
2019-08-21,2019082101004849,NUBL,20,16,10,870.00,"8,700.00"
2019-08-21,2019082101004828,PFL,22,21,39,134.00,"5,226.00"
2019-08-21,2019082101005240,PICL,4,38,30,469.00,"14,070.00"
2019-08-21,2019082101005239,PICL,4,38,90,469.00,"42,210.00"
2019-08-21,2019082101005238,PICL,36,38,30,469.00,"14,070.00"
2019-08-21,2019082101005237,PICL,42,38,50,469.00,"23,450.00"
2019-08-21,2019082101005080,PLIC,45,35,190,415.00,"78,850.00"
2019-08-21,2019082101005079,PLIC,45,35,112,415.00,"46,480.00"
2019-08-21,2019082101004996,PLIC,45,21,110,413.00,"45,430.00"
2019-08-21,2019082101004995,PLIC,45,26,115,412.00,"47,380.00"
2019-08-21,2019082101005131,PMHPL,49,11,10,99.00,990.00
2019-08-21,2019082101004953,PMHPL,49,11,10,99.00,990.00
2019-08-21,2019082101004829,PMHPL,49,4,10,99.00,990.00
2019-08-21,2019082101004754,PMHPL,49,4,10,99.00,990.00
2019-08-21,2019082101005132,PPCL,33,54,100,103.00,"10,300.00"
2019-08-21,2019082101004938,PPCL,45,4,30,101.00,"3,030.00"
2019-08-21,2019082101005136,PRIN,29,25,197,343.00,"67,571.00"
2019-08-21,2019082101005135,PRIN,55,25,80,343.00,"27,440.00"
2019-08-21,2019082101005134,PRIN,51,25,71,343.00,"24,353.00"
2019-08-21,2019082101005133,PRIN,52,25,100,344.00,"34,400.00"
2019-08-21,2019082101004894,PRVU,29,28,"1,000",269.00,"269,000.00"
2019-08-21,2019082101004893,PRVU,29,8,"1,000",269.00,"269,000.00"
2019-08-21,2019082101005145,RADHI,22,21,11,136.00,"1,496.00"
2019-08-21,2019082101005244,RHPL,14,26,30,201.00,"6,030.00"
2019-08-21,2019082101005236,RHPL,14,48,40,201.00,"8,040.00"
2019-08-21,2019082101005226,RHPL,14,48,40,201.00,"8,040.00"
2019-08-21,2019082101005224,RHPL,14,34,40,201.00,"8,040.00"
2019-08-21,2019082101005211,RHPL,14,45,10,201.00,"2,010.00"
2019-08-21,2019082101005210,RHPL,37,45,20,201.00,"4,020.00"
2019-08-21,2019082101004782,RHPL,35,39,40,201.00,"8,040.00"
2019-08-21,2019082101004781,RHPL,35,39,10,201.00,"2,010.00"
2019-08-21,2019082101004780,RHPL,35,22,50,201.00,"10,050.00"
2019-08-21,2019082101004776,RHPL,29,39,30,201.00,"6,030.00"
2019-08-21,2019082101004775,RHPL,29,39,10,201.00,"2,010.00"
2019-08-21,2019082101004792,RHPL,8,55,10,201.00,"2,010.00"
2019-08-21,2019082101004789,RHPL,42,39,40,200.00,"8,000.00"
2019-08-21,2019082101004787,RHPL,47,58,40,200.00,"8,000.00"
2019-08-21,2019082101004785,RHPL,35,55,20,201.00,"4,020.00"
2019-08-21,2019082101004784,RHPL,35,39,40,201.00,"8,040.00"
2019-08-21,2019082101004783,RHPL,35,39,40,201.00,"8,040.00"
2019-08-21,2019082101004798,RHPL,8,47,10,201.00,"2,010.00"
2019-08-21,2019082101004797,RHPL,8,47,30,201.00,"6,030.00"
2019-08-21,2019082101004796,RHPL,8,55,20,201.00,"4,020.00"
2019-08-21,2019082101004795,RHPL,8,47,30,201.00,"6,030.00"
2019-08-21,2019082101004794,RHPL,8,47,30,201.00,"6,030.00"
2019-08-21,2019082101004793,RHPL,8,55,20,201.00,"4,020.00"
2019-08-21,2019082101004945,RHPL,52,56,30,201.00,"6,030.00"
2019-08-21,2019082101004897,RHPL,52,45,30,201.00,"6,030.00"
2019-08-21,2019082101004837,RHPL,52,45,30,201.00,"6,030.00"
2019-08-21,2019082101004825,RHPL,45,47,30,201.00,"6,030.00"
2019-08-21,2019082101004824,RHPL,45,47,20,201.00,"4,020.00"
2019-08-21,2019082101004823,RHPL,45,47,10,201.00,"2,010.00"
2019-08-21,2019082101005099,RHPL,8,29,40,201.00,"8,040.00"
2019-08-21,2019082101005075,RHPL,8,45,10,201.00,"2,010.00"
2019-08-21,2019082101005074,RHPL,52,45,20,201.00,"4,020.00"
2019-08-21,2019082101005005,RHPL,52,45,30,201.00,"6,030.00"
2019-08-21,2019082101004977,RHPL,52,45,30,201.00,"6,030.00"
2019-08-21,2019082101004951,RHPL,52,45,30,201.00,"6,030.00"
2019-08-21,2019082101005207,RHPL,37,48,40,201.00,"8,040.00"
2019-08-21,2019082101005199,RHPL,37,34,40,201.00,"8,040.00"
2019-08-21,2019082101005192,RHPL,8,45,30,201.00,"6,030.00"
2019-08-21,2019082101005190,RHPL,8,48,40,201.00,"8,040.00"
2019-08-21,2019082101005161,RHPL,8,48,40,201.00,"8,040.00"
2019-08-21,2019082101005117,RHPL,8,21,40,201.00,"8,040.00"
2019-08-21,2019082101004813,RMDC,41,56,83,650.00,"53,950.00"
2019-08-21,2019082101004812,RMDC,35,56,200,650.00,"130,000.00"
2019-08-21,2019082101004811,RMDC,11,56,100,650.00,"65,000.00"
2019-08-21,2019082101004810,RMDC,41,56,50,650.00,"32,500.00"
2019-08-21,2019082101004809,RMDC,6,56,17,650.00,"11,050.00"
2019-08-21,2019082101004808,RMDC,46,56,50,651.00,"32,550.00"
2019-08-21,2019082101005187,RRHP,38,4,10,104.00,"1,040.00"
2019-08-21,2019082101005186,RRHP,38,4,10,104.00,"1,040.00"
2019-08-21,2019082101005185,RRHP,38,4,10,104.00,"1,040.00"
2019-08-21,2019082101005184,RRHP,38,4,10,104.00,"1,040.00"
2019-08-21,2019082101005183,RRHP,38,4,10,104.00,"1,040.00"
2019-08-21,2019082101005182,RRHP,38,4,10,104.00,"1,040.00"
2019-08-21,2019082101005106,SADBL,36,40,100,147.00,"14,700.00"
2019-08-21,2019082101005114,SANIMA,34,13,407,349.00,"142,043.00"
2019-08-21,2019082101005122,SBI,36,57,381,445.00,"169,545.00"
2019-08-21,2019082101004799,SBI,45,28,400,445.00,"178,000.00"
2019-08-21,2019082101005212,SBL,58,52,200,318.00,"63,600.00"
2019-08-21,2019082101005141,SBL,38,39,200,316.00,"63,200.00"
2019-08-21,2019082101005140,SBL,38,17,790,316.00,"249,640.00"
2019-08-21,2019082101005093,SBL,51,25,35,315.00,"11,025.00"
2019-08-21,2019082101004963,SBL,39,17,50,316.00,"15,800.00"
2019-08-21,2019082101005067,SCB,39,11,382,638.00,"243,716.00"
2019-08-21,2019082101005066,SCB,39,34,50,638.00,"31,900.00"
2019-08-21,2019082101005065,SCB,39,40,68,637.00,"43,316.00"
2019-08-21,2019082101005062,SCB,44,26,50,634.00,"31,700.00"
2019-08-21,2019082101004941,SCB,22,26,300,634.00,"190,200.00"
2019-08-21,2019082101004818,SHIVM,45,16,50,583.00,"29,150.00"
2019-08-21,2019082101004803,SHIVM,4,22,200,582.00,"116,400.00"
2019-08-21,2019082101004929,SHL,11,34,439,226.00,"99,214.00"
2019-08-21,2019082101004928,SHL,11,34,100,227.00,"22,700.00"
2019-08-21,2019082101004927,SHL,44,34,300,227.00,"68,100.00"
2019-08-21,2019082101004926,SHL,48,34,200,227.00,"45,400.00"
2019-08-21,2019082101004925,SHL,34,34,100,227.00,"22,700.00"
2019-08-21,2019082101004924,SHL,42,34,200,227.00,"45,400.00"
2019-08-21,2019082101005103,SICL,34,25,95,776.00,"73,720.00"
2019-08-21,2019082101005130,SIL,25,46,10,418.00,"4,180.00"
2019-08-21,2019082101005129,SIL,25,38,50,415.00,"20,750.00"
2019-08-21,2019082101004834,SIL,40,38,50,415.00,"20,750.00"
2019-08-21,2019082101005243,SJCL,37,48,20,217.00,"4,340.00"
2019-08-21,2019082101005241,SJCL,37,34,20,217.00,"4,340.00"
2019-08-21,2019082101005227,SJCL,37,26,20,217.00,"4,340.00"
2019-08-21,2019082101005225,SJCL,37,45,20,217.00,"4,340.00"
2019-08-21,2019082101005217,SJCL,37,11,10,217.00,"2,170.00"
2019-08-21,2019082101004816,SJCL,6,47,10,216.00,"2,160.00"
2019-08-21,2019082101004804,SJCL,6,39,20,216.00,"4,320.00"
2019-08-21,2019082101004802,SJCL,29,29,20,217.00,"4,340.00"
2019-08-21,2019082101004764,SJCL,6,38,20,216.00,"4,320.00"
2019-08-21,2019082101004858,SJCL,59,29,20,217.00,"4,340.00"
2019-08-21,2019082101004857,SJCL,59,29,20,217.00,"4,340.00"
2019-08-21,2019082101004856,SJCL,59,55,20,217.00,"4,340.00"
2019-08-21,2019082101004853,SJCL,6,45,20,216.00,"4,320.00"
2019-08-21,2019082101004830,SJCL,6,43,20,216.00,"4,320.00"
2019-08-21,2019082101004827,SJCL,6,58,20,216.00,"4,320.00"
2019-08-21,2019082101004864,SJCL,59,55,20,217.00,"4,340.00"
2019-08-21,2019082101004863,SJCL,59,29,20,217.00,"4,340.00"
2019-08-21,2019082101004862,SJCL,59,29,20,217.00,"4,340.00"
2019-08-21,2019082101004861,SJCL,59,29,20,217.00,"4,340.00"
2019-08-21,2019082101004860,SJCL,59,29,20,217.00,"4,340.00"
2019-08-21,2019082101004859,SJCL,59,55,20,217.00,"4,340.00"
2019-08-21,2019082101004870,SJCL,59,29,20,217.00,"4,340.00"
2019-08-21,2019082101004869,SJCL,59,45,20,217.00,"4,340.00"
2019-08-21,2019082101004868,SJCL,59,29,20,217.00,"4,340.00"
2019-08-21,2019082101004867,SJCL,59,43,20,217.00,"4,340.00"
2019-08-21,2019082101004866,SJCL,59,29,20,217.00,"4,340.00"
2019-08-21,2019082101004865,SJCL,59,43,20,217.00,"4,340.00"
2019-08-21,2019082101004876,SJCL,59,45,20,217.00,"4,340.00"
2019-08-21,2019082101004875,SJCL,59,45,20,217.00,"4,340.00"
2019-08-21,2019082101004874,SJCL,59,29,10,217.00,"2,170.00"
2019-08-21,2019082101004873,SJCL,59,45,20,217.00,"4,340.00"
2019-08-21,2019082101004872,SJCL,59,45,20,217.00,"4,340.00"
2019-08-21,2019082101004871,SJCL,59,55,10,217.00,"2,170.00"
2019-08-21,2019082101004882,SJCL,59,45,20,217.00,"4,340.00"
2019-08-21,2019082101004881,SJCL,59,29,20,217.00,"4,340.00"
2019-08-21,2019082101004880,SJCL,59,45,20,217.00,"4,340.00"
2019-08-21,2019082101004879,SJCL,59,29,10,217.00,"2,170.00"
2019-08-21,2019082101004878,SJCL,59,45,20,217.00,"4,340.00"
2019-08-21,2019082101004877,SJCL,59,29,20,217.00,"4,340.00"
2019-08-21,2019082101004890,SJCL,6,47,20,216.00,"4,320.00"
2019-08-21,2019082101004887,SJCL,59,29,10,217.00,"2,170.00"
2019-08-21,2019082101004886,SJCL,59,29,20,217.00,"4,340.00"
2019-08-21,2019082101004885,SJCL,59,29,20,217.00,"4,340.00"
2019-08-21,2019082101004884,SJCL,59,29,20,217.00,"4,340.00"
2019-08-21,2019082101004883,SJCL,59,29,20,217.00,"4,340.00"
2019-08-21,2019082101004902,SJCL,1,29,20,217.00,"4,340.00"
2019-08-21,2019082101004901,SJCL,1,29,20,217.00,"4,340.00"
2019-08-21,2019082101004900,SJCL,1,29,20,217.00,"4,340.00"
2019-08-21,2019082101004899,SJCL,1,29,20,217.00,"4,340.00"
2019-08-21,2019082101004898,SJCL,1,29,10,217.00,"2,170.00"
2019-08-21,2019082101004891,SJCL,6,43,20,216.00,"4,320.00"
2019-08-21,2019082101004908,SJCL,1,29,20,217.00,"4,340.00"
2019-08-21,2019082101004907,SJCL,1,29,20,217.00,"4,340.00"
2019-08-21,2019082101004906,SJCL,1,29,20,217.00,"4,340.00"
2019-08-21,2019082101004905,SJCL,1,29,20,217.00,"4,340.00"
2019-08-21,2019082101004904,SJCL,1,29,20,217.00,"4,340.00"
2019-08-21,2019082101004903,SJCL,1,29,20,217.00,"4,340.00"
2019-08-21,2019082101004914,SJCL,1,29,20,217.00,"4,340.00"
2019-08-21,2019082101004913,SJCL,1,41,20,217.00,"4,340.00"
2019-08-21,2019082101004912,SJCL,1,29,20,217.00,"4,340.00"
2019-08-21,2019082101004911,SJCL,1,29,20,217.00,"4,340.00"
2019-08-21,2019082101004910,SJCL,1,29,20,217.00,"4,340.00"
2019-08-21,2019082101004909,SJCL,1,29,20,217.00,"4,340.00"
2019-08-21,2019082101004920,SJCL,1,29,20,217.00,"4,340.00"
2019-08-21,2019082101004919,SJCL,1,29,20,217.00,"4,340.00"
2019-08-21,2019082101004918,SJCL,1,29,20,217.00,"4,340.00"
2019-08-21,2019082101004917,SJCL,1,29,20,217.00,"4,340.00"
2019-08-21,2019082101004916,SJCL,1,29,20,217.00,"4,340.00"
2019-08-21,2019082101004915,SJCL,1,29,20,217.00,"4,340.00"
2019-08-21,2019082101004942,SJCL,6,43,20,216.00,"4,320.00"
2019-08-21,2019082101004933,SJCL,6,45,20,216.00,"4,320.00"
2019-08-21,2019082101004932,SJCL,6,43,20,216.00,"4,320.00"
2019-08-21,2019082101004923,SJCL,1,28,10,217.00,"2,170.00"
2019-08-21,2019082101004922,SJCL,1,29,20,217.00,"4,340.00"
2019-08-21,2019082101004921,SJCL,1,29,20,217.00,"4,340.00"
2019-08-21,2019082101004993,SJCL,6,43,20,216.00,"4,320.00"
2019-08-21,2019082101004988,SJCL,6,45,20,216.00,"4,320.00"
2019-08-21,2019082101004968,SJCL,6,43,20,216.00,"4,320.00"
2019-08-21,2019082101004958,SJCL,6,45,20,216.00,"4,320.00"
2019-08-21,2019082101004956,SJCL,6,56,20,216.00,"4,320.00"
2019-08-21,2019082101004955,SJCL,6,43,20,216.00,"4,320.00"
2019-08-21,2019082101005011,SJCL,38,29,20,217.00,"4,340.00"
2019-08-21,2019082101005010,SJCL,38,29,20,217.00,"4,340.00"
2019-08-21,2019082101005009,SJCL,38,29,10,217.00,"2,170.00"
2019-08-21,2019082101005008,SJCL,38,29,20,217.00,"4,340.00"
2019-08-21,2019082101005007,SJCL,38,29,20,217.00,"4,340.00"
2019-08-21,2019082101005006,SJCL,38,28,10,217.00,"2,170.00"
2019-08-21,2019082101005017,SJCL,38,29,20,217.00,"4,340.00"
2019-08-21,2019082101005016,SJCL,38,29,20,217.00,"4,340.00"
2019-08-21,2019082101005015,SJCL,38,29,20,217.00,"4,340.00"
2019-08-21,2019082101005014,SJCL,38,29,20,217.00,"4,340.00"
2019-08-21,2019082101005013,SJCL,38,29,20,217.00,"4,340.00"
2019-08-21,2019082101005012,SJCL,38,29,20,217.00,"4,340.00"
2019-08-21,2019082101005023,SJCL,38,29,20,217.00,"4,340.00"
2019-08-21,2019082101005022,SJCL,38,29,20,217.00,"4,340.00"
2019-08-21,2019082101005021,SJCL,38,29,20,217.00,"4,340.00"
2019-08-21,2019082101005020,SJCL,38,29,20,217.00,"4,340.00"
2019-08-21,2019082101005019,SJCL,38,29,20,217.00,"4,340.00"
2019-08-21,2019082101005018,SJCL,38,29,20,217.00,"4,340.00"
2019-08-21,2019082101005029,SJCL,38,29,20,217.00,"4,340.00"
2019-08-21,2019082101005028,SJCL,38,29,20,217.00,"4,340.00"
2019-08-21,2019082101005027,SJCL,38,29,20,217.00,"4,340.00"
2019-08-21,2019082101005026,SJCL,38,29,20,217.00,"4,340.00"
2019-08-21,2019082101005025,SJCL,38,29,20,217.00,"4,340.00"
2019-08-21,2019082101005024,SJCL,38,29,10,217.00,"2,170.00"
2019-08-21,2019082101005035,SJCL,38,29,20,217.00,"4,340.00"
2019-08-21,2019082101005034,SJCL,38,29,20,217.00,"4,340.00"
2019-08-21,2019082101005033,SJCL,38,29,20,217.00,"4,340.00"
2019-08-21,2019082101005032,SJCL,38,29,20,217.00,"4,340.00"
2019-08-21,2019082101005031,SJCL,38,29,20,217.00,"4,340.00"
2019-08-21,2019082101005030,SJCL,38,29,20,217.00,"4,340.00"
2019-08-21,2019082101005041,SJCL,38,29,20,217.00,"4,340.00"
2019-08-21,2019082101005040,SJCL,38,29,20,217.00,"4,340.00"
2019-08-21,2019082101005039,SJCL,38,29,20,217.00,"4,340.00"
2019-08-21,2019082101005038,SJCL,38,29,20,217.00,"4,340.00"
2019-08-21,2019082101005037,SJCL,38,29,20,217.00,"4,340.00"
2019-08-21,2019082101005036,SJCL,38,29,20,217.00,"4,340.00"
2019-08-21,2019082101005047,SJCL,38,43,20,217.00,"4,340.00"
2019-08-21,2019082101005046,SJCL,38,43,20,217.00,"4,340.00"
2019-08-21,2019082101005045,SJCL,38,29,20,217.00,"4,340.00"
2019-08-21,2019082101005044,SJCL,38,29,20,217.00,"4,340.00"
2019-08-21,2019082101005043,SJCL,38,29,20,217.00,"4,340.00"
2019-08-21,2019082101005042,SJCL,38,29,20,217.00,"4,340.00"
2019-08-21,2019082101005053,SJCL,38,37,20,217.00,"4,340.00"
2019-08-21,2019082101005052,SJCL,38,37,20,217.00,"4,340.00"
2019-08-21,2019082101005051,SJCL,38,37,20,217.00,"4,340.00"
2019-08-21,2019082101005050,SJCL,38,37,20,217.00,"4,340.00"
2019-08-21,2019082101005049,SJCL,38,37,20,217.00,"4,340.00"
2019-08-21,2019082101005048,SJCL,38,37,20,217.00,"4,340.00"
2019-08-21,2019082101005087,SJCL,1,43,20,217.00,"4,340.00"
2019-08-21,2019082101005064,SJCL,6,43,20,216.00,"4,320.00"
2019-08-21,2019082101005063,SJCL,6,45,20,216.00,"4,320.00"
2019-08-21,2019082101005056,SJCL,38,43,20,217.00,"4,340.00"
2019-08-21,2019082101005055,SJCL,38,37,20,217.00,"4,340.00"
2019-08-21,2019082101005054,SJCL,38,37,20,217.00,"4,340.00"
2019-08-21,2019082101005148,SJCL,1,11,10,217.00,"2,170.00"
2019-08-21,2019082101005128,SJCL,1,21,20,217.00,"4,340.00"
2019-08-21,2019082101005127,SJCL,1,29,20,217.00,"4,340.00"
2019-08-21,2019082101005107,SJCL,59,54,10,218.00,"2,180.00"
2019-08-21,2019082101005088,SJCL,1,45,20,217.00,"4,340.00"
2019-08-21,2019082101005216,SJCL,1,11,10,217.00,"2,170.00"
2019-08-21,2019082101005209,SJCL,1,48,20,217.00,"4,340.00"
2019-08-21,2019082101005208,SJCL,1,34,20,217.00,"4,340.00"
2019-08-21,2019082101005203,SJCL,1,45,20,217.00,"4,340.00"
2019-08-21,2019082101005195,SJCL,1,48,20,217.00,"4,340.00"
2019-08-21,2019082101005167,SJCL,1,48,20,217.00,"4,340.00"
2019-08-21,2019082101005166,SLBBL,39,32,200,567.00,"113,400.00"
2019-08-21,2019082101005249,SLICL,1,11,50,299.00,"14,950.00"
2019-08-21,2019082101005204,SLICL,41,11,30,299.00,"8,970.00"
2019-08-21,2019082101005146,SMATA,45,54,10,"1,330.00","13,300.00"
2019-08-21,2019082101004954,SMATA,45,36,10,"1,336.00","13,360.00"
2019-08-21,2019082101004807,SMATA,45,21,10,"1,320.00","13,200.00"
2019-08-21,2019082101004855,SMFBS,57,55,10,816.00,"8,160.00"
2019-08-21,2019082101004854,SMFBS,57,55,10,816.00,"8,160.00"
2019-08-21,2019082101004788,SMFBS,57,10,10,815.00,"8,150.00"
2019-08-21,2019082101004756,SPARS,21,58,10,601.00,"6,010.00"
2019-08-21,2019082101004848,SRBL,54,29,150,234.00,"35,100.00"
2019-08-21,2019082101004847,SRBL,54,14,788,234.00,"184,392.00"
2019-08-21,2019082101004846,SRBL,54,43,640,233.00,"149,120.00"
2019-08-21,2019082101004833,SWBBL,45,33,746,920.00,"686,320.00"
2019-08-21,2019082101005138,UIC,34,47,300,309.00,"92,700.00"
2019-08-21,2019082101004986,UIC,33,47,160,309.00,"49,440.00"
2019-08-21,2019082101004985,UIC,33,26,30,308.00,"9,240.00"
2019-08-21,2019082101004984,UIC,33,57,100,308.00,"30,800.00"
2019-08-21,2019082101004983,UIC,33,6,10,308.00,"3,080.00"
2019-08-21,2019082101004779,UIC,42,6,30,308.00,"9,240.00"
2019-08-21,2019082101005155,UMHL,39,13,414,106.00,"43,884.00"
2019-08-21,2019082101005154,UMHL,39,56,58,106.00,"6,148.00"
2019-08-21,2019082101005149,UPPER,39,59,60,256.00,"15,360.00"
2019-08-21,2019082101005102,UPPER,25,59,300,256.00,"76,800.00"
2019-08-21,2019082101005101,UPPER,25,59,60,257.00,"15,420.00"
2019-08-21,2019082101004805,UPPER,25,46,40,257.00,"10,280.00"
2019-08-21,2019082101004791,UPPER,25,59,150,256.00,"38,400.00"
2019-08-21,2019082101004790,UPPER,25,51,50,256.00,"12,800.00"
2019-08-21,2019082101004777,UPPER,56,38,40,255.00,"10,200.00"
2019-08-21,2019082101004822,UPPER,25,44,20,259.00,"5,180.00"
2019-08-21,2019082101004806,UPPER,25,44,"1,000",257.00,"257,000.00"
2019-08-21,2019082101004745,ADBL,34,6,70,427.00,"29,890.00"
2019-08-21,2019082101004717,ADBL,14,58,500,428.00,"214,000.00"
2019-08-21,2019082101004716,ADBL,14,58,816,428.00,"349,248.00"
2019-08-21,2019082101004507,ADBL,32,58,10,428.00,"4,280.00"
2019-08-21,2019082101004366,ADBL,34,10,130,427.00,"55,510.00"
2019-08-21,2019082101004618,AKJCL,29,11,20,65.00,"1,300.00"
2019-08-21,2019082101004597,AKJCL,29,11,20,65.00,"1,300.00"
2019-08-21,2019082101004522,AKJCL,29,11,20,65.00,"1,300.00"
2019-08-21,2019082101004510,AKJCL,29,11,20,65.00,"1,300.00"
2019-08-21,2019082101004367,AKJCL,29,11,10,65.00,650.00
2019-08-21,2019082101004325,AKJCL,29,11,10,65.00,650.00
2019-08-21,2019082101004260,AKJCL,29,11,10,65.00,650.00
2019-08-21,2019082101004737,AKPL,53,39,39,157.00,"6,123.00"
2019-08-21,2019082101004338,AKPL,19,1,37,156.00,"5,772.00"
2019-08-21,2019082101004647,ALBSL,58,38,70,460.00,"32,200.00"
2019-08-21,2019082101004532,ALBSL,58,11,10,460.00,"4,600.00"
2019-08-21,2019082101004316,ALBSL,58,45,10,460.00,"4,600.00"
2019-08-21,2019082101004315,ALBSL,58,45,10,460.00,"4,600.00"
2019-08-21,2019082101004288,ALBSL,43,58,10,459.00,"4,590.00"
2019-08-21,2019082101004684,ALICL,39,16,10,336.00,"3,360.00"
2019-08-21,2019082101004543,ALICL,19,38,10,335.00,"3,350.00"
2019-08-21,2019082101004542,ALICL,57,38,40,335.00,"13,400.00"
2019-08-21,2019082101004337,ALICL,41,16,50,336.00,"16,800.00"
2019-08-21,2019082101004393,API,45,45,"1,050",129.00,"135,450.00"
2019-08-21,2019082101004514,BARUN,34,11,241,86.00,"20,726.00"
2019-08-21,2019082101004513,BARUN,1,11,80,87.00,"6,960.00"
2019-08-21,2019082101004349,BOKL,1,16,50,256.00,"12,800.00"
2019-08-21,2019082101004330,BPCL,5,5,33,387.00,"12,771.00"
2019-08-21,2019082101004651,CBL,46,16,50,147.00,"7,350.00"
2019-08-21,2019082101004336,CCBL,42,5,10,159.00,"1,590.00"
2019-08-21,2019082101004723,CEFL,44,22,987,112.00,"110,544.00"
2019-08-21,2019082101004385,CEFL,59,22,13,112.00,"1,456.00"
2019-08-21,2019082101004384,CEFL,59,44,37,112.00,"4,144.00"
2019-08-21,2019082101004726,CIT,59,45,10,"2,467.00","24,670.00"
2019-08-21,2019082101004711,CIT,22,17,200,"2,448.00","489,600.00"
2019-08-21,2019082101004710,CIT,22,17,100,"2,447.00","244,700.00"
2019-08-21,2019082101004700,CIT,11,53,80,"2,432.00","194,560.00"
2019-08-21,2019082101004699,CIT,11,11,30,"2,432.00","72,960.00"
2019-08-21,2019082101004675,CIT,11,11,20,"2,432.00","48,640.00"
2019-08-21,2019082101004580,CIT,1,58,25,"2,410.00","60,250.00"
2019-08-21,2019082101004519,CIT,1,28,10,"2,409.00","24,090.00"
2019-08-21,2019082101004455,CIT,49,58,50,"2,410.00","120,500.00"
2019-08-21,2019082101004409,CIT,22,50,100,"2,408.00","240,800.00"
2019-08-21,2019082101004408,CIT,22,43,50,"2,400.00","120,000.00"
2019-08-21,2019082101004407,CIT,22,11,10,"2,400.00","24,000.00"
2019-08-21,2019082101004657,CIT,39,17,50,"2,420.00","121,000.00"
2019-08-21,2019082101004656,CIT,39,43,50,"2,420.00","121,000.00"
2019-08-21,2019082101004655,CIT,39,42,30,"2,419.00","72,570.00"
2019-08-21,2019082101004624,CIT,22,42,70,"2,419.00","169,330.00"
2019-08-21,2019082101004623,CIT,22,53,20,"2,418.00","48,360.00"
2019-08-21,2019082101004622,CIT,22,51,10,"2,415.00","24,150.00"
2019-08-21,2019082101004594,CLBSL,44,35,10,508.00,"5,080.00"
2019-08-21,2019082101004322,CZBIL,56,4,500,216.00,"108,000.00"
2019-08-21,2019082101004307,CZBIL,56,4,500,216.00,"108,000.00"
2019-08-21,2019082101004306,CZBIL,56,41,500,216.00,"108,000.00"
2019-08-21,2019082101004683,FMDBL,19,33,300,390.00,"117,000.00"
2019-08-21,2019082101004631,FMDBL,29,49,80,392.00,"31,360.00"
2019-08-21,2019082101004630,FMDBL,29,4,420,392.00,"164,640.00"
2019-08-21,2019082101004504,FMDBL,19,36,132,390.00,"51,480.00"
2019-08-21,2019082101004365,FOWAD,42,45,14,"1,345.00","18,830.00"
2019-08-21,2019082101004266,FOWAD,42,50,50,"1,345.00","67,250.00"
2019-08-21,2019082101004265,FOWAD,42,55,17,"1,342.00","22,814.00"
2019-08-21,2019082101004629,GDBL,57,13,"1,000",208.00,"208,000.00"
2019-08-21,2019082101004628,GDBL,57,53,250,208.00,"52,000.00"
2019-08-21,2019082101004627,GDBL,57,39,500,208.00,"104,000.00"
2019-08-21,2019082101004663,GFCL,59,21,412,140.00,"57,680.00"
2019-08-21,2019082101004662,GFCL,59,1,294,140.00,"41,160.00"
2019-08-21,2019082101004661,GFCL,59,59,125,140.00,"17,500.00"
2019-08-21,2019082101004281,GHL,16,55,30,78.00,"2,340.00"
2019-08-21,2019082101004730,GLBSL,11,11,10,486.00,"4,860.00"
2019-08-21,2019082101004598,GLBSL,34,26,10,483.00,"4,830.00"
2019-08-21,2019082101004382,GLBSL,34,11,10,483.00,"4,830.00"
2019-08-21,2019082101004595,GLICL,58,25,30,454.00,"13,620.00"
2019-08-21,2019082101004559,GMFBS,58,52,80,534.00,"42,720.00"
2019-08-21,2019082101004558,GMFBS,58,32,10,533.00,"5,330.00"
2019-08-21,2019082101004557,GMFBS,58,58,10,532.00,"5,320.00"
2019-08-21,2019082101004441,GMFBS,34,11,10,527.00,"5,270.00"
2019-08-21,2019082101004380,GMFBS,17,26,10,526.00,"5,260.00"
2019-08-21,2019082101004335,GMFBS,17,26,10,526.00,"5,260.00"
2019-08-21,2019082101004741,HBL,25,50,10,563.00,"5,630.00"
2019-08-21,2019082101004740,HBL,25,45,20,559.00,"11,180.00"
2019-08-21,2019082101004634,HBL,32,8,"1,000",556.00,"556,000.00"
2019-08-21,2019082101004444,HBL,50,43,502,555.00,"278,610.00"
2019-08-21,2019082101004702,HGI,59,53,170,321.00,"54,570.00"
2019-08-21,2019082101004701,HGI,20,53,100,322.00,"32,200.00"
2019-08-21,2019082101004332,HGI,59,21,130,323.00,"41,990.00"
2019-08-21,2019082101004746,HIDCL,25,45,200,148.00,"29,600.00"
2019-08-21,2019082101004734,HIDCL,38,4,"1,000",148.00,"148,000.00"
2019-08-21,2019082101004733,HIDCL,38,22,61,148.00,"9,028.00"
2019-08-21,2019082101004712,HIDCL,47,4,530,148.00,"78,440.00"
2019-08-21,2019082101004687,HIDCL,58,4,430,148.00,"63,640.00"
2019-08-21,2019082101004665,HIDCL,5,4,39,148.00,"5,772.00"
2019-08-21,2019082101004664,HIDCL,5,22,61,148.00,"9,028.00"
2019-08-21,2019082101004703,HPPL,43,4,10,154.00,"1,540.00"
2019-08-21,2019082101004433,HPPL,45,4,10,153.00,"1,530.00"
2019-08-21,2019082101004727,HURJA,22,4,20,123.00,"2,460.00"
2019-08-21,2019082101004686,HURJA,13,4,10,124.00,"1,240.00"
2019-08-21,2019082101004633,HURJA,13,4,20,124.00,"2,480.00"
2019-08-21,2019082101004587,HURJA,13,4,20,124.00,"2,480.00"
2019-08-21,2019082101004541,HURJA,3,4,20,124.00,"2,480.00"
2019-08-21,2019082101004421,HURJA,3,4,20,124.00,"2,480.00"
2019-08-21,2019082101004356,HURJA,3,5,20,124.00,"2,480.00"
2019-08-21,2019082101004285,HURJA,3,55,20,124.00,"2,480.00"
2019-08-21,2019082101004251,HURJA,3,4,20,124.00,"2,480.00"
2019-08-21,2019082101004738,ICFC,52,53,50,162.00,"8,100.00"
2019-08-21,2019082101004742,ILBS,38,4,500,464.00,"232,000.00"
2019-08-21,2019082101004695,ILBS,52,58,10,462.00,"4,620.00"
2019-08-21,2019082101004626,ILBS,26,11,10,460.00,"4,600.00"
2019-08-21,2019082101004600,ILBS,26,4,10,460.00,"4,600.00"
2019-08-21,2019082101004544,ILBS,26,11,10,460.00,"4,600.00"
2019-08-21,2019082101004515,ILBS,26,29,10,460.00,"4,600.00"
2019-08-21,2019082101004310,ILBS,25,41,10,460.00,"4,600.00"
2019-08-21,2019082101004309,ILBS,35,4,10,460.00,"4,600.00"
2019-08-21,2019082101004345,ILBS,7,10,100,458.00,"45,800.00"
2019-08-21,2019082101004344,ILBS,39,10,80,458.00,"36,640.00"
2019-08-21,2019082101004343,ILBS,26,10,100,459.00,"45,900.00"
2019-08-21,2019082101004342,ILBS,43,10,50,459.00,"22,950.00"
2019-08-21,2019082101004341,ILBS,25,10,480,460.00,"220,800.00"
2019-08-21,2019082101004333,ILBS,25,11,10,460.00,"4,600.00"
2019-08-21,2019082101004492,ILBS,26,4,10,460.00,"4,600.00"
2019-08-21,2019082101004453,ILBS,26,11,10,460.00,"4,600.00"
2019-08-21,2019082101004417,ILBS,26,26,10,460.00,"4,600.00"
2019-08-21,2019082101004363,ILBS,26,5,10,460.00,"4,600.00"
2019-08-21,2019082101004347,ILBS,11,10,170,458.00,"77,860.00"
2019-08-21,2019082101004346,ILBS,38,10,20,458.00,"9,160.00"
2019-08-21,2019082101004494,JBBL,47,46,120,159.00,"19,080.00"
2019-08-21,2019082101004481,JBBL,47,46,280,159.00,"44,520.00"
2019-08-21,2019082101004480,JBBL,47,51,63,159.00,"10,017.00"
2019-08-21,2019082101004476,JBBL,47,51,47,159.00,"7,473.00"
2019-08-21,2019082101004457,JBBL,47,51,430,159.00,"68,370.00"
2019-08-21,2019082101004448,JBBL,47,51,80,159.00,"12,720.00"
2019-08-21,2019082101004447,JBBL,47,49,200,159.00,"31,800.00"
2019-08-21,2019082101004437,JBBL,47,59,50,158.00,"7,900.00"
2019-08-21,2019082101004436,JBBL,47,59,90,158.00,"14,220.00"
2019-08-21,2019082101004671,JFL,34,49,10,189.00,"1,890.00"
2019-08-21,2019082101004643,JFL,28,16,100,186.00,"18,600.00"
2019-08-21,2019082101004642,JFL,28,16,100,186.00,"18,600.00"
2019-08-21,2019082101004724,JOSHI,25,39,20,67.00,"1,340.00"
2019-08-21,2019082101004406,JOSHI,25,6,20,67.00,"1,340.00"
2019-08-21,2019082101004350,JOSHI,25,6,20,67.00,"1,340.00"
2019-08-21,2019082101004308,JOSHI,25,6,20,67.00,"1,340.00"
2019-08-21,2019082101004261,JOSHI,25,6,20,67.00,"1,340.00"
2019-08-21,2019082101004586,KBL,32,28,100,205.00,"20,500.00"
2019-08-21,2019082101004529,KBL,32,44,606,204.00,"123,624.00"
