Date,Transact. No.,Symbol,Buyer,Seller,Quantity,Rate,Amount
2019-04-22,2019042201010874,ADBL,14,17,20,342.00,"6,840.00"
2019-04-22,2019042201010797,ADBL,57,42,94,340.00,"31,960.00"
2019-04-22,2019042201010694,ALBSL,19,17,10,470.00,"4,700.00"
2019-04-22,2019042201010599,ALBSL,19,49,330,470.00,"155,100.00"
2019-04-22,2019042201010598,ALBSL,17,49,20,471.00,"9,420.00"
2019-04-22,2019042201010539,ALBSL,17,51,80,471.00,"37,680.00"
2019-04-22,2019042201010538,ALBSL,59,51,20,472.00,"9,440.00"
2019-04-22,2019042201010913,ALICL,26,56,274,423.00,"115,902.00"
2019-04-22,2019042201010814,ALICL,34,38,200,417.00,"83,400.00"
2019-04-22,2019042201010867,API,36,34,"1,000",132.00,"132,000.00"
2019-04-22,2019042201010558,API,25,6,28,133.00,"3,724.00"
2019-04-22,2019042201010823,BOKL,49,26,500,277.00,"138,500.00"
2019-04-22,2019042201010806,BOKL,1,43,94,276.00,"25,944.00"
2019-04-22,2019042201010740,BOKL,52,43,100,276.00,"27,600.00"
2019-04-22,2019042201010739,BOKL,1,43,100,276.00,"27,600.00"
2019-04-22,2019042201010698,BOKL,18,55,100,275.00,"27,500.00"
2019-04-22,2019042201010630,BOKL,32,52,200,274.00,"54,800.00"
2019-04-22,2019042201010629,BOKL,32,52,371,274.00,"101,654.00"
2019-04-22,2019042201010514,BOKL,32,57,129,274.00,"35,346.00"
2019-04-22,2019042201010425,BOKL,14,4,150,275.00,"41,250.00"
2019-04-22,2019042201010424,BOKL,28,4,200,275.00,"55,000.00"
2019-04-22,2019042201010423,BOKL,14,4,100,275.00,"27,500.00"
2019-04-22,2019042201010796,BPCL,21,13,474,363.00,"172,062.00"
2019-04-22,2019042201010851,CBBL,44,34,125,"1,025.00","128,125.00"
2019-04-22,2019042201010850,CBBL,44,59,100,"1,024.00","102,400.00"
2019-04-22,2019042201010827,CBBL,49,14,27,"1,024.00","27,648.00"
2019-04-22,2019042201010826,CBBL,49,36,330,"1,020.00","336,600.00"
2019-04-22,2019042201010825,CBBL,49,6,143,"1,018.00","145,574.00"
2019-04-22,2019042201010641,CBBL,42,6,50,"1,018.00","50,900.00"
2019-04-22,2019042201010565,CBBL,56,6,48,"1,018.00","48,864.00"
2019-04-22,2019042201010893,CBL,35,25,600,171.00,"102,600.00"
2019-04-22,2019042201010892,CBL,21,25,200,171.00,"34,200.00"
2019-04-22,2019042201010891,CBL,51,25,100,171.00,"17,100.00"
2019-04-22,2019042201010890,CBL,19,25,200,171.00,"34,200.00"
2019-04-22,2019042201010889,CBL,37,25,900,171.00,"153,900.00"
2019-04-22,2019042201010884,CBL,1,58,"1,000",172.00,"172,000.00"
2019-04-22,2019042201010451,CBL,34,58,33,171.00,"5,643.00"
2019-04-22,2019042201010471,CBL,25,4,"1,001",171.00,"171,171.00"
2019-04-22,2019042201010470,CBL,25,59,200,171.00,"34,200.00"
2019-04-22,2019042201010469,CBL,25,53,"1,234",171.00,"211,014.00"
2019-04-22,2019042201010454,CBL,34,53,467,171.00,"79,857.00"
2019-04-22,2019042201010453,CBL,34,58,"1,000",171.00,"171,000.00"
2019-04-22,2019042201010452,CBL,34,34,500,171.00,"85,500.00"
2019-04-22,2019042201010500,CBL,19,22,155,172.00,"26,660.00"
2019-04-22,2019042201010499,CBL,19,49,216,171.00,"36,936.00"
2019-04-22,2019042201010475,CBL,25,49,784,171.00,"134,064.00"
2019-04-22,2019042201010474,CBL,25,49,500,171.00,"85,500.00"
2019-04-22,2019042201010473,CBL,25,59,"2,231",171.00,"381,501.00"
2019-04-22,2019042201010472,CBL,25,13,50,171.00,"8,550.00"
2019-04-22,2019042201010594,CBL,26,42,"1,000",171.00,"171,000.00"
2019-04-22,2019042201010567,CBL,54,1,300,171.00,"51,300.00"
2019-04-22,2019042201010559,CBL,22,1,100,171.00,"17,100.00"
2019-04-22,2019042201010545,CBL,22,1,100,171.00,"17,100.00"
2019-04-22,2019042201010502,CBL,19,52,829,172.00,"142,588.00"
2019-04-22,2019042201010501,CBL,19,38,"1,300",172.00,"223,600.00"
2019-04-22,2019042201010843,CBL,36,52,171,172.00,"29,412.00"
2019-04-22,2019042201010728,CBL,52,58,500,171.00,"85,500.00"
2019-04-22,2019042201010720,CBL,35,58,"1,000",171.00,"171,000.00"
2019-04-22,2019042201010662,CBL,53,41,500,171.00,"85,500.00"
2019-04-22,2019042201010661,CBL,54,41,100,171.00,"17,100.00"
2019-04-22,2019042201010595,CBL,38,42,"2,000",171.00,"342,000.00"
2019-04-22,2019042201010870,CBL,34,19,500,171.00,"85,500.00"
2019-04-22,2019042201010869,CBL,29,19,200,171.00,"34,200.00"
2019-04-22,2019042201010847,CBL,29,34,100,171.00,"17,100.00"
2019-04-22,2019042201010846,CBL,50,34,100,171.00,"17,100.00"
2019-04-22,2019042201010845,CBL,52,34,100,171.00,"17,100.00"
2019-04-22,2019042201010844,CBL,36,16,829,172.00,"142,588.00"
2019-04-22,2019042201010883,CBL,1,33,"2,887",172.00,"496,564.00"
2019-04-22,2019042201010882,CBL,1,34,500,172.00,"86,000.00"
2019-04-22,2019042201010881,CBL,1,53,500,172.00,"86,000.00"
2019-04-22,2019042201010880,CBL,1,52,500,172.00,"86,000.00"
2019-04-22,2019042201010879,CBL,1,16,"1,171",172.00,"201,412.00"
2019-04-22,2019042201010871,CBL,37,19,100,171.00,"17,100.00"
2019-04-22,2019042201010820,CCBL,18,46,200,171.00,"34,200.00"
2019-04-22,2019042201010557,CCBL,19,46,207,171.00,"35,397.00"
2019-04-22,2019042201010556,CCBL,19,38,45,170.00,"7,650.00"
2019-04-22,2019042201010488,CCBL,47,38,200,170.00,"34,000.00"
2019-04-22,2019042201010460,CCBL,58,38,110,170.00,"18,700.00"
2019-04-22,2019042201010459,CCBL,34,38,"1,000",170.00,"170,000.00"
2019-04-22,2019042201010458,CCBL,37,38,162,170.00,"27,540.00"
2019-04-22,2019042201010760,CIT,52,42,200,"2,510.00","502,000.00"
2019-04-22,2019042201010482,CIT,52,18,130,"2,514.00","326,820.00"
2019-04-22,2019042201010438,CIT,33,25,12,"2,500.00","30,000.00"
2019-04-22,2019042201010437,CIT,47,25,38,"2,500.00","95,000.00"
2019-04-22,2019042201010436,CIT,1,25,30,"2,501.00","75,030.00"
2019-04-22,2019042201010435,CIT,39,25,10,"2,501.00","25,010.00"
2019-04-22,2019042201010434,CIT,22,25,10,"2,502.00","25,020.00"
2019-04-22,2019042201010736,CLBSL,16,5,20,610.00,"12,200.00"
2019-04-22,2019042201010566,CLBSL,16,5,10,622.00,"6,220.00"
2019-04-22,2019042201010429,CORBL,34,45,340,93.00,"31,620.00"
2019-04-22,2019042201010911,CZBIL,29,53,108,227.00,"24,516.00"
2019-04-22,2019042201010910,CZBIL,29,57,92,226.00,"20,792.00"
2019-04-22,2019042201010830,CZBIL,49,57,90,226.00,"20,340.00"
2019-04-22,2019042201010551,CZBIL,5,53,200,227.00,"45,400.00"
2019-04-22,2019042201010498,CZBIL,49,28,410,226.00,"92,660.00"
2019-04-22,2019042201010497,CZBIL,45,28,500,226.00,"113,000.00"
2019-04-22,2019042201010496,CZBIL,7,28,290,226.00,"65,540.00"
2019-04-22,2019042201010522,DBBL,1,51,200,127.00,"25,400.00"
2019-04-22,2019042201010463,DBBL,1,48,400,127.00,"50,800.00"
2019-04-22,2019042201010462,DBBL,1,48,600,127.00,"76,200.00"
2019-04-22,2019042201010699,DDBL,47,16,10,668.00,"6,680.00"
2019-04-22,2019042201010683,DDBL,47,34,182,668.00,"121,576.00"
2019-04-22,2019042201010811,EBL,14,22,10,670.00,"6,700.00"
2019-04-22,2019042201010672,EBL,5,53,150,657.00,"98,550.00"
2019-04-22,2019042201010671,EBL,4,53,50,657.00,"32,850.00"
2019-04-22,2019042201010670,EBL,29,22,100,670.00,"67,000.00"
2019-04-22,2019042201010669,EBL,29,4,100,670.00,"67,000.00"
2019-04-22,2019042201010537,EBL,1,48,44,657.00,"28,908.00"
2019-04-22,2019042201010866,FMDBL,13,21,13,383.00,"4,979.00"
2019-04-22,2019042201010865,FMDBL,26,21,12,383.00,"4,596.00"
2019-04-22,2019042201010864,FMDBL,48,21,100,384.00,"38,400.00"
2019-04-22,2019042201010468,FMDBL,41,21,40,386.00,"15,440.00"
2019-04-22,2019042201010465,GBBL,47,25,250,204.00,"51,000.00"
2019-04-22,2019042201010447,GBBL,47,25,250,204.00,"51,000.00"
2019-04-22,2019042201010854,GBIME,50,52,500,297.00,"148,500.00"
2019-04-22,2019042201010759,GBIME,50,43,"1,000",296.00,"296,000.00"
2019-04-22,2019042201010758,GBIME,50,29,83,296.00,"24,568.00"
2019-04-22,2019042201010686,GBIME,50,37,45,295.00,"13,275.00"
2019-04-22,2019042201010579,GBLBS,37,42,500,346.00,"173,000.00"
2019-04-22,2019042201010578,GBLBS,34,42,100,346.00,"34,600.00"
2019-04-22,2019042201010577,GBLBS,26,42,30,346.00,"10,380.00"
2019-04-22,2019042201010576,GBLBS,19,42,170,347.00,"58,990.00"
2019-04-22,2019042201010753,GDBL,25,41,10,201.00,"2,010.00"
2019-04-22,2019042201010752,GDBL,25,1,500,199.00,"99,500.00"
2019-04-22,2019042201010815,GLICL,39,25,200,540.00,"108,000.00"
2019-04-22,2019042201010765,GLICL,39,51,200,535.00,"107,000.00"
2019-04-22,2019042201010764,GLICL,39,50,270,534.00,"144,180.00"
2019-04-22,2019042201010873,HBL,49,47,440,560.00,"246,400.00"
2019-04-22,2019042201010839,HBL,25,47,10,560.00,"5,600.00"
2019-04-22,2019042201010821,HBL,29,42,200,556.00,"111,200.00"
2019-04-22,2019042201010784,HGI,38,42,10,392.00,"3,920.00"
2019-04-22,2019042201010583,HIDCL,29,58,47,139.00,"6,533.00"
2019-04-22,2019042201010856,IGI,5,53,10,418.00,"4,180.00"
2019-04-22,2019042201010768,IGI,7,55,100,415.00,"41,500.00"
2019-04-22,2019042201010741,IGI,7,38,25,407.00,"10,175.00"
2019-04-22,2019042201010840,JBNL,19,7,127,191.00,"24,257.00"
2019-04-22,2019042201010819,JBNL,16,34,254,191.00,"48,514.00"
2019-04-22,2019042201010810,JBNL,52,34,500,191.00,"95,500.00"
2019-04-22,2019042201010627,JBNL,32,32,200,191.00,"38,200.00"
2019-04-22,2019042201010623,JBNL,42,25,20,190.00,"3,800.00"
2019-04-22,2019042201010622,JBNL,10,25,180,190.00,"34,200.00"
2019-04-22,2019042201010479,JBNL,10,38,320,190.00,"60,800.00"
2019-04-22,2019042201010897,KBL,16,32,485,225.00,"109,125.00"
2019-04-22,2019042201010818,KBL,38,11,52,224.00,"11,648.00"
2019-04-22,2019042201010756,KBL,38,11,500,224.00,"112,000.00"
2019-04-22,2019042201010721,KBL,39,11,100,224.00,"22,400.00"
2019-04-22,2019042201010628,KBL,59,40,20,223.00,"4,460.00"
2019-04-22,2019042201010564,KBL,59,45,270,223.00,"60,210.00"
2019-04-22,2019042201010485,KBL,36,52,800,223.00,"178,400.00"
2019-04-22,2019042201010549,KBL,20,45,30,223.00,"6,690.00"
2019-04-22,2019042201010548,KBL,46,45,50,223.00,"11,150.00"
2019-04-22,2019042201010547,KBL,14,45,150,223.00,"33,450.00"
2019-04-22,2019042201010515,KBL,43,26,100,223.00,"22,300.00"
2019-04-22,2019042201010487,KBL,54,52,200,223.00,"44,600.00"
2019-04-22,2019042201010486,KBL,41,52,200,223.00,"44,600.00"
2019-04-22,2019042201010715,KMCDB,50,52,50,777.00,"38,850.00"
2019-04-22,2019042201010646,KMCDB,48,7,10,776.00,"7,760.00"
2019-04-22,2019042201010527,KSBBL,1,49,22,145.00,"3,190.00"
2019-04-22,2019042201010526,KSBBL,8,49,500,145.00,"72,500.00"
2019-04-22,2019042201010525,KSBBL,57,49,400,145.00,"58,000.00"
2019-04-22,2019042201010524,KSBBL,50,49,200,145.00,"29,000.00"
2019-04-22,2019042201010523,KSBBL,1,49,78,145.00,"11,310.00"
2019-04-22,2019042201010904,LBBL,33,43,"1,000",179.00,"179,000.00"
2019-04-22,2019042201010642,LBBL,33,6,300,178.00,"53,400.00"
2019-04-22,2019042201010520,LBBL,26,45,72,177.00,"12,744.00"
2019-04-22,2019042201010788,LBL,49,14,98,230.00,"22,540.00"
2019-04-22,2019042201010787,LBL,49,32,"1,000",229.00,"229,000.00"
2019-04-22,2019042201010786,LBL,49,7,"1,000",228.00,"228,000.00"
2019-04-22,2019042201010785,LBL,49,34,540,228.00,"123,120.00"
2019-04-22,2019042201010587,LBL,36,34,10,228.00,"2,280.00"
2019-04-22,2019042201010586,LBL,36,34,300,227.00,"68,100.00"
2019-04-22,2019042201010585,LBL,36,52,200,227.00,"45,400.00"
2019-04-22,2019042201010888,LGIL,58,56,10,519.00,"5,190.00"
2019-04-22,2019042201010603,LGIL,53,49,17,513.00,"8,721.00"
2019-04-22,2019042201010602,LGIL,6,49,50,513.00,"25,650.00"
2019-04-22,2019042201010570,LGIL,42,36,200,514.00,"102,800.00"
2019-04-22,2019042201010569,LGIL,35,36,300,514.00,"154,200.00"
2019-04-22,2019042201010568,LGIL,51,36,119,514.00,"61,166.00"
2019-04-22,2019042201010668,LICN,25,32,10,"1,623.00","16,230.00"
2019-04-22,2019042201010510,LICN,50,57,100,"1,600.00","160,000.00"
2019-04-22,2019042201010512,LLBS,16,38,28,805.00,"22,540.00"
2019-04-22,2019042201010801,MBL,37,1,200,264.00,"52,800.00"
2019-04-22,2019042201010800,MBL,37,50,500,264.00,"132,000.00"
2019-04-22,2019042201010762,MBL,16,28,500,263.00,"131,500.00"
2019-04-22,2019042201010737,MBL,14,7,575,262.00,"150,650.00"
2019-04-22,2019042201010705,MBL,4,1,342,260.00,"88,920.00"
2019-04-22,2019042201010701,MBL,4,49,160,260.00,"41,600.00"
2019-04-22,2019042201010561,MBL,41,49,300,260.00,"78,000.00"
2019-04-22,2019042201010544,MBL,14,14,150,261.00,"39,150.00"
2019-04-22,2019042201010543,MBL,42,14,300,261.00,"78,300.00"
2019-04-22,2019042201010505,MBL,5,7,100,262.00,"26,200.00"
2019-04-22,2019042201010446,MBL,42,38,200,261.00,"52,200.00"
2019-04-22,2019042201010445,MBL,44,38,300,261.00,"78,300.00"
2019-04-22,2019042201010700,MBL,1,49,340,260.00,"88,400.00"
2019-04-22,2019042201010684,MBL,39,40,150,261.00,"39,150.00"
2019-04-22,2019042201010653,MBL,39,14,50,261.00,"13,050.00"
2019-04-22,2019042201010645,MBL,1,40,20,260.00,"5,200.00"
2019-04-22,2019042201010563,MBL,1,49,140,260.00,"36,400.00"
2019-04-22,2019042201010562,MBL,25,49,60,260.00,"15,600.00"
2019-04-22,2019042201010905,MEGA,17,38,300,179.00,"53,700.00"
2019-04-22,2019042201010887,MEGA,17,38,187,179.00,"33,473.00"
2019-04-22,2019042201010886,MEGA,28,38,13,179.00,"2,327.00"
2019-04-22,2019042201010849,MEGA,28,47,187,179.00,"33,473.00"
2019-04-22,2019042201010782,MEGA,42,3,500,179.00,"89,500.00"
2019-04-22,2019042201010781,MEGA,42,56,100,179.00,"17,900.00"
2019-04-22,2019042201010665,MEGA,39,56,100,178.00,"17,800.00"
2019-04-22,2019042201010624,MEGA,39,51,60,177.00,"10,620.00"
2019-04-22,2019042201010618,MEGA,39,56,200,177.00,"35,400.00"
2019-04-22,2019042201010617,MEGA,34,56,300,178.00,"53,400.00"
2019-04-22,2019042201010724,MERO,10,34,30,604.00,"18,120.00"
2019-04-22,2019042201010466,MERO,38,41,18,601.00,"10,818.00"
2019-04-22,2019042201010813,MFIL,49,57,500,114.00,"57,000.00"
2019-04-22,2019042201010634,MFIL,49,49,"1,000",114.00,"114,000.00"
2019-04-22,2019042201010633,MFIL,49,34,700,114.00,"79,800.00"
2019-04-22,2019042201010738,MNBBL,11,25,500,375.00,"187,500.00"
2019-04-22,2019042201010528,MNBBL,14,25,124,375.00,"46,500.00"
2019-04-22,2019042201010809,MSMBS,4,34,10,532.00,"5,320.00"
2019-04-22,2019042201010917,NABIL,5,19,15,880.00,"13,200.00"
2019-04-22,2019042201010804,NABIL,1,3,90,875.00,"78,750.00"
2019-04-22,2019042201010657,NABIL,5,3,10,875.00,"8,750.00"
2019-04-22,2019042201010625,NABIL,53,42,100,873.00,"87,300.00"
2019-04-22,2019042201010504,NABIL,29,16,50,870.00,"43,500.00"
2019-04-22,2019042201010503,NABIL,29,17,50,870.00,"43,500.00"
2019-04-22,2019042201010420,NABIL,34,45,50,870.00,"43,500.00"
2019-04-22,2019042201010907,NABILP,19,6,100,812.00,"81,200.00"
2019-04-22,2019042201010906,NABILP,14,6,100,812.00,"81,200.00"
2019-04-22,2019042201010872,NABILP,35,6,270,815.00,"220,050.00"
2019-04-22,2019042201010868,NABILP,59,44,500,819.00,"409,500.00"
2019-04-22,2019042201010842,NABILP,37,44,500,819.00,"409,500.00"
2019-04-22,2019042201010427,NABILP,59,17,50,824.00,"41,200.00"
2019-04-22,2019042201010817,NADEP,41,11,40,548.00,"21,920.00"
2019-04-22,2019042201010816,NADEP,41,14,20,547.00,"10,940.00"
2019-04-22,2019042201010901,NBB,5,48,250,230.00,"57,500.00"
2019-04-22,2019042201010858,NBB,49,17,100,229.00,"22,900.00"
2019-04-22,2019042201010857,NBB,43,17,100,229.00,"22,900.00"
2019-04-22,2019042201010837,NBB,40,14,500,230.00,"115,000.00"
2019-04-22,2019042201010792,NBB,43,55,100,229.00,"22,900.00"
2019-04-22,2019042201010748,NBB,43,28,300,229.00,"68,700.00"
2019-04-22,2019042201010419,NBB,57,38,92,228.00,"20,976.00"
2019-04-22,2019042201010611,NBB,34,22,200,229.00,"45,800.00"
2019-04-22,2019042201010582,NBB,20,52,92,230.00,"21,160.00"
2019-04-22,2019042201010571,NBB,20,28,408,230.00,"93,840.00"
2019-04-22,2019042201010491,NBB,25,34,500,230.00,"115,000.00"
2019-04-22,2019042201010461,NBB,39,34,350,230.00,"80,500.00"
2019-04-22,2019042201010433,NBB,34,1,204,229.00,"46,716.00"
2019-04-22,2019042201010709,NBB,1,52,908,230.00,"208,840.00"
2019-04-22,2019042201010658,NBB,1,17,704,229.00,"161,216.00"
2019-04-22,2019042201010654,NBB,20,17,200,229.00,"45,800.00"
2019-04-22,2019042201010648,NBB,43,17,500,229.00,"114,500.00"
2019-04-22,2019042201010626,NBB,34,17,596,229.00,"136,484.00"
2019-04-22,2019042201010663,NBBL,58,51,100,620.00,"62,000.00"
2019-04-22,2019042201010604,NBBL,58,54,50,620.00,"31,000.00"
2019-04-22,2019042201010914,NBL,33,25,10,310.00,"3,100.00"
2019-04-22,2019042201010848,NBL,5,25,10,310.00,"3,100.00"
2019-04-22,2019042201010791,NBL,44,45,318,309.00,"98,262.00"
2019-04-22,2019042201010774,NBL,10,32,500,309.00,"154,500.00"
2019-04-22,2019042201010773,NBL,10,25,50,309.00,"15,450.00"
2019-04-22,2019042201010772,NBL,10,21,400,309.00,"123,600.00"
2019-04-22,2019042201010444,NBL,44,7,"1,000",308.00,"308,000.00"
2019-04-22,2019042201010426,NBL,18,25,100,309.00,"30,900.00"
2019-04-22,2019042201010573,NBL,55,7,150,308.00,"46,200.00"
2019-04-22,2019042201010518,NBL,55,7,850,308.00,"261,800.00"
2019-04-22,2019042201010517,NBL,44,7,100,308.00,"30,800.00"
2019-04-22,2019042201010509,NBL,44,25,"1,000",308.00,"308,000.00"
2019-04-22,2019042201010490,NBL,44,7,"1,000",308.00,"308,000.00"
2019-04-22,2019042201010464,NBL,44,7,"1,000",308.00,"308,000.00"
2019-04-22,2019042201010673,NBL,16,25,500,309.00,"154,500.00"
2019-04-22,2019042201010655,NBL,44,25,200,308.00,"61,600.00"
2019-04-22,2019042201010616,NBL,44,25,"2,000",308.00,"616,000.00"
2019-04-22,2019042201010608,NBL,44,40,232,308.00,"71,456.00"
2019-04-22,2019042201010588,NBL,44,7,"1,350",308.00,"415,800.00"
2019-04-22,2019042201010574,NBL,44,7,"1,350",308.00,"415,800.00"
2019-04-22,2019042201010771,NBL,10,38,400,309.00,"123,600.00"
2019-04-22,2019042201010706,NBL,51,38,100,309.00,"30,900.00"
2019-04-22,2019042201010682,NBL,44,38,"1,000",309.00,"309,000.00"
2019-04-22,2019042201010681,NBL,44,38,"1,500",309.00,"463,500.00"
2019-04-22,2019042201010680,NBL,44,58,300,309.00,"92,700.00"
2019-04-22,2019042201010679,NBL,44,25,200,309.00,"61,800.00"
2019-04-22,2019042201010896,NCCB,42,33,"1,000",233.00,"233,000.00"
2019-04-22,2019042201010895,NCCB,42,35,92,233.00,"21,436.00"
2019-04-22,2019042201010835,NCCB,58,35,10,233.00,"2,330.00"
2019-04-22,2019042201010808,NCCB,52,22,70,232.00,"16,240.00"
2019-04-22,2019042201010807,NCCB,58,35,10,233.00,"2,330.00"
2019-04-22,2019042201010795,NCCB,25,32,"1,027",232.00,"238,264.00"
2019-04-22,2019042201010639,NCCB,32,54,"2,000",230.00,"460,000.00"
2019-04-22,2019042201010638,NCCB,53,54,100,230.00,"23,000.00"
2019-04-22,2019042201010637,NCCB,49,54,500,230.00,"115,000.00"
2019-04-22,2019042201010636,NCCB,26,54,"1,500",230.00,"345,000.00"
2019-04-22,2019042201010635,NCCB,29,54,"1,500",230.00,"345,000.00"
2019-04-22,2019042201010794,NCCB,25,7,387,232.00,"89,784.00"
2019-04-22,2019042201010783,NCCB,25,50,500,231.00,"115,500.00"
2019-04-22,2019042201010761,NCCB,29,7,"1,000",232.00,"232,000.00"
2019-04-22,2019042201010734,NCCB,58,7,13,232.00,"3,016.00"
2019-04-22,2019042201010644,NCCB,28,34,817,231.00,"188,727.00"
2019-04-22,2019042201010643,NCCB,28,32,500,231.00,"115,500.00"
2019-04-22,2019042201010716,NEF,40,38,"2,414",8.15,"19,674.10"
2019-04-22,2019042201010521,NIB,55,1,50,565.00,"28,250.00"
2019-04-22,2019042201010467,NIB,55,54,100,565.00,"56,500.00"
2019-04-22,2019042201010432,NIB,55,32,453,565.00,"255,945.00"
2019-04-22,2019042201010431,NIB,55,43,290,563.00,"163,270.00"
2019-04-22,2019042201010430,NIB,55,1,100,562.00,"56,200.00"
2019-04-22,2019042201010878,NIBPO,59,51,10,520.00,"5,200.00"
2019-04-22,2019042201010600,NIBPO,37,52,490,513.00,"251,370.00"
2019-04-22,2019042201010555,NIBPO,57,52,"1,000",513.00,"513,000.00"
2019-04-22,2019042201010554,NIBPO,47,52,360,514.00,"185,040.00"
2019-04-22,2019042201010553,NIBPO,22,52,150,515.00,"77,250.00"
2019-04-22,2019042201010550,NIBPO,59,51,10,520.00,"5,200.00"
2019-04-22,2019042201010918,NICA,52,49,10,484.00,"4,840.00"
2019-04-22,2019042201010900,NICA,34,53,186,490.00,"91,140.00"
2019-04-22,2019042201010899,NICA,34,48,114,488.00,"55,632.00"
2019-04-22,2019042201010898,NICA,34,17,200,488.00,"97,600.00"
2019-04-22,2019042201010863,NICA,19,36,730,487.00,"355,510.00"
2019-04-22,2019042201010862,NICA,28,36,300,487.00,"146,100.00"
2019-04-22,2019042201010541,NICA,14,34,500,484.00,"242,000.00"
2019-04-22,2019042201010536,NICA,33,10,600,483.00,"289,800.00"
2019-04-22,2019042201010535,NICA,48,10,400,483.00,"193,200.00"
2019-04-22,2019042201010506,NICA,48,45,100,483.00,"48,300.00"
2019-04-22,2019042201010747,NICA,14,6,500,486.00,"243,000.00"
2019-04-22,2019042201010688,NICA,42,38,200,486.00,"97,200.00"
2019-04-22,2019042201010687,NICA,42,11,500,486.00,"243,000.00"
2019-04-22,2019042201010591,NICA,50,25,130,485.00,"63,050.00"
2019-04-22,2019042201010590,NICA,50,14,453,485.00,"219,705.00"
2019-04-22,2019042201010542,NICA,14,57,500,484.00,"242,000.00"
2019-04-22,2019042201010859,NICA,14,36,10,487.00,"4,870.00"
2019-04-22,2019042201010833,NICA,50,6,300,486.00,"145,800.00"
2019-04-22,2019042201010805,NICA,35,35,"10,000",484.00,"4,840,000.00"
2019-04-22,2019042201010802,NICA,33,42,50,483.00,"24,150.00"
2019-04-22,2019042201010776,NICA,14,6,200,486.00,"97,200.00"
2019-04-22,2019042201010763,NICA,22,36,160,487.00,"77,920.00"
2019-04-22,2019042201010664,NICL,21,25,20,388.00,"7,760.00"
2019-04-22,2019042201010803,NIL,51,6,600,528.00,"316,800.00"
2019-04-22,2019042201010703,NIL,51,34,300,528.00,"158,400.00"
2019-04-22,2019042201010691,NIL,55,34,200,528.00,"105,600.00"
2019-04-22,2019042201010690,NIL,55,34,100,528.00,"52,800.00"
2019-04-22,2019042201010666,NIL,38,49,600,527.00,"316,200.00"
2019-04-22,2019042201010589,NIL,38,58,600,527.00,"316,200.00"
2019-04-22,2019042201010511,NIL,49,34,200,528.00,"105,600.00"
2019-04-22,2019042201010836,NLBBL,26,19,10,478.00,"4,780.00"
2019-04-22,2019042201010822,NLG,6,29,20,835.00,"16,700.00"
2019-04-22,2019042201010775,NLG,6,19,20,832.00,"16,640.00"
2019-04-22,2019042201010779,NLIC,10,53,30,"1,148.00","34,440.00"
2019-04-22,2019042201010767,NLIC,11,40,100,"1,134.00","113,400.00"
2019-04-22,2019042201010766,NLIC,42,40,25,"1,134.00","28,350.00"
2019-04-22,2019042201010749,NLIC,45,34,38,"1,145.00","43,510.00"
2019-04-22,2019042201010735,NLIC,42,56,150,"1,134.00","170,100.00"
2019-04-22,2019042201010719,NLIC,38,34,23,"1,145.00","26,335.00"
2019-04-22,2019042201010448,NLIC,42,53,25,"1,134.00","28,350.00"
2019-04-22,2019042201010718,NLIC,38,17,20,"1,143.00","22,860.00"
2019-04-22,2019042201010717,NLIC,38,32,17,"1,142.00","19,414.00"
2019-04-22,2019042201010620,NLIC,47,26,97,"1,135.00","110,095.00"
2019-04-22,2019042201010610,NLIC,57,26,43,"1,135.00","48,805.00"
2019-04-22,2019042201010609,NLIC,57,50,257,"1,135.00","291,695.00"
2019-04-22,2019042201010495,NLIC,57,50,200,"1,135.00","227,000.00"
2019-04-22,2019042201010908,NLICL,29,34,250,605.00,"151,250.00"
2019-04-22,2019042201010493,NLICL,42,42,280,601.00,"168,280.00"
2019-04-22,2019042201010492,NLICL,5,42,100,602.00,"60,200.00"
2019-04-22,2019042201010912,NMB,14,38,500,382.00,"191,000.00"
2019-04-22,2019042201010909,NMB,19,58,82,381.00,"31,242.00"
2019-04-22,2019042201010853,NMB,45,58,"1,600",381.00,"609,600.00"
2019-04-22,2019042201010852,NMB,45,56,400,381.00,"152,400.00"
2019-04-22,2019042201010798,NMB,14,43,500,380.00,"190,000.00"
2019-04-22,2019042201010778,NMB,14,13,700,380.00,"266,000.00"
2019-04-22,2019042201010428,NMB,53,49,500,379.00,"189,500.00"
2019-04-22,2019042201010606,NMB,45,57,100,380.00,"38,000.00"
2019-04-22,2019042201010605,NMB,45,6,37,380.00,"14,060.00"
2019-04-22,2019042201010597,NMB,14,6,63,380.00,"23,940.00"
2019-04-22,2019042201010596,NMB,14,47,937,380.00,"356,060.00"
2019-04-22,2019042201010572,NMB,32,51,200,379.00,"75,800.00"
2019-04-22,2019042201010450,NMB,14,47,100,380.00,"38,000.00"
2019-04-22,2019042201010751,NMB,49,13,500,380.00,"190,000.00"
2019-04-22,2019042201010726,NMB,38,13,100,380.00,"38,000.00"
2019-04-22,2019042201010704,NMB,40,48,600,379.00,"227,400.00"
2019-04-22,2019042201010613,NMB,14,13,500,380.00,"190,000.00"
2019-04-22,2019042201010612,NMB,14,1,500,380.00,"190,000.00"
2019-04-22,2019042201010607,NMB,45,13,198,380.00,"75,240.00"
2019-04-22,2019042201010516,NMBMF,40,50,62,"1,015.00","62,930.00"
2019-04-22,2019042201010860,NMFBS,38,19,10,"1,745.00","17,450.00"
2019-04-22,2019042201010725,NMFBS,33,55,10,"1,780.00","17,800.00"
2019-04-22,2019042201010647,NMFBS,33,55,10,"1,780.00","17,800.00"
2019-04-22,2019042201010513,NMFBS,38,45,40,"1,749.00","69,960.00"
2019-04-22,2019042201010457,NMFBS,38,54,10,"1,749.00","17,490.00"
2019-04-22,2019042201010619,NTC,33,36,10,690.00,"6,900.00"
2019-04-22,2019042201010632,NUBL,14,59,100,821.00,"82,100.00"
2019-04-22,2019042201010631,NUBL,51,59,100,822.00,"82,200.00"
2019-04-22,2019042201010861,PCBL,52,28,673,346.00,"232,858.00"
2019-04-22,2019042201010777,PCBL,59,28,200,346.00,"69,200.00"
2019-04-22,2019042201010731,PCBL,44,28,400,346.00,"138,400.00"
2019-04-22,2019042201010730,PCBL,44,43,300,346.00,"103,800.00"
2019-04-22,2019042201010729,PCBL,44,25,300,346.00,"103,800.00"
2019-04-22,2019042201010689,PCBL,39,44,100,345.00,"34,500.00"
2019-04-22,2019042201010534,PCBL,47,54,300,344.00,"103,200.00"
2019-04-22,2019042201010533,PCBL,43,54,200,345.00,"69,000.00"
2019-04-22,2019042201010519,PCBL,5,25,200,346.00,"69,200.00"
2019-04-22,2019042201010685,PIC,6,38,20,"1,034.00","20,680.00"
2019-04-22,2019042201010601,PIC,56,32,11,"1,027.00","11,297.00"
2019-04-22,2019042201010456,PIC,7,10,11,"1,027.00","11,297.00"
2019-04-22,2019042201010621,PICL,58,1,10,724.00,"7,240.00"
2019-04-22,2019042201010754,PLIC,34,49,150,479.00,"71,850.00"
2019-04-22,2019042201010552,PRIN,28,55,10,418.00,"4,180.00"
2019-04-22,2019042201010481,PRIN,42,14,297,420.00,"124,740.00"
2019-04-22,2019042201010902,PRVU,28,34,20,275.00,"5,500.00"
2019-04-22,2019042201010877,PRVU,32,34,"1,000",274.00,"274,000.00"
2019-04-22,2019042201010876,PRVU,32,7,150,274.00,"41,100.00"
2019-04-22,2019042201010875,PRVU,32,58,202,274.00,"55,348.00"
2019-04-22,2019042201010855,PRVU,32,58,200,274.00,"54,800.00"
2019-04-22,2019042201010838,PRVU,58,41,500,273.00,"136,500.00"
2019-04-22,2019042201010652,PRVU,16,57,200,273.00,"54,600.00"
2019-04-22,2019042201010494,PRVU,58,48,100,272.00,"27,200.00"
2019-04-22,2019042201010799,PRVU,26,58,100,274.00,"27,400.00"
2019-04-22,2019042201010733,PRVU,22,49,500,273.00,"136,500.00"
2019-04-22,2019042201010732,PRVU,22,57,150,273.00,"40,950.00"
2019-04-22,2019042201010707,PRVU,38,57,150,273.00,"40,950.00"
2019-04-22,2019042201010894,RBCL,38,58,20,"9,201.00","184,020.00"
2019-04-22,2019042201010693,RBCL,38,33,30,"9,201.00","276,030.00"
2019-04-22,2019042201010692,RBCL,41,33,10,"9,202.00","92,020.00"
2019-04-22,2019042201010746,RBCLPO,33,4,10,"8,260.00","82,600.00"
2019-04-22,2019042201010745,RBCLPO,54,4,20,"8,260.00","165,200.00"
2019-04-22,2019042201010744,RBCLPO,6,4,30,"8,265.00","247,950.00"
2019-04-22,2019042201010743,RBCLPO,33,4,10,"8,270.00","82,700.00"
2019-04-22,2019042201010742,RBCLPO,16,4,20,"8,275.00","165,500.00"
2019-04-22,2019042201010532,RBCLPO,33,4,10,"8,275.00","82,750.00"
2019-04-22,2019042201010531,RBCLPO,33,4,10,"8,275.00","82,750.00"
2019-04-22,2019042201010656,RHPC,17,38,400,90.00,"36,000.00"
2019-04-22,2019042201010667,RMDC,39,28,20,581.00,"11,620.00"
2019-04-22,2019042201010702,SANIMA,41,49,500,340.00,"170,000.00"
2019-04-22,2019042201010640,SANIMA,45,39,100,341.00,"34,100.00"
2019-04-22,2019042201010581,SANIMA,41,13,400,340.00,"136,000.00"
2019-04-22,2019042201010885,SBI,45,45,320,497.00,"159,040.00"
2019-04-22,2019042201010708,SBI,14,36,100,487.00,"48,700.00"
2019-04-22,2019042201010697,SBI,19,36,400,487.00,"194,800.00"
2019-04-22,2019042201010696,SBI,37,36,500,488.00,"244,000.00"
2019-04-22,2019042201010695,SBI,57,36,200,488.00,"97,600.00"
2019-04-22,2019042201010443,SBI,34,36,100,486.00,"48,600.00"
2019-04-22,2019042201010442,SBI,28,36,500,487.00,"243,500.00"
2019-04-22,2019042201010441,SBI,14,36,150,488.00,"73,200.00"
2019-04-22,2019042201010440,SBI,10,36,400,488.00,"195,200.00"
2019-04-22,2019042201010834,SBL,42,25,450,347.00,"156,150.00"
2019-04-22,2019042201010780,SBL,19,38,500,345.00,"172,500.00"
2019-04-22,2019042201010755,SBL,44,42,"1,000",346.00,"346,000.00"
2019-04-22,2019042201010593,SBL,5,25,50,347.00,"17,350.00"
2019-04-22,2019042201010592,SBL,5,53,150,347.00,"52,050.00"
2019-04-22,2019042201010584,SBL,42,45,49,344.00,"16,856.00"
2019-04-22,2019042201010903,SCB,32,45,300,710.00,"213,000.00"
2019-04-22,2019042201010832,SCB,5,45,250,710.00,"177,500.00"
2019-04-22,2019042201010831,SCB,33,45,200,711.00,"142,200.00"
2019-04-22,2019042201010793,SCB,5,38,20,710.00,"14,200.00"
2019-04-22,2019042201010508,SCB,37,42,60,710.00,"42,600.00"
2019-04-22,2019042201010507,SCB,56,42,40,712.00,"28,480.00"
2019-04-22,2019042201010489,SCB,46,17,100,711.00,"71,100.00"
2019-04-22,2019042201010676,SCB,14,21,100,711.00,"71,100.00"
2019-04-22,2019042201010675,SCB,41,21,50,711.00,"35,550.00"
2019-04-22,2019042201010674,SCB,56,21,66,712.00,"46,992.00"
2019-04-22,2019042201010615,SCB,36,7,55,717.00,"39,435.00"
2019-04-22,2019042201010614,SCB,36,19,20,716.00,"14,320.00"
2019-04-22,2019042201010546,SCB,56,6,49,712.00,"34,888.00"
2019-04-22,2019042201010713,SCB,14,21,100,710.00,"71,000.00"
2019-04-22,2019042201010712,SCB,57,21,100,710.00,"71,000.00"
2019-04-22,2019042201010711,SCB,38,21,50,710.00,"35,500.00"
2019-04-22,2019042201010710,SCB,37,21,170,710.00,"120,700.00"
2019-04-22,2019042201010678,SCB,37,21,184,710.00,"130,640.00"
2019-04-22,2019042201010677,SCB,35,21,100,711.00,"71,100.00"
2019-04-22,2019042201010770,SCB,5,37,250,710.00,"177,500.00"
2019-04-22,2019042201010769,SCB,45,37,50,711.00,"35,550.00"
2019-04-22,2019042201010757,SCB,5,50,100,710.00,"71,000.00"
2019-04-22,2019042201010723,SCB,36,45,125,715.00,"89,375.00"
2019-04-22,2019042201010722,SCB,36,47,25,714.00,"17,850.00"
2019-04-22,2019042201010714,SCB,5,21,180,708.00,"127,440.00"
2019-04-22,2019042201010916,SDESI,59,39,15,617.00,"9,255.00"
2019-04-22,2019042201010915,SDESI,59,33,120,616.00,"73,920.00"
2019-04-22,2019042201010660,SDESI,59,49,500,608.00,"304,000.00"
2019-04-22,2019042201010659,SDESI,39,49,100,608.00,"60,800.00"
2019-04-22,2019042201010841,SEF,53,26,"10,000",9.60,"96,000.00"
2019-04-22,2019042201010439,SHINE,57,21,200,233.00,"46,600.00"
2019-04-22,2019042201010727,SHIVM,55,41,50,305.00,"15,250.00"
2019-04-22,2019042201010580,SHIVM,29,32,50,304.00,"15,200.00"
2019-04-22,2019042201010480,SHIVM,29,45,50,304.00,"15,200.00"
2019-04-22,2019042201010422,SHPC,19,48,374,227.00,"84,898.00"
2019-04-22,2019042201010421,SHPC,1,48,131,228.00,"29,868.00"
2019-04-22,2019042201010530,SIFC,13,47,500,140.00,"70,000.00"
2019-04-22,2019042201010529,SIFC,1,47,500,140.00,"70,000.00"
2019-04-22,2019042201010812,SIL,25,32,15,614.00,"9,210.00"
2019-04-22,2019042201010540,SKBBL,5,56,15,992.00,"14,880.00"
2019-04-22,2019042201010789,SMATA,41,26,10,"1,230.00","12,300.00"
2019-04-22,2019042201010829,SRBL,22,29,500,252.00,"126,000.00"
2019-04-22,2019042201010824,SRBL,29,29,200,252.00,"50,400.00"
2019-04-22,2019042201010750,SRBL,42,26,500,252.00,"126,000.00"
2019-04-22,2019042201010575,SRBL,5,57,200,252.00,"50,400.00"
2019-04-22,2019042201010484,SRBL,28,51,50,251.00,"12,550.00"
2019-04-22,2019042201010483,SRBL,50,51,250,251.00,"62,750.00"
2019-04-22,2019042201010828,UIC,32,16,10,857.00,"8,570.00"
2019-04-22,2019042201010790,UIC,26,46,105,846.00,"88,830.00"
2019-04-22,2019042201010651,UPPER,14,32,50,230.00,"11,500.00"
2019-04-22,2019042201010650,UPPER,14,50,50,230.00,"11,500.00"
2019-04-22,2019042201010649,UPPER,14,44,"1,651",230.00,"379,730.00"
2019-04-22,2019042201010560,UPPER,1,46,25,228.00,"5,700.00"
2019-04-22,2019042201010478,UPPER,1,19,130,228.00,"29,640.00"
2019-04-22,2019042201010477,UPPER,59,19,500,228.00,"114,000.00"
2019-04-22,2019042201010476,UPPER,33,19,370,228.00,"84,360.00"
2019-04-22,2019042201010455,UPPER,33,45,40,228.00,"9,120.00"
2019-04-22,2019042201010449,UPPER,33,42,50,228.00,"11,400.00"
2019-04-22,2019042201010362,ADBL,28,44,22,336.00,"7,392.00"
2019-04-22,2019042201010361,ADBL,52,44,28,336.00,"9,408.00"
2019-04-22,2019042201010259,ADBL,14,45,225,337.00,"75,825.00"
2019-04-22,2019042201009974,ADBL,40,45,275,337.00,"92,675.00"
2019-04-22,2019042201009973,ADBL,40,57,500,337.00,"168,500.00"
2019-04-22,2019042201009950,ADBL,40,49,80,337.00,"26,960.00"
2019-04-22,2019042201010059,AKJCL,52,6,10,80.00,800.00
2019-04-22,2019042201010314,ALBSL,59,21,10,472.00,"4,720.00"
2019-04-22,2019042201010278,ALBSL,59,16,10,472.00,"4,720.00"
2019-04-22,2019042201010163,ALBSL,59,41,10,472.00,"4,720.00"
2019-04-22,2019042201010340,ALICL,34,19,30,420.00,"12,600.00"
2019-04-22,2019042201010339,ALICL,34,48,150,420.00,"63,000.00"
2019-04-22,2019042201010317,ALICL,39,48,50,420.00,"21,000.00"
2019-04-22,2019042201010162,AMFI,52,6,10,610.00,"6,100.00"
2019-04-22,2019042201010394,API,42,19,25,131.00,"3,275.00"
2019-04-22,2019042201010393,API,41,19,975,131.00,"127,725.00"
2019-04-22,2019042201010265,API,25,33,12,133.00,"1,596.00"
2019-04-22,2019042201010264,API,25,58,27,132.00,"3,564.00"
2019-04-22,2019042201010138,BARUN,5,58,10,92.00,920.00
2019-04-22,2019042201010386,BOKL,38,56,100,275.00,"27,500.00"
2019-04-22,2019042201010385,BOKL,22,56,500,275.00,"137,500.00"
2019-04-22,2019042201010384,BOKL,51,56,400,275.00,"110,000.00"
2019-04-22,2019042201010331,BOKL,18,43,200,276.00,"55,200.00"
2019-04-22,2019042201010320,BOKL,51,37,100,275.00,"27,500.00"
2019-04-22,2019042201010319,BOKL,53,37,100,275.00,"27,500.00"
2019-04-22,2019042201009990,BOKL,45,43,506,276.00,"139,656.00"
2019-04-22,2019042201009982,BOKL,45,25,200,276.00,"55,200.00"
2019-04-22,2019042201009948,BOKL,45,39,294,276.00,"81,144.00"
2019-04-22,2019042201009947,BOKL,44,39,113,276.00,"31,188.00"
2019-04-22,2019042201009926,BOKL,44,14,187,276.00,"51,612.00"
2019-04-22,2019042201009925,BOKL,1,14,13,276.00,"3,588.00"
2019-04-22,2019042201010373,CBBL,44,42,331,"1,012.00","334,972.00"
2019-04-22,2019042201010372,CBBL,42,42,100,"1,015.00","101,500.00"
2019-04-22,2019042201010371,CBBL,54,42,100,"1,015.00","101,500.00"
2019-04-22,2019042201010370,CBBL,44,42,100,"1,015.00","101,500.00"
2019-04-22,2019042201010369,CBBL,45,42,37,"1,015.00","37,555.00"
2019-04-22,2019042201010368,CBBL,25,42,100,"1,016.00","101,600.00"
2019-04-22,2019042201009946,CBBL,14,45,125,"1,020.00","127,500.00"
2019-04-22,2019042201009945,CBBL,14,47,100,"1,019.00","101,900.00"
2019-04-22,2019042201010416,CBL,10,58,500,171.00,"85,500.00"
2019-04-22,2019042201010358,CBL,59,58,200,171.00,"34,200.00"
2019-04-22,2019042201010346,CBL,35,58,500,171.00,"85,500.00"
2019-04-22,2019042201010312,CBL,4,58,500,171.00,"85,500.00"
2019-04-22,2019042201010269,CBL,28,58,"1,000",171.00,"171,000.00"
2019-04-22,2019042201010263,CBL,57,58,90,170.00,"15,300.00"
2019-04-22,2019042201009940,CBL,52,56,154,170.00,"26,180.00"
2019-04-22,2019042201009939,CBL,25,56,500,170.00,"85,000.00"
2019-04-22,2019042201009938,CBL,45,56,500,170.00,"85,000.00"
2019-04-22,2019042201009937,CBL,49,56,80,170.00,"13,600.00"
2019-04-22,2019042201009936,CBL,5,56,"1,000",170.00,"170,000.00"
2019-04-22,2019042201009935,CBL,58,56,137,170.00,"23,290.00"
2019-04-22,2019042201010050,CBL,41,10,300,170.00,"51,000.00"
2019-04-22,2019042201010049,CBL,25,10,200,170.00,"34,000.00"
2019-04-22,2019042201010048,CBL,29,10,46,170.00,"7,820.00"
2019-04-22,2019042201010032,CBL,29,29,"1,954",170.00,"332,180.00"
2019-04-22,2019042201010031,CBL,52,29,46,170.00,"7,820.00"
2019-04-22,2019042201009983,CBL,1,58,500,171.00,"85,500.00"
2019-04-22,2019042201010133,CBL,7,56,256,170.00,"43,520.00"
2019-04-22,2019042201010104,CBL,7,7,"1,744",170.00,"296,480.00"
2019-04-22,2019042201010103,CBL,7,7,256,170.00,"43,520.00"
2019-04-22,2019042201010069,CBL,7,59,290,170.00,"49,300.00"
2019-04-22,2019042201010052,CBL,7,10,"1,954",170.00,"332,180.00"
2019-04-22,2019042201010051,CBL,22,10,500,170.00,"85,000.00"
2019-04-22,2019042201010242,CBL,57,58,176,170.00,"29,920.00"
2019-04-22,2019042201010213,CBL,57,46,50,170.00,"8,500.00"
2019-04-22,2019042201010137,CBL,57,56,494,170.00,"83,980.00"
2019-04-22,2019042201010136,CBL,37,56,"1,000",170.00,"170,000.00"
2019-04-22,2019042201010135,CBL,34,56,150,170.00,"25,500.00"
2019-04-22,2019042201010134,CBL,36,56,100,170.00,"17,000.00"
2019-04-22,2019042201010349,CCBL,37,28,"1,000",170.00,"170,000.00"
2019-04-22,2019042201010304,CCBL,37,51,964,170.00,"163,880.00"
2019-04-22,2019042201010277,CCBL,37,37,374,170.00,"63,580.00"
2019-04-22,2019042201010276,CCBL,36,37,50,170.00,"8,500.00"
2019-04-22,2019042201010275,CCBL,34,37,76,170.00,"12,920.00"
2019-04-22,2019042201010185,CCBL,34,46,50,170.00,"8,500.00"
2019-04-22,2019042201010151,CCBL,13,46,300,171.00,"51,300.00"
2019-04-22,2019042201010249,CHCL,43,55,58,518.00,"30,044.00"
2019-04-22,2019042201010248,CHCL,43,41,30,518.00,"15,540.00"
2019-04-22,2019042201010083,CHCL,17,59,50,517.00,"25,850.00"
2019-04-22,2019042201010206,CHLBS,52,56,20,495.00,"9,900.00"
2019-04-22,2019042201010118,CHLBS,34,35,70,500.00,"35,000.00"
2019-04-22,2019042201010078,CHLBS,34,47,10,500.00,"5,000.00"
2019-04-22,2019042201009922,CHLBS,34,26,10,500.00,"5,000.00"
2019-04-22,2019042201010352,CIT,19,10,12,"2,501.00","30,012.00"
2019-04-22,2019042201010126,CIT,47,42,162,"2,500.00","405,000.00"
2019-04-22,2019042201010125,CIT,47,42,100,"2,500.00","250,000.00"
2019-04-22,2019042201010124,CIT,37,42,100,"2,500.00","250,000.00"
2019-04-22,2019042201010123,CIT,28,42,20,"2,500.00","50,000.00"
2019-04-22,2019042201010122,CIT,13,42,18,"2,500.00","45,000.00"
2019-04-22,2019042201009964,CIT,51,42,100,"2,506.00","250,600.00"
2019-04-22,2019042201009963,CIT,56,42,50,"2,507.00","125,350.00"
2019-04-22,2019042201009962,CIT,39,42,10,"2,508.00","25,080.00"
2019-04-22,2019042201009961,CIT,56,42,50,"2,508.00","125,400.00"
2019-04-22,2019042201009960,CIT,41,42,10,"2,510.00","25,100.00"
2019-04-22,2019042201009959,CIT,41,42,17,"2,515.00","42,755.00"
2019-04-22,2019042201009970,CIT,41,42,20,"2,502.00","50,040.00"
2019-04-22,2019042201009969,CIT,58,42,190,"2,503.00","475,570.00"
2019-04-22,2019042201009968,CIT,26,42,39,"2,503.00","97,617.00"
2019-04-22,2019042201009967,CIT,37,42,30,"2,503.00","75,090.00"
2019-04-22,2019042201009966,CIT,28,42,100,"2,504.00","250,400.00"
2019-04-22,2019042201009965,CIT,8,42,200,"2,505.00","501,000.00"
2019-04-22,2019042201010003,CIT,55,42,16,"2,502.00","40,032.00"
2019-04-22,2019042201010002,CIT,49,42,180,"2,509.00","451,620.00"
2019-04-22,2019042201010001,CIT,44,42,10,"2,511.00","25,110.00"
2019-04-22,2019042201010000,CIT,25,42,100,"2,515.00","251,500.00"
2019-04-22,2019042201009972,CIT,55,42,84,"2,502.00","210,168.00"
2019-04-22,2019042201009971,CIT,57,42,100,"2,502.00","250,200.00"
2019-04-22,2019042201010009,CIT,54,42,100,"2,500.00","250,000.00"
2019-04-22,2019042201010008,CIT,58,42,100,"2,500.00","250,000.00"
2019-04-22,2019042201010007,CIT,22,42,50,"2,501.00","125,050.00"
2019-04-22,2019042201010006,CIT,8,42,200,"2,501.00","500,200.00"
2019-04-22,2019042201010005,CIT,22,42,30,"2,501.00","75,030.00"
2019-04-22,2019042201010004,CIT,57,42,20,"2,501.00","50,020.00"
2019-04-22,2019042201010121,CIT,25,42,60,"2,501.00","150,060.00"
2019-04-22,2019042201010120,CIT,58,42,200,"2,501.00","500,200.00"
2019-04-22,2019042201010013,CIT,13,42,34,"2,500.00","85,000.00"
2019-04-22,2019042201010012,CIT,22,42,50,"2,500.00","125,000.00"
2019-04-22,2019042201010011,CIT,46,42,10,"2,500.00","25,000.00"
2019-04-22,2019042201010010,CIT,45,42,100,"2,500.00","250,000.00"
2019-04-22,2019042201009951,CORBL,34,48,30,93.00,"2,790.00"
2019-04-22,2019042201010365,CZBIL,39,52,"1,000",227.00,"227,000.00"
2019-04-22,2019042201009929,CZBIL,7,49,10,226.00,"2,260.00"
2019-04-22,2019042201010130,DBBL,1,38,400,127.00,"50,800.00"
2019-04-22,2019042201010129,DBBL,1,38,200,127.00,"25,400.00"
2019-04-22,2019042201010100,EBL,6,43,100,652.00,"65,200.00"
2019-04-22,2019042201010058,EBL,49,5,200,651.00,"130,200.00"
2019-04-22,2019042201010014,EBL,33,32,100,664.00,"66,400.00"
2019-04-22,2019042201010119,FMDBL,37,16,10,390.00,"3,900.00"
2019-04-22,2019042201010063,FMDBL,34,34,100,391.00,"39,100.00"
2019-04-22,2019042201010029,FOWAD,6,47,10,"1,550.00","15,500.00"
2019-04-22,2019042201010396,GBBL,47,36,600,203.00,"121,800.00"
2019-04-22,2019042201010307,GBBL,47,57,91,202.00,"18,382.00"
2019-04-22,2019042201010306,GBBL,47,57,200,202.00,"40,400.00"
2019-04-22,2019042201010056,GBIME,45,37,30,295.00,"8,850.00"
2019-04-22,2019042201010025,GBIME,47,47,97,294.00,"28,518.00"
2019-04-22,2019042201010262,GBLBS,19,1,90,347.00,"31,230.00"
2019-04-22,2019042201010225,GBLBS,19,47,10,347.00,"3,470.00"
2019-04-22,2019042201010221,GBLBS,19,21,10,347.00,"3,470.00"
2019-04-22,2019042201010195,GBLBS,19,6,10,347.00,"3,470.00"
2019-04-22,2019042201009928,GILB,43,48,10,"1,170.00","11,700.00"
2019-04-22,2019042201010412,HBL,4,59,260,546.00,"141,960.00"
2019-04-22,2019042201010411,HBL,40,59,50,548.00,"27,400.00"
2019-04-22,2019042201010410,HBL,53,59,50,548.00,"27,400.00"
2019-04-22,2019042201010409,HBL,6,59,40,550.00,"22,000.00"
2019-04-22,2019042201010168,HBL,52,34,100,550.00,"55,000.00"
2019-04-22,2019042201010068,HBL,49,42,50,551.00,"27,550.00"
2019-04-22,2019042201010067,HBL,22,42,59,554.00,"32,686.00"
2019-04-22,2019042201009932,HBL,22,38,41,554.00,"22,714.00"
2019-04-22,2019042201009931,HBL,52,38,50,555.00,"27,750.00"
2019-04-22,2019042201009930,HBL,52,38,17,555.00,"9,435.00"
2019-04-22,2019042201010097,HGI,58,25,50,390.00,"19,500.00"
2019-04-22,2019042201010082,HGI,58,16,50,390.00,"19,500.00"
2019-04-22,2019042201010081,HGI,56,16,50,391.00,"19,550.00"
2019-04-22,2019042201010302,HIDCL,1,19,49,138.00,"6,762.00"
2019-04-22,2019042201010301,HIDCL,32,19,"1,000",138.00,"138,000.00"
2019-04-22,2019042201010300,HIDCL,10,19,"1,242",138.00,"171,396.00"
2019-04-22,2019042201010299,HIDCL,52,19,28,139.00,"3,892.00"
2019-04-22,2019042201010071,HIDCL,52,19,72,139.00,"10,008.00"
2019-04-22,2019042201010070,HIDCL,32,19,928,139.00,"128,992.00"
2019-04-22,2019042201010391,HPPL,1,26,150,177.00,"26,550.00"
2019-04-22,2019042201010390,HPPL,42,26,200,178.00,"35,600.00"
2019-04-22,2019042201010389,HPPL,1,26,50,178.00,"8,900.00"
2019-04-22,2019042201010388,HPPL,1,26,40,178.00,"7,120.00"
2019-04-22,2019042201010323,HPPL,1,58,10,178.00,"1,780.00"
2019-04-22,2019042201010211,HPPL,1,6,10,178.00,"1,780.00"
2019-04-22,2019042201010208,IGI,28,4,40,404.00,"16,160.00"
2019-04-22,2019042201010207,IGI,37,4,260,405.00,"105,300.00"
2019-04-22,2019042201010233,JBBL,1,59,78,139.00,"10,842.00"
2019-04-22,2019042201010232,JBBL,59,59,50,139.00,"6,950.00"
2019-04-22,2019042201010231,JBBL,38,59,50,139.00,"6,950.00"
2019-04-22,2019042201010230,JBBL,38,59,130,139.00,"18,070.00"
2019-04-22,2019042201010229,JBBL,38,59,92,139.00,"12,788.00"
2019-04-22,2019042201009979,JBBL,38,52,128,139.00,"17,792.00"
2019-04-22,2019042201009978,JBBL,38,52,250,139.00,"34,750.00"
2019-04-22,2019042201009977,JBBL,47,52,50,139.00,"6,950.00"
2019-04-22,2019042201009976,JBBL,53,52,31,139.00,"4,309.00"
2019-04-22,2019042201009975,JBBL,42,52,41,139.00,"5,699.00"
2019-04-22,2019042201010387,JBNL,10,38,500,190.00,"95,000.00"
2019-04-22,2019042201010293,JBNL,10,34,"1,000",190.00,"190,000.00"
2019-04-22,2019042201009944,JBNL,10,43,500,190.00,"95,000.00"
2019-04-22,2019042201010261,KBBL,14,39,50,218.00,"10,900.00"
2019-04-22,2019042201010260,KBBL,40,39,215,219.00,"47,085.00"
2019-04-22,2019042201009988,KBBL,45,17,"1,000",218.00,"218,000.00"
2019-04-22,2019042201010305,KBL,36,49,200,223.00,"44,600.00"
2019-04-22,2019042201009924,KBL,51,7,"1,000",223.00,"223,000.00"
2019-04-22,2019042201010356,KMCDB,58,7,100,761.00,"76,100.00"
2019-04-22,2019042201010355,KMCDB,7,7,200,762.00,"152,400.00"
2019-04-22,2019042201010354,KMCDB,16,7,200,762.00,"152,400.00"
2019-04-22,2019042201010182,KRBL,1,55,43,99.00,"4,257.00"
2019-04-22,2019042201010286,LBBL,26,46,210,177.00,"37,170.00"
2019-04-22,2019042201010285,LBBL,57,46,500,177.00,"88,500.00"
2019-04-22,2019042201010284,LBBL,22,46,20,177.00,"3,540.00"
2019-04-22,2019042201010246,LBL,22,37,290,225.00,"65,250.00"
2019-04-22,2019042201010245,LBL,32,37,10,225.00,"2,250.00"
2019-04-22,2019042201010159,LBL,49,25,50,226.00,"11,300.00"
2019-04-22,2019042201010143,LBL,32,19,490,225.00,"110,250.00"
2019-04-22,2019042201010142,LBL,32,19,10,225.00,"2,250.00"
2019-04-22,2019042201010115,LBL,32,19,490,225.00,"110,250.00"
2019-04-22,2019042201010114,LBL,39,19,10,225.00,"2,250.00"
2019-04-22,2019042201010015,LBL,46,13,260,227.00,"59,020.00"
2019-04-22,2019042201010332,LGIL,48,36,125,515.00,"64,375.00"
2019-04-22,2019042201010127,LGIL,48,33,175,515.00,"90,125.00"
2019-04-22,2019042201010111,LGIL,51,25,71,514.00,"36,494.00"
2019-04-22,2019042201010028,LGIL,44,33,200,515.00,"103,000.00"
2019-04-22,2019042201009933,LGIL,51,5,35,514.00,"17,990.00"
2019-04-22,2019042201010395,MBL,44,51,500,261.00,"130,500.00"
2019-04-22,2019042201010297,MBL,18,7,300,262.00,"78,600.00"
2019-04-22,2019042201010296,MBL,6,7,25,262.00,"6,550.00"
2019-04-22,2019042201010184,MBL,36,43,450,266.00,"119,700.00"
2019-04-22,2019042201010155,MBL,36,38,550,263.00,"144,650.00"
2019-04-22,2019042201010147,MBL,47,11,160,262.00,"41,920.00"
2019-04-22,2019042201010415,MEGA,39,51,100,177.00,"17,700.00"
2019-04-22,2019042201010345,MEGA,34,7,100,178.00,"17,800.00"
2019-04-22,2019042201010344,MEGA,34,49,30,178.00,"5,340.00"
2019-04-22,2019042201010250,MEGA,14,49,300,178.00,"53,400.00"
2019-04-22,2019042201010243,MEGA,39,6,104,177.00,"18,408.00"
2019-04-22,2019042201010158,MEGA,29,49,50,178.00,"8,900.00"
2019-04-22,2019042201010157,MEGA,32,49,300,178.00,"53,400.00"
2019-04-22,2019042201010156,MEGA,50,49,220,178.00,"39,160.00"
2019-04-22,2019042201010205,MERO,38,56,23,601.00,"13,823.00"
2019-04-22,2019042201010350,MHNL,40,41,40,91.00,"3,640.00"
2019-04-22,2019042201010210,MHNL,40,41,30,91.00,"2,730.00"
2019-04-22,2019042201010178,MHNL,40,16,19,92.00,"1,748.00"
2019-04-22,2019042201010038,MHNL,40,16,21,92.00,"1,932.00"
2019-04-22,2019042201010017,MHNL,40,41,30,92.00,"2,760.00"
2019-04-22,2019042201010408,MNBBL,38,43,55,371.00,"20,405.00"
2019-04-22,2019042201010043,MNBBL,19,1,57,371.00,"21,147.00"
2019-04-22,2019042201010042,MNBBL,43,1,100,371.00,"37,100.00"
2019-04-22,2019042201010041,MNBBL,33,1,100,371.00,"37,100.00"
2019-04-22,2019042201010040,MNBBL,40,1,100,371.00,"37,100.00"
2019-04-22,2019042201010039,MNBBL,48,1,43,373.00,"16,039.00"
2019-04-22,2019042201010292,MSMBS,49,16,10,522.00,"5,220.00"
2019-04-22,2019042201010183,MSMBS,49,58,11,522.00,"5,742.00"
2019-04-22,2019042201010343,NABIL,32,51,300,870.00,"261,000.00"
2019-04-22,2019042201010318,NABIL,32,8,100,869.00,"86,900.00"
2019-04-22,2019042201010281,NABIL,39,8,50,868.00,"43,400.00"
2019-04-22,2019042201010252,NABIL,1,22,40,868.00,"34,720.00"
2019-04-22,2019042201010238,NABIL,51,22,50,868.00,"43,400.00"
2019-04-22,2019042201010237,NABIL,51,8,50,868.00,"43,400.00"
2019-04-22,2019042201010160,NABIL,17,8,200,868.00,"173,600.00"
2019-04-22,2019042201010379,NABILP,26,34,170,817.00,"138,890.00"
2019-04-22,2019042201009986,NADEP,55,44,120,540.00,"64,800.00"
2019-04-22,2019042201009985,NADEP,54,44,50,540.00,"27,000.00"
2019-04-22,2019042201009984,NADEP,50,44,30,543.00,"16,290.00"
2019-04-22,2019042201010064,NADEP,7,11,40,548.00,"21,920.00"
2019-04-22,2019042201009994,NADEP,55,49,20,540.00,"10,800.00"
2019-04-22,2019042201010418,NBB,57,38,280,228.00,"63,840.00"
2019-04-22,2019042201010417,NBB,45,38,128,229.00,"29,312.00"
2019-04-22,2019042201010383,NBB,45,7,200,229.00,"45,800.00"
2019-04-22,2019042201010271,NBB,45,13,172,229.00,"39,388.00"
2019-04-22,2019042201010270,NBB,22,13,128,229.00,"29,312.00"
2019-04-22,2019042201009989,NBB,57,32,200,228.00,"45,600.00"
2019-04-22,2019042201009934,NBB,57,45,100,228.00,"22,800.00"
2019-04-22,2019042201010170,NBB,55,53,115,230.00,"26,450.00"
2019-04-22,2019042201010141,NBB,36,53,300,230.00,"69,000.00"
2019-04-22,2019042201010140,NBB,36,50,500,229.00,"114,500.00"
2019-04-22,2019042201010139,NBB,36,25,200,229.00,"45,800.00"
2019-04-22,2019042201010030,NBB,57,34,300,228.00,"68,400.00"
2019-04-22,2019042201010016,NBB,57,7,10,228.00,"2,280.00"
2019-04-22,2019042201010196,NBB,22,26,100,229.00,"22,900.00"
2019-04-22,2019042201010175,NBB,22,19,100,229.00,"22,900.00"
2019-04-22,2019042201010174,NBB,55,34,145,230.00,"33,350.00"
2019-04-22,2019042201010173,NBB,55,11,190,230.00,"43,700.00"
2019-04-22,2019042201010172,NBB,55,25,500,230.00,"115,000.00"
2019-04-22,2019042201010171,NBB,55,54,50,230.00,"11,500.00"
2019-04-22,2019042201010348,NBBL,6,51,10,625.00,"6,250.00"
2019-04-22,2019042201010036,NBBL,6,51,10,635.00,"6,350.00"
2019-04-22,2019042201010404,NBL,38,25,200,309.00,"61,800.00"
2019-04-22,2019042201010403,NBL,38,33,"2,400",309.00,"741,600.00"
2019-04-22,2019042201010402,NBL,33,33,200,309.00,"61,800.00"
2019-04-22,2019042201010342,NBL,32,49,100,309.00,"30,900.00"
2019-04-22,2019042201010341,NBL,32,49,"1,200",309.00,"370,800.00"
2019-04-22,2019042201010219,NBL,44,43,900,308.00,"277,200.00"
2019-04-22,2019042201009953,NBL,14,35,300,309.00,"92,700.00"
2019-04-22,2019042201009952,NBL,14,21,900,309.00,"278,100.00"
2019-04-22,2019042201010021,NBL,10,1,"1,000",309.00,"309,000.00"
2019-04-22,2019042201010020,NBL,10,21,200,309.00,"61,800.00"
2019-04-22,2019042201010019,NBL,10,1,"1,000",309.00,"309,000.00"
2019-04-22,2019042201010018,NBL,10,1,800,309.00,"247,200.00"
2019-04-22,2019042201009955,NBL,14,1,100,309.00,"30,900.00"
2019-04-22,2019042201009954,NBL,14,1,200,309.00,"61,800.00"
2019-04-22,2019042201010110,NBL,44,49,400,308.00,"123,200.00"
2019-04-22,2019042201010077,NBL,45,41,50,309.00,"15,450.00"
2019-04-22,2019042201010066,NBL,10,41,300,309.00,"92,700.00"
2019-04-22,2019042201010024,NBL,10,1,"1,000",309.00,"309,000.00"
2019-04-22,2019042201010023,NBL,10,42,500,309.00,"154,500.00"
2019-04-22,2019042201010022,NBL,10,1,200,309.00,"61,800.00"
2019-04-22,2019042201010218,NBL,44,43,"2,100",308.00,"646,800.00"
2019-04-22,2019042201010177,NBL,50,25,100,309.00,"30,900.00"
2019-04-22,2019042201010176,NBL,50,49,150,309.00,"46,350.00"
2019-04-22,2019042201010152,NBL,44,40,500,308.00,"154,000.00"
2019-04-22,2019042201010132,NBL,19,49,350,309.00,"108,150.00"
2019-04-22,2019042201010131,NBL,19,41,650,309.00,"200,850.00"
2019-04-22,2019042201010236,NCCB,29,25,251,230.00,"57,730.00"
2019-04-22,2019042201010235,NCCB,29,37,"1,000",230.00,"230,000.00"
2019-04-22,2019042201010076,NCCB,37,42,236,230.00,"54,280.00"
2019-04-22,2019042201010060,NEF,16,58,"1,448",8.10,"11,728.80"
2019-04-22,2019042201010239,NGPL,16,47,11,118.00,"1,298.00"
2019-04-22,2019042201010203,NHDL,45,44,10,123.00,"1,230.00"
2019-04-22,2019042201010322,NHPC,16,48,"1,000",69.00,"69,000.00"
2019-04-22,2019042201009981,NHPC,16,5,"1,000",69.00,"69,000.00"
2019-04-22,2019042201010392,NIB,42,26,150,560.00,"84,000.00"
2019-04-22,2019042201010353,NIB,54,26,100,560.00,"56,000.00"
2019-04-22,2019042201010190,NIB,32,51,50,558.00,"27,900.00"
2019-04-22,2019042201010027,NIBPO,47,5,140,514.00,"71,960.00"
2019-04-22,2019042201010026,NIBPO,1,5,100,515.00,"51,500.00"
2019-04-22,2019042201010414,NICA,22,36,170,484.00,"82,280.00"
2019-04-22,2019042201010405,NICA,6,40,18,484.00,"8,712.00"
2019-04-22,2019042201010382,NICA,6,25,173,484.00,"83,732.00"
2019-04-22,2019042201010381,NICA,14,25,50,484.00,"24,200.00"
2019-04-22,2019042201010380,NICA,44,25,277,484.00,"134,068.00"
2019-04-22,2019042201010364,NICA,19,14,600,485.00,"291,000.00"
2019-04-22,2019042201010283,NICA,44,57,500,484.00,"242,000.00"
2019-04-22,2019042201010251,NICA,44,57,23,484.00,"11,132.00"
2019-04-22,2019042201010102,NICA,19,14,300,485.00,"145,500.00"
2019-04-22,2019042201010094,NICA,7,14,100,485.00,"48,500.00"
2019-04-22,2019042201010075,NICA,52,14,47,485.00,"22,795.00"
2019-04-22,2019042201009927,NICA,50,4,200,485.00,"97,000.00"
2019-04-22,2019042201010117,NICL,51,5,55,384.00,"21,120.00"
2019-04-22,2019042201010116,NICL,40,5,45,384.00,"17,280.00"
2019-04-22,2019042201010351,NIL,5,34,300,528.00,"158,400.00"
2019-04-22,2019042201010274,NIL,41,34,300,528.00,"158,400.00"
2019-04-22,2019042201010241,NIL,43,34,200,528.00,"105,600.00"
2019-04-22,2019042201010044,NIL,41,43,228,528.00,"120,384.00"
2019-04-22,2019042201010037,NIL,41,49,100,528.00,"52,800.00"
2019-04-22,2019042201010295,NLBBL,57,41,30,470.00,"14,100.00"
2019-04-22,2019042201010294,NLBBL,14,41,100,470.00,"47,000.00"
2019-04-22,2019042201010204,NLBBL,57,52,31,472.00,"14,632.00"
2019-04-22,2019042201010272,NLIC,45,50,94,"1,129.00","106,126.00"
2019-04-22,2019042201010256,NLIC,45,6,17,"1,129.00","19,193.00"
2019-04-22,2019042201010161,NLIC,45,34,100,"1,134.00","113,400.00"
2019-04-22,2019042201010035,NLICL,42,34,125,601.00,"75,125.00"
2019-04-22,2019042201010034,NLICL,18,34,100,602.00,"60,200.00"
2019-04-22,2019042201010033,NLICL,42,34,25,602.00,"15,050.00"
2019-04-22,2019042201010367,NMB,57,47,600,380.00,"228,000.00"
2019-04-22,2019042201010366,NMB,57,49,400,379.00,"151,600.00"
2019-04-22,2019042201010311,NMB,57,16,12,378.00,"4,536.00"
2019-04-22,2019042201010201,NMB,58,49,950,377.00,"358,150.00"
2019-04-22,2019042201010200,NMB,49,49,50,377.00,"18,850.00"
2019-04-22,2019042201010199,NMB,36,47,113,380.00,"42,940.00"
2019-04-22,2019042201010085,NMB,40,46,20,378.00,"7,560.00"
2019-04-22,2019042201010045,NMB,40,5,35,378.00,"13,230.00"
2019-04-22,2019042201009942,NMB,40,29,50,378.00,"18,900.00"
2019-04-22,2019042201009941,NMB,28,29,200,378.00,"75,600.00"
2019-04-22,2019042201009920,NMB,22,49,16,378.00,"6,048.00"
2019-04-22,2019042201010198,NMB,36,56,66,379.00,"25,014.00"
2019-04-22,2019042201010197,NMB,36,42,21,378.00,"7,938.00"
2019-04-22,2019042201010180,NMB,20,42,200,378.00,"75,600.00"
2019-04-22,2019042201010179,NMB,40,42,84,378.00,"31,752.00"
2019-04-22,2019042201010169,NMB,40,16,21,378.00,"7,938.00"
2019-04-22,2019042201010093,NMB,40,37,790,378.00,"298,620.00"
2019-04-22,2019042201010224,NMFBS,38,42,15,"1,784.00","26,760.00"
2019-04-22,2019042201010223,NMFBS,38,48,29,"1,784.00","51,736.00"
2019-04-22,2019042201010374,NTC,22,58,10,685.00,"6,850.00"
2019-04-22,2019042201010109,NUBL,37,59,100,825.00,"82,500.00"
2019-04-22,2019042201010108,NUBL,59,59,10,825.00,"8,250.00"
2019-04-22,2019042201010107,NUBL,45,59,100,825.00,"82,500.00"
2019-04-22,2019042201010106,NUBL,38,59,50,826.00,"41,300.00"
2019-04-22,2019042201010105,NUBL,29,59,86,827.00,"71,122.00"
2019-04-22,2019042201010326,PCBL,47,44,500,344.00,"172,000.00"
2019-04-22,2019042201010316,PCBL,47,59,340,344.00,"116,960.00"
2019-04-22,2019042201010315,PCBL,44,59,160,344.00,"55,040.00"
2019-04-22,2019042201010255,PCBL,55,17,100,345.00,"34,500.00"
2019-04-22,2019042201010254,PCBL,55,42,500,345.00,"172,500.00"
2019-04-22,2019042201010253,PCBL,55,49,21,345.00,"7,245.00"
2019-04-22,2019042201010234,PCBL,44,57,340,344.00,"116,960.00"
2019-04-22,2019042201010240,PIC,7,58,10,"1,027.00","10,270.00"
2019-04-22,2019042201010098,PIC,7,35,21,"1,027.00","21,567.00"
2019-04-22,2019042201010153,PICL,46,56,500,715.00,"357,500.00"
2019-04-22,2019042201010330,PLIC,28,49,300,474.00,"142,200.00"
2019-04-22,2019042201010329,PLIC,56,49,200,474.00,"94,800.00"
2019-04-22,2019042201010328,PLIC,39,49,200,475.00,"95,000.00"
2019-04-22,2019042201010327,PLIC,29,49,80,476.00,"38,080.00"
2019-04-22,2019042201010165,PLIC,39,17,170,480.00,"81,600.00"
2019-04-22,2019042201010164,PLIC,39,43,30,480.00,"14,400.00"
2019-04-22,2019042201010128,PLIC,29,5,120,476.00,"57,120.00"
2019-04-22,2019042201010113,PLIC,18,29,100,477.00,"47,700.00"
2019-04-22,2019042201010057,PLIC,34,51,100,476.00,"47,600.00"
2019-04-22,2019042201009991,PLIC,34,22,100,476.00,"47,600.00"
2019-04-22,2019042201009919,PLIC,34,50,100,476.00,"47,600.00"
2019-04-22,2019042201010247,PRIN,28,19,136,418.00,"56,848.00"
2019-04-22,2019042201010407,PRVU,50,22,500,272.00,"136,000.00"
2019-04-22,2019042201010313,PRVU,25,14,300,272.00,"81,600.00"
2019-04-22,2019042201010310,PRVU,33,21,"1,500",271.00,"406,500.00"
2019-04-22,2019042201010298,PRVU,37,14,"1,000",272.00,"272,000.00"
2019-04-22,2019042201010267,PRVU,33,29,"1,091",271.00,"295,661.00"
2019-04-22,2019042201010266,PRVU,50,29,930,271.00,"252,030.00"
2019-04-22,2019042201010099,PRVU,10,57,500,273.00,"136,500.00"
2019-04-22,2019042201010187,PRVU,38,49,500,272.00,"136,000.00"
2019-04-22,2019042201010186,PRVU,33,49,240,272.00,"65,280.00"
2019-04-22,2019042201010146,PRVU,33,25,"1,760",272.00,"478,720.00"
2019-04-22,2019042201010145,PRVU,55,25,740,272.00,"201,280.00"
2019-04-22,2019042201010144,PRVU,10,25,500,273.00,"136,500.00"
2019-04-22,2019042201010112,PRVU,21,58,300,274.00,"82,200.00"
2019-04-22,2019042201010258,PRVU,28,14,500,272.00,"136,000.00"
2019-04-22,2019042201010226,PRVU,40,14,200,272.00,"54,400.00"
2019-04-22,2019042201010216,PRVU,50,49,70,271.00,"18,970.00"
2019-04-22,2019042201010215,PRVU,32,49,40,272.00,"10,880.00"
2019-04-22,2019042201010189,PRVU,32,49,260,272.00,"70,720.00"
2019-04-22,2019042201010188,PRVU,28,49,"1,000",272.00,"272,000.00"
2019-04-22,2019042201010273,RADHI,33,6,11,152.00,"1,672.00"
2019-04-22,2019042201010214,RHPC,17,19,558,90.00,"50,220.00"
2019-04-22,2019042201010074,RMDC,39,29,276,581.00,"160,356.00"
2019-04-22,2019042201010062,RMDC,39,5,10,581.00,"5,810.00"
2019-04-22,2019042201010061,RMDC,55,5,25,581.00,"14,525.00"
2019-04-22,2019042201010291,RRHP,58,6,10,91.00,910.00
2019-04-22,2019042201010279,SADBL,54,6,400,147.00,"58,800.00"
2019-04-22,2019042201010209,SADBL,39,59,494,148.00,"73,112.00"
2019-04-22,2019042201010148,SADBL,39,59,98,148.00,"14,504.00"
2019-04-22,2019042201010220,SAEF,47,41,500,9.57,"4,785.00"
2019-04-22,2019042201010335,SANIMA,49,19,190,339.00,"64,410.00"
2019-04-22,2019042201009980,SANIMA,49,6,200,339.00,"67,800.00"
2019-04-22,2019042201010055,SBI,34,41,90,486.00,"43,740.00"
2019-04-22,2019042201010054,SBI,52,41,50,488.00,"24,400.00"
2019-04-22,2019042201010053,SBI,6,41,14,488.00,"6,832.00"
2019-04-22,2019042201010378,SBL,44,42,619,343.00,"212,317.00"
2019-04-22,2019042201010377,SBL,34,42,500,343.00,"171,500.00"
2019-04-22,2019042201010376,SBL,28,42,500,344.00,"172,000.00"
2019-04-22,2019042201010375,SBL,28,42,381,344.00,"131,064.00"
2019-04-22,2019042201010336,SBL,28,17,118,344.00,"40,592.00"
2019-04-22,2019042201010257,SBL,18,38,275,346.00,"95,150.00"
2019-04-22,2019042201010244,SBL,40,38,100,346.00,"34,600.00"
2019-04-22,2019042201010088,SBL,28,5,401,344.00,"137,944.00"
2019-04-22,2019042201010087,SBL,10,5,500,345.00,"172,500.00"
2019-04-22,2019042201010413,SCB,46,17,100,711.00,"71,100.00"
2019-04-22,2019042201010363,SCB,36,43,95,711.00,"67,545.00"
2019-04-22,2019042201010359,SCB,36,32,35,711.00,"24,885.00"
2019-04-22,2019042201010325,SCB,36,28,70,711.00,"49,770.00"
2019-04-22,2019042201010324,SCB,28,28,430,711.00,"305,730.00"
2019-04-22,2019042201009949,SCB,26,49,20,712.00,"14,240.00"
2019-04-22,2019042201010192,SCB,3,42,100,711.00,"71,100.00"
2019-04-22,2019042201010191,SCB,6,42,50,712.00,"35,600.00"
2019-04-22,2019042201010065,SCB,50,44,220,712.00,"156,640.00"
2019-04-22,2019042201010047,SCB,26,44,30,712.00,"21,360.00"
2019-04-22,2019042201010290,SCB,36,47,10,718.00,"7,180.00"
2019-04-22,2019042201010289,SCB,36,26,20,715.00,"14,300.00"
2019-04-22,2019042201010288,SCB,36,34,30,715.00,"21,450.00"
2019-04-22,2019042201010287,SCB,36,57,100,714.00,"71,400.00"
2019-04-22,2019042201010217,SCB,28,47,20,711.00,"14,220.00"
2019-04-22,2019042201010193,SCB,28,42,50,711.00,"35,550.00"
2019-04-22,2019042201010406,SEF,53,26,"11,000",9.60,"105,600.00"
2019-04-22,2019042201010337,SHIVM,29,41,50,304.00,"15,200.00"
2019-04-22,2019042201010194,SHIVM,29,41,50,304.00,"15,200.00"
2019-04-22,2019042201010181,SHIVM,29,17,70,304.00,"21,280.00"
2019-04-22,2019042201010086,SHIVM,50,43,50,306.00,"15,300.00"
2019-04-22,2019042201009992,SHIVM,55,22,100,305.00,"30,500.00"
2019-04-22,2019042201009987,SHIVM,29,41,50,304.00,"15,200.00"
2019-04-22,2019042201010150,SHPC,1,40,69,228.00,"15,732.00"
2019-04-22,2019042201010149,SHPC,40,40,231,228.00,"52,668.00"
2019-04-22,2019042201009958,SHPC,40,42,50,228.00,"11,400.00"
2019-04-22,2019042201010347,SIL,38,43,180,605.00,"108,900.00"
2019-04-22,2019042201009923,SIL,8,43,320,605.00,"193,600.00"
2019-04-22,2019042201010092,SKBBL,5,41,25,980.00,"24,500.00"
2019-04-22,2019042201010091,SKBBL,5,33,125,980.00,"122,500.00"
2019-04-22,2019042201010090,SKBBL,5,45,125,978.00,"122,250.00"
2019-04-22,2019042201010228,SLICL,26,25,19,543.00,"10,317.00"
2019-04-22,2019042201010227,SLICL,32,25,100,544.00,"54,400.00"
2019-04-22,2019042201010072,SLICL,39,25,114,543.00,"61,902.00"
2019-04-22,2019042201009999,SLICL,35,25,100,543.00,"54,300.00"
2019-04-22,2019042201009998,SLICL,58,25,20,543.00,"10,860.00"
2019-04-22,2019042201009997,SLICL,1,25,50,544.00,"27,200.00"
2019-04-22,2019042201009996,SLICL,26,25,116,546.00,"63,336.00"
2019-04-22,2019042201010212,SMB,59,32,10,573.00,"5,730.00"
2019-04-22,2019042201010333,SMFDB,5,38,25,639.00,"15,975.00"
2019-04-22,2019042201010334,SRBL,44,57,80,252.00,"20,160.00"
2019-04-22,2019042201010222,SRBL,50,49,250,251.00,"62,750.00"
2019-04-22,2019042201010154,SRBL,44,16,25,251.00,"6,275.00"
2019-04-22,2019042201010101,SRBL,44,5,12,251.00,"3,012.00"
2019-04-22,2019042201010096,SRBL,44,32,75,251.00,"18,825.00"
2019-04-22,2019042201010089,SRBL,44,32,88,251.00,"22,088.00"
2019-04-22,2019042201010046,SRBL,44,34,200,251.00,"50,200.00"
2019-04-22,2019042201009921,SRBL,44,57,500,251.00,"125,500.00"
2019-04-22,2019042201010400,SWBBL,57,42,140,891.00,"124,740.00"
2019-04-22,2019042201010399,SWBBL,55,42,20,892.00,"17,840.00"
2019-04-22,2019042201010398,SWBBL,29,42,30,896.00,"26,880.00"
2019-04-22,2019042201010397,SWBBL,57,42,20,896.00,"17,920.00"
2019-04-22,2019042201010073,UFL,46,36,500,197.00,"98,500.00"
2019-04-22,2019042201009957,UIC,48,58,305,841.00,"256,505.00"
2019-04-22,2019042201009956,UIC,55,58,10,841.00,"8,410.00"
2019-04-22,2019042201010303,UMHL,42,58,14,110.00,"1,540.00"
2019-04-22,2019042201010202,UPCL,59,41,70,91.00,"6,370.00"
2019-04-22,2019042201009995,UPCL,59,16,50,91.00,"4,550.00"
2019-04-22,2019042201009993,UPCL,59,41,80,91.00,"7,280.00"
2019-04-22,2019042201010360,UPPER,33,41,50,228.00,"11,400.00"
2019-04-22,2019042201010357,UPPER,33,40,50,228.00,"11,400.00"
2019-04-22,2019042201010338,UPPER,33,40,50,228.00,"11,400.00"
2019-04-22,2019042201010321,UPPER,33,41,40,228.00,"9,120.00"
2019-04-22,2019042201010309,UPPER,33,6,40,228.00,"9,120.00"
2019-04-22,2019042201010308,UPPER,33,40,50,228.00,"11,400.00"
2019-04-22,2019042201010166,UPPER,54,22,150,229.00,"34,350.00"
2019-04-22,2019042201010095,UPPER,33,47,50,228.00,"11,400.00"
2019-04-22,2019042201010084,UPPER,33,57,40,228.00,"9,120.00"
2019-04-22,2019042201010080,UPPER,33,8,30,228.00,"6,840.00"
2019-04-22,2019042201010079,UPPER,44,8,10,228.00,"2,280.00"
2019-04-22,2019042201009943,UPPER,44,41,40,228.00,"9,120.00"
2019-04-22,2019042201010282,UPPER,33,40,50,228.00,"11,400.00"
2019-04-22,2019042201010280,UPPER,33,41,50,228.00,"11,400.00"
2019-04-22,2019042201010268,UPPER,33,40,40,228.00,"9,120.00"
2019-04-22,2019042201010167,UPPER,54,29,50,229.00,"11,450.00"
2019-04-22,2019042201010401,VLBS,21,21,50,580.00,"29,000.00"
2019-04-22,2019042201009759,ADBL,40,3,145,337.00,"48,865.00"
2019-04-22,2019042201009758,ADBL,14,3,355,337.00,"119,635.00"
2019-04-22,2019042201009872,AKJCL,25,39,10,81.00,810.00
2019-04-22,2019042201009442,ALBSL,17,57,10,471.00,"4,710.00"
2019-04-22,2019042201009633,BHBL,4,34,535,171.00,"91,485.00"
2019-04-22,2019042201009628,BHBL,4,33,415,171.00,"70,965.00"
2019-04-22,2019042201009627,BHBL,4,33,"1,085",171.00,"185,535.00"
2019-04-22,2019042201009915,BOKL,1,42,87,276.00,"24,012.00"
2019-04-22,2019042201009914,BOKL,1,42,100,276.00,"27,600.00"
2019-04-22,2019042201009913,BOKL,57,42,500,277.00,"138,500.00"
2019-04-22,2019042201009912,BOKL,4,42,100,277.00,"27,700.00"
2019-04-22,2019042201009911,BOKL,17,42,178,278.00,"49,484.00"
2019-04-22,2019042201009896,BOKL,17,5,140,278.00,"38,920.00"
2019-04-22,2019042201009481,BOKL,45,40,700,279.00,"195,300.00"
2019-04-22,2019042201009895,BOKL,28,5,50,279.00,"13,950.00"
2019-04-22,2019042201009847,BOKL,28,5,250,279.00,"69,750.00"
2019-04-22,2019042201009508,BOKL,17,1,182,278.00,"50,596.00"
2019-04-22,2019042201009507,BOKL,45,1,18,279.00,"5,022.00"
2019-04-22,2019042201009500,BOKL,45,19,82,279.00,"22,878.00"
2019-04-22,2019042201009897,BPCL,41,49,55,362.00,"19,910.00"
2019-04-22,2019042201009865,CBBL,5,5,198,"1,004.00","198,792.00"
2019-04-22,2019042201009772,CBBL,38,42,50,"1,013.00","50,650.00"
2019-04-22,2019042201009771,CBBL,22,42,10,"1,013.00","10,130.00"
2019-04-22,2019042201009770,CBBL,53,42,20,"1,013.00","20,260.00"
2019-04-22,2019042201009734,CBBL,53,45,30,"1,013.00","30,390.00"
2019-04-22,2019042201009733,CBBL,34,45,470,"1,014.00","476,580.00"
2019-04-22,2019042201009474,CBBL,34,22,30,"1,014.00","30,420.00"
2019-04-22,2019042201009473,CBBL,58,22,20,"1,015.00","20,300.00"
2019-04-22,2019042201009472,CBBL,6,22,30,"1,015.00","30,450.00"
2019-04-22,2019042201009471,CBBL,58,22,20,"1,015.00","20,300.00"
2019-04-22,2019042201009645,CBBL,57,32,100,"1,015.00","101,500.00"
2019-04-22,2019042201009890,CBL,58,56,863,170.00,"146,710.00"
2019-04-22,2019042201009889,CBL,25,56,137,170.00,"23,290.00"
2019-04-22,2019042201009869,CBL,25,58,160,170.00,"27,200.00"
2019-04-22,2019042201009853,CBL,52,58,"1,000",171.00,"171,000.00"
2019-04-22,2019042201009814,CBL,18,58,82,171.00,"14,022.00"
2019-04-22,2019042201009813,CBL,18,26,918,171.00,"156,978.00"
2019-04-22,2019042201009435,CBL,59,7,150,170.00,"25,500.00"
2019-04-22,2019042201009434,CBL,45,7,50,170.00,"8,500.00"
2019-04-22,2019042201009433,CBL,1,7,300,170.00,"51,000.00"
2019-04-22,2019042201009494,CBL,58,29,100,170.00,"17,000.00"
2019-04-22,2019042201009493,CBL,36,29,"1,000",170.00,"170,000.00"
2019-04-22,2019042201009492,CBL,41,29,90,170.00,"15,300.00"
2019-04-22,2019042201009491,CBL,53,29,100,170.00,"17,000.00"
2019-04-22,2019042201009490,CBL,59,29,320,170.00,"54,400.00"
2019-04-22,2019042201009448,CBL,59,59,30,170.00,"5,100.00"
2019-04-22,2019042201009544,CBL,37,6,610,170.00,"103,700.00"
2019-04-22,2019042201009532,CBL,37,6,"1,000",170.00,"170,000.00"
2019-04-22,2019042201009523,CBL,37,29,890,170.00,"151,300.00"
2019-04-22,2019042201009522,CBL,1,29,"1,000",170.00,"170,000.00"
2019-04-22,2019042201009521,CBL,58,29,610,170.00,"103,700.00"
2019-04-22,2019042201009495,CBL,58,29,890,170.00,"151,300.00"
2019-04-22,2019042201009754,CBL,25,13,83,170.00,"14,110.00"
2019-04-22,2019042201009747,CBL,22,26,200,171.00,"34,200.00"
2019-04-22,2019042201009738,CBL,1,26,500,171.00,"85,500.00"
2019-04-22,2019042201009662,CBL,48,26,200,171.00,"34,200.00"
2019-04-22,2019042201009591,CBL,25,29,230,170.00,"39,100.00"
2019-04-22,2019042201009545,CBL,25,6,390,170.00,"66,300.00"
2019-04-22,2019042201009716,CCBL,34,25,"1,374",170.00,"233,580.00"
2019-04-22,2019042201009715,CCBL,44,25,"1,000",170.00,"170,000.00"
2019-04-22,2019042201009714,CCBL,57,25,100,170.00,"17,000.00"
2019-04-22,2019042201009713,CCBL,44,25,"1,000",171.00,"171,000.00"
2019-04-22,2019042201009712,CCBL,13,25,"1,000",171.00,"171,000.00"
2019-04-22,2019042201009711,CCBL,29,25,"1,000",171.00,"171,000.00"
2019-04-22,2019042201009517,CCBL,37,49,"1,000",171.00,"171,000.00"
2019-04-22,2019042201009506,CCBL,37,33,"1,033",171.00,"176,643.00"
2019-04-22,2019042201009497,CCBL,37,26,145,171.00,"24,795.00"
2019-04-22,2019042201009496,CCBL,44,26,355,171.00,"60,705.00"
2019-04-22,2019042201009462,CCBL,44,45,300,171.00,"51,300.00"
2019-04-22,2019042201009710,CCBL,45,25,30,171.00,"5,130.00"
2019-04-22,2019042201009709,CCBL,6,25,300,171.00,"51,300.00"
2019-04-22,2019042201009708,CCBL,45,25,500,171.00,"85,500.00"
2019-04-22,2019042201009707,CCBL,37,25,"1,310",171.00,"224,010.00"
2019-04-22,2019042201009663,CCBL,37,1,512,171.00,"87,552.00"
2019-04-22,2019042201009550,CCBL,37,51,"1,000",171.00,"171,000.00"
2019-04-22,2019042201009898,CHCL,17,25,50,517.00,"25,850.00"
2019-04-22,2019042201009916,CHLBS,34,41,10,500.00,"5,000.00"
2019-04-22,2019042201009886,CZBIL,1,8,10,225.00,"2,250.00"
2019-04-22,2019042201009846,CZBIL,1,43,182,225.00,"40,950.00"
2019-04-22,2019042201009845,CZBIL,57,43,500,225.00,"112,500.00"
2019-04-22,2019042201009844,CZBIL,20,43,140,225.00,"31,500.00"
2019-04-22,2019042201009843,CZBIL,49,43,178,226.00,"40,228.00"
2019-04-22,2019042201009816,CZBIL,49,45,122,226.00,"27,572.00"
2019-04-22,2019042201009611,CZBIL,42,13,250,225.00,"56,250.00"
2019-04-22,2019042201009610,CZBIL,51,13,600,225.00,"135,000.00"
2019-04-22,2019042201009617,CZBIL,20,13,60,225.00,"13,500.00"
2019-04-22,2019042201009616,CZBIL,22,13,200,225.00,"45,000.00"
2019-04-22,2019042201009615,CZBIL,54,13,150,225.00,"33,750.00"
2019-04-22,2019042201009614,CZBIL,42,13,200,225.00,"45,000.00"
2019-04-22,2019042201009613,CZBIL,58,13,50,225.00,"11,250.00"
2019-04-22,2019042201009612,CZBIL,38,13,100,225.00,"22,500.00"
2019-04-22,2019042201009795,CZBIL,22,45,78,226.00,"17,628.00"
2019-04-22,2019042201009794,CZBIL,22,45,10,226.00,"2,260.00"
2019-04-22,2019042201009748,CZBIL,22,44,12,226.00,"2,712.00"
2019-04-22,2019042201009725,CZBILP,42,45,"2,000",159.00,"318,000.00"
2019-04-22,2019042201009595,DBBL,1,59,300,127.00,"38,100.00"
2019-04-22,2019042201009594,DBBL,1,59,200,127.00,"25,400.00"
2019-04-22,2019042201009600,DDBL,25,33,450,680.00,"306,000.00"
2019-04-22,2019042201009526,DDBL,25,52,50,680.00,"34,000.00"
2019-04-22,2019042201009468,DDBL,25,33,212,685.00,"145,220.00"
2019-04-22,2019042201009463,DDBL,25,32,100,685.00,"68,500.00"
2019-04-22,2019042201009439,DDBL,25,53,188,685.00,"128,780.00"
2019-04-22,2019042201009438,DDBL,29,53,500,685.00,"342,500.00"
2019-04-22,2019042201009437,DDBL,53,53,12,686.00,"8,232.00"
2019-04-22,2019042201009457,EBL,33,29,100,666.00,"66,600.00"
2019-04-22,2019042201009619,EBL,45,50,200,655.00,"131,000.00"
2019-04-22,2019042201009570,EBL,46,32,200,652.00,"130,400.00"
2019-04-22,2019042201009460,EBL,48,29,500,664.00,"332,000.00"
2019-04-22,2019042201009459,EBL,48,29,50,665.00,"33,250.00"
2019-04-22,2019042201009458,EBL,39,29,100,665.00,"66,500.00"
2019-04-22,2019042201009696,EBL,5,6,100,651.00,"65,100.00"
2019-04-22,2019042201009646,EDBL,56,47,100,293.00,"29,300.00"
2019-04-22,2019042201009767,FMDBL,37,19,30,390.00,"11,700.00"
2019-04-22,2019042201009766,FMDBL,37,51,10,390.00,"3,900.00"
2019-04-22,2019042201009549,FMDBL,26,21,300,385.00,"115,500.00"
2019-04-22,2019042201009830,FOWAD,34,45,15,"1,560.00","23,400.00"
2019-04-22,2019042201009885,GBBL,47,1,150,202.00,"30,300.00"
2019-04-22,2019042201009884,GBBL,47,1,100,202.00,"20,200.00"
2019-04-22,2019042201009883,GBBL,47,1,100,202.00,"20,200.00"
2019-04-22,2019042201009882,GBBL,47,1,100,202.00,"20,200.00"
2019-04-22,2019042201009881,GBBL,47,1,100,202.00,"20,200.00"
2019-04-22,2019042201009880,GBBL,47,1,150,202.00,"30,300.00"
2019-04-22,2019042201009631,GBBL,39,32,100,203.00,"20,300.00"
2019-04-22,2019042201009879,GBBL,47,1,150,202.00,"30,300.00"
2019-04-22,2019042201009878,GBBL,47,1,150,202.00,"30,300.00"
2019-04-22,2019042201009820,GBBL,47,45,100,202.00,"20,200.00"
2019-04-22,2019042201009819,GBBL,47,45,100,202.00,"20,200.00"
2019-04-22,2019042201009818,GBBL,39,45,300,202.00,"60,600.00"
2019-04-22,2019042201009817,GBBL,43,45,500,202.00,"101,000.00"
2019-04-22,2019042201009892,GBIME,50,6,30,293.00,"8,790.00"
2019-04-22,2019042201009829,GBIME,57,55,600,292.00,"175,200.00"
2019-04-22,2019042201009828,GBIME,26,55,100,292.00,"29,200.00"
2019-04-22,2019042201009827,GBIME,34,55,200,292.00,"58,400.00"
2019-04-22,2019042201009826,GBIME,37,55,100,292.00,"29,200.00"
2019-04-22,2019042201009672,GBIME,54,6,100,293.00,"29,300.00"
2019-04-22,2019042201009671,GBIME,28,6,370,293.00,"108,410.00"
2019-04-22,2019042201009589,GBIME,39,56,100,294.00,"29,400.00"
2019-04-22,2019042201009792,GBLBS,19,26,10,347.00,"3,470.00"
2019-04-22,2019042201009525,GBLBS,57,59,300,347.00,"104,100.00"
2019-04-22,2019042201009524,GBLBS,1,59,200,347.00,"69,400.00"
2019-04-22,2019042201009729,GDBL,28,26,200,198.00,"39,600.00"
2019-04-22,2019042201009764,GLICL,42,50,230,534.00,"122,820.00"
2019-04-22,2019042201009650,GUFL,39,1,370,111.00,"41,070.00"
2019-04-22,2019042201009649,GUFL,49,1,120,111.00,"13,320.00"
2019-04-22,2019042201009428,HBL,52,1,50,555.00,"27,750.00"
2019-04-22,2019042201009852,HDL,25,4,10,"1,350.00","13,500.00"
2019-04-22,2019042201009851,HDL,6,4,10,"1,351.00","13,510.00"
2019-04-22,2019042201009850,HDL,33,4,10,"1,351.00","13,510.00"
2019-04-22,2019042201009575,HIDCL,32,46,72,139.00,"10,008.00"
2019-04-22,2019042201009632,ICFC,4,19,525,155.00,"81,375.00"
2019-04-22,2019042201009577,IGI,37,5,240,405.00,"97,200.00"
2019-04-22,2019042201009576,IGI,14,5,60,405.00,"24,300.00"
2019-04-22,2019042201009621,JBBL,42,59,500,139.00,"69,500.00"
2019-04-22,2019042201009855,JBNL,59,55,"1,000",191.00,"191,000.00"
2019-04-22,2019042201009604,JBNL,10,26,500,190.00,"95,000.00"
2019-04-22,2019042201009548,JBNL,10,55,500,190.00,"95,000.00"
2019-04-22,2019042201009489,JBNL,10,10,"20,737",190.00,"3,940,030.00"
2019-04-22,2019042201009488,JBNL,43,10,500,190.00,"95,000.00"
2019-04-22,2019042201009487,JBNL,52,10,200,190.00,"38,000.00"
2019-04-22,2019042201009486,JBNL,5,10,"1,000",190.00,"190,000.00"
2019-04-22,2019042201009485,JBNL,20,10,200,190.00,"38,000.00"
2019-04-22,2019042201009484,JBNL,10,10,"1,000",190.00,"190,000.00"
2019-04-22,2019042201009483,JBNL,38,10,100,190.00,"19,000.00"
2019-04-22,2019042201009848,KBL,48,11,348,224.00,"77,952.00"
2019-04-22,2019042201009765,KBL,20,54,200,224.00,"44,800.00"
2019-04-22,2019042201009686,KBL,58,10,350,224.00,"78,400.00"
2019-04-22,2019042201009685,KBL,50,10,650,224.00,"145,600.00"
2019-04-22,2019042201009419,KBL,47,32,200,225.00,"45,000.00"
2019-04-22,2019042201009752,KMCDB,55,48,50,765.00,"38,250.00"
2019-04-22,2019042201009751,KMCDB,17,48,30,765.00,"22,950.00"
2019-04-22,2019042201009750,KMCDB,22,48,10,766.00,"7,660.00"
2019-04-22,2019042201009749,KMCDB,5,48,300,766.00,"229,800.00"
2019-04-22,2019042201009769,KRBL,1,55,43,99.00,"4,257.00"
2019-04-22,2019042201009736,KSBBL,1,5,422,145.00,"61,190.00"
2019-04-22,2019042201009735,KSBBL,47,5,78,145.00,"11,310.00"
2019-04-22,2019042201009603,KSBBL,1,19,500,146.00,"73,000.00"
2019-04-22,2019042201009602,KSBBL,39,19,490,146.00,"71,540.00"
2019-04-22,2019042201009559,KSBBL,39,1,100,146.00,"14,600.00"
2019-04-22,2019042201009807,LBL,34,19,"1,000",226.00,"226,000.00"
2019-04-22,2019042201009806,LBL,32,19,110,226.00,"24,860.00"
2019-04-22,2019042201009590,LBL,36,40,100,227.00,"22,700.00"
2019-04-22,2019042201009565,LBL,36,29,500,227.00,"113,500.00"
2019-04-22,2019042201009558,LBL,36,52,400,227.00,"90,800.00"
2019-04-22,2019042201009557,LBL,49,52,100,227.00,"22,700.00"
2019-04-22,2019042201009539,LBL,49,52,50,227.00,"11,350.00"
2019-04-22,2019042201009520,LBL,49,52,500,227.00,"113,500.00"
2019-04-22,2019042201009519,LBL,49,52,350,227.00,"79,450.00"
2019-04-22,2019042201009670,LGIL,51,21,700,514.00,"359,800.00"
2019-04-22,2019042201009665,LGIL,51,17,50,514.00,"25,700.00"
2019-04-22,2019042201009543,LGIL,51,49,25,514.00,"12,850.00"
2019-04-22,2019042201009554,LLBS,16,38,265,805.00,"213,325.00"
2019-04-22,2019042201009553,LLBS,58,38,50,806.00,"40,300.00"
2019-04-22,2019042201009838,MBL,44,14,200,261.00,"52,200.00"
2019-04-22,2019042201009678,MBL,45,1,100,261.00,"26,100.00"
2019-04-22,2019042201009443,MBL,18,44,100,260.00,"26,000.00"
2019-04-22,2019042201009801,MEGA,50,14,280,178.00,"49,840.00"
2019-04-22,2019042201009800,MEGA,1,14,156,178.00,"27,768.00"
2019-04-22,2019042201009702,MEGA,1,25,400,178.00,"71,200.00"
2019-04-22,2019042201009701,MEGA,22,25,100,179.00,"17,900.00"
2019-04-22,2019042201009661,MEGA,39,14,104,179.00,"18,616.00"
2019-04-22,2019042201009642,MEGA,1,59,200,178.00,"35,600.00"
2019-04-22,2019042201009425,MEGA,11,25,100,178.00,"17,800.00"
2019-04-22,2019042201009424,MEGA,42,25,828,178.00,"147,384.00"
2019-04-22,2019042201009620,MEGA,1,14,800,179.00,"143,200.00"
2019-04-22,2019042201009596,MEGA,1,26,86,178.00,"15,308.00"
2019-04-22,2019042201009515,MEGA,1,26,86,178.00,"15,308.00"
2019-04-22,2019042201009510,MEGA,1,38,72,178.00,"12,816.00"
2019-04-22,2019042201009509,MEGA,11,38,928,178.00,"165,184.00"
2019-04-22,2019042201009426,MEGA,11,25,72,178.00,"12,816.00"
2019-04-22,2019042201009746,MHNL,40,32,39,92.00,"3,588.00"
2019-04-22,2019042201009726,MHNL,40,32,40,92.00,"3,680.00"
2019-04-22,2019042201009719,MHNL,40,32,40,92.00,"3,680.00"
2019-04-22,2019042201009498,MLBL,59,59,30,175.00,"5,250.00"
2019-04-22,2019042201009875,MMFDB,57,45,20,909.00,"18,180.00"
2019-04-22,2019042201009874,MMFDB,38,45,10,915.00,"9,150.00"
2019-04-22,2019042201009694,MNBBL,48,43,37,373.00,"13,801.00"
2019-04-22,2019042201009693,MNBBL,32,43,22,373.00,"8,206.00"
2019-04-22,2019042201009499,MNBBL,32,38,110,373.00,"41,030.00"
2019-04-22,2019042201009475,MNBBL,32,1,200,373.00,"74,600.00"
2019-04-22,2019042201009482,MPFL,39,49,140,139.00,"19,460.00"
2019-04-22,2019042201009666,MSLB,19,28,158,"1,230.00","194,340.00"
2019-04-22,2019042201009910,NABIL,42,7,100,870.00,"87,000.00"
2019-04-22,2019042201009624,NABIL,36,51,100,870.00,"87,000.00"
2019-04-22,2019042201009623,NABIL,45,51,100,870.00,"87,000.00"
2019-04-22,2019042201009581,NABIL,34,50,100,873.00,"87,300.00"
2019-04-22,2019042201009552,NABIL,59,17,40,879.00,"35,160.00"
2019-04-22,2019042201009551,NABIL,59,44,40,875.00,"35,000.00"
2019-04-22,2019042201009529,NABIL,39,44,100,875.00,"87,500.00"
2019-04-22,2019042201009480,NABIL,50,34,100,875.00,"87,500.00"
2019-04-22,2019042201009849,NABILP,58,34,50,817.00,"40,850.00"
2019-04-22,2019042201009626,NABILP,58,28,200,810.00,"162,000.00"
2019-04-22,2019042201009420,NADEP,51,38,90,544.00,"48,960.00"
2019-04-22,2019042201009821,NBB,57,32,"1,060",228.00,"241,680.00"
2019-04-22,2019042201009690,NBB,57,25,300,229.00,"68,700.00"
2019-04-22,2019042201009587,NBB,57,34,50,228.00,"11,400.00"
2019-04-22,2019042201009586,NBB,1,34,50,228.00,"11,400.00"
2019-04-22,2019042201009877,NBL,14,21,100,309.00,"30,900.00"
2019-04-22,2019042201009786,NBL,44,48,500,308.00,"154,000.00"
2019-04-22,2019042201009785,NBL,17,34,900,309.00,"278,100.00"
2019-04-22,2019042201009784,NBL,17,14,"1,000",309.00,"309,000.00"
2019-04-22,2019042201009783,NBL,17,14,389,309.00,"120,201.00"
2019-04-22,2019042201009706,NBL,14,14,611,309.00,"188,799.00"
2019-04-22,2019042201009705,NBL,14,49,389,309.00,"120,201.00"
2019-04-22,2019042201009597,NBL,56,49,111,309.00,"34,299.00"
2019-04-22,2019042201009470,NBL,44,38,200,308.00,"61,600.00"
2019-04-22,2019042201009469,NBL,44,43,"1,000",308.00,"308,000.00"
2019-04-22,2019042201009429,NBL,32,1,500,309.00,"154,500.00"
2019-04-22,2019042201009842,NCCB,20,42,75,230.00,"17,250.00"
2019-04-22,2019042201009841,NCCB,26,42,300,230.00,"69,000.00"
2019-04-22,2019042201009840,NCCB,32,42,300,230.00,"69,000.00"
2019-04-22,2019042201009839,NCCB,34,42,89,230.00,"20,470.00"
2019-04-22,2019042201009837,NCCB,34,36,"1,911",230.00,"439,530.00"
2019-04-22,2019042201009836,NCCB,34,36,"1,000",230.00,"230,000.00"
2019-04-22,2019042201009723,NCCB,1,32,500,230.00,"115,000.00"
2019-04-22,2019042201009722,NCCB,37,32,89,230.00,"20,470.00"
2019-04-22,2019042201009659,NCCB,32,45,300,231.00,"69,300.00"
2019-04-22,2019042201009658,NCCB,32,7,670,231.00,"154,770.00"
2019-04-22,2019042201009538,NCCB,37,1,200,230.00,"46,000.00"
2019-04-22,2019042201009835,NCCB,33,36,500,230.00,"115,000.00"
2019-04-22,2019042201009834,NCCB,16,36,"1,000",230.00,"230,000.00"
2019-04-22,2019042201009833,NCCB,16,36,"1,000",230.00,"230,000.00"
2019-04-22,2019042201009832,NCCB,7,36,89,230.00,"20,470.00"
2019-04-22,2019042201009825,NCCB,7,29,500,230.00,"115,000.00"
2019-04-22,2019042201009724,NCCB,7,32,911,230.00,"209,530.00"
2019-04-22,2019042201009903,NEF,16,47,724,8.10,"5,864.40"
2019-04-22,2019042201009918,NGPL,16,34,62,118.00,"7,316.00"
2019-04-22,2019042201009917,NGPL,1,34,11,118.00,"1,298.00"
2019-04-22,2019042201009687,NHPC,42,6,15,70.00,"1,050.00"
2019-04-22,2019042201009651,NIB,11,51,150,558.00,"83,700.00"
2019-04-22,2019042201009502,NIB,22,14,22,559.00,"12,298.00"
2019-04-22,2019042201009432,NIB,22,52,50,559.00,"27,950.00"
2019-04-22,2019042201009431,NIB,57,52,500,560.00,"280,000.00"
2019-04-22,2019042201009430,NIB,56,52,50,560.00,"28,000.00"
2019-04-22,2019042201009868,NICA,44,25,200,484.00,"96,800.00"
2019-04-22,2019042201009867,NICA,49,25,100,485.00,"48,500.00"
2019-04-22,2019042201009854,NICA,50,38,110,486.00,"53,460.00"
2019-04-22,2019042201009447,NICA,28,40,"1,000",485.00,"485,000.00"
2019-04-22,2019042201009446,NICA,51,40,100,486.00,"48,600.00"
2019-04-22,2019042201009445,NICA,55,40,31,486.00,"15,066.00"
2019-04-22,2019042201009423,NICA,55,36,969,486.00,"470,934.00"
2019-04-22,2019042201009422,NICA,57,36,20,487.00,"9,740.00"
2019-04-22,2019042201009421,NICA,28,36,11,487.00,"5,357.00"
2019-04-22,2019042201009822,NICGF,40,58,500,9.38,"4,690.00"
2019-04-22,2019042201009695,NICL,40,52,100,384.00,"38,400.00"
2019-04-22,2019042201009635,NICL,40,35,50,384.00,"19,200.00"
2019-04-22,2019042201009601,NICL,40,17,200,384.00,"76,800.00"
2019-04-22,2019042201009534,NICL,45,44,100,385.00,"38,500.00"
2019-04-22,2019042201009533,NICL,44,44,250,385.00,"96,250.00"
2019-04-22,2019042201009805,NIL,40,32,200,529.00,"105,800.00"
2019-04-22,2019042201009796,NIL,40,32,50,529.00,"26,450.00"
2019-04-22,2019042201009745,NIL,49,49,"5,000",530.00,"2,650,000.00"
2019-04-22,2019042201009513,NIL,41,29,72,528.00,"38,016.00"
2019-04-22,2019042201009512,NIL,51,29,528,528.00,"278,784.00"
2019-04-22,2019042201009505,NIL,51,43,472,528.00,"249,216.00"
2019-04-22,2019042201009504,NIL,28,43,108,528.00,"57,024.00"
2019-04-22,2019042201009503,NIL,41,43,440,529.00,"232,760.00"
2019-04-22,2019042201009477,NIL,41,4,60,529.00,"31,740.00"
2019-04-22,2019042201009476,NIL,41,4,30,529.00,"15,870.00"
2019-04-22,2019042201009793,NLIC,42,50,25,"1,135.00","28,375.00"
2019-04-22,2019042201009753,NLIC,28,21,44,"1,127.00","49,588.00"
2019-04-22,2019042201009588,NLIC,53,10,29,"1,130.00","32,770.00"
2019-04-22,2019042201009564,NLIC,52,44,17,"1,131.00","19,227.00"
2019-04-22,2019042201009562,NLIC,53,52,20,"1,130.00","22,600.00"
2019-04-22,2019042201009561,NLIC,57,52,80,"1,130.00","90,400.00"
2019-04-22,2019042201009528,NLIC,57,26,10,"1,130.00","11,300.00"
2019-04-22,2019042201009464,NLIC,57,14,50,"1,130.00","56,500.00"
2019-04-22,2019042201009452,NLIC,57,1,60,"1,130.00","67,800.00"
2019-04-22,2019042201009451,NLIC,42,1,40,"1,130.00","45,200.00"
2019-04-22,2019042201009450,NLIC,45,1,100,"1,130.00","113,000.00"
2019-04-22,2019042201009427,NLIC,41,44,83,"1,131.00","93,873.00"
2019-04-22,2019042201009902,NLICL,34,34,200,605.00,"121,000.00"
2019-04-22,2019042201009901,NLICL,38,34,300,605.00,"181,500.00"
2019-04-22,2019042201009900,NLICL,39,34,150,605.00,"90,750.00"
2019-04-22,2019042201009704,NLICL,39,42,300,605.00,"181,500.00"
2019-04-22,2019042201009888,NMB,49,47,150,380.00,"57,000.00"
2019-04-22,2019042201009866,NMB,54,7,100,378.00,"37,800.00"
2019-04-22,2019042201009808,NMB,54,41,200,378.00,"75,600.00"
2019-04-22,2019042201009798,NMB,54,45,16,378.00,"6,048.00"
2019-04-22,2019042201009768,NMB,36,47,100,380.00,"38,000.00"
2019-04-22,2019042201009757,NMB,54,57,246,378.00,"92,988.00"
2019-04-22,2019042201009691,NMB,54,38,300,378.00,"113,400.00"
2019-04-22,2019042201009599,NMB,54,47,65,378.00,"24,570.00"
2019-04-22,2019042201009479,NMB,54,44,66,378.00,"24,948.00"
2019-04-22,2019042201009478,NMB,39,44,134,378.00,"50,652.00"
2019-04-22,2019042201009809,NMBHF1,40,47,"2,699",9.52,"25,694.48"
2019-04-22,2019042201009773,NMBHF1,13,47,"1,462",9.56,"13,976.72"
2019-04-22,2019042201009679,NMBHF1,13,26,"11,038",9.56,"105,523.28"
2019-04-22,2019042201009717,NSEWA,45,50,10,470.00,"4,700.00"
2019-04-22,2019042201009660,NTC,59,7,25,695.00,"17,375.00"
2019-04-22,2019042201009644,NTC,49,36,200,690.00,"138,000.00"
2019-04-22,2019042201009673,OHL,35,16,90,461.00,"41,490.00"
2019-04-22,2019042201009763,PCBL,11,49,"1,000",345.00,"345,000.00"
2019-04-22,2019042201009762,PCBL,52,49,200,345.00,"69,000.00"
2019-04-22,2019042201009761,PCBL,41,49,500,345.00,"172,500.00"
2019-04-22,2019042201009760,PCBL,48,49,279,345.00,"96,255.00"
2019-04-22,2019042201009730,PCBL,48,4,427,345.00,"147,315.00"
2019-04-22,2019042201009675,PCBL,11,49,347,346.00,"120,062.00"
2019-04-22,2019042201009629,PCBL,48,47,10,345.00,"3,450.00"
2019-04-22,2019042201009569,PCBL,48,21,284,345.00,"97,980.00"
2019-04-22,2019042201009568,PCBL,35,21,116,345.00,"40,020.00"
2019-04-22,2019042201009467,PCBL,35,52,884,345.00,"304,980.00"
2019-04-22,2019042201009466,PCBL,41,52,16,345.00,"5,520.00"
2019-04-22,2019042201009465,PCBL,11,52,100,346.00,"34,600.00"
2019-04-22,2019042201009899,PICL,46,10,500,715.00,"357,500.00"
2019-04-22,2019042201009676,PICL,44,1,250,718.00,"179,500.00"
2019-04-22,2019042201009622,PICL,44,21,100,718.00,"71,800.00"
2019-04-22,2019042201009574,PICL,44,57,50,718.00,"35,900.00"
2019-04-22,2019042201009547,PICL,44,4,100,718.00,"71,800.00"
2019-04-22,2019042201009546,PICL,21,4,200,718.00,"143,600.00"
2019-04-22,2019042201009542,PICL,42,21,72,719.00,"51,768.00"
2019-04-22,2019042201009441,PICL,42,20,228,719.00,"163,932.00"
2019-04-22,2019042201009440,PICL,58,20,172,721.00,"124,012.00"
2019-04-22,2019042201009703,PLIC,28,58,90,477.00,"42,930.00"
2019-04-22,2019042201009700,PLIC,28,48,232,477.00,"110,664.00"
2019-04-22,2019042201009699,PLIC,58,48,368,477.00,"175,536.00"
2019-04-22,2019042201009689,PLIC,58,55,75,477.00,"35,775.00"
2019-04-22,2019042201009674,PLIC,58,55,75,477.00,"35,775.00"
2019-04-22,2019042201009540,PLIC,58,28,250,478.00,"119,500.00"
2019-04-22,2019042201009511,PLIC,58,34,250,478.00,"119,500.00"
2019-04-22,2019042201009664,PLIC,58,34,82,477.00,"39,114.00"
2019-04-22,2019042201009638,PLIC,58,57,200,477.00,"95,400.00"
2019-04-22,2019042201009598,PLIC,58,5,150,477.00,"71,550.00"
2019-04-22,2019042201009593,PLIC,58,28,200,477.00,"95,400.00"
2019-04-22,2019042201009567,PLIC,58,1,200,477.00,"95,400.00"
2019-04-22,2019042201009541,PLIC,58,28,468,477.00,"223,236.00"
2019-04-22,2019042201009556,PRIN,44,4,257,420.00,"107,940.00"
2019-04-22,2019042201009555,PRIN,53,4,175,420.00,"73,500.00"
2019-04-22,2019042201009873,PRVU,21,58,10,274.00,"2,740.00"
2019-04-22,2019042201009858,PRVU,55,43,60,272.00,"16,320.00"
2019-04-22,2019042201009823,PRVU,55,42,500,272.00,"136,000.00"
2019-04-22,2019042201009732,PRVU,46,36,500,273.00,"136,500.00"
2019-04-22,2019042201009728,PRVU,55,50,500,272.00,"136,000.00"
2019-04-22,2019042201009535,PRVU,47,32,100,273.00,"27,300.00"
2019-04-22,2019042201009449,PRVU,10,36,30,274.00,"8,220.00"
2019-04-22,2019042201009572,PRVU,28,6,230,273.00,"62,790.00"
2019-04-22,2019042201009571,PRVU,58,6,770,273.00,"210,210.00"
2019-04-22,2019042201009566,PRVU,58,58,500,273.00,"136,500.00"
2019-04-22,2019042201009563,PRVU,58,47,30,273.00,"8,190.00"
2019-04-22,2019042201009537,PRVU,58,32,700,273.00,"191,100.00"
2019-04-22,2019042201009536,PRVU,1,32,200,273.00,"54,600.00"
2019-04-22,2019042201009727,PRVU,55,41,200,272.00,"54,400.00"
2019-04-22,2019042201009698,PRVU,35,36,100,273.00,"27,300.00"
2019-04-22,2019042201009697,PRVU,28,36,170,273.00,"46,410.00"
2019-04-22,2019042201009625,PRVU,28,5,100,273.00,"27,300.00"
2019-04-22,2019042201009578,PRVU,28,6,"1,000",273.00,"273,000.00"
2019-04-22,2019042201009797,RRHP,58,26,10,91.00,910.00
2019-04-22,2019042201009904,SANIMA,49,13,200,340.00,"68,000.00"
2019-04-22,2019042201009891,SANIMA,49,43,34,339.00,"11,526.00"
2019-04-22,2019042201009876,SANIMA,49,57,500,339.00,"169,500.00"
2019-04-22,2019042201009894,SBI,6,38,36,488.00,"17,568.00"
2019-04-22,2019042201009893,SBI,48,38,100,488.00,"48,800.00"
2019-04-22,2019042201009531,SBI,35,21,100,493.00,"49,300.00"
2019-04-22,2019042201009530,SBI,35,29,890,493.00,"438,770.00"
2019-04-22,2019042201009824,SBL,50,22,75,345.00,"25,875.00"
2019-04-22,2019042201009637,SBL,28,40,100,344.00,"34,400.00"
2019-04-22,2019042201009636,SBL,52,40,200,344.00,"68,800.00"
2019-04-22,2019042201009580,SBL,52,25,800,344.00,"275,200.00"
2019-04-22,2019042201009579,SBL,53,25,100,344.00,"34,400.00"
2019-04-22,2019042201009518,SBL,28,38,638,345.00,"220,110.00"
2019-04-22,2019042201009804,SCB,37,26,86,710.00,"61,060.00"
2019-04-22,2019042201009803,SCB,26,26,32,710.00,"22,720.00"
2019-04-22,2019042201009802,SCB,26,26,10,710.00,"7,100.00"
2019-04-22,2019042201009756,SCB,5,11,100,718.00,"71,800.00"
2019-04-22,2019042201009755,SCB,5,33,376,715.00,"268,840.00"
2019-04-22,2019042201009744,SCB,26,41,58,710.00,"41,180.00"
2019-04-22,2019042201009461,SCB,56,7,10,719.00,"7,190.00"
2019-04-22,2019042201009584,SCB,42,44,200,718.00,"143,600.00"
2019-04-22,2019042201009583,SCB,58,44,90,718.00,"64,620.00"
2019-04-22,2019042201009582,SCB,58,50,100,718.00,"71,800.00"
2019-04-22,2019042201009560,SCB,58,26,10,718.00,"7,180.00"
2019-04-22,2019042201009527,SCB,56,22,152,719.00,"109,288.00"
2019-04-22,2019042201009516,SCB,56,58,48,719.00,"34,512.00"
2019-04-22,2019042201009630,SCB,56,26,10,717.00,"7,170.00"
2019-04-22,2019042201009609,SCB,56,57,310,717.00,"222,270.00"
2019-04-22,2019042201009608,SCB,56,57,100,717.00,"71,700.00"
2019-04-22,2019042201009607,SCB,56,57,200,717.00,"143,400.00"
2019-04-22,2019042201009606,SCB,17,57,390,717.00,"279,630.00"
2019-04-22,2019042201009585,SCB,17,44,110,717.00,"78,870.00"
2019-04-22,2019042201009653,SCB,4,33,86,716.00,"61,576.00"
2019-04-22,2019042201009652,SCB,45,33,100,717.00,"71,700.00"
2019-04-22,2019042201009648,SCB,4,22,214,716.00,"153,224.00"
2019-04-22,2019042201009647,SCB,56,22,36,717.00,"25,812.00"
2019-04-22,2019042201009643,SCB,56,6,200,717.00,"143,400.00"
2019-04-22,2019042201009634,SCB,56,25,444,717.00,"318,348.00"
2019-04-22,2019042201009680,SCB,35,25,490,711.00,"348,390.00"
2019-04-22,2019042201009669,SCB,35,26,10,711.00,"7,110.00"
2019-04-22,2019042201009657,SCB,35,33,300,715.00,"214,500.00"
2019-04-22,2019042201009656,SCB,17,33,150,715.00,"107,250.00"
2019-04-22,2019042201009655,SCB,34,33,20,715.00,"14,300.00"
2019-04-22,2019042201009654,SCB,45,33,600,715.00,"429,000.00"
2019-04-22,2019042201009743,SCB,26,41,100,710.00,"71,000.00"
2019-04-22,2019042201009742,SCB,25,41,30,710.00,"21,300.00"
2019-04-22,2019042201009741,SCB,56,41,20,710.00,"14,200.00"
2019-04-22,2019042201009740,SCB,42,41,42,710.00,"29,820.00"
2019-04-22,2019042201009739,SCB,22,41,50,711.00,"35,550.00"
2019-04-22,2019042201009681,SCB,42,25,530,710.00,"376,300.00"
2019-04-22,2019042201009683,SFFIL,59,39,10,228.00,"2,280.00"
2019-04-22,2019042201009782,SHINE,49,21,100,231.00,"23,100.00"
2019-04-22,2019042201009781,SHINE,38,21,100,231.00,"23,100.00"
2019-04-22,2019042201009780,SHINE,13,21,500,231.00,"115,500.00"
2019-04-22,2019042201009779,SHINE,16,21,"1,000",231.00,"231,000.00"
2019-04-22,2019042201009444,SHINE,33,28,82,234.00,"19,188.00"
2019-04-22,2019042201009778,SHINE,41,21,200,231.00,"46,200.00"
2019-04-22,2019042201009777,SHINE,59,21,200,231.00,"46,200.00"
2019-04-22,2019042201009776,SHINE,34,21,500,232.00,"116,000.00"
2019-04-22,2019042201009775,SHINE,16,21,500,232.00,"116,000.00"
2019-04-22,2019042201009774,SHINE,49,21,350,232.00,"81,200.00"
2019-04-22,2019042201009799,SHIVM,29,8,50,304.00,"15,200.00"
2019-04-22,2019042201009684,SHIVM,29,49,100,304.00,"30,400.00"
2019-04-22,2019042201009605,SHIVM,41,22,200,305.00,"61,000.00"
2019-04-22,2019042201009831,SHPC,40,38,334,228.00,"76,152.00"
2019-04-22,2019042201009668,SHPC,40,38,385,228.00,"87,780.00"
2019-04-22,2019042201009667,SHPC,7,38,65,229.00,"14,885.00"
2019-04-22,2019042201009641,SICL,6,6,50,895.00,"44,750.00"
2019-04-22,2019042201009640,SICL,6,34,17,895.00,"15,215.00"
2019-04-22,2019042201009639,SICL,6,34,190,895.00,"170,050.00"
2019-04-22,2019042201009909,SIL,8,43,80,605.00,"48,400.00"
2019-04-22,2019042201009908,SIL,52,43,200,606.00,"121,200.00"
2019-04-22,2019042201009907,SIL,10,43,100,607.00,"60,700.00"
2019-04-22,2019042201009906,SIL,13,43,120,608.00,"72,960.00"
2019-04-22,2019042201009677,SIL,13,17,50,608.00,"30,400.00"
2019-04-22,2019042201009456,SIL,13,4,330,608.00,"200,640.00"
2019-04-22,2019042201009455,SIL,44,4,50,608.00,"30,400.00"
2019-04-22,2019042201009454,SIL,35,4,200,609.00,"121,800.00"
2019-04-22,2019042201009453,SIL,38,4,20,609.00,"12,180.00"
2019-04-22,2019042201009791,SKBBL,42,45,192,969.00,"186,048.00"
2019-04-22,2019042201009790,SKBBL,39,45,50,970.00,"48,500.00"
2019-04-22,2019042201009789,SKBBL,21,45,100,973.00,"97,300.00"
2019-04-22,2019042201009788,SKBBL,55,45,50,973.00,"48,650.00"
2019-04-22,2019042201009787,SKBBL,49,45,50,974.00,"48,700.00"
2019-04-22,2019042201009692,SLBSL,18,6,10,651.00,"6,510.00"
2019-04-22,2019042201009887,SLICL,26,58,140,546.00,"76,440.00"
2019-04-22,2019042201009721,SLICL,26,16,68,546.00,"37,128.00"
2019-04-22,2019042201009720,SLICL,16,16,200,546.00,"109,200.00"
2019-04-22,2019042201009718,SLICL,42,44,25,550.00,"13,750.00"
2019-04-22,2019042201009815,SMB,59,26,10,573.00,"5,730.00"
2019-04-22,2019042201009857,SRBL,44,41,100,251.00,"25,100.00"
2019-04-22,2019042201009856,SRBL,58,41,100,251.00,"25,100.00"
2019-04-22,2019042201009688,SRBL,58,25,300,251.00,"75,300.00"
2019-04-22,2019042201009618,SRBL,44,38,"2,000",250.00,"500,000.00"
2019-04-22,2019042201009514,SRBL,44,17,257,250.00,"64,250.00"
2019-04-22,2019042201009871,UFL,46,36,"1,500",197.00,"295,500.00"
2019-04-22,2019042201009870,UFL,20,36,500,198.00,"99,000.00"
2019-04-22,2019042201009592,UIC,5,16,30,845.00,"25,350.00"
2019-04-22,2019042201009501,UIC,13,58,35,845.00,"29,575.00"
2019-04-22,2019042201009737,UPCL,59,8,90,91.00,"8,190.00"
2019-04-22,2019042201009905,UPPER,44,49,50,228.00,"11,400.00"
2019-04-22,2019042201009864,UPPER,21,44,20,229.00,"4,580.00"
2019-04-22,2019042201009863,UPPER,35,44,100,229.00,"22,900.00"
2019-04-22,2019042201009862,UPPER,45,44,560,229.00,"128,240.00"
2019-04-22,2019042201009861,UPPER,17,44,"1,000",229.00,"229,000.00"
2019-04-22,2019042201009860,UPPER,1,44,"1,000",229.00,"229,000.00"
2019-04-22,2019042201009573,UPPER,17,26,50,229.00,"11,450.00"
2019-04-22,2019042201009436,UPPER,17,6,50,229.00,"11,450.00"
2019-04-22,2019042201009859,UPPER,17,44,669,229.00,"153,201.00"
2019-04-22,2019042201009812,UPPER,33,47,10,231.00,"2,310.00"
2019-04-22,2019042201009811,UPPER,33,33,50,230.00,"11,500.00"
2019-04-22,2019042201009810,UPPER,33,29,40,230.00,"9,200.00"
2019-04-22,2019042201009731,UPPER,17,38,"1,000",229.00,"229,000.00"
2019-04-22,2019042201009682,UPPER,17,26,50,229.00,"11,450.00"
2019-04-22,2019042201009354,ADBL,14,46,50,337.00,"16,850.00"
2019-04-22,2019042201009229,ADBL,14,59,330,337.00,"111,210.00"
2019-04-22,2019042201009176,ADBL,14,7,265,337.00,"89,305.00"
2019-04-22,2019042201009043,ADBL,28,28,105,341.00,"35,805.00"
2019-04-22,2019042201009329,ALBSL,17,34,10,471.00,"4,710.00"
2019-04-22,2019042201009297,ALBSL,17,34,10,471.00,"4,710.00"
2019-04-22,2019042201009041,ALBSL,17,32,10,471.00,"4,710.00"
2019-04-22,2019042201009000,ALBSL,17,32,10,471.00,"4,710.00"
2019-04-22,2019042201009144,ALICL,29,48,100,420.00,"42,000.00"
2019-04-22,2019042201009121,ALICL,29,48,100,420.00,"42,000.00"
2019-04-22,2019042201009283,AMFI,41,34,10,607.00,"6,070.00"
2019-04-22,2019042201009282,AMFI,41,32,10,607.00,"6,070.00"
2019-04-22,2019042201009260,AMFI,41,34,10,607.00,"6,070.00"
2019-04-22,2019042201009218,AMFI,41,34,20,607.00,"12,140.00"
2019-04-22,2019042201009188,AMFI,41,34,10,607.00,"6,070.00"
2019-04-22,2019042201009155,AMFI,41,34,10,607.00,"6,070.00"
2019-04-22,2019042201009394,BOKL,45,51,200,279.00,"55,800.00"
2019-04-22,2019042201009255,BOKL,54,51,100,279.00,"27,900.00"
2019-04-22,2019042201009232,BOKL,17,49,200,280.00,"56,000.00"
2019-04-22,2019042201009231,BOKL,17,22,500,280.00,"140,000.00"
2019-04-22,2019042201009230,BOKL,17,39,70,280.00,"19,600.00"
2019-04-22,2019042201009216,BOKL,16,19,500,278.00,"139,000.00"
2019-04-22,2019042201008949,BOKL,49,40,300,278.00,"83,400.00"
2019-04-22,2019042201009159,BPCL,41,6,11,362.00,"3,982.00"
2019-04-22,2019042201009415,CBL,39,26,100,171.00,"17,100.00"
2019-04-22,2019042201009393,CBL,1,45,200,170.00,"34,000.00"
2019-04-22,2019042201009392,CBL,26,45,100,170.00,"17,000.00"
2019-04-22,2019042201009380,CBL,26,22,50,170.00,"8,500.00"
2019-04-22,2019042201009373,CBL,1,26,100,171.00,"17,100.00"
2019-04-22,2019042201009372,CBL,52,26,35,171.00,"5,985.00"
2019-04-22,2019042201008938,CBL,58,21,100,171.00,"17,100.00"
2019-04-22,2019042201008932,CBL,58,58,580,171.00,"99,180.00"
2019-04-22,2019042201008931,CBL,36,58,420,171.00,"71,820.00"
2019-04-22,2019042201009174,CBL,1,22,200,172.00,"34,400.00"
2019-04-22,2019042201009134,CBL,34,57,731,171.00,"125,001.00"
2019-04-22,2019042201009087,CBL,34,28,284,171.00,"48,564.00"
2019-04-22,2019042201009086,CBL,58,28,216,171.00,"36,936.00"
2019-04-22,2019042201009035,CBL,58,49,104,171.00,"17,784.00"
2019-04-22,2019042201008985,CBL,58,43,"1,000",171.00,"171,000.00"
2019-04-22,2019042201009361,CBL,52,49,165,171.00,"28,215.00"
2019-04-22,2019042201009360,CBL,44,49,"1,000",171.00,"171,000.00"
2019-04-22,2019042201009359,CBL,29,49,400,171.00,"68,400.00"
2019-04-22,2019042201009358,CBL,34,49,435,171.00,"74,385.00"
2019-04-22,2019042201009248,CBL,34,17,50,171.00,"8,550.00"
2019-04-22,2019042201009189,CBL,34,28,500,171.00,"85,500.00"
2019-04-22,2019042201009350,CCBL,44,6,145,171.00,"24,795.00"
2019-04-22,2019042201009349,CCBL,16,6,955,171.00,"163,305.00"
2019-04-22,2019042201009225,CCBL,16,53,50,171.00,"8,550.00"
2019-04-22,2019042201009014,CCBL,52,29,30,173.00,"5,190.00"
2019-04-22,2019042201009114,CHCL,49,39,38,516.00,"19,608.00"
2019-04-22,2019042201009093,CHCL,49,59,38,516.00,"19,608.00"
2019-04-22,2019042201009092,CHCL,4,59,100,516.00,"51,600.00"
2019-04-22,2019042201009091,CHCL,41,59,62,517.00,"32,054.00"
2019-04-22,2019042201008973,CHCL,41,16,238,517.00,"123,046.00"
2019-04-22,2019042201008972,CHCL,57,16,12,518.00,"6,216.00"
2019-04-22,2019042201009324,CHLBS,52,57,10,495.00,"4,950.00"
2019-04-22,2019042201009292,CHLBS,52,4,10,495.00,"4,950.00"
2019-04-22,2019042201009261,CHLBS,52,4,10,495.00,"4,950.00"
2019-04-22,2019042201009183,CHLBS,52,6,10,495.00,"4,950.00"
2019-04-22,2019042201009069,CHLBS,42,35,100,500.00,"50,000.00"
2019-04-22,2019042201009068,CHLBS,19,35,360,501.00,"180,360.00"
2019-04-22,2019042201009019,CHLBS,19,25,130,501.00,"65,130.00"
2019-04-22,2019042201009018,CHLBS,35,25,40,502.00,"20,080.00"
2019-04-22,2019042201008971,CHLBS,35,19,10,502.00,"5,020.00"
2019-04-22,2019042201009264,CZBIL,44,53,390,226.00,"88,140.00"
2019-04-22,2019042201009192,CZBIL,44,33,10,226.00,"2,260.00"
2019-04-22,2019042201008930,CZBIL,51,6,400,225.00,"90,000.00"
2019-04-22,2019042201008929,CZBIL,39,6,110,225.00,"24,750.00"
2019-04-22,2019042201008928,CZBIL,34,6,490,225.00,"110,250.00"
2019-04-22,2019042201009220,DDBL,53,25,38,686.00,"26,068.00"
2019-04-22,2019042201009104,DDBL,49,25,62,687.00,"42,594.00"
2019-04-22,2019042201009017,DDBL,49,19,171,687.00,"117,477.00"
2019-04-22,2019042201009016,DDBL,49,52,50,687.00,"34,350.00"
2019-04-22,2019042201008982,DDBL,49,33,156,687.00,"107,172.00"
2019-04-22,2019042201009409,EBL,46,29,200,667.00,"133,400.00"
2019-04-22,2019042201009408,EBL,41,29,100,667.00,"66,700.00"
2019-04-22,2019042201009407,EBL,4,29,283,667.00,"188,761.00"
2019-04-22,2019042201009042,EBL,32,6,344,670.00,"230,480.00"
2019-04-22,2019042201009010,EBL,32,28,60,670.00,"40,200.00"
2019-04-22,2019042201009009,EBL,51,28,50,671.00,"33,550.00"
2019-04-22,2019042201009008,EBL,59,28,90,671.00,"60,390.00"
2019-04-22,2019042201009006,EBL,59,40,30,671.00,"20,130.00"
2019-04-22,2019042201009193,EBL,45,41,209,670.00,"140,030.00"
2019-04-22,2019042201009187,EBL,45,45,104,670.00,"69,680.00"
2019-04-22,2019042201009186,EBL,1,45,200,670.00,"134,000.00"
2019-04-22,2019042201009185,EBL,32,45,96,670.00,"64,320.00"
2019-04-22,2019042201009085,EBL,32,49,700,672.00,"470,400.00"
2019-04-22,2019042201009253,EBL,41,4,200,670.00,"134,000.00"
2019-04-22,2019042201009252,EBL,47,4,500,670.00,"335,000.00"
2019-04-22,2019042201009251,EBL,45,4,487,670.00,"326,290.00"
2019-04-22,2019042201009239,EBL,45,1,200,670.00,"134,000.00"
2019-04-22,2019042201009351,EBL,59,4,100,670.00,"67,000.00"
2019-04-22,2019042201009296,EBL,48,21,200,668.00,"133,600.00"
2019-04-22,2019042201009286,EBL,48,39,50,668.00,"33,400.00"
2019-04-22,2019042201009280,EBL,48,17,100,668.00,"66,800.00"
2019-04-22,2019042201009254,EBL,11,4,50,670.00,"33,500.00"
2019-04-22,2019042201009377,EBL,43,1,50,667.00,"33,350.00"
2019-04-22,2019042201009376,EBL,48,1,150,668.00,"100,200.00"
2019-04-22,2019042201009151,FMDBL,49,21,500,385.00,"192,500.00"
2019-04-22,2019042201009366,GBBL,19,14,500,202.00,"101,000.00"
2019-04-22,2019042201009365,GBBL,59,14,500,202.00,"101,000.00"
2019-04-22,2019042201009277,GBBL,59,34,500,202.00,"101,000.00"
2019-04-22,2019042201009276,GBBL,4,34,500,202.00,"101,000.00"
2019-04-22,2019042201009275,GBBL,32,34,500,203.00,"101,500.00"
2019-04-22,2019042201009274,GBBL,39,34,"1,000",203.00,"203,000.00"
2019-04-22,2019042201009273,GBBL,22,34,"1,000",203.00,"203,000.00"
2019-04-22,2019042201009272,GBBL,19,34,500,203.00,"101,500.00"
2019-04-22,2019042201009271,GBBL,13,34,500,203.00,"101,500.00"
2019-04-22,2019042201009145,GBBL,36,26,260,204.00,"53,040.00"
2019-04-22,2019042201008979,GBBL,36,32,100,204.00,"20,400.00"
2019-04-22,2019042201009116,GBIME,28,50,100,293.00,"29,300.00"
2019-04-22,2019042201009004,GBIME,28,32,100,293.00,"29,300.00"
